  <div class='ocr_page' id='page_1' title='image "/cluster/home/n/w/nwhite01/storage/ocr_20150623/125/pst.000005714407/562.png"; bbox 0 0 4082 6342; ppageno 0'>
   <div class='ocr_carea' id='block_1_1' title="bbox 143 396 296 477">
    <p class='ocr_par' dir='ltr' id='par_1_1' title="bbox 143 396 296 477">
     <span class='ocr_line' id='line_1_1' title="bbox 143 396 296 477; baseline 0.007 -2"><span class='ocrx_word' id='word_1_1' title='bbox 143 396 296 477; x_wconf 72' lang='grc' dir='ltr'><strong>1οἰ5</strong></span> 
     </span>
    </p>
   </div>
   <div class='ocr_carea' id='block_1_2' title="bbox 222 617 1716 688">
    <p class='ocr_par' dir='ltr' id='par_1_2' title="bbox 222 617 1716 688">
     <span class='ocr_line' id='line_1_2' title="bbox 222 617 1716 688; baseline 0 -18"><span class='ocrx_word' id='word_1_2' title='bbox 222 619 434 671; x_wconf 81' lang='grc' dir='ltr'>Ἕνεκα</span> <span class='ocrx_word' id='word_1_3' title='bbox 464 618 665 670; x_wconf 65' lang='grc' dir='ltr'>τούτων</span> <span class='ocrx_word' id='word_1_4' title='bbox 691 658 705 681; x_wconf 95' lang='grc'><strong>,</strong></span> <span class='ocrx_word' id='word_1_5' title='bbox 747 619 988 671; x_wconf 80' lang='grc' dir='ltr'>Ἰουδαῖοί</span> <span class='ocrx_word' id='word_1_6' title='bbox 1032 637 1097 688; x_wconf 88' lang='grc' dir='ltr'><strong>με</strong></span> <span class='ocrx_word' id='word_1_7' title='bbox 1129 617 1540 688; x_wconf 70' lang='grc' dir='ltr'>ωλλαὸόμενοι,</span> <span class='ocrx_word' id='word_1_8' title='bbox 1588 620 1716 670; x_wconf 72' lang='grc' dir='ltr'>ὄντα</span> 
     </span>
    </p>
   </div>
   <div class='ocr_carea' id='block_1_3' title="bbox 145 711 1718 782">
    <p class='ocr_par' dir='ltr' id='par_1_3' title="bbox 145 711 1718 782">
     <span class='ocr_line' id='line_1_3' title="bbox 145 711 1718 782; baseline -0.002 -19"><span class='ocrx_word' id='word_1_9' title='bbox 145 713 208 763; x_wconf 78' lang='grc' dir='ltr'>ὲν</span> <span class='ocrx_word' id='word_1_10' title='bbox 232 711 320 781; x_wconf 82' lang='grc' dir='ltr'>τῷ</span> <span class='ocrx_word' id='word_1_11' title='bbox 348 711 496 781; x_wconf 84' lang='grc' dir='ltr'>ἱερῷ,</span> <span class='ocrx_word' id='word_1_12' title='bbox 532 711 828 782; x_wconf 75' lang='grc' dir='ltr'>ἐπειρῶντο</span> <span class='ocrx_word' id='word_1_13' title='bbox 859 711 1315 782; x_wconf 84' lang='grc' dir='ltr'>διαχειρίσασθαι.</span> <span class='ocrx_word' id='word_1_14' title='bbox 1371 711 1718 779; x_wconf 81' lang='grc' dir='ltr'>Ἑπικουρίας</span> 
     </span>
    </p>
   </div>
   <div class='ocr_carea' id='block_1_4' title="bbox 145 801 1722 874">
    <p class='ocr_par' dir='ltr' id='par_1_4' title="bbox 145 801 1722 874">
     <span class='ocr_line' id='line_1_4' title="bbox 145 801 1722 874; baseline 0.003 -21"><span class='ocrx_word' id='word_1_15' title='bbox 145 801 246 856; x_wconf 71' lang='grc' dir='ltr'><strong>οὖν</strong></span> <span class='ocrx_word' id='word_1_16' title='bbox 271 802 452 873; x_wconf 84' lang='grc' dir='ltr'>τυχὼν</span> <span class='ocrx_word' id='word_1_17' title='bbox 486 803 583 874; x_wconf 85' lang='grc' dir='ltr'><strong>τῆς</strong></span> <span class='ocrx_word' id='word_1_18' title='bbox 607 803 714 856; x_wconf 86' lang='grc' dir='ltr'><strong>ἀπὸ</strong></span> <span class='ocrx_word' id='word_1_19' title='bbox 739 801 832 855; x_wconf 87' lang='grc' dir='ltr'><strong>τοῦ</strong></span> <span class='ocrx_word' id='word_1_20' title='bbox 869 801 1027 869; x_wconf 87' lang='grc' dir='ltr'>Θεοῦ,</span> <span class='ocrx_word' id='word_1_21' title='bbox 1066 803 1193 874; x_wconf 79' lang='grc' dir='ltr'>ἄχρι</span> <span class='ocrx_word' id='word_1_22' title='bbox 1221 804 1317 874; x_wconf 84' lang='grc' dir='ltr'><strong>τῆς</strong></span> <span class='ocrx_word' id='word_1_23' title='bbox 1348 803 1557 874; x_wconf 77' lang='grc' dir='ltr'>ἡμέρας</span> <span class='ocrx_word' id='word_1_24' title='bbox 1585 801 1722 857; x_wconf 67' lang='grc' dir='ltr'>ταῦτ</span> 
     </span>
    </p>
   </div>
   <div class='ocr_carea' id='block_1_5' title="bbox 146 891 1720 964">
    <p class='ocr_par' dir='ltr' id='par_1_5' title="bbox 146 891 1720 964">
     <span class='ocr_line' id='line_1_5' title="bbox 146 891 1720 964; baseline -0.003 -20"><span class='ocrx_word' id='word_1_25' title='bbox 146 910 255 962; x_wconf 82' lang='grc' dir='ltr'><strong>της</strong></span> <span class='ocrx_word' id='word_1_26' title='bbox 295 893 506 962; x_wconf 70' lang='grc' dir='ltr'>ἕστηκα</span> <span class='ocrx_word' id='word_1_27' title='bbox 553 891 993 962; x_wconf 81' lang='grc' dir='ltr'>μαρτυρούμενος</span> <span class='ocrx_word' id='word_1_28' title='bbox 1036 892 1216 964; x_wconf 86' lang='grc' dir='ltr'>μικρῷ</span> <span class='ocrx_word' id='word_1_29' title='bbox 1248 910 1306 943; x_wconf 89' lang='grc' dir='ltr'><strong>τε</strong></span> <span class='ocrx_word' id='word_1_30' title='bbox 1343 893 1434 944; x_wconf 75' lang='grc' dir='ltr'>καὶ</span> <span class='ocrx_word' id='word_1_31' title='bbox 1466 891 1720 962; x_wconf 76' lang='grc' dir='ltr'>μεγάλῳ·</span> 
     </span>
    </p>
   </div>
   <div class='ocr_carea' id='block_1_6' title="bbox 150 979 1723 1054">
    <p class='ocr_par' dir='ltr' id='par_1_6' title="bbox 150 979 1723 1054">
     <span class='ocr_line' id='line_1_6' title="bbox 150 979 1723 1054; baseline -0.002 -20"><span class='ocrx_word' id='word_1_32' title='bbox 150 985 318 1037; x_wconf 77' lang='grc' dir='ltr'>οὐδὲν</span> <span class='ocrx_word' id='word_1_33' title='bbox 365 985 520 1047; x_wconf 76' lang='grc' dir='ltr'>έκτὸς</span> <span class='ocrx_word' id='word_1_34' title='bbox 573 983 771 1051; x_wconf 83' lang='grc' dir='ltr'>λέγων,</span> <span class='ocrx_word' id='word_1_35' title='bbox 808 979 883 1036; x_wconf 83' lang='grc' dir='ltr'>ὧν</span> <span class='ocrx_word' id='word_1_36' title='bbox 922 1000 980 1036; x_wconf 90' lang='grc' dir='ltr'><strong>τε</strong></span> <span class='ocrx_word' id='word_1_37' title='bbox 1026 985 1074 1035; x_wconf 78' lang='grc' dir='ltr'>οἱ</span> <span class='ocrx_word' id='word_1_38' title='bbox 1126 984 1402 1054; x_wconf 81' lang='grc' dir='ltr'><strong>προφῆται</strong></span> <span class='ocrx_word' id='word_1_39' title='bbox 1455 981 1723 1051; x_wconf 74' lang='grc' dir='ltr'>ἐλάλησαν</span> 
     </span>
    </p>
   </div>
   <div class='ocr_carea' id='block_1_7' title="bbox 155 1068 1724 1144">
    <p class='ocr_par' dir='ltr' id='par_1_7' title="bbox 155 1068 1724 1144">
     <span class='ocr_line' id='line_1_7' title="bbox 155 1068 1724 1144; baseline -0.001 -18"><span class='ocrx_word' id='word_1_40' title='bbox 155 1076 474 1143; x_wconf 80' lang='grc' dir='ltr'><strong>μελλόντων</strong></span> <span class='ocrx_word' id='word_1_41' title='bbox 526 1074 787 1142; x_wconf 79' lang='grc' dir='ltr'>γίνεσθαι,</span> <span class='ocrx_word' id='word_1_42' title='bbox 840 1077 932 1128; x_wconf 78' lang='grc' dir='ltr'>καὶ</span> <span class='ocrx_word' id='word_1_43' title='bbox 982 1068 1223 1144; x_wconf 84' lang='grc' dir='ltr'>Μωῦσῆς</span> <span class='ocrx_word' id='word_1_44' title='bbox 1253 1114 1268 1140; x_wconf 97' lang='grc'><strong>,</strong></span> <span class='ocrx_word' id='word_1_45' title='bbox 1310 1076 1358 1126; x_wconf 84' lang='grc' dir='ltr'><strong>εί</strong></span> <span class='ocrx_word' id='word_1_46' title='bbox 1411 1073 1647 1143; x_wconf 84' lang='grc' dir='ltr'>παθητὸς</span> <span class='ocrx_word' id='word_1_47' title='bbox 1693 1073 1724 1125; x_wconf 87' lang='lat'><strong>6</strong></span> 
     </span>
    </p>
   </div>
   <div class='ocr_carea' id='block_1_8' title="bbox 155 1164 1725 1237">
    <p class='ocr_par' dir='ltr' id='par_1_8' title="bbox 155 1164 1725 1237">
     <span class='ocr_line' id='line_1_8' title="bbox 155 1164 1725 1237; baseline -0.003 -18"><span class='ocrx_word' id='word_1_48' title='bbox 155 1168 436 1236; x_wconf 82' lang='grc' dir='ltr'>Χριστὸς,</span> <span class='ocrx_word' id='word_1_49' title='bbox 484 1169 531 1220; x_wconf 84' lang='grc' dir='ltr'><strong>εί</strong></span> <span class='ocrx_word' id='word_1_50' title='bbox 580 1166 790 1237; x_wconf 87' lang='grc' dir='ltr'>πρῶτος</span> <span class='ocrx_word' id='word_1_51' title='bbox 822 1166 881 1230; x_wconf 71' lang='grc' dir='ltr'><strong>ἒξ</strong></span> <span class='ocrx_word' id='word_1_52' title='bbox 914 1167 1259 1229; x_wconf 81' lang='grc' dir='ltr'><strong>ἀναστάσεως</strong></span> <span class='ocrx_word' id='word_1_53' title='bbox 1309 1165 1551 1235; x_wconf 79' lang='grc' dir='ltr'>νεκρῶν,</span> <span class='ocrx_word' id='word_1_54' title='bbox 1611 1164 1725 1232; x_wconf 81' lang='grc' dir='ltr'>φῶς</span> 
     </span>
    </p>
   </div>
   <div class='ocr_carea' id='block_1_9' title="bbox 161 1256 1722 1328">
    <p class='ocr_par' dir='ltr' id='par_1_9' title="bbox 161 1256 1722 1328">
     <span class='ocr_line' id='line_1_9' title="bbox 161 1256 1722 1328; baseline -0.001 -17"><span class='ocrx_word' id='word_1_55' title='bbox 161 1259 357 1325; x_wconf 78' lang='grc' dir='ltr'><strong>μέλλει</strong></span> <span class='ocrx_word' id='word_1_56' title='bbox 415 1257 799 1324; x_wconf 77' lang='grc' dir='ltr'><strong>καταγγέλλειν</strong></span> <span class='ocrx_word' id='word_1_57' title='bbox 845 1257 920 1328; x_wconf 84' lang='grc' dir='ltr'>τῷ</span> <span class='ocrx_word' id='word_1_58' title='bbox 963 1275 1022 1309; x_wconf 91' lang='grc' dir='ltr'><strong>τε</strong></span> <span class='ocrx_word' id='word_1_59' title='bbox 1076 1257 1191 1327; x_wconf 86' lang='grc' dir='ltr'>λαῷ</span> <span class='ocrx_word' id='word_1_60' title='bbox 1236 1258 1331 1309; x_wconf 75' lang='grc' dir='ltr'>καὶ</span> <span class='ocrx_word' id='word_1_61' title='bbox 1367 1259 1479 1319; x_wconf 87' lang='grc' dir='ltr'>τοῖς</span> <span class='ocrx_word' id='word_1_62' title='bbox 1523 1256 1722 1309; x_wconf 76' lang='grc' dir='ltr'>ἔθνεσι.</span> 
     </span>
    </p>
   </div>
   <div class='ocr_carea' id='block_1_10' title="bbox 157 1347 1725 1417">
    <p class='ocr_par' dir='ltr' id='par_1_10' title="bbox 157 1347 1725 1417">
     <span class='ocr_line' id='line_1_10' title="bbox 157 1347 1725 1417; baseline 0.001 -19"><span class='ocrx_word' id='word_1_63' title='bbox 157 1348 354 1401; x_wconf 83' lang='grc' dir='ltr'>Ταῦτα</span> <span class='ocrx_word' id='word_1_64' title='bbox 381 1349 440 1400; x_wconf 73' lang='grc' dir='ltr'>δὲ</span> <span class='ocrx_word' id='word_1_65' title='bbox 465 1347 628 1400; x_wconf 79' lang='grc' dir='ltr'>αὐτοῦ</span> <span class='ocrx_word' id='word_1_66' title='bbox 653 1348 1115 1417; x_wconf 81' lang='grc' dir='ltr'><strong>ἀπολογουμένου,</strong></span> <span class='ocrx_word' id='word_1_67' title='bbox 1148 1351 1175 1401; x_wconf 91' lang='lat'><strong>6</strong></span> <span class='ocrx_word' id='word_1_68' title='bbox 1197 1349 1401 1416; x_wconf 82' lang='grc' dir='ltr'>Φῆστος</span> <span class='ocrx_word' id='word_1_69' title='bbox 1434 1347 1641 1416; x_wconf 79' lang='grc' dir='ltr'>μεγάλῃ</span> <span class='ocrx_word' id='word_1_70' title='bbox 1661 1349 1725 1416; x_wconf 83' lang='grc' dir='ltr'>τῇ</span> 
     </span>
    </p>
   </div>
   <div class='ocr_carea' id='block_1_11' title="bbox 159 1436 1729 1508">
    <p class='ocr_par' dir='ltr' id='par_1_11' title="bbox 159 1436 1729 1508">
     <span class='ocr_line' id='line_1_11' title="bbox 159 1436 1729 1508; baseline -0.001 -18"><span class='ocrx_word' id='word_1_71' title='bbox 159 1441 322 1508; x_wconf 76' lang='grc' dir='ltr'><strong>φωνῇ</strong></span> <span class='ocrx_word' id='word_1_72' title='bbox 355 1454 491 1508; x_wconf 77' lang='grc' dir='ltr'>φησι</span> <span class='ocrx_word' id='word_1_73' title='bbox 512 1455 524 1468; x_wconf 95' lang='grc'><strong>·</strong></span> <span class='ocrx_word' id='word_1_74' title='bbox 562 1436 766 1506; x_wconf 85' lang='grc' dir='ltr'>Μαίνῃ,</span> <span class='ocrx_word' id='word_1_75' title='bbox 800 1437 978 1491; x_wconf 84' lang='grc' dir='ltr'>Παῦλε</span> <span class='ocrx_word' id='word_1_76' title='bbox 1000 1452 1014 1467; x_wconf 82' lang='lat'><strong>&#39;</strong></span> <span class='ocrx_word' id='word_1_77' title='bbox 1047 1438 1112 1490; x_wconf 86' lang='grc' dir='ltr'>τὰ</span> <span class='ocrx_word' id='word_1_78' title='bbox 1138 1437 1306 1490; x_wconf 88' lang='grc' dir='ltr'>πολλά</span> <span class='ocrx_word' id='word_1_79' title='bbox 1337 1455 1391 1490; x_wconf 87' lang='grc' dir='ltr'><strong>σε</strong></span> <span class='ocrx_word' id='word_1_80' title='bbox 1428 1437 1729 1507; x_wconf 88' lang='grc' dir='ltr'>γράμματα</span> 
     </span>
    </p>
   </div>
   <div class='ocr_carea' id='block_1_12' title="bbox 161 1528 1726 1599">
    <p class='ocr_par' dir='ltr' id='par_1_12' title="bbox 161 1528 1726 1599">
     <span class='ocr_line' id='line_1_12' title="bbox 161 1528 1726 1599; baseline 0.001 -20"><span class='ocrx_word' id='word_1_81' title='bbox 161 1531 243 1590; x_wconf 75' lang='grc' dir='ltr'>εἰς</span> <span class='ocrx_word' id='word_1_82' title='bbox 283 1528 478 1598; x_wconf 81' lang='grc' dir='ltr'>μανίαν</span> <span class='ocrx_word' id='word_1_83' title='bbox 513 1528 854 1599; x_wconf 81' lang='grc' dir='ltr'>περιτρέπει.</span> <span class='ocrx_word' id='word_1_84' title='bbox 897 1529 954 1582; x_wconf 85' lang='grc' dir='ltr'><strong>Ὀ</strong></span> <span class='ocrx_word' id='word_1_85' title='bbox 984 1529 1038 1582; x_wconf 78' lang='grc' dir='ltr'><strong>δὲ</strong></span> <span class='ocrx_word' id='word_1_86' title='bbox 1073 1529 1310 1594; x_wconf 81' lang='grc' dir='ltr'>Παῦλος,</span> <span class='ocrx_word' id='word_1_87' title='bbox 1346 1529 1419 1582; x_wconf 79' lang='grc' dir='ltr'><strong>Οὐ</strong></span> <span class='ocrx_word' id='word_1_88' title='bbox 1447 1528 1726 1598; x_wconf 89' lang='grc' dir='ltr'>μαίνομαι,</span> 
     </span>
    </p>
   </div>
   <div class='ocr_carea' id='block_1_13' title="bbox 162 1619 1730 1690">
    <p class='ocr_par' dir='ltr' id='par_1_13' title="bbox 162 1619 1730 1690">
     <span class='ocr_line' id='line_1_13' title="bbox 162 1619 1730 1690; baseline 0 -19"><span class='ocrx_word' id='word_1_89' title='bbox 162 1621 326 1687; x_wconf 79' lang='grc' dir='ltr'>φησὶ,</span> <span class='ocrx_word' id='word_1_90' title='bbox 376 1619 633 1690; x_wconf 73' lang='grc' dir='ltr'>κράτιστε</span> <span class='ocrx_word' id='word_1_91' title='bbox 677 1620 879 1688; x_wconf 78' lang='grc' dir='ltr'>Φῆστε,</span> <span class='ocrx_word' id='word_1_92' title='bbox 916 1619 1052 1672; x_wconf 85' lang='grc' dir='ltr'><strong>ἀλλά</strong></span> <span class='ocrx_word' id='word_1_93' title='bbox 1096 1619 1351 1689; x_wconf 77' lang='grc' dir='ltr'>ἀληθείας</span> <span class='ocrx_word' id='word_1_94' title='bbox 1393 1621 1484 1673; x_wconf 81' lang='grc' dir='ltr'>καὶ</span> <span class='ocrx_word' id='word_1_95' title='bbox 1515 1636 1730 1688; x_wconf 76' lang='grc' dir='ltr'>σωφροο</span> 
     </span>
    </p>
   </div>
   <div class='ocr_carea' id='block_1_14' title="bbox 671 403 2706 474">
    <p class='ocr_par' dir='ltr' id='par_1_14' title="bbox 671 403 2706 474">
     <span class='ocr_line' id='line_1_14' title="bbox 671 403 2706 474; baseline -0.005 0"><span class='ocrx_word' id='word_1_96' title='bbox 671 409 1202 474; x_wconf 80' lang='lat' dir='ltr'><strong>EXPOSITIONIS</strong></span> <span class='ocrx_word' id='word_1_97' title='bbox 1241 408 1323 471; x_wconf 87' lang='lat' dir='ltr'><strong>IN</strong></span> <span class='ocrx_word' id='word_1_98' title='bbox 1350 407 1532 471; x_wconf 85' lang='lat' dir='ltr'><strong>ACTA</strong></span> <span class='ocrx_word' id='word_1_99' title='bbox 1570 407 1868 470; x_wconf 85' lang='lat' dir='ltr'><strong>TEXTUS</strong></span> <span class='ocrx_word' id='word_1_100' title='bbox 1901 407 2163 470; x_wconf 77' lang='lat' dir='ltr'><strong>ALTER.</strong></span> <span class='ocrx_word' id='word_1_101' title='bbox 2197 431 2267 442; x_wconf 85' lang='grc'><strong><em>--</em></strong></span> <span class='ocrx_word' id='word_1_102' title='bbox 2303 406 2460 466; x_wconf 80' lang='lat' dir='ltr'><strong>CAP;</strong></span> <span class='ocrx_word' id='word_1_103' title='bbox 2505 403 2706 465; x_wconf 68' lang='lat' dir='ltr'><strong>XXVI.</strong></span> 
     </span>
    </p>
   </div>
   <div class='ocr_carea' id='block_1_15' title="bbox 736 529 1790 588">
    <p class='ocr_par' dir='ltr' id='par_1_15' title="bbox 736 529 1790 588">
     <span class='ocr_line' id='line_1_15' title="bbox 736 529 1790 588; baseline 0.007 -7"><span class='ocrx_word' id='word_1_104' title='bbox 736 529 1121 582; x_wconf 83' lang='lat' dir='ltr'><strong>KEIMENON.</strong></span> <span class='ocrx_word' id='word_1_105' title='bbox 1740 529 1790 588; x_wconf 79' lang='grc' dir='ltr'><strong>Α</strong></span> 
     </span>
    </p>
   </div>
   <div class='ocr_carea' id='block_1_16' title="bbox 3238 403 3383 471">
    <p class='ocr_par' dir='ltr' id='par_1_16' title="bbox 3238 403 3383 471">
     <span class='ocr_line' id='line_1_16' title="bbox 3238 403 3383 471; baseline 0.034 -5"><span class='ocrx_word' id='word_1_106' title='bbox 3238 403 3383 471; x_wconf 69' lang='lat' dir='ltr'><strong>illiti</strong></span> 
     </span>
    </p>
   </div>
   <div class='ocr_carea' id='block_1_17' title="bbox 2379 519 2744 575">
    <p class='ocr_par' dir='ltr' id='par_1_17' title="bbox 2379 519 2744 575">
     <span class='ocr_line' id='line_1_17' title="bbox 2379 519 2744 575; baseline -0.003 0"><span class='ocrx_word' id='word_1_107' title='bbox 2379 526 2382 528; x_wconf 61' lang='grc'>⁷</span> <span class='ocrx_word' id='word_1_108' title='bbox 2449 519 2744 575; x_wconf 75' lang='lat' dir='ltr'><strong>TEXTUS.</strong></span> 
     </span>
    </p>
   </div>
   <div class='ocr_carea' id='block_1_18' title="bbox 1891 610 3370 681">
    <p class='ocr_par' dir='ltr' id='par_1_18' title="bbox 1891 610 3370 681">
     <span class='ocr_line' id='line_1_18' title="bbox 1891 610 3370 681; baseline -0.001 -11"><span class='ocrx_word' id='word_1_109' title='bbox 1891 616 2079 681; x_wconf 72' lang='lat' dir='ltr'><strong>XXVI,</strong></span> <span class='ocrx_word' id='word_1_110' title='bbox 2101 615 2288 668; x_wconf 71' lang='lat' dir='ltr'><strong>2i-32.</strong></span> <span class='ocrx_word' id='word_1_111' title='bbox 2307 613 2500 667; x_wconf 70' lang='lat' dir='ltr'><strong>‘Hacex</strong></span> <span class='ocrx_word' id='word_1_112' title='bbox 2525 627 2689 666; x_wconf 89' lang='lat' dir='ltr'><strong>causa</strong></span> <span class='ocrx_word' id='word_1_113' title='bbox 2723 626 2806 665; x_wconf 90' lang='lat' dir='ltr'><strong>me</strong></span> <span class='ocrx_word' id='word_1_114' title='bbox 2829 610 3022 673; x_wconf 66' lang='lat' dir='ltr'><strong>Judzei,</strong></span> <span class='ocrx_word' id='word_1_115' title='bbox 3049 626 3170 664; x_wconf 91' lang='lat' dir='ltr'><strong>cum</strong></span> <span class='ocrx_word' id='word_1_116' title='bbox 3198 627 3370 668; x_wconf 81' lang='lat' dir='ltr'><strong>essem</strong></span> 
     </span>
    </p>
   </div>
   <div class='ocr_carea' id='block_1_19' title="bbox 1823 701 3378 774">
    <p class='ocr_par' dir='ltr' id='par_1_19' title="bbox 1823 701 3378 774">
     <span class='ocr_line' id='line_1_19' title="bbox 1823 701 3378 774; baseline -0.005 -14"><span class='ocrx_word' id='word_1_117' title='bbox 1823 708 1874 760; x_wconf 86' lang='lat' dir='ltr'><strong>in</strong></span> <span class='ocrx_word' id='word_1_118' title='bbox 1900 707 2116 774; x_wconf 90' lang='lat' dir='ltr'><strong>templo,</strong></span> <span class='ocrx_word' id='word_1_119' title='bbox 2146 703 2594 772; x_wconf 88' lang='lat' dir='ltr'><strong>comprehensum</strong></span> <span class='ocrx_word' id='word_1_120' title='bbox 2623 701 2900 755; x_wconf 84' lang='lat' dir='ltr'><strong>tentabant</strong></span> <span class='ocrx_word' id='word_1_121' title='bbox 2919 701 3240 755; x_wconf 75' lang='lat' dir='ltr'><strong>interﬁcere.</strong></span> <span class='ocrx_word' id='word_1_122' title='bbox 3266 705 3378 756; x_wconf 64' lang='lat' dir='ltr'><strong>Au.</strong></span> 
     </span>
    </p>
   </div>
   <div class='ocr_carea' id='block_1_20' title="bbox 1821 793 3374 865">
    <p class='ocr_par' dir='ltr' id='par_1_20' title="bbox 1821 793 3374 865">
     <span class='ocr_line' id='line_1_20' title="bbox 1821 793 3374 865; baseline -0.002 -12"><span class='ocrx_word' id='word_1_123' title='bbox 1821 801 1950 854; x_wconf 80' lang='lat' dir='ltr'><strong>xilio</strong></span> <span class='ocrx_word' id='word_1_124' title='bbox 1976 805 2154 852; x_wconf 89' lang='lat' dir='ltr'><strong>autem</strong></span> <span class='ocrx_word' id='word_1_125' title='bbox 2172 796 2386 865; x_wconf 80' lang='lat' dir='ltr'><strong>adjutus</strong></span> <span class='ocrx_word' id='word_1_126' title='bbox 2412 795 2502 848; x_wconf 86' lang='lat' dir='ltr'><strong>Dei</strong></span> <span class='ocrx_word' id='word_1_127' title='bbox 2518 810 2686 863; x_wconf 88' lang='lat' dir='ltr'><strong>usque</strong></span> <span class='ocrx_word' id='word_1_128' title='bbox 2706 795 2757 846; x_wconf 90' lang='lat' dir='ltr'><strong>in</strong></span> <span class='ocrx_word' id='word_1_129' title='bbox 2776 794 3091 848; x_wconf 85' lang='lat' dir='ltr'><strong>hodiernum</strong></span> <span class='ocrx_word' id='word_1_130' title='bbox 3108 793 3248 847; x_wconf 91' lang='lat' dir='ltr'><strong>diem</strong></span> <span class='ocrx_word' id='word_1_131' title='bbox 3266 805 3374 850; x_wconf 90' lang='lat' dir='ltr'><strong>sto.</strong></span> 
     </span>
    </p>
   </div>
   <div class='ocr_carea' id='block_1_21' title="bbox 1826 884 3375 955">
    <p class='ocr_par' dir='ltr' id='par_1_21' title="bbox 1826 884 3375 955">
     <span class='ocr_line' id='line_1_21' title="bbox 1826 884 3375 955; baseline -0.003 -10"><span class='ocrx_word' id='word_1_132' title='bbox 1826 890 2124 945; x_wconf 82' lang='lat' dir='ltr'><strong>testiﬁcans</strong></span> <span class='ocrx_word' id='word_1_133' title='bbox 2155 887 2354 940; x_wconf 90' lang='lat' dir='ltr'><strong>minori</strong></span> <span class='ocrx_word' id='word_1_134' title='bbox 2391 895 2553 955; x_wconf 90' lang='lat' dir='ltr'><strong>atque</strong></span> <span class='ocrx_word' id='word_1_135' title='bbox 2575 885 2789 954; x_wconf 84' lang='lat' dir='ltr'><strong>majori,</strong></span> <span class='ocrx_word' id='word_1_136' title='bbox 2825 884 2956 937; x_wconf 84' lang='lat' dir='ltr'><strong>nihil</strong></span> <span class='ocrx_word' id='word_1_137' title='bbox 2997 894 3147 939; x_wconf 88' lang='lat' dir='ltr'><strong>extra</strong></span> <span class='ocrx_word' id='word_1_138' title='bbox 3189 884 3375 940; x_wconf 86' lang='lat' dir='ltr'><strong>dicens</strong></span> 
     </span>
    </p>
   </div>
   <div class='ocr_carea' id='block_1_22' title="bbox 1824 975 3378 1050">
    <p class='ocr_par' dir='ltr' id='par_1_22' title="bbox 1824 975 3378 1050">
     <span class='ocr_line' id='line_1_22' title="bbox 1824 975 3378 1050; baseline -0.004 -17"><span class='ocrx_word' id='word_1_139' title='bbox 1824 996 1984 1050; x_wconf 85' lang='lat' dir='ltr'><strong>quam</strong></span> <span class='ocrx_word' id='word_1_140' title='bbox 2016 994 2077 1034; x_wconf 87' lang='lat' dir='ltr'><strong>ea</strong></span> <span class='ocrx_word' id='word_1_141' title='bbox 2107 995 2225 1049; x_wconf 82' lang='lat' dir='ltr'><strong>quae</strong></span> <span class='ocrx_word' id='word_1_142' title='bbox 2259 978 2530 1048; x_wconf 58' lang='lat' dir='ltr'><strong>prophetas</strong></span> <span class='ocrx_word' id='word_1_143' title='bbox 2563 977 2727 1031; x_wconf 82' lang='lat' dir='ltr'><strong>locuti</strong></span> <span class='ocrx_word' id='word_1_144' title='bbox 2757 985 2884 1032; x_wconf 91' lang='lat' dir='ltr'><strong>sunt</strong></span> <span class='ocrx_word' id='word_1_145' title='bbox 2916 975 3094 1029; x_wconf 79' lang='lat' dir='ltr'><strong>futura</strong></span> <span class='ocrx_word' id='word_1_146' title='bbox 3151 983 3293 1038; x_wconf 76' lang='lat' dir='ltr'><strong>esse,</strong></span> <span class='ocrx_word' id='word_1_147' title='bbox 3324 981 3378 1028; x_wconf 86' lang='lat' dir='ltr'><strong>et</strong></span> 
     </span>
    </p>
   </div>
   <div class='ocr_carea' id='block_1_23' title="bbox 1827 1067 3380 1142">
    <p class='ocr_par' dir='ltr' id='par_1_23' title="bbox 1827 1067 3380 1142">
     <span class='ocr_line' id='line_1_23' title="bbox 1827 1067 3380 1142; baseline -0.003 -18"><span class='ocrx_word' id='word_1_148' title='bbox 1827 1071 2061 1142; x_wconf 85' lang='lat' dir='ltr'><strong>Moyses,</strong></span> <span class='ocrx_word' id='word_1_149' title='bbox 2100 1070 2144 1123; x_wconf 92' lang='lat' dir='ltr'><strong>si</strong></span> <span class='ocrx_word' id='word_1_150' title='bbox 2185 1067 2459 1138; x_wconf 88' lang='lat' dir='ltr'><strong>passibilis</strong></span> <span class='ocrx_word' id='word_1_151' title='bbox 2484 1067 2756 1130; x_wconf 78' lang='lat' dir='ltr'><strong>Christus,</strong></span> <span class='ocrx_word' id='word_1_152' title='bbox 2792 1067 2837 1122; x_wconf 89' lang='lat' dir='ltr'><strong>si</strong></span> <span class='ocrx_word' id='word_1_153' title='bbox 2870 1068 3077 1136; x_wconf 82' lang='lat' dir='ltr'><strong>primus</strong></span> <span class='ocrx_word' id='word_1_154' title='bbox 3109 1081 3171 1119; x_wconf 84' lang='lat' dir='ltr'><strong>ex</strong></span> <span class='ocrx_word' id='word_1_155' title='bbox 3201 1080 3380 1121; x_wconf 62' lang='lat' dir='ltr'><strong>resurv</strong></span> 
     </span>
    </p>
   </div>
   <div class='ocr_carea' id='block_1_24' title="bbox 1828 1159 3382 1221">
    <p class='ocr_par' dir='ltr' id='par_1_24' title="bbox 1828 1159 3382 1221">
     <span class='ocr_line' id='line_1_24' title="bbox 1828 1159 3382 1221; baseline -0.001 -5"><span class='ocrx_word' id='word_1_156' title='bbox 1828 1163 2068 1217; x_wconf 84' lang='lat' dir='ltr'><strong>rectione</strong></span> <span class='ocrx_word' id='word_1_157' title='bbox 2127 1172 2488 1221; x_wconf 86' lang='lat' dir='ltr'><strong>mortuorum,</strong></span> <span class='ocrx_word' id='word_1_158' title='bbox 2578 1160 2756 1215; x_wconf 89' lang='lat' dir='ltr'><strong>lumen</strong></span> <span class='ocrx_word' id='word_1_159' title='bbox 2818 1159 3240 1214; x_wconf 85' lang='lat' dir='ltr'><strong>annuntiaturus</strong></span> <span class='ocrx_word' id='word_1_160' title='bbox 3297 1166 3382 1214; x_wconf 83' lang='lat' dir='ltr'><strong>est</strong></span> 
     </span>
    </p>
   </div>
   <div class='ocr_carea' id='block_1_25' title="bbox 1828 1251 3377 1323">
    <p class='ocr_par' dir='ltr' id='par_1_25' title="bbox 1828 1251 3377 1323">
     <span class='ocr_line' id='line_1_25' title="bbox 1828 1251 3377 1323; baseline -0.001 -18"><span class='ocrx_word' id='word_1_161' title='bbox 1828 1253 2022 1323; x_wconf 89' lang='lat' dir='ltr'><strong>popqu</strong></span> <span class='ocrx_word' id='word_1_162' title='bbox 2053 1261 2104 1305; x_wconf 90' lang='lat' dir='ltr'><strong>et</strong></span> <span class='ocrx_word' id='word_1_163' title='bbox 2134 1253 2406 1320; x_wconf 76' lang='lat' dir='ltr'><strong>gentibus.</strong></span> <span class='ocrx_word' id='word_1_164' title='bbox 2440 1251 2560 1304; x_wconf 82' lang='lat' dir='ltr'><strong>Haec</strong></span> <span class='ocrx_word' id='word_1_165' title='bbox 2606 1251 2858 1320; x_wconf 88' lang='lat' dir='ltr'><strong>loquente</strong></span> <span class='ocrx_word' id='word_1_166' title='bbox 2889 1265 2954 1302; x_wconf 90' lang='lat' dir='ltr'><strong>eo</strong></span> <span class='ocrx_word' id='word_1_167' title='bbox 3028 1258 3082 1304; x_wconf 89' lang='lat' dir='ltr'><strong>et</strong></span> <span class='ocrx_word' id='word_1_168' title='bbox 3112 1251 3377 1306; x_wconf 85' lang='lat' dir='ltr'><strong>rationem</strong></span> 
     </span>
    </p>
   </div>
   <div class='ocr_carea' id='block_1_26' title="bbox 1828 1340 3381 1412">
    <p class='ocr_par' dir='ltr' id='par_1_26' title="bbox 1828 1340 3381 1412">
     <span class='ocr_line' id='line_1_26' title="bbox 1828 1340 3381 1412; baseline -0.003 -14"><span class='ocrx_word' id='word_1_169' title='bbox 1828 1345 2100 1407; x_wconf 80' lang='lat' dir='ltr'><strong>reddente,</strong></span> <span class='ocrx_word' id='word_1_170' title='bbox 2119 1345 2310 1398; x_wconf 87' lang='lat' dir='ltr'><strong>Festus</strong></span> <span class='ocrx_word' id='word_1_171' title='bbox 2342 1357 2530 1412; x_wconf 80' lang='lat' dir='ltr'><strong>magna</strong></span> <span class='ocrx_word' id='word_1_172' title='bbox 2563 1358 2689 1396; x_wconf 88' lang='lat' dir='ltr'><strong>voce</strong></span> <span class='ocrx_word' id='word_1_173' title='bbox 2719 1343 2851 1396; x_wconf 84' lang='lat' dir='ltr'><strong>dixit</strong></span> <span class='ocrx_word' id='word_1_174' title='bbox 2878 1360 2890 1394; x_wconf 90' lang='lat'>:</span> <span class='ocrx_word' id='word_1_175' title='bbox 2916 1342 3150 1404; x_wconf 88' lang='lat' dir='ltr'><strong>Insanis,</strong></span> <span class='ocrx_word' id='word_1_176' title='bbox 3179 1340 3381 1410; x_wconf 83' lang='lat' dir='ltr'><strong>Paule;</strong></span> 
     </span>
    </p>
   </div>
   <div class='ocr_carea' id='block_1_27' title="bbox 1831 1433 3384 1491">
    <p class='ocr_par' dir='ltr' id='par_1_27' title="bbox 1831 1433 3384 1491">
     <span class='ocr_line' id='line_1_27' title="bbox 1831 1433 3384 1491; baseline -0.001 -1"><span class='ocrx_word' id='word_1_177' title='bbox 1831 1438 2012 1491; x_wconf 59' lang='lat' dir='ltr'><strong>multa»</strong></span> <span class='ocrx_word' id='word_1_178' title='bbox 2034 1446 2084 1490; x_wconf 89' lang='lat' dir='ltr'><strong>te</strong></span> <span class='ocrx_word' id='word_1_179' title='bbox 2114 1437 2309 1489; x_wconf 83' lang='lat' dir='ltr'><strong>litterae</strong></span> <span class='ocrx_word' id='word_1_180' title='bbox 2343 1436 2407 1488; x_wconf 87' lang='lat' dir='ltr'><strong>ad</strong></span> <span class='ocrx_word' id='word_1_181' title='bbox 2463 1435 2729 1488; x_wconf 80' lang='lat' dir='ltr'><strong>insaniam</strong></span> <span class='ocrx_word' id='word_1_182' title='bbox 2763 1442 3111 1488; x_wconf 77' lang='lat' dir='ltr'><strong>convertunt.</strong></span> <span class='ocrx_word' id='word_1_183' title='bbox 3145 1433 3210 1486; x_wconf 84' lang='lat' dir='ltr'><strong>Et</strong></span> <span class='ocrx_word' id='word_1_184' title='bbox 3245 1433 3384 1489; x_wconf 79' lang='lat' dir='ltr'><strong>Pan-</strong></span> 
     </span>
    </p>
   </div>
   <div class='ocr_carea' id='block_1_28' title="bbox 1831 1523 3386 1594">
    <p class='ocr_par' dir='ltr' id='par_1_28' title="bbox 1831 1523 3386 1594">
     <span class='ocr_line' id='line_1_28' title="bbox 1831 1523 3386 1594; baseline -0.001 -13"><span class='ocrx_word' id='word_1_185' title='bbox 1831 1529 1915 1583; x_wconf 92' lang='lat' dir='ltr'><strong>lus</strong></span> <span class='ocrx_word' id='word_1_186' title='bbox 1953 1527 2110 1582; x_wconf 90' lang='lat' dir='ltr'><strong>:Non</strong></span> <span class='ocrx_word' id='word_1_187' title='bbox 2146 1528 2382 1591; x_wconf 87' lang='lat' dir='ltr'><strong>insanio,</strong></span> <span class='ocrx_word' id='word_1_188' title='bbox 2411 1526 2606 1593; x_wconf 77' lang='lat' dir='ltr'><strong>inquit,</strong></span> <span class='ocrx_word' id='word_1_189' title='bbox 2639 1532 2838 1594; x_wconf 85' lang='lat' dir='ltr'><strong>Optime</strong></span> <span class='ocrx_word' id='word_1_190' title='bbox 2870 1523 3050 1590; x_wconf 82' lang='lat' dir='ltr'><strong>Feste,</strong></span> <span class='ocrx_word' id='word_1_191' title='bbox 3082 1525 3174 1579; x_wconf 88' lang='lat' dir='ltr'><strong>sed</strong></span> <span class='ocrx_word' id='word_1_192' title='bbox 3198 1526 3386 1580; x_wconf 75' lang='lat' dir='ltr'><strong>verita-</strong></span> 
     </span>
    </p>
   </div>
   <div class='ocr_carea' id='block_1_29' title="bbox 1833 1614 3386 1681">
    <p class='ocr_par' dir='ltr' id='par_1_29' title="bbox 1833 1614 3386 1681">
     <span class='ocr_line' id='line_1_29' title="bbox 1833 1614 3386 1681; baseline -0.001 -10"><span class='ocrx_word' id='word_1_193' title='bbox 1833 1620 1901 1672; x_wconf 90' lang='lat' dir='ltr'><strong>tis</strong></span> <span class='ocrx_word' id='word_1_194' title='bbox 1929 1628 1983 1672; x_wconf 90' lang='lat' dir='ltr'><strong>et</strong></span> <span class='ocrx_word' id='word_1_195' title='bbox 2018 1617 2331 1672; x_wconf 84' lang='lat' dir='ltr'><strong>sobrietatis</strong></span> <span class='ocrx_word' id='word_1_196' title='bbox 2355 1617 2516 1669; x_wconf 88' lang='lat' dir='ltr'><strong>verba</strong></span> <span class='ocrx_word' id='word_1_197' title='bbox 2585 1617 2794 1681; x_wconf 88' lang='lat' dir='ltr'><strong>loquor.</strong></span> <span class='ocrx_word' id='word_1_198' title='bbox 2833 1614 2950 1668; x_wconf 85' lang='lat' dir='ltr'><strong>Scit</strong></span> <span class='ocrx_word' id='word_1_199' title='bbox 2994 1615 3136 1669; x_wconf 90' lang='lat' dir='ltr'><strong>enim</strong></span> <span class='ocrx_word' id='word_1_200' title='bbox 3174 1616 3242 1669; x_wconf 89' lang='lat' dir='ltr'><strong>de</strong></span> <span class='ocrx_word' id='word_1_201' title='bbox 3299 1615 3386 1670; x_wconf 72' lang='lat' dir='ltr'><strong>his</strong></span> 
     </span>
    </p>
   </div>
   <div class='ocr_carea' id='block_1_30' title="bbox 162 1707 1741 1785">
    <p class='ocr_par' dir='ltr' id='par_1_30' title="bbox 162 1710 1733 1785">
     <span class='ocr_line' id='line_1_30' title="bbox 162 1710 1733 1785; baseline -0.001 -23"><span class='ocrx_word' id='word_1_202' title='bbox 162 1711 337 1780; x_wconf 83' lang='grc' dir='ltr'>σύνης</span> <span class='ocrx_word' id='word_1_203' title='bbox 362 1711 588 1785; x_wconf 77' lang='grc' dir='ltr'>ῥήματα</span> <span class='ocrx_word' id='word_1_204' title='bbox 615 1711 1056 1781; x_wconf 66' lang='grc' dir='ltr'>ἀποφθέγγομαι.</span> <span class='ocrx_word' id='word_1_205' title='bbox 1102 1710 1421 1766; x_wconf 84' lang='grc' dir='ltr'>Ἑπίσταται</span> <span class='ocrx_word' id='word_1_206' title='bbox 1456 1711 1564 1781; x_wconf 84' lang='grc' dir='ltr'>γὰρ</span> <span class='ocrx_word' id='word_1_207' title='bbox 1604 1712 1733 1780; x_wconf 70' lang='grc' dir='ltr'>περὶ</span> 
     </span>
    </p>
   </div>
   <div class='ocr_carea' id='block_1_31' title="bbox 1845 1707 3387 1785">
    <p class='ocr_par' dir='ltr' id='par_1_31' title="bbox 1845 1707 3387 1778">
     <span class='ocr_line' id='line_1_31' title="bbox 1845 1707 3387 1778; baseline 0 -16"><span class='ocrx_word' id='word_1_208' title='bbox 1845 1725 1954 1774; x_wconf 82' lang='lat' dir='ltr'><strong>rex,</strong></span> <span class='ocrx_word' id='word_1_209' title='bbox 1987 1707 2052 1762; x_wconf 89' lang='lat' dir='ltr'><strong>ad</strong></span> <span class='ocrx_word' id='word_1_210' title='bbox 2089 1723 2249 1778; x_wconf 88' lang='lat' dir='ltr'><strong>quem</strong></span> <span class='ocrx_word' id='word_1_211' title='bbox 2303 1716 2355 1762; x_wconf 90' lang='lat' dir='ltr'><strong>et</strong></span> <span class='ocrx_word' id='word_1_212' title='bbox 2389 1715 2705 1760; x_wconf 81' lang='lat' dir='ltr'><strong>constanter</strong></span> <span class='ocrx_word' id='word_1_213' title='bbox 2739 1707 2973 1776; x_wconf 88' lang='lat' dir='ltr'><strong>loquor:</strong></span> <span class='ocrx_word' id='word_1_214' title='bbox 3037 1707 3203 1761; x_wconf 78' lang='lat' dir='ltr'><strong>latere</strong></span> <span class='ocrx_word' id='word_1_215' title='bbox 3243 1707 3387 1762; x_wconf 85' lang='lat' dir='ltr'><strong>enim</strong></span> 
     </span>
    </p>
   </div>
   <div class='ocr_carea' id='block_1_32' title="bbox 162 1786 1741 1874">
    <p class='ocr_par' dir='ltr' id='par_1_32' title="bbox 162 1786 1734 1874">
     <span class='ocr_line' id='line_1_32' title="bbox 162 1786 1734 1874; baseline 0.001 -21"><span class='ocrx_word' id='word_1_216' title='bbox 162 1787 375 1855; x_wconf 71' lang='grc' dir='ltr'>τοῦτων</span> <span class='ocrx_word' id='word_1_217' title='bbox 404 1804 432 1854; x_wconf 97' lang='lat'><strong>6</strong></span> <span class='ocrx_word' id='word_1_218' title='bbox 491 1786 775 1872; x_wconf 75' lang='grc' dir='ltr'>βασιλεὺς,</span> <span class='ocrx_word' id='word_1_219' title='bbox 830 1802 966 1872; x_wconf 82' lang='grc' dir='ltr'>πρὸς</span> <span class='ocrx_word' id='word_1_220' title='bbox 1008 1803 1067 1854; x_wconf 80' lang='grc' dir='ltr'>ὃν</span> <span class='ocrx_word' id='word_1_221' title='bbox 1098 1802 1188 1855; x_wconf 66' lang='grc' dir='ltr'>καὶ</span> <span class='ocrx_word' id='word_1_222' title='bbox 1225 1802 1734 1874; x_wconf 72' lang='grc' dir='ltr'>παρρησιαζόμενος</span> 
     </span>
    </p>
   </div>
   <div class='ocr_carea' id='block_1_33' title="bbox 1845 1786 3388 1874">
    <p class='ocr_par' dir='ltr' id='par_1_33' title="bbox 1845 1787 3388 1870">
     <span class='ocr_line' id='line_1_33' title="bbox 1845 1787 3388 1870; baseline 0 -14"><span class='ocrx_word' id='word_1_223' title='bbox 1845 1789 1954 1857; x_wconf 71' lang='lat' dir='ltr'><strong>mm</strong></span> <span class='ocrx_word' id='word_1_224' title='bbox 1986 1801 2121 1854; x_wconf 89' lang='lat' dir='ltr'><strong>nihil</strong></span> <span class='ocrx_word' id='word_1_225' title='bbox 2155 1800 2349 1854; x_wconf 91' lang='lat' dir='ltr'><strong>horum</strong></span> <span class='ocrx_word' id='word_1_226' title='bbox 2385 1787 2641 1855; x_wconf 75' lang='lat' dir='ltr'><strong>arbitror.</strong></span> <span class='ocrx_word' id='word_1_227' title='bbox 2672 1798 2857 1870; x_wconf 82' lang='lat' dir='ltr'><strong>Neque</strong></span> <span class='ocrx_word' id='word_1_228' title='bbox 2879 1802 3022 1856; x_wconf 90' lang='lat' dir='ltr'><strong>enim</strong></span> <span class='ocrx_word' id='word_1_229' title='bbox 3078 1802 3133 1855; x_wconf 88' lang='lat' dir='ltr'><strong>in</strong></span> <span class='ocrx_word' id='word_1_230' title='bbox 3192 1802 3388 1870; x_wconf 80' lang='lat' dir='ltr'><strong>angulo</strong></span> 
     </span>
    </p>
   </div>
   <div class='ocr_carea' id='block_1_34' title="bbox 162 1872 1741 1964">
    <p class='ocr_par' dir='ltr' id='par_1_34' title="bbox 162 1872 1729 1963">
     <span class='ocr_line' id='line_1_34' title="bbox 162 1872 1729 1963; baseline -0.001 -19"><span class='ocrx_word' id='word_1_231' title='bbox 162 1893 340 1946; x_wconf 80' lang='grc' dir='ltr'>λαλῶ.</span> <span class='ocrx_word' id='word_1_232' title='bbox 394 1893 691 1946; x_wconf 79' lang='grc' dir='ltr'>Λανθάνειν</span> <span class='ocrx_word' id='word_1_233' title='bbox 715 1894 827 1963; x_wconf 84' lang='grc' dir='ltr'>γὰρ</span> <span class='ocrx_word' id='word_1_234' title='bbox 856 1893 1017 1948; x_wconf 85' lang='grc' dir='ltr'>αὐτόν</span> <span class='ocrx_word' id='word_1_235' title='bbox 1042 1911 1092 1946; x_wconf 89' lang='grc' dir='ltr'><strong>τι</strong></span> <span class='ocrx_word' id='word_1_236' title='bbox 1135 1872 1339 1947; x_wconf 81' lang='grc' dir='ltr'>τούτων</span> <span class='ocrx_word' id='word_1_237' title='bbox 1376 1892 1436 1944; x_wconf 86' lang='grc' dir='ltr'><strong>οὐ</strong></span> <span class='ocrx_word' id='word_1_238' title='bbox 1470 1890 1729 1961; x_wconf 90' lang='grc' dir='ltr'>πείθομαι</span> 
     </span>
    </p>
   </div>
   <div class='ocr_carea' id='block_1_35' title="bbox 1845 1872 3388 1964">
    <p class='ocr_par' dir='ltr' id='par_1_35' title="bbox 1845 1893 3388 1964">
     <span class='ocr_line' id='line_1_35' title="bbox 1845 1893 3388 1964; baseline 0.003 -18"><span class='ocrx_word' id='word_1_239' title='bbox 1845 1893 2133 1963; x_wconf 69' lang='grc' dir='ltr'>ιυίἀςιυοηι</span> <span class='ocrx_word' id='word_1_240' title='bbox 2162 1893 2355 1946; x_wconf 90' lang='lat' dir='ltr'><strong>horum</strong></span> <span class='ocrx_word' id='word_1_241' title='bbox 2393 1902 2602 1961; x_wconf 87' lang='lat' dir='ltr'><strong>gestum</strong></span> <span class='ocrx_word' id='word_1_242' title='bbox 2636 1903 2738 1947; x_wconf 84' lang='lat' dir='ltr'><strong>est.</strong></span> <span class='ocrx_word' id='word_1_243' title='bbox 2763 1893 2980 1957; x_wconf 81' lang='lat' dir='ltr'><strong>Credis,</strong></span> <span class='ocrx_word' id='word_1_244' title='bbox 3005 1909 3100 1948; x_wconf 88' lang='lat' dir='ltr'><strong>rex</strong></span> <span class='ocrx_word' id='word_1_245' title='bbox 3131 1895 3388 1964; x_wconf 77' lang='lat' dir='ltr'><strong>Agrippa,</strong></span> 
     </span>
    </p>
   </div>
   <div class='ocr_carea' id='block_1_36' title="bbox 163 1983 1741 2056">
    <p class='ocr_par' dir='ltr' id='par_1_36' title="bbox 163 1984 1727 2056">
     <span class='ocr_line' id='line_1_36' title="bbox 163 1984 1727 2056; baseline 0 -21"><span class='ocrx_word' id='word_1_246' title='bbox 163 1984 342 2036; x_wconf 73' lang='grc' dir='ltr'>οὐδέν.</span> <span class='ocrx_word' id='word_1_247' title='bbox 395 1985 470 2037; x_wconf 81' lang='grc' dir='ltr'><strong>υὺ</strong></span> <span class='ocrx_word' id='word_1_248' title='bbox 504 1984 611 2054; x_wconf 89' lang='grc' dir='ltr'><strong>γάρ</strong></span> <span class='ocrx_word' id='word_1_249' title='bbox 640 1987 785 2038; x_wconf 79' lang='grc' dir='ltr'>ἐστιν</span> <span class='ocrx_word' id='word_1_250' title='bbox 818 1986 876 2038; x_wconf 77' lang='grc' dir='ltr'>ἐν</span> <span class='ocrx_word' id='word_1_251' title='bbox 919 1984 1092 2056; x_wconf 75' lang='grc' dir='ltr'>γωνία</span> <span class='ocrx_word' id='word_1_252' title='bbox 1134 1984 1519 2055; x_wconf 86' lang='grc' dir='ltr'>πεπραγμένον</span> <span class='ocrx_word' id='word_1_253' title='bbox 1552 1985 1727 2038; x_wconf 88' lang='grc' dir='ltr'>τοῦτο.</span> 
     </span>
    </p>
   </div>
   <div class='ocr_carea' id='block_1_37' title="bbox 1845 1983 3389 2056">
    <p class='ocr_par' dir='ltr' id='par_1_37' title="bbox 1845 1983 3389 2055">
     <span class='ocr_line' id='line_1_37' title="bbox 1845 1983 3389 2055; baseline 0.001 -16"><span class='ocrx_word' id='word_1_254' title='bbox 1845 1984 2163 2055; x_wconf 80' lang='lat' dir='ltr'><strong>prophetis?</strong></span> <span class='ocrx_word' id='word_1_255' title='bbox 2220 1983 2346 2038; x_wconf 91' lang='lat' dir='ltr'><strong>Scio</strong></span> <span class='ocrx_word' id='word_1_256' title='bbox 2402 1986 2527 2052; x_wconf 86' lang='lat' dir='ltr'><strong>quia</strong></span> <span class='ocrx_word' id='word_1_257' title='bbox 2585 1984 2782 2040; x_wconf 88' lang='lat' dir='ltr'><strong>credis.</strong></span> <span class='ocrx_word' id='word_1_258' title='bbox 2821 1985 3054 2053; x_wconf 78' lang='lat' dir='ltr'><strong>Agrippa</strong></span> <span class='ocrx_word' id='word_1_259' title='bbox 3112 1993 3290 2041; x_wconf 90' lang='lat' dir='ltr'><strong>autem</strong></span> <span class='ocrx_word' id='word_1_260' title='bbox 3322 1987 3389 2041; x_wconf 87' lang='lat' dir='ltr'><strong>ad</strong></span> 
     </span>
    </p>
   </div>
   <div class='ocr_carea' id='block_1_38' title="bbox 169 2071 1741 2146">
    <p class='ocr_par' dir='ltr' id='par_1_38' title="bbox 169 2071 1733 2146">
     <span class='ocr_line' id='line_1_38' title="bbox 169 2071 1733 2146; baseline 0.001 -20"><span class='ocrx_word' id='word_1_261' title='bbox 169 2074 480 2138; x_wconf 80' lang='grc' dir='ltr'>Πιστεύεις,</span> <span class='ocrx_word' id='word_1_262' title='bbox 515 2075 733 2145; x_wconf 87' lang='grc' dir='ltr'>βασιλεῦ</span> <span class='ocrx_word' id='word_1_263' title='bbox 765 2074 1063 2146; x_wconf 85' lang='grc' dir='ltr'>Ἀγρίππα,</span> <span class='ocrx_word' id='word_1_264' title='bbox 1085 2078 1195 2138; x_wconf 83' lang='grc' dir='ltr'>τοῖς</span> <span class='ocrx_word' id='word_1_265' title='bbox 1227 2076 1532 2144; x_wconf 84' lang='grc' dir='ltr'>προφήταις</span> <span class='ocrx_word' id='word_1_266' title='bbox 1559 2093 1573 2141; x_wconf 89' lang='grc'><strong>;</strong></span> <span class='ocrx_word' id='word_1_267' title='bbox 1606 2071 1733 2127; x_wconf 72' lang='grc' dir='ltr'>Οἶδα</span> 
     </span>
    </p>
   </div>
   <div class='ocr_carea' id='block_1_39' title="bbox 1845 2071 3387 2146">
    <p class='ocr_par' dir='ltr' id='par_1_39' title="bbox 1845 2072 3387 2128">
     <span class='ocr_line' id='line_1_39' title="bbox 1845 2072 3387 2128; baseline -0.001 0"><span class='ocrx_word' id='word_1_268' title='bbox 1845 2073 2058 2128; x_wconf 84' lang='lat' dir='ltr'><strong>Paulum</strong></span> <span class='ocrx_word' id='word_1_269' title='bbox 2094 2090 2107 2125; x_wconf 90' lang='lat'><strong>:</strong></span> <span class='ocrx_word' id='word_1_270' title='bbox 2136 2072 2195 2126; x_wconf 87' lang='lat' dir='ltr'><strong>In</strong></span> <span class='ocrx_word' id='word_1_271' title='bbox 2221 2072 2435 2126; x_wconf 86' lang='lat' dir='ltr'><strong>modico</strong></span> <span class='ocrx_word' id='word_1_272' title='bbox 2489 2073 2679 2124; x_wconf 78' lang='lat' dir='ltr'><strong>suades</strong></span> <span class='ocrx_word' id='word_1_273' title='bbox 2711 2088 2794 2126; x_wconf 91' lang='lat' dir='ltr'><strong>me</strong></span> <span class='ocrx_word' id='word_1_274' title='bbox 2824 2072 3194 2127; x_wconf 87' lang='lat' dir='ltr'><strong>Christianum</strong></span> <span class='ocrx_word' id='word_1_275' title='bbox 3253 2073 3387 2127; x_wconf 81' lang='lat' dir='ltr'><strong>ﬁeri.</strong></span> 
     </span>
    </p>
   </div>
   <div class='ocr_carea' id='block_1_40' title="bbox 167 2159 1741 2235">
    <p class='ocr_par' dir='ltr' id='par_1_40' title="bbox 167 2165 1733 2235">
     <span class='ocr_line' id='line_1_40' title="bbox 167 2165 1733 2235; baseline -0.001 -18"><span class='ocrx_word' id='word_1_276' title='bbox 167 2168 257 2217; x_wconf 68' lang='grc' dir='ltr'>ὅτι</span> <span class='ocrx_word' id='word_1_277' title='bbox 307 2167 603 2229; x_wconf 85' lang='grc' dir='ltr'>πιστεύεις.</span> <span class='ocrx_word' id='word_1_278' title='bbox 661 2167 722 2218; x_wconf 86' lang='lat'><strong>&#39;0</strong></span> <span class='ocrx_word' id='word_1_279' title='bbox 766 2166 824 2219; x_wconf 77' lang='grc' dir='ltr'>δὲ</span> <span class='ocrx_word' id='word_1_280' title='bbox 868 2165 1180 2235; x_wconf 79' lang='grc' dir='ltr'>Ἀγρίππας</span> <span class='ocrx_word' id='word_1_281' title='bbox 1226 2165 1363 2235; x_wconf 89' lang='grc' dir='ltr'>πρὸς</span> <span class='ocrx_word' id='word_1_282' title='bbox 1403 2165 1492 2218; x_wconf 90' lang='grc' dir='ltr'><strong>τὸν</strong></span> <span class='ocrx_word' id='word_1_283' title='bbox 1523 2165 1733 2218; x_wconf 82' lang='grc' dir='ltr'>Παῦλον</span> 
     </span>
    </p>
   </div>
   <div class='ocr_carea' id='block_1_41' title="bbox 1845 2159 3389 2235">
    <p class='ocr_par' dir='ltr' id='par_1_41' title="bbox 1845 2159 3389 2230">
     <span class='ocr_line' id='line_1_41' title="bbox 1845 2159 3389 2230; baseline -0.003 -12"><span class='ocrx_word' id='word_1_284' title='bbox 1845 2163 1899 2218; x_wconf 83' lang='lat' dir='ltr'><strong>Et</strong></span> <span class='ocrx_word' id='word_1_285' title='bbox 1925 2161 2127 2216; x_wconf 85' lang='lat' dir='ltr'><strong>Paulus</strong></span> <span class='ocrx_word' id='word_1_286' title='bbox 2157 2179 2169 2214; x_wconf 91' lang='lat'><strong>:</strong></span> <span class='ocrx_word' id='word_1_287' title='bbox 2202 2161 2345 2229; x_wconf 86' lang='lat' dir='ltr'><strong>Opto</strong></span> <span class='ocrx_word' id='word_1_288' title='bbox 2372 2159 2515 2230; x_wconf 88' lang='lat' dir='ltr'><strong>apud</strong></span> <span class='ocrx_word' id='word_1_289' title='bbox 2568 2159 2758 2224; x_wconf 86' lang='lat' dir='ltr'><strong>Deum,</strong></span> <span class='ocrx_word' id='word_1_290' title='bbox 2785 2169 2837 2214; x_wconf 92' lang='lat' dir='ltr'><strong>et</strong></span> <span class='ocrx_word' id='word_1_291' title='bbox 2890 2162 2943 2214; x_wconf 92' lang='lat' dir='ltr'><strong>in</strong></span> <span class='ocrx_word' id='word_1_292' title='bbox 2997 2163 3211 2216; x_wconf 92' lang='lat' dir='ltr'><strong>modico</strong></span> <span class='ocrx_word' id='word_1_293' title='bbox 3239 2173 3292 2217; x_wconf 86' lang='lat' dir='ltr'><strong>et</strong></span> <span class='ocrx_word' id='word_1_294' title='bbox 3335 2163 3389 2217; x_wconf 89' lang='lat' dir='ltr'><strong>in</strong></span> 
     </span>
    </p>
   </div>
   <div class='ocr_carea' id='block_1_42' title="bbox 171 2253 1741 2331">
    <p class='ocr_par' dir='ltr' id='par_1_42' title="bbox 171 2258 1734 2331">
     <span class='ocr_line' id='line_1_42' title="bbox 171 2258 1734 2331; baseline -0.001 -18"><span class='ocrx_word' id='word_1_295' title='bbox 171 2263 279 2328; x_wconf 77' lang='grc' dir='ltr'><strong>ἔφη</strong></span> <span class='ocrx_word' id='word_1_296' title='bbox 308 2278 324 2292; x_wconf 78' lang='grc' dir='ltr'><strong><em>ο</em></strong></span> <span class='ocrx_word' id='word_1_297' title='bbox 370 2261 456 2313; x_wconf 88' lang='grc' dir='ltr'>Ἐν</span> <span class='ocrx_word' id='word_1_298' title='bbox 491 2261 654 2331; x_wconf 83' lang='grc' dir='ltr'>ὀλίγῳ</span> <span class='ocrx_word' id='word_1_299' title='bbox 695 2278 758 2328; x_wconf 81' lang='grc' dir='ltr'><strong>με</strong></span> <span class='ocrx_word' id='word_1_300' title='bbox 793 2261 997 2324; x_wconf 82' lang='grc' dir='ltr'>πείθεις</span> <span class='ocrx_word' id='word_1_301' title='bbox 1021 2260 1340 2330; x_wconf 83' lang='grc' dir='ltr'>Χριστιανὸν</span> <span class='ocrx_word' id='word_1_302' title='bbox 1368 2259 1638 2328; x_wconf 83' lang='grc' dir='ltr'>γενέσθαι.</span> <span class='ocrx_word' id='word_1_303' title='bbox 1677 2258 1734 2312; x_wconf 84' lang='lat'><strong>&#39;0</strong></span> 
     </span>
    </p>
   </div>
   <div class='ocr_carea' id='block_1_43' title="bbox 1845 2253 3438 2331">
    <p class='ocr_par' dir='ltr' id='par_1_43' title="bbox 1845 2253 3438 2326">
     <span class='ocr_line' id='line_1_43' title="bbox 1845 2253 3438 2326; baseline 0.002 -19"><span class='ocrx_word' id='word_1_304' title='bbox 1845 2268 2060 2324; x_wconf 88' lang='lat' dir='ltr'><strong>magno,</strong></span> <span class='ocrx_word' id='word_1_305' title='bbox 2092 2267 2200 2306; x_wconf 92' lang='lat' dir='ltr'><strong>non</strong></span> <span class='ocrx_word' id='word_1_306' title='bbox 2227 2259 2440 2307; x_wconf 84' lang='lat' dir='ltr'><strong>tantum</strong></span> <span class='ocrx_word' id='word_1_307' title='bbox 2469 2259 2544 2317; x_wconf 90' lang='lat' dir='ltr'><strong>te,</strong></span> <span class='ocrx_word' id='word_1_308' title='bbox 2576 2253 2670 2307; x_wconf 90' lang='lat' dir='ltr'><strong>sed</strong></span> <span class='ocrx_word' id='word_1_309' title='bbox 2715 2253 2879 2307; x_wconf 88' lang='lat' dir='ltr'><strong>etiam</strong></span> <span class='ocrx_word' id='word_1_310' title='bbox 2932 2268 3122 2309; x_wconf 89' lang='lat' dir='ltr'><strong>omnes</strong></span> <span class='ocrx_word' id='word_1_311' title='bbox 3149 2254 3242 2326; x_wconf 88' lang='lat' dir='ltr'><strong>qui</strong></span> <span class='ocrx_word' id='word_1_312' title='bbox 3291 2267 3392 2310; x_wconf 65' lang='grc' dir='ltr'>ιιι·</span> <span class='ocrx_word' id='word_1_313' title='bbox 3430 2291 3438 2298; x_wconf 86' lang='grc'><strong><em>-</em></strong></span> 
     </span>
    </p>
   </div>
   <div class='ocr_carea' id='block_1_44' title="bbox 168 2343 1741 2421">
    <p class='ocr_par' dir='ltr' id='par_1_44' title="bbox 168 2347 1739 2421">
     <span class='ocr_line' id='line_1_44' title="bbox 168 2347 1739 2421; baseline -0.002 -17"><span class='ocrx_word' id='word_1_314' title='bbox 168 2354 228 2406; x_wconf 78' lang='grc' dir='ltr'>δὲ</span> <span class='ocrx_word' id='word_1_315' title='bbox 288 2351 495 2420; x_wconf 79' lang='grc' dir='ltr'>Παῦλος</span> <span class='ocrx_word' id='word_1_316' title='bbox 542 2347 694 2404; x_wconf 67' lang='grc' dir='ltr'>εἶπεν</span> <span class='ocrx_word' id='word_1_317' title='bbox 722 2371 736 2383; x_wconf 76' lang='grc' dir='ltr'><strong>ο</strong></span> <span class='ocrx_word' id='word_1_318' title='bbox 788 2351 1064 2421; x_wconf 81' lang='grc' dir='ltr'>Εὐξαίμην</span> <span class='ocrx_word' id='word_1_319' title='bbox 1115 2351 1181 2406; x_wconf 81' lang='grc' dir='ltr'><strong>ἂν</strong></span> <span class='ocrx_word' id='word_1_320' title='bbox 1232 2350 1310 2420; x_wconf 90' lang='grc' dir='ltr'>τῷ</span> <span class='ocrx_word' id='word_1_321' title='bbox 1345 2350 1496 2420; x_wconf 82' lang='grc' dir='ltr'>Θεῷ,</span> <span class='ocrx_word' id='word_1_322' title='bbox 1545 2352 1637 2403; x_wconf 72' lang='grc' dir='ltr'>καὶ</span> <span class='ocrx_word' id='word_1_323' title='bbox 1683 2352 1739 2402; x_wconf 71' lang='grc' dir='ltr'>ἐν</span> 
     </span>
    </p>
   </div>
   <div class='ocr_carea' id='block_1_45' title="bbox 1845 2343 3394 2421">
    <p class='ocr_par' dir='ltr' id='par_1_45' title="bbox 1845 2343 3394 2414">
     <span class='ocr_line' id='line_1_45' title="bbox 1845 2343 3394 2414; baseline 0.001 -16"><span class='ocrx_word' id='word_1_324' title='bbox 1845 2344 2022 2407; x_wconf 88' lang='lat' dir='ltr'><strong>diunt,</strong></span> <span class='ocrx_word' id='word_1_325' title='bbox 2053 2343 2214 2399; x_wconf 88' lang='lat' dir='ltr'><strong>hodie</strong></span> <span class='ocrx_word' id='word_1_326' title='bbox 2246 2343 2362 2398; x_wconf 79' lang='lat' dir='ltr'><strong>ﬁeri</strong></span> <span class='ocrx_word' id='word_1_327' title='bbox 2387 2344 2542 2408; x_wconf 83' lang='lat' dir='ltr'><strong>tales,</strong></span> <span class='ocrx_word' id='word_1_328' title='bbox 2569 2344 2746 2412; x_wconf 87' lang='lat' dir='ltr'><strong>qualis</strong></span> <span class='ocrx_word' id='word_1_329' title='bbox 2771 2353 2825 2398; x_wconf 89' lang='lat' dir='ltr'><strong>et</strong></span> <span class='ocrx_word' id='word_1_330' title='bbox 2854 2360 2952 2414; x_wconf 90' lang='lat' dir='ltr'><strong>ego</strong></span> <span class='ocrx_word' id='word_1_331' title='bbox 2986 2360 3128 2410; x_wconf 89' lang='lat' dir='ltr'><strong>sum,</strong></span> <span class='ocrx_word' id='word_1_332' title='bbox 3153 2346 3394 2414; x_wconf 79' lang='lat' dir='ltr'><strong>exceptis</strong></span> 
     </span>
    </p>
   </div>
   <div class='ocr_carea' id='block_1_46' title="bbox 169 2433 1741 2512">
    <p class='ocr_par' dir='ltr' id='par_1_46' title="bbox 169 2440 1740 2512">
     <span class='ocr_line' id='line_1_46' title="bbox 169 2440 1740 2512; baseline 0.001 -20"><span class='ocrx_word' id='word_1_333' title='bbox 169 2441 364 2512; x_wconf 66' lang='grc' dir='ltr'>ὀλίγῳ,</span> <span class='ocrx_word' id='word_1_334' title='bbox 399 2442 493 2494; x_wconf 75' lang='grc' dir='ltr'><strong>καὶ</strong></span> <span class='ocrx_word' id='word_1_335' title='bbox 523 2444 578 2494; x_wconf 79' lang='grc' dir='ltr'>ἐν</span> <span class='ocrx_word' id='word_1_336' title='bbox 612 2443 810 2512; x_wconf 67' lang='grc' dir='ltr'>πολλῷ,</span> <span class='ocrx_word' id='word_1_337' title='bbox 846 2441 907 2494; x_wconf 75' lang='grc' dir='ltr'>οὗ</span> <span class='ocrx_word' id='word_1_338' title='bbox 941 2440 1104 2510; x_wconf 86' lang='grc' dir='ltr'>μόνον</span> <span class='ocrx_word' id='word_1_339' title='bbox 1131 2440 1218 2505; x_wconf 79' lang='grc' dir='ltr'>σὲ,</span> <span class='ocrx_word' id='word_1_340' title='bbox 1245 2441 1381 2499; x_wconf 80' lang='grc' dir='ltr'><strong>ἀλλά</strong></span> <span class='ocrx_word' id='word_1_341' title='bbox 1413 2440 1505 2494; x_wconf 66' lang='grc' dir='ltr'>καὶ</span> <span class='ocrx_word' id='word_1_342' title='bbox 1535 2441 1740 2504; x_wconf 81' lang='grc' dir='ltr'>πάντας</span> 
     </span>
    </p>
   </div>
   <div class='ocr_carea' id='block_1_47' title="bbox 1845 2433 3398 2512">
    <p class='ocr_par' dir='ltr' id='par_1_47' title="bbox 1845 2433 3398 2505">
     <span class='ocr_line' id='line_1_47' title="bbox 1845 2433 3398 2505; baseline 0.003 -17"><span class='ocrx_word' id='word_1_343' title='bbox 1845 2436 2076 2490; x_wconf 80' lang='lat' dir='ltr'><strong>vinculis</strong></span> <span class='ocrx_word' id='word_1_344' title='bbox 2104 2435 2216 2490; x_wconf 51' lang='lat' dir='ltr'><strong>his.»</strong></span> <span class='ocrx_word' id='word_1_345' title='bbox 2239 2433 2303 2488; x_wconf 86' lang='lat' dir='ltr'><strong>Et</strong></span> <span class='ocrx_word' id='word_1_346' title='bbox 2339 2436 2647 2491; x_wconf 80' lang='lat' dir='ltr'><strong>exsurrexit</strong></span> <span class='ocrx_word' id='word_1_347' title='bbox 2671 2451 2787 2499; x_wconf 90' lang='lat' dir='ltr'><strong>rex,</strong></span> <span class='ocrx_word' id='word_1_348' title='bbox 2808 2446 2855 2490; x_wconf 89' lang='lat' dir='ltr'><strong>et</strong></span> <span class='ocrx_word' id='word_1_349' title='bbox 2883 2451 3105 2505; x_wconf 64' lang='lat' dir='ltr'><strong>praeses,</strong></span> <span class='ocrx_word' id='word_1_350' title='bbox 3127 2445 3180 2491; x_wconf 88' lang='lat' dir='ltr'><strong>et</strong></span> <span class='ocrx_word' id='word_1_351' title='bbox 3211 2439 3398 2493; x_wconf 81' lang='lat' dir='ltr'><strong>Berni-</strong></span> 
     </span>
    </p>
   </div>
   <div class='ocr_carea' id='block_1_48' title="bbox 172 2513 1741 2603">
    <p class='ocr_par' dir='ltr' id='par_1_48' title="bbox 172 2513 1740 2603">
     <span class='ocr_line' id='line_1_48' title="bbox 172 2513 1740 2603; baseline -0.002 -19"><span class='ocrx_word' id='word_1_352' title='bbox 172 2533 303 2592; x_wconf 74' lang='grc' dir='ltr'>τοὺς</span> <span class='ocrx_word' id='word_1_353' title='bbox 349 2532 646 2595; x_wconf 83' lang='grc' dir='ltr'>ἀκούοντάς</span> <span class='ocrx_word' id='word_1_354' title='bbox 692 2550 794 2602; x_wconf 85' lang='grc' dir='ltr'><strong>μου</strong></span> <span class='ocrx_word' id='word_1_355' title='bbox 841 2532 1110 2603; x_wconf 80' lang='grc' dir='ltr'>σήμερον,</span> <span class='ocrx_word' id='word_1_356' title='bbox 1156 2529 1410 2599; x_wconf 81' lang='grc' dir='ltr'>γενέσθαι</span> <span class='ocrx_word' id='word_1_357' title='bbox 1448 2513 1740 2595; x_wconf 63' lang='grc' dir='ltr'>τοιοῦτους,</span> 
     </span>
    </p>
   </div>
   <div class='ocr_carea' id='block_1_49' title="bbox 1845 2513 3392 2603">
    <p class='ocr_par' dir='ltr' id='par_1_49' title="bbox 1845 2526 3392 2595">
     <span class='ocr_line' id='line_1_49' title="bbox 1845 2526 3392 2595; baseline -0.001 -15"><span class='ocrx_word' id='word_1_358' title='bbox 1845 2542 1924 2590; x_wconf 85' lang='lat' dir='ltr'><strong>ce,</strong></span> <span class='ocrx_word' id='word_1_359' title='bbox 1958 2535 2031 2582; x_wconf 91' lang='lat' dir='ltr'><strong>.et</strong></span> <span class='ocrx_word' id='word_1_360' title='bbox 2088 2527 2182 2595; x_wconf 87' lang='lat' dir='ltr'><strong>qui</strong></span> <span class='ocrx_word' id='word_1_361' title='bbox 2232 2527 2548 2582; x_wconf 81' lang='lat' dir='ltr'><strong>assidebam</strong></span> <span class='ocrx_word' id='word_1_362' title='bbox 2583 2527 2684 2582; x_wconf 87' lang='lat' dir='ltr'><strong>eis.</strong></span> <span class='ocrx_word' id='word_1_363' title='bbox 2746 2526 2957 2582; x_wconf 87' lang='lat' dir='ltr'><strong>Etcum</strong></span> <span class='ocrx_word' id='word_1_364' title='bbox 3013 2529 3392 2595; x_wconf 87' lang='lat' dir='ltr'><strong>recessissent,</strong></span> 
     </span>
    </p>
   </div>
   <div class='ocr_carea' id='block_1_50' title="bbox 170 2622 1742 2693">
    <p class='ocr_par' dir='ltr' id='par_1_50' title="bbox 170 2622 1742 2693">
     <span class='ocr_line' id='line_1_50' title="bbox 170 2622 1742 2693; baseline 0.001 -17"><span class='ocrx_word' id='word_1_365' title='bbox 170 2625 361 2686; x_wconf 73' lang='grc' dir='ltr'>ὁποῖος</span> <span class='ocrx_word' id='word_1_366' title='bbox 392 2623 548 2692; x_wconf 83' lang='grc' dir='ltr'>κάγώ</span> <span class='ocrx_word' id='word_1_367' title='bbox 594 2625 745 2693; x_wconf 85' lang='grc' dir='ltr'>είμι,</span> <span class='ocrx_word' id='word_1_368' title='bbox 787 2623 1059 2693; x_wconf 78' lang='grc' dir='ltr'>παρεκτὸς</span> <span class='ocrx_word' id='word_1_369' title='bbox 1107 2623 1214 2675; x_wconf 90' lang='grc' dir='ltr'><strong>τῶν</strong></span> <span class='ocrx_word' id='word_1_370' title='bbox 1259 2622 1471 2692; x_wconf 83' lang='grc' dir='ltr'>δεσμῶν</span> <span class='ocrx_word' id='word_1_371' title='bbox 1517 2624 1742 2678; x_wconf 79' lang='grc' dir='ltr'>τούτων.</span> 
     </span>
    </p>
   </div>
   <div class='ocr_carea' id='block_1_51' title="bbox 174 2708 1733 2778">
    <p class='ocr_par' dir='ltr' id='par_1_51' title="bbox 174 2708 1733 2778">
     <span class='ocr_line' id='line_1_51' title="bbox 174 2708 1733 2778; baseline -0.002 -13"><span class='ocrx_word' id='word_1_372' title='bbox 174 2713 290 2765; x_wconf 76' lang='grc' dir='ltr'><strong>Καὶ</strong></span> <span class='ocrx_word' id='word_1_373' title='bbox 323 2712 496 2765; x_wconf 87' lang='grc' dir='ltr'>ταῦτα</span> <span class='ocrx_word' id='word_1_374' title='bbox 538 2713 785 2774; x_wconf 81' lang='grc' dir='ltr'>εἰπόντος</span> <span class='ocrx_word' id='word_1_375' title='bbox 823 2711 991 2766; x_wconf 80' lang='grc' dir='ltr'>αὑτοῦ</span> <span class='ocrx_word' id='word_1_376' title='bbox 1015 2750 1029 2774; x_wconf 92' lang='grc'><strong>,</strong></span> <span class='ocrx_word' id='word_1_377' title='bbox 1067 2710 1266 2778; x_wconf 86' lang='grc' dir='ltr'>ἀνέστη</span> <span class='ocrx_word' id='word_1_378' title='bbox 1301 2727 1360 2768; x_wconf 77' lang='grc' dir='ltr'><strong>τε</strong></span> <span class='ocrx_word' id='word_1_379' title='bbox 1406 2708 1733 2778; x_wconf 75' lang='grc' dir='ltr'>ὁβασιλεὺς,</span> 
     </span>
    </p>
   </div>
   <div class='ocr_carea' id='block_1_52' title="bbox 175 2802 1738 2874">
    <p class='ocr_par' dir='ltr' id='par_1_52' title="bbox 175 2802 1738 2874">
     <span class='ocr_line' id='line_1_52' title="bbox 175 2802 1738 2874; baseline -0.001 -19"><span class='ocrx_word' id='word_1_380' title='bbox 175 2805 274 2856; x_wconf 80' lang='grc' dir='ltr'>καὶ</span> <span class='ocrx_word' id='word_1_381' title='bbox 300 2807 327 2856; x_wconf 89' lang='lat'><strong>6</strong></span> <span class='ocrx_word' id='word_1_382' title='bbox 371 2803 591 2874; x_wconf 77' lang='grc' dir='ltr'>ἡγεμὼν</span> <span class='ocrx_word' id='word_1_383' title='bbox 613 2843 626 2869; x_wconf 98' lang='grc'><strong>,</strong></span> <span class='ocrx_word' id='word_1_384' title='bbox 651 2804 686 2866; x_wconf 82' lang='grc' dir='ltr'><strong>ἥ</strong></span> <span class='ocrx_word' id='word_1_385' title='bbox 731 2821 792 2857; x_wconf 88' lang='grc' dir='ltr'><strong>τε</strong></span> <span class='ocrx_word' id='word_1_386' title='bbox 817 2803 1072 2874; x_wconf 82' lang='grc' dir='ltr'>Βερνίκη,</span> <span class='ocrx_word' id='word_1_387' title='bbox 1119 2803 1214 2855; x_wconf 77' lang='grc' dir='ltr'>καὶ</span> <span class='ocrx_word' id='word_1_388' title='bbox 1249 2804 1297 2854; x_wconf 88' lang='grc' dir='ltr'><strong>οί</strong></span> <span class='ocrx_word' id='word_1_389' title='bbox 1335 2802 1738 2870; x_wconf 85' lang='grc' dir='ltr'>συγκαθήμενοι</span> 
     </span>
    </p>
   </div>
   <div class='ocr_carea' id='block_1_53' title="bbox 175 2881 1778 2966">
    <p class='ocr_par' dir='ltr' id='par_1_53' title="bbox 175 2881 1778 2966">
     <span class='ocr_line' id='line_1_53' title="bbox 175 2881 1778 2966; baseline 0 -20"><span class='ocrx_word' id='word_1_390' title='bbox 175 2896 365 2959; x_wconf 76' lang='grc' dir='ltr'>αὐτοῖς</span> <span class='ocrx_word' id='word_1_391' title='bbox 398 2911 413 2925; x_wconf 75' lang='grc' dir='ltr'><strong>ο</strong></span> <span class='ocrx_word' id='word_1_392' title='bbox 462 2897 558 2950; x_wconf 77' lang='grc' dir='ltr'><strong>καὶ</strong></span> <span class='ocrx_word' id='word_1_393' title='bbox 613 2895 1067 2966; x_wconf 84' lang='grc' dir='ltr'>ἀναχωρήσαντες</span> <span class='ocrx_word' id='word_1_394' title='bbox 1121 2893 1342 2945; x_wconf 81' lang='grc' dir='ltr'>ἐλάλουν</span> <span class='ocrx_word' id='word_1_395' title='bbox 1393 2895 1528 2964; x_wconf 88' lang='grc' dir='ltr'>πρὸς</span> <span class='ocrx_word' id='word_1_396' title='bbox 1568 2893 1736 2962; x_wconf 84' lang='grc' dir='ltr'>ἀλλή-</span> <span class='ocrx_word' id='word_1_397' title='bbox 1775 2881 1778 2886; x_wconf 39' lang='grc'><em>“</em></span> 
     </span>
    </p>
   </div>
   <div class='ocr_carea' id='block_1_54' title="bbox 1842 2621 3396 2694">
    <p class='ocr_par' dir='ltr' id='par_1_54' title="bbox 1842 2621 3396 2694">
     <span class='ocr_line' id='line_1_54' title="bbox 1842 2621 3396 2694; baseline 0.005 -22"><span class='ocrx_word' id='word_1_398' title='bbox 1842 2621 2201 2693; x_wconf 84' lang='lat' dir='ltr'><strong>loquebantur</strong></span> <span class='ocrx_word' id='word_1_399' title='bbox 2264 2622 2331 2676; x_wconf 90' lang='lat' dir='ltr'><strong>ad</strong></span> <span class='ocrx_word' id='word_1_400' title='bbox 2395 2623 2645 2690; x_wconf 85' lang='lat' dir='ltr'><strong>invicem,</strong></span> <span class='ocrx_word' id='word_1_401' title='bbox 2719 2624 2979 2690; x_wconf 86' lang='lat' dir='ltr'><strong>dicentes,</strong></span> <span class='ocrx_word' id='word_1_402' title='bbox 3056 2627 3181 2694; x_wconf 90' lang='lat' dir='ltr'><strong>quia</strong></span> <span class='ocrx_word' id='word_1_403' title='bbox 3250 2625 3396 2679; x_wconf 87' lang='lat' dir='ltr'><strong>Nihil</strong></span> 
     </span>
    </p>
   </div>
   <div class='ocr_carea' id='block_1_55' title="bbox 1849 2712 3396 2783">
    <p class='ocr_par' dir='ltr' id='par_1_55' title="bbox 1849 2712 3396 2783">
     <span class='ocr_line' id='line_1_55' title="bbox 1849 2712 3396 2783; baseline 0.001 -18"><span class='ocrx_word' id='word_1_404' title='bbox 1849 2720 2042 2775; x_wconf 88' lang='lat' dir='ltr'><strong>morte,</strong></span> <span class='ocrx_word' id='word_1_405' title='bbox 2073 2722 2165 2765; x_wconf 91' lang='lat' dir='ltr'><strong>aut</strong></span> <span class='ocrx_word' id='word_1_406' title='bbox 2195 2712 2430 2766; x_wconf 84' lang='lat' dir='ltr'><strong>vinculis</strong></span> <span class='ocrx_word' id='word_1_407' title='bbox 2467 2714 2688 2783; x_wconf 87' lang='lat' dir='ltr'><strong>dignum</strong></span> <span class='ocrx_word' id='word_1_408' title='bbox 2722 2714 2850 2781; x_wconf 90' lang='lat' dir='ltr'><strong>quid</strong></span> <span class='ocrx_word' id='word_1_409' title='bbox 2896 2714 3024 2768; x_wconf 79' lang='lat' dir='ltr'><strong>fecit</strong></span> <span class='ocrx_word' id='word_1_410' title='bbox 3074 2716 3234 2769; x_wconf 92' lang='lat' dir='ltr'><strong>homo</strong></span> <span class='ocrx_word' id='word_1_411' title='bbox 3275 2718 3396 2769; x_wconf 89' lang='lat' dir='ltr'><strong>iste.</strong></span> 
     </span>
    </p>
   </div>
   <div class='ocr_carea' id='block_1_56' title="bbox 1851 2801 3399 2874">
    <p class='ocr_par' dir='ltr' id='par_1_56' title="bbox 1851 2801 3399 2874">
     <span class='ocr_line' id='line_1_56' title="bbox 1851 2801 3399 2874; baseline 0.002 -19"><span class='ocrx_word' id='word_1_412' title='bbox 1851 2802 2083 2871; x_wconf 85' lang='lat' dir='ltr'><strong>Agrippa</strong></span> <span class='ocrx_word' id='word_1_413' title='bbox 2139 2812 2315 2855; x_wconf 89' lang='lat' dir='ltr'><strong>autem</strong></span> <span class='ocrx_word' id='word_1_414' title='bbox 2342 2801 2514 2856; x_wconf 83' lang='lat' dir='ltr'><strong>Festo</strong></span> <span class='ocrx_word' id='word_1_415' title='bbox 2545 2803 2678 2856; x_wconf 83' lang='lat' dir='ltr'><strong>dixit</strong></span> <span class='ocrx_word' id='word_1_416' title='bbox 2704 2820 2720 2858; x_wconf 90' lang='lat'><strong>:</strong></span> <span class='ocrx_word' id='word_1_417' title='bbox 2745 2801 2948 2857; x_wconf 90' lang='lat' dir='ltr'><strong>Dimitti</strong></span> <span class='ocrx_word' id='word_1_418' title='bbox 2997 2813 3208 2874; x_wconf 87' lang='lat' dir='ltr'><strong>poterat</strong></span> <span class='ocrx_word' id='word_1_419' title='bbox 3238 2805 3399 2858; x_wconf 91' lang='lat' dir='ltr'><strong>homo</strong></span> 
     </span>
    </p>
   </div>
   <div class='ocr_carea' id='block_1_57' title="bbox 1849 2891 2833 2960">
    <p class='ocr_par' dir='ltr' id='par_1_57' title="bbox 1849 2891 2833 2960">
     <span class='ocr_line' id='line_1_57' title="bbox 1849 2891 2833 2960; baseline 0.002 -14"><span class='ocrx_word' id='word_1_420' title='bbox 1849 2893 1958 2958; x_wconf 92' lang='lat' dir='ltr'><strong>hic,</strong></span> <span class='ocrx_word' id='word_1_421' title='bbox 1984 2891 2030 2945; x_wconf 91' lang='lat' dir='ltr'><strong>si</strong></span> <span class='ocrx_word' id='word_1_422' title='bbox 2059 2906 2165 2946; x_wconf 91' lang='lat' dir='ltr'><strong>non</strong></span> <span class='ocrx_word' id='word_1_423' title='bbox 2198 2891 2524 2960; x_wconf 68' lang='lat' dir='ltr'><strong>appellasset</strong></span> <span class='ocrx_word' id='word_1_424' title='bbox 2545 2891 2833 2948; x_wconf 78' lang='lat' dir='ltr'><strong>Caesarem.</strong></span> 
     </span>
    </p>
   </div>
   <div class='ocr_carea' id='block_1_58' title="bbox 177 2977 3401 3068">
    <p class='ocr_par' dir='ltr' id='par_1_58' title="bbox 177 2977 3401 3068">
     <span class='ocr_line' id='line_1_58' title="bbox 177 2977 3401 3068; baseline 0.002 -35"><span class='ocrx_word' id='word_1_425' title='bbox 177 2983 338 3048; x_wconf 87' lang='grc' dir='ltr'>λους,</span> <span class='ocrx_word' id='word_1_426' title='bbox 377 2985 625 3053; x_wconf 85' lang='grc' dir='ltr'>λέγοντες</span> <span class='ocrx_word' id='word_1_427' title='bbox 648 3026 663 3050; x_wconf 91' lang='grc'><strong>,</strong></span> <span class='ocrx_word' id='word_1_428' title='bbox 707 2987 787 3039; x_wconf 84' lang='grc' dir='ltr'>ὃτι</span> <span class='ocrx_word' id='word_1_429' title='bbox 818 2984 985 3039; x_wconf 72' lang='grc' dir='ltr'>Οὐδὲν</span> <span class='ocrx_word' id='word_1_430' title='bbox 1015 2985 1243 3038; x_wconf 87' lang='grc' dir='ltr'>θανάτου</span> <span class='ocrx_word' id='word_1_431' title='bbox 1275 2984 1422 3049; x_wconf 78' lang='grc' dir='ltr'>ἄξιόν</span> <span class='ocrx_word' id='word_1_432' title='bbox 1461 3002 1546 3048; x_wconf 88' lang='grc' dir='ltr'><strong>τι,</strong></span> <span class='ocrx_word' id='word_1_433' title='bbox 1577 2986 1611 3054; x_wconf 83' lang='grc' dir='ltr'>ἢ</span> <span class='ocrx_word' id='word_1_434' title='bbox 1642 2982 1858 3053; x_wconf 84' lang='grc' dir='ltr'>δεσμῶν</span> <span class='ocrx_word' id='word_1_435' title='bbox 1927 2983 2162 3054; x_wconf 81' lang='grc' dir='ltr'>πράσσει</span> <span class='ocrx_word' id='word_1_436' title='bbox 2195 2983 2219 3033; x_wconf 87' lang='lat'><strong>6</strong></span> <span class='ocrx_word' id='word_1_437' title='bbox 2247 2977 2533 3068; x_wconf 67' lang='grc' dir='ltr'>ἄνθρωπος</span> <span class='ocrx_word' id='word_1_438' title='bbox 2599 2977 2771 3049; x_wconf 76' lang='grc' dir='ltr'>οὗτος.</span> <span class='ocrx_word' id='word_1_439' title='bbox 2850 2987 3155 3057; x_wconf 86' lang='grc' dir='ltr'>Ἀγρίππας</span> <span class='ocrx_word' id='word_1_440' title='bbox 3213 2985 3270 3039; x_wconf 75' lang='grc' dir='ltr'>δὲ</span> <span class='ocrx_word' id='word_1_441' title='bbox 3323 2984 3401 3057; x_wconf 81' lang='grc' dir='ltr'>τῷ</span> 
     </span>
    </p>
   </div>
   <div class='ocr_carea' id='block_1_59' title="bbox 178 3070 3033 3148">
    <p class='ocr_par' dir='ltr' id='par_1_59' title="bbox 178 3070 3033 3148">
     <span class='ocr_line' id='line_1_59' title="bbox 178 3070 3033 3148; baseline 0.002 -24"><span class='ocrx_word' id='word_1_442' title='bbox 178 3075 376 3144; x_wconf 71' lang='grc' dir='ltr'>Φήστῳ</span> <span class='ocrx_word' id='word_1_443' title='bbox 408 3076 512 3147; x_wconf 74' lang='grc' dir='ltr'><strong>ἔφη</strong></span> <span class='ocrx_word' id='word_1_444' title='bbox 535 3095 549 3108; x_wconf 85' lang='grc'><strong>·</strong></span> <span class='ocrx_word' id='word_1_445' title='bbox 607 3078 1001 3134; x_wconf 82' lang='grc' dir='ltr'>Ἀπολελύσθαι</span> <span class='ocrx_word' id='word_1_446' title='bbox 1029 3077 1259 3148; x_wconf 68' lang='grc' dir='ltr'>ἠδύνατο</span> <span class='ocrx_word' id='word_1_447' title='bbox 1282 3079 1310 3129; x_wconf 90' lang='lat'><strong>6</strong></span> <span class='ocrx_word' id='word_1_448' title='bbox 1339 3076 1622 3144; x_wconf 76' lang='grc' dir='ltr'>ἄνθρωπος</span> <span class='ocrx_word' id='word_1_449' title='bbox 1651 3070 1825 3140; x_wconf 78' lang='grc' dir='ltr'>οὗτος,</span> <span class='ocrx_word' id='word_1_450' title='bbox 1855 3076 1902 3128; x_wconf 83' lang='grc' dir='ltr'><strong>εί</strong></span> <span class='ocrx_word' id='word_1_451' title='bbox 1935 3075 2009 3146; x_wconf 79' lang='grc' dir='ltr'>μὴ</span> <span class='ocrx_word' id='word_1_452' title='bbox 2036 3075 2363 3146; x_wconf 81' lang='grc' dir='ltr'>ἐπικέκλητο</span> <span class='ocrx_word' id='word_1_453' title='bbox 2383 3073 2656 3147; x_wconf 73' lang='grc' dir='ltr'>Καίσαρα.</span> <span class='ocrx_word' id='word_1_454' title='bbox 3026 3072 3033 3079; x_wconf 82' lang='grc'><em>’</em></span> 
     </span>
    </p>
   </div>
   <div class='ocr_carea' id='block_1_60' title="bbox 718 3192 1157 3246">
    <p class='ocr_par' dir='ltr' id='par_1_60' title="bbox 718 3192 1157 3246">
     <span class='ocr_line' id='line_1_60' title="bbox 718 3192 1157 3246; baseline -0.002 -1"><span class='ocrx_word' id='word_1_455' title='bbox 718 3211 721 3214; x_wconf 87' lang='grc'><strong>·</strong></span> <span class='ocrx_word' id='word_1_456' title='bbox 773 3192 1157 3246; x_wconf 85' lang='lat' dir='ltr'><strong>EPMHNEIA.</strong></span> 
     </span>
    </p>
   </div>
   <div class='ocr_carea' id='block_1_61' title="bbox 255 3279 1737 3360">
    <p class='ocr_par' dir='ltr' id='par_1_61' title="bbox 255 3279 1737 3360">
     <span class='ocr_line' id='line_1_61' title="bbox 255 3279 1737 3360; baseline -0.002 -22"><span class='ocrx_word' id='word_1_457' title='bbox 255 3281 376 3340; x_wconf 77' lang='grc' dir='ltr'>’ἶνα</span> <span class='ocrx_word' id='word_1_458' title='bbox 428 3283 504 3358; x_wconf 67' lang='grc' dir='ltr'>μὴ</span> <span class='ocrx_word' id='word_1_459' title='bbox 565 3282 689 3360; x_wconf 66' lang='grc' dir='ltr'>δόξῃ</span> <span class='ocrx_word' id='word_1_460' title='bbox 750 3286 910 3348; x_wconf 72' lang='grc' dir='ltr'>αὐτὸς</span> <span class='ocrx_word' id='word_1_461' title='bbox 967 3285 1291 3348; x_wconf 85' lang='grc' dir='ltr'>διδάσκαλος</span> <span class='ocrx_word' id='word_1_462' title='bbox 1337 3279 1475 3354; x_wconf 75' lang='grc' dir='ltr'>εἶναι</span> <span class='ocrx_word' id='word_1_463' title='bbox 1528 3283 1737 3347; x_wconf 84' lang='grc' dir='ltr'>τούτου,</span> 
     </span>
    </p>
   </div>
   <div class='ocr_carea' id='block_1_62' title="bbox 188 3374 1742 3449">
    <p class='ocr_par' dir='ltr' id='par_1_62' title="bbox 188 3374 1742 3449">
     <span class='ocr_line' id='line_1_62' title="bbox 188 3374 1742 3449; baseline -0.002 -21"><span class='ocrx_word' id='word_1_464' title='bbox 188 3378 389 3446; x_wconf 76' lang='grc' dir='ltr'>ἐπάγει</span> <span class='ocrx_word' id='word_1_465' title='bbox 445 3381 728 3449; x_wconf 73' lang='grc' dir='ltr'>προφήτας</span> <span class='ocrx_word' id='word_1_466' title='bbox 766 3375 861 3435; x_wconf 78' lang='grc' dir='ltr'>καὶ</span> <span class='ocrx_word' id='word_1_467' title='bbox 906 3377 997 3436; x_wconf 75' lang='grc' dir='ltr'><strong>τὸν</strong></span> <span class='ocrx_word' id='word_1_468' title='bbox 1026 3376 1266 3438; x_wconf 65' lang='grc' dir='ltr'>Μωῠσέα</span> <span class='ocrx_word' id='word_1_469' title='bbox 1296 3376 1523 3449; x_wconf 85' lang='grc' dir='ltr'>λέγοντα</span> <span class='ocrx_word' id='word_1_470' title='bbox 1560 3391 1574 3405; x_wconf 78' lang='grc'><strong><em>⁸</em></strong></span> <span class='ocrx_word' id='word_1_471' title='bbox 1630 3394 1647 3426; x_wconf 81' lang='grc' dir='ltr'><strong>ι</strong></span> <span class='ocrx_word' id='word_1_472' title='bbox 1681 3374 1742 3426; x_wconf 76' lang='lat' dir='ltr'><strong>Et</strong></span> 
     </span>
    </p>
   </div>
   <div class='ocr_carea' id='block_1_63' title="bbox 182 3451 1742 3545">
    <p class='ocr_par' dir='ltr' id='par_1_63' title="bbox 182 3451 1742 3545">
     <span class='ocr_line' id='line_1_63' title="bbox 182 3451 1742 3545; baseline -0.001 -26"><span class='ocrx_word' id='word_1_473' title='bbox 182 3467 428 3545; x_wconf 57' lang='lat' dir='ltr'><strong>«aeqvor;</strong></span> <span class='ocrx_word' id='word_1_474' title='bbox 467 3472 495 3522; x_wconf 92' lang='lat'><strong>6</strong></span> <span class='ocrx_word' id='word_1_475' title='bbox 525 3451 788 3540; x_wconf 68' lang='grc' dir='ltr'>Χριστὸς,</span> <span class='ocrx_word' id='word_1_476' title='bbox 819 3472 867 3524; x_wconf 83' lang='grc' dir='ltr'><strong>εί</strong></span> <span class='ocrx_word' id='word_1_477' title='bbox 910 3470 1124 3541; x_wconf 86' lang='grc' dir='ltr'>πρῶτος</span> <span class='ocrx_word' id='word_1_478' title='bbox 1172 3472 1230 3536; x_wconf 73' lang='grc' dir='ltr'><strong>ἐξ</strong></span> <span class='ocrx_word' id='word_1_479' title='bbox 1275 3469 1624 3530; x_wconf 75' lang='grc' dir='ltr'>ἀναστάσεως</span> <span class='ocrx_word' id='word_1_480' title='bbox 1654 3481 1742 3518; x_wconf 83' lang='grc' dir='ltr'>νε·-</span> 
     </span>
    </p>
   </div>
   <div class='ocr_carea' id='block_1_64' title="bbox 182 3559 1746 3630">
    <p class='ocr_par' dir='ltr' id='par_1_64' title="bbox 182 3559 1746 3630">
     <span class='ocr_line' id='line_1_64' title="bbox 182 3559 1746 3630; baseline 0.001 -21"><span class='ocrx_word' id='word_1_481' title='bbox 182 3560 357 3626; x_wconf 82' lang='grc' dir='ltr'>κρῶν,</span> <span class='ocrx_word' id='word_1_482' title='bbox 385 3578 403 3611; x_wconf 77' lang='grc' dir='ltr'><strong>ι</strong></span> <span class='ocrx_word' id='word_1_483' title='bbox 443 3561 537 3614; x_wconf 76' lang='grc' dir='ltr'>καὶ</span> <span class='ocrx_word' id='word_1_484' title='bbox 574 3561 641 3613; x_wconf 79' lang='grc' dir='ltr'>τὰ</span> <span class='ocrx_word' id='word_1_485' title='bbox 680 3562 830 3630; x_wconf 76' lang='grc' dir='ltr'>ἑξῆς.</span> <span class='ocrx_word' id='word_1_486' title='bbox 873 3562 946 3614; x_wconf 88' lang='grc' dir='ltr'><strong>Τὸ</strong></span> <span class='ocrx_word' id='word_1_487' title='bbox 984 3561 1062 3625; x_wconf 82' lang='grc' dir='ltr'>δὲ,</span> <span class='ocrx_word' id='word_1_488' title='bbox 1112 3579 1131 3612; x_wconf 75' lang='grc' dir='ltr'><strong>ι</strong></span> <span class='ocrx_word' id='word_1_489' title='bbox 1162 3562 1240 3625; x_wconf 88' lang='grc' dir='ltr'><strong>εί,</strong></span> <span class='ocrx_word' id='word_1_490' title='bbox 1272 3579 1290 3611; x_wconf 73' lang='grc' dir='ltr'><strong>ι</strong></span> <span class='ocrx_word' id='word_1_491' title='bbox 1325 3559 1557 3614; x_wconf 70' lang='grc' dir='ltr'>ἐνταῦθα</span> <span class='ocrx_word' id='word_1_492' title='bbox 1579 3600 1592 3623; x_wconf 93' lang='grc'><strong>,</strong></span> <span class='ocrx_word' id='word_1_493' title='bbox 1624 3560 1746 3612; x_wconf 77' lang='grc' dir='ltr'>ἀντὶ</span> 
     </span>
    </p>
   </div>
   <div class='ocr_carea' id='block_1_65' title="bbox 185 3647 1739 3721">
    <p class='ocr_par' dir='ltr' id='par_1_65' title="bbox 185 3647 1739 3721">
     <span class='ocr_line' id='line_1_65' title="bbox 185 3647 1739 3721; baseline -0.001 -21"><span class='ocrx_word' id='word_1_494' title='bbox 185 3648 302 3712; x_wconf 50' lang='grc' dir='ltr'>τοῦ,</span> <span class='ocrx_word' id='word_1_495' title='bbox 335 3649 443 3714; x_wconf 79' lang='grc' dir='ltr'>ὅτι,</span> <span class='ocrx_word' id='word_1_496' title='bbox 461 3651 596 3704; x_wconf 82' lang='grc' dir='ltr'>ὲστί.</span> <span class='ocrx_word' id='word_1_497' title='bbox 618 3652 879 3720; x_wconf 77' lang='grc' dir='ltr'>Μωΰσῆς,</span> <span class='ocrx_word' id='word_1_498' title='bbox 907 3651 1091 3721; x_wconf 76' lang='grc' dir='ltr'>φησὶν,</span> <span class='ocrx_word' id='word_1_499' title='bbox 1122 3647 1264 3715; x_wconf 77' lang='grc' dir='ltr'>εἷπε,</span> <span class='ocrx_word' id='word_1_500' title='bbox 1292 3650 1375 3703; x_wconf 81' lang='grc' dir='ltr'>ὅτι</span> <span class='ocrx_word' id='word_1_501' title='bbox 1408 3670 1426 3701; x_wconf 81' lang='grc' dir='ltr'><strong>ι</strong></span> <span class='ocrx_word' id='word_1_502' title='bbox 1453 3648 1689 3719; x_wconf 79' lang='grc' dir='ltr'>παθητὸς</span> <span class='ocrx_word' id='word_1_503' title='bbox 1722 3667 1739 3699; x_wconf 80' lang='grc' dir='ltr'><strong>ι</strong></span> 
     </span>
    </p>
   </div>
   <div class='ocr_carea' id='block_1_66' title="bbox 183 3735 1746 3817">
    <p class='ocr_par' dir='ltr' id='par_1_66' title="bbox 183 3735 1746 3817">
     <span class='ocr_line' id='line_1_66' title="bbox 183 3735 1746 3817; baseline 0.008 -24"><span class='ocrx_word' id='word_1_504' title='bbox 183 3747 209 3793; x_wconf 83' lang='grc' dir='ltr'><strong>ό</strong></span> <span class='ocrx_word' id='word_1_505' title='bbox 246 3745 480 3811; x_wconf 88' lang='grc' dir='ltr'>Χριστὸς</span> <span class='ocrx_word' id='word_1_506' title='bbox 524 3743 779 3817; x_wconf 84' lang='grc' dir='ltr'>[πρῶτος</span> <span class='ocrx_word' id='word_1_507' title='bbox 831 3745 888 3810; x_wconf 74' lang='grc' dir='ltr'><strong>ἐξ</strong></span> <span class='ocrx_word' id='word_1_508' title='bbox 938 3735 1371 3815; x_wconf 77' lang='grc' dir='ltr'>ἀναστάσεωςοι]</span> <span class='ocrx_word' id='word_1_509' title='bbox 1396 3741 1609 3813; x_wconf 83' lang='grc' dir='ltr'>πρῶτος</span> <span class='ocrx_word' id='word_1_510' title='bbox 1639 3741 1746 3810; x_wconf 82' lang='grc' dir='ltr'><strong>γὰρ</strong></span> 
     </span>
    </p>
   </div>
   <div class='ocr_carea' id='block_1_67' title="bbox 185 3829 1748 3906">
    <p class='ocr_par' dir='ltr' id='par_1_67' title="bbox 185 3829 1748 3906">
     <span class='ocr_line' id='line_1_67' title="bbox 185 3829 1748 3906; baseline 0.001 -22"><span class='ocrx_word' id='word_1_511' title='bbox 185 3829 340 3896; x_wconf 69' lang='grc' dir='ltr'>οὗτος</span> <span class='ocrx_word' id='word_1_512' title='bbox 369 3835 590 3906; x_wconf 80' lang='grc' dir='ltr'>ἀνέστη,</span> <span class='ocrx_word' id='word_1_513' title='bbox 633 3840 728 3891; x_wconf 82' lang='grc' dir='ltr'>καὶ</span> <span class='ocrx_word' id='word_1_514' title='bbox 753 3839 852 3891; x_wconf 76' lang='grc' dir='ltr'><strong>οὐκ</strong></span> <span class='ocrx_word' id='word_1_515' title='bbox 886 3836 966 3890; x_wconf 76' lang='grc' dir='ltr'>ἔτι</span> <span class='ocrx_word' id='word_1_516' title='bbox 1001 3836 1357 3906; x_wconf 83' lang='grc' dir='ltr'>ἀποθνήσκει.</span> <span class='ocrx_word' id='word_1_517' title='bbox 1394 3836 1457 3888; x_wconf 80' lang='grc' dir='ltr'><strong>Οἱ</strong></span> <span class='ocrx_word' id='word_1_518' title='bbox 1487 3833 1592 3903; x_wconf 79' lang='grc' dir='ltr'>γὰρ</span> <span class='ocrx_word' id='word_1_519' title='bbox 1621 3835 1748 3886; x_wconf 84' lang='grc' dir='ltr'>ἁνα-</span> 
     </span>
    </p>
   </div>
   <div class='ocr_carea' id='block_1_68' title="bbox 188 3921 1746 3997">
    <p class='ocr_par' dir='ltr' id='par_1_68' title="bbox 188 3921 1746 3997">
     <span class='ocr_line' id='line_1_68' title="bbox 188 3921 1746 3997; baseline 0.003 -23"><span class='ocrx_word' id='word_1_520' title='bbox 188 3924 416 3986; x_wconf 83' lang='grc' dir='ltr'>στάντες</span> <span class='ocrx_word' id='word_1_521' title='bbox 449 3924 518 3976; x_wconf 85' lang='grc' dir='ltr'>δι’</span> <span class='ocrx_word' id='word_1_522' title='bbox 565 3926 754 3990; x_wconf 85' lang='grc' dir='ltr'>αὑτοῦ,</span> <span class='ocrx_word' id='word_1_523' title='bbox 787 3928 819 3995; x_wconf 71' lang='grc' dir='ltr'>ἢ</span> <span class='ocrx_word' id='word_1_524' title='bbox 849 3928 938 3980; x_wconf 82' lang='grc' dir='ltr'><strong>διά</strong></span> <span class='ocrx_word' id='word_1_525' title='bbox 972 3929 1080 3980; x_wconf 84' lang='grc' dir='ltr'><strong>τῶν</strong></span> <span class='ocrx_word' id='word_1_526' title='bbox 1137 3921 1417 3997; x_wconf 80' lang='grc' dir='ltr'>μαθητῶν,</span> <span class='ocrx_word' id='word_1_527' title='bbox 1449 3926 1540 3979; x_wconf 74' lang='grc' dir='ltr'>καὶ</span> <span class='ocrx_word' id='word_1_528' title='bbox 1586 3925 1746 3978; x_wconf 76' lang='grc' dir='ltr'>οἱδιὰ</span> 
     </span>
    </p>
   </div>
   <div class='ocr_carea' id='block_1_69' title="bbox 187 4004 1746 4085">
    <p class='ocr_par' dir='ltr' id='par_1_69' title="bbox 187 4004 1746 4085">
     <span class='ocr_line' id='line_1_69' title="bbox 187 4004 1746 4085; baseline 0.001 -21"><span class='ocrx_word' id='word_1_529' title='bbox 187 4015 295 4065; x_wconf 67' lang='grc' dir='ltr'>τῖιν</span> <span class='ocrx_word' id='word_1_530' title='bbox 327 4004 648 4085; x_wconf 73' lang='grc' dir='ltr'>προφητῶν,</span> <span class='ocrx_word' id='word_1_531' title='bbox 686 4016 848 4071; x_wconf 73' lang='grc' dir='ltr'>πάλιν</span> <span class='ocrx_word' id='word_1_532' title='bbox 901 4016 1190 4080; x_wconf 87' lang='grc' dir='ltr'>ἀπέθανον,</span> <span class='ocrx_word' id='word_1_533' title='bbox 1240 4019 1346 4079; x_wconf 81' lang='grc' dir='ltr'>ἓως</span> <span class='ocrx_word' id='word_1_534' title='bbox 1374 4017 1472 4085; x_wconf 87' lang='grc' dir='ltr'><strong>τῆς</strong></span> <span class='ocrx_word' id='word_1_535' title='bbox 1519 4016 1746 4068; x_wconf 84' lang='grc' dir='ltr'>καθόλου</span> 
     </span>
    </p>
   </div>
   <div class='ocr_carea' id='block_1_70' title="bbox 2216 3190 2916 3262">
    <p class='ocr_par' dir='ltr' id='par_1_70' title="bbox 2216 3190 2916 3262">
     <span class='ocr_line' id='line_1_70' title="bbox 2216 3190 2916 3262; baseline -0.001 -15"><span class='ocrx_word' id='word_1_536' title='bbox 2216 3230 2252 3262; x_wconf 24' lang='grc' dir='ltr'>ν.</span> <span class='ocrx_word' id='word_1_537' title='bbox 2354 3190 2916 3246; x_wconf 75' lang='lat' dir='ltr'><strong>COMMENTARIUS.</strong></span> 
     </span>
    </p>
   </div>
   <div class='ocr_carea' id='block_1_71' title="bbox 1921 3282 3403 3354">
    <p class='ocr_par' dir='ltr' id='par_1_71' title="bbox 1921 3282 3403 3354">
     <span class='ocr_line' id='line_1_71' title="bbox 1921 3282 3403 3354; baseline 0.002 -16"><span class='ocrx_word' id='word_1_538' title='bbox 1921 3283 2000 3339; x_wconf 84' lang='lat' dir='ltr'><strong>Ne</strong></span> <span class='ocrx_word' id='word_1_539' title='bbox 2031 3282 2234 3339; x_wconf 83' lang='lat' dir='ltr'><strong>Paulus</strong></span> <span class='ocrx_word' id='word_1_540' title='bbox 2264 3292 2457 3338; x_wconf 86' lang='lat' dir='ltr'><strong>auctor</strong></span> <span class='ocrx_word' id='word_1_541' title='bbox 2484 3284 2761 3337; x_wconf 84' lang='lat' dir='ltr'><strong>videretur</strong></span> <span class='ocrx_word' id='word_1_542' title='bbox 2785 3285 3050 3339; x_wconf 61' lang='lat' dir='ltr'><strong>doctrina?</strong></span> <span class='ocrx_word' id='word_1_543' title='bbox 3076 3299 3235 3354; x_wconf 85' lang='lat' dir='ltr'><strong>quam</strong></span> <span class='ocrx_word' id='word_1_544' title='bbox 3261 3301 3403 3354; x_wconf 64' lang='lat' dir='ltr'><strong>prai-</strong></span> 
     </span>
    </p>
   </div>
   <div class='ocr_carea' id='block_1_72' title="bbox 1851 3376 3402 3445">
    <p class='ocr_par' dir='ltr' id='par_1_72' title="bbox 1851 3376 3402 3445">
     <span class='ocr_line' id='line_1_72' title="bbox 1851 3376 3402 3445; baseline 0.003 -15"><span class='ocrx_word' id='word_1_545' title='bbox 1851 3377 2091 3442; x_wconf 87' lang='lat' dir='ltr'><strong>dicahat,</strong></span> <span class='ocrx_word' id='word_1_546' title='bbox 2117 3377 2338 3431; x_wconf 87' lang='lat' dir='ltr'><strong>adducit</strong></span> <span class='ocrx_word' id='word_1_547' title='bbox 2361 3377 2414 3429; x_wconf 91' lang='lat' dir='ltr'><strong>in</strong></span> <span class='ocrx_word' id='word_1_548' title='bbox 2436 3376 2809 3430; x_wconf 78' lang='lat' dir='ltr'><strong>testimonium</strong></span> <span class='ocrx_word' id='word_1_549' title='bbox 2834 3378 3128 3445; x_wconf 89' lang='lat' dir='ltr'><strong>prophetas</strong></span> <span class='ocrx_word' id='word_1_550' title='bbox 3144 3387 3196 3432; x_wconf 89' lang='lat' dir='ltr'><strong>et</strong></span> <span class='ocrx_word' id='word_1_551' title='bbox 3220 3379 3402 3434; x_wconf 82' lang='lat' dir='ltr'><strong>Mosen</strong></span> 
     </span>
    </p>
   </div>
   <div class='ocr_carea' id='block_1_73' title="bbox 1849 3463 3401 3536">
    <p class='ocr_par' dir='ltr' id='par_1_73' title="bbox 1849 3463 3401 3536">
     <span class='ocr_line' id='line_1_73' title="bbox 1849 3463 3401 3536; baseline -0.002 -14"><span class='ocrx_word' id='word_1_552' title='bbox 1849 3465 2117 3522; x_wconf 85' lang='lat' dir='ltr'><strong>dicentem</strong></span> <span class='ocrx_word' id='word_1_553' title='bbox 2157 3483 2168 3517; x_wconf 90' lang='lat'>:</span> <span class='ocrx_word' id='word_1_554' title='bbox 2211 3483 2229 3514; x_wconf 82' lang='grc' dir='ltr'><strong>ι</strong></span> <span class='ocrx_word' id='word_1_555' title='bbox 2272 3465 2329 3518; x_wconf 92' lang='lat' dir='ltr'><strong>Si</strong></span> <span class='ocrx_word' id='word_1_556' title='bbox 2368 3463 2641 3532; x_wconf 83' lang='lat' dir='ltr'><strong>passibilis</strong></span> <span class='ocrx_word' id='word_1_557' title='bbox 2697 3464 2968 3528; x_wconf 80' lang='lat' dir='ltr'><strong>Christus,</strong></span> <span class='ocrx_word' id='word_1_558' title='bbox 2997 3467 3040 3518; x_wconf 91' lang='lat' dir='ltr'><strong>si</strong></span> <span class='ocrx_word' id='word_1_559' title='bbox 3068 3466 3276 3536; x_wconf 85' lang='lat' dir='ltr'><strong>primus</strong></span> <span class='ocrx_word' id='word_1_560' title='bbox 3337 3482 3401 3522; x_wconf 90' lang='lat' dir='ltr'><strong>ex</strong></span> 
     </span>
    </p>
   </div>
   <div class='ocr_carea' id='block_1_74' title="bbox 1853 3555 3396 3614">
    <p class='ocr_par' dir='ltr' id='par_1_74' title="bbox 1853 3555 3396 3614">
     <span class='ocr_line' id='line_1_74' title="bbox 1853 3555 3396 3614; baseline 0 -4"><span class='ocrx_word' id='word_1_561' title='bbox 1853 3557 2248 3612; x_wconf 89' lang='lat' dir='ltr'><strong>resurrectione</strong></span> <span class='ocrx_word' id='word_1_562' title='bbox 2307 3563 2727 3610; x_wconf 78' lang='lat' dir='ltr'><strong>mortuorum.)</strong></span> <span class='ocrx_word' id='word_1_563' title='bbox 2789 3565 2894 3610; x_wconf 85' lang='lat' dir='ltr'><strong>etc.</strong></span> <span class='ocrx_word' id='word_1_564' title='bbox 2939 3555 3038 3610; x_wconf 87' lang='lat' dir='ltr'><strong>Ubi</strong></span> <span class='ocrx_word' id='word_1_565' title='bbox 3094 3558 3228 3613; x_wconf 85' lang='lat' dir='ltr'><strong>illud</strong></span> <span class='ocrx_word' id='word_1_566' title='bbox 3254 3558 3281 3609; x_wconf 77' lang='grc' dir='ltr'>ι’</span> <span class='ocrx_word' id='word_1_567' title='bbox 3302 3559 3345 3614; x_wconf 76' lang='lat' dir='ltr'><strong>si</strong></span> <span class='ocrx_word' id='word_1_568' title='bbox 3379 3578 3396 3610; x_wconf 74' lang='grc' dir='ltr'><strong>ι</strong></span> 
     </span>
    </p>
   </div>
   <div class='ocr_carea' id='block_1_75' title="bbox 1850 3647 3400 3721">
    <p class='ocr_par' dir='ltr' id='par_1_75' title="bbox 1850 3647 3400 3721">
     <span class='ocr_line' id='line_1_75' title="bbox 1850 3647 3400 3721; baseline 0.004 -23"><span class='ocrx_word' id='word_1_569' title='bbox 1850 3657 1934 3704; x_wconf 86' lang='lat' dir='ltr'><strong>est</strong></span> <span class='ocrx_word' id='word_1_570' title='bbox 1975 3664 2072 3718; x_wconf 86' lang='lat' dir='ltr'><strong>pro</strong></span> <span class='ocrx_word' id='word_1_571' title='bbox 2123 3649 2281 3718; x_wconf 87' lang='lat' dir='ltr'><strong>quod,</strong></span> <span class='ocrx_word' id='word_1_572' title='bbox 2335 3647 2418 3702; x_wconf 89' lang='lat' dir='ltr'><strong>vel</strong></span> <span class='ocrx_word' id='word_1_573' title='bbox 2469 3648 2725 3714; x_wconf 69' lang='lat' dir='ltr'><strong>quoniam</strong></span> <span class='ocrx_word' id='word_1_574' title='bbox 2800 3647 2995 3714; x_wconf 83' lang='lat' dir='ltr'><strong>Moses,</strong></span> <span class='ocrx_word' id='word_1_575' title='bbox 3022 3650 3215 3721; x_wconf 87' lang='lat' dir='ltr'><strong>inquit,</strong></span> <span class='ocrx_word' id='word_1_576' title='bbox 3244 3648 3400 3716; x_wconf 87' lang='lat' dir='ltr'><strong>dixit,</strong></span> 
     </span>
    </p>
   </div>
   <div class='ocr_carea' id='block_1_76' title="bbox 1855 3739 3406 3813">
    <p class='ocr_par' dir='ltr' id='par_1_76' title="bbox 1855 3739 3406 3813">
     <span class='ocr_line' id='line_1_76' title="bbox 1855 3739 3406 3813; baseline 0.002 -21"><span class='ocrx_word' id='word_1_577' title='bbox 1855 3741 1996 3813; x_wconf 83' lang='lat' dir='ltr'><strong>quod</strong></span> <span class='ocrx_word' id='word_1_578' title='bbox 2031 3760 2050 3792; x_wconf 82' lang='grc' dir='ltr'><strong>ι</strong></span> <span class='ocrx_word' id='word_1_579' title='bbox 2087 3739 2339 3795; x_wconf 87' lang='lat' dir='ltr'><strong>Christus</strong></span> <span class='ocrx_word' id='word_1_580' title='bbox 2366 3741 2644 3810; x_wconf 84' lang='lat' dir='ltr'><strong>passibilis</strong></span> <span class='ocrx_word' id='word_1_581' title='bbox 2680 3758 2697 3789; x_wconf 73' lang='grc' dir='ltr'><strong>ν</strong></span> <span class='ocrx_word' id='word_1_582' title='bbox 2733 3747 2899 3802; x_wconf 88' lang='lat' dir='ltr'><strong>esset,</strong></span> <span class='ocrx_word' id='word_1_583' title='bbox 2959 3755 3022 3795; x_wconf 87' lang='lat' dir='ltr'><strong>ac</strong></span> <span class='ocrx_word' id='word_1_584' title='bbox 3061 3759 3080 3790; x_wconf 79' lang='grc' dir='ltr'><strong>ι</strong></span> <span class='ocrx_word' id='word_1_585' title='bbox 3115 3743 3320 3810; x_wconf 78' lang='lat' dir='ltr'><strong>primus</strong></span> <span class='ocrx_word' id='word_1_586' title='bbox 3343 3757 3406 3805; x_wconf 84' lang='lat' dir='ltr'><strong>ex</strong></span> 
     </span>
    </p>
   </div>
   <div class='ocr_carea' id='block_1_77' title="bbox 1859 3829 3410 3901">
    <p class='ocr_par' dir='ltr' id='par_1_77' title="bbox 1859 3829 3410 3901">
     <span class='ocr_line' id='line_1_77' title="bbox 1859 3829 3410 3901; baseline -0.001 -13"><span class='ocrx_word' id='word_1_587' title='bbox 1859 3832 2284 3888; x_wconf 85' lang='lat' dir='ltr'><strong>resurrectione.</strong></span> <span class='ocrx_word' id='word_1_588' title='bbox 2325 3851 2340 3882; x_wconf 77' lang='grc' dir='ltr'><strong>ι</strong></span> <span class='ocrx_word' id='word_1_589' title='bbox 2382 3829 2514 3883; x_wconf 84' lang='lat' dir='ltr'><strong>Nam</strong></span> <span class='ocrx_word' id='word_1_590' title='bbox 2569 3830 2778 3901; x_wconf 91' lang='lat' dir='ltr'><strong>primus</strong></span> <span class='ocrx_word' id='word_1_591' title='bbox 2842 3831 2932 3885; x_wconf 91' lang='lat' dir='ltr'><strong>ille</strong></span> <span class='ocrx_word' id='word_1_592' title='bbox 2983 3834 3302 3894; x_wconf 86' lang='lat' dir='ltr'><strong>resurrexit,</strong></span> <span class='ocrx_word' id='word_1_593' title='bbox 3354 3841 3410 3887; x_wconf 87' lang='lat' dir='ltr'><strong>et</strong></span> 
     </span>
    </p>
   </div>
   <div class='ocr_carea' id='block_1_78' title="bbox 1861 3921 3405 3992">
    <p class='ocr_par' dir='ltr' id='par_1_78' title="bbox 1861 3921 3405 3992">
     <span class='ocr_line' id='line_1_78' title="bbox 1861 3921 3405 3992; baseline 0 -18"><span class='ocrx_word' id='word_1_594' title='bbox 1861 3944 1876 3974; x_wconf 85' lang='grc' dir='ltr'><strong>ι</strong></span> <span class='ocrx_word' id='word_1_595' title='bbox 1903 3924 2010 3991; x_wconf 87' lang='lat' dir='ltr'><strong>jam</strong></span> <span class='ocrx_word' id='word_1_596' title='bbox 2049 3937 2152 3975; x_wconf 92' lang='lat' dir='ltr'><strong>non</strong></span> <span class='ocrx_word' id='word_1_597' title='bbox 2196 3921 2427 3990; x_wconf 89' lang='lat' dir='ltr'><strong>amplius</strong></span> <span class='ocrx_word' id='word_1_598' title='bbox 2473 3921 2767 3974; x_wconf 64' lang='lat' dir='ltr'><strong>moritur.»</strong></span> <span class='ocrx_word' id='word_1_599' title='bbox 2798 3921 2855 3973; x_wconf 88' lang='lat' dir='ltr'><strong>Si</strong></span> <span class='ocrx_word' id='word_1_600' title='bbox 2877 3922 3020 3975; x_wconf 88' lang='lat' dir='ltr'><strong>enim</strong></span> <span class='ocrx_word' id='word_1_601' title='bbox 3053 3922 3145 3990; x_wconf 87' lang='lat' dir='ltr'><strong>qui</strong></span> <span class='ocrx_word' id='word_1_602' title='bbox 3168 3924 3234 3974; x_wconf 88' lang='lat' dir='ltr'><strong>ah</strong></span> <span class='ocrx_word' id='word_1_603' title='bbox 3266 3924 3405 3992; x_wconf 84' lang='lat' dir='ltr'><strong>ipso,</strong></span> 
     </span>
    </p>
   </div>
   <div class='ocr_carea' id='block_1_79' title="bbox 1855 4013 3407 4084">
    <p class='ocr_par' dir='ltr' id='par_1_79' title="bbox 1855 4013 3407 4084">
     <span class='ocr_line' id='line_1_79' title="bbox 1855 4013 3407 4084; baseline -0.009 -14"><span class='ocrx_word' id='word_1_604' title='bbox 1855 4014 2015 4084; x_wconf 82' lang='lat'><strong>309</strong></span> <span class='ocrx_word' id='word_1_605' title='bbox 2063 4013 2143 4068; x_wconf 84' lang='lat' dir='ltr'><strong>vel</strong></span> <span class='ocrx_word' id='word_1_606' title='bbox 2174 4013 2240 4065; x_wconf 87' lang='lat' dir='ltr'><strong>ab</strong></span> <span class='ocrx_word' id='word_1_607' title='bbox 2296 4013 2412 4082; x_wconf 84' lang='lat' dir='ltr'><strong>ejus</strong></span> <span class='ocrx_word' id='word_1_608' title='bbox 2441 4013 2741 4082; x_wconf 85' lang='lat' dir='ltr'><strong>discipulis,</strong></span> <span class='ocrx_word' id='word_1_609' title='bbox 2767 4014 2846 4067; x_wconf 87' lang='lat' dir='ltr'><strong>vel</strong></span> <span class='ocrx_word' id='word_1_610' title='bbox 2876 4029 2904 4065; x_wconf 90' lang='lat' dir='ltr'><strong>a</strong></span> <span class='ocrx_word' id='word_1_611' title='bbox 2931 4015 3206 4084; x_wconf 88' lang='lat' dir='ltr'><strong>prophetis</strong></span> <span class='ocrx_word' id='word_1_612' title='bbox 3246 4030 3407 4070; x_wconf 84' lang='lat' dir='ltr'><strong>exsu-</strong></span> 
     </span>
    </p>
   </div>
   <div class='ocr_carea' id='block_1_80' title="bbox 187 4105 1741 4180">
    <p class='ocr_par' dir='ltr' id='par_1_80' title="bbox 187 4106 1741 4180">
     <span class='ocr_line' id='line_1_80' title="bbox 187 4106 1741 4180; baseline 0.002 -24"><span class='ocrx_word' id='word_1_613' title='bbox 187 4106 538 4171; x_wconf 76' lang='grc' dir='ltr'>ἀναστάσεως</span> <span class='ocrx_word' id='word_1_614' title='bbox 567 4107 838 4175; x_wconf 73' lang='grc' dir='ltr'>μένοντες.</span> <span class='ocrx_word' id='word_1_615' title='bbox 887 4110 1105 4180; x_wconf 82' lang='grc' dir='ltr'>Ἐπειδὴ</span> <span class='ocrx_word' id='word_1_616' title='bbox 1134 4109 1222 4163; x_wconf 76' lang='grc' dir='ltr'>ἀεὶ</span> <span class='ocrx_word' id='word_1_617' title='bbox 1256 4111 1392 4179; x_wconf 87' lang='grc' dir='ltr'>πρὸς</span> <span class='ocrx_word' id='word_1_618' title='bbox 1410 4109 1500 4161; x_wconf 87' lang='grc' dir='ltr'><strong>τὸν</strong></span> <span class='ocrx_word' id='word_1_619' title='bbox 1526 4107 1741 4177; x_wconf 84' lang='grc' dir='ltr'>βασιλέα</span> 
     </span>
    </p>
   </div>
   <div class='ocr_carea' id='block_1_81' title="bbox 1845 4105 3411 4180">
    <p class='ocr_par' dir='ltr' id='par_1_81' title="bbox 1858 4105 3411 4174">
     <span class='ocr_line' id='line_1_81' title="bbox 1858 4105 3411 4174; baseline 0 -14"><span class='ocrx_word' id='word_1_620' title='bbox 1858 4108 2036 4160; x_wconf 84' lang='lat' dir='ltr'><strong>scitati</strong></span> <span class='ocrx_word' id='word_1_621' title='bbox 2072 4113 2218 4168; x_wconf 90' lang='lat' dir='ltr'><strong>sunt,</strong></span> <span class='ocrx_word' id='word_1_622' title='bbox 2254 4105 2445 4160; x_wconf 85' lang='lat' dir='ltr'><strong>iterum</strong></span> <span class='ocrx_word' id='word_1_623' title='bbox 2477 4105 2675 4158; x_wconf 91' lang='lat' dir='ltr'><strong>mortui</strong></span> <span class='ocrx_word' id='word_1_624' title='bbox 2701 4113 2866 4171; x_wconf 89' lang='lat' dir='ltr'><strong>sunt,</strong></span> <span class='ocrx_word' id='word_1_625' title='bbox 2899 4107 3204 4174; x_wconf 73' lang='lat' dir='ltr'><strong>monuique</strong></span> <span class='ocrx_word' id='word_1_626' title='bbox 3229 4123 3411 4160; x_wconf 84' lang='lat' dir='ltr'><strong>mane-</strong></span> 
     </span>
    </p>
   </div>
   <div class='ocr_carea' id='block_1_82' title="bbox 187 4192 1741 4270">
    <p class='ocr_par' dir='ltr' id='par_1_82' title="bbox 187 4192 1741 4270">
     <span class='ocr_line' id='line_1_82' title="bbox 187 4192 1741 4270; baseline 0.017 -26"><span class='ocrx_word' id='word_1_627' title='bbox 187 4195 480 4264; x_wconf 73' lang='grc' dir='ltr'>διελέγετο,</span> <span class='ocrx_word' id='word_1_628' title='bbox 515 4192 701 4269; x_wconf 85' lang='grc' dir='ltr'>ῶσπερ</span> <span class='ocrx_word' id='word_1_629' title='bbox 748 4199 919 4255; x_wconf 72' lang='grc' dir='ltr'>ἔπαθέ</span> <span class='ocrx_word' id='word_1_630' title='bbox 948 4219 1001 4254; x_wconf 90' lang='grc' dir='ltr'><strong>τι</strong></span> <span class='ocrx_word' id='word_1_631' title='bbox 1046 4204 1074 4254; x_wconf 90' lang='lat'><strong>6</strong></span> <span class='ocrx_word' id='word_1_632' title='bbox 1103 4201 1331 4270; x_wconf 79' lang='grc' dir='ltr'><strong>Φῆστος,</strong></span> <span class='ocrx_word' id='word_1_633' title='bbox 1365 4201 1456 4253; x_wconf 78' lang='grc' dir='ltr'><strong>καί</strong></span> <span class='ocrx_word' id='word_1_634' title='bbox 1495 4199 1616 4252; x_wconf 69' lang='grc' dir='ltr'><strong>ἰδὼν</strong></span> <span class='ocrx_word' id='word_1_635' title='bbox 1653 4201 1741 4268; x_wconf 54' lang='grc' dir='ltr'>τῆλ</span> 
     </span>
    </p>
   </div>
   <div class='ocr_carea' id='block_1_83' title="bbox 1845 4192 3414 4270">
    <p class='ocr_par' dir='ltr' id='par_1_83' title="bbox 1858 4195 3414 4266">
     <span class='ocr_line' id='line_1_83' title="bbox 1858 4195 3414 4266; baseline 0 -15"><span class='ocrx_word' id='word_1_636' title='bbox 1858 4199 1992 4252; x_wconf 87' lang='lat' dir='ltr'><strong>bunt</strong></span> <span class='ocrx_word' id='word_1_637' title='bbox 2024 4212 2197 4266; x_wconf 83' lang='lat' dir='ltr'><strong>usque</strong></span> <span class='ocrx_word' id='word_1_638' title='bbox 2229 4196 2293 4248; x_wconf 89' lang='lat' dir='ltr'><strong>ad</strong></span> <span class='ocrx_word' id='word_1_639' title='bbox 2323 4195 2688 4249; x_wconf 85' lang='lat' dir='ltr'><strong>universalem</strong></span> <span class='ocrx_word' id='word_1_640' title='bbox 2741 4199 3220 4251; x_wconf 87' lang='lat' dir='ltr'><strong>resurrectionem.</strong></span> <span class='ocrx_word' id='word_1_641' title='bbox 3273 4197 3414 4263; x_wconf 84' lang='lat' dir='ltr'><strong>Quo-</strong></span> 
     </span>
    </p>
   </div>
   <div class='ocr_carea' id='block_1_84' title="bbox 193 4286 1741 4362">
    <p class='ocr_par' dir='ltr' id='par_1_84' title="bbox 193 4289 1741 4362">
     <span class='ocr_line' id='line_1_84' title="bbox 193 4289 1741 4362; baseline 0.012 -27"><span class='ocrx_word' id='word_1_642' title='bbox 193 4289 527 4356; x_wconf 76' lang='grc' dir='ltr'>παρῤησίαν,</span> <span class='ocrx_word' id='word_1_643' title='bbox 565 4290 673 4344; x_wconf 82' lang='grc' dir='ltr'><strong>ἀπὸ</strong></span> <span class='ocrx_word' id='word_1_644' title='bbox 722 4289 893 4361; x_wconf 86' lang='grc' dir='ltr'>θυμοῦ</span> <span class='ocrx_word' id='word_1_645' title='bbox 933 4293 1028 4346; x_wconf 79' lang='grc' dir='ltr'>καὶ</span> <span class='ocrx_word' id='word_1_646' title='bbox 1072 4293 1240 4362; x_wconf 84' lang='grc' dir='ltr'>ὀργῆς</span> <span class='ocrx_word' id='word_1_647' title='bbox 1280 4310 1411 4362; x_wconf 80' lang='grc' dir='ltr'>φησι</span> <span class='ocrx_word' id='word_1_648' title='bbox 1437 4310 1449 4321; x_wconf 71' lang='grc'><strong>⁸</strong></span> <span class='ocrx_word' id='word_1_649' title='bbox 1489 4310 1506 4341; x_wconf 77' lang='grc' dir='ltr'><strong>ι</strong></span> <span class='ocrx_word' id='word_1_650' title='bbox 1544 4291 1741 4360; x_wconf 61' lang='grc' dir='ltr'>Μαίνῃη</span> 
     </span>
    </p>
   </div>
   <div class='ocr_carea' id='block_1_85' title="bbox 1845 4286 3413 4362">
    <p class='ocr_par' dir='ltr' id='par_1_85' title="bbox 1865 4286 3413 4358">
     <span class='ocr_line' id='line_1_85' title="bbox 1865 4286 3413 4358; baseline 0.001 -18"><span class='ocrx_word' id='word_1_651' title='bbox 1865 4289 2007 4341; x_wconf 88' lang='lat' dir='ltr'><strong>uiam</strong></span> <span class='ocrx_word' id='word_1_652' title='bbox 2041 4301 2170 4339; x_wconf 88' lang='lat' dir='ltr'><strong>vero</strong></span> <span class='ocrx_word' id='word_1_653' title='bbox 2195 4286 2397 4340; x_wconf 84' lang='lat' dir='ltr'><strong>Paulus</strong></span> <span class='ocrx_word' id='word_1_654' title='bbox 2429 4300 2642 4356; x_wconf 90' lang='lat' dir='ltr'><strong>semper</strong></span> <span class='ocrx_word' id='word_1_655' title='bbox 2675 4286 2741 4340; x_wconf 90' lang='lat' dir='ltr'><strong>ad</strong></span> <span class='ocrx_word' id='word_1_656' title='bbox 2799 4302 2976 4358; x_wconf 83' lang='lat' dir='ltr'><strong>regem</strong></span> <span class='ocrx_word' id='word_1_657' title='bbox 3006 4288 3164 4342; x_wconf 82' lang='lat' dir='ltr'><strong>verba</strong></span> <span class='ocrx_word' id='word_1_658' title='bbox 3212 4289 3413 4358; x_wconf 85' lang='lat' dir='ltr'><strong>dirige-</strong></span> 
     </span>
    </p>
   </div>
   <div class='ocr_carea' id='block_1_86' title="bbox 194 4365 1741 4452">
    <p class='ocr_par' dir='ltr' id='par_1_86' title="bbox 194 4365 1741 4452">
     <span class='ocr_line' id='line_1_86' title="bbox 194 4365 1741 4452; baseline 0.002 -24"><span class='ocrx_word' id='word_1_659' title='bbox 194 4376 397 4431; x_wconf 72' lang='grc' dir='ltr'>Πιῦλε.</span> <span class='ocrx_word' id='word_1_660' title='bbox 428 4398 446 4430; x_wconf 67' lang='grc' dir='ltr'><strong>ι</strong></span> <span class='ocrx_word' id='word_1_661' title='bbox 496 4379 556 4431; x_wconf 85' lang='lat'><strong>&#39;0</strong></span> <span class='ocrx_word' id='word_1_662' title='bbox 599 4379 656 4433; x_wconf 78' lang='grc' dir='ltr'>δὲ</span> <span class='ocrx_word' id='word_1_663' title='bbox 700 4380 912 4443; x_wconf 80' lang='grc' dir='ltr'>Παῦλος</span> <span class='ocrx_word' id='word_1_664' title='bbox 944 4384 1042 4452; x_wconf 82' lang='grc' dir='ltr'>τὴν</span> <span class='ocrx_word' id='word_1_665' title='bbox 1075 4365 1250 4436; x_wconf 77' lang='grc' dir='ltr'>αἰτίαν</span> <span class='ocrx_word' id='word_1_666' title='bbox 1287 4382 1545 4445; x_wconf 86' lang='grc' dir='ltr'>διδάσκει,</span> <span class='ocrx_word' id='word_1_667' title='bbox 1576 4381 1641 4433; x_wconf 81' lang='grc' dir='ltr'>δι’</span> <span class='ocrx_word' id='word_1_668' title='bbox 1689 4381 1741 4448; x_wconf 60' lang='grc' dir='ltr'>ἧι</span> 
     </span>
    </p>
   </div>
   <div class='ocr_carea' id='block_1_87' title="bbox 1845 4365 3416 4452">
    <p class='ocr_par' dir='ltr' id='par_1_87' title="bbox 1865 4373 3416 4449">
     <span class='ocr_line' id='line_1_87' title="bbox 1865 4373 3416 4449; baseline 0.001 -16"><span class='ocrx_word' id='word_1_669' title='bbox 1865 4381 1974 4441; x_wconf 85' lang='lat' dir='ltr'><strong>bat,</strong></span> <span class='ocrx_word' id='word_1_670' title='bbox 2012 4379 2206 4433; x_wconf 80' lang='lat' dir='ltr'><strong>Festus</strong></span> <span class='ocrx_word' id='word_1_671' title='bbox 2227 4379 2395 4432; x_wconf 82' lang='lat' dir='ltr'><strong>veluti</strong></span> <span class='ocrx_word' id='word_1_672' title='bbox 2426 4393 2545 4434; x_wconf 88' lang='lat' dir='ltr'><strong>sese</strong></span> <span class='ocrx_word' id='word_1_673' title='bbox 2575 4373 2834 4434; x_wconf 76' lang='lat' dir='ltr'><strong>offensum</strong></span> <span class='ocrx_word' id='word_1_674' title='bbox 2854 4381 3057 4449; x_wconf 82' lang='lat' dir='ltr'><strong>putavit</strong></span> <span class='ocrx_word' id='word_1_675' title='bbox 3090 4382 3416 4449; x_wconf 82' lang='lat' dir='ltr'><strong>;vidensque</strong></span> 
     </span>
    </p>
   </div>
   <div class='ocr_carea' id='block_1_88' title="bbox 199 4469 1741 4545">
    <p class='ocr_par' dir='ltr' id='par_1_88' title="bbox 199 4470 1741 4545">
     <span class='ocr_line' id='line_1_88' title="bbox 199 4470 1741 4545; baseline 0.003 -25"><span class='ocrx_word' id='word_1_676' title='bbox 199 4470 334 4541; x_wconf 88' lang='grc' dir='ltr'>πρὸς</span> <span class='ocrx_word' id='word_1_677' title='bbox 357 4471 448 4523; x_wconf 91' lang='grc' dir='ltr'><strong>τὸν</strong></span> <span class='ocrx_word' id='word_1_678' title='bbox 491 4470 715 4541; x_wconf 81' lang='grc' dir='ltr'>βασιλέα</span> <span class='ocrx_word' id='word_1_679' title='bbox 758 4473 852 4526; x_wconf 88' lang='grc' dir='ltr'><strong>τὸν</strong></span> <span class='ocrx_word' id='word_1_680' title='bbox 894 4472 1049 4540; x_wconf 88' lang='grc' dir='ltr'>λόγον</span> <span class='ocrx_word' id='word_1_681' title='bbox 1077 4475 1406 4542; x_wconf 70' lang='grc' dir='ltr'>ἀπέστρεψε.</span> <span class='ocrx_word' id='word_1_682' title='bbox 1463 4470 1619 4545; x_wconf 74' lang='grc' dir='ltr'>[Εἶτα</span> <span class='ocrx_word' id='word_1_683' title='bbox 1643 4474 1741 4525; x_wconf 87' lang='grc' dir='ltr'>δει-</span> 
     </span>
    </p>
   </div>
   <div class='ocr_carea' id='block_1_89' title="bbox 1845 4469 3416 4545">
    <p class='ocr_par' dir='ltr' id='par_1_89' title="bbox 1861 4469 3416 4539">
     <span class='ocr_line' id='line_1_89' title="bbox 1861 4469 3416 4539; baseline 0.001 -16"><span class='ocrx_word' id='word_1_684' title='bbox 1861 4472 1982 4538; x_wconf 89' lang='lat' dir='ltr'><strong>ejus</strong></span> <span class='ocrx_word' id='word_1_685' title='bbox 2036 4470 2342 4524; x_wconf 84' lang='lat' dir='ltr'><strong>libertatem</strong></span> <span class='ocrx_word' id='word_1_686' title='bbox 2409 4469 2704 4536; x_wconf 86' lang='lat' dir='ltr'><strong>loquendi,</strong></span> <span class='ocrx_word' id='word_1_687' title='bbox 2764 4471 2843 4522; x_wconf 90' lang='lat' dir='ltr'><strong>ira</strong></span> <span class='ocrx_word' id='word_1_688' title='bbox 2923 4477 2977 4523; x_wconf 87' lang='lat' dir='ltr'><strong>et</strong></span> <span class='ocrx_word' id='word_1_689' title='bbox 3050 4470 3416 4539; x_wconf 84' lang='lat' dir='ltr'><strong>indignatione</strong></span> 
     </span>
    </p>
   </div>
   <div class='ocr_carea' id='block_1_90' title="bbox 192 4556 1741 4636">
    <p class='ocr_par' dir='ltr' id='par_1_90' title="bbox 192 4563 1741 4636">
     <span class='ocr_line' id='line_1_90' title="bbox 192 4563 1741 4636; baseline 0.001 -22"><span class='ocrx_word' id='word_1_690' title='bbox 192 4563 348 4634; x_wconf 73' lang='grc' dir='ltr'>κνίις]</span> <span class='ocrx_word' id='word_1_691' title='bbox 381 4566 464 4617; x_wconf 86' lang='grc' dir='ltr'>ὃτι</span> <span class='ocrx_word' id='word_1_692' title='bbox 543 4564 822 4635; x_wconf 78' lang='grc' dir='ltr'>πανταχοῦ</span> <span class='ocrx_word' id='word_1_693' title='bbox 867 4565 967 4636; x_wconf 85' lang='grc' dir='ltr'><strong>τῆς</strong></span> <span class='ocrx_word' id='word_1_694' title='bbox 999 4567 1322 4635; x_wconf 69' lang='grc' dir='ltr'>οἰκουμένης</span> <span class='ocrx_word' id='word_1_695' title='bbox 1373 4565 1529 4617; x_wconf 91' lang='grc' dir='ltr'>τοῦτο</span> <span class='ocrx_word' id='word_1_696' title='bbox 1562 4566 1741 4632; x_wconf 89' lang='grc' dir='ltr'>γέγονε</span> 
     </span>
    </p>
   </div>
   <div class='ocr_carea' id='block_1_91' title="bbox 1845 4556 3414 4636">
    <p class='ocr_par' dir='ltr' id='par_1_91' title="bbox 1863 4556 3414 4626">
     <span class='ocr_line' id='line_1_91' title="bbox 1863 4556 3414 4626; baseline 0.001 -15"><span class='ocrx_word' id='word_1_697' title='bbox 1863 4558 2100 4626; x_wconf 82' lang='lat' dir='ltr'><strong>percitus</strong></span> <span class='ocrx_word' id='word_1_698' title='bbox 2136 4575 2148 4608; x_wconf 90' lang='lat'><strong>:</strong></span> <span class='ocrx_word' id='word_1_699' title='bbox 2180 4575 2197 4606; x_wconf 81' lang='grc' dir='ltr'><strong>ι</strong></span> <span class='ocrx_word' id='word_1_700' title='bbox 2233 4556 2467 4622; x_wconf 88' lang='lat' dir='ltr'><strong>Insanis,</strong></span> <span class='ocrx_word' id='word_1_701' title='bbox 2496 4558 2691 4626; x_wconf 84' lang='lat' dir='ltr'><strong>inquit,</strong></span> <span class='ocrx_word' id='word_1_702' title='bbox 2727 4558 2908 4613; x_wconf 87' lang='lat' dir='ltr'><strong>Paule.</strong></span> <span class='ocrx_word' id='word_1_703' title='bbox 2946 4576 2963 4608; x_wconf 71' lang='grc' dir='ltr'><strong>ι</strong></span> <span class='ocrx_word' id='word_1_704' title='bbox 3006 4558 3205 4616; x_wconf 82' lang='lat' dir='ltr'><strong>Paulus</strong></span> <span class='ocrx_word' id='word_1_705' title='bbox 3239 4569 3414 4614; x_wconf 89' lang='lat' dir='ltr'><strong>autem</strong></span> 
     </span>
    </p>
   </div>
   <div class='ocr_carea' id='block_1_92' title="bbox 191 4647 1741 4730">
    <p class='ocr_par' dir='ltr' id='par_1_92' title="bbox 191 4655 1741 4730">
     <span class='ocr_line' id='line_1_92' title="bbox 191 4655 1741 4730; baseline -0.004 -18"><span class='ocrx_word' id='word_1_706' title='bbox 191 4655 251 4712; x_wconf 76' lang='grc' dir='ltr'><strong>τὸ</strong></span> <span class='ocrx_word' id='word_1_707' title='bbox 281 4655 480 4723; x_wconf 83' lang='grc' dir='ltr'>δόγμα,</span> <span class='ocrx_word' id='word_1_708' title='bbox 515 4656 794 4726; x_wconf 71' lang='grc' dir='ltr'>ἐπήγαγεν</span> <span class='ocrx_word' id='word_1_709' title='bbox 820 4675 834 4688; x_wconf 88' lang='grc'>·</span> <span class='ocrx_word' id='word_1_710' title='bbox 871 4655 920 4730; x_wconf 77' lang='grc' dir='ltr'>[ι</span> <span class='ocrx_word' id='word_1_711' title='bbox 959 4657 1034 4710; x_wconf 83' lang='grc' dir='ltr'><strong>Οὐ</strong></span> <span class='ocrx_word' id='word_1_712' title='bbox 1058 4657 1164 4728; x_wconf 84' lang='grc' dir='ltr'>γὰρ</span> <span class='ocrx_word' id='word_1_713' title='bbox 1190 4657 1247 4710; x_wconf 85' lang='grc' dir='ltr'>ὲν</span> <span class='ocrx_word' id='word_1_714' title='bbox 1287 4655 1455 4726; x_wconf 79' lang='grc' dir='ltr'>γωνίᾳ</span> <span class='ocrx_word' id='word_1_715' title='bbox 1502 4672 1741 4725; x_wconf 86' lang='grc' dir='ltr'>πεπραγ-</span> 
     </span>
    </p>
   </div>
   <div class='ocr_carea' id='block_1_93' title="bbox 1845 4647 3416 4730">
    <p class='ocr_par' dir='ltr' id='par_1_93' title="bbox 1857 4647 3416 4718">
     <span class='ocr_line' id='line_1_93' title="bbox 1857 4647 3416 4718; baseline 0.001 -17"><span class='ocrx_word' id='word_1_716' title='bbox 1857 4662 2077 4701; x_wconf 76' lang='lat' dir='ltr'><strong>causam</strong></span> <span class='ocrx_word' id='word_1_717' title='bbox 2127 4647 2351 4713; x_wconf 73' lang='lat' dir='ltr'><strong>profert,</strong></span> <span class='ocrx_word' id='word_1_718' title='bbox 2406 4649 2480 4701; x_wconf 87' lang='lat' dir='ltr'><strong>ob</strong></span> <span class='ocrx_word' id='word_1_719' title='bbox 2528 4663 2686 4715; x_wconf 89' lang='lat' dir='ltr'><strong>quam</strong></span> <span class='ocrx_word' id='word_1_720' title='bbox 2732 4651 2798 4702; x_wconf 90' lang='lat' dir='ltr'><strong>ad</strong></span> <span class='ocrx_word' id='word_1_721' title='bbox 2873 4665 3055 4718; x_wconf 85' lang='lat' dir='ltr'><strong>regem</strong></span> <span class='ocrx_word' id='word_1_722' title='bbox 3110 4666 3416 4708; x_wconf 74' lang='lat' dir='ltr'><strong>semonem</strong></span> 
     </span>
    </p>
   </div>
   <div class='ocr_carea' id='block_1_94' title="bbox 197 4744 1754 4818">
    <p class='ocr_par' dir='ltr' id='par_1_94' title="bbox 197 4744 1754 4818">
     <span class='ocr_line' id='line_1_94' title="bbox 197 4744 1754 4818; baseline 0.001 -23"><span class='ocrx_word' id='word_1_723' title='bbox 197 4745 359 4812; x_wconf 87' lang='grc' dir='ltr'>μένον</span> <span class='ocrx_word' id='word_1_724' title='bbox 387 4745 540 4797; x_wconf 88' lang='grc' dir='ltr'>τοῦτο</span> <span class='ocrx_word' id='word_1_725' title='bbox 565 4761 580 4776; x_wconf 89' lang='grc'><strong>·</strong></span> <span class='ocrx_word' id='word_1_726' title='bbox 612 4765 631 4797; x_wconf 79' lang='grc' dir='ltr'><strong>ι</strong></span> <span class='ocrx_word' id='word_1_727' title='bbox 663 4745 682 4816; x_wconf 98' lang='grc'>]</span> <span class='ocrx_word' id='word_1_728' title='bbox 722 4750 969 4801; x_wconf 85' lang='grc' dir='ltr'>τουτέστι</span> <span class='ocrx_word' id='word_1_729' title='bbox 998 4749 1058 4801; x_wconf 90' lang='grc' dir='ltr'><strong>τὸ</strong></span> <span class='ocrx_word' id='word_1_730' title='bbox 1088 4749 1216 4818; x_wconf 72' lang='grc' dir='ltr'>περὶ</span> <span class='ocrx_word' id='word_1_731' title='bbox 1245 4747 1337 4800; x_wconf 88' lang='grc' dir='ltr'><strong>τοῦ</strong></span> <span class='ocrx_word' id='word_1_732' title='bbox 1385 4744 1617 4814; x_wconf 87' lang='grc' dir='ltr'>σταυροῦ</span> <span class='ocrx_word' id='word_1_733' title='bbox 1660 4745 1754 4798; x_wconf 75' lang='grc' dir='ltr'><strong>καὶ</strong></span> 
     </span>
    </p>
   </div>
   <div class='ocr_carea' id='block_1_95' title="bbox 192 4837 1755 4909">
    <p class='ocr_par' dir='ltr' id='par_1_95' title="bbox 192 4837 1755 4909">
     <span class='ocr_line' id='line_1_95' title="bbox 192 4837 1755 4909; baseline 0.001 -23"><span class='ocrx_word' id='word_1_734' title='bbox 192 4837 290 4904; x_wconf 82' lang='grc' dir='ltr'><strong>τῆς</strong></span> <span class='ocrx_word' id='word_1_735' title='bbox 343 4837 687 4909; x_wconf 77' lang='grc' dir='ltr'>ἀναστάσεως</span> <span class='ocrx_word' id='word_1_736' title='bbox 741 4838 834 4905; x_wconf 71' lang='grc' dir='ltr'><strong>τοῦ</strong></span> <span class='ocrx_word' id='word_1_737' title='bbox 879 4837 1110 4905; x_wconf 81' lang='grc' dir='ltr'>Χριστοῦ</span> <span class='ocrx_word' id='word_1_738' title='bbox 1161 4839 1347 4904; x_wconf 73' lang='grc' dir='ltr'>λέγων.</span> <span class='ocrx_word' id='word_1_739' title='bbox 1390 4837 1435 4907; x_wconf 83' lang='grc' dir='ltr'>[ι</span> <span class='ocrx_word' id='word_1_740' title='bbox 1479 4837 1755 4906; x_wconf 67' lang='grc' dir='ltr'>[Ιαρεκτὸς</span> 
     </span>
    </p>
   </div>
   <div class='ocr_carea' id='block_1_96' title="bbox 193 4926 1757 4997">
    <p class='ocr_par' dir='ltr' id='par_1_96' title="bbox 193 4926 1757 4997">
     <span class='ocr_line' id='line_1_96' title="bbox 193 4926 1757 4997; baseline -0.001 -19"><span class='ocrx_word' id='word_1_741' title='bbox 193 4927 308 4980; x_wconf 81' lang='grc' dir='ltr'><strong>τῶν</strong></span> <span class='ocrx_word' id='word_1_742' title='bbox 366 4926 580 4996; x_wconf 80' lang='grc' dir='ltr'>δεσμῶν</span> <span class='ocrx_word' id='word_1_743' title='bbox 638 4926 859 4979; x_wconf 86' lang='grc' dir='ltr'>τούτων.</span> <span class='ocrx_word' id='word_1_744' title='bbox 897 4945 915 4977; x_wconf 73' lang='grc' dir='ltr'><strong>ι</strong></span> <span class='ocrx_word' id='word_1_745' title='bbox 957 4927 1119 4997; x_wconf 77' lang='grc' dir='ltr'><strong>]Οὺκ</strong></span> <span class='ocrx_word' id='word_1_746' title='bbox 1188 4929 1555 4996; x_wconf 80' lang='grc' dir='ltr'>ἀπευχόμενος</span> <span class='ocrx_word' id='word_1_747' title='bbox 1631 4929 1757 4978; x_wconf 88' lang='grc' dir='ltr'>έαυ-</span> 
     </span>
    </p>
   </div>
   <div class='ocr_carea' id='block_1_97' title="bbox 173 5018 1759 5087">
    <p class='ocr_par' dir='ltr' id='par_1_97' title="bbox 173 5018 1759 5087">
     <span class='ocr_line' id='line_1_97' title="bbox 173 5018 1759 5087; baseline 0.001 -19"><span class='ocrx_word' id='word_1_748' title='bbox 173 5018 270 5087; x_wconf 86' lang='grc' dir='ltr'><strong>-τῷ</strong></span> <span class='ocrx_word' id='word_1_749' title='bbox 331 5021 400 5072; x_wconf 81' lang='grc' dir='ltr'>τὰ</span> <span class='ocrx_word' id='word_1_750' title='bbox 447 5019 618 5087; x_wconf 85' lang='grc' dir='ltr'>δεσμά</span> <span class='ocrx_word' id='word_1_751' title='bbox 643 5059 672 5082; x_wconf 67' lang='grc'>,.,</span> <span class='ocrx_word' id='word_1_752' title='bbox 700 5019 818 5071; x_wconf 72' lang='grc' dir='ltr'>οὐδὲ</span> <span class='ocrx_word' id='word_1_753' title='bbox 883 5018 1269 5087; x_wconf 62' lang='grc' dir='ltr'>αἰσχυνόμενος</span> <span class='ocrx_word' id='word_1_754' title='bbox 1299 5060 1310 5078; x_wconf 86' lang='grc'><strong>,</strong></span> <span class='ocrx_word' id='word_1_755' title='bbox 1365 5019 1522 5069; x_wconf 83' lang='grc' dir='ltr'>τοῦτο</span> <span class='ocrx_word' id='word_1_756' title='bbox 1574 5019 1759 5085; x_wconf 76' lang='grc' dir='ltr'>ἔλεγεν</span> 
     </span>
    </p>
   </div>
   <div class='ocr_carea' id='block_1_98' title="bbox 197 5106 1764 5180">
    <p class='ocr_par' dir='ltr' id='par_1_98' title="bbox 197 5106 1764 5180">
     <span class='ocr_line' id='line_1_98' title="bbox 197 5106 1764 5180; baseline 0.001 -20"><span class='ocrx_word' id='word_1_757' title='bbox 197 5109 378 5178; x_wconf 90' lang='grc' dir='ltr'>(τοῦτο</span> <span class='ocrx_word' id='word_1_758' title='bbox 402 5111 510 5179; x_wconf 72' lang='grc' dir='ltr'><strong>γάρ</strong></span> <span class='ocrx_word' id='word_1_759' title='bbox 531 5106 598 5180; x_wconf 82' lang='grc' dir='ltr'>ἦν</span> <span class='ocrx_word' id='word_1_760' title='bbox 633 5111 802 5180; x_wconf 74' lang='grc' dir='ltr'>αὐτῷ,</span> <span class='ocrx_word' id='word_1_761' title='bbox 845 5112 1002 5180; x_wconf 84' lang='grc' dir='ltr'>εἴπερ</span> <span class='ocrx_word' id='word_1_762' title='bbox 1025 5110 1152 5162; x_wconf 75' lang='grc' dir='ltr'>ἄλλο</span> <span class='ocrx_word' id='word_1_763' title='bbox 1195 5127 1269 5170; x_wconf 91' lang='grc' dir='ltr'><strong>τι,</strong></span> <span class='ocrx_word' id='word_1_764' title='bbox 1295 5108 1445 5170; x_wconf 80' lang='grc' dir='ltr'>ἀξιον</span> <span class='ocrx_word' id='word_1_765' title='bbox 1474 5109 1629 5176; x_wconf 82' lang='grc' dir='ltr'>δόξης</span> <span class='ocrx_word' id='word_1_766' title='bbox 1670 5113 1764 5162; x_wconf 81' lang='grc' dir='ltr'><strong>καὶ</strong></span> 
     </span>
    </p>
   </div>
   <div class='ocr_carea' id='block_1_99' title="bbox 198 5198 1766 5270">
    <p class='ocr_par' dir='ltr' id='par_1_99' title="bbox 198 5198 1766 5270">
     <span class='ocr_line' id='line_1_99' title="bbox 198 5198 1766 5270; baseline -0.001 -21"><span class='ocrx_word' id='word_1_767' title='bbox 198 5198 518 5268; x_wconf 82' lang='grc' dir='ltr'>καύχημα)·</span> <span class='ocrx_word' id='word_1_768' title='bbox 558 5200 694 5254; x_wconf 88' lang='grc' dir='ltr'><strong>ἀλλά</strong></span> <span class='ocrx_word' id='word_1_769' title='bbox 752 5202 885 5270; x_wconf 82' lang='grc' dir='ltr'>πρὸς</span> <span class='ocrx_word' id='word_1_770' title='bbox 934 5201 1034 5270; x_wconf 85' lang='grc' dir='ltr'>τὴν</span> <span class='ocrx_word' id='word_1_771' title='bbox 1093 5200 1319 5250; x_wconf 74' lang='grc' dir='ltr'>ἐκείνων</span> <span class='ocrx_word' id='word_1_772' title='bbox 1364 5198 1628 5266; x_wconf 72' lang='grc' dir='ltr'>ὑπόληψιν</span> <span class='ocrx_word' id='word_1_773' title='bbox 1663 5199 1766 5262; x_wconf 78' lang='grc' dir='ltr'><strong>ἀφ-</strong></span> 
     </span>
    </p>
   </div>
   <div class='ocr_carea' id='block_1_100' title="bbox 1859 4736 3416 4809">
    <p class='ocr_par' dir='ltr' id='par_1_100' title="bbox 1859 4736 3416 4809">
     <span class='ocr_line' id='line_1_100' title="bbox 1859 4736 3416 4809; baseline 0.001 -18"><span class='ocrx_word' id='word_1_774' title='bbox 1859 4736 2224 4792; x_wconf 87' lang='lat' dir='ltr'><strong>converterat.</strong></span> <span class='ocrx_word' id='word_1_775' title='bbox 2257 4736 2486 4803; x_wconf 90' lang='lat' dir='ltr'><strong>Deinde,</strong></span> <span class='ocrx_word' id='word_1_776' title='bbox 2511 4745 2568 4790; x_wconf 92' lang='lat' dir='ltr'><strong>ut</strong></span> <span class='ocrx_word' id='word_1_777' title='bbox 2600 4739 2908 4794; x_wconf 67' lang='lat' dir='ltr'><strong>ostenderet</strong></span> <span class='ocrx_word' id='word_1_778' title='bbox 2938 4755 3032 4809; x_wconf 90' lang='lat' dir='ltr'><strong>per</strong></span> <span class='ocrx_word' id='word_1_779' title='bbox 3053 4749 3220 4793; x_wconf 89' lang='lat' dir='ltr'><strong>totum</strong></span> <span class='ocrx_word' id='word_1_780' title='bbox 3244 4748 3416 4795; x_wconf 84' lang='lat' dir='ltr'><strong>terra-</strong></span> 
     </span>
    </p>
   </div>
   <div class='ocr_carea' id='block_1_101' title="bbox 1861 4828 3414 4900">
    <p class='ocr_par' dir='ltr' id='par_1_101' title="bbox 1861 4828 3414 4900">
     <span class='ocr_line' id='line_1_101' title="bbox 1861 4828 3414 4900; baseline 0.003 -19"><span class='ocrx_word' id='word_1_781' title='bbox 1861 4845 1979 4882; x_wconf 87' lang='lat' dir='ltr'><strong>rum</strong></span> <span class='ocrx_word' id='word_1_782' title='bbox 2029 4830 2216 4882; x_wconf 89' lang='lat' dir='ltr'><strong>orhem</strong></span> <span class='ocrx_word' id='word_1_783' title='bbox 2276 4828 2554 4896; x_wconf 88' lang='lat' dir='ltr'><strong>vulgatum</strong></span> <span class='ocrx_word' id='word_1_784' title='bbox 2607 4843 2724 4882; x_wconf 89' lang='lat' dir='ltr'><strong>esse</strong></span> <span class='ocrx_word' id='word_1_785' title='bbox 2752 4829 2942 4900; x_wconf 83' lang='lat' dir='ltr'><strong>dogma</strong></span> <span class='ocrx_word' id='word_1_786' title='bbox 2994 4830 3159 4894; x_wconf 88' lang='lat' dir='ltr'><strong>istud,</strong></span> <span class='ocrx_word' id='word_1_787' title='bbox 3191 4832 3414 4887; x_wconf 85' lang='lat' dir='ltr'><strong>subdit:</strong></span> 
     </span>
    </p>
   </div>
   <div class='ocr_carea' id='block_1_102' title="bbox 1867 4920 3413 4991">
    <p class='ocr_par' dir='ltr' id='par_1_102' title="bbox 1867 4920 3413 4991">
     <span class='ocr_line' id='line_1_102' title="bbox 1867 4920 3413 4991; baseline 0.003 -20"><span class='ocrx_word' id='word_1_788' title='bbox 1867 4939 1884 4971; x_wconf 81' lang='grc' dir='ltr'><strong>ι</strong></span> <span class='ocrx_word' id='word_1_789' title='bbox 1922 4920 2106 4990; x_wconf 83' lang='lat' dir='ltr'><strong>Neque</strong></span> <span class='ocrx_word' id='word_1_790' title='bbox 2134 4920 2278 4973; x_wconf 90' lang='lat' dir='ltr'><strong>enim</strong></span> <span class='ocrx_word' id='word_1_791' title='bbox 2311 4923 2363 4973; x_wconf 91' lang='lat' dir='ltr'><strong>in</strong></span> <span class='ocrx_word' id='word_1_792' title='bbox 2393 4921 2590 4989; x_wconf 89' lang='lat' dir='ltr'><strong>angulo</strong></span> <span class='ocrx_word' id='word_1_793' title='bbox 2642 4921 2935 4990; x_wconf 88' lang='lat' dir='ltr'><strong>quidquam</strong></span> <span class='ocrx_word' id='word_1_794' title='bbox 2972 4921 3164 4975; x_wconf 88' lang='lat' dir='ltr'><strong>horum</strong></span> <span class='ocrx_word' id='word_1_795' title='bbox 3206 4932 3413 4991; x_wconf 72' lang='lat' dir='ltr'><strong>gestuin</strong></span> 
     </span>
    </p>
   </div>
   <div class='ocr_carea' id='block_1_103' title="bbox 1866 5011 3421 5079">
    <p class='ocr_par' dir='ltr' id='par_1_103' title="bbox 1866 5011 3421 5079">
     <span class='ocr_line' id='line_1_103' title="bbox 1866 5011 3421 5079; baseline 0.003 -13"><span class='ocrx_word' id='word_1_796' title='bbox 1866 5021 1978 5066; x_wconf 86' lang='lat' dir='ltr'><strong>est:</strong></span> <span class='ocrx_word' id='word_1_797' title='bbox 2015 5035 2034 5064; x_wconf 75' lang='grc' dir='ltr'><strong>ι</strong></span> <span class='ocrx_word' id='word_1_798' title='bbox 2062 5011 2304 5079; x_wconf 88' lang='lat' dir='ltr'><strong>loquitur</strong></span> <span class='ocrx_word' id='word_1_799' title='bbox 2336 5013 2543 5065; x_wconf 83' lang='lat' dir='ltr'><strong>scilicet</strong></span> <span class='ocrx_word' id='word_1_800' title='bbox 2585 5012 2652 5065; x_wconf 92' lang='lat' dir='ltr'><strong>de</strong></span> <span class='ocrx_word' id='word_1_801' title='bbox 2678 5021 2864 5066; x_wconf 87' lang='lat' dir='ltr'><strong>.morte</strong></span> <span class='ocrx_word' id='word_1_802' title='bbox 2913 5020 2966 5066; x_wconf 87' lang='lat' dir='ltr'><strong>et</strong></span> <span class='ocrx_word' id='word_1_803' title='bbox 3021 5015 3421 5071; x_wconf 75' lang='lat' dir='ltr'><strong>resurrectione</strong></span> 
     </span>
    </p>
   </div>
   <div class='ocr_carea' id='block_1_104' title="bbox 1870 5086 3418 5172">
    <p class='ocr_par' dir='ltr' id='par_1_104' title="bbox 1870 5086 3418 5172">
     <span class='ocr_line' id='line_1_104' title="bbox 1870 5086 3418 5172; baseline 0.005 -17"><span class='ocrx_word' id='word_1_804' title='bbox 1870 5103 2074 5156; x_wconf 91' lang='lat' dir='ltr'><strong>Christi</strong></span> <span class='ocrx_word' id='word_1_805' title='bbox 2129 5102 2363 5155; x_wconf 88' lang='lat' dir='ltr'><strong>Domini.</strong></span> <span class='ocrx_word' id='word_1_806' title='bbox 2424 5121 2440 5152; x_wconf 82' lang='grc' dir='ltr'><strong>ι</strong></span> <span class='ocrx_word' id='word_1_807' title='bbox 2483 5086 2734 5172; x_wconf 77' lang='lat' dir='ltr'><strong>Exceptis</strong></span> <span class='ocrx_word' id='word_1_808' title='bbox 2799 5105 3033 5160; x_wconf 81' lang='lat' dir='ltr'><strong>vinculis</strong></span> <span class='ocrx_word' id='word_1_809' title='bbox 3081 5090 3191 5161; x_wconf 84' lang='lat' dir='ltr'><strong>his.</strong></span> <span class='ocrx_word' id='word_1_810' title='bbox 3255 5106 3418 5162; x_wconf 78' lang='grc' dir='ltr'>»Νοιι</span> 
     </span>
    </p>
   </div>
   <div class='ocr_carea' id='block_1_105' title="bbox 1866 5190 3422 5261">
    <p class='ocr_par' dir='ltr' id='par_1_105' title="bbox 1866 5190 3422 5261">
     <span class='ocr_line' id='line_1_105' title="bbox 1866 5190 3422 5261; baseline 0.006 -19"><span class='ocrx_word' id='word_1_811' title='bbox 1866 5193 2009 5261; x_wconf 90' lang='lat' dir='ltr'><strong>quod</strong></span> <span class='ocrx_word' id='word_1_812' title='bbox 2035 5190 2246 5244; x_wconf 88' lang='lat' dir='ltr'><strong>vincula</strong></span> <span class='ocrx_word' id='word_1_813' title='bbox 2294 5199 2389 5245; x_wconf 89' lang='lat' dir='ltr'><strong>aut</strong></span> <span class='ocrx_word' id='word_1_814' title='bbox 2443 5193 2766 5249; x_wconf 80' lang='lat' dir='ltr'><strong>abhorreret</strong></span> <span class='ocrx_word' id='word_1_815' title='bbox 2789 5205 2878 5249; x_wconf 91' lang='lat' dir='ltr'><strong>aut</strong></span> <span class='ocrx_word' id='word_1_816' title='bbox 2903 5199 3272 5259; x_wconf 79' lang='lat' dir='ltr'><strong>erubesceret,</strong></span> <span class='ocrx_word' id='word_1_817' title='bbox 3320 5197 3422 5252; x_wconf 90' lang='lat' dir='ltr'><strong>hoc</strong></span> 
     </span>
    </p>
   </div>
   <div class='ocr_carea' id='block_1_106' title="bbox 198 5288 1770 5363">
    <p class='ocr_par' dir='ltr' id='par_1_106' title="bbox 198 5288 1770 5363">
     <span class='ocr_line' id='line_1_106' title="bbox 198 5288 1770 5363; baseline -0.001 -23"><span class='ocrx_word' id='word_1_818' title='bbox 198 5289 342 5359; x_wconf 84' lang='grc' dir='ltr'>ορῶν</span> <span class='ocrx_word' id='word_1_819' title='bbox 373 5330 387 5354; x_wconf 92' lang='grc'><strong>,</strong></span> <span class='ocrx_word' id='word_1_820' title='bbox 424 5289 517 5340; x_wconf 76' lang='grc' dir='ltr'>καὶ</span> <span class='ocrx_word' id='word_1_821' title='bbox 537 5291 604 5360; x_wconf 76' lang='grc' dir='ltr'>τῇ</span> <span class='ocrx_word' id='word_1_822' title='bbox 631 5293 850 5356; x_wconf 79' lang='grc' dir='ltr'>ἐκείνων</span> <span class='ocrx_word' id='word_1_823' title='bbox 867 5292 1115 5363; x_wconf 79' lang='grc' dir='ltr'>ἀσθενείᾳ</span> <span class='ocrx_word' id='word_1_824' title='bbox 1138 5288 1605 5358; x_wconf 78' lang='grc' dir='ltr'>συγκαταῦαίνων,</span> <span class='ocrx_word' id='word_1_825' title='bbox 1638 5307 1654 5337; x_wconf 84' lang='grc' dir='ltr'><strong>ι</strong></span> <span class='ocrx_word' id='word_1_826' title='bbox 1675 5289 1770 5338; x_wconf 89' lang='grc' dir='ltr'><strong>Γέ-</strong></span> 
     </span>
    </p>
   </div>
   <div class='ocr_carea' id='block_1_107' title="bbox 201 5373 1741 5450">
    <p class='ocr_par' dir='ltr' id='par_1_107' title="bbox 201 5373 1736 5450">
     <span class='ocr_line' id='line_1_107' title="bbox 201 5373 1736 5450; baseline -0.001 -18"><span class='ocrx_word' id='word_1_827' title='bbox 201 5379 346 5434; x_wconf 85' lang='grc' dir='ltr'>νοιτό</span> <span class='ocrx_word' id='word_1_828' title='bbox 395 5397 525 5450; x_wconf 89' lang='grc' dir='ltr'>μοι,</span> <span class='ocrx_word' id='word_1_829' title='bbox 573 5381 734 5450; x_wconf 75' lang='grc' dir='ltr'>φησὶ,</span> <span class='ocrx_word' id='word_1_830' title='bbox 784 5385 988 5446; x_wconf 89' lang='grc' dir='ltr'>πάντας</span> <span class='ocrx_word' id='word_1_831' title='bbox 1034 5382 1303 5442; x_wconf 76' lang='grc' dir='ltr'>τοιούτους</span> <span class='ocrx_word' id='word_1_832' title='bbox 1363 5379 1612 5447; x_wconf 84' lang='grc' dir='ltr'>γενέσθαι</span> <span class='ocrx_word' id='word_1_833' title='bbox 1657 5373 1736 5431; x_wconf 72' lang='grc' dir='ltr'>οἷο</span> 
     </span>
    </p>
   </div>
   <div class='ocr_carea' id='block_1_108' title="bbox 1845 5373 3419 5450">
    <p class='ocr_par' dir='ltr' id='par_1_108' title="bbox 1871 5375 3419 5450">
     <span class='ocr_line' id='line_1_108' title="bbox 1871 5375 3419 5450; baseline 0.005 -22"><span class='ocrx_word' id='word_1_834' title='bbox 1871 5375 2168 5445; x_wconf 88' lang='lat' dir='ltr'><strong>quidquam</strong></span> <span class='ocrx_word' id='word_1_835' title='bbox 2222 5375 2390 5439; x_wconf 85' lang='lat' dir='ltr'><strong>aliud,</strong></span> <span class='ocrx_word' id='word_1_836' title='bbox 2440 5375 3141 5450; x_wconf 79' lang='lat' dir='ltr'><strong>dignum&#39;existimabat);</strong></span> <span class='ocrx_word' id='word_1_837' title='bbox 3209 5379 3302 5435; x_wconf 87' lang='lat' dir='ltr'><strong>sed</strong></span> <span class='ocrx_word' id='word_1_838' title='bbox 3350 5381 3419 5435; x_wconf 86' lang='lat' dir='ltr'><strong>ad</strong></span> 
     </span>
    </p>
   </div>
   <div class='ocr_carea' id='block_1_109' title="bbox 203 5467 1741 5541">
    <p class='ocr_par' dir='ltr' id='par_1_109' title="bbox 203 5469 1443 5541">
     <span class='ocr_line' id='line_1_109' title="bbox 203 5469 1443 5541; baseline -0.001 -22"><span class='ocrx_word' id='word_1_839' title='bbox 203 5469 309 5533; x_wconf 72' lang='grc' dir='ltr'><strong>ιγώ</strong></span> <span class='ocrx_word' id='word_1_840' title='bbox 332 5471 467 5538; x_wconf 81' lang='grc' dir='ltr'>εἰμι,</span> <span class='ocrx_word' id='word_1_841' title='bbox 497 5469 763 5538; x_wconf 84' lang='grc' dir='ltr'>παρεκτὸς</span> <span class='ocrx_word' id='word_1_842' title='bbox 793 5469 900 5522; x_wconf 89' lang='grc' dir='ltr'><strong>τῶν</strong></span> <span class='ocrx_word' id='word_1_843' title='bbox 926 5471 1135 5541; x_wconf 86' lang='grc' dir='ltr'>δεσμῶν</span> <span class='ocrx_word' id='word_1_844' title='bbox 1167 5469 1388 5524; x_wconf 89' lang='grc' dir='ltr'>τούτων.</span> <span class='ocrx_word' id='word_1_845' title='bbox 1425 5486 1443 5518; x_wconf 75' lang='grc' dir='ltr'><strong>ι</strong></span> 
     </span>
    </p>
   </div>
   <div class='ocr_carea' id='block_1_110' title="bbox 1845 5467 3426 5541">
    <p class='ocr_par' dir='ltr' id='par_1_110' title="bbox 1867 5467 3426 5540">
     <span class='ocr_line' id='line_1_110' title="bbox 1867 5467 3426 5540; baseline 0.004 -19"><span class='ocrx_word' id='word_1_846' title='bbox 1867 5467 2083 5521; x_wconf 87' lang='lat' dir='ltr'><strong>illorum</strong></span> <span class='ocrx_word' id='word_1_847' title='bbox 2112 5473 2345 5520; x_wconf 91' lang='lat' dir='ltr'><strong>mentem</strong></span> <span class='ocrx_word' id='word_1_848' title='bbox 2377 5469 2726 5537; x_wconf 89' lang='lat' dir='ltr'><strong>animumque</strong></span> <span class='ocrx_word' id='word_1_849' title='bbox 2761 5470 3079 5540; x_wconf 84' lang='lat' dir='ltr'><strong>respiciens,</strong></span> <span class='ocrx_word' id='word_1_850' title='bbox 3103 5481 3155 5526; x_wconf 87' lang='lat' dir='ltr'><strong>et</strong></span> <span class='ocrx_word' id='word_1_851' title='bbox 3185 5473 3426 5540; x_wconf 85' lang='lat' dir='ltr'><strong>ipsorum</strong></span> 
     </span>
    </p>
   </div>
   <div class='ocr_carea' id='block_1_111' title="bbox 204 5559 3429 5633">
    <p class='ocr_par' dir='ltr' id='par_1_111' title="bbox 204 5559 3429 5633">
     <span class='ocr_line' id='line_1_111' title="bbox 204 5559 3429 5633; baseline 0.001 -16"><span class='ocrx_word' id='word_1_852' title='bbox 204 5563 557 5618; x_wconf 85' lang='lat' dir='ltr'><strong>imbecillitati</strong></span> <span class='ocrx_word' id='word_1_853' title='bbox 625 5578 741 5620; x_wconf 87' lang='lat' dir='ltr'><strong>sese</strong></span> <span class='ocrx_word' id='word_1_854' title='bbox 797 5566 1219 5620; x_wconf 84' lang='lat' dir='ltr'><strong>accommodans</strong></span> <span class='ocrx_word' id='word_1_855' title='bbox 1251 5586 1262 5620; x_wconf 93' lang='lat'><strong>:</strong></span> <span class='ocrx_word' id='word_1_856' title='bbox 1309 5583 1326 5616; x_wconf 82' lang='grc' dir='ltr'><strong>ι</strong></span> <span class='ocrx_word' id='word_1_857' title='bbox 1363 5561 1523 5633; x_wconf 84' lang='grc' dir='ltr'>Οριο,</span> <span class='ocrx_word' id='word_1_858' title='bbox 1559 5562 1753 5632; x_wconf 88' lang='lat' dir='ltr'><strong>inquit,</strong></span> <span class='ocrx_word' id='word_1_859' title='bbox 1789 5575 1978 5615; x_wconf 86' lang='lat' dir='ltr'><strong>omnes</strong></span> <span class='ocrx_word' id='word_1_860' title='bbox 2004 5559 2121 5613; x_wconf 80' lang='lat' dir='ltr'><strong>ﬁeri</strong></span> <span class='ocrx_word' id='word_1_861' title='bbox 2157 5559 2322 5624; x_wconf 89' lang='lat' dir='ltr'><strong>tales,</strong></span> <span class='ocrx_word' id='word_1_862' title='bbox 2371 5560 2549 5629; x_wconf 89' lang='lat' dir='ltr'><strong>qualis</strong></span> <span class='ocrx_word' id='word_1_863' title='bbox 2595 5569 2647 5614; x_wconf 93' lang='lat' dir='ltr'><strong>et</strong></span> <span class='ocrx_word' id='word_1_864' title='bbox 2691 5576 2790 5630; x_wconf 87' lang='lat' dir='ltr'><strong>ego</strong></span> <span class='ocrx_word' id='word_1_865' title='bbox 2808 5578 2961 5629; x_wconf 91' lang='lat' dir='ltr'><strong>sum,</strong></span> <span class='ocrx_word' id='word_1_866' title='bbox 2986 5565 3223 5633; x_wconf 87' lang='lat' dir='ltr'><strong>exceptis</strong></span> <span class='ocrx_word' id='word_1_867' title='bbox 3239 5563 3429 5626; x_wconf 84' lang='lat' dir='ltr'><strong>vincu-</strong></span> 
     </span>
    </p>
   </div>
   <div class='ocr_carea' id='block_1_112' title="bbox 205 5656 459 5710">
    <p class='ocr_par' dir='ltr' id='par_1_112' title="bbox 205 5656 459 5710">
     <span class='ocr_line' id='line_1_112' title="bbox 205 5656 459 5710; baseline -0.008 -2"><span class='ocrx_word' id='word_1_868' title='bbox 205 5657 269 5708; x_wconf 90' lang='lat' dir='ltr'><strong>lis</strong></span> <span class='ocrx_word' id='word_1_869' title='bbox 295 5656 398 5710; x_wconf 90' lang='lat' dir='ltr'><strong>his.</strong></span> <span class='ocrx_word' id='word_1_870' title='bbox 440 5674 459 5706; x_wconf 76' lang='grc' dir='ltr'><strong>ι</strong></span> 
     </span>
    </p>
   </div>
   <div class='ocr_carea' id='block_1_113' title="bbox 268 5770 680 5832">
    <p class='ocr_par' dir='ltr' id='par_1_113' title="bbox 268 5770 680 5832">
     <span class='ocr_line' id='line_1_113' title="bbox 268 5770 680 5832; baseline -0.002 -5"><span class='ocrx_word' id='word_1_871' title='bbox 268 5771 314 5811; x_wconf 62' lang='grc' dir='ltr'><strong><em>υ</em></strong></span> <span class='ocrx_word' id='word_1_872' title='bbox 343 5771 499 5827; x_wconf 77' lang='lat' dir='ltr'><strong>Rom.</strong></span> <span class='ocrx_word' id='word_1_873' title='bbox 524 5770 598 5832; x_wconf 80' lang='lat' dir='ltr'><strong>vi.</strong></span> <span class='ocrx_word' id='word_1_874' title='bbox 622 5776 680 5832; x_wconf 65' lang='lat'><strong>9..</strong></span> 
     </span>
    </p>
   </div>
   <div class='ocr_carea' id='block_1_114' title="bbox 1869 5283 3423 5356">
    <p class='ocr_par' dir='ltr' id='par_1_114' title="bbox 1869 5283 3423 5356">
     <span class='ocr_line' id='line_1_114' title="bbox 1869 5283 3423 5356; baseline 0.005 -19"><span class='ocrx_word' id='word_1_875' title='bbox 1869 5283 1999 5337; x_wconf 87' lang='lat' dir='ltr'><strong>dicit</strong></span> <span class='ocrx_word' id='word_1_876' title='bbox 2048 5283 2357 5352; x_wconf 86' lang='lat' dir='ltr'><strong>(siquidem</strong></span> <span class='ocrx_word' id='word_1_877' title='bbox 2386 5285 2476 5338; x_wconf 90' lang='lat' dir='ltr'><strong>illa</strong></span> <span class='ocrx_word' id='word_1_878' title='bbox 2533 5285 2640 5354; x_wconf 86' lang='lat' dir='ltr'><strong>pati</strong></span> <span class='ocrx_word' id='word_1_879' title='bbox 2683 5287 2849 5356; x_wconf 86' lang='lat' dir='ltr'><strong>gloria</strong></span> <span class='ocrx_word' id='word_1_880' title='bbox 2883 5295 2935 5339; x_wconf 92' lang='lat' dir='ltr'><strong>et</strong></span> <span class='ocrx_word' id='word_1_881' title='bbox 2961 5286 3343 5352; x_wconf 83' lang='lat' dir='ltr'><strong>exsultatione,</strong></span> <span class='ocrx_word' id='word_1_882' title='bbox 3375 5289 3423 5345; x_wconf 86' lang='lat' dir='ltr'><strong>si</strong></span> 
     </span>
    </p>
   </div>
  </div>
