4082 6342
168 390 316 454 το¹9

732 391 1270 460 EXPOSITIONIS
1313 395 1389 455 [Ν
1425 394 1614 455 ACTA
1649 394 1951 458 TE’XTUS
1979 396 2254 458 ALTER.
2287 422 2354 433 -
2380 398 2539 460 CAP.
2579 400 2854 462 XXVIII.

3273 403 3413 472 1010

166 508 376 577 πολλῆς
413 525 470 560 τε
496 506 707 569 ἀσιτίας
747 508 1096 578 ὑπαρχούσης
1116 548 1131 572 ,
1166 510 1288 562 τότε
1312 511 1527 575 σταθεὶς
1550 515 1576 565 6
1593 512 1740 564 Παῦ-

1844 507 1904 564 Et
1937 526 2086 566 nunc
2110 512 2315 566 suadeo
2341 513 2497 567 vobis
2548 515 2692 568 bono
2725 516 2908 568 animo
2964 531 3123 578 esse;
3184 519 3412 576 amissio

161 601 257 667 λος
289 608 351 656 ἐν
373 603 524 672 μέσῳ
555 601 756 666 αὑτῶν,
787 599 903 655 εἶπε
923 619 938 635 ο
969 605 1116 656 Ἔδει
1140 605 1257 675 μὲν,
1284 601 1329 660 ὦ
1355 607 1565 677 ἄνδρες,
1593 609 1742 662 πειθ-

160 696 521 766 αρχήσαντάς
568 693 680 761 μοι.
730 695 804 764 μὴ
854 696 1152 763 ἀνάγεσθαι
1195 698 1302 751 ἀπὸ
1343 700 1441 767 τῆς
1495 701 1740 770 Κρήτης,

162 786 436 857 κερδῆσαί
462 803 520 838 τε
545 787 644 854 τὴν
678 785 834 856 ὕϐριν
866 787 962 840 καὶ
984 781 1082 858 τὴν
1111 788 1314 859 ζημίαν
1369 791 1592 860 ταύτην.
1631 794 1742 846 Καὶ

163 879 342 932 τανῦν
360 879 610 948 παραινῶ
644 879 792 946 ὑμᾶς
824 881 1082 950 εὐθυμεῖν
1105 898 1118 909 ·
1143 882 1384 952 ὰποὸολὴ
1414 884 1524 953 γὰρ
1559 884 1736 954 ψυχῆς

159 971 394 1040 οὐδεμία
442 971 593 1024 ἔσται
624 971 683 1037 ἐξ
729 972 901 1043 ὑμῶν,
932 974 1076 1044 πλὴν
1102 974 1196 1026 τοῦ
1231 976 1437 1029 πλοίου.
1485 977 1734 1049 Παρέστη

158 1063 277 1134 γάρ
303 1080 395 1131 μοι
425 1063 596 1133 ταύτῃ
627 1063 1038 1131 νυκτὶάγγελος
1059 1065 1153 1118 τοῦ
1171 1064 1306 1119 Θεοῦ
1323 1059 1385 1118 οὖ
1411 1069 1546 1135 εἰμι,
1569 1061 1614 1133 ᾧ
1648 1069 1742 1121 καὶ⁸

161 1153 439 1224 λατρεύω,
465 1153 639 1224 λέγων
658 1172 674 1186 ’
701 1155 794 1226 Μὴ
825 1154 1016 1224 φοϐοῦ,
1064 1157 1267 1223 Παῦλε,
1311 1160 1549 1229 Καίσαρί
1575 1177 1634 1212 σε
1660 1162 1742 1214 δεῖ

163 1248 561 1318 παραστῆναι·
590 1248 684 1301 καὶ
720 1249 830 1302 ίδοὺ
858 1251 1181 1322 κεχάρισταί
1214 1269 1297 1305 σοι
1327 1255 1355 1305 6
1381 1253 1514 1317 Θεὸς
1534 1254 1742 1318 πάντας

157 1342 288 1402 τοὺς
327 1339 594 1402 πλέοντας
639 1341 778 1408 μετὰ
832 1340 949 1420 σοῦ.
985 1340 1076 1394 Διὸ
1134 1328 1460 1413 εὐθυμεῖτε,
1502 1346 1696 1415 ἄνδρες
1721 1363 1737 1378 ο

157 1429 409 1482 πιστεύω
441 1429 549 1497 γὰρ
577 1427 657 1498 τῷ
692 1428 832 1496 Θεῷ,
848 1429 937 1482 ὅτι
962 1427 1136 1492 οὕτως
1169 1430 1343 1494 ἔσται,
1369 1431 1490 1484 καθ’
1515 1431 1576 1483 δν
1614 1433 1741 1500 τρό-

158 1537 268 1572 πον
293 1518 588 1589 λελάληταί
613 1537 722 1588 μοι.
748 1519 842 1582 Είς
870 1520 1032 1590 νῆσον
1059 1519 1113 1573 δέ
1143 1537 1262 1573 τινα
1290 1521 1373 1573 δεῖ
1394 1522 1540 1591 ἡμᾶς
1574 1524 1740 1575 ἐκπε-

161 1613 308 1670 σιίν.
352 1611 438 1675 Ὧς
470 1611 525 1664 δὲ
550 1611 1125 1681 τεσσαρεσκαιδεκάτη
1155 1610 1254 1676 νὺξ
1277 1612 1514 1680 ἐγένετο,
1554 1613 1745 1682 διαφε-

159 1700 413 1770 ρομένων
435 1699 595 1768 ἡμῶν
625 1701 687 1752 ἐν
732 1697 814 1768 τῷ
866 1698 1070 1770 Ἀδρίᾳ,
1123 1700 1266 1755 κατά
1306 1700 1368 1754 τὸ
1417 1702 1582 1770 μέσον
1641 1703 1742 1772 τῆς

158 1792 384 1857 νυκτὸς,
416 1791 678 1845 ὑπενόουν
697 1792 747 1844 el
780 1788 974 1844 ναῦται
1007 1787 1352 1860 προῘσῙάγειν
1385 1792 1508 1846 τινὰ
1557 1793 1740 1858 αὐτοῖς

152 1883 367 1956 χώραν,
399 1884 496 1937 καὶ
524 1871 856 1954 βολίσαντες,
882 1876 1040 1953 εὖρον
1068 1882 1295 1952 ὀργυιάς
1318 1883 1491 1937 εἴκοσι
1515 1900 1530 1915 ο
1565 1883 1738 1954 βραχὺ

150 1968 212 2032 δὲ’
229 1977 644 2048 διαστήσαντες,
665 1978 759 2030 καί⁵
780 1976 943 2028 πάλιν
966 1974 1300 2045 βολίσαντες,
1330 1969 1486 2046 εὗρον
1510 1976 1739 2046 ὀργυιὰς

150 2071 457 2126 δεκαπέντε
482 2087 497 2102 ·
530 2069 854 2140 φοϐούμενοί
886 2085 968 2134 τε,
996 2068 1072 2137 μή
1113 2084 1231 2131 πως
1271 2069 1351 2130 εις
1375 2070 1597 2138 τραχεῖς
1643 2068 1740 2121 τό·

153 2181 298 2225 πους
324 2161 652 2225 ἐκπέσωσιν,
676 2162 741 2214 ἐκ
794 2159 1050 2232 πρύμνης
1084 2158 1339 2229 ῥίψαντες
1351 2158 1599 2229 ἀγκύρας
1615 2159 1741 2212 τέσ-

158 2263 362 2324 σαρας,
392 2252 620 2324 ηὔχοντο
641 2253 854 2324 ἡμέραν
874 2253 1159 2320 γενέσθαι.⁸
1177 2251 1372 2305 rem
1409 2250 1618 2306 ναυτῶν
1636 2250 1737 2319 ζη-

149 2345 406 2398 τούντων
429 2345 626 2412 φυγεῖν
653 2346 719 2396 ἐκ
755 2342 849 2397 τοῦ
875 2339 1085 2408 πλοίου,
1118 2343 1216 2398 καὶ
1245 2342 1596 2414 χαλασάντων
1639 2343 1739 2414 τὴν

153 2435 381 2503 σκάφην
404 2437 483 2497 είς
502 2433 605 2505 τὴν
653 2434 953 2512 θάλασσαν,
982 2434 1254 2504 προφάσει
1299 2436 1374 2499 ὡς
1401 2419 1480 2487 ἐκ’
1509 2433 1738 2503 πρώρας

155 2528 471 2594 μελλόντων
512 2525 762 2596 ἀγκύρας
814 2520 1102 2589 ἐκτείνειν,
1161 2523 1314 2580 εἶπεν
1350 2527 1379 2579 ὁ
1422 2525 1631 2590 Παῦλος
1660 2525 1738 2596 τῷ

152 2619 538 2696 ἐκανοντάρχῃ
564 2619 798 2680 καὶτοῖς
842 2615 1201 2687 στρατιώταις
1221 2634 1236 2650 ο
1300 2618 1430 2672 Ἐάν
1468 2619 1542 2686 μὴ
1590 2609 1738 2671 οὗτοι

153 2712 426 2782 μείνωσιν
459 2711 522 2763 ἐν
543 2709 624 2780 τῷ
652 2710 847 2775 πλοίῳ,
886 2710 1047 2778 ὑμεῖς
1097 2709 1340 2779 σωθῆναι
1388 2711 1450 2763 οὐ
1484 2710 1733 2763 δύνασθε.

149 2800 294 2858 Τότε
326 2801 382 2854 οῑ
412 2790 748 2870 στρατιῶται
777 2797 1065 2868 ἀπέκοψαν
1097 2797 1167 2850 τά
1211 2797 1421 2867 σχοινία
1458 2784 1557 2866 τῆς
1603 2797 1738 2850 σκά-

151 2909 289 2965 φης,
315 2892 413 2945 καὶ
434 2891 624 2945 εῐασαν
654 2889 825 2962 αὐτὴν
853 2891 1126 2944 ἐκπεσεῖν.
1160 2890 1323 2959 Ἀχρι
1382 2889 1439 2942 δὲ
1479 2881 1538 2943 οὖ
1575 2888 1735 2958 ἔμελ-

151 2987 251 3040 λεν
281 2985 500 3056 ἡμέραν
528 2984 805 3055 γενέσθαι,
834 2981 1138 3061 παρεκάλει
1158 2985 1187 3036 6
1233 2982 1445 3046 Παῦλος
1489 2981 1736 3045 ἅπαντας

1842 601 1990 659 enim
2048 605 2257 658 nullius
2304 605 2500 660 anima:
2549 607 2668 660 erit'
2700 622 2764 660 ex
2800 608 2982 674 vobis,
3044 620 3410 680 praeterquam

1842 695 2022 751 navis.
2056 694 2246 750 Astitit
2263 697 2408 750 enim
2435 696 2564 749 mihi
2598 696 2703 750 hac
2722 705 2882 770 nocte
2906 701 3130 768 angelus
3161 702 3277 764 Dei,
3306 717 3407 755 cu-

1837 787 1931 857 jus
1954 804 2076 843 sum
2109 803 2211 860 ego
2243 797 2298 844 et
2330 790 2419 843 cui
2452 789 2729 855 deservio,
2763 791 2983 846 ~diceus
3011 811 3026 846 :
3053 793 3132 847 Ne
3191 795 3406 860 timeas,

1841 879 2025 944 Paule,
2047 878 2244 935 (lassari
2278 889 2333 936 te
2365 891 2580 950 oportet
2602 883 2869 937 assistere
2895 901 2909 936 :
2938 894 2992 938 et
3027 899 3154 938 ecce
3184 885 3412 941 donavit

1843 972 1938 1028 tibi
1966 973 2109 1027 Deus
2142 988 2332 1028 omnes
2367 975 2460 1046 qui
2490 976 2751 1044 navigant
2773 977 2972 1030 tec'nm.
3007 977 3236 1042 Propter
3258 979 3407 1046 quod

1842 1065 1986 1118 bono
2014 1064 2198 1117 animo
2230 1071 2430 1126 estote,
2464 1064 2570 1117 viri
2600 1082 2614 1118 :
2639 1065 2802 1119 credo
2834 1066 2976 1120 enim
3018 1068 3146 1127 Deo,
3171 1066 3297 1136 quia
3324 1068 3411 1121 sic

1840 1155 1967 1220 erit,
1998 1155 2456 1224 quemadmodum
2482 1155 2692 1210 dictum
2731 1164 2817 1209 est
2847 1156 3002 1218 mihi,
3063 1157 3119 1211 In
3173 1158 3409 1212 insulam

1840 1257 2022 1302 autem
2043 1247 2332 1317 quamdam
2364 1256 2584 1316 oportet
2606 1262 2708 1303 nos
2733 1248 3012 1305 devenire.
3039 1247 3144 1302 Sed
3194 1257 3409 1316 postea-

1840 1355 2004 1409 quam
2034 1350 2228 1415 quarta
2255 1340 2475 1394 decima
2499 1354 2607 1393 nox
2640 1341 2986 1407 supervenit,
3022 1339 3408 1407 navigantibus

1841 1429 2081 1484 nobisin
2110 1429 2276 1484 Adria
2308 1430 2457 1484 circa
2499 1430 2735 1485 mediam
2761 1439 3003 1493 noctem,
3043 1430 3410 1497 suspicaban-

1840 1530 1928 1576 tur
1965 1529 2142 1578 nauta:
2192 1536 2454 1590 apparere
2480 1511 2607 1575 ἀἱδί
2637 1521 2875 1592 aliquam
2907 1522 3205 1592 regionem.
3234 1520 3411 1586 Quiet

1840 1612 2225 1669 submittentes
2258 1611 2518 1675 bolidem,
2546 1610 2876 1666 invenerunt
2929 1627 3129 1680 passus
3178 1613 3393 1682 viginti,

1841 1711 1896 1757 et
1932 1703 2190 1772 pusillum
2220 1702 2346 1756 inde
2376 1701 2616 1769 separati
2674 1702 3003 1756 invenerunt
3024 1719 3220 1773 passus
3244 1705 3408 1773 quin-

1841 1793 2040 1848 decim.
2071 1793 2350 1848 Timentes
2381 1801 2564 1848 autem
2596 1808 2666 1847 ne
2687 1793 2742 1847 in
2765 1808 2956 1863 aspera
2991 1796 3110 1848 loca
3134 1796 3407 1850 incidere-

1840 1898 1987 1944 mus,
2012 1882 2080 1937 de
2111 1883 2276 1952 puppi
2318 1883 2606 1937 mittentes
2645 1882 2914 1938 anchoras
2964 1893 3222 1951 quatuor,
3253 1891 3409 1955 opta-

1840 1977 1971 2031 bant
2019 1974 2164 2029 diem
2215 1973 2351 2027 ﬁeri.
2389 1972 2578 2028 Nautis
2616 1987 2751 2028 vero
2799 1975 3172 2043 querentibus
3226 1975 3411 2042 lugere

1824 2070 1908 2123 ~de
1946 2068 2093 2129 navi.
2121 2082 2244 2122 cum
2273 2067 2558 2122 misissent
2581 2067 2841 2135 scapham
2871 2065 2926 2119 in
2973 2081 3145 2126 mare.
3178 2066 3284 2120 sub
3309 2067 3412 2121 ob-

1836 2167 1995 2214 tentu
2020 2161 2177 2228 quasi
2216 2158 2522 2226 inciperent
2557 2171 2590 2210 a
2620 2171 2781 2225 prora
2798 2157 3072 2210 anchoras
3089 2155 3406 2221 extendere,

1839 2251 1977 2306 dixit
2001 2249 2204 2305 Paulus
2225 2247 2536 2306 centurioni
2557 2256 2613 2301 et
2641 2244 2909 2301 militibus
2935 2265 2949 2300 :
2973 2243 3090 2302 Nisi
3122 2246 3174 2298 bi
3199 2248 3253 2299 in
3283 2245 3408 2299 navi

1839 2342 2166 2412 manserint,
2220 2355 2328 2396 vos
2370 2339 2507 2395 salvi
2566 2338 2682 2394 ﬁeri
2749 2355 2860 2393 non
2933 2338 3186 2409 potestis.
3245 2336 3404 2406 31],

1831 2435 1994 2490 .Tunc
2025 2435 2382 2489 absciderunt
2417 2432 2621 2487 milites
2649 2465 2653 2472 -
2681 2429 2844 2486 funes
2891 2431 3128 2501 scaphae,
3159 2439 3212 2484 et
3259 2427 3408 2498 passi

1838 2537 1966 2583 sunt
1988 2540 2110 2580 eam
2137 2524 2412 2579 excidere.
2439 2522 2507 2577 Et
2534 2538 2660 2577 cum
2693 2523 2782 2576 lux
2826 2522 3096 2591 inciperet
3144 2521 3284 2585 ﬁeri,
3318 2535 3408 2573 ro-

1839 2601 1999 2686 gabat
2018 2614 2435 2678 Paulusomnes
2455 2624 2672 2682 sumere
2701 2609 2908 2674 cilmm,
2933 2609 3126 2664 dicens
3151 2626 3168 2663 :
3199 2607 3407 2674 Quarta

1838 2707 2049 2763 decima
2072 2706 2158 2760 die
2194 2705 2356 2767 hodie
2399 2691 2780 2772 exspectantes
2825 2701 3000 2771 jejuni
3056 2702 3406 2768 permanetis,

1835 2799 1972 2854 nihil
1999 2794 2364 2868 accipientes:
2398 2803 2623 2866 propter
2668 2797 2814 2864 quod
2853 2809 2988 2864 rogo
3017 2809 3116 2848 vos
3154 2793 3410 2862 accipere

1838 2892 2021 2947 cibum
2049 2904 2149 2959 pro
2166 2882 2342 3036 saluge
2370 2896 2546 2943 vestra
2576 2886 2746 2953 ;-quia
2787 2886 2989 2940 nullius
3018 2893 3259 2941 vestrum
3311 2899 3410 2938 ca-

1839 2985 2006 3036 nillus
2040 2983 2108 3036 de
2139 2982 2284 3036 canit
2371 2981 2590 3036 peribit.
2618 2980 2686 3034 Et
2716 2995 2839 3034 cum
2884 2979 3000 3032 haec
3040 2977 3284 3036 dixisset,
3315 2991 3410 3030 su-

1839 2985 2006 3052 pillus
2040 2983 2108 3051 de
2139 2977 2323 3051 capite
2371 2981 2590 3050 peribit.
2618 2980 2686 3034 Et
2716 2995 2839 3034 cum
2884 2979 3000 3032 haec
3040 2977 3284 3040 dixisset,
3315 2991 3410 3030 su-

163 3078 499 3156 μεταλαϐεῖν
558 3078 788 3148 τροφῆς,
857 3078 1032 3145 λέγων
1056 3091 1072 3106 ο
1127 3076 1736 3145 Τεσσαρεσκαιδεκάτην

1841 3081 1994 3127 tinens
2028 3087 2250 3142 panem,
2293 3071 2504 3142 gratias
2531 3072 2639 3141 egit
2689 3069 2800 3124 Deo
2837 3069 2893 3122 in
2942 3077 3242 3136 conspectu
3292 3082 3410 3120 om-

152 3168 377 3240 ἡμέραν
449 3166 1153 3244 σήμερονΝπροσδοκῶντες
1186 3206 1203 3230 ,
1268 3166 1437 3236 μηδὲν
1504 3165 1738 3237 προσλα-

1841 3166 2041 3232 nium;
2101 3156 2159 3219 et
2238 3179 2365 3218 cum
2445 3162 2724 3247 fregisset.
2779 3161 2968 3229 .cmpit
3011 3159 3409 3213 ‘manducare.

154 3262 424 3333 σύμενοι,
476 3264 655 3314 ἄσιτοι
697 3260 1026 3314 διατελεῖτε·
1082 3258 1164 3312 διὸ
1229 3258 1534 3329 παρακαλῶ
1593 3258 1738 3326 ὑμᾶς

1841 3258 2270 3328 Animaquiores
2326 3263 2509 3309 autem
2534 3253 2664 3325 facti
2698 3266 2912 3313 omnes,
2945 3259 3001 3304 et
3029 3249 3132 3322 ipsi
3160 3263 3412 3318 sumpse-

160 3349 498 3424 μεταλαϐεῖν
537 3352 744 3422 τροφῆς
765 3366 778 3379 ·
819 3349 975 3402 τοῦτο
1005 3347 1114 3418 γὰρ
1170 3347 1308 3418 πρὸς
1335 3347 1434 3416 τῆς
1470 3348 1739 3416 ὑμετέρας

1841 3360 1967 3406 runt
1993 3353 2197 3407 cibum.
2254 3349 2477 3411 Eminus
2511 3367 2648 3416 γεω
2677 3346 2948 3399 universa:
2978 3345 3174 3397 animae
3203 3340 3413 3395 in.navi

156 3440 440 3509 σωτηρίας
473 3440 732 3508 ὑπάρχει.
761 3437 989 3498 Οὐδενὸς
1019 3437 1128 3506 γὰρ
1166 3435 1320 3505 ὑμῶν
1365 3435 1489 3504 θρὶξ
1537 3436 1600 3493 ἐκ
1640 3436 1740 3504 τῆς

1841 3443 2092 3498 ducentae
2141 3440 2484 3509 septuagima
2514 3457 2637 3494 ses.
2665 3438 2734 3492 Et
2770 3436 2953 3490 satiati
2992 3434 3138 3510 cibo,
3183 3433 3410 3486 alleviao

151 3531 411 3600 κεφαλῆς
446 3531 745 3584 ἀπολεῖται.
780 3527 966 3582 Εἰπὼν
993 3528 1051 3580 δὲ
1076 3527 1274 3592 ταῦτα,
1305 3528 1401 3580 καὶ
1427 3526 1607 3580 λαϐὼν
1634 3527 1737 3596 άρ-

1841 3535 1974 3588 bant
1995 3546 2213 3594 navem,
2242 3531 2526 3599 iactantes
2573 3525 2814 3583 triticum
2845 3527 2900 3579 in
2934 3525 3102 3579 mare.
3137 3523 3273 3604 Cum
3307 3538 3408 3576 au-

152 3641 271 3686 τον,
305 3622 674 3693 εὐχαρίστησε
702 3620 782 3692 τῷ
813 3618 932 3689 Θεῷ
959 3618 1192 3672 ἐνώπιον
1216 3618 1452 3678 πάντων,
1481 3619 1576 3670 καὶ
1609 3617 1741 3670 κλά-

153 3734 257 3777 σας
288 3714 498 3785 ἡρξατο
532 3714 753 3769 ἐσθίειν.
784 3712 1048 3782 Εὑθυμοι
1090 3711 1148 3764 δὲ
1193 3711 1475 3779 γενόμενοι
1517 3709 1758 3785 πάντεςη

158 3805 253 3858 καὶ
285 3803 444 3856 αὐτοὶ
477 3803 773 3870 μετέλαδον
796 3805 1023 3874 τροφῆς.
1051 3800 1233 3872 Ἦμεν
1257 3801 1315 3854 δὲ
1361 3803 1416 3853 αί
1443 3801 1615 3853 πᾶσαι
1639 3802 1739 3868 ψυ-

152 3893 344 3967 χαΐέν
371 3894 451 3962 τῷ
489 3886 996 3963 πλο’ῳ,’διακόσιαι
1024 3893 1395 3963 ἑϐδομήκοντα
1436 3893 1516 3956 ἐξ,
1573 3894 1742 3962 Κορεο

156 3985 386 4050 σθέντες
413 3985 470 4039 δὲ
500 3984 730 4056 τροφῆς,
763 3983 1052 4051 ἐκούφιζον
1080 3983 1142 4034 τὸ
1172 3983 1354 4034 πλοῖον
1406 3983 1735 4050 ἐκϐαλλᾶμε-

157 4097 244 4133 νοι
270 4082 369 4132 τὸν
397 4081 544 4132 σῖτον
577 4080 658 4140 είς
683 4078 781 4148 τὴν
813 4078 1108 4134 Θάλασσαν.
1142 4075 1270 4126 "Ore
1297 4074 1354 4126 δὲ
1404 4076 1582 4145 ἡμέρα
1620 4075 1742 4142 ἐγέ-

152 4189 305 4236 νετο,
330 4173 430 4241 τὴν
457 4172 562 4243 γῆν
587 4173 688 4226 οὐκ
715 4173 1087 4240 ἐπεγῖνωσκον
1108 4189 1122 4203 ο
1150 4173 1349 4226 κίλπον
1378 4171 1434 4223 δέ
1465 4188 1587 4224 τινα
1613 4187 1743 4221 κατ-

156 4265 351 4318 ενόουν
397 4265 591 4336 ἔχοντα
642 4265 908 4332 αἰγιαλὸν,
961 4269 1040 4328 εἰς
1102 4266 1162 4318 ὃν
1224 4265 1633 4326 ἐδουλεύσαντο,
1691 4263 1741 4315 εί

157 4356 440 4418 δύναιντο,
463 4338 661 4418 ἐξῶσαι
689 4356 750 4408 τὸ
781 4357 984 4411 πλοῖον.
1010 4359 1118 4410 Καὶ
1173 4359 1269 4420 τὰς
1308 4354 1554 4424 ἀγκύρας
1598 4373 1744 4424 περι-

163 4430 391 4504 αῗὸντες
424 4445 550 4497 εῐων
574 4446 654 4508 είς
687 4445 784 4516 τὴν
805 4445 1094 4517 θάλασσαν,
1117 4447 1232 4515 ἅμα
1261 4447 1478 4509 ἀνέντες
1507 4445 1602 4508 τὰς
1619 4445 1743 4509 ζευο

1843 3623 2092 3678 temdies
2126 3622 2302 3676 factus
2335 3629 2506 3685 esset,
2565 3628 2767 3674 terram
2819 3630 2929 3682 non
2984 3616 3354 3688 agnoscebant
3391 3632 3408 3668 :

1843 3716 2025 3771 sinum
2062 3729 2194 3767 vero
2229 3715 2519 3783 quemdam
2547 3692 2968 3766 considerabant
2998 3706 3296 3760 habentem
3325 3705 3410 3757 lil-

1844 3817 1956 3871 tus,
1983 3806 2037 3860 in
2073 3821 2233 3875 quem
2254 3805 2590 3878 cOgitaba_nt,
2617 3803 2664 3855 si
2690 3789 2935 3871 pnssent,
2958 3798 3161 3868 ejicere
3187 3810 3410 3856 navem.

1842 3900 1911 3952 Et
1962 3913 2088 3951 cum
2138 3897 2414 3950 anchoras
2464 3880 2839 3962 sustulissent,
2902 3888 3314 3969 committebant
3352 3900 3414 3939 se

1843 3988 2198 4053 mari,simul
2243 3988 2496 4041 laxantes
2535 3985 2824 4054 juncturas
2870 3980 3410 4052 gubernaculorum:

1842 4092 1893 4137 et
1919 4082 2098 4136 levato
2134 4089 2413 4134 artemone
2458 4077 2758 4148 secundum
2793 4089 2940 4130 aura:
2992 4072 3178 4127 ﬂatum
3228 4069 3417 4126 tende-

1849 4178 1983 4228 bant
2030 4174 2099 4228 ad
2140 4173 2316 4225 littus.
2377 4170 2443 4222 Et
2505 4185 2630 4223 cum
2687 4167 3074 4222 incidissemus
3126 4164 3181 4216 in
3232 4162 3413 4214 locum

1843 4262 2230 4324 ditbalassum,
2276 4260 2623 4329 impegerunt
2657 4275 2889 4326 navem;
2923 4269 2977 4313 et
3000 4270 3160 4327 prora
3184 4252 3408 4323 quidem

1847 4356 1947 4411 tixa
1977 4354 2254 4423 manebat,
2280 4352 2602 4421 immobilis,
2625 4353 2822 4424 puppis
2861 4366 2991 4408 vero
3036 4348 3349 4406 solvebatur
3380 4359 3412 4398 a

1845 4450 1895 4503 vi
1931 4447 2121 4502 maris.
2154 4446 2385 4500 Militum
2417 4456 2600 4501 autem
2635 4440 2930 4501 consilium
2980 4443 3106 4508 fuit,
3138 4452 3196 4497 ut
3221 4448 3411 4496 custo-

172 4535 416 4604 κ.ηρίας
445 4535 556 4588 τῶν
586 4535 880 4607 πηδαλίων·
915 4537 1009 4589 καὶ
1038 4538 1339 4607 ἐπάραντες
1366 4537 1455 4586 τὸν
1471 4537 1740 4604 ἀρτὲμονα

1849 4540 1968 4593 dias
1996 4538 2329 4601 occiderent,
2382 4552 2450 4592 ne
2482 4537 2626 4606 quis,
2647 4551 2772 4590 cum
2795 4535 3092 4596 enatassct,
3132 4529 3413 4597 effugeret.

155 4628 225 4695 τῇ
271 4625 540 4700 πνεούσῃ,
573 4629 824 4697 κατεῖχον
854 4629 934 4690 εἰς
959 4626 1050 4679 τὸν
1084 4626 1351 4695 αἰγιαλόν.
1402 4624 1738 4693 Περιπεσὸν-

161 4734 258 4780 τες
306 4717 368 4770 δέ
405 4719 485 4779 είς
545 4718 710 4771 τόπον
751 4718 1095 4782 διθάλασσον,
1129 4717 1433 4770 ἐπώκειλαν
1466 4716 1564 4787 τὴν
1588 4717 1740 4770 ναῦν.

161 4812 278 4868 Καὶ
313 4812 350 4881 ἡ
405 4811 506 4881 μὲν
557 4809 754 4883 πρώρα
798 4810 1079 4880 ἐρείσασα,
1111 4810 1321 4882 ἔμεινεν
1365 4809 1680 4871 ἀσάλευτοςο
1708 4810 1743 4879 ἡ

161 4906 222 4959 δὲ
252 4901 483 4974 πρύμνα
504 4903 691 4958 ἐλύετο
717 4905 822 4958 ὑπὸ
848 4906 946 4973 τῆς
985 4904 1102 4976 βίας
1132 4903 1241 4956 τῶν
1290 4905 1570 4973 κυμάτων.
1624 4900 1744 4956 Τῶν

1846 4630 2107 4687 Centurio
2138 4638 2320 4682 autem
2355 4629 2544 4682 volens
2575 4631 2797 4683 servare
2846 4625 3106 4688 Paulum,
3136 4619 3417 4694 prohibuit

1851 4721 2007 4786 lieri;
2042 4718 2318 4788 jussitque
2348 4735 2462 4784 eos,
2505 4719 2598 4789 qui
2650 4727 2869 4788 possent
2899 4727 3109 4779 natare,
3166 4710 3420 4765 emittere

1849 4828 1909 4868 se
1936 4813 2163 4883 primos,
2182 4823 2236 4868 et
2261 4812 2511 4877 evadere,
2549 4819 2603 4866 et
2630 4810 2696 4863 a'd
2731 4821 2931 4864 terram
2958 4807 3146 4867 exire;
3177 4811 3231 4855 et
3259 4811 3416 4853 cete—
3479 4817 3482 4819 λ

1852 4921 1943 4959 ros
1973 4905 2110 4958 alios
2140 4905 2194 4957 in
2224 4904 2427 4973 tabulis
2481 4903 2725 4955 ferebant
2759 4919 2774 4965 ;
2804 4891 3068 4968 quosdam
3127 4909 3293 4964 super
3351 4906 3418 4954 ea

127 5000 222 5054 δὲ
251 4996 608 5070 στρατιωτῶν
643 4998 804 5069 βουλὴ
863 4998 1100 5064 ἐγένετο,
1143 4997 1230 5050 ἵνα
1279 4997 1408 5058 τοὺς
1467 4993 1740 5063 δεσμώτας

1852 5013 1973 5066 qua:
1997 4997 2064 5049 de
2097 4997 2220 5048 navi
2252 5003 2426 5047 erant.
2457 4993 2526 5046 Et
2577 4993 2656 5046 sic
2698 4982 2915 5059 factum
2947 4997 3053 5052 est,
3113 4996 3172 5041 ut
3225 4998 3420 5045 omnes

161 5088 560 5158 ἀποκτείνωσι,
606 5091 681 5160 μή
709 5106 794 5152 τις
824 5086 1243 5156 ἐκκολυμϐήσας
1291 5083 1548 5153 διαφύγῃ.
1593 5083 1652 5136 ’0
1690 5084 1740 5135 δὲ

1853 5091 2046 5143 animae
2091 5087 2386 5142 evaderent
2447 5087 2512 5140 ad
2563 5095 2790 5140 terram.
2847 5083 2912 5136 Et
2963 5098 3086 5137 cum
3147 5078 3418 5133 evasisse-

163 5180 604 5248 ἑκατοντάρχης,
665 5167 984 5248 βουλόμενος
1055 5175 1317 5228 διασῶσαι
1370 5175 1462 5226 τὸν
1511 5172 1740 5234 Παῦλον.

1859 5191 2002 5239 Inus,
2040 5183 2173 5229 tunc
2221 5177 2601 5247 cognovimus,
2628 5205 2632 5210 ~
2656 5175 2784 5245 quia
2815 5172 3007 5227 Melita
3035 5167 3226 5223 insula
3247 5179 3414 5218 voea-

161 5275 443 5327 ὲκώλυσεν
475 5277 675 5338 αὐτοὺς
708 5276 801 5328 τοῦ
836 5273 1171 5344 βουλήματος
1197 5285 1210 5298 ·
1243 5266 1499 5321 ἐκέλευσέ
1528 5284 1588 5319 τε
1621 5267 1747 5329 τοὺς
1854 5271 2034 5322 batur.
2498 5247 2502 5258 I
2695 5285 2698 5287 λ

161 5365 499 5437 δυναμένους
552 5366 827 5436 κολυμῦᾷν
877 5364 1284 5437 ἀπορρίψαντας
1339 5360 1588 5431 πρώτους
1653 5361 1746 5412 ἐπὶ
1782 5360 1881 5431 τὴν
1927 5359 2033 5428 γῆν
2079 5359 2315 5424 ἐξιέναι·
2382 5359 2476 5412 καὶ
2532 5359 2658 5421 τοὺς
2713 5356 2954 5419 λοιποὺς,
3022 5353 3128 5415 οὖς’
3176 5350 3273 5420 μὲν
3322 5351 3418 5420 ἐπί

165 5459 405 5523 σανίσιν,
433 5458 528 5523 οὓς
547 5458 607 5513 δέ
636 5458 726 5510 ἐπί
759 5476 920 5510 τινων
950 5459 1059 5511 τῶν
1099 5457 1207 5511 άπὸ
1276 5454 1370 5506 τοῦ
1418 5453 1627 5509 πλοίου.
1671 5455 1780 5506 Καὶ
1815 5454 1985 5518 οὕτως
2011 5454 2227 5522 ἐγένετο
2256 5454 2462 5515 πάντας
2488 5451 2818 5522 διασωθῆναι
2849 5450 2940 5502 ἐπὶ
2969 5449 3068 5518 τὴν
3130 5447 3252 5515 γῆν.
3306 5441 3424 5509 Καὶ

163 5551 586 5628 διασωθέντεςη
623 5549 742 5604 τότε
790 5549 1108 5613 ἐπέγνωσαν
1148 5549 1229 5601 ὅτι
1276 5545 1481 5614 Μελίτη
1532 5547 1565 5613 ἡ
1615 5545 1774 5614 νῆσος
1815 5545 2074 5598 καλεῖται.

445 5700 449 5705 ,
791 5639 1168 5693 ΕΡΜΗΝΕΙΑ.

235 5732 514 5801 Νηστείαν
535 5732 767 5788 ἐνταῦθα
799 5731 896 5802 τὴν
927 5731 1035 5782 τῶν
1063 5731 1546 5798 Ίουδαίωνλέγει.
1584 5729 1736 5782 Μετᾶ

166 5826 277 5897 γάρ
315 5825 414 5895 τήν
435 5826 815 5897 Ιίεντηκοστὴν
871 5823 1088 5894 Ξῆλθεν
1131 5822 1337 5876 ἐκεῖθεν
1394 5823 1529 5892 μετὰ
1570 5823 1734 5884 πολὺν

2285 5606 2287 5608 ’
2339 5619 2901 5708 COMMENTARIUS.

1921 5750 1939 5780 ς
1971 5731 2049 5782 Eo
2074 5727 2219 5797 quod
2241 5727 2505 5798 jejunium
2523 5728 2634 5796 jam
2667 5723 3072 5795 praeteriisse“
3111 5720 3184 5774 De
3208 5719 3416 5788 jejunio

1841 5822 2155 5877 Jmlaeorum
2193 5823 2277 5874 hic
2307 5822 2570 5890 loquitur.
2598 5818 2748 5872 Nam
2785 5815 2954 5872 multo
2984 5822 3110 5890 post
3142 5814 3411 5879 Penteco—
