4082 6342
646 417 796 487 1051·

1524 411 2100 479 ΤιιΕΟΡΗΥιΑεΤι
2143 413 2550 475 ΒυιϐΑΒΙίΕ
2582 417 2931 477 ARCIIIEP.

3719 410 3850 477 1052
3905 397 3910 400 ’

638 543 759 590 sten
791 544 1033 604 tempore
1060 531 1256 589 exinde
1290 530 1480 595 exivit,
1536 542 1593 584 ut
1647 531 1757 600 jam
1805 531 1972 584 ferme
2028 529 2201 583 hiems

2305 527 2514 596 χρόνον,
2551 518 2627 589 ὠς
2658 530 2714 580 ἐν
2770 528 2918 597 αὐτῷ
2955 527 3139 596 σχεδὸν
3168 525 3244 596 τῷ
3297 526 3518 596 χειμῶνι
3572 527 3893 594 παραγενέο.

638 633 804 692 esset,
840 640 964 679 cum
992 625 1045 678 in
1069 632 1255 694 partes
1279 621 1452 676 Creta‘
1485 622 1809 689 perveniret.
1840 621 2038 675 lterum
2070 634 2199 674 vero

571 786 576 791 γ
640 734 788 772 nunc
838 717 1121 787 prophetat
1154 715 1354 769 Paulus
1408 728 1501 768 eos
1534 711 1876 781 naufragium
1939 712 2196 765 facturos.

595 798 598 803 ’
642 807 710 860 Ει
748 807 872 861 licet
906 815 1094 875 postea
1124 805 1285 876 312
1321 801 1584 873 ejusmodi
1622 801 1963 871 naufragium
1996 802 2201 867 absque

643 897 812 953 ullius
844 905 1037 960 morte,
1076 905 1132 949 ut
1165 897 1280 966 ipse
1322 895 1522 949 Paulus
1555 892 1825 964 praedixit,
1867 892 2152 962 contigerit
2183 905 2199 954 ;

643 998 882 1042 attamen
935 989 1093 1056 juxta
1125 997 1335 1042 naturae
1388 1001 1612 1041 cursum
1661 985 1950 1054 periissem
1988 996 2198 1044 omnes,

643 1079 746 1133 nisi
771 1079 910 1134 Deus
944 1087 995 1133 et
1021 1079 1170 1132 illum
1197 1078 1432 1140 salvum,
1463 1085 1514 1131 et
1544 1091 1640 1146 per
1663 1090 1784 1130 eum
1822 1088 2012 1129 omnes
2044 1074 2200 1128 inco-

644 1172 816 1225 lumes
889 1185 1013 1225 esse
1067 1168 1348 1226 voluisset.
1404 1167 1662 1222 Centurio
1734 1181 1843 1220 non
1929 1165 2198 1229 credebat,

641 1276 762 1330 qua:
809 1277 838 1314 a
887 1260 1056 1314 Paulo
1108 1259 1449 1322 dicebantur,
1494 1267 1552 1312 ut
1604 1259 1695 1326 qui
1727 1256 1898 1324 magis
1932 1255 2200 1309 lldendum

643 1350 867 1419 putabat
913 1349 983 1403 iis
1037 1349 1126 1420 qui
1166 1348 1454 1418 navigandi
1503 1347 1660 1417 periti
1701 1354 1858 1400 erant
1901 1360 2059 1414 quam
2109 1344 2204 1397 ho-

642 1439 776 1492 mini
810 1439 1058 1492 nautices
1081 1438 1364 1507 inexperto
1394 1454 1408 1502 ;
1442 1445 1494 1490 et
1520 1451 1584 1490 ex
1621 1435 1721 1489 hoc
1754 1435 2012 1499 ostendit,
2046 1449 2198 1486 men—

644 1531 716 1582 tis
773 1543 1016 1584 errorem
1083 1527 1255 1584 fuisse
1307 1529 1490 1596 potius
1531 1542 1693 1596 quam
1742 1525 1994 1578 fortunae.
2047 1524 2202 1589 Quod

638 1619 792 1674 enim
831 1620 1077 1673 naturale
1127 1619 1198 1673 sit
1239 1619 1537 1688 periculum
1607 1617 1817 1685 fugere,
1872 1617 2202 1685 experientia

641 1712 759 1779 ipsa
787 1711 945 1766 docet
975 1753 988 1776 ,
1025 1726 1146 1765 cum
1175 1725 1333 1765 nemo
1369 1725 1488 1765 sese
1527 1709 1854 1778 praecipitem
1888 1709 1998 1771 del,
2057 1708 2202 1776 quod

643 1803 748 1857 hoc
779 1803 1002 1856 evidens
1053 1801 1354 1872 periculum
1391 1801 1602 1866 atl‘erat,
1639 1800 1854 1853 fortuna
1891 1808 1942 1853 et
1973 1799 2084 1852 fato
2115 1816 2203 1852 ie-

2304 619 2426 670 σθαι
2459 620 2536 680 είς
2562 619 2628 670 τὰ
2662 619 2800 689 μέρη
2833 619 2930 687 τῆς
2954 618 3198 687 Κρήτης.
3231 618 3363 670 Ἰδοὺ
3411 615 3745 688 προφητεύει
3777 615 3860 670 καὶ

2301 708 2404 763 νῦν
2429 713 2455 764 6
2485 711 2715 776 Παῦλος,
2754 711 3060 778 ναυαγῆσαι
3111 709 3282 776 λέγων
3329 709 3531 771 αὐτοῖς,
3591 708 3664 777 [εί
3693 708 3782 759 καὶ
3808 707 3860 760 οὔ

2301 803 2524 871 γέγονεν
2578 801 2807 874 αὐτοῖς.]
2842 802 2982 871 μετά
3017 801 3220 871 ζημίας
3267 800 3453 871 ψυχῶν
3506 801 3568 852 τὺ
3619 801 3861 866 ναυάγιον

2303 893 2443 950 κατά
2470 893 2559 946 τὸν
2622 891 2779 959 λόγον
2822 890 3007 944 αὑτοῦ.
3079 892 3250 944 Τοῦτο
3299 893 3397 962 μὲν
3429 890 3557 961 γὰρ,
3587 891 3709 944 ὅσον
3736 890 3862 942 κατά

2301 985 2398 1052 τὴν
2436 983 2596 1050 φύσιν
2621 985 2714 1036 τοῦ
2738 983 3078 1053 πράγματος,
3125 983 3340 1050 ἐγένετο
3364 981 3449 1043 ἂν,
3481 983 3530 1034 εἰ
3573 981 3648 1050 μή
3688 983 3715 1032 6
3742 980 3863 1042 Θεὸς

2301 1075 2542 1128 διέσωσε.
2570 1075 2821 1128 Διάύτδν
2851 1075 2960 1146 γὰρ
2984 1076 3076 1127 καὶ
3099 1073 3338 1136 ἐκείνους
3374 1073 3664 1142 δισωθῆναι
3688 1071 3864 1140 ἐποίηέ

2306 1185 2416 1222 σεν,
2450 1169 2523 1220 Οὐ
2554 1170 2810 1238 προσέχει
2851 1171 2961 1231 τοῖς
2993 1168 3096 1221 ὑπὸ
3123 1161 3462 1220 τοῦπαύλου
3515 1162 3865 1235 λεγομένοιςό

2303 1261 2737 1331 ἑκατοντάρχης,
2795 1260 3115 1328 πειθόμενος
3179 1258 3378 1328 μᾶλλον
3427 1260 3540 1318 τοῖς
3594 1257 3865 1324 ἐμπείρως

2303 1349 2484 1418 ἔχουσι
2513 1348 2645 1417 πρὸς
2672 1347 2732 1401 τὸ
2763 1348 2937 1412 πλεῖν,
2970 1349 3003 1418 ἢ
3042 1347 3275 1417 ἐπιϐάτῃ
3321 1347 3529 1412 ἀπείρῳ
3577 1344 3864 1411 ναυτικῆς⁶

2308 1443 2398 1493 καὶ
2429 1441 2492 1492 ἐκ
2523 1439 2712 1492 τούτου
2739 1440 3000 1502 διδάσκει,
3037 1441 3116 1496 ὅτι
3151 1437 3372 1506 γνώμης
3408 1438 3544 1501 ἐστὶ,
3577 1437 3671 1488 καὶ
3691 1435 3748 1486 ού
3774 1429 3867 1487 τύ-

2304 1548 2421 1600 χης,
2451 1531 2511 1582 τὸ
2541 1530 2862 1599 ἁμάρτημα.
2897 1530 3020 1582 Ὅτι
3056 1529 3163 1599 γὰρ
3195 1529 3310 1581 ἐστι
3348 1528 3489 1580 κατά
3523 1526 3681 1595 φύσιν
3706 1527 3868 1595 ἐκφυ-

2304 1627 2417 1690 γεῖν
2447 1623 2534 1674 τὸν
2560 1623 2819 1685 κίνδυνον,
2854 1621 2991 1690 αὕτη
3024 1625 3054 1691 ή
3088 1624 3251 1691 πεῖρα
3278 1621 3537 1682 διδάσκει,
3565 1619 3639 1687 μὴ
3703 1635 3869 1692 κατα-η

2305 1715 2626 1784 κρημνίζειν
2664 1714 2854 1766 ἑαυτόν
2893 1732 3032 1780 τινα,
3062 1717 3135 1776 ὡς
3179 1712 3558 1782 ἀναμφιϐόλως
3585 1711 3676 1785 τοῦ
3729 1711 3862 1779 πρά-

2305 1823 2511 1874 γματος
2534 1806 2776 1858 κίνδυνον
2796 1807 3074 1875 φέροντος,
3098 1806 3194 1874 τῆς
3221 1804 3389 1878 τύχης
3410 1804 3501 1857 καὶ
3524 1804 3866 1872 εἱμαρμένης

645 1893 742 1947 Ιυιί
769 1892 1244 1948 obdormientibus
1293 1894 1348 1947 in
1378 1893 1542 1948 rebus
1578 1891 1883 1946 manifestis
1922 1908 1984 1945 ac
2014 1892 2201 1946 visibi-

2307 1900 2398 1950 ἐπὶ
2459 1897 2568 1951 τῶν
2623 1874 2916 1968 προῦπτων
2981 1874 3373 1967 κοιμωμένηςο
3415 1896 3448 1964 ἦ
3490 1894 3865 1966 γρηγορούσης

641 1985 784 2038 libus
821 2003 834 2050 ;
868 2000 1178 2055 quanquam
1204 1985 1248 2040 si
1281 1985 1445 2040 etiam
1488 1986 1794 2055 vigilarent,
1826 1986 2040 2039 nihilea
2077 1999 2201 2053 pos-

2307 1990 2424 2059 μέν,
2485 1989 2650 2058 μηδὲν
2689 1989 2744 2041 δέ
2790 1989 3091 2058 δυναμένης
3114 1987 3546 2057 ἀντιπράξασθαι
3583 1985 3722 2039 κατά
3771 1986 3864 2050 τῆς

619 2086 762 2156 ‘sent
812 2086 999 2130 contra
1033 2087 1382 2145 spontaneam
1413 2077 1756 2142 electionem,
1791 2092 1896 2145 qua
1954 2077 2201 2132 homines

2305 2083 2673 2152 προαιρέσεως
2703 2082 2812 2134 τῶν
2851 2081 3173 2152 ἀνθρώπων,
3229 2074 3351 2133 καθ’
3375 2079 3446 2149 ἥν
3484 2079 3548 2131 ἂν
3574 2077 3863 2148 βούλωνται

641 2183 738 2221 sua
768 2167 1122 2237 sibimetipsis
1163 2169 1331 2223 libere
1376 2169 1728 2222 moderantur
1758 2186 1772 2233 ;
1816 2177 1883 2223 ut
1913 2168 2097 2223 videre
2120 2175 2204 2222 est

647 2259 700 2310 ln
726 2257 790 2310 iis
817 2259 978 2311 etiam
1014 2261 1105 2328 qui
1165 2273 1290 2312 cum
1321 2257 1489 2312 Paulo
1514 2259 1862 2329 navigabant.
1891 2258 2036 2312 Adeo
2059 2258 2201 2311 enim

642 2349 720 2402 illi
760 2348 978 2419 propria
1016 2349 1267 2403 libertate
1289 2349 1608 2414 utebantur,
1639 2357 1696 2403 ut
1729 2350 1890 2418 paulo
1922 2357 2042 2418 post
2076 2364 2203 2417 pro-

641 2455 862 2509 sperum
901 2447 1120 2494 ventum
1178 2441 1345 2507 nacti,
1382 2437 1782 2510 nai'igationem
1831 2441 1932 2494 laeti
1971 2440 2205 2493 contice-

643 2542 786 2586 rent.
809 2531 1363 2587 Animadvertendum
1403 2547 1555 2597 vero,
1589 2532 1730 2603 quod
1767 2550 1784 2581 ‹
1819 2540 2006 2585 contra
2035 2529 2205 2599 respi-

642 2636 769 2675 cere
820 2639 838 2673 ι
900 2622 1199 2692 improprie
1245 2623 1313 2678 de
1365 2623 1580 2692 navigio
1619 2623 1871 2679 dicatur:
1925 2624 2202 2691 respicere

643 2713 788 2766 enim
811 2713 910 2768 soli
941 2713 1146 2769 homini
1175 2716 1392 2784 proprie
1415 2716 1687 2771 convenit.
1720 2709 1900 2780 Quare
1921 2732 2025 2768 non
2064 2729 2205 2767 sem-

645 2819 742 2872 per
773 2804 826 2857 in
860 2820 1020 2859 sacra
1075 2806 1361 2876 Scriptura
1420 2810 1637 2878 pr0pria
1696 2809 1895 2862 locutio
1921 2807 2204 2876 ,exigcnda

645 2903 750 2948 est.
788 2914 806 2945 ι
837 2892 1022 2948 Valida
1058 2903 1235 2949 autem
1268 2907 1608 2966 tempestate.
1644 2915 1662 2948 ι
1695 2896 1850 2962 Quod
1888 2897 2054 2967 igitur
2074 2911 2206 2948 con-

643 2971 784 3055 tigit,
822 2983 1162 3055 naufragium
1199 2985 1308 3057 (40)
1338 3003 1364 3039 a
1394 2994 1643 3056 tempore
1681 2986 1890 3041 factum
1948 2995 2034 3042 est
2071 3001 2206 3058 quo-

644 3078 788 3130 niam
816 3092 1008 3148 magna
1056 3085 1172 3133 erat
1205 3087 1528 3149 tempestas.
1556 3080 1625 3132 At
1656 3077 1977 3132 miraculum
2033 3081 2206 3146 majus

643 3171 766 3233 fuit,
797 3171 940 3239 quod
972 3171 1064 3225 tali
1087 3180 1328 3241 tempore
1357 3187 1387 3226 e
1418 3173 1608 3227 mediis
1635 3171 1890 3241 periculis
1920 3181 2032 3226 tum
2064 3172 2206 3241 Apo-

643 3261 820 3317 stolus
846 3262 982 3331 ipse,
1024 3272 1137 3316 tum
1167 3264 1259 3316 alii
1298 3272 1519 3332 pr0pter
1549 3265 1724 3333 ipsum
1761 3264 1932 3332 erepti
1958 3264 2196 3319 fuerint:

641 3358 816 3424 'quare
853 3354 1114 3422 deceptus
1156 3368 1262 3407 non
1293 3362 1395 3407 est.
1436 3372 1453 3404 ι
1490 3353 1553 3406 Et
1585 3368 1709 3408 ecce
1747 3353 1968 3407 donavit
2016 3353 2132 3407 tibi.
2175 3370 2194 3404 ι

587 3433 594 3439 “
641 3446 717 3502 Ex
754 3447 855 3501 hoc
885 3445 1091 3502 falsitas
1126 3455 1272 3515 patet
1297 3445 1566 3500 Homerici
1599 3446 1742 3500 illius
1775 3446 1902 3500 dicti
1933 3447 2044 3514 (tt)
2081 3462 2097 3498 ε

713 3538 913 3594 Fatum
963 3554 1079 3595 vero
1100 3541 1333 3593 arbitror
1361 3540 1615 3593 neminem
1641 3539 1909 3594 hominum
1935 3539 2199 3609 eﬁ‘ugisse,

715 3671 835 3727 Situ
869 3673 1069 3725 malum
1097 3673 1202 3726 sive
1235 3673 1446 3736 bonum,
1469 3683 1745 3741 postquam
1777 3675 2001 3810 primtltfm
2047 3682 2202 3793 natus

1969 3759 2078 3794 uert
2109 3781 2122 3794 .

1969 3759 2122 3794 uerti.

644 3833 758 3887 Hoc
811 3842 917 3897 est,
965 3832 1314 3902 [inpossibile
1345 3841 1429 3886 est
1483 3831 1720 3901 eﬂugere
1772 3833 1960 3885 mortic
2010 3820 2205 3898 fatum,

601 3955 606 3960 κ
641 3925 790 3993 quod
825 3924 878 3977 in
909 3925 1024 3994 ipsa
1055 3924 1409 3994 generatione
1431 3922 1922 3979 bominismortem
1943 3923 2204 3980 determi-

644 4026 758 4080 nat.
787 4015 924 4071 Ecce
974 4017 1142 4080 enim,
1178 4017 1295 4070 nisi
1339 4017 1392 4070 hi
1443 4017 1497 4070 in
1548 4016 1700 4070 Pauli
1733 4015 1960 4087 gratiam
2005 4017 2206 4071 servati

645 4106 898 4172 fuissent,
959 4124 1154 4165 omnes
1186 4107 1251 4164 ad
1311 4125 1475 4164 unum
1517 4110 1569 4162 in
1625 4111 1747 4163 navi
1795 4111 2082 4178 periissent
2113 4127 2126 4175 ;
2154 4117 2206 4161 at

645 4199 788 4255 Deus
821 4202 962 4265 illos.
996 4211 1054 4254 ut
1081 4201 1292 4269 justum
1329 4202 1643 4263 ltonorarct,
1680 4202 1948 4256 liberavit.
1979 4201 2202 4263 Deinde,

645 4292 692 4346 si
736 4289 906 4344 fatum
941 4299 1057 4344 erat
1101 4306 1288 4347 omnes
1324 4292 1526 4360 perire.
1560 4293 1722 4344 etiam
1755 4292 1922 4344 Paulo
1975 4306 2208 4358 pereun-

644 4381 774 4434 dum
815 4388 968 4445 erat;
1001 4381 1075 4433 ait
1101 4381 1246 4434 enim
1284 4381 1570 4442 Homerus,
1602 4399 1620 4431 ι
1656 4392 1826 4449 neque
1859 4382 2084 4442 malum,
2109 4394 2206 4433 ne-

644 4487 752 4542 que
776 4472 978 4526 bonum
1008 4488 1022 4536 ;
1062 4491 1080 4523 ι
1115 4471 1402 4541 oportebat
1453 4472 1638 4541 igitur,
1675 4482 1732 4525 ut
1766 4481 1875 4524 tum
1921 4470 2047 4525 boni
2093 4481 2202 4525 tum

2301 2173 2369 2223 τά
2398 2170 2484 2238 ἐφ’
2521 2171 2704 2227 αὐτοῖς
2751 2172 3053 2239 πράγματα
3110 2171 3300 2238 ἄγουσι
3332 2169 3423 2221 καὶ
3481 2170 3758 2238 φέρουσιν,
3796 2165 3866 2230 ὡς

2304 2264 2394 2316 καὶ
2423 2264 2472 2314 οἱ
2509 2264 2604 2315 σὺν
2631 2262 2706 2332 τῷ
2737 2263 2931 2334 Παύλῳ
2961 2263 3340 2334 ἐκδημοῦντες.
3375 2259 3530 2314 Οὕτω
3585 2260 3692 2328 γὰρ
3733 2257 3865 2315 κατὰ

2307 2353 2627 2425 προαίρεσιν
2656 2354 2943 2425 ἔπραττον,
2979 2355 3058 2408 ὅτι
3114 2355 3312 2415 εὐθέως
3341 2352 3640 2420 ἐπιτηδείου
3686 2353 3864 2402 ἐπιτυ-

2303 2445 2485 2514 χόντες
2517 2443 2741 2514 ἀνέμου,
2767 2446 3046 2515 χαίροντες
3073 2444 3287 2513 διήνυον
3318 2442 3407 2494 τὸν
3439 2440 3628 2493 πλοῦν.
3676 2438 3865 2492 ’ἰστέον

2306 2537 2384 2603 δέ,
2409 2538 2488 2591 ὅτι
2522 2556 2540 2588 ι
2573 2539 2632 2589 τὸ
2658 2537 3112 2606 ἀντοφθαλμεῖν.»
3151 2535 3244 2586 ἐπὶ
3296 2534 3482 2586 πλοίου
3531 2532 3728 2599 λέγειν,
3773 2529 3865 2582 οὐκ

2307 2628 2420 2682 ἔστι
2458 2627 2832 2699 κυριολεξίαςο
2887 2624 3046 2679 τοῦτο
3090 2623 3198 2696 γὰρ
3248 2626 3338 2678 ἐπὶ
3379 2624 3662 2693 ἀνθρώπου
3714 2619 3864 2689 μόνον

2305 2720 2552 2790 ἁρμόζει.
2585 2719 2747 2771 Ὥστε
2779 2712 2838 2770 ού
2867 2718 2950 2772 δεῖ
2980 2717 3350 2788 κυριολεκτεῖν
3375 2716 3625 2767 ἀπαιτεῖν
3669 2713 3756 2764 ἀεὶ
3775 2710 3867 2778 τὴν

2311 2812 2556 2881 Γραφήν.
2607 2831 2624 2862 ι
2663 2811 2913 2880 Σφοδρῶς
2965 2809 3086 2862 δέ.»
3159 2808 3233 2860 T6
3293 2808 3393 2875 μὲν
3444 2801 3537 2857 οῦν
3587 2803 3866 2873 γενόμενον

2311 2901 2587 2968 ναυάγιον,
2616 2901 2724 2952 ἀπὸ
2757 2899 2850 2952 τοῦ
2883 2901 3071 2968 καιροῦ
3129 2898 3364 2964 ἐγένετο,
3409 2894 3598 2964 ἐπειδὴ
3632 2892 3803 2962 μέγας
3842 2892 3867 2942 6

2261 3023 2268 3028 ν
2306 2991 2511 3062 χειμών
2537 3008 2551 3022 ·
2576 2992 2664 3044 τὸ·
2693 2991 2752 3044 δὲ
2796 2989 2982 3059 θαῦμα
3017 2988 3222 3059 μεῖζον,
3269 2989 3351 3039 ὅτι
3403 2985 3580 3055 καιρῷ
3639 2985 3862 3052 τοιούτῳ

2310 3086 2373 3136 ἐκ
2398 3084 2578 3150 μέσων
2628 3082 2913 3151 ἐσώθησαν
2959 3079 3068 3133 τῶν
3093 3077 3353 3131 κινδύνων
3379 3077 3541 3138 αὐτός
3567 3092 3624 3126 τε
3657 3075 3687 3126 6
3714 3073 3869 3126 Ἀπό-

2310 3175 2517 3240 στολος,
2550 3175 2643 3227 καὶ
2673 3174 2739 3228 δι’
2779 3174 2943 3227 αὑτὸν
2978 3174 3028 3226 oi
3050 3171 3253 3226 λοιποί·
3287 3169 3425 3222 ὥστε
3452 3170 3514 3222 οὐ
3547 3166 3868 3237 διέψευσται.

2313 3283 2332 3317 t
2365 3267 2472 3318 Kal
2497 3266 2604 3317 ἰδοὺ
2632 3264 3011 3334 κεχάρισται.)
3050 3259 3330 3315 ’[εἶντεῦθεν
3357 3260 3631 3312 δείκνυται
3679 3253 3866 3325 the“;

2303 3355 2365 3408 τὸ
2398 3357 2527 3426 παρ’
2572 3355 2793 3441 Ὁμήρῳ
2819 3354 3105 3424 είρημένσν
3139 3368 3153 3383 ·

2301 3543 2526 3608 Μοιρᾶν
2561 3537 2611 3590 δ’
2638 3515 2713 3592 ὀὔ
2738 3535 2869 3591 τινά
2919 3553 3067 3606 φημι
3092 3531 3470 3603 πεφυγμένον
3503 3529 3868 3651 emet!“-

2307 3680 2388 3731 οὐ
2422 3678 2608 3731 κακὸν
2638 3677 2780 3730 οὐδὲ
2804 3676 2920 3745 μὲν
2945 3675 3190 3738 ἐσθλὸν,
3225 3673 3483 3741 ἐπὴν’τὰ
3527 3617 3867 3813 afﬁgi-l-

3611 3758 3799 3806 νηται.

3611 3758 3799 3793 νηται.

3611 3759 3631 3792 ι
3689 3758 3799 3793 ται.

2374 3837 2659 3890 Τουτέστιν
2682 3880 2696 3902 ,
2737 3837 3022 3890 ’Δδύνατον
3053 3836 3309 3904 ἐκφυγεῖν
3347 3834 3445 3906 τὴν
3485 3758 3604 3886 τοῦι
3629 3758 3867 3884 ἴανάτου

2310 3931 2354 3980 εί
2364 3947 2436 4007 μα
2445 3930 2669 4002 ρμένην,
2690 3928 2802 3998 ἅμα
2824 3929 2890 3998 τῇ
2913 3922 3161 3998 γεννήσει
3178 3925 3465 3998 ὀρίζουσαν
3477 3924 3569 3977 τοῦ
3589 3923 3867 3993 ἀνθρώπου

2306 4023 2400 4074 τὸν
2435 4021 2680 4076 θάνατον.
2708 4022 2837 4075 Ἰδοὺ
2855 4021 2984 4091 γὰρ,
3009 4022 3056 4072 εί
3080 4019 3254 4091 μὴδιά
3284 4011 3867 4087 ΠαύλουῙέσώθησανῘ,

2311 4115 2508 4175 πάντες
2527 4109 2669 4183 εἶχον
2691 4116 2746 4166 ἐν
2768 4112 2845 4182 τῷ
2863 4113 3030 4182 πλοίῳ
3046 4110 3361 4172 ἀπολέσθαν
3389 4108 3482 4160 τοῦ
3505 4105 3636 4159 Θεοῦ
3652 4105 3868 4168 τούτους

2317 4203 2641 4275 ῥυσαμένου,
2661 4205 2789 4271 τιμῇ
2804 4202 2896 4254 τοῦ
2917 4202 3146 4256 δικαίου.
3177 4201 3403 4254 Ἔπειτα
3421 4200 3478 4252 δὲ
3499 4201 3546 4251 εί
3567 4196 3867 4266 εἱμαρμένη

2311 4291 2378 4363 ἦν
2399 4293 2458 4344 τδ
2489 4291 2694 4351 πάντας
2720 4290 3038 4354 ἀπολέσθαι,
3064 4287 3208 4361 εἶχεν
3241 4288 3304 4346 ἂν
3334 4291 3428 4352 καὶ
3447 4292 3475 4343 6
3505 4289 3716 4351 Παῦλος
3743 4289 3869 4341 ἁπο-

2306 4385 2489 4437 λέσθαι
2518 4392 2534 4414 ⁵
2576 4387 2709 4454 φησὶ
2737 4385 2838 4456 γάρ
2866 4401 2878 4414 ·
2914 4403 2932 4436 ι
2957 4384 3031 4437 Οὐ
3071 4384 3259 4447 κακὸν,
3319 4382 3438 4436 οὐδὲ
3482 4383 3581 4452 μὲν
3627 4375 3862 4435 ἐσθλόν.»

2313 4479 2459 4530 Ἔδει
2490 4477 2598 4547 γὰρ
2627 4477 2754 4540 τοὺς
2797 4477 2993 4540 καλοὺς
3021 4479 3113 4531 καὶ
3140 4477 3265 4540 τοὺς
3288 4478 3513 4539 κακοὺς,
3545 4479 3601 4529 ἐν
3651 4476 3734 4527 ἐνὶ
3778 4488 3872 4528 πιο·

645 4561 774 4616 mali
807 4561 1085 4616 communi
1114 4577 1269 4628 casu,
1293 4564 1384 4641 qui
1412 4561 1688 4615 indubiam
1719 4570 1943 4615 mortem
1977 4560 2201 4641 ferebat,

2311 4570 2497 4630 σόντας
2565 4569 2817 4635 πτώματι
2880 4565 3246 4636 ἀναμφίσολον
3336 4564 3557 4634 φέροντι
3618 4562 3862 4621 Θάνατον.

644 4655 1049 4710 occumberent.
1101 4657 1169 4710 At
1214 4636 1551 4710 contrarium
1622 4663 1844 4724 apparet
1884 4673 1894 4706 :
1932 4635 2197 4724 siquidem

641 4747 822 4814 justus
857 4753 1108 4801 servatus
1151 4754 1296 4800 esset
1351 4746 1419 4799 ab
1457 4745 1872 4799 evidentissima
1935 4746 2200 4813 periculo,

648 4838 864 4890 tametsi
899 4853 1110 4902 omnes,
1141 4838 1232 4906 qui
1260 4852 1384 4903 cum
1409 4836 1526 4904 ipso
1556 4842 1732 4898 erant,
1769 4835 2074 4903 periissent.
2111 4835 2203 4888 Sic

646 4924 790 4978 enim
823 4924 967 4979 Deus
988 4926 1302 4986 decreverat
1410 4927 1450 4979 it
1483 4925 1630 4980 enim
1663 4941 1676 4976 :
1732 4942 1749 4974 ι
1783 4921 1942 4978 ,Εοοθ
1980 4923 2205 4976 donavit

2312 4657 2623 4712 ἀποθανεῖν.
2675 4658 2833 4710 Ἀλλὰ
2871 4657 3180 4711 τούναντίον
3240 4657 3514 4709 δείκνυται
3541 4654 3632 4711 νῦν
3659 4674 3672 4684 ο
3729 4657 3810 4706 ὅτι
3842 4655 3867 4706 6

2309 4749 2512 4810 δίκαιος
2543 4748 2777 4810 ἐσώζετο
2821 4749 2879 4813 ἐξ
2914 4741 3347 4818 ὁμολογουμένου
3375 4747 3636 4812 κινδύνου,
3665 4744 3866 4818 καίτοι

2310 4838 2524 4890 πάντων
2566 4837 2674 4888 τῶν
2714 4838 2810 4889 σὺν
2831 4837 2978 4906 αὐτῷ
3004 4837 3453 4906 ἀποθνησκόντων
3472 4853 3486 4868 ’
3513 4835 3649 4887 οὕτω
3670 4834 3779 4902 γὰρ
3806 4827 3868 4903 ἦν

2308 4925 2384 4995 τῷ
2415 4925 2532 4995 Θεῷ
2561 4926 2736 4992 δόξαν.
2775 4927 2913 4998 Φησὶ
2951 4927 3083 4996 γάρ’
3119 4944 3136 4978 ι
3174 4927 3303 4979 Ἰδοὺ
3361 4923 3680 4995 κεχάρισταί
3742 4923 3869 4974 σοιό

1815 5061 2012 5124 Varia)
2039 5062 2341 5128 lectiones
2386 5075 2445 5130 et
2493 5075 2680 5130 nota}.

716 5179 826 5247 (40)
851 5176 1026 5251 Locus
1053 5176 1402 5251 istemutilus
1435 5185 1489 5234 et
1519 5191 1810 5251 corruptus
1843 5183 1912 5236 ita
1957 5185 2194 5238 sarcien-

649 5254 772 5310 dus,
807 5257 860 5302 et
884 5248 1236 5319 corrigendus
1261 5264 1326 5302 ex
1352 5248 1741 5319 Chrysostatno
1774 5269 1788 5310 ;
1851 5254 1991 5313 Πῶς,
2039 5255 2191 5319 φησι,

647 5320 836 5387 ἔφερον
870 5318 1043 5371 ἄσιτοι
1074 5318 1224 5379 ὄντες
1251 5320 1344 5371 καὶ
1374 5318 1594 5387 μηδενὸς
1632 5321 2058 5389 μεταλαὸόμενοι
2086 5318 2106 5382 ;⁷
2131 5323 2190 5372 '0

649 5390 808 5453 φόϐος
834 5392 1083 5457 κατεῖχεν
1106 5390 1321 5450 αὐτοὺς,
1348 5389 1447 5440 οὐκ
1483 5390 1566 5440 εἴα
1624 5393 1702 5451 εἰς
1741 5389 2032 5456 ἐπιθυμίαν
2077 5405 2196 5458 τρο-

648 5459 749 5524 φῆς
784 5460 1061 5527 ἐμπεσεῖν,
1095 5459 1384 5527 μέλλοντας
1411 5459 1550 5526 ὑπὲρ
1577 5458 1819 5526 ἐσχάτων
1849 5459 2192 5512 κινδυνεύειν.

657 5525 854 5598 ςΓὸΑμεν
883 5525 973 5581 οὖν
1013 5525 1319 5598 γενόμενον,
1342 5529 1460 5598 duo,
1491 5525 1582 5580 τοῦ
1611 5525 1800 5595 καιροῦ
1841 5529 2057 5594 ἐγένετο
2092 5544 2104 5557 ·
2139 5528 2199 5579 τὸ

648 5594 702 5674 δὲ
729 5595 908 5674 Θαῦμα
940 5594 1152 5674 μεῖζον,
1173 5617 1225 5652 κ.
1254 5618 1304 5674 τΓ
1336 5599 1384 5651 λ.
1417 5594 1795 5674 Ειῌίιυογηοάο,
1830 5598 2201 5674 inquiesjere-

651 5665 775 5714 bant
797 5665 986 5732 jejuni,
1037 5686 1151 5722 oum
1189 5670 1390 5721 nullum
1452 5669 1622 5721 cibum
1677 5665 1985 5721 sumerent?
2022 5665 2200 5720 Timor

652 5733 850 5807 tenebat
883 5736 1021 5807 illos,
1057 5755 1147 5790 nec
1173 5738 1371 5790 sinebat
1403 5740 1452 5790 in
1486 5740 1584 5792 cibi
1638 5740 1920 5807 appetitum
1978 5739 2201 5790 incidere

649 5805 711 5858 de
741 5806 981 5858 extremis
1024 5809 1433 5873 periclitatur-os.
1459 5809 1624 5879 Igitur
1663 5805 1798 5879 quod
1823 5812 2017 5876 factum
2043 5818 2139 5876 est,
2172 5824 2203 5858 a

2302 5198 2527 5254 tempore
2553 5189 2671 5257 fuit.
2711 5187 2889 5256 Majas
2923 5195 3096 5239 autem
3130 5185 3476 5257 miraculum,
3543 5181 3855 5257 οἱα-(Σεισ-

2305 5274 2424 5311 rum
2451 5254 2628 5312 textus
2649 5259 2751 5311 iste
2771 5254 2876 5311 non
2896 5265 3069 5309 exstat
3094 5257 3146 5308 in
3167 5255 3413 5310 editione
3434 5254 3706 5322 Heutenii,
3725 5255 3862 5310 sicut

2303 5336 2358 5380 et
2401 5329 2632 5381 maxima
2661 5343 2787 5396 pars
2827 5327 2928 5379 loci
2959 5330 3262 5396 sequentis.

2373 5397 2482 5463 (4i)
2535 5393 2682 5450 Iliad.
2707 5396 2797 5458 Vl,
2829 5411 2879 5447 v.
2916 5393 3105 5458 488’et-
3130 5397 3252 5451 489.
3307 5394 3536 5450 Exstant
3565 5395 3723 5449 etiam
3780 5393 3860 5446 hic

2306 5481 2498 5536 versus
2525 5466 2665 5536 apud
2699 5465 2972 5519 Stobaeum
3001 5467 3050 5519 in
3076 5467 3345 5536 excerptis
3375 5467 3447 5519 De
3477 5479 3651 5536 rerum
3678 5474 3859 5514 natura

2309 5535 2394 5589 tit.
2427 5535 2518 5596 IX,
2553 5534 2691 5604 Quos
2747 5537 2822 5587 ita
2859 5536 3036 5590 reddit
3075 5534 3272 5596 ibidem
3309 5536 3460 5596 llueo
3505 5534 3723 5588 Grotius
3752 5547 3858 5587 ser-

2311 5613 2430 5658 vata
2469 5615 2676 5658 ratione
2711 5606 2968 5660 carminis
3008 5626 3022 5662 :

2416 5694 2583 5750 Nemo
2632 5715 2816 5753 nocens
2839 5707 2886 5751 et
2915 5717 3060 5754 nemo
3093 5701 3255 5752 bonus
3292 5699 3385 5752 has
3426 5699 3477 5749 in
3510 5697 3719 5752 lautitiis
3749 5706 3858 5748 om

2420 5766 2603 5820 Editus
2624 5768 2806 5823 evades
2837 5771 2934 5840 fati
2967 5771 3103 5842 quod
3136 5771 3241 5839 lege
3272 5777 3511 5836 paratur.
