4092 6348
178 318 330 447 tis?

1004 365 1404 440 ΕΧΡΟΞῘΤΪΟ
1429 374 1509 437 lN
1551 373 1786 438 EPIST.
1821 374 1883 435 S.
1934 371 2212 435 JACOBI.
2255 398 2324 411 ·-·
2353 371 2514 439 CAP.
2556 375 2640 438 II.

3290 373 3428 448 1168

177 489 276 546 δτι
311 489 557 546 πιστεύει
584 488 658 560 τῷ
689 488 829 560 Θεῷ,
862 491 1089 561 περιττὴ
1120 492 1214 542 καὶ
1256 490 1290 558 ἡ
1331 488 1634 558 κατηγορία
1665 485 1758 539 τοῦ
1790 541 1791 546 η

1879 488 1976 550 lat,
2039 503 2098 542 se
2151 485 2375 542 credere
2431 485 2562 552 Deo,
2613 485 2946 556 superﬂuum
3007 486 3169 543 etiam
3228 503 3314 548 est
3367 510 3431 550 se

183 585 388 638 πιστὸν
434 582 710 650 λέγεσθαι.
764 583 840 635 Οὐ
885 583 994 653 γὰρ
1042 583 1070 634 ὁ
1121 582 1304 643 ἁπλῶς
1352 581 1526 648 λέγων
1573 579 1766 632 ἑαυτὸν

181 670 332 729 εἶναι
366 674 459 726 τοῦ
491 674 720 744 Κυρίου,
753 665 908 736 οὗτός
939 675 1054 727 ἐστι
1102 674 1314 737 πιστὸς,
1368 672 1481 723 ἀλλ’
1529 672 1555 722 ὁ
1595 670 1766 733 οὕτως

181 767 425 831 ἀγαπῶν
448 766 538 818 τὸν
573 765 778 832 Κύριον
812 766 887 827 ὡς
913 764 1002 818 διὰ
1034 764 1130 834 τὴν
1160 766 1239 826 εἰς
1272 764 1434 817 αὑτὸν
1470 763 1649 814 πίστιν
1675 761 1766 814 καὶ

183 857 428 911 θανάτου
470 858 826 927 κατατολμῶν
875 856 938 929 [Ῑ.
971 856 1164 929 -μᾷν]’
1218 857 1311 910 καὶ
1341 857 1422 909 ὅτι
1469 850 1626 918 οὗτος
1659 855 1767 908 τῶν

181 949 630 1018 προκειμένωνὸ
671 946 894 1011 σκοπὸς,
949 946 1018 999 τὰ
1067 945 1444 1015 ὑποδείγματα
1490 945 1765 1015 δηλοῦσιν.

194 1037 460 1108 Ἀϐραὰμ
481 1037 611 1107 γὰρ,
645 1038 829 1106 φησιν,
861 1037 1010 1107 ἔργῳ
1039 1036 1241 1100 ἔδειξεν
1265 1038 1345 1089 ὅτι
1378 1035 1662 1088 ἐπίστευσε
1690 1035 1768 1106 τῷ

175 1129 338 1199 Θεῷ,
389 1129 694 1198 ἀνενεγκὼν
745 1131 826 1193 εἰς
868 1130 1248 1201 ὀλοκάρπωσιν
1280 1130 1371 1182 τὸν
1403 1129 1764 1199 πρωτότοκον.

195 1219 439 1290 Ὁμοίως
490 1222 546 1274 δὲ
584 1223 685 1273 ’καὶ
749 1220 922 1274 Ῥαὰϐ
978 1219 1326 1275 πιστεύσασα
1391 1221 1766 1293 κατεφρόνησε

186 1315 448 1371 θανάτου.
1093 1363 1096 1366 ,
1382 1349 1386 1354 ,

271 1425 292 1456 σ
331 1406 486 1459 Οὕτω
505 1405 601 1460 καὶ
633 1407 667 1476 ἡ
698 1406 900 1469 πίστις,
928 1404 1022 1459 ἐὰν
1052 1405 1128 1476 μὴ
1157 1405 1292 1477 ἔργα
1314 1405 1431 1476 ἔχῃ,
1459 1404 1626 1476 νεκρά
1652 1404 1769 1458 ἐστι

185 1500 320 1554 καθ’
353 1501 574 1568 ἑαυτήν.
617 1498 757 1552 Ἀλλ’
790 1500 906 1569 ipsi
932 1516 1015 1561 τις
1037 1515 1054 1530 ο
1103 1499 1175 1553 Σὺ
1205 1500 1383 1552 πίστιν
1432 1498 1575 1568 ἔχεις
1612 1494 1769 1567 κάγὼ

185 1591 337 1660 ἔργα
364 1591 490 1661 ἔχω.
536 1590 717 1657 Δεῐξόν
752 1608 843 1662 μοι
885 1591 986 1661 τὴν
1017 1590 1200 1644 πίστιν
1242 1609 1331 1646 σου
1364 1593 1428 1645 ὲκ
1455 1592 1561 1645 τῶν
1594 1591 1769 1662 ἔργων

189 1698 321 1744 σου,
356 1680 510 1749 κάγὼ
539 1680 700 1746 δείξω
731 1698 814 1734 σοι
863 1682 927 1734 ὲκ
959 1681 1068 1734 τῶν
1100 1681 1278 1753 ἔργων
1312 1699 1413 1751 μου
1444 1681 1543 1752 τὴν
1590 1683 1770 1736 πίστιν

133 1770 144 1777 ’
191 1790 329 1843 μου.
369 1774 439 1827 Σῦ
479 1773 756 1836 πιστεύεις
781 1775 863 1827 ὅτι
887 1769 970 1838 εἷς
995 1774 1136 1842 ,Θεός
1159 1775 1275 1827 ἐστι
1298 1789 1310 1802 '
1351 1775 1529 1838 καλῶς
1561 1777 1733 1838 ποιεῖς
1753 1792 1766 1806 ·

189 1866 294 1919 καὶ
331 1865 400 1918 τὰ
452 1866 705 1935 δαιμόνια
745 1865 1065 1919 πιστεύουσι
1112 1866 1206 1918 καὶ
1253 1867 1555 1934 φρίττουσι.
1605 1886 1623 1918 ι
1658 1867 1768 1918 Οὐκ

186 1955 522 2023 ἂντιφὰσκει
551 1955 724 2009 ταῦτα
771 1955 849 2026 τῷ
903 1957 1159 2028 μακαρίῳ
1219 1957 1447 2027 Παύλῳ·
1495 1960 1634 2012 κατὰ
1677 1960 1770 2012 δύο

142 2120 148 2124 1
190 2045 311 2116 γὰρ
346 2048 758 2117 σημαινομένων
789 2047 883 2101 τοῦ
922 2049 1022 2119 τῆς
1061 2049 1294 2114 πίστεως
1324 2051 1587 2121 ὀνόματος
1616 2069 1772 2122 φερο-

170 2137 367 2207 μένου
389 2138 478 2190 ἐπί
507 2155 583 2212 τεο
608 2138 704 2210 τῆς
727 2139 904 2210 ἁπλῆς
931 2139 1043 2216 ,τοῦ
1073 2141 1396 2211 φαινομένου
1435 2143 1772 2209 συγκαταθέ-

194 2243 362 2292 σεως.
416 2229 605 2283 Πίστιν
636 2231 745 2302 γὰρ
782 2231 1056 2302 εἰώθαμεν
1089 2233 1182 2286 καὶ
1221 2232 1378 2286 τοῦτο
1404 2233 1604 2301 λέγειν,
1640 2235 1772 2288 καθὸ

128 2353 134 2358 ν
191 2317 296 2371 καὶ
343 2321 467 2382 τοὺς
511 2321 772 2391 δαίμονας
819 2321 1064 2391 ἔγνωμεν
1099 2321 1376 2377 πιστεύειν
1404 2325 1482 2387 εὶς
1516 2326 1770 2394 Χριστὸν,

135 2398 138 2400 ﬁ
189 2410 282 2464 ὅτι
315 2411 441 2475 Υἱός
470 2413 587 2465 ἐστι
616 2412 707 2467 τοῦ
742 2412 876 2466 Θεοῦ
903 2430 915 2444 ’
954 2414 1049 2468 καῖ
1068 2413 1232 2468 πάλιν
1262 2414 1359 2484 τὴν
1389 2415 1454 2467 ἐκ
1482 2414 1772 2479 διαθέσεως

189 2496 632 2585 ἱπακολοῦθησιν
687 2502 826 2573 μετὰ
886 2500 1110 2598 βεϐαίας
1168 2503 1618 2571 συγκαταθέσεως
1674 2503 1774 2576 [τῷ

195 2588 310 2664 τῆς
349 2591 583 2656 πίστεως
618 2595 968 2664 προσρήματι
1007 2588 1316 2649 καλούντων
1347 2594 1550 2668 np.va
1581 2597 1608 2648 ὁ
1633 2595 1774 2660 θεῖος

200 2669 474 2745 Ἰάκωϐος
495 2682 594 2754 τὴν
621 2684 801 2752 ἁπλῆν
823 2685 1230 2752 συγκατάσασιν
1254 2688 1452 2754 νεκρὰν
1481 2683 1620 2740 εἷναί
1643 2705 1774 2759 φησι

199 2769 437 2845 [πίστιν]
469 2773 544 2836 ὼς
569 2773 904 2844 ἀμοιροῦσαν
923 2773 1032 2829 τῶν
1058 2777 1557 2847 ἀνςιζωπυρούντων
1577 2777 1773 2848 ἔργων.

198 2863 414 2927 Παῦλος
450 2864 504 2916 δὲ
555 2865 724 2935 αὐτὴν
753 2866 816 2919 έκ
874 2865 1165 2930 διαθέσεως
1215 2865 1360 2935 λέγει
1401 2867 1605 2932 πίστιν,
1654 2867 1776 2938 ἥτις

203 2955 445 3026 μάλιστα
491 2957 590 3010 οὐκ
624 2958 916 3028 ἐστέρηται
967 2958 1179 3028 ἔργων’
1235 2958 1333 3012 οὐκ
1364 2958 1428 3012 ἂν
1477 2960 1583 3030 γὰρ
1638 2958 1776 3032 αὕτη

197 3047 436 3116 διακένῳ
466 3046 678 3117 σεμνῶν
708 3048 884 3118 ἔργων
906 3050 1200 3118 ἐγγένοιτο.
1229 3050 1364 3104 Οὐδὲ
1389 3051 1495 3121 γὰρ
1531 3052 1778 3123 Ἀϐραὰμ

199 3138 362 3209 ἔτυχε
408 3141 611 3209 ταύτης
645 3139 719 3211 μὴ
753 3141 1015 3211 πρότερον
1067 3141 1489 3233 διηγωνισμένος
1538 3144 1635 3213 τὴν
1669 3161 1775 3197 πα-
1803 3172 1847 3233 C

199 3231 398 3302 τρικὴν
444 3230 771 3284 ἀπώσασθαι
817 3231 1122 3296 ἀσθένειαν,
1173 3227 1326 3301 ᾧτινι
1366 3235 1704 3304 ἀγωνίσματι
1739 3237 1773 3307 ἡ

165 3323 393 3386 ,πίστις
454 3323 686 3378 ἔπαθλον
752 3323 1098 3391 ὲϐραδεύετο.
1146 3324 1282 3378 Ἀλλ’
1334 3327 1509 3395 ἔργων
1572 3329 1775 3398 ταύτην

203 3417 533 3486 προέκρινεν
562 3419 588 3470 ὁ
621 3415 829 3479 Παῦλος
871 3415 980 3470 τῶν
1006 3416 1148 3470 κατὰ
1167 3416 1337 3486 ’νόμον
1369 3417 1775 3487 σαϐϐατισμῶν,

201 3515 303 3568 καὶ
335 3516 660 3584 περιτομῆς,
692 3514 786 3568 καὶ
815 3514 924 3567 τῶν
961 3513 1163 3567 λοιπῶν
1195 3514 1498 3584 ἁγνισμῶν.
1530 3513 1634 3566 Δύο
1667 3516 1776 3585 γὰρ

205 3607 305 3659 καὶ
335 3607 426 3658 ἐπὶ
456 3606 564 3658 τῶν
607 3605 784 3676 ἔργων
817 3607 1012 3677 ὁρᾶται
1057 3606 1125 3658 τὰ
1175 3602 1567 3676 σημαινϐμεναζ
1603 3607 1778 3675 Ἔργα

202 3694 319 3767 γὰρ
351 3697 443 3775 καὶ
481 3695 548 3763 τᾲ
577 3697 675 3767 τὴν
699 3695 884 3750 πίστιν
910 3694 1229 3766 βεὸαιοῦντα
1251 3695 1489 3762 λέγεται,
1517 3688 1590 3748 ὧν
1619 3697 1779 3764 ἀμοι-

1867 578 2144 646 appellare
2171 576 2406 632 ﬁdelem.
2432 576 2547 630 Non
2571 577 2715 632 enim
2749 579 2840 646 qui
2868 577 3011 633 unde
3036 579 3188 642 dicit,
3220 596 3279 636 se
3307 598 3432 640 esse

1868 667 2106 731 Domini,
2173 668 2222 722 is
2258 666 2430 721 ﬁdelis
2462 676 2582 734 est;
2641 668 2736 722 scd
2793 669 2884 737 qui
2943 668 3111 724 Deum
3162 671 3321 742 333
3358 673 3433 727 ita

1867 759 2066 827 diligit,
2101 767 2157 812 ut
2188 766 2408 828 propter
2447 743 2604 811 ﬁdem
2664 759 2718 811 in
2768 758 2945 829 ipsum
2995 762 3160 814 etiam
3198 773 3429 818 mortem

1867 850 2052 904 subire
2085 857 2306 918 paratus
2331 849 2420 902 sit.
2462 849 2523 902 Et
2558 850 2699 918 quod
2751 850 3063 919 huiusmodi
3124 853 3196 906 sit
3229 869 3433 923 propo-

1868 944 2096 996 sitorum
2147 924 2368 1008 scopus,
2421 945 2690 1011 exempla,
2723 957 2842 1011 qua:
2885 941 3206 1008 aﬁ‘eruntur,
3246 932 3434 1000 decla-
3462 993 3466 1019 ._

1869 1042 2013 1086 rant.
2049 1030 2316 1086 Abraham
2375 1034 2546 1096 enim,
2606 1034 2805 1102 inquit,
2854 1050 3020 1104 opere
3057 1036 3323 1104 ostendit,
3375 1054 3434 1092 se

1868 1124 2172 1179 credidisse
2207 1123 2339 1188 Deo,
2373 1139 2495 1179 cum
2545 1126 2744 1180 obtulit
2785 1128 2841 1180 in
2884 1127 3263 1183 holocaustum
3320 1131 3436 1198 pri-

1869 1217 2200 1285 mogenitum
2250 1230 2431 1269 suum.
2471 1216 2733 1271 Similiter
2769 1227 2823 1272 ct
2874 1219 3047 1285 Raab,
3081 1236 3206 1275 cum
3256 1220 3434 1276 credi-

1869 1308 2070 1372 disset,‘
2105 1315 2334 1363 mortem
2381 1309 2728 1377 contempsit.

1940 1398 2110 1455 Vens.
2144 1399 2325 1453 17-19.
2367 1419 2384 1450 ι
2431 1400 2520 1455 Sic
2548 1407 2600 1453 et
2630 1399 2784 1465 ﬁdes,
2816 1400 2860 1454 si
2888 1416 2994 1454 non
3029 1399 3226 1455 habeat
3247 1417 3432 1471 opera,

1871 1504 2086 1549 mortua
2112 1506 2194 1549 cst
2221 1497 2271 1547 in
2303 1494 2615 1564 semetipsa.
2672 1493 2778 1547 Sed
2818 1493 2962 1548 dicet
2989 1495 3132 1565 quis,
3161 1493 3249 1548 Tu-
3278 1496 3435 1550 Iidem

1870 1585 2064 1650 babes,
2125 1592 2179 1639 et
2210 1601 2306 1652 ego
2361 1599 2525 1652 opera
2564 1584 2768 1638 habeo:
2824 1589 3048 1639 ostende
3096 1586 3226 1639 mihi
3276 1586 3436 1641 ﬁdem

1871 1687 2018 1730 tuam
2074 1694 2142 1731 ex
2173 1675 2466 1744 operibus;
2497 1685 2549 1730 et
2603 1692 2702 1745 ego
2732 1676 3015 1731 ostendam
3067 1677 3164 1730 tibi
3192 1691 3260 1730 ex
3305 1691 3437 1745 opeo

1874 1768 2024 1844 ribus
2061 1768 2216 1823 iidem
2249 1783 2444 1821 meam.
2482 1765 2563 1820 Tu
2595 1767 2791 1832 credis,
2824 1767 2965 1837 quod
2996 1781 3139 1821 unus
3165 1777 3242 1821 est
3271 1765 3435 1822 Deus:

1875 1863 2007 1916 bene
2041 1861 2214 1915 facis:
2280 1869 2333 1916 et
2404 1861 2680 1916 daemones
2727 1860 2976 1924 credunt,
3033 1871 3085 1914 et
3143 1864 3438 1915 contremi-

1878 1960 2060 2006 scunt.
2105 1973 2122 2004 ι
2157 1951 2275 2007 Non
2307 1963 2435 2007 sunt
2489 1953 2591 2007 ista
2617 1951 2886 2007 contraria
2915 1952 3040 2006 divo
3085 1950 3271 2007 Paulo.
3301 1951 3439 2007 Cum

1870 2044 2014 2097 enim
2054 2058 2246 2098 nomen
2287 2043 2407 2097 ﬁdei
2467 2043 2577 2097 duo
2613 2042 2925 2111 signiﬁcare
2973 2045 3182 2099 valeat:
3217 2059 3342 2098 nam
3381 2054 3438 2098 et

1873 2135 2170 2204 simplicem
2202 2136 2400 2190 mcntis
2421 2134 2498 2190 rei
2526 2137 2805 2204 apparenti
2841 2151 3126 2190 assensum
3163 2135 3440 2189 interdum

1875 2228 2179 2296 signiﬁcat;
2232 2227 2389 2281 ﬁdem
2439 2241 2676 2296 namque
2721 2234 2774 2281 et
2808 2225 2912 2281 hoc
2973 2226 3157 2280 dicere
3200 2227 3445 2281 solemus

1876 2321 2002 2388 (qua
2054 2319 2265 2373 ratione
2292 2326 2349 2374 et
2400 2318 2676 2373 daemones
2729 2318 2953 2373 credere
2983 2319 3256 2380 novimus,
3292 2318 3437 2386 quod

1873 2411 2126 2466 Christus
2156 2410 2226 2464 sit
2256 2408 2428 2465 Filius
2463 2408 2580 2479 Dei)
2615 2427 2630 2476 ;
2665 2417 2718 2464 et
2755 2424 2945 2462 rursus
2995 2409 3440 2463 consecutionem

1873 2521 1937 2560 cx
1999 2502 2290 2558 allectione
2345 2501 2508 2558 simul
2565 2516 2691 2554 cum
2764 2499 2922 2554 ﬁrmo
3001 2515 3254 2562 assensu,
3314 2499 3440 2554 ﬁdei
3519 2510 3527 2527 '

1876 2595 2100 2651 nomine
2141 2594 2480 2664 appellamus
2529 2611 2542 2646 :
2593 2600 2820 2647 sanctus
2860 2591 3096 2648 Iacobus
3140 2593 3444 2662 simplicem

1877 2687 2030 2742 illum
2063 2701 2350 2740 assensum
2371 2685 2530 2740 ﬁdem
2562 2702 2579 2734 ι
2613 2696 2884 2738 mortuam
2921 2702 2939 2735 ι
2966 2684 3226 2752 appellat,
3253 2694 3445 2753 utpote

1880 2777 2303 2842 viviﬁcantibus
2336 2776 2597 2845 operibus
2628 2776 2970 2831 destitutam.
3002 2777 3205 2832 Paulus
3260 2787 3443 2831 autem

1877 2881 1997 2920 eam
2021 2881 2140 2934 quae
2179 2882 2244 2921 ex
2281 2865 2568 2922 aﬁ‘ectione
2594 2874 2698 2926 est,
2733 2872 2894 2921 vocat
2955 2865 3138 2931 ﬁdem,
3165 2882 3287 2935 quae
3314 2880 3448 2922 sane

1879 2966 2085 3014 nonest
2115 2957 2373 3027 operibus
2402 2971 2572 3011 vacua
2596 2957 2706 3026 (l7)
2739 2974 2753 3010 :
2783 2972 2958 3027 neque
2979 2959 3123 3012 enim
3157 2957 3246 3011 illa
3279 2958 3449 3014 honc-

1881 3051 1981 3104 stis
2017 3049 2276 3117 eperibus
2309 3063 2478 3101 vacuo
2505 3048 2920 3116 ingeneraretur
2943 3049 3078 3116 (l8).
3107 3047 3242 3101 Nam
3268 3064 3447 3118 neque

1879 3141 2154 3194 Abraham
2190 3141 2328 3194 hanc
2350 3148 2679 3192 consecutus
2715 3147 2817 3202 est,
2852 3146 3141 3208 antequam
3178 3146 3448 3194 certasset

1883 3235 1948 3290 ad
1983 3242 2266 3306 paternam
2321 3231 2682 3302 repellendam
2737 3230 3332 3303 imbccillitatemliil),
3359 3234 3448 3288 cui

1884 3326 2170 3382 certamini
2197 3325 2328 3381 ﬁdes
2347 3325 2398 3380 in
2425 3323 2705 3394 praemium
2723 3323 2845 3378 data
2869 3333 2949 3378 est
2980 3324 3112 3396 (ευ).
3143 3324 3292 3383 llane
3318 3341 3451 3382 vero

1883 3415 2086 3471 Paulus
2116 3417 2270 3471 ﬁdem
2298 3415 2588 3485 przeposuit
2618 3417 2897 3483 operibus,
2930 3431 3126 3485 nempe
3177 3417 3452 3484 sabbatis-

1885 3513 2013 3571 mis,
2032 3510 2459 3573 circumcisioni,
2479 3510 2812 3577 reliquisque
2836 3508 3082 3563 Mosaicae
3105 3511 3236 3580 legis
3261 3512 3454 3566 obser-

1886 3602 2106 3657 vantiis.
2135 3600 2585 3671 Quandoquidem
2621 3601 2782 3656 etiam
2827 3615 3051 3668 Operum
3101 3583 3300 3656 nomen
3337 3603 3450 3658 duo

1887 3694 2200 3765 signiﬁcat:
2238 3710 2362 3749 nam
2411 3700 2464 3749 ct
2493 3706 2658 3762 opera
2689 3693 2946 3747 dicuntur
2997 3694 3089 3748 illa
3141 3710 3263 3763 qua:
3292 3695 3448 3751 ﬁdem

1426 3874 1731 3937 Bonifacii
1773 3875 1997 3938 Finetti
2047 3881 2234 3934 notae.

277 3976 398 4047 (Π)
423 3973 480 4047 7F
483 3973 619 4030 idem
640 3973 706 4030 ea:
740 3975 1014 4044 aﬂ'ectione
1041 3976 1160 4047 (seu
1195 3976 1361 4032 animi
1392 3977 1771 4045 dispositione)

211 4054 374 4103 vocat
420 4046 509 4100 hic
564 4055 963 4101 commentator
1028 4046 1185 4099 ﬁdem
1244 4060 1364 4114 qua:
1420 4062 1450 4098 a
1489 4047 1776 4114 _t|teologis

207 4120 454 4188 formata
507 4116 732 4188 dicitur,
788 4126 1062 4187 quamque
1112 4115 1175 4188 S.
1215 4112 1410 4188 [auius
1449 4112 1593 4188 (Gal.
1629 4112 1777 4188 nti)

157 4217 166 4221 -
214 4183 296 4242 ait
353 4192 461 4256 ,μετ’
523 4183 837 4241 eharitalem
909 4183 1144 4255 operari.
1219 4184 1402 4240 Fidem
1462 4183 1780 4256 'Imjusmodi

211 4255 479 4327 operibus
541 4271 773 4311 vacuam
833 4272 958 4312 esse
1012 4270 1120 4310 nou
1175 4270 1369 4326 posse,
1426 4255 1778 4325 perspicuum

210 4342 400 4476 cu(_.l8)
442 4393 517 4476 De
541 4408 606 4446 eo
632 4393 776 4476 quod
832 4393 1115 4476 ordinarie
1147 4394 1433 4476 contingit,
1471 4395 1631 4476 loqui
1698 4396 1783 4449 hic

1879 3980 2025 4034 enim
2065 3978 2222 4032 video
2279 3979 2552 4047 quomodo
2589 3980 2705 4034 haec
2757 3979 2944 4034 Grasca
2978 3977 3164 4039 verba,
3192 4046 3198 4047 γ
3226 3991 3348 4045 quae
3391 3978 3448 4030 iu

1883 4056 2034 4103 textu
2093 4046 2361 4101 timene
2415 4052 2636 4118 regione
2694 4048 2814 4118 ejus
2858 4047 3131 4118 versionis
3189 4046 3450 4118 leguntur

1884 4118 2051 4190 (Edit.
2080 4118 2204 4190 Par.
2234 4118 2409 4188 l63l),
2442 4115 2541 4190 τῆν
2590 4115 2864 4189 πατρικὴν
2913 4117 3203 4190 ἀπώσαθαι
3235 4115 3447 4186 ἁθείαν,

1883 4188 2578 4258 talem,interpretationem
2617 4188 2859 4258 recipere
2901 4188 3135 4257 possint.

1960 4257 2071 4324 (‘20)
2101 4256 2155 4310 Si
2213 4268 2611 4319 commentator
2673 4256 2743 4313 de
2801 4256 2972 4326 prima
3024 4257 3308 4326 Abrahm,
3345 4256 3449 4310 ﬁde

1886 4327 2148 4397 loquitur,
2177 4327 2455 4397 praemium
2487 4331 2703 4396 proprie
2755 4327 2962 4380 dietutn
2996 4325 3106 4397 hic
3142 4325 3448 4397 intelligere

1888 4394 1996 4454 non
2031 4394 2228 4467 potest,
2279 4395 2371 4450 sed
2415 4394 2816 4462 tantummodo,
2861 4395 3006 4467 quod
3059 4394 3276 4447 cuidam
3309 4411 3448 4467 con-

210 4461 658 4539 putoauctorem
700 4463 886 4539 istum.
945 4461 1236 4539 Ordinarie
1271 4461 1415 4516 enim
1469 4461 1601 4539 ﬁdes
1653 4480 1777 4517 vera
1814 4485 1857 4539 ι)
1890 4461 2134 4539 gruit-sti,
2173 4481 2268 4520 seu
2305 4481 2564 4536 congrua:
2602 4461 2982 4539 dispositioni
3011 4465 3445 4539 corres‘pondet:

218 4530 332 4592 non
363 4533 670 4588 innascitur
700 4532 766 4586 i‘s
798 4530 889 4601 qui
926 4541 1073 4589 recte
1101 4531 1327 4602 etjuxta
1382 4533 1610 4602 rationis
1640 4549 1782 4602 prae-

220 4606 429 4686 scripta
461 4600 828 4686 uoltuvivunt:
857 4615 1023 4670 prava
1060 4600 1205 4686 enim
1234 4600 1450 4655 vivendi
1484 4603 1621 4656 ratio
1644 4600 1786 4655 'vali-

210 4671 485 4731 dissitnus
521 4672 644 4724 ﬁdei
675 4671 812 4725 obex
847 4685 970 4725 esse
997 4671 1161 4725 solet.
1243 4723 1248 4727 .

291 4744 407 4815 (l9)
443 4742 545 4797 Per
572 4750 847 4810 paternam
888 4741 1567 4815 imbecillitatemintelligo
1589 4758 1787 4810 paren-

219 4810 335 4869 tum
367 4810 629 4875 amorem,
673 4826 832 4878 quem
866 4825 1125 4878 superare
1157 4810 1350 4865 debuit
1394 4810 1694 4877 Abraham,
1725 4822 1784 4867 ut

221 4886 316 4938 Dei
354 4883 611 4938 mandato
641 4879 939 4952 egrediendi
976 4879 1038 4932 de
1064 4889 1205 4952 terra
1251 4891 1303 4934 et
1332 4885 1643 4952 cognatione
1689 4901 1786 4937 sua

219 4955 375 5022 (Gen.
421 4967 517 5016 xu,
572 4955 622 5021 l)
683 4951 1106 5022 obtemperaret.
1166 4951 1358 5022 Editus
1398 4951 1514 5006 sub
1567 4955 1786 5007 nomine

216 5019 540 5079 (Ecnineuii
598 5019 1027 5076 commentarius
1063 5034 1160 5086 pro
1200 5019 1504 5083 ἁσθενείαν,
1552 5023 1785 5075 ἱηιὸεσὶιο

218 5095 447 5156 litatem,
469 5098 549 5148 vel
577 5092 963 5162 inﬁrmitatem,
994 5089 1172 5162 habet,
1199 5098 1250 5141 et
1269 5089 1513 5162 fortasse
1567 5093 1782 5154 melius,

221 5163 434 5219 ἀθείαν.
491 5158 813 5230 impietatem
847 5175 865 5211 :
923 5173 1043 5228 qua:
1105 5159 1149 5213 si
1207 5158 1535 5230 admittatur
1601 5163 1781 5228 lectio,

223 5232 535 5298 respexisse
567 5228 781 5283 videtur
806 5231 893 5284 hic
940 5237 1129 5283 auctor
1155 5228 1219 5282 ad
1262 5242 1406 5298 eam,
1438 5243 1558 5298 quae
1586 5233 1784 5286 multo-

221 5297 346 5354 rum
404 5309 509 5362 est,
571 5301 908 5366 opinionem,
973 5314 1197 5369 nempe,
1260 5297 1491 5369 Titarem
1561 5300 1779 5369 patrem

221 5371 478 5432 Abrahm,
507 5370 615 5421 imo
640 5369 798 5435 juxta
844 5368 1158 5432 nonnullus,
1198 5370 1373 5438 ipsum
1411 5368 1778 5438 Abrahamum

221 5440 541 5512 aliquando,
598 5439 756 5512 idolis
810 5441 1090 5512 serviisse.
1134 5439 1251 5505 Quo
1297 5437 1597 5507 supposito,
1649 5439 1778 5506 quid

224 5508 333 5567 sibi
370 5511 637 5564 velitcum
666 5509 762 5570 ait,
795 5508 1163 5563 Abrahamuni
1196 5526 1299 5563 non
1329 5512 1476 5576 prius
1512 5523 1778 5560 consecu-

227 5592 341 5634 tum
393 5595 510 5634 esse
562 5578 740 5640 ﬁdem,
794 5593 956 5645 quam
1015 5581 1080 5632 ad
1135 5591 1410 5646 paternam
1457 5578 1775 5645 impietatem

228 5648 933 5719 repellendam"certaverit,
997 5652 1336 5716 perspicuum
1418 5661 1518 5703 cst.
1583 5646 1777 5719 Nescio

227 5716 409 5778 autem
435 5723 562 5789 quid
599 5718 895 5773 llenteuius
961 5719 1168 5785 legerit.
1228 5736 1351 5775 cum
1408 5720 1604 5773 vertit:
1665 5716 1776 5780 Quo

223 5794 566 5868 (certamine)
614 5799 834 5859 paterna
879 5791 1189 5857 cognatione
1236 5790 1612 5856 expelleretur:
1669 5803 1775 5842 non

1892 4535 2000 4592 non
2032 4538 2178 4590 enim
2217 4550 2401 4591 verum
2426 4535 2618 4591 iulium
2657 4535 2909 4593 meritum
2957 4535 3142 4598 ﬁdem,
3198 4536 3308 4589 imo
3349 4550 3450 4590 nec

1889 4609 2233 4668 charitatem,
2267 4606 2570 4673 praecedere
2603 4616 2800 4673 potest,
2833 4606 2886 4658 Si
2929 4619 3056 4658 vero
3086 4607 3152 4655 de
3195 4604 3451 4673 uberiore

1888 4678 2068 4743 aliqua
2097 4663 2229 4733 ﬁde,
2257 4663 2730 4743 sett_prtecedentis
2755 4663 2872 4727 litlei
2908 4672 3450 4743 augtncntoAbrabte

1887 4746 1957 4799 ob
1983 4739 2262 4798 certamen
2301 4741 2370 4794 ad
2421 4744 2768 4809 repellendam
2828 4743 2942 4797 sive
2989 4739 3447 4805 imbecillitatem,

1888 4817 2004 4869 sive
2034 4815 2357 4882 impietatem
2384 4823 2659 4880 paternam
2679 4827 2942 4868 concesso
2973 4811 3250 4882 loquatur,
3269 4813 3451 4880 potuit

1888 4885 1940 4940 id
1986 4880 2212 4955 quidem
2262 4883 2464 4955 praemii
2496 4897 2498 4900 '
2535 4886 2804 4938 ratidnent
2867 4883 3103 4955 habere;
3158 4880 3209 4936 id
3267 4892 3452 4955 tamen

1887 4951 2030 5008 haud
2080 4952 2317 5016 coniicit,
2370 4951 2526 5006 ﬁdem
2584 4955 2638 5007 in
2697 4955 2916 5009 homine
2965 4951 3124 5006 bonis
3194 4953 3453 5020 operibus

1886 5040 2059 5078 vacuo
2095 5022 2400 5091 ingenerari
2446 5038 2550 5074 non
2578 5038 2759 5089 posse.
2801 5023 2867 5072 ad
2897 5024 3045 5089 quod
3107 5021 3449 5091 probandum
3513 5037 3516 5040 '

1883 5093 2131 5161 exemplo
2156 5087 2402 5144 'Abrahae
2422 5091 2499 5161 uti
2524 5087 2736 5143 videtur
2762 5087 3184 5161 commentator.
3226 5087 3447 5161 Yernm,

1884 5171 2006 5220 utut
2037 5157 2210 5215 'mcns
2254 5161 2424 5227 ipsius
2470 5160 2571 5214 hoc
2610 5161 2728 5214 loco
2767 5175 2828 5214 se
2852 5159 3072 5218 habeat,
3112 5157 3243 5211 illud
3273 5161 3453 5210 omni-

1882 5233 1983 5288 bus
2026 5241 2203 5285 ratum
2227 5245 2349 5284 esse
2380 5230 2557 5293 debet,
2589 5229 3163 5297 ﬁdemjustilicantem
3211 5229 3262 5280 in
3298 5228 3453 5280 adul-

1885 5304 1957 5359 tis
2027 5315 2202 5379 neque
2272 5299 2749 5379 bo_nis_operibt_i_s
2803 5314 3045 5379 vacuam.
3103 5310 3448 5379 permanere.

1884 5370 2496 5445 neque'absque_bonis
2556 5372 2816 5445 operibus
2873 5377 2930 5445 et
2961 5370 3126 5421 animi
3186 5382 3454 5437 pracpara-

1884 5440 2050 5506 tione,
2110 5459 2205 5497 seu
2265 5440 2472 5510 absque
2541 5442 2847 5511 preposito,
2919 5443 3060 5492 bona
3124 5454 3290 5511 opera
3350 5453 3450 5490 suo

1884 5522 2148 5582 tempore,
2181 5519 2234 5566 ct
2264 5526 2360 5580 pro
2381 5508 2525 5565 data
2561 5508 2849 5582 occasione
2904 5509 3195 5559 exercendi
3219 5508 3454 5582 ingene-

1881 5574 2202 5651 rari'posse.
2234 5574 2297 5635 Et
2328 5583 2407 5637 sic
2436 5580 2843 5651 intelligendus,
2866 5591 3180 5651 quanquam
3216 5574 3453 5629 fortasse

1881 5647 2037 5707 haud
2084 5653 2222 5708 satis
2276 5663 2528 5706 accurate
2582 5647 2642 5704 se
2702 5650 2963 5716 explicet,
3019 5647 3106 5698 hic
3167 5651 3454 5700 commen-

1881 5731 2042 5776 lator.
