4092 6348
228 362 380 428 1Ξ3ἴ

1043 370 1442 433 exposmo
1479 369 1556 431 IN
1595 370 1831 432 EPIST:
1857 373 1886 432 I'
1914 372 1974 433 s.
2004 375 2253 437 PETRI.
2293 398 2356 410 -
2385 378 2537 437 me.
2576 379 2665 452 ty.
2714 340 2723 348 ’

3332 381 3465 440 1233

223 469 302 521 ἐν
334 472 398 539 τῇ
430 468 572 538 ἰσχύϊ
603 469 796 523 αὐτοῦ·
838 491 855 522 ι
888 473 980 525 καὶ
1008 477 1062 527 ἐν
1087 476 1187 544 τῷ,
1228 495 1244 526 ι
1273 470 1529 546 ’Ἑτοιμος
1563 478 1591 528 ὁ
1619 476 1804 544 θρόνος

1910 479 2179 547 signiﬁcat
2215 481 2316 540 hoc
2349 482 2466 535 loco
2500 501 2518 533 ι
2551 491 2798 550 paratum
2826 502 2844 534 ι
2883 498 3026 538 esse.
3089 483 3456 548 Quemadmo-

229 574 364 611 σου.
400 578 417 610 ι
455 560 544 630 Τῷ
580 561 671 614 οὖν
705 564 938 632 κρίνοντι
976 565 1183 630 ζῶντας
1220 568 1315 620 καὶ
1342 570 1565 636 νεκροὺς
1595 568 1797 636 ἀμετα-

161 728 163 730 η
228 649 420 714 θέτως
443 654 533 705 καὶ
561 652 792 722 βεϐαίως
828 674 846 706 ι
883 655 1112 711 δώσουσι
1136 659 1291 726 λόγον
1324 660 1418 712 ιόί
1452 659 1803 729 χλευάζοντες

225 740 412 819 ὑμᾶς.
444 745 566 806 Πῶς
597 746 653 797 δὲ
701 745 918 810 ζώντων
971 748 1206 823 [κριτὴς]
1257 753 1348 804 καὶ
1393 751 1619 822 νεκρῶν,
1678 749 1805 817 ἑξῆς

223 831 474 901 δηλώσει
508 838 535 888 ὁ
574 838 746 889 ταῦτα
779 839 1024 910 γράφων.

1905 569 2033 622 dum
2064 578 2115 622 et
2145 584 2264 622 cum
2294 570 2494 624 dicitur
2525 571 2565 601 “
2598 590 2610 625 :
2649 591 2666 622 ι
2698 570 3012 642 Ριαιρτιταιιε
3031 581 3240 626 montes
3269 573 3321 625 in
3355 575 3461 625 rit--

1912 667 2023 711 tute
2052 673 2170 714 Sua.
2216 679 2234 711 ι
2275 659 2395 713 Et“
2428 678 2445 714 :
2495 680 2511 712 ι
2547 661 2738 715 Parata
2794 663 2948 718 sedes
2985 671 3096 717 tua.
3131 681 3150 714 ›
3188 663 3245 715 Ei
3279 663 3460 730 igitur,

1912 750 2004 815 qui
2039 751 2190 803 firma
2243 762 2295 806 et
2329 753 2647 806 immutabili
2674 753 2944 809 sententia
2969 753 3120 807 vivos
3144 761 3196 806 et
3222 760 3462 805 mortuus

1915 839 2256 904 iudicaturus
2313 855 2417 905 est,
2477 845 2787 913 quicunque
2846 860 2946 899 vos
2995 857 3138 897 nunc
3193 841 3456 904 irrident,

227 938 310 976 ac
360 925 595 980 ludibrio
659 928 877 994 habent,
937 950 955 981 ‹
997 932 1263 986 rationem
1346 933 1592 1006 reddent.
1634 950 1654 984 ι
1699 929 1816 995 Qua
1892 943 2021 983 vero
2113 933 2347 986 ratione.
2383 935 2674 987 viventium
2765 941 2818 988 et
2891 943 3226 988 mortuorum
3284 932 3444 999 judex

225 1018 333 1082 sit,
361 1018 615 1090 deinceps
648 1015 892 1076 declarat
928 1025 1040 1079 haec
1067 1028 1335 1082 scribens.

322 1126 342 1160 ε
375 1109 438 1162 Οἳ
477 1110 815 1168 ἀποδώσουσι
853 1115 1008 1184 λόγον
1036 1119 1112 1187 τῷ
1137 1120 1365 1188 ἑτοίμως
1397 1119 1569 1188 ἔχοντι
1618 1120 1800 1187 κρῖναι

229 1197 453 1262 ζῶντας
487 1203 581 1254 καὶ
611 1202 857 1276 νεκρούς.
893 1226 912 1260 t
971 1207 1044 1261 Τὸ
1093 1211 1242 1280 ἑξῆς,
1274 1211 1442 1273 οὕτως
1469 1229 1481 1241 ·
1538 1203 1696 1264 Οὗτοι
1751 1208 1800 1261 οι

230 1289 690 1362 βλασφημοῦντες
744 1299 887 1365 ὑμᾶς
927 1317 946 1350 ι
976 1301 1206 1353 δώσουσι
1279 1302 1432 1368 λόγον
1461 1301 1538 1371 τῷ
1591 1300 1799 1362 πάντας

227 1385 512 1465 κρινοῦντι
540 1386 746 1451 ζῶντας
775 1392 868 1443 καὶ
897 1392 1142 1462 νεκρούς.
1181 1412 1199 1444 ι
1243 1394 1528 1464 Κρίνονται
1555 1394 1660 1464 γὰρ
1706 1393 1800 1444 καὶ

228 1475 443 1542 νεκροὶ,
480 1477 572 1528 καὶ
602 1476 759 1546 δῆλον
788 1481 894 1532 ἀπὸ
924 1481 1017 1534 τοῦ
1041 1484 1246 1553 Κυρίου
1269 1483 1364 1552 τῆς
1392 1486 1469 1546 εἰς
1501 1483 1634 1554 ᾅδην
1661 1499 1801 1551 παρ·

227 1564 447 1628 ουσίας.
474 1567 650 1622 Κάκεῖ
676 1571 782 1642 γὰρ
809 1573 1151 1645 ἐπιδημήσας
1179 1578 1234 1630 ἐν
1256 1577 1333 1645 τῷ
1362 1579 1497 1646 μετὰ
1522 1580 1610 1628 τὸν
1638 1594 1800 1628 σταυ-

235 1655 332 1723 pou
382 1656 621 1725 δηλονότι
657 1661 867 1732 θανάτῳ
912 1666 1074 1717 αὐτοῦ
1115 1652 1446 1738 [ἐκήρυξεν]
1489 1667 1678 1736 ὥσπερ
1708 1669 1800 1719 καὶ

229 1743 331 1795 ἐπὶ
368 1746 468 1813 τῆς
500 1750 627 1818 γῆς.
674 1752 935 1822 Ἐκήρυξε
964 1754 1019 1808 δὲ
1049 1757 1110 1808 οὐ
1135 1757 1295 1826 λόγῳ,
1325 1758 1461 1810 ἀλλά
1491 1757 1798 1827 πράγματι.

233 1833 348 1884 Καὶ
386 1833 575 1906 ῶσπερ
623 1840 680 1892 ἐν
717 1841 794 1910 τῷ
833 1845 1021 1915 κόσμῳ
1069 1848 1505 1917 παραγενόμενος
1547 1851 1659 1911 τοῖς
1703 1850 1800 1916 μὲν

230 1921 472 1989 ἑτοίμως
522 1924 734 1994 ἔχουσιν
785 1930 1151 1997 ἐπεγνωκέναι
1187 1932 1347 1986 αὐτὸν
1402 1936 1480 1995 εἰς
1531 1933 1801 2001 δικαίωμα

232 2013 625 2082 παραγέγονε,
679 2021 792 2080 τοῖς
841 2021 897 2074 δὲ
950 2023 1278 2092 ἀγνοήσασιν
1325 2026 1406 2086 είς
1451 2025 1798 2092 κατάκριμα·

235 2103 387 2157 οὕτω
416 2108 508 2159 καὶ
528 2111 642 2171 τοῖς
667 2112 726 2162 ὲν
753 2110 874 2182 ᾄδῃ,
907 2117 1020 2176 τοῖς
1059 2115 1158 2183 μὲν
1187 2115 1328 2168 κατά
1363 2115 1542 2186 σάρκα
1576 2116 1802 2185 ζῆσασιν

235 2198 321 2259 εἰς
361 2199 531 2268 κρῖμα
563 2204 926 2270 πσραγέγονε,
977 2207 1090 2268 τοῖς
1125 2206 1183 2258 δὲ
1215 2207 1357 2259 κατὰ
1392 2206 1627 2275 πνεῦμα,
1657 2205 1801 2275 τοῦτ’

235 2285 359 2341 ἔστι
388 2291 529 2343 κατά
566 2292 657 2344 τὸν
711 2295 1082 2360 πνευματικὸν
1112 2297 1206 2354 καλ
1240 2298 1504 2368 ἐνάρετον
1534 2271 1678 2367 ήβίον,
1723 2271 1803 2361 εἰς

232 2376 400 2448 δόξαν
448 2379 545 2433 καὶ
575 2381 868 2452 σωτηρίαν.
903 2383 1064 2436 Ὥστε
1101 2385 1197 2437 καὶ
1228 2383 1442 2448 ζώντων
1474 2386 1566 2437 καὶ
1597 2387 1804 2456 νεκρῶν

233 2466 466 2532 δικαίως
499 2470 566 2548 ἂν
603 2473 808 2543 Κριτὴς
839 2476 1066 2543 λέγοιτο.
1107 2477 1340 2540 Ἄλλως.
1379 2473 1826 2550 [ΚΥΡΙΛΛΟΥζ]

235 2557 488 2630 Νεκρούς
519 2563 752 2618 ἐνταῦθα
776 2568 928 2619 καλεί
955 2569 1081 2631 τοὺς
1112 2569 1170 2620 ὲν
1198 2572 1306 2632 τοῖς
1336 2570 1545 2624 ἔθνεσιν
1567 2572 1670 2624 ὑπὸ
1695 2572 1803 2624 τῶν

171 2648 174 2649 ⁷
236 2649 739 2721 κατηριθμημένων
788 2657 1071 2726 ἁμαρτιῶν
1104 2660 1558 2730 νενεκρωμένους,
1591 2661 1682 2725 οὒς
1713 2664 1804 2715 καὶ

235 2737 459 2810 εὔχεται
510 2743 538 2794 ὁ
570 2744 862 2812 ἀπόστολος
888 2749 1320 2820 ἐπιστρέψαντας
1356 2769 1374 2801 ι
1398 2752 1550 2819 λόγον
1575 2772 1593 2804 ι
1626 2754 1805 2824 ἅμεμι

237 2844 381 2880 πτον
433 2849 453 2882 ι
483 2831 785 2888 ἀποδοῦναι
811 2837 886 2907 τῷ
913 2838 1143 2909 ἑτοίμως
1181 2840 1356 2910 ἔχοντι
1389 2845 1567 2912 κρῖναι
1599 2843 1804 2908 ζῶντας

239 2919 343 2970 καὶ⁸
371 2923 617 2990 νεκρούς.
647 2944 666 2976 ι
702 2954 770 2966 --
811 2947 828 2980 ι
852 2931 1070 2993 Ζῶντας
1112 2933 1165 2984 δὲ
1197 2934 1291 2986 καὶ
1321 2937 1543 3005 νεκροὺς
1578 2954 1596 2987 ο
1641 2936 1805 2990 πάλιν

240 3007 384 3075 φησὶ
431 3012 554 3072 τοὺς
602 3013 838 3078 δικαίους
873 3017 967 3069 καὶ
1029 3019 1406 3088 ἁμαρτωλοὺς,
1469 3015 1552 3083 οἷς
1585 3023 1613 3073 ὁ
1662 3021 1804 3084 θεῖος

238 3096 417 3163 Λόγος
449 3101 791 3174 ἐπιδημήσας
825 3106 1214 3178 εὐηγγελίσατο
1264 3109 1362 3179 τὴν
1403 3109 1515 3164 τῶν
1559 3112 1802 3180 οὐρανῶν

1987 1109 2149 1166 Vens.
2177 1112 2229 1165 5.
2265 1131 2282 1164 ι
2321 1113 2423 1180 Qui
2448 1112 2684 1169 reddent
2709 1115 2975 1168 rationem
3003 1113 3074 1178 ei,
3101 1113 3190 1180 qui
3244 1117 3462 1180 paratus

1907 1210 1992 1256 est
2044 1202 2296 1272 judicare
2330 1205 2482 1259 vivos
2544 1215 2598 1258 et
2652 1215 2918 1262 mortuos.
2953 1222 2972 1255 ι
3011 1205 3216 1260 Sensus
3247 1213 3366 1258 est:
3399 1203 3461 1267 li,

1918 1293 2011 1362 qui
2037 1309 2138 1347 vos
2167 1295 2434 1350 conviciis
2492 1294 2831 1350 insectantur
2869 1314 2887 1346 ι
2932 1294 3200 1348 rationem
3238 1293 3465 1347 reddent

1903 1384 1974 1448 ei,
2007 1383 2109 1453 qui
2134 1385 2284 1440 vivos
2337 1395 2391 1440 et
2433 1394 2677 1440 mortuos
2726 1385 3016 1456 judicabit.
3059 1403 3080 1436 ι
3142 1384 3462 1438 Judicantur

1905 1473 2048 1526 enim
2075 1475 2235 1528 etiam
2266 1475 2486 1542 mortui,
2525 1487 2585 1529 ut
2623 1491 2688 1530 ex
2727 1477 2937 1530 Domini
2993 1476 3058 1530 ad
3107 1474 3307 1529 inferos
3369 1474 3463 1529 dc-

1904 1579 2102 1619 scensu
2134 1575 2300 1634 patet.
2328 1565 2458 1620 Illuc
2480 1567 2768 1636 enimpost
2800 1576 3026 1621 mortem
3058 1581 3216 1620 suam
3279 1564 3460 1634 profe-

1904 1665 2024 1710 ctus
2060 1655 2193 1724 ipse,
2211 1672 2319 1712 non
2353 1673 2511 1713 secus
2565 1674 2628 1712 ac
2661 1673 2824 1726 supra
2857 1668 3051 1712 terram
3075 1658 3292 1720 fecerat,
3321 1671 3459 1725 pra:-

1907 1747 2123 1802 dicavit.
2155 1747 2477 1803 Prmdicavit
2503 1759 2680 1803 autem
2709 1764 2814 1803 non
2849 1763 3120 1814 sermone,
3153 1747 3245 1802 sed
3276 1762 3458 1816 opere.

1906 1835 2374 1901 Quemadmodum
2412 1855 2566 1904 vero,
2608 1855 2731 1894 cum
2764 1840 2842 1894 in-
2877 1841 3079 1894 mundo
3134 1846 3460 1900 versaretur,

1905 1925 2025 1994 ejus
2061 1927 2398 1994 praedicatio,
2435 1929 2500 1981 iis
2530 1929 2746 1996 quidem
2785 1929 2878 1998 qui
2950 1929 3017 1982 ad
3071 1929 3246 1996 ipsum
3299 1941 3464 1996 agno-

1903 2014 2166 2069 scendum
2203 2015 2504 2084 comparati
2540 2023 2714 2082 erant,
2773 2017 2827 2071 in
2879 2015 3318 2084 justiﬁeationem
3351 2053 3366 2077 ,
3393 2015 3459 2066 iis

1906 2120 2036 2159 vero
2064 2106 2158 2172 qui
2189 2107 2367 2175 ipsum
2403 2121 2700 2176 agnoscere
2760 2107 3078 2170 noluerunt,
3112 2106 3166 2159 in
3203 2105 3459 2160 condem—

1903 2196 2181 2250 nationem
2208 2197 2405 2263 cessit;
2431 2198 2511 2252 sic
2538 2206 2591 2252 et
2619 2197 2760 2265 apud
2793 2197 2998 2253 inl'eros
3025 2197 3256 2252 detentis
3284 2194 3459 2249 conti-

1903 2286 2026 2356 git:
2085 2287 2150 2342 iis
2199 2288 2344 2344 enim
2402 2288 2511 2356 qui
2557 2290 2854 2342 secundum
2913 2302 3134 2344 carnem
3192 2288 3456 2350 vixerant,

1899 2378 2188 2447 judicium,
2245 2379 2314 2434 iis
2343 2388 2523 2436 autem
2548 2380 2638 2449 qui
2665 2379 3025 2450 spiritualem,
3060 2395 3158 2435 seu
3214 2386 3458 2434 ornatam

1909 2456 2231 2536 virtutibus,
2287 2471 2799 2536 vitamdux-erant,
2843 2471 3070 2542 gloriam
3135 2479 3188 2525 et
3229 2470 3457 2526 salutem

1905 2561 2108 2613 attulit.
2132 2560 2314 2625 Quare
2331 2550 2519 2624 Iudex}
2536 2560 2780 2614 vivorum
2841 2567 2896 2614 ct
2928 2568 3266 2614 mortuorum
3316 2568 3460 2613 recte
3481 2571 3504 2593 δ

1904 2648 2123 2703 dicitur.
2179 2650 2370 2703 Aliter.
2439 2635 2683 2705 Mb‘rtuos
2743 2651 2830 2704 hic
2886 2651 3120 2721 appellat
3170 2663 3265 2704 eos
3322 2649 3464 2703 inter

1904 2740 2154 2808 gentiles.
2186 2741 2278 2810 qui
2320 2725 2652 2810 enumeratis
2698 2755 2862 2809 supra
2927 2739 3249 2801 criminibus
3294 2737 3459 2808 occisi

1903 2807 2058 2885 erant
2090 2850 2103 2885 :
2134 2807 2221 2887 de—
2250 2833 2448 2901 quibus
2479 2807 2630 2901 opiat
2692 2807 2996 2903 apostolus,
3023 2860 3026 2861 ν
3053 2839 3111 2885 ut
3169 2830 3462 2898 aliquando

1903 2923 2156 2978 conversi
2208 2931 2409 2979 rectam
2477 2941 2495 2975 ι
2541 2924 2806 2978 rationem
2874 2922 3098 2978 reddere
3160 2941 3178 2972 ι
3247 2921 3460 2990 possint

1909 3033 1927 3066 ι
1966 3016 2037 3079 ei,
2073 3015 2165 3085 qui
2197 3022 2419 3082 paratus
2446 3021 2528 3068 est
2574 3013 2816 3080 judicare
2847 3013 2996 3067 vivos
3047 3020 3101 3065 et
3131 3018 3394 3065 mortuos.
3437 3029 3455 3059 ι

1871 3163 1878 3176 ι,
1909 3124 1926 3157 ι
1971 3105 2153 3169 Vives,
2196 3123 2216 3157 ι
2253 3117 2442 3158 rursus
2469 3103 2673 3172 justes,
2700 3121 2718 3154 ι
2778 3111 3020 3156 mortuos
3047 3118 3064 3152 ι
3102 3109 3278 3153 autem
3335 3114 3460 3170 pec-

241 3187 542 3257 βασιλείαν.
579 3195 786 3258 Οῖτινες
825 3198 1139 3268 ἁμαρτωλοὶ
1175 3201 1597 3271 προσδεξάμενοι
1637 3203 1800 3257 αὐτοῦ

1909 3205 2120 3252 calores
2155 3203 2352 3250 vocat:
2388 3195 2590 3266 quibus
2616 3194 2859 3248 divinum
2899 3191 3130 3246 Verbum
3167 3192 3221 3244 in
3251 3204 3352 3244 suo
3403 3191 3458 3242 in

241 3279 348 3342 τὰς
398 3283 638 3350 ὲντολάς,
699 3288 977 3357 κρινοῦσιν
1024 3293 1248 3357 ἑαυτοὺς
1304 3295 1445 3348 κατά
1484 3295 1801 3366 ἀνθρώπους

241 3372 409 3440 σαρκί
454 3388 468 3402 ο
502 3375 645 3427 τοῦτ’
696 3378 861 3442 ἐστιν,
912 3381 969 3433 ὲν
1005 3382 1082 3450 τῷ
1121 3384 1444 3455 ἀνθρωπίνῳ
1487 3384 1658 3454 τούτῳ
1689 3385 1802 3454 -βξῳ

239 3460 346 3522 τὴν
379 3463 583 3518 ἑαυτῶν
615 3469 794 3540 σάρκα
822 3471 1276 3536 καταδικάζουσιν
1305 3475 1362 3524 ὲν
1391 3458 1686 3542 νηστείαις,
1711 3475 1803 3528 καὶ

242 3553 585 3622 χαμευνίαις,
618 3561 710 3609 καὶ
742 3559 993 3630 δάκρυσι,
1030 3563 1124 3614 καὶ
1151 3567 1216 3633 τῇ
1246 3563 1406 3632 λοιπῇ
1440 3563 1799 3633 κακοπαθείᾳ,

243 3641 339 3694 ἵνα
360 3641 564 3709 ζήσωσι
592 3648 732 3701 κατά
761 3649 1216 3728 Θεὸνιπνεύματι,
1242 3653 1301 3704 τὸ
1326 3651 1681 3704 ἀποστολικὸν
1713 3652 1804 3704 λό-

202 3751 209 3762 ··
243 3747 368 3798 γιον
400 3730 791 3803 ἐνθυμούμενοι
817 3740 875 3790 τὸ
899 3740 1105 3806 φάσκον
1126 3757 1138 3769 '
1173 3759 1190 3793 ι
1226 3741 1288 3795 Εἰ
1332 3743 1426 3794 καὶ
1453 3744 1480 3795 ὁ
1512 3741 1618 3809 ἔξω
1645 3741 1804 3813 ἡμῶν

246 3821 535 3891 ἄνθρωπος
566 3821 860 3896 φθείρεται,
889 3829 1002 3882 ἀλλ’
1033 3832 1060 3883 ὁ
1082 3831 1188 3885 ἔσω
1213 3831 1596 3887 ἀνακαινοῦται
1621 3832 1804 3903 ἡμέρᾳ.

241 3914 313 3984 τῇ
343 3914 541 3986 ἡμέρᾳο
567 3934 587 3967 ι

325 4209 343 4244 ι
384 4191 477 4253 Ei;
521 4192 679 4246 τοῦτο
719 4196 826 4264 γὰρ
871 4199 966 4249 καὶ
1013 4202 1227 4268 νεκροῖς
1267 4202 1650 4272 εὐηγγελίσθη.
1691 4204 1812 4258 »ΟΞ-

250 4282 351 4351 μὲν
377 4281 594 4334 παλαιοὶ
623 4283 730 4335 τῶν
764 4286 1018 4354 Ματέρων
1048 4288 1205 4340 τοῦτο
1231 4292 1310 4354 τὸ,
1351 4311 1368 4342 ι
1392 4294 1622 4362 Νεκροῖς
1643 4295 1806 4365 εὐηγ-

210 4400 212 4402 τ
246 4372 497 4443 γελίσθη,
528 4393 546 4425 ι
585 4374 660 4436 ὠς
701 4379 1004 4448 περικοπὴν
1043 4380 1397 4450 ἐξηγήσαντο,
1442 4383 1592 4435 οὐδὲν
1640 4401 1798 4452 φρον·

243 4465 496 4527 τίσαντες
527 4466 622 4533 τῆς
664 4469 944 4536 συνεχείας
985 4470 1092 4523 τῶν
1137 4470 1270 4536 ἄνω,
1315 4472 1421 4524 οὐδ’
1449 4473 1531 4525 ὅτι
1575 4473 1802 4525 αἰτιολο-

1911 3288 2058 3342 hunc
2089 3287 2350 3341 mundum
2377 3290 2610 3340 adventu
2656 3284 3042 3353 evangelizarit
3073 3298 3294 3352 regnum
3339 3296 3458 3336 caa-

1909 3376 2105 3436 lorum.
2161 3375 2230 3428 Et.
2255 3375 2472 3443 quidem
2530 3382 2846 3442 peceatores
2892 3373 2983 3441 qui
3036 3373 3157 3440 ejus
3214 3355 3462 3423 mandata

1910 3470 2138 3538 amplexi
2172 3475 2320 3531 sunt,
2344 3467 2594 3538 iudicant
2648 3467 2967 3534 semctipsos
3019 3464 3167 3517 velut
3218 3462 3462 3515 homines

1916 3578 1932 3610 ι
1965 3575 2153 3625 carne,
2198 3580 2230 3612 ιν
2260 3560 2362 3613 hoc
2393 3563 2496 3623 est,
2531 3557 2707 3611 hacin
2749 3557 2857 3609 vita
2889 3570 3106 3608 carnem
3143 3569 3296 3608 suam
3336 3569 3464 3607 cou-

1910 3650 2188 3716 demnant,
2221 3649 2382 3720 375
2413 3663 2465 3703 et
2487 3648 2744 3718 jejuniis,
2769 3645 3160 3710 humisterniis,
3189 3646 3462 3714 lacrymis,

1911 3743 2140 3812 aliisque
2212 3740 2648 3794 alllictationibus
2705 3741 2990 3807 castigant,
3057 3747 3112 3791 ut
3174 3736 3462 3788 vivantsc-

1909 3838 2143 3890 cundum
2178 3835 2346 3888 Deum
2386 3833 2602 3901 Spiritu,
2651 3845 2918 3885 memores
2956 3829 3264 3899 apostolica:
3322 3827 3464 3878 illius

1907 3924 2186 3981 sententiae
2213 3924 2258 3955 "
2295 3939 2312 3978 :
2349 3940 2376 3974 ι
2405 3923 2550 3977 Licet
2576 3922 2642 3983 is,
2671 3922 2761 3990 qui
2805 3920 2934 3973 foris
2957 3929 3058 3983 est,
3093 3929 3274 3971 noster
3305 3917 3464 3968 homo

1909 4001 2311 4086 corrumpatur,
2369 4024 2547 4082 tamen
2605 4017 2653 4070 is
2693 4013 2782 4082 qui
2817 4013 2962 4067 intus
3016 4019 3116 4073 est,
3173 4014 3466 4061 renovatur

1911 4111 1974 4163 de
2004 4109 2090 4162 die
2122 4109 2176 4161 in
2208 4108 2373 4160 diem.
2411 4123 2429 4156 ι

1979 4199 2144 4254 Vsus.
2180 4196 2231 4252 6.
2258 4216 2275 4248 ι
2308 4197 2533 4265 Propter
2564 4195 2666 4248 hoc
2721 4193 2864 4246 enim
2896 4199 2950 4245 'et
2977 4190 3206 4242 mortuis
3231 4200 3463 4253 cvange-
3535 4215 3542 4221 -

1910 4291 2130 4346 litatum
2177 4299 2282 4344 est.
2322 4307 2342 4340 ι
2378 4286 2588 4340 Vetutti
2647 4284 2867 4354 quidam
2909 4272 3105 4336 Patres
3153 4281 3319 4332 hocce
3382 4277 3466 4330 di-

1908 4391 2054 4437 ctum
2086 4400 2101 4436 :
2146 4401 2162 4432 ι
2195 4380 2424 4436 Mortuis
2450 4379 2876 4447 evaztgelizatum
2900 4382 3006 4438 est,
3045 4392 3062 4424 ι
3101 4373 3172 4425 ita
3207 4373 3468 4439 interpre—

1913 4473 2006 4524 tati
2038 4479 2186 4533 sunt,
2249 4485 2311 4524 ac
2349 4469 2394 4521 si
2442 4467 2646 4519 nullam
2699 4481 2822 4520 cum
2894 4464 3020 4518 aiiis
3077 4462 3466 4516 connexionem

247 4556 422 4618 γικῶς
447 4554 750 4626 εἰρημένων
775 4555 838 4626 Lf.
865 4590 933 4598 ——
961 4558 1072 4631 νον]
1104 4560 1184 4612 δεῖ
1202 4563 1336 4630 πρὸς
1358 4563 1482 4624 τοὺς
1509 4563 1616 4632 πρὸ
1641 4563 1806 4615 αὐτοῦ

1916 4562 2182 4625 haberet;
2236 4574 2342 4612 non
2379 4556 2814 4616 considerantes,
2875 4553 3041 4618 quod,
3087 4565 3208 4602 cum
3250 4561 3465 4600 causam

247 4640 639 4709 ἀναφέρεσθαι.
664 4642 832 4695 Τοῦτο
858 4644 966 4713 γὰρ
991 4648 1196 4715 ὀφείλει
1221 4651 1280 4702 τὸ
1310 4651 1426 4704 κατ’
1450 4653 1628 4707 αἰτίαν
1651 4653 1805 4722 λεγό-

251 4747 413 4799 μενον
459 4734 634 4803 ἔχειν’
672 4735 787 4790 ἀλλ’
840 4734 914 4794 ὡς
947 4736 1181 4808 εἴρηται,
1217 4744 1291 4805 ὡς
1337 4744 1640 4815 περικοπὴν
1677 4747 1807 4798 αὐτὸ

249 4820 589 4890 ἐξηγήσαντο
620 4825 814 4890 οὕτως.
851 4844 869 4888 ι
908 4828 1152 4899 Νεκροὺς
1183 4849 1201 4880 ι
1241 4832 1348 4902 γάρ
1375 4834 1583 4901 ἔφασαν
1615 4836 1806 4900 διττῶς

250 4912 433 4978 λέγειν
467 4917 564 4983 τὴν
598 4916 749 4973 θείαν
807 4919 1050 4989 Γραφὴν,
1098 4920 1130 4988 ἢ
1171 4922 1295 4983 τοὺς
1345 4926 1464 4985 ταῖς
1509 4927 1806 4996 ἁμαρτίαις

250 5005 697 5073 ὲναποθανόντας,
726 5012 775 5063 οἳ
805 5013 922 5066 οὐδὲ
952 5011 1096 5082 ζωήν
1121 5028 1248 5064 ποτε
1282 5012 1439 5064 ἴδοιεν
1461 5030 1474 5042 ·
1505 5014 1538 5080 ἢ
1573 5017 1695 5079 τοὺς
1728 5017 1806 5086 τῷ

252 5097 468 5166 θανάτῳ
501 5097 620 5150 τοῦ
647 5101 886 5169 Χριστοῦ
930 5103 1448 5175 συμμορφωθέντας,
1483 5105 1576 5157 καὶ
1604 5107 1809 5161 ἀποθα-

252 5191 439 5250 νόντας
475 5189 569 5260 μὲν
595 5191 670 5260 τῷ
699 5192 907 5263 κόσμῳ,
927 5195 1071 5249 τοῦτ’
1095 5196 1210 5250 ἔστι
1233 5197 1352 5258 ταῖς
1381 5197 1667 5262 κοσμικαῖς
1695 5198 1810 5249 επι-

249 5281 500 5351 θυμίαις,
546 5281 750 5346 ζῶντας
785 5284 841 5336 δὲ
894 5289 1038 5358 μόνῳ
1077 5289 1300 5359 Χριστῴ
1323 5305 1335 5319 ·
1371 5287 1448 5350 ὡς
1479 5288 1572 5339 καὶ
1603 5285 1808 5349 Παῦλός

252 5387 455 5439 φησιν’
492 5394 510 5424 ι
546 5375 609 5426 ⁸0
639 5373 696 5428 δι
725 5375 818 5427 νῦν
870 5375 947 5439 ζῶ
977 5379 1034 5430 ἐν
1096 5382 1278 5449 σαρκὶ,
1310 5381 1366 5432 ὲν
1405 5379 1584 5430 πίστει
1622 5376 1698 5438 ζῶ
1742 5379 1806 5446 τῇ

251 5461 346 5513 τοῦ
379 5465 506 5518 Υὶοῦ
534 5464 626 5520 τοῦ
656 5466 808 5519 Θεοῦ.
831 5485 848 5517 ι
884 5469 1047 5519 Φασὶν
1069 5469 1160 5522 οῦν
1182 5488 1193 5501 ·
1235 5473 1298 5524 Οἱ
1321 5470 1487 5532 οὓτως
1513 5468 1809 5522 ἀποθανόν-

251 5566 344 5612 τες
366 5554 604 5628 Χριστῷ,
639 5561 704 5630 τῇ
732 5560 892 5630 σαρκὶ
926 5561 1149 5623 ἑαυτοὺς
1183 5563 1600 5633 κατακρίνουσιν
1627 5561 1718 5612 ἐπὶ
1743 5564 1806 5630 τῇ

333 5732 398 5793 ὐ
431 5735 575 5811 Ιξειιι.
603 5754 744 5804 ιλιγ,
773 5740 825 5792 7.
905 5741 946 5769 τί
979 5739 1120 5792 I‘E'tl.
1173 5755 1301 5805 xcn,
1329 5744 1381 5796 ‘3.

1908 4654 2202 4712 contineat,
2245 4651 2312 4702 ad
2353 4647 2433 4712 id,
2485 4645 2627 4715 quod
2684 4643 2963 4720 praecedit,
3030 4638 3253 4692 referre
3290 4637 3464 4704 ipsum
3512 4645 3516 4650 '

1909 4752 2213 4814 σθω-ιδεμ(
2253 4741 2447 4797 Mortui
2489 4759 2503 4791 ι
2543 4733 3154 4808 igitur,inqttiunt,duo
3185 4731 3462 4784 hominum

1911 4849 2110 4906 genera
2146 4837 2197 4887 in
2233 4833 2515 4901 Scriptura
2563 4829 2854 4882 dicuntur:
2885 4827 2966 4878 vel
3023 4824 3058 4875 ii
3090 4823 3314 4882 scilicet,
3374 4820 3466 4887 qui

1912 4927 2153 4998 peccatis
2188 4921 2467 4977 immortui
2501 4929 2647 4982 sunt,
2707 4919 2798 4986 qui
2832 4929 3002 4983 neque
3033 4926 3268 4980 unquam
3304 4910 3464 4962 vitam

1913 5019 2109 5074 habere
2139 5021 2395 5086 poterunt
2424 5031 2437 5078 ;
2484 5012 2565 5067 vel
2602 5012 2692 5080 qui
2727 5008 2931 5064 Christi
2976 5005 3133 5060 morti
3160 5003 3466 5057 confermes

1912 5113 2093 5166 allecti
2125 5118 2273 5172 sunt,
2304 5108 2509 5162 mundo
2543 5105 2783 5175 quidem,
2831 5118 2926 5158 seu
2999 5097 3285 5153 mundanis
3344 5095 3472 5149 allec

1911 5203 2098 5258 clibus
2130 5201 2353 5264 tnortui,
2387 5199 2629 5253 viventes
2672 5203 2849 5248 autem
2885 5192 3103 5245 Christo
3133 5189 3230 5242 soli
3259 5205 3272 5253 ;
3306 5186 3380 5240 uti
3417 5194 3470 5239 et

1914 5293 2112 5345 Paulus
2149 5292 2224 5343 ait
2252 5291 2298 5321 ⁸⁸
2327 5308 2338 5342 ;
2377 5308 2395 5340 ι
2435 5289 2586 5356 Quod
2615 5303 2758 5342 nunc
2783 5285 2926 5348 vivo,
2960 5283 3012 5335 in
3041 5296 3225 5343 carne,
3261 5279 3312 5330 itt
3368 5277 3470 5329 lide

1912 5383 2036 5434 vivo
2056 5380 2177 5434 Filii
2222 5380 2339 5434 Dei.
2386 5402 2402 5433 ι
2442 5382 2530 5434 Sic
2567 5380 2746 5448 itaque
2777 5377 2925 5430 aiunt
2965 5389 2979 5426 :
3013 5372 3050 5425 li
3087 5371 3178 5441 qui
3233 5371 3331 5423 hac
3382 5383 3470 5421 ra-

1919 5471 2066 5524 tione
2100 5453 2318 5523 Christo
2371 5470 2690 5525 commortui
2749 5471 2898 5528 sunt,
2957 5465 3009 5516 in
3060 5476 3219 5515 carne
3265 5457 3471 5526 seipsos

1919 5562 1988 5616 ob
2045 5561 2372 5614 anteriorem
2438 5562 2601 5615 vitam
2694 5556 2960 5612 desidiose
3023 5560 3074 5607 et
3145 5549 3473 5620 negligenter

1463 5742 1508 5774 ⁸³
1541 5742 1558 5796 l
1587 5740 1712 5796 Cor.
1754 5702 1823 5806 ιν,
1856 5738 1940 5793 16.
2035 5737 2078 5768 ⁸⁸⁸
2101 5735 2279 5819 Gala}.
2304 5751 2364 5804 ll,‘
2389 5737 2477 5791 ‘20.
2550 5818 2557 5825 ρ
