4092 6348
279 412 434 491 1211

1060 410 1848 485 sxPosn‘mIN'sPtsr.
1883 422 1913 482 1
1951 422 2010 482 s.
2055 423 2305 485 ιδιιτιιι.
2341 451 2412 462 -
2444 420 2603 491 CAP.
2643 418 2748 492 ιν.
2810 421 2813 424 ’

3390 427 3550 493 1212³

275 539 504 608 ειρηται
541 537 628 603 τὸ,
655 557 674 588 ι
696 534 784 590 Ἔν
799 535 877 606 τῷ
911 529 1012 607 ᾅδῃ
1074 536 1158 598 τίς
1191 535 1644 605 ὲξομολογήσεταί
1678 549 1797 595 σοις
1831 551 1840 583 ι

1961 533 2168 594 dictum
2191 537 2263 591 sit
2285 537 2330 569 ⁸⁸
2370 556 2383 591 :
2415 555 2434 588 ι
2455 536 2574 592 Non
2591 538 2793 592 mortui
2813 537 3461 603 iluthbllll‘lc,‘ndttlitte
3504 559 3523 590 ο

272 631 574 688 Confessio
603 630 786 699 itaque
825 637 907 682 est
953 628 1254 697 gratiarum
1277 628 1421 682 actio
1453 626 1581 692 Deo,
1607 643 1730 683 cum
1755 632 1880 700 quis
1914 631 1984 686 ab
2013 630 2195 699 aliqua
2257 629 2501 683 molestia
2538 630 2802 685 liberatus
2837 629 3154 700 est.-Porro
3210 643 3336 683 cum
3391 637 3507 683 teut

273 737 396 796 pus
426 721 691 794 operandi
727 722 832 774 hac
892 721 1002 794 vita
1028 718 1272 783 ﬁniatur,
1297 722 1536 791 (mortui
1598 722 1742 775 enim
1784 723 1855 777 ab
1894 722 2045 777 omni
2073 720 2492 790 vacantopere,)
2525 707 2772 789 profecto
2799 737 2927 775 cum
2970 722 3104 776 nihil
3134 722 3247 774 iliic
3314 721 3531 774 contin-

185 820 196 824 ’
272 827 399 888 εει,
431 819 501 871 ob
530 813 673 886 quod
704 813 830 884 quis
869 811 1133 868 liberatus
1198 812 1548 875 conﬁteatur,
1589 814 1782 868 merito
1821 816 2029 870 dictmn
2062 823 2147 868 est
2178 833 2191 866 :
2223 832 2241 864 ι
2277 813 2332 867 lu
2369 815 2583 868 inferno
2637 814 2761 883 q‘uis
2797 813 3149 868 confitebitur
3184 813 3308 882 tibi
3339 814 3364 866 2
3404 833 3421 863 ι

366 930 386 961 ι
428 910 653 963 Πάντων
690 906 747 961 δὲ
782 906 843 958 τδ
875 905 1029 968 τέλος
1059 906 1279 976 ἤγγικει
1313 904 1706 974 Σωφρονήσατε
1740 901 1856 972 οὖν,

273 1000 384 1054 καῖ
414 999 621 1068 νήψατε
667 997 749 1059 είς
797 996 896 1058 τὰς
964 995 1294 1065 προσευχάς.
1374 995 1486 1064 Πρὸ
1531 996 1749 1050 πάντων
1802 997 1858 1052 δὲ

274 1095 387 1164 τὴν
416 1094 498 1153 et;
525 1079 753 1152 ἑαυτοὺς
780 1089 1001 1157 ἀγάπην
1024 1090 1218 1167 ἐκτενῆ
1242 1088 1479 1156 ἔχοντες,
1497 1090 1577 1142 ὄτι
1609 1092 1640 1159 ἡ
1673 1090 1859 1162 ἀγάπη

275 1184 558 1239 καλύπτει
595 1181 801 1251 πλῆθος
830 1178 1139 1249 ἁμαρτιῶν.
1176 1175 1448 1243 θιλόξενοι
1478 1182 1559 1243 είς
1597 1181 1861 1252 ἀλλήλους

274 1274 416 1327 ἄνευ
449 1269 778 1342 γογγισμοῦ.
812 1287 831 1319 ι
866 1281 932 1306 -έ-
969 1285 991 1317 ι
1018 1266 1204 1332 Τέλος,
1236 1285 1256 1318 ι
1294 1267 1416 1319 ἀντὶ
1449 1267 1567 1330 τοῦ,
1606 1268 1861 1336 συμπλή-

277 1375 474 1436 ρωσις,
504 1356 808 1417 divelleris.
842 1379 862 1411 ι
885 1359 1050 1422 Τέλος
1081 1377 1099 1411 ι
1142 1359 1307 1429 φησιν
1348 1379 1366 1409 ι
1399 1360 1686 1427 ἠγγικέναι
1719 1360 1858 1413 πάν-

270 1469 426 1517 των
456 1476 476 1508 ι
513 1454 676 1508 τοῦτο
723 1446 781 1506 δὲ
829 1451 1024 1522 ἀληθεῖ
1067 1451 1215 1521 λόγῳ,
1246 1451 1394 1505 ἐστὶν
1434 1453 1462 1504 6
1491 1453 1725 1519 Χριστός
1748 1466 1762 1480 ο
1817 1455 1853 1522 ἡ

273 1550 501 1603 ⁸πάντων
553 1547 663 1618 γάρ
709 1545 986 1613 τελειότης
1028 1545 1191 1607 αὑτός
1248 1545 1431 1597 ἐστιν·
1485 1543 1598 1597 ἀλλ’
1643 1545 1741 1616 οὐχ
1779 1545 1854 1608 ὡς
1891 1550 1896 1554 ’

269 1637 542 1706 Ἕλληνες
589 1634 871 1706 ληροῦσιν,
899 1634 950 1687 oi
1010 1633 1110 1704 μὲν
1152 1633 1252 1702 τὴν
1303 1633 1498 1703 ἡδονὴν
1553 1634 1856 1702 φάσκοντες

2033 903 2200 961 Vens.
2229 907 2345 963 7-9.
2376 927 2395 960 ι
2425 907 2682 969 Omnium
2715 917 2898 960 autem
2938 907 3062 959 finis
3131 907 3536 976 appropinqua-

1962 1003 2060 1063 vit,
2089 1004 2278 1058 Estote
2315 1004 2501 1073 itaque
2531 1004 2852 1073 prudentes,
2895 1011 2951 1056 et
2985 1002 3210 1072 vigilate
3247 1001 3300 1054 in
3321 1003 3533 1055 oratioz-
3577 1008 3583 1013 '

1960 1095 2146 1149 nibus.
2175 1093 2312 1149 Ante
2352 1095 2538 1148 omnia
2572 1104 2751 1149 autem
2789 1101 3031 1145 mutuam
3064 1093 3117 1145 in
3168 1092 3530 1160 vobismetip-

1963 1185 2044 1241 sis
2072 1186 2396 1241 charitatem
2430 1185 2746 1239 continuam
2771 1184 3026 1237 habentes
3057 1199 3071 1234 :
3107 1183 3237 1250 quia
3279 1184 3530 1235 charitas

1959 1275 2138 1344 operit
2169 1274 2574 1328 multitudinem
2614 1281 2994 1342 peccatorum.
3029 1271 3340 1340 Ilospitales
3397 1261 3553 1322 iuvi?

1957 1380 2074 1421 cem
2106 1367 2226 1422 sine
2281 1365 2733 1418 murmuratione.
2769 1383 2788 1415 ι
2863 1361 3095 1416 Ponitur
3160 1380 3177 1413 ι
3216 1358 3341 1414 ﬁnis
3378 1379 3396 1410 ι
3431 1374 3530 1428 pro

1957 1456 2382 1522 complementa,
2416 1471 2510 1512 seu
2541 1455 3033 1526 consummatione.
3075 1451 3251 1506 Porro
3287 1471 3307 1503 ι
3368 1453 3529 1506 linem

1957 1547 2202 1600 omnium
2267 1547 2811 1615 appropinquasse,»
2850 1545 2948 1607 ait,
2977 1543 3070 1613 qui
3098 1553 3180 1598 est
3229 1542 3487 1597 CbriStus
3515 1559 3529 1595 :

1953 1639 2071 1708 ipse
2101 1638 2246 1692 enim
2276 1640 2518 1692 omnium
2537 1636 2802 1708 perfectio
2828 1644 2913 1691 est
2944 1654 2968 1690 :.
2985 1644 3040 1690 et
3077 1651 3184 1688 non
3217 1643 3276 1688 ut
3303 1633 3533 1702 gentiles

264 1728 462 1792 τέλος,’
493 1725 570 1790 ὡς
612 1725 963 1794 Ἐπίκουροςο
1020 1724 1070 1774 οἱ
1115 1722 1172 1775 δὲ
1210 1721 1308 1791 τὴν
1367 1724 1694 1794 ἐπιστήμην,
1727 1725 1840 1794 ἦτοι

1947 1729 2223 1793 cﬂ‘utiunb,
2269 1743 2502 1798 quorum
2522 1729 2613 1782 alii
2640 1729 2993 1797 voluptatem,
3031 1734 3096 1779 ut~
3125 1725 3414 1794 Epicurus,
3439 1723 3529 1776 alii

267 1815 585 1886 θεωρίαν,ῆ
637 1815 862 1884 ἀρετήν.
901 1814 1024 1866 Ἐπὶ
1065 1811 1130 1884 [ι’.
1163 1812 1308 1885 ἐπεὶ]
1346 1814 1526 1867 τοίνυν
1559 1817 1591 1882 ἡ
1623 1815 1840 1868 πάντων

1945 1821 2231 1874 scientiam
2251 1836 2342 1875 seu
2357 1818 2983 1890 cuntempiationem,alii
3000 1817 3254 1870 virtutem
3277 1815 3528 1869 ultimum

264 1909 551 1976 τελειότης
581 1909 815 1979 Χριστὸς
839 1909 1203 1977 παραγέγονε,
1245 1910 1340 1961 καὶ
1389 1909 1540 1982 αὐτοὶ
1570 1908 1743 1982 ταύτῃ
1773 1913 1840 1981 τῇ

1946 1910 2104 1966 linem
2129 1927 2251 1966 esse
2277 1912 2634 1966 arbltrantor.
2653 1908 2922 1976 Quoniam
2950 1910 3117 1979 igitur
3135 1909 3378 1975 omnium
3401 1921 3521 1974 per-

226 2003 229 2005 ’
265 2001 593 2072 τελειότητι,
633 2002 787 2071 φησὶ,
823 2001 1333 2072 συμμορφούμενοι,
1362 2001 1668 2066 ἀνελλιπεῖς
1719 2001 1840 2055 ἐαυ-

1953 2000 2116 2056 fectio
2155 2016 2220 2055 ac
2253 2001 2375 2055 linis
2419 2001 2669 2055 Christus
2692 1998 2928 2061 advenit,
2962 1997 3160 2064 inquit,
3185 2002 3238 2047 et
3271 2008 3368 2048 vos
3403 1992 3524 2046 huic

264 2093 402 2156 τοὺς
455 2095 516 2146 ὲν
546 2093 707 2146 παντὶ
756 2093 965 2159 δείξατε
996 2133 1013 2158 ,
1063 2095 1120 2150 ὲν
1161 2093 1521 2166 σωφροσύνῃ,
1571 2096 1631 2148 ὲν
1689 2094 1854 2166 νήψει

264 2182 725 2256 προσευχόμενοι.
776 2183 1079 2253 Νηφόντων
1130 2185 1240 2255 γάρ
1287 2187 1320 2255 ή
1366 2187 1644 2257 προσευχὴ
1681 2187 1740 2240 ὲν
1780 2189 1846 2257 τῇ

267 2276 413 2347 πρὸς
434 2276 703 2346 ἀλλήλους
725 2276 939 2346 ἀγάπῃ.
977 2275 1200 2347 Ταύτην
1221 2276 1280 2329 δὲ
1316 2278 1529 2341 Παῦλος
1571 2298 1588 2330 ι
1625 2270 1849 2348 πλήρω-

270 2379 355 2434 gn:
386 2383 406 2416 ι
443 2361 564 2418 εἷπε
597 2365 765 2434 νόμου
787 2382 801 2395 ο
836 2358 994 2427 οὗτος
1040 2363 1098 2417 δὲ
1137 2383 1155 2416 ι
1184 2363 1460 2435 ἁμαρτίας
1490 2384 1508 2417 ι
1540 2366 1848 2438 δυναμένην

271 2472 298 2508 ‹
333 2455 649 2509 καλύπτειν.
687 2474 707 2509 ι
750 2455 809 2508 '0
857 2455 967 2526 γὰρ
1023 2457 1103 2517 είς
1128 2441 1221 2509 cdo
1269 2456 1501 2526 πλησίον
1543 2457 1693 2516 ἔλεος
1755 2458 1848 2512 τὸν

265 2540 405 2600 Θεὸν
435 2549 567 2617 ἡμῖν
598 2547 755 2600 ίλεων
783 2548 946 2600 ποιεῖ.
979 2545 1163 2600 Εἰπὼν
1185 2547 1243 2600 δὲ
1286 2565 1307 2598 ι
1329 2549 1568 2618 ἀγάπην,
1593 2568 1612 2601 ι
1650 2550 1847 2618 ἐπάγει

263 2637 367 2691 καὶ
401 2638 470 2688 τὰ
518 2639 585 2707 τῇ
640 2637 830 2708 ἀγάπῃ
882 2637 1402 2703 συνακολουθοῦντα,
1437 2640 1538 2709 τὴν
1576 2659 1596 2691 ι
1633 2641 1843 2709 φιλοξε-

264 2727 412 2791 νίαν,
458 2745 478 2778 ι
536 2727 603 2798 ἢν
657 2746 676 2778 ι
715 2727 843 2780 ἄνευ
875 2726 1195 2796 γογγυσμοῦ
1237 2746 1256 2778 ι
1321 2728 1562 2782 ἐκτελεῖν
1607 2730 1840 2786 κελεύει.

277 2820 449 2873 ’Λλλά
473 2819 567 2872 καὶ
604 2822 718 2883 τοῖς
745 2820 982 2891 εὐπορου
991 2819 1173 2889 μένοις
1201 2819 1417 2889 ἑκάστῳ
1442 2812 1744 2892 χαρίσματι
1767 2822 1844 2890 τῷ

267 2911 352 2984 μὴ
374 2912 550 2982 ἔχοντι
581 2911 796 2982 ἀδελφῷ
820 2914 1119 2977 κοινωνεῖν,
1145 2906 1258 2965 οἷον
1289 2913 1317 2965 6
1337 2911 1496 2980 λόγον
1527 2912 1664 2983 ἔχων
1695 2913 1844 2966 διδα-

265 3001 530 3055 σκαλικὸν
569 3002 750 3072 (τοῦτο
784 3002 891 3072 γὰρ
923 3004 982 3055 τὸ
1009 3042 1024 3067 ,
1064 2993 1190 3064 ιὼς
1211 3003 1368 3070 λόγια
1407 3002 1563 3068 Θεοῦ,
1599 3023 1620 3054 ι
1650 3003 1842 3072 δηλοῖ),

263 3091 348 3162 τῷ
374 3093 630 3164 χρῄζοντι
659 3094 872 3148 τούτου.
919 3093 978 3147 ’0
1022 3093 1289 3166 χορηγίαν
1329 3093 1468 3163 ἔχων
1518 3097 1735 3164 τροφῶν
1762 3094 1841 3164 τῷ

266 3184 345 3266 μὴ
401 3184 579 3255 ἔχοντι
632 3186 955 3250 ἐπιδιδόναι,
1012 3185 1086 3256 μὴ
1129 3184 1503 3260 μικροψύχῳς,
1545 3185 1662 3250 ἀλλ’
1690 3187 1766 3248 ὡς
1804 3188 1836 3257 ή

1949 2091 2283 2146 conformati
2351 2090 2702 2162 perfectioni,
2735 2088 2990 2144 exhibete
3042 2084 3409 2152 vosmetipsos
3470 2082 3524 2134 in

1949 2182 2100 2236 omni
2130 2185 2332 2237 virtute
2391 2182 2600 2252 absque
2625 2180 2869 2244 defectu,
2903 2175 2955 2232 in
2981 2178 3278 2234 sobrietate
3301 2181 3356 2229 et
3391 2173 3524 2242 vigi-

1955 2274 2126 2329 lantia
2181 2282 2405 2328 orantes
2430 2273 2450 2346 (
2476 2273 2820 2343 vigilantium
2853 2270 2999 2324 enim
3064 2275 3149 2322 est
3205 2265 3384 2319 oratio
3417 2264 3433 2320 i
3468 2264 3523 2315 in

1955 2384 1974 2417 ι
2010 2365 2510 2420 mutuacharitate.
2553 2382 2578 2412 ι
2607 2365 2762 2416 Hanc
2793 2362 2999 2414 Paulus
3025 2359 3244 2426 quidem
3281 2373 3300 2406 ι
3342 2355 3523 2424 pleni-

1956 2457 2198 2512 tudinem
2238 2455 2372 2523 legis
2402 2474 2424 2508 ι
2447 2463 2642 2518 vocat;
2676 2453 2768 2506 hic
2795 2461 2978 2513 autem
3009 2447 3292 2517 apostolus
3339 2446 3415 2496 ait
3444 2444 3518 2523 θ’,

1957 2563 2078 2603 eam
2113 2565 2132 2599 ι
2166 2554 2391 2616 peccata
2435 2545 2659 2616 operire
2721 2563 2741 2596 ι
2793 2556 2958 2612 posse
2999 2557 3014 2594 :
3046 2538 3318 2608 siquidem
3351 2521 3521 2588 mise;

1949 2637 2190 2694 ricordia
2229 2653 2350 2707 qua:
2370 2637 2426 2690 in
2452 2636 2769 2706 proximum
2798 2643 3108 2694 exercetur,
3146 2629 3312 2683 Deum
3361 2626 3521 2679 nobis

1947 2729 2242 2799 propitium
2270 2726 2472 2782 reddit.
2499 2709 2575 2782 Ut
2602 2740 2733 2780 vero
2763 2725 2828 2778 de
2857 2742 2876 2775 ι
2910 2722 3180 2776 cbaritatc
3215 2737 3234 2769 ι
3277 2718 3519 2771 mentio-

1945 2835 2069 2876 nem
2095 2819 2244 2882 fecit,
2271 2817 2558 2889 subiungit
2587 2833 2676 2880 ea,
2701 2831 2830 2886 quae
2859 2815 3005 2868 illam
3036 2809 3518 2867 comitarisolent:

1947 2922 2009 2967 ut
2031 2923 2113 2968 est
2153 2930 2172 2962 ι
2221 2912 2604 2981 ltOSpitalitasi
2640 2925 2802 2979 quam
2833 2929 2850 2960 ι
2887 2909 3005 2962 sine
3031 2904 3462 2958 murmuratione
3497 2919 3516 2949 ι

1944 3003 2303 3058 exercendam
2337 3003 2616 3071 pra-cipit;
2644 3002 2784 3055 sicut
2828 3001 3098 3064 etiam,-ut
3133 2996 3192 3058 ii,
3221 2993 3520 3061 qui‘aliquo

1948 3095 2232 3150 abundant
2258 3094 2426 3157 dono,
2458 3093 2590 3146 illud
2625 3108 2747 3146 cum
2780 3090 2940 3160 377
2967 3088 3135 3142 fratre
3155 3102 3261 3141 non
3284 3084 3522 3138 habente

1944 3186 2178 3241 libenter
2226 3184 2627 3238 communicent
2675 3202 2688 3237 :
2768 3190 2826 3236 ut
2904 3182 2966 3250 si‘
3015 3179 3139 3248 quis
3209 3176 3518 3230 doctrinam

259 3257 494 3346 δύναμις
531 3297 550 3329 ι
591 3279 823 3349 παρέχει
857 3279 957 3347 τῆς
999 3278 1107 3332 ἀπὸ
1150 3278 1288 3345 Θεοῦ
1331 3256 1616 3349 χορηγίας.
1650 3256 1836 3332 Ταῦτα

1939 3276 2222 3349 possidet(
2257 3280 2358 3331 hoc
2379 3277 2524 3331 enim
2579 3273 2734 3337 illud,
2783 3291 2802 3324 ι
2845 3280 2906 3327 ut
2934 3285 3216 3328 sermones
3250 3268 3345 3320 Dei
3381 3284 3400 3316 ι
3439 3265 3520 3318 si-

257 3367 322 3420 δὲ
363 3369 634 3434 παραινῶ,
665 3370 850 3439 φησὶν,
890 3387 908 3420 ι
945 3369 1031 3422 ἵνα
1061 3369 1119 3421 ἑν
1147 3371 1313 3423 πᾶσιν
1338 3388 1356 3420 ι
1399 3370 1507 3422 εἴτε
1539 3369 1767 3435 ἔθνεσιν,
1799 3371 1832 3441 ἢ

259 3458 360 3510 καὶ
389 3461 500 3522 τοῖς
529 3461 696 3530 ἐγγὺς
724 3459 900 3532 ὑμῶν,
942 3479 960 3511 ι
987 3459 1278 3528 δοξάζηται
1312 3462 1341 3512 6
1366 3460 1518 3522 Θεός.
1557 3478 1577 3510 ι

1936 3369 2384 3445 gnificat).eum,
2415 3368 2506 3432 qui
2537 3364 2798 3433 indigens
2849 3370 2954 3427 est,
3021 3361 3141 3430 ipsa
3206 3351 3517 3429 participat.

1933 3463 2027 3518 Sic
2059 3462 2153 3529 qui
2215 3461 2490 3515 alimentis
2543 3458 2806 3523 abundat,
2841 3457 2889 3511 ei
2949 3456 3041 3524 qui
3092 3462 3266 3518 caret,
3307 3458 3514 3520 partem

257 3543 429 3603 faciat
462 3559 547 3617 ;et
604 3528 711 3608 non
751 3528 971 3623 quidem
1027 3567 1216 3623 parce,
1274 3552 1368 3608 sed
1400 3551 1557 3620 juxta
1585 3528 1921 3623 facultatem,
1969 3571 2130 3626 quam
2170 3555 2247 3608 illi
2277 3554 2421 3608 Deus
2484 3550 2872 3621 suppeditavit.
2909 3551 3021 3603 Hoc
3054 3557 3257 3610 autem,
3318 3542 3516 3612 inquit,

256 3646 418 3703 vobis
449 3645 650 3700 idcirco
703 3646 930 3710 suadeo,
1009 3666 1026 3698 ι
1097 3655 1155 3700 ιιι
1193 3647 1260 3700 ab
1326 3644 1600 3712 omnibus,
1667 3667 1686 3701 ι
1723 3653 1838 3706 sive
1877 3650 2106 3723 gentiles
2142 3649 2272 3714 sint,
2306 3648 2419 3702 sive
2449 3646 2758 3717 propinqui,
2795 3643 3234 3700 ι.1ιοιιοι’ὶ1ἱι;ειιιι“
3288 3635 3454 3691 Deus.
3493 3655 3513 3686 ο

307 3747 358 3792 ἰ
393 3740 662 3802 Ἕκαστος
706 3741 889 3804 καθὼς
922 3740 1083 3794 ἔλαϐε
1111 3740 1358 3811 χάρισμα
1411 3741 1520 3794 ἀπὸ
1560 3741 1718 3806 Θεοῦ.
1749 3747 1828 3806 εἰς

256 3826 488 3894 ἑαυτοὺς
512 3832 643 3884 αὐτὸ
672 3824 1066 3896 διακονοῦντες,
1099 3833 1174 3895 ὡς
1221 3833 1377 3886 καλοὶ
1403 3834 1674 3905 οἰκονόμοι
1708 3852 1826 3889 ποιν

253 3922 420 3990 una);
444 3924 668 3993 χάριτος
719 3921 876 3974 Θεοῦ.
908 3921 974 3973 El
999 3938 1082 3982 τις
1137 3922 1309 3988 λαλεῖ,
1352 3923 1428 3986 ὡς
1463 3924 1618 3992 λόγια
1652 3926 1787 3979 Θεοῦ
1811 3941 1826 3956 ⁸

253 4016 315 4069 ει
340 4031 420 4078 τις
452 4014 710 4076 διακονεῖ,
739 4013 816 4076 ὡς
845 4013 904 4078 ἐξ
932 4011 1113 4082 ἰσχύος
1145 4007 1212 4083 ἧς
1239 4018 1467 4083 χορηγεῖ
1503 4018 1675 4080 όΘεός
1699 4033 1712 4046 ·
1744 4019 1829 4072 ἵνα

251 4095 316 4156 δν
344 4104 507 4155 πᾶσιν
565 4106 594 4154 ό
642 4103 775 4165 Θεὸς
827 4102 1117 4172 δοξάζηται
1150 4103 1236 4156 διὰ
1279 4102 1453 4171 Ἰησοῦ
1485 4105 1742 4175 Χριστοῦ,

251 4193 402 4248 ἑστιν
427 4196 459 4266 ή
496 4194 622 4257 δόξα
640 4197 731 4248 καὶ
754 4195 814 4248 τδ
837 4196 1057 4265 κράτος,
1087 4196 1166 4260 είς
1196 4196 1320 4260 τοὺς
1341 4197 1542 4262 αἰῶνας
1564 4197 1674 4252 τῶν
1699 4198 1827 4252 alti)-

250 4279 388 4339 νῖιιν.
428 4287 621 4354 Ἀμήν.
666 4305 685 4338 ι
721 4287 842 4337 Τῶν
872 4287 981 4354 γὰρ
1025 4285 1266 4357 ἐφ’ἠμίν
1308 4290 1597 4359 κειμένων,
1627 4291 1722 4344 καὶ
1750 4287 1824 4346 ὧν

249 4381 423 4451 ισμεν
453 4377 653 4447 κύριοι,
682 4378 756 4448 μὴ
780 4380 971 4442 ποιεῖν,
1029 4379 1188 4431 τοῦτο
1236 4380 1415 4449 πάσης
1457 4383 1671 4446 ἀδικίας
1714 4384 1828 4453 ἔχει

252 4471 495 4540 γραφήν.
526 4468 600 4521 Οὐ
657 4469 767 4538 γὰρ
816 4468 908 4521 ἐπὶ
943 4469 1041 4538 τῆς
1070 4510 1074 4514 ι
1099 4469 1208 4521 τῶν
1252 4469 1552 4540 χρημάτων
1582 4473 1826 4541 κτήσεως

259 4563 451 4630 μόνης,
485 4561 619 4615 ἀλλὰ
651 4561 746 4612 καὶ
775 4561 885 4614 τῶν
921 4563 1098 4616 ἀλλων
1142 4562 1387 4631 φυσικῶν
1421 4562 1826 4633 πλεονεκτημά-

251 4667 364 4702 των
394 4654 554 4722 ἔχων,
598 4651 882 4723 ὑπόχρεὼς
937 4654 1055 4706 ἐστι
1091 4655 1354 4726 παρέχειν
1394 4653 1471 4725 τῷ
1514 4655 1589 4727 μὴ
1621 4655 1818 4725 ἔχοντι.

254 4740 380 4794 Ὅτι
409 4747 501 4797 καὶ
525 4745 686 4809 αὐτὸς
725 4744 801 4815 μὴ
829 4742 967 4813 ἔχων
1000 4747 1150 4816 παρὰ
1179 4747 1314 4801 Θεοῦ
1337 4747 1547 4817 ἔλασεν,
1573 4749 1659 4804 ῐνα
1675 4761 1818 4821 παρο

249 4827 352 4902 ἔχῃ
386 4835 463 4902 τῷ
489 4837 562 4906 μὴ
591 4836 786 4906 ἔχοντι.

326 5025 351 5066 ἰ
401 5015 721 5088 Ἀγαπητοί,
762 5019 836 5091 μὴ
886 5015 1154 5084 ξενίζεσθε
1196 5021 1262 5088 τῇ
1307 5021 1364 5072 ὲν
1394 5022 1522 5092 ὑμίν
1555 5022 1817 5094 πυρώσει,

250 5108 391 5179 πρὸς
431 5114 739 5178 πειρασμὸν
773 5114 901 5182 ὑμῖν
918 5111 1180 5182 γενομένῃ
1200 5109 1362 5182 [vulg.
1389 5114 1546 5186 γιν.],
1575 5116 1650 5180 ὡς
1669 5116 1818 5180 ξένου
1879 5188 1882 5191 _

250 5199 386 5270 ὑμῖν
415 5199 832 5268 συμϐαίνοντος’
866 5204 1002 5256 ἀλλὰ
1028 5202 1161 5255 καθὸ
1190 5201 1352 5274 [υιιίρ.
1394 5205 1600 5278 καθὼς]
1629 5220 1820 5261 κοινω-

247 5294 393 5345 νεῖτε
425 5294 539 5353 τοῖς
586 5290 679 5344 τοῦ
739 5294 945 5361 Κυρίου
977 5296 1287 5366 παθήμασι,
1324 5293 1544 5365 χαίρετε
1565 5312 1578 5325 ο
1611 5299 1696 5350 ἵνα
1726 5299 1820 5352 καὶ

246 5383 311 5436 ἰν
421 5384 764 5453 ἀποκαλύψει
797 5386 895 5454 τῆς
933 5387 1091 5457 δόξης
1118 5389 1283 5442 αὑτοῦ
1318 5387 1522 5459 χαρῆτε
1546 5389 1817 5453 ἀγαλλιώ-
1845 5411 1847 5413 ‘

251 5484 429 5542 μενοι.
479 5495 498 5531 ι
553 5477 709 5531 υῦτω
753 5478 1146 5548 διαταξάμενος
1199 5482 1326 5552 περὶ
1375 5479 1484 5533 τῶν
1535 5483 1818 5553 προσεχῶς

247 5566 579 5637 εἰρημένων,
606 5571 727 5625 ἐπεὶ
747 5589 898 5633 τινας
932 5572 1078 5642 ἐώρα
1117 5575 1203 5626 διὰ
1230 5573 1326 5639 τὰς
1353 5575 1692 5644 ἐπαγομένας
1716 5577 1813 5627 αὺ-

246 5658 364 5720 τοῖς
392 5659 600 5732 θλίψεις
625 5662 1163 5734 σκανδαλιζομένους,
1203 5666 1296 5719 ἆτε
1340 5668 1398 5720 ὲν
1421 5667 1497 5738 τῷ
1521 5665 1670 5737 νόμῳ
1700 5667 1834 5730 τοῖς

292 5834 372 5868 ἠ
407 5833 552 5917 Ρδμι,
607 5856 760 5909 cun,
827 5841 908 5896 l7.
977 5840 1018 5871 δ’
1053 5837 1210 5895 Rom.
1242 5859 1362 5909 xm,
1393 5844 1476 5900 l0.

2003 3741 2173 3799 Vsus.
2205 3742 2399 3807 i0,ll.
2437 3758 2457 3793 ι
2505 3741 2912 3811 Unusquisque,
2967 3738 3110 3792 sicut
3149 3733 3364 3804 accepit
3391 3745 3512 3801 gra-

1927 3837 2079 3897 tiam,
2107 3836 2161 3888 in
2180 3834 2500 3889 alterutrum
2534 3832 2678 3886 illam
2712 3828 3179 3887 administrantes.
3200 3827 3344 3880 sicut
3385 3822 3511 3876 boni

1936 3927 2354 3996 dispensatores
2403 3924 2754 3978 multiformis
2789 3922 2978 3990 gratia:
3010 3921 3127 3974 Dei.
3165 3916 3223 3972 Si
3262 3917 3388 3986 quis
3432 3915 3512 3967 lo-

1938 4017 2151 4086 quitur,
2179 4016 2331 4084 quasi
2364 4029 2648 4070 sermones
2674 4013 2764 4067 Dei
2792 4031 2805 4068 :
2840 4013 2883 4067 si
2910 4012 3032 4080 quis
3060 4008 3359 4070 ministrat,
3390 4013 3508 4060 tan-

1935 4123 2098 4175 quam
2151 4123 2213 4161 ex
2252 4109 2473 4166 virtute,
2533 4121 2695 4176 quam
2751 4103 3098 4157 administrat
3139 4099 3281 4153 Deus
3311 4118 3324 4152 :
3357 4107 3415 4152 ut
3458 4098 3511 4150 iu

1935 4196 2190 4267 omnibtts
2228 4197 2620 4249 honorilicetur
2659 4195 2938 4262 Deus,,per
2969 4191 3153 4247 Jesum
3181 4189 3458 4244 Christum
3495 4205 3508 4238 :

1934 4291 2018 4345 cui
2060 4298 2145 4344 est
2193 4288 2362 4359 gloria
2391 4297 2442 4342 ct
2472 4287 2757 4355 imperium
2811 4287 2865 4338 in
2914 4283 3111 4338 saecula
3157 4281 3508 4337 saeculorum.

1937 4383 2129 4452 Amen.
2171 4401 2189 4434 ι
2224 4380 2354 4435 Nam
2386 4394 2509 4451 qua:
2542 4378 2598 4432 in
2653 4383 2840 4432 nostra
2867 4377 3145 4446 potestate
3194 4370 3507 4434 omnimodo.

1930 4485 2078 4538 sunt,
2111 4488 2172 4525 ea
2202 4489 2308 4525 non
2357 4473 2539 4525 facere
2571 4484 2798 4524 summa:
2825 4466 3108 4534 injltstitiae
3150 4467 3364 4534 species
3398 4469 3503 4516 est.

1925 4563 2042 4618 Non
2074 4565 2221 4618 enim
2269 4564 2304 4616 ii
2345 4573 2558 4616 tantum
2593 4564 2686 4630 qui
2721 4562 2988 4630 pecunias
3044 4558 3344 4626 possident,
3405 4555 3502 4608 sed

1924 4658 2247 4727 quicunque
2299 4655 2536 4710 naturali
2569 4655 2755 4721 aliquo
2782 4652 2928 4705 dono
2968 4651 3307 4719 praecellunt,
3366 4646 3498 4700 illud

1921 4759 2047 4806 Cum
2076 4765 2181 4802 non
2209 4747 2441 4801 habente
2475 4746 2880 4801 communicare
2909 4742 3107 4797 debent
3129 4738 3507 4811 :quanloqui-

1852 4814 1896 4870 Β
1929 4842 2051 4897 dem
2083 4842 2244 4896 etiam
2278 4840 2416 4910 ipse,
2452 4855 2577 4894 cum
2609 4854 2714 4892 non
2754 4838 2998 4902 haberet,
3041 4835 3257 4906 accepit
3314 4834 3504 4903 utique

1932 4942 1988 4988 ut
2013 4933 2384 5003 indigentibus
2414 4932 2787 4984 distribueret.

1999 5022 2164 5076 Vsus.
2210 5021 2294 5088 l2,
2332 5024 2420 5075 l5.
2468 5041 2486 5071 ι
2514 5021 2856 5084 Charissimi,
2893 5020 3057 5072 nolite
3088 5016 3417 5088 peregrinari
3444 5017 3496 5069 in

1929 5116 2156 5174 fervore,
2187 5115 2280 5183 qui
2324 5113 2397 5168 ad
2425 5113 2787 5167 tentationem
2831 5111 2982 5166 vobis
3039 5111 3131 5173 sit,
3154 5109 3334 5180 "quasi
3372 5109 3494 5161 novi

1931 5207 2134 5278 aliquid
2162 5207 2316 5262 vobis
2337 5207 2635 5275 contingat.
2673 5206 2779 5261 Sed
2802 5205 3267 5259 communicantes
3291 5201 3494 5256 Christi

1927 5297 2298 5368 passionibus,
2331 5300 2584 5368 gaudete,
2643 5307 2703 5352 ut
2747 5297 2884 5352 etin
2921 5294 3254 5348 revelatione
3304 5291 3490 5361 gloriae

1927 5393 2043 5460 ejus
2076 5391 2356 5462 gaudeatis
2383 5392 2745 5446 exsultantes.
2782 5408 2800 5440 ι
2831 5389 2964 5441 Cum
3005 5387 3076 5438 ita
3113 5385 3257 5440 circa
3294 5399 3492 5452 praeco.

1925 5485 2108 5539 (lentia
2146 5485 2537 5548 constituisset,
2561 5482 2817 5553 quoniam
2844 5480 3224 5558 perspiciebat,
3259 5474 3464 5529 nonnul

1924 5578 1990 5632 lis
2021 5576 2346 5631 olfeudiculo
2372 5592 2493 5631 esse
2524 5592 2640 5639 eas,
2672 5590 2807 5644 quas
2838 5575 3200 5644 patiebantur,
3232 5568 3487 5623 amictio-

1918 5685 2040 5735 nes,
2067 5683 2132 5724 eo
2154 5669 2452 5740 praesertim
2471 5667 2615 5738 quod
2639 5668 2690 5722 in
2719 5669 2833 5739 lege
2855 5668 2941 5732 iis,
2962 5667 3049 5734 qui
3073 5665 3178 5718 Dco
3203 5661 3476 5724 serviunt.
