4078 6488
346 367 416 428 23
1272 370 1850 432 ΤΠΕΟΡΗΥΙιΛίΙΤΙ
1895 372 1991 430 BU
2008 370 2308 431 LGAHLE
2343 376 2381 426 Α.
2394 370 2696 430 RCHIEP.
3531 372 3607 435 '24

343 476 620 543 voluntas,
660 477 864 545 subdit,
928 479 1064 535 Cum
1097 478 1205 550 ﬁde
1258 497 1321 536 ac
1374 480 1674 534 dilectione.
1729 477 1955 539 Fidem,

2057 479 2362 549 προαίρεσις,
2421 477 2640 547 ἐπάγει,
2696 478 2856 532 Μετὰ
2907 478 3168 543 πίστεως
3209 477 3307 531 καὶ
3349 476 3611 547 ἀγάπης.

348 570 517 633 enim,
554 568 752 638 inquit,
785 570 942 623 attuli
995 585 1114 639 ego,
1152 573 1382 627 credens
1432 570 1578 641 quod
1622 571 1798 640 possit
1836 584 1923 622 me

352 673 576 714 servare
612 677 625 713 :
666 667 721 713 et
745 660 1094 725 charitatem,
1129 676 1291 732 quam
1319 661 1484 717 etiam
1527 663 1643 730 ipse
1681 660 1736 714 in
1765 659 1925 713 Chri-

350 763 437 805 sto
487 750 616 806 Jesu
673 753 943 820 acquisivi
980 771 994 808 :
1034 752 1349 808 dilectionis
1400 753 1543 808 enim
1584 766 1715 822 erga
1756 751 1924 806 Deum

349 840 607 896 Christus
634 841 769 895 mihi
820 841 1145 898 conciliator
1165 853 1269 909 est,
1302 858 1410 897 non
1442 842 1553 896 lex.
1592 842 1804 896 lndicat
1830 856 1928 894 au-

353 940 459 987 tem
503 947 625 987 cum
665 932 772 988 lide
826 933 1147 989 charitatem
1189 934 1351 990 simul
1398 932 1775 989 adducendam
1809 950 1822 987 :
1858 947 1927 986 ex

354 1026 622 1080 charitate
651 1027 796 1081 enim
820 1025 1198 1081 mandatorum
1228 1026 1363 1098 legis
1390 1035 1475 1082 est
1497 1026 1762 1098 peractio,
1788 1025 1932 1080 sicut

352 1116 619 1173 Dominus
663 1118 801 1173 dixit
859 1135 875 1176 :
944 1120 1006 1175 Si
1076 1119 1301 1192 diligitis
1362 1119 1752 1185 me,mantlata
1816 1134 1932 1172 mea

354 1223 559 1266 servate
594 1212 656 1266 ".

432 1303 597 1359 Vens.
634 1305 719 1362 l5.
774 1304 981 1362 Fidelis
1017 1323 1209 1372 sermo,
1249 1315 1300 1362 et
1338 1308 1483 1360 omni
1514 1305 1816 1375 acceptione
1848 1304 1933 1358 di—

355 1411 512 1465 gnus,
543 1397 681 1466 quod
708 1396 866 1452 Iesus
912 1399 1156 1455 Christus
1191 1400 1328 1453 venit
1372 1401 1426 1453 in
1457 1397 1714 1452 mundum
1743 1412 1934 1467 pecca-

362 1497 499 1542 tores
533 1490 707 1542 salvos
747 1490 942 1559 facere.
974 1489 1113 1557 Quia
1146 1490 1382 1557 dixerat,
1420 1489 1544 1554 Mei,
1579 1505 1703 1545 cum
1750 1503 1938 1558 persc-

360 1588 521 1634 eutor
568 1596 772 1646 essem,
819 1581 1080 1639 misertus
1136 1590 1259 1638 est:
1306 1582 1387 1637 Ne
1440 1582 1681 1648 mireris,
1735 1581 1938 1651 inquit,

361 1681 539 1730 neque
589 1668 960 1737 magnitudini
1013 1670 1142 1725 doni
1190 1678 1245 1726 et
1292 1670 1483 1742 gratia:
1512 1668 1724 1725 dillidas
1765 1689 1780 1726 :
1815 1685 1938 1724 nam

362 1770 588 1828 prapter
622 1760 730 1815 hoc
775 1762 953 1832 ipsum
997 1764 1148 1817 venit
1194 1763 1249 1817 in
1301 1765 1588 1829 mundum,
1651 1771 1709 1818 ut
1770 1763 1937 1818 etiam

2027 569 2219 624 Πίστιν
2248 570 2379 639 γὰρ,
2435 572 2622 640 φησὶν,
2664 570 2965 641 εἰσήνεγκα
3015 567 3147 635 ἐγὼ,
3193 569 3493 629 πιστεύσας
3526 570 3611 619 ὅτι

2025 660 2248 714 δύναταί
2275 677 2343 730 με
2388 660 2595 714 σῶσαιο
2630 661 2725 713 καὶ
2775 660 3020 735 ἀγάπην,
3051 659 3120 731 ἥν
3154 659 3251 713 καὶ
3289 660 3450 722 αὐτὸς
3477 660 3523 690 ⁸⁸
3552 661 3613 712 ἐν

2028 753 2251 822 Χριστῷ
2276 753 2452 823 Ἰησοῦ
2487 753 2809 824 ἐκτησάμην
2833 770 2848 784 ·
2880 753 2979 822 τῆς
3007 753 3114 822 γὰρ
3145 752 3281 822 πρὸς
3306 751 3439 804 Θεδν
3472 751 3615 819 ἁγάο

2029 862 2138 913 πης
2175 844 2432 915 πρόξενός
2466 861 2556 915 μοι
2591 846 2619 898 6
2649 844 2903 915 Χριστὸς,
2932 845 3030 914 οὐχ
3062 845 3090 896 6
3144 844 3328 913 v6p.o;.
3361 843 3615 896 Δείκνυσι

2029 936 2088 988 δὲ
2115 937 2196 989 ὅτι
2228 935 2367 1007 μετὰ
2409 935 2653 998 πίστεως
2707 936 2794 988 δεῖ
2850 936 2946 988 καὶ
2994 935 3215 1004 ἀγάπην
3249 935 3612 1002 συνεισάγειν.

2045 1028 2136 1094 Ἐξ
2175 1027 2398 1098 ἀγάπης
2430 1028 2540 1099 γὰρ
2568 1030 2604 1099 ἡ
2658 1028 2767 1081 τῶν
2828 1027 3058 1082 ἐντολῶν
3090 1027 3451 1098 κατόρθωσις,
3484 1026 3558 1089 ὡς
3587 1026 3616 1078 6

2032 1121 2235 1191 Κύριος
2266 1114 2443 1173 εἶπεν·
2492 1121 2634 1174 Ἐὰν
2661 1117 2932 1190 ἀγαπᾶτέ
2953 1136 3052 1188 με,
3079 1117 3187 1184 τὰς
3209 1118 3465 1184 ἐντολάς
3495 1133 3618 1186 μου

2033 1212 2355 1282 τηρήσατε.

2108 1305 2330 1372 Πιστὸς
2359 1308 2392 1359 ὁ
2418 1306 2603 1375 λόγος
2625 1304 2722 1358 καὶ
2744 1303 2948 1371 πάσης
2970 1302 3279 1372 ἀποδοχῆς
3305 1300 3495 1366 ἄξιος,
3529 1299 3620 1355 ὅτι

2049 1397 2289 1465 Ἰησοῦς
2323 1396 2584 1465 Χριστὸς
2613 1397 2701 1464 εις
2732 1396 2844 1450 τὸν
2871 1397 3105 1465 κόσμον
3140 1392 3329 1465 ἦλθεν
3353 1394 3621 1460 ἁμαρτω-

2037 1489 2191 1557 λοὺς
2221 1488 2438 1543 σῶσαι.
2489 1486 2709 1556 Ἐπειδὴ
2745 1483 2922 1552 εἶπεν,
2965 1488 3047 1540 ὅτι
3078 1484 3328 1552 Διώκτην
3373 1482 3502 1536 ὅντα
3552 1496 3622 1550 με

2037 1580 2260 1652 ἠλέησε,
2292 1579 2385 1649 Μὴ
2441 1578 2760 1651 θαυμάσῃς,
2792 1578 2947 1648 φησὶ,
2978 1577 3114 1647 μηδὲ
3163 1574 3476 1644 ἀπιστήσῃς
3528 1570 3626 1624 ἐπὶ

2040 1674 2118 1744 τῷ
2144 1673 2366 1744 μεγέθει
2402 1673 2502 1745 τῆς
2529 1671 2760 1740 δωρεᾶς.
2809 1671 2919 1724 Καὶ⁸
2964 1668 3075 1739 γὰρ
3129 1667 3216 1720 ἐπ’
3249 1665 3400 1735 αὐτῷ
3450 1663 3627 1731 τούτῳ

2044 1768 2127 1829 εἰς
2165 1766 2257 1819 τὸν
2285 1765 2492 1836 κόσμον
2535 1759 2722 1835 ἦλθεν,
2766 1763 2853 1817 ἵνα
2880 1762 2977 1816 καὶ
3030 1763 3238 1823 πάντας
3268 1755 3628 1828 ἁμαρτωλοὺς

365 1864 559 1905 omnes
576 1862 893 1920 peccatores
919 1853 1102 1909 salvos
1131 1852 1316 1910 faciat.
1339 1853 1540 1910 Fide!is
1583 1854 1747 1926 igitur
1762 1870 1943 1910 sermo

2057 1826 2220 1928 σωσῃ.
2256 1826 2455 1919 Πιστός
2486 1826 2579 1909 οὖν
2607 1856 2635 1908 6
2666 1826 2847 1922 λόγος,
2887 1853 2985 1907 καὶ
3013 1851 3162 1917 ἄξιος
3195 1826 3626 1920 παραδέχεσθαι.

326 1941 680 2010 -diguusque
740 1943 835 2013 qui
892 1944 1249 2015 suscipiatur.
1304 1945 1422 2002 Non
1476 1947 1620 2002 enim
1657 1954 1943 2017 pr0pterea

368 2032 520 2101 quod
570 2048 764 2103 magna
796 2035 907 2089 sint
940 2052 1062 2106 qua:
1102 2037 1229 2092 data
1270 2049 1419 2106 sunt,
1453 2037 1575 2093 ideo
1610 2038 1832 2108 dignum
1861 2044 1947 2093 est

371 2139 480 2178 non
511 2125 737 2181 credere
774 2144 788 2181 :
820 2142 1012 2181 verum
1063 2128 1188 2196 quia
1227 2128 1497 2185 immensa
1547 2138 1632 2184 est
1679 2130 1939 2183 donantis

372 2216 620 2281 bonitas,
656 2215 786 2271 hinc
820 2217 1045 2288 dignum
1080 2227 1185 2283 est,
1213 2227 1269 2273 ut
1296 2220 1589 2275 credamus
1623 2228 1677 2276 et
1717 2216 1948 2287 recipia-

373 2323 517 2362 mus.
555 2307 669 2362 lloc
702 2316 881 2364 autem
907 2311 974 2364 ad
1001 2309 1221 2367 Iudaeos
1261 2312 1448 2377 etiam,
1491 2312 1586 2382 qui
1619 2311 1725 2383 legi
1751 2308 1948 2365 adver-

374 2400 566 2453 tebant
596 2400 861 2464 animum,
895 2400 1229 2485 extenditur,
1263 2411 1323 2457 ut
1356 2402 1616 2457 ostendat
1663 2403 1768 2467 eis,
1805 2401 1949 2473 quod

376 2491 497 2545 sine
515 2488 618 2543 (ide
648 2505 754 2544 non
782 2491 999 2560 possint
1041 2491 1175 2545 salvi
1204 2506 1349 2547 esse.

449 2580 690 2648 Quorum
720 2597 812 2652 ego
834 2583 1039 2651 primus
1063 2600 1203 2637 sum.
1233 2583 1521 2650 Quomodo
1549 2599 1672 2640 cum
1713 2586 1850 2641 alias
1881 2584 1957 2640 di-

377 2673 569 2734 xisset,
599 2670 901 2726 Secundum
918 2673 1189 2742 justitiam
1219 2675 1346 2745 legis
1364 2675 1537 2745 factus
1562 2676 1864 2746 incnlpatus
1889 2679 1953 2742 “,

2046 1952 2122 2005 Οὐ
2151 1949 2260 2021 γὰρ
2290 1947 2480 2018 ἐπειδὴ
2514 1946 2726 2016 μεγάλα
2756 1946 2874 1999 ἐστὶ
2906 1945 2976 1998 τὰ
3002 1943 3261 2014 δεδομένα
3298 1940 3449 2006 ἄξιόν
3479 1941 3629 1991 ἔστιν

2045 2045 2321 2107 άπιστεῖν,
2353 2041 2469 2094 ἀλλ’
2514 2037 2705 2109 ἐπειδὴ
2750 2037 2984 2109 ἄπειρος
3021 2039 3055 2105 ὴ
3105 2032 3383 2103 ἀγαθότης
3423 2029 3519 2084 τοῦ
3549 2028 3632 2083 δι-

2046 2134 2253 2198 δόντος,
2286 2131 2377 2185 διὰ
2413 2130 2571 2184 τοῦτο
2595 2130 2747 2196 ἄξιον
2778 2126 3058 2181 πιστεύειν
3085 2125 3181 2181 καὶ
3210 2120 3634 2194 παραδέχεσθαι.

2049 2225 2222 2279 Τοῦτο
2265 2224 2321 2278 δὲ
2354 2224 2447 2277 καὶ
2499 2222 2635 2294 πρὸς
2669 2219 2961 2282 Ἰουδαίους
2993 2218 3121 2281 τοὺς
3150 2216 3229 2286 τῷ
3272 2215 3424 2284 νόμῳ
3463 2228 3638 2283 προσ-

2052 2318 2279 2387 έχοντας
2331 2311 2701 2376 ἀποτείνεται,
2742 2311 2832 2363 ἴνα
2883 2307 3035 2379 δείξῃ
3082 2307 3288 2372 αὐτοῖς,
3320 2304 3404 2357 ὅτι
3465 2298 3640 2371 χωρὶς

2054 2409 2290 2468 πίστεως
2317 2404 2417 2458 οὐκ
2448 2403 2566 2457 ἔστι
2594 2403 2637 2435 ⁸⁷
2677 2402 2941 2472 σωθῆναι.

2127 2580 2240 2640 ’Ὧν
2269 2580 2501 2651 πρῶτός
2522 2581 2638 2647 ειμι
2658 2576 2791 2646 ἐγώ.
2821 2542 2946 2637 flii);
2967 2570 3199 2640 ἀλλαχοῦ
3232 2567 3403 2622 εἰπών
3426 2584 3440 2597 ε
3476 2563 3642 2620 Κατὰ

2057 2676 2457 2741 δικαιοσύνην
2490 2671 2606 2736 τὴν
2634 2670 2705 2723 ἐν
2749 2668 2912 2736 νόμῳ
2961 2664 3285 2733 γενόμενος
3316 2659 3644 2729 ἄμεμπτος,

379 2775 528 2815 nunc
596 2763 831 2832 primum
901 2773 1257 2834 peccatorum
1335 2767 1575 2836 seipsum
1632 2768 1955 2823 constituit?

2061 2771 2159 2825 νῦν
2192 2766 2409 2837 πρῶτον
2462 2764 2571 2818 τῶν
2606 2757 2948 2832 ἁμαρτωλῶν
2994 2755 3177 2808 τάττει
3221 2751 3453 2815 ἑαυτόν;
3499 2749 3646 2802 Διότι

382 2851 652 2917 Quoniam
686 2869 811 2908 cum
845 2854 1064 2924 justitia
1106 2872 1227 2926 quae
1254 2866 1335 2912 est
1372 2857 1426 2913 in
1458 2857 1701 2926 Christo,
1744 2860 1955 2930 justitia

2061 2860 2136 2923 ὡς
2174 2856 2306 2927 πρὸς
2338 2858 2437 2925 τὴν
2471 2856 2526 2906 ὲν
2556 2848 2778 2919 Χριστῷ
2810 2844 3179 2913 δικαιοσύνην,
3211 2844 3244 2913 ἡ
3281 2843 3340 2894 ὲν
3384 2839 3464 2909 τῷ
3493 2837 3646 2908 νόμῳ

382 2944 517 3015 legis
550 2945 766 3009 collata,
809 2958 1090 3015 peccatum
1147 2956 1254 3014 est,
1295 2960 1355 3003 ut
1406 2951 1496 3005 cui
1549 2968 1694 3007 nunc
1748 2962 1955 3023 tempus

2063 2946 2384 3017 δικαιοσύνη
2419 2942 2664 3016 ἁμαρτία
2693 2942 2862 3001 ἐστὶν,
2883 2939 2979 2993 ἆτε
3001 2935 3192 3006 καιρὸν
3213 2930 3404 3023 νῦν
3426 2931 3646 3001 ἔχουσα.

386 3047 496 3087 non
530 3033 897 3102 relinquatur.
931 3035 1205 3102 Quamdiu
1238 3038 1382 3091 enim
1425 3048 1636 3108 tempus
1669 3056 1829 3095 suum
1860 3042 1961 3094 ha-

2070 3044 2215 3104 Ἐως
2254 3039 2353 3110 μὲν
2393 3039 2503 3107 γὰρ
2542 3031 2657 3105 εἶχε
2708 3030 2922 3102 καιρὸν,
2968 3025 3286 3093 δικαιοσύνη
3317 3020 3418 3095 ἦν·
3459 3023 3649 3089 ὥσπερ

389 3124 571 3187 ltehat,
605 3123 810 3179 tamdiu
835 3125 1047 3193 justitia
1095 3136 1213 3181 erat
1241 3145 1256 3195 ;
1300 3129 1524 3197 perinde
1547 3144 1610 3183 ac
1640 3130 1766 3183 luna
1797 3138 1851 3185 et
1883 3130 1955 3184 lu-

2070 3136 2162 3190 καὶ
2187 3135 2221 3205 ἡ
2258 3132 2463 3200 σελήνη
2492 3130 2587 3182 καὶ¹
2617 3129 2644 3180 ὁ
2679 3123 2873 3194 λύχνος
2906 3123 2962 3174 ὲν
2988 3120 3147 3173 νυκτὶ.
3181 3118 3484 3216 φαίνουσιν.
3519 3113 3649 3216 tore

388 3229 552 3270 cerua
589 3225 748 3270 nocte
787 3217 1008 3287 quidem
1044 3218 1251 3274 lucent.
1284 3219 1515 3285 Quando
1542 3236 1673 3274 vero
1704 3222 1962 3278 Christus

389 3315 652 3375 tanquam
693 3306 778 3361 sol
821 3308 1021 3374 illuxit,
1064 3321 1194 3365 tunc
1233 3310 1407 3380 ipsam
1438 3312 1737 3393 occultavit
1771 3332 1784 3368 :
1820 3321 1972 3369 errat

396 3400 582 3468 itaque
606 3404 660 3452 et
691 3399 852 3468 plane
902 3400 1104 3454 stultus
1153 3410 1258 3467 est,
1321 3402 1413 3472 qui
1478 3404 1592 3458 sole
1653 3404 1973 3474 splendente

395 3489 619 3542 lucerna
680 3490 875 3543 utitur.
934 3491 1059 3544 Alio
1116 3500 1297 3547 autem
1368 3494 1421 3547 in
1488 3494 1608 3548 loco
1664 3496 1766 3550 hoc
1810 3496 1973 3550 etiam

397 3577 532 3632 dicit
568 3596 582 3632 :
622 3578 771 3634 Nam
799 3582 1272 3653 nec'gloriﬁcatum
1301 3594 1402 3651 est,
1433 3588 1572 3658 quod
1611 3572 1897 3642 claruit”.

471 3669 636 3726 Vens.
661 3672 749 3727 ιθ.
784 3672 886 3728 Sed
912 3675 1027 3729 ideo
1056 3677 1473 3732 misericordiam
1502 3688 1810 3734 consecutus
1833 3697 1973 3745 sum,

398 3772 458 3816 nt
500 3765 556 3817 in
586 3781 666 3820 me
686 3768 859 3836 primo
901 3768 1193 3823 ostenderet
1241 3769 1402 3826 Iesus
1468 3772 1712 3827 Christus
1772 3789 1976 3828 omnem

402 3857 880 3925 longanimitatem,
927 3863 998 3915 ad
1036 3862 1467 3931 informationem
1521 3881 1702 3918 eorum
1731 3866 1822 3935 qui
1866 3881 1979 3919 cre-

364 3968 369 3971 η
399 3949 571 4001 ditari
597 3960 719 4003 sunt
751 3950 835 4004 illi
863 3953 917 4006 in
946 3954 1107 4006 vitam
1137 3963 1414 4008 wternam.
1447 3953 1582 4009 Vide
1609 3955 1731 4025 ejus
1767 3954 1980 4010 humili-

401 4048 593 4096 tatem.
625 4040 946 4112 Propterea,
984 4046 1189 4114 inquit,
1225 4048 1661 4103 miserieordiam
1707 4063 1977 4103 consecu-

2072 3228 2128 3282 δὲ
2156 3229 2184 3280 ὁ
2210 3202 2450 3295 Χριστὸς
2484 3219 2685 3289 ἐφάνη,
2726 3216 2916 3285 ὥσπερ
2941 3213 3113 3284 ἥλιος,
3160 3210 3281 3262 τότε
3316 3207 3486 3275 αὐτὴν
3517 3202 3649 3295 aut.

2072 3320 2283 3393 κρύψε·
2329 3315 2425 3369 καὶ
2458 3312 2644 3365 λοιπὸν
2689 3308 2996 3379 ἁμαρτάνει
3027 3305 3123 3357 καὶ
3158 3298 3581 3398 άνόητός-ὲσιι.ν
3602 3294 3655 3398 ‘6

2072 3386 2252 3485 λύχνῳ
2286 3411 2592 3485 χρώμενος,
2639 3403 2791 3475 ήλίου
2826 3399 3133 3469 φαίνοντος.
3171 3395 3282 3448 Καὶ
3330 3386 3656 3485 alaex-066%

2074 3478 2240 3558 τούτό
2288 3478 2500 3572 ’φησιν’
2566 3498 2648 3550 Οὐ
2703 3493 2814 3564 γὰρ
2867 3488 3228 3553 δεδόξασται
3285 3482 3352 3537 τὸ
3409 3478 3658 3545 δεδοξα-

2076 3594 2326 3666 σμένον.

2161 3684 2341 3740 Ἀλλὰ
2376 3680 2473 3735 διὰ
2501 3677 2679 3732 τοῦτο
2705 3673 2997 3744 ἠλεήθην,
3039 3671 3141 3724 ἵνα
3176 3668 3246 3721 ἐν
3272 3663 3405 3733 ἐμοὶ
3448 3659 3661 3730 πρώτῳ

2079 3776 2417 3844 ἐνδείξηται
2438 3770 2671 3841 Ἰησοῦς
2695 3772 2728 3823 ό
2774 3765 3027 3836 Χριστὸς
3059 3761 3175 3830 τὴν
3210 3756 3418 3815 πᾶσαν
3439 3769 3662 3824 μακρο-

2082 3872 2323 3941 θυμίαν,
2379 3866 2532 3936 πρὸς
2564 3861 2960 3918 ὑποτύπωσιν
2998 3855 3119 3907 τῶν
3170 3849 3525 3941 μελλόντων
3565 3862 3663 3941 πι-

2079 3934 2322 4018 στεύειν
2352 3934 2444 4012 ἐπέ
2483 3952 2644 4020 αὐτῷ
2664 3953 2751 4018 είς
2783 3948 2938 4029 ζωὴν
2968 3944 3226 4000 αὶώνισν.
3273 3940 3417 4008 Ὅρα
3472 3934 3664 3989 ταπεί-

2081 4070 2267 4108 νωσιν.
2298 4051 2397 4103 Διὰ
2440 4046 2619 4108 τοῦτο,
2649 4043 2840 4115 φησὶν,
2882 4039 3146 4110 ἠλεήθην,
3179 4034 3267 4087 ἵνα
3301 4030 3491 4101 μηδεὶς
3520 4029 3662 4115 ἁπα-

403 4143 492 4186 tus
543 4148 685 4199 sum,
726 4133 799 4188 Ut
856 4150 1017 4189 nemo
1068 4112 1337 4206 deinceps
1410 4148 1761 4206 peccatorum
1822 4138 1955 4209 55(

2083 4144 2289 4216 γορεύῃ
2341 4140 2529 4195 λοιπὸν
2559 4112 2672 4190 τῶν
2716 4112 3122 4204 ἡμαρτηκότων
3145 4165 3161 4187 ,
3200 4124 3315 4216 αλλ’
3349 4120 3572 4216 εὔελπις
3606 4112 3667 4190 ᾖ,

404 4221 680 4290 desperet,
714 4222 808 4278 sed
831 4224 1030 4278 bonam
1067 4239 1218 4295 spem
1245 4227 1518 4296 concipiat
1548 4228 1649 4283 sibi
1684 4229 1955 4284 condonar

2086 4211 2288 4301 themil—
2346 4235 2564 4289 πάντων
2605 4223 3064 4299 ἁμαρτωλοτέρου
3114 4214 3329 4271 Παύλου
3378 4211 3666 4271 σωθέντος.

406 4325 630 4378 noxam,
677 4328 800 4367 cum
840 4314 1241 4372 animadvertat
1295 4316 1548 4382 Paulum,
1608 4318 1699 4389 qui
1761 4319 1954 4390 reliqui

2088 4330 2340 4383 Δείκνυσι
2364 4326 2421 4379 δὲ
2448 4324 2536 4378 διὰ
2556 4320 2750 4375 τούτου
2778 4315 2898 4369 οὐδὲ
2928 4313 3076 4379 ἄξιον
3107 4310 3239 4363 ὄντα
3264 4305 3670 4404 συγχωρήσεως

405 4403 667 4459 oumihus
695 4405 917 4474 gravius
947 4417 1248 4475 peccasset,
1305 4411 1516 4465 salvum
1577 4426 1699 4467 esse
1755 4411 1955 4467 factum

2091 4420 2307 4484 ἑαυτὸν,
2346 4417 2484 4472 ἀλλὰ
2538 4413 2627 4467 διὰ
2684 4414 2779 4479 τὴν
2833 4405 2941 4459 τῶν
2994 4402 3197 4472 ἑτέρων
3245 4396 3521 4467 σωτηρίαν
3568 4396 3674 4459 τῆς

404 4494 512 4550 Per
545 4496 647 4550 hoc
682 4512 811 4551 vero
841 4498 1083 4553 ostendit
1119 4501 1360 4570 seipsum
1390 4516 1502 4557 non
1554 4500 1728 4557 fuisse
1758 4504 1955 4574 dignun

2057 4504 2504 4582 ’φιλανθρωπίας
2557 4498 2962 4556 ἀπολαύσαντα.
3003 4492 3120 4545 Ούκ
3326 4487 3404 4582 δε,
3441 4484 3558 4582 Ἵνα
3614 4485 3673 4535 ὲν

409 4589 834 4654 condonatione,
882 4599 1143 4646 caeterum
1200 4602 1425 4663 propter
1471 4594 1701 4649 aliorum
1749 4596 1955 4651 saluten

2096 4574 2218 4673 ἐμοὶ
2249 4574 2550 4665 ἐνδείξηται
2579 4590 2680 4662 τὴν
2712 4584 3123 4660 μακροθυμίαν,
3146 4578 3418 4673 onmno
3442 4574 3671 4673 πᾶσαν,

410 4696 471 4735 se
506 4681 856 4737 clementiam
901 4682 995 4739 Dei
1056 4695 1413 4741 consecutum
1472 4701 1615 4742 esse.
1673 4685 1794 4741 Non
1851 4686 1955 4742 dixi

2095 4664 2169 4758 di;
2203 4693 2267 4747 ἂν
2298 4691 2347 4743 εί
2379 4687 2538 4740 τοῦτο
2574 4683 2748 4750 λέγων
2768 4696 2782 4710 ·
2817 4678 3057 4746 Ἀπειρα
3087 4666 3429 4758 ἡμαρτηκὼς
3468 4664 3675 4758 ποιητὴς

413 4783 619 4837 autem,
654 4781 712 4828 ut
760 4775 816 4828 in
869 4790 956 4831 me
1007 4778 1268 4832 ostendat
1316 4778 1805 4849 longanimitatem,
1869 4777 1985 4843 sed,

416 4880 621 4917 omnem
640 4882 666 4931 ;-
690 4867 919 4936 perinde
945 4869 1103 4939 quasi
1131 4870 1323 4926 dicat:
1362 4870 1499 4927 Cum
1538 4871 1593 4927 in
1652 4872 1984 4927 immensum

422 4972 761 5026 peccassem.
782 4962 930 5014 omni
955 4962 1331 5019 misericordia
1350 4963 1682 5032 indigebam,
1699 4966 1990 5021 universa-

2098 4753 2278 4844 ἐλέους
2307 4776 2559 4846 ἐδεόμην,
2583 4772 2677 4825 καὶ
2700 4768 2880 4837 πάσης
2911 4762 3079 4818 αὐτοῦ
3109 4762 3208 4828 τῆς
3240 4753 3673 4828 φιλανθρωπίας,

2093 4881 2155 4934 οὐ
2206 4873 2465 4949 μερικῆς,
2500 4870 2577 4932 ὡς
2618 4869 2668 4920 cl
2713 4866 2778 4917 ὲκ
2832 4862 3032 4932 μέρους
3081 4852 3398 4949 ἁμαρτωλοί
3422 4851 3486 4905 ⁸⁸.
3524 4848 3680 4949 Πρός

2098 4939 2513 5026 ὑποτύπωσιν,
2537 4956 2698 5029 φησί·
2723 4952 2994 5016 τουτέστι,
3027 4949 3166 5021 πρὸς
3193 4945 3517 5013 ὑπόδειγμα,
3544 4939 3683 5009 πρὸς

419 5064 526 5118 que
551 5048 673 5118 eius
698 5050 1008 5117 clementia,
1038 5067 1145 5107 non
1177 5062 1331 5122 parte
1354 5053 1475 5122 ejus
1506 5054 1709 5122 aliqua,
1748 5060 1807 5105 ut
1837 5052 1872 5105 ii
1897 5051 1991 5121 qui

420 5157 487 5196 ex
521 5149 675 5211 parte
705 5153 1023 5213 peccatores
1069 5151 1219 5198 sunt.
1272 5143 1356 5198 Ad
1390 5144 1846 5213 informationem,
1901 5144 1994 5197 in-

425 5235 544 5299 quit
575 5251 589 5288 :
620 5235 724 5290 hoc
749 5244 854 5299 est,
888 5235 959 5289 ad
992 5236 1292 5305 exemplar,
1330 5239 1396 5289 ad
1450 5237 1885 5291 consolationem
1941 5246 1997 5289 et

427 5323 867 5379 adhortationem
893 5325 1136 5379 omnium
1160 5326 1252 5395 qui
1294 5325 1517 5380 credere
1547 5327 1738 5380 velint.

500 5413 663 5469 Vens.
689 5415 775 5469 i7.
805 5415 933 5488 Regi
957 5428 1130 5471 autem
1147 5416 1486 5482 sa'culorum,
1527 5416 1840 5481 immortali,
1867 5415 2000 5468 inri—

2102 5053 2470 5126 παράκλησιν,
2505 5046 2641 5118 πρὸς
2672 5040 2991 5117 προτροπὴν
3018 5039 3062 5072 ⁸³
3105 5036 3324 5091 πάντων
3363 5033 3471 5087 τῶν
3497 5029 3683 5083 θελόν-

2105 5165 2214 5205 των
2242 5142 2541 5199 πιστεύειν.

2186 5405 2270 5474 τῷ
2312 5406 2381 5460 δὲ
2401 5401 2657 5471 ,ϐασιλεῖ
2693 5396 2812 5458 τῶν
2840 5397 3073 5455 αιώνων
3110 5393 3405 5465 ἀφθάρτῳ,
3433 5386 3683 5458 ἀοράτῳ,

504 5559 726 5616 "Joan.
766 5574 878 5626 xw,
922 5562 1009 5617 ’15.
1086 5560 1131 5591 "
1172 5559 1408 5631 Philipp.
1442 5576 1525 5626 ιιι,
1558 5559 1615 5615 6.
1695 5561 1737 5592 ⁸⁸
1771 5558 1815 5612 ll
1856 5557 1982 5611 Cor.
2014 5572 2095 5619 ιιι,
2127 5554 2215 5609 l0.

1794 5673 1993 5741 Variae
2031 5670 2364 5734 lectiones.

508 5804 554 5839 ιθ
582 5805 750 5877 αὐτὴν
777 5819 831 5863 o.
909 5805 951 5839 ”
980 5805 1154 5862 ἔνεστι
1189 5822 1241 5865 0.
1321 5808 1363 5839 ‘5
1391 5803 1807 5875 ἁμαρτάνοντες·
1830 5815 1883 5855 0-
1966 5798 2006 5829 ⁸⁸
2043 5791 2325 5867 προκοπὴν
2359 5805 2421 5848 οι
