4078 6460
476 418 549 481 39
1361 414 1950 475 THEOPHYLACTI
1994 412 2410 475 BUI.GARI:E
2445 411 2799 475 ARCHIEP.
3665 408 3736 468 40

457 532 554 586 sed
607 528 1014 601 mulierinquit,
1040 527 1263 596 Serpens
1295 529 1497 599 decepit
1522 530 1807 583 me.Adam
1841 540 2023 583 autem
2056 555 2074 591 λ

2181 532 2274 596 υνή
2308 549 2495 599 φησιν,
2525 533 2606 584 ὅτι
2646 533 2708 583 '0
2739 531 2873 599 (lith
2915 526 3194 597 ἠπάτησέ
3235 540 3313 594 με
3348 540 3361 556 ⁸
3409 527 3437 577 ὁ
3470 523 3526 577 δὲ
3565 524 3738 592 ’Λδαμ

466 640 573 676 nou
615 622 770 685 dicit,
800 622 996 675 Mulier
1048 621 1305 689 imposuit
1336 621 1469 674 mihi
1496 639 1510 675 :
1542 620 1659 685 sed,
1696 620 1854 675 Dedit
1885 621 2039 674 mihi.

2181 628 2207 676 ὑ
2242 624 2410 691 λέγει,
2452 627 2532 677 ὅτι
2575 625 2641 676 Ἦ
2675 624 2810 691 γυνὴ
2862 621 3111 690 ἠπάτησέ
3151 636 3236 688 με,
3270 616 3384 670 ἀλλ’
3412 616 3495 669 ὅτι
3529 616 3740 668 Ἔδωκε

467 716 583 771 Non
623 723 707 769 est
743 723 922 767 autem
962 714 1171 782 aequale
1234 713 1554 784 persuaderi
1585 714 1653 766 ab
1681 698 2047 781 ejusdem-ge-

2181 731 2264 767 ιοι.
2312 716 2426 767 Οὐκ
2465 714 2581 767 ἔστι
2633 714 2689 766 δὲ
2748 714 2861 764 ἴσον
2920 696 2982 763 τὸ
3019 710 3306 779 πεισθῆναι
3346 710 3597 776 ὁμογενεῐ
3648 713 3742 759 καὶ

459 808 613 861 neris
644 808 795 861 socio
830 814 883 859 et
924 804 1197 873 adjutore,
1228 814 1279 859 ct
1320 819 1349 858 a
1391 804 1571 858 bellua
1605 818 1762 858 serva
1804 811 1858 857 et
1916 802 2048 858 sub.

2181 805 2353 875 ιοηθῷ,
2380 806 2475 858 καὶ
2502 804 2562 858 τὸ
2587 804 2880 872 πεισθῆναι
2909 801 3083 872 θηρίῳ
3110 800 3282 869 δούλῳ
3328 800 3422 852 καὶ
3475 799 3742 875 ὑποτετατ

459 899 628 970 jccta.
670 898 800 951 Illud
833 897 1018 967 itaque
1050 897 1386 966 dcccptiouis
1414 896 1539 951 fuit.
1571 896 1652 951 Ad
1677 896 2047 965 comparatio-

2181 897 2360 966 μένῳ.
2399 896 2561 948 Ὥστε
2615 897 2790 947 ἐκεῖνο
2838 889 3251 962 ἀπάτης.’Πρδς
3307 891 3407 960 τὴν
3449 890 3741 959 σΰγκρισιν

464 1005 588 1042 ιιοιιι
625 988 789 1057 igitur
819 987 1052 1053 feminas,
1085 988 1217 1042 dicit
1247 988 1425 1056 ipsum
1452 1003 1556 1041 non
1583 1003 1704 1042 esse
1735 989 2051 1056 deceptum;

2181 983 2249 1038 ιῦν
2279 985 2379 1055 τῆς
2408 984 2686 1052 γυναικὸς,
2750 983 2913 1035 αὐτόν
2953 999 3083 1050 φησι
3133 980 3208 1050 μὴ
3253 978 3567 1047 ἠπατῆσθαι
3624 975 3738 1029 ἀλλ’

466 1080 575 1133 imo
600 1095 696 1133 nec
733 1079 905 1132 Adam
962 1079 1182 1148 quidem
1255 1079 1461 1149 lignum
1487 1079 1650 1148 viditb
1673 1079 1816 1148 quod
1849 1080 2053 1133 bonum

2181 1075 2333 1128 ,ὑδὲὸ
2378 1075 2552 1144 Ἀδὰμ
2582 1068 2691 1125 εἶδε
2734 1073 2796 1125 τὸ
2835 1071 2989 1135 ξύλον
3033 1071 3115 1123 ὅτι
3161 1069 3327 1122 καλὸν
3384 1071 3462 1130 εἰς
3516 1066 3740 1138 βρῶσιν,

466 1182 611 1228 esset
633 1174 698 1225 ad
727 1174 933 1237 cibum,
957 1171 1051 1226 sed
1074 1172 1270 1226 mulier
1292 1172 1968 1242 conspicatazseduetaest,
1993 1184 2058 1224 ac

2181 1168 2275 1220 ιλλ*
2309 1169 2342 1237 ἠ
2372 1169 2512 1235 γυνὴ
2545 1165 2751 1231 ἰδοῦσα,
2785 1163 3066 1235 ἠπατήθη,
3102 1159 3203 1215 εἷθ’
3228 1160 3401 1224 οὕτως
3442 1161 3609 1213 ἔδωκε
3643 1160 3742 1213 καὶ

469 1262 662 1316 deinde
688 1263 802 1315 viro
819 1262 989 1316 dedit.
1014 1262 1107 1316 Illa
1132 1261 1359 1331 itaquca
1381 1262 1679 1330 cupiditate
1703 1260 1922 1315 seducta
1954 1269 2057 1322 est,

2181 1261 2237 1331 τῷ
2272 1259 2445 1331 ἀνδρί.
2478 1259 2641 1311 ’Ὥστε
2675 1257 2858 1327 ἐκείνη
2900 1255 2996 1326 μὲν
3029 1255 3135 1307 ἀπὸ
3159 1255 3256 1323 τῆς
3285 1252 3581 1322 ἐπιθυμίας
3607 1268 3741 1334 παρα

466 1355 512 1406 is
548 1368 719 1405 verna
753 1354 977 1406 muliere
1003 1368 1299 1422 persuasus
1330 1360 1435 1406 cst.
1471 1352 1609 1405 Dicit
1643 1351 1846 1422 igitur:
1879 1349 2061 1404 Semel

2181 1351 2339 1422 ἤχθη·
2402 1345 2556 1413 οὗτος
2581 1351 2637 1403 δὲ
2697 1352 2764 1421 τῇ
2824 1347 3045 1417 γυναικὶ
3100 1345 3351 1415 ἐπείσθη.
3398 1344 3566 1413 Φησὶν
3621 1338 3739 1405 οὖν,

467 1438 661 1492 mulier
695 1439 907 1498 docuit,
934 1447 988 1492 et
1020 1456 1212 1493 omnes
1240 1440 1511 1494 subvertit
1540 1459 1554 1495 ς
1582 1441 1681 1495 hoc
1706 1448 1930 1510 propter
1955 1455 2061 1494 non

468 1532 841 1585 ilneeatscxns
874 1532 996 1585 iste.
1032 1531 1192 1587 Levis
1225 1533 1367 1586 enim
1396 1544 1503 1598 est,
1539 1542 1593 1588 et
1625 1533 1781 1587 facile
1808 1533 2060 1602 suscipit.

469 1623 632 1693 364.
653 1623 913 1692 facileque
929 1624 1102 1695 decipi
1127 1626 1574 1694 potest.0bserva
1587 1627 1730 1680 enim
1753 1644 1766 1681 :
1786 1641 1893 1680 non
1906 1625 2064 1689 dixit,

472 1716 582 1769 Eva
619 1717 870 1783 decepta:
902 1716 1019 1777 sed.
1051 1716 1274 1780 Mulier,
1312 1717 1378 1772 de
1404 1718 1524 1786 ipso
1572 1718 1824 1773 videlicet
1869 1718 2067 1771 mulie-

472 1802 555 1855 bri
593 1817 722 1855 sexu
763 1803 1072 1872 disputans.
1108 1803 1342 1860 Pcriudc
1373 1820 1613 1877 namque
1667 1813 1726 1861 ut
1787 1808 1843 1860 iu
1882 1805 2056 1860 Adam

2164 1446 2247 1497 ὅτι
2279 1443 2463 1509 Ἀπαξ
2499 1442 2734 1506 ἐδίδαξεν
2762 1443 2796 1511 ή
2820 1439 2978 1510 γυνὴ,
3011 1437 3109 1492 καὶ
3132 1438 3341 1498 πάντας
3376 1432 3706 1503 κατέστρεψε
3724 1449 3739 1464 ·

2168 1536 2258 1590 διὰ
2298 1535 2454 1588 τοῦτο
2516 1533 2591 1603 μὴ
2620 1532 2919 1586 διδασκέτω
2978 1533 3039 1583 τὸ
3091 1531 3245 1598 γένος
3267 1530 3348 1560 ⁸³·
3381 1527 3582 1595 κοῦρον
3633 1526 3741 1594 γάρ

2167 1629 2284 1680 ὲστι
2339 1627 2432 1679 καὶ
2492 1626 2921 1695 εὐπαρὰδεκτον,
2976 1625 3072 1676 καὶ
3132 1623 3554 1691 εὐπαράγωγον.
3601 1619 3742 1688 Ὅρα

2172 1720 2304 1789 γὰρ,
2345 1720 2446 1772 οὐκ
2486 1712 2675 1771 εἶπεν·
2724 1716 2791 1768 Ἥ
2841 1716 2896 1768 δὲ
2929 1714 3040 1768 Εὕα
3087 1715 3481 1779 ἀπατηθεῖσα,
3515 1710 3629 1763 ἀλλ’
3676 1708 3744 1761 'II
3832 1738 3835 1739 ν

2173 1810 2351 1883 γυνή,
2386 1812 2515 1881 περὶ
2544 1810 2716 1879 αὐτῆς
2748 1812 2847 1881 τῆς
2885 1807 3206 1876 γυναικείας
3252 1805 3465 1874 φύσεως
3496 1802 3743 1869 διαλεγό-

475 1899 586 1943 tcta
621 1902 815 1947 natura
847 1894 1200 1959 moriebatur,
1268 1898 1350 1950 sic
1409 1912 1505 1966 per
1566 1896 1731 1951 Evam
1761 1897 1817 1951 in
1872 1913 2065 1954 omnes

2181 1921 2354 1974 μενος.
2389 1904 2602 1972 Ὥσπερ
2630 1900 2737 1971 γὰρ
2763 1901 2823 1953 ὲν
2849 1899 2925 1969 τῷ
2959 1898 3130 1967 ’Λδὰμ
3188 1898 3336 1949 πᾶσα
3362 1898 3395 1965 ἡ
3431 1895 3592 1963 φύσις
3622 1892 3753 1945 ἀπέ-

479 1982 734 2039 tnulieres
822 1985 1015 2039 levitas
1072 1987 1347 2055 pervasit;
1409 2002 1505 2057 per
1561 2004 1723 2058 quam
1795 1989 2069 2044 levitatem

477 2088 612 2127 sane
694 2075 813 2143 ipsa
897 2078 1268 2148 transgressio
1351 2079 1531 2133 locum
1608 2080 1800 2135 habuit
1849 2080 1907 2135 in
1961 2080 2070 2134 Eva

474 2181 732 2235 primum.

552 2258 720 2315 Vens.
748 2260 835 2315 13.
863 2261 1174 2316 Saluabitur
1197 2271 1373 2318 autem
1395 2280 1487 2331 per
1510 2265 1749 2334 ﬁliorum
1774 2266 2070 2335 generatio-

485 2368 623 2405 nem.
658 2351 832 2418 Quae?
858 2353 1078 2406 Evane?
1132 2352 1272 2419 Non,
1306 2354 1400 2409 sed
1428 2356 1646 2417 mulier,
1676 2356 1729 2409 id
1765 2366 1870 2419 est,
1907 2372 2073 2412 sexus

495 2444 799 2498 muliebris.
822 2442 899 2498 Nc
921 2446 1319 2499 contristemini
1354 2428 1532 2512 enim,
1564 2446 1763 2516 inquit,
1796 2462 1829 2501 ο
1881 2449 2074 2502 mulie-

493 2549 623 2590 res:
658 2533 804 2587 dedit
840 2536 995 2589 vobis
1029 2535 1170 2591 Deus
1201 2537 1547 2591 occasionem
1587 2539 1806 2605 salutis,
1839 2538 2071 2592 tiliorum

484 2623 894 2694 generationem
924 2642 936 2677 :
965 2624 1066 2678 hoc
1097 2636 1203 2688 est,
1237 2635 1297 2681 ut
1330 2628 1574 2681 sobolem
1608 2637 1754 2683 recte
1800 2630 2066 2685 educctis.

493 2716 614 2770 Non
649 2717 795 2769 enim
835 2719 972 2772 satis
1001 2729 1084 2772 est
1116 2718 1362 2787 gignere,
1396 2734 1585 2773 verum
1609 2722 1773 2774 etiam
1813 2722 2073 2776 institue-

486 2823 592 2864 re:
651 2809 767 2864 haec
822 2812 968 2864 enim
1018 2826 1205 2864 revera
1255 2812 1553 2866 liberorum
1636 2821 1719 2867 est
1772 2815 2071 2884 generatio.

497 2902 595 2956 Sin
627 2903 832 2967 minus,
861 2917 966 2956 non
1003 2903 1305 2958 liberorum
1335 2905 1618 2973 generatio
1647 2915 1754 2970 est,
1814 2907 1909 2961 sed
1972 2920 2070 2976 pro

486 2993 789 3047 liberorum
850 2995 1208 3063 corruptione
1273 2995 1565 3050 habebitur
1593 2998 1647 3049 in
1717 2998 2068 3052 mulieribus.

492 3082 635 3150 Quid
691 3083 857 3153 igitur
906 3084 975 3139 de
1038 3085 1343 3155 virginibus
1396 3086 1543 3141 tlet?
1596 3085 1727 3158 qttid
1761 3087 1828 3142 de
1855 3089 2073 3145 viduis?

494 3174 822 3245 perierunt?
891 3172 1327 3243 Haudquaquam
1363 3192 1377 3228 :
1408 3190 1515 3230 nou
1547 3175 1653 3231 hoc
1710 3176 1863 3242 dicit,
1924 3179 2067 3248 quod

495 3282 559 3319 ei
582 3266 798 3335 propria
829 3265 1035 3321 virtute
1069 3280 1177 3320 non
1208 3280 1518 3334 serventur,
1548 3266 1643 3323 sed
1675 3267 1823 3338 quod
1871 3270 2072 3324 libero-

500 3372 619 3411 rum
657 3357 917 3411 educatio
942 3358 1270 3413 mulieribus
1299 3360 1407 3413 erit
1435 3359 1658 3415 occasio
1688 3361 1903 3417 salutis.
1943 3360 2076 3417 Per-

499 3449 755 3517 spicuum
817 3450 962 3502 enim
1028 3457 1137 3513 est,
1168 3449 1317 3519 quod
1370 3450 1568 3505 mulier
1599 3451 1799 3507 virtute
1822 3452 2074 3522 pradita,

497 3539 705 3595 liberos
739 3541 903 3594 etiam
933 3541 984 3593 in
1015 3540 1221 3594 virtute
1244 3540 1461 3595 educat.
1498 3542 1736 3597 Proinde
1762 3544 1940 3599 virtus
1957 3559 2076 3614 quat

501 3633 576 3685 illi
652 3633 815 3687 insita
851 3643 955 3697 est,
994 3646 1165 3688 causa
1204 3644 1289 3688 est
1321 3634 1471 3689 illius
1533 3650 1654 3705 qua:
1717 3637 1770 3690 in
1834 3638 2078 3693 sobolem

506 3722 939 3778 trnnst‘umlitur.
1001 3723 1169 3793 Igitur
1223 3735 1277 3779 et
1336 3726 1492 3796 virgo
1546 3726 1841 3782 virtutibus
1890 3734 2082 3781 ornata

505 3817 645 3869 titra
681 3817 1120 3870 controversiam
1160 3816 1490 3871 servabitur.
1526 3814 1658 3871 Mihi
1689 3827 1873 3872 autem
1927 3818 2081 3872 vide-

505 3917 596 3964 tur
627 3909 774 3978 quod
810 3908 1261 3978 quandoquidem
1296 3908 1562 3963 vetuisset
1585 3923 1654 3962 ne
1696 3908 1896 3963 mulier
1922 3909 2084 3964 doce-

511 4009 612 4064 ret,
665 4001 829 4053 veluti
886 4013 1005 4052 eam
1059 4014 1207 4052 nunc
1269 3998 1567 4055 consolans
1614 3999 1781 4053 tradit
1843 3999 1892 4053 ei
1944 4014 2086 4069 quos

514 4090 756 4143 docebit.
792 4085 850 4142 Si
877 4087 1022 4141 enim
1051 4089 1252 4142 docere
1308 4088 1545 4157 expetis,
1586 4089 1812 4143 institue
1880 4089 2086 4142 liberos

505 4192 654 4237 tuos.
681 4179 938 4251 Nonnulli
969 4194 1119 4246 vero,
1158 4180 1300 4235 haud
1332 4181 1450 4235 scio
1482 4195 1588 4249 qua
1615 4180 1827 4234 ratione
1858 4195 2087 4251 persua-

511 4276 583 4340 si,
636 4291 732 4345 per
794 4275 1095 4329 liberorum
1152 4273 1564 4342 generationem
1622 4273 1770 4326 illam
1842 4272 2086 4341 Dcipara:

518 4365 765 4435 Virginis
810 4366 1151 4420 intellexere.
1214 4363 1334 4433 Ipsa
1390 4367 1535 4419 enim
1566 4365 1750 4434 genito
1787 4364 2085 4419 Servatore

510 4460 690 4513 salias
723 4458 980 4519 reddidit,
1015 4457 1297 4527 inquiunt,
1333 4457 1611 4512 mulieres.
1638 4455 1960 4525 liujusmodi
1991 4469 2089 4509 au-

513 4558 619 4603 tem
652 4552 892 4619 acceptio
923 4564 1047 4604 cum
1068 4549 1424 4617 sequentibus
1447 4550 1671 4603 omnino
1690 4564 1797 4602 non
1826 4548 2085 4602 cohaeret.

2176 1994 2431 2066 θνησκεν,
2454 1993 2598 2046 οὕτω
2627 1992 2724 2045 καὶ
2754 1991 2846 2044 ἐπὶ
2883 1990 2983 2053 τὰς
3010 1991 3274 2058 γυναῖκας
3309 1989 3487 2050 πάσας
3519 1986 3609 2038 διὰ
3648 1985 3751 2054 τῆς

2174 2088 2318 2151 Εὔας
2344 2089 2382 2159 ἠ
2414 2086 2683 2154 κουφότης
2733 2082 2886 2152 διέϐη
2908 2096 2923 2111 '
2949 2080 3016 2134 δι’
3037 2081 3103 2150 ἣν
3128 2080 3439 2149 κουφότητα
3469 2079 3562 2131 καὶ
3585 2078 3619 2147 ἡ
3648 2094 3755 2129 πα-

2177 2179 2408 2252 ράϐασις
2441 2179 2498 2229 ὲν
2519 2177 2657 2246 αὐτῇ
2680 2174 2873 2246 πρώτῃ
2904 2177 2971 2245 τῇ
3009 2172 3123 2242 Εὔα
3153 2172 3337 2242 χώραν
3358 2170 3533 2240 ἔσχεν.

2245 2269 2586 2338 Σωθήσεται
2635 2267 2704 2319 δὲ
2749 2265 2847 2320 διὰ
2896 2265 3006 2333 τῆς
3053 2264 3459 2333 τεκνογονίας.
3506 2262 3644 2329 Τξ;;
3689 2262 3758 2313 Ἠ

2175 2362 2319 2430 Εὗα;
2375 2364 2533 2432 Οὐχὶ,
2593 2360 2708 2414 ἀλλ’
2759 2361 2793 2431 ἡ
2852 2358 3013 2429 γυνὴ,
3052 2357 3359 2419 τουτέστιν,
3398 2358 3431 2426 ἠ
3466 2357 3763 2424 γυναικεία

2177 2455 2358 2525 φύσις.
2390 2454 2480 2523 Μὴ
2510 2452 2618 2522 γὰρ
2648 2450 2978 2518 κατηφιᾶτε,
3014 2447 3202 2517 φησιν,
3228 2440 3273 2499 ὦ
3300 2449 3555 2514 γυναῖκες
3577 2461 3590 2475 ο
3623 2445 3760 2499 ἔδω-

2177 2563 2272 2599 κεν
2312 2546 2441 2614 ὑμῖν
2478 2545 2505 2595 ὁ
2529 2541 2663 2604 Θεὸς
2721 2537 2978 2608 ἀφορμὴν
3035 2535 3334 2608 σωτηρίας,
3366 2533 3466 2605 τὴν
3508 2549 3766 2600 τεκνογο-

2176 2640 2296 2694 νίαν
2316 2654 2330 2667 ⁸
2360 2637 2634 2700 τουτέστι,
2666 2633 2727 2687 τὸ
2755 2633 2824 2687 τὰ
2855 2630 3184 2702 γεννηθέντα
3204 2629 3507 2700 ἀναθρέψαι
3541 2630 3722 2691 καλῶς
3744 2646 3761 2660 ο

2176 2731 2237 2784 οὺ
2277 2730 2384 2800 γὰρ
2428 2729 2689 2797 γεννῆσαι
2748 2725 2909 2796 μόνον
2958 2722 3060 2787 δεῖ,
3111 2721 3248 2777 ἀλλὰ
3302 2723 3395 2775 καὶ
3446 2721 3764 2777 παιδεῦσαι.

2177 2822 2348 2876 Τοῦτο
2379 2820 2488 2889 γὰρ
2528 2820 2698 2881 ὅντως
2747 2815 3064 2883 τεκνογονια
3085 2830 3097 2843 ’
3131 2813 3244 2866 εἶδ’
3277 2812 3362 2877 οὒ,
3389 2814 3488 2867 οὐκ
3527 2812 3642 2866 ἐστι
3675 2829 3768 2865 τεε-

2178 2914 2455 2982 xve-(avia,
2508 2911 2645 2964 ἀλλὰ
2672 2908 3032 2978 τεκνοφθορία
3064 2907 3220 2959 ἔσται
3271 2907 3388 2968 ταῖς
3423 2901 3658 2973 γυναιξί.
3698 2902 3769 2955 Τί

2178 3007 2273 3061 οὖν
2306 3008 2361 3059 αἱ
2393 3004 2693 3074 παρθένοις
2741 3003 2792 3056 τι
2824 3001 2880 3055 δὲ
2913 3004 2970 3053 αἱ
3023 3002 3269 3070 στεῖραι;
3302 2997 3618 3051 ἀπολώλασι
3648 2994 3769 3049 λοι-

2179 3100 2308 3164 πόν;
2348 3099 2586 3165 Ἀπαγε,
2637 3098 2699 3149 οὐ
2727 3094 2889 3147 τοῦτό
2922 3108 3108 3163 φησιν,
3139 3093 3221 3145 ὅτι
3259 3092 3317 3158 ἐξ
3337 3091 3542 3153 οἰκείας
3564 3089 3774 3159 ἀρετῆς

2180 3193 2242 3247 οὑ
2275 3191 2639 3263 σωθήσονται,
2678 3187 2794 3242 ἀλλ’
2840 3187 2923 3239 ὅτι
2981 3186 3074 3238 καὶ
3106 3183 3582 3255 ητεκνοτροφία⁹³
3611 3182 3773 3236 ἔσται

2181 3287 2301 3347 ταῖς
2332 3283 2550 3353 γυναιξὶ
2581 3283 2856 3352 πρόφασις
2892 3280 3188 3351 σωτηρίας.
3245 3279 3518 3349 Πρόδηλον
3546 3277 3655 3347 γὰρ
3682 3277 3772 3330 ὅτι

2184 3376 2439 3446 ἐνάρετος
2460 3373 2596 3428 οὖσα
2628 3377 2661 3445 ἡ
2700 3374 2861 3445 γυνὴ,
2902 3373 3095 3444 τρέφει
3127 3377 3220 3425 καὶ
3251 3373 3320 3425 τὰ
3350 3371 3518 3425 τέκνα
3547 3373 3604 3424 ἐν
3638 3370 3773 3441 ἀρε-

2186 3470 2275 3538 τῇ.
2315 3467 2478 3519 Ὥστε
2512 3467 2544 3535 ὴ
2579 3464 2982 3535 ὲναποκειμένη
3011 3464 3148 3532 αὐτῇ
3183 3460 3354 3533 ἁρετὴ
3379 3463 3523 3513 ποιεῖ
3548 3462 3643 3513 καὶ
3671 3458 3778 3529 τὴν

2186 3559 2265 3622 εἰς
2295 3558 2362 3611 τὰ
2393 3558 2560 3611 τέκνα
2589 3556 2988 3626 διαδιδομένην.
3026 3555 3172 3625 Ἀρα
3214 3549 3307 3606 οὖν
3330 3556 3424 3605 καὶ
3468 3554 3502 3623 ἡ
3561 3550 3779 3622 παρθέ-

2190 3665 2280 3710 νος
2314 3647 2514 3716 ἒχουσα
2549 3645 2774 3715 ἀρετὴν,
2808 3641 3196 3713 ἀναμφιϐόλως
3235 3639 3559 3708 σωθήσεται.
3615 3637 3786 3689 Δοκεῖ

2195 3756 2286 3809 μοι
2318 3737 2376 3790 δὲ
2399 3737 2481 3789 ὅτι
2518 3736 2614 3789 καὶ
2636 3734 2825 3805 ἐπειδὴ
2867 3733 3109 3786 ἐκώλυσε
3155 3731 3255 3801 τὴν
3284 3731 3519 3798 γυναῖκα
3568 3725 3664 3781 τοῦ
3694 3727 3783 3780 δι·-

2192 3829 2434 3890 δάσκειν,
2477 3826 2555 3889 ὡς
2613 3825 2681 3880 ἂν
2713 3827 2763 3878 ει
2817 3822 3320 3896 παραμυθούμενος
3352 3821 3542 3890 αὐτὴν,
3570 3818 3665 3872 νῦν
3699 3818 3789 3871 δί-

2197 3919 2360 3973 δωσιν
2392 3921 2528 3991 αὐτῇ
2568 3918 2663 3981 οὓς
2692 3917 2915 3983 διδάξει.
2943 3916 3006 3969 Εἰ
3028 3918 3138 3986 γὰρ
3165 3915 3451 3984 ἐπιθυμεῖς
3478 3912 3785 3975 διδάσκειν,

2197 4012 2407 4078 δίδαξον
2434 4014 2501 4064 τὰ
2534 4010 2719 4065 τέκνα.
2746 4010 2903 4073 Τινὲς
2954 4007 3032 4074 δὲ,
3070 4008 3172 4060 οὐκ
3231 4002 3327 4059 οἷδ’
3387 4007 3553 4071 ὅπως,
3584 4019 3792 4057 τεκνο-

2197 4105 2386 4173 γονίαν
2472 4103 2705 4173 ἐνόησαν
2775 4102 2875 4170 τὴν
2938 4100 3036 4168 τῆς
3098 4097 3386 4150 Θεοτόκου.
3455 4093 3603 4164 Αὕτη
3668 4092 3790 4163 γὰρ

2195 4197 2506 4266 γεννήσασα
2536 4195 2627 4247 τὸν
2675 4191 2928 4261 Σωτῆρα,
2962 4191 3156 4253 ἔσωσε,
3182 4188 3335 4255 φασὶ,
3366 4185 3463 4249 τὰς
3494 4188 3789 4251 γυναῖκας-

2199 4288 2525 4340 Παντάπασι
2562 4285 2619 4336 δὲ
2645 4284 3023 4353 ὰσυνάρτητος
3055 4280 3191 4350 πρὸς
3223 4281 3289 4334 τὰ
3326 4277 3454 4348 ἑξῆς
3485 4279 3517 4348 ἡ
3554 4277 3789 4350 τοιαύτη

2198 4378 2394 4447 ἐκδοχή
2412 4376 2478 4429 ν’.
2526 4376 2727 4428 Ἀκουε
2749 4374 2880 4443 γάρ.

546 4626 551 4631 ’
590 4643 653 4696 Si
681 4646 1064 4712 permanserint
1093 4645 1146 4697 in
1171 4645 1297 4713 ﬁde.
1322 4644 1446 4699 Filii
1476 4644 1754 4711 videlicet,
1788 4643 1833 4698 si
1860 4656 2074 4697 conser-

2284 4643 2427 4721 ᾟὰν
2449 4643 2743 4711 μείνωσιν
2786 4642 2855 4694 ἑν
2879 4639 2953 4708 τῇ
2981 4640 3201 4695 πίστει.
3231 4640 3311 4693 Tit
3342 4656 3528 4702 τεκνοι,
3561 4636 3655 4692 ἐὰν
3684 4656 3788 4708 φυ-

516 4736 699 4789 variut
733 4752 916 4789 veram
949 4734 1107 4791 ﬁdem
1144 4746 1310 4807 atque
1337 4736 1663 4791 doctrinam.

2201 4737 2403 4803 λάξωσι
2433 4735 2530 4803 τὴν
2560 4736 2758 4802 εὐσεϐῆ
2788 4735 2971 4786 πίστιν
2994 4735 3039 4766 ⁸⁵
3081 4736 3172 4786 καὶ
3204 4735 3272 4785 τὰ
3298 4733 3566 4801 δόγματα.

596 4827 658 4882 El
697 4827 979 4882 charitate.
1010 4828 1126 4883 Hoc
1145 4836 1251 4893 est,
1286 4838 1431 4882 recta
1455 4830 1584 4883 vita.
1611 4827 1732 4883 Non
1761 4829 1906 4884 enim
1963 4830 2065 4885 sati

2274 4830 2383 4884 Καὶ
2422 4827 2495 4896 τῇ
2526 4824 2747 4897 ἀγάπῃ.
2775 4826 3058 4886 Τουτέστι,
3110 4823 3190 4892 τῷ
3238 4823 3382 4894 ὀρθῷ
3417 4824 3536 4893 βίῳ.
3570 4824 3642 4878 Οὐ
3675 4822 3787 4892 γὰρ

521 4932 599 4977 est
625 4921 757 4975 ﬁdes
782 4938 794 4974 :
819 4934 979 4990 caput
1008 4931 1184 4976 autem
1211 4930 1265 4977 et
1296 4921 1420 4977 fons
1451 4930 1613 4977 recta:
1652 4921 1774 4976 vita:
1802 4929 1885 4976 est
1914 4922 2066 4976 chari

2205 4924 2367 4994 ἀρκεῖ
2418 4925 2452 4994 ἡ
2506 4923 2710 4986 πίστις,
2764 4922 2826 4974 τὺ
2878 4920 3175 4992 κεφάλαιον
3227 4920 3283 4973 δὲ
3313 4919 3407 4972 καὶ
3441 4920 3474 4989 ἡ
3511 4920 3789 4989 πηγὴ.τοῦ

519 5023 628 5067 tas.
2205 5017 2371 5089 ὀρθοὖ
2408 5017 2547 5087 βίου,
2585 5017 2617 5080 ἡ
2651 5016 2862 5084 ἀγάπη.

595 5106 1115 5173 Etsanctiﬁcatione
1168 5122 1288 5159 cum
1350 5105 1657 5159 sobrietate.
1699 5102 2072 5158 Sanctiiicatio

2284 5108 2396 5163 Καὶ
2427 5106 2506 5172 τῷ
2532 5106 2806 5177 ἁγιασμῷ
2831 5105 2981 5176 μετὰ
3003 5108 3426 5176 σωφροσύνης.
3495 5106 3793 5177 Ἀγιασμδν

539 5209 660 5247 nem
697 5189 958 5264 corporis
993 5197 1285 5265 puritatem
1321 5196 1579 5264 appellat.
1611 5194 1751 5258 Quia
1784 5203 1963 5248 autem
1992 5207 2074 5248 n01

2212 5203 2310 5275 τὴν
2341 5202 2694 5272 καθαρότητα
2738 5199 2833 5252 τοῦ
2891 5198 3146 5270 σώματός
3191 5217 3377 5268 φησιν.
3445 5199 3599 5253 Ἐπεὶ
3644 5199 3699 5252 δὲ
3728 5200 3791 5250 οὐ

531 5298 722 5338 Omnes
758 5293 886 5339 sunt
911 5286 1173 5356 virgines,
1208 5288 1483 5354 apposuit,
1510 5301 1627 5339 cum
1668 5287 2074 5342 sobrietatem)

2218 5297 2422 5357 πάντες
2483 5293 2762 5363 παρθένοι,
2791 5292 3129 5361 προσέθηκε,
3170 5292 3320 5361 μετὰ
3359 5293 3788 5361 σωφροσύνης.

532 5374 777 5443 φροσύνη
805 5378 953 5429 enim
984 5377 1188 5430 dicitur
1211 5377 1278 5431 de
1303 5377 1371 5429 iis
1401 5377 1492 5446 qui
1530 5377 1768 5447 legitime
1829 5379 1882 5432 in
1915 5379 2074 5432 matri

2213 5385 2546 5457 Σωφροσύνη
2597 5386 2709 5455 γὰρ
2752 5384 2972 5452 λέγεται
3026 5384 3117 5436 ἐπὶ
3174 5384 3283 5438 τῶν
3336 5385 3578 5454 ἐννόμως
3630 5383 3793 5453 γάμῳ

530 5471 716 5523 tnouio
751 5483 1154 5526 conversautur
1215 5473 1338 5527 :vel
1375 5473 1729 5545 σωφροσύνην
1784 5477 2074 5530 munditier

2215 5478 2764 5550 τροσομιλησάντων’
2801 5477 2832 5547 ἢ
2871 5477 3232 5548 σωφροσύνην
3282 5476 3470 5539 ἁπλῶς

528 5561 854 5631 simpliciter
878 5564 1031 5619 dicit.
1059 5563 1198 5631 Quid
1228 5564 1394 5636 igitur
1424 5567 1469 5622 si
1503 5576 1676 5623 mater
1702 5568 1843 5622 mala
1903 5569 2074 5624 libero

2225 5572 2498 5643 σμιότητά
2552 5589 2706 5643 φησι.
2745 5571 2811 5625 Τί
2863 5566 2956 5625 οὖν
2988 5572 3054 5626 ἂν
3085 5573 3118 5641 ἡ
3146 5572 3332 5641 μήτηρ
3371 5570 3516 5641 κακὴ
3544 5566 3679 5624 οὖσα
3706 5585 3799 5622 κα-

3555 5477 3652 5546 τὴν
3700 5492 3795 5528 κο-

1872 5729 2071 5792 Variae
2104 5731 2437 5794 lectiones.

606 5851 651 5883 ⁸⁸
683 5850 743 5905 τὸ
776 5850 932 5920 γένος
963 5848 1072 5903 τῶν
1096 5853 1374 5920 γυναικῶν
1407 5869 1482 5910 m.
1582 5855 1629 5887 ”
1658 5854 1987 5926 τεκνοφορία
2022 5872 2076 5913 o.
2155 5860 2201 5894 ³³
2228 5859 2542 5932 παρεκῑοχὴ
2570 5874 2623 5913 υ.
2707 5859 2754 5891 ³⁵
2782 5856 3067 5912 εὐσέϐειαν
3098 5859 3198 5929 τῆς
3232 5859 3470 5925 πίστεως
3501 5876 3574 5918 m.
