4078 6408
466 377 540 472 Αἴξ
1415 404 1987 464 THEOPHYLACTI
2031 405 2440 466 BULGARL’E
2476 407 2829 467 ARCIIIEP.
3653 407 3722 473 41

533 519 943 582 'I'cmperantcm.
984 511 1096 566 Hoc
1123 519 1207 566 est
1240 511 1603 566 moderatum.

531 613 810 661 (ti-natum.
849 604 957 657 Hoc
985 613 1066 658 est
1097 605 1419 674 gravitatem
1454 619 1562 674 prau
1584 619 1642 656 se
1676 601 1960 658 ferentem.

523 698 686 769 566
709 695 1058 764 Hospitalem.
1086 693 1139 748 Si
1172 694 1315 748 enim
1350 693 1619 763 indigenis
1651 702 1859 746 tantum
1891 709 2038 746 com-

457 793 660 854 modat,
685 787 881 842 aﬂ'ectu
909 787 1138 842 laborat.
1167 786 1390 856 Oportet
1410 772 1573 855 igitur
1589 799 1710 838 eum
1731 797 1856 853 erga
1884 797 2040 852 pere»

457 886 644 954 gt'inos
696 879 1070 934 candidiorem
1117 893 1290 932 esse:
1346 879 1448 930 hoc
1497 876 1642 930 enim
1701 875 1939 928 maxime
1969 876 2036 928 ad

456 979 756 1031 fraternam
790 973 1116 1028 charitatem
1145 969 1360 1024 attinet.

528 1070 828 1124 Doctorem.
864 1067 994 1132 Quae
1033 1079 1198 1133 supra
1252 1064 1396 1117 dicta
1451 1069 1602 1128 sunt,
1651 1061 1814 1116 etiam
1845 1075 1873 1115 a
1907 1060 2038 1116 sub-

453 1163 582 1219 ditis
637 1163 967 1232 exiguntur;
1005 1160 1106 1213 hoc
1166 1172 1291 1212 vero
1342 1159 1575 1210 maxime
1630 1157 1875 1211 omnium
1919 1153 2037 1224 epi-

453 1269 617 1323 scopo
656 1252 849 1307 adesse
883 1249 1160 1304 convenit.

525 1348 694 1402 Vsus.
723 1346 776 1399 ’5.
821 1342 946 1398 Νοη
994 1341 1340 1396 vinolentum.
1397 1339 1513 1393 Non
1552 1338 1907 1395 terrulentum
1948 1336 2034 1391 hic

454 1441 610 1503 dicit,
644 1437 736 1493 sed
771 1437 1099 1506 iniuriosum
1129 1443 1184 1489 et
1218 1433 1538 1502 superbum.

531 1528 653 1583 Non
704 1541 1080 1598 percussorem.
1138 1522 1254 1577 Non
1296 1541 1420 1577 eutn
1486 1524 1577 1593 qui
1636 1522 1892 1576 manibus
1929 1534 2035 1573 non

463 1622 647 1688 feriat,
681 1619 834 1686 dicit,
873 1617 964 1673 sed
993 1633 1117 1674 cuin
1161 1618 1249 1688 qui
1282 1617 1591 1685 importune
1617 1616 1774 1670 feriat
1807 1613 2034 1668 fratrum

453 1712 870 1768 conscientiam.

531 1803 635 1859 Sed
697 1797 1010 1866 modestum,
1083 1815 1185 1853 non
1244 1799 1554 1870 litigiosum,
1623 1814 1723 1851 non
1792 1813 2032 1854 avarum.

460 1893 627 1948 Docet
657 1893 931 1964 quomodo
969 1907 1074 1946 non
1109 1891 1180 1946 sit
1247 1891 1554 1944 vinolentus
1581 1888 1659 1944 vel
1693 1903 1986 1958 percussor
2022 1907 2034 1942 :

461 1990 516 2041 Si
577 1987 879 2051 modestus,
933 1984 1134 2052 inquit,
1193 1981 1355 2035 fuerit
1392 1989 1446 2034 et
1502 1996 1531 2034 a
1584 1995 1762 2052 pugna
1802 1980 2034 2034 alienus.

459 2079 728 2145 Quoniam
785 2092 913 2130 vero
966 2090 1131 2143 supra
1194 2073 1355 2138 dixit,
1418 2071 1562 2141 quod
1625 2079 1875 2141 oporteat
1911 2085 2035 2123 eum

457 2186 578 2224 8:50
631 2167 978 2238 hospitalem,
1043 2178 1188 2218 nunc
1220 2162 1392 2226 addit,
1426 2178 1534 2216 non
1577 2176 1825 2226 avarum,
1871 2161 2034 2217 simul

459 2260 680 2330 quidem
741 2257 969 2320 docens,
1028 2257 1152 2325 quis
1204 2256 1278 2309 sit
1331 2254 1638 2324 hospitalis,
1690 2267 1885 2322 nempe
1943 2253 2034 2321 qui

459 2369 564 2408 non
618 2360 704 2406 est
759 2364 1006 2403 avarus:
1073 2347 1237 2401 simul
1301 2360 1429 2400 vero
1485 2353 1544 2400 ut
1607 2361 1716 2400 non
1771 2354 2035 2415 praetextu

458 2444 733 2513 hospitum
759 2456 890 2511 opes
917 2440 1157 2510 colligat.
1687 2422 1703 2438 “

533 2535 700 2590 Vsus.
764 2533 817 2587 4.
876 2531 980 2598 Qui
1013 2547 1121 2585 suae
1172 2529 1355 2585 domui
1392 2528 1514 2583 bene
1557 2529 1760 2600 pra’sit.
1824 2527 1936 2583 Hoc
1985 2537 2039 2583 et

459 2640 712 2684 auctores
769 2627 938 2683 exteri
992 2625 1203 2690 dicttnt,
1239 2622 1384 2692 quod
1418 2624 1463 2678 is
1517 2623 1609 2693 qui
1666 2622 2040 2678 meonomicus

457 2722 548 2787 sit,
587 2719 728 2774 idem
757 2718 921 2772 etiam
949 2716 1206 2787 politicus
1237 2717 1347 2770 cito
1384 2716 1570 2772 fuerit.

527 2812 634 2878 Qui
667 2809 859 2864 liberos
907 2809 1099 2862 habent
1156 2810 1210 2860 in
1261 2807 1583 2876 snbjectione
1617 2823 1734 2860 cum
1772 2808 1916 2859 omni
1956 2823 2040 2860 ca-

453 2906 656 2959 stitate.
684 2899 904 2971 Oportet
935 2901 1076 2954 enim
1101 2915 1222 2954 cum
1256 2901 1554 2955 domestica
1591 2902 1829 2970 prmhere
1855 2917 2039 2955 exem-

457 2999 564 3066 pla.
601 2994 736 3062 Quis
772 2993 918 3048 enim
953 2993 1140 3046 credat
1194 3007 1318 3046 eum
1357 2995 1594 3047 alienant
1637 2992 2035 3060 subjei-turum,

457 3088 502 3140 si
574 3085 743 3138 libum
810 3097 919 3137 nou
982 3081 1239 3150 subjiciat
1273 3081 1607 3148 ?Quomodo
1663 3083 1800 3136 alios
1855 3095 2036 3136 castos

2067 525 2109 574 Α
2216 511 2523 580 Σώφρονα.
2558 512 2816 568 Τουτέστι
2849 514 3306 584 κατεσταλμένον.

2210 605 2499 672 Κόσμιον.
2526 610 2568 660 Τ
2572 609 2780 661 ουτέστι
2813 607 3189 676 σεμνοπρεπῆ.

2214 701 2563 762 Φιλίξενον.
2629 697 2688 750 Εἰ
2724 697 2832 767 γὰρ
2854 698 2963 759 τοῖς
2999 696 3286 766 αὐτόχθοσι
3316 698 3494 767 μόνοις
3525 698 3546 730 ³
3583 715 3720 769 χρη-

2143 789 2414 855 στεύεται,
2451 789 2777 861 προσπαθής
2829 791 2964 842 ἐστι.
3009 791 3100 842 Δεῖ
3127 785 3220 842 οὖν
3263 791 3343 852 είς
3381 789 3507 853 τοὺς
3539 789 3722 854 ξένους

2140 882 2302 935 αὑτὸν
2338 882 2710 953 ἁπλούστερον
2743 878 2883 936 εἶναι
2915 897 2930 912 ·
2958 879 3118 934 τοῦτο
3149 881 3257 950 γὰρ
3292 879 3528 950 μάλιστα
3567 879 3722 950 φιλά-

2141 973 2333 1043 δελφον
2355 977 2396 1030 ⁸.

2214 1066 2586 1121 Διδακτικόν.
2614 1065 2694 1121 τὰ
2756 1064 2854 1137 μὲν
2904 1063 3291 1137 προρρηθέντα
3340 1064 3432 1117 καὶ
3461 1064 3511 1117 οἱ
3558 1064 3723 1134 ἀρχο-

2143 1175 2294 1228 μενοι
2323 1156 2683 1211 ἀπαιτοῦνται
2710 1174 2724 1190 ο
2755 1155 2915 1210 τοῦτο
2943 1155 2997 1210 δὲ
3039 1155 3256 1210 πάντων
3283 1157 3513 1226 μάλιστα
3548 1173 3718 1228 προσ-

2141 1251 2276 1300 εῖιαι
2308 1249 2386 1300 δεῖ
2410 1248 2488 1318 τῷ
2520 1248 2826 1319 ὲπισκόπῳ.

2208 1339 2306 1406 Μὴ
2347 1338 2656 1406 πάροινον.
2695 1339 2768 1392 Οὐ
2811 1339 2900 1391 τὸν
2937 1339 2979 1370 ⁸⁸
3010 1339 3241 1408 μέθυσον
3289 1339 3521 1393 ἐνταῦθα
3546 1340 3717 1409 λέγει,

2140 1431 2275 1484 ἀλλὰ
2304 1431 2394 1485 τὸν
2426 1432 2708 1503 ὑϐριστὴν,
2739 1433 2828 1484 τὸν
2857 1432 3086 1502 αὐθάδη.

2209 1523 2306 1592 Μὴ
2335 1524 2634 1592 πλήκτην.
2667 1525 2740 1578 Ού
2778 1527 2868 1579 τδν
2914 1527 2989 1595 μὴ
3034 1527 3335 1596 πλήττοντα
3388 1528 3509 1590 ταῖς
3539 1529 3716 1599 χερσὶ,

2141 1618 2324 1686 φησὶν,
2363 1617 2498 1671 ἀλλὰ
2526 1618 2617 1671 τὸν
2646 1620 2720 1690 μὴ
2746 1621 3016 1691 εὖκαέρως
3050 1622 3088 1652 “
3110 1621 3410 1692 πλήττοντα
3433 1621 3540 1673 τῶν
3570 1621 3722 1673 ἀδελ-

2141 1708 2265 1778 φῶν
2295 1709 2391 1778 τὴν
2415 1710 2738 1781 συνείδησιν.

2229 1803 2380 1856 Ἀλλ’
2412 1801 2662 1870 ἐπιεικῆ,
2701 1804 2955 1874 ἄμαχον,
3007 1805 3436 1875 ἀφιλάργυρον.
3469 1806 3720 1860 Διδάσκει

2142 1894 2258 1956 πῶς
2278 1892 2343 1946 ἂν
2360 1895 2458 1947 οὐκ
2476 1895 2559 1966 εἴη
2580 1897 2833 1966 πάρονος
2851 1897 2969 1950 οὐδὲ
2993 1898 3240 1968 πλήκτης
3258 1911 3270 1926 ’
3298 1897 3426 1953 Ἐὰν
3447 1899 3720 1970 ἐπιεικὴς,

2142 1987 2293 2054 φησὶ,
2324 1988 2416 2039 καὶ
2470 1987 2684 2056 ἄμαχος
2725 1989 2830 2058 εἴη.
2885 1986 3038 2040 Ἐπεὶ
3072 1987 3127 2040 δὲ
3177 1982 3332 2041 εἶπεν
3364 1989 3496 2054 ἅνω,
3525 1989 3609 2042 ὅτι
3640 1989 3723 2041 δεῖ

2139 2079 2302 2132 αὑτὸν
2331 2073 2475 2133 εἶναι
2499 2079 2798 2146 φιλόξενον,
2844 2080 3170 2151 προστίθησι
3198 2079 3292 2132 νῦν
3327 2080 3388 2133 τὸ
3415 2080 3722 2150 ἀφιλάργυο

2141 2188 2254 2239 ρον,
2285 2170 2400 2239 ἅμα
2439 2169 2538 2239 μὲν
2567 2170 2835 2224 διδάσκων
2863 2179 2944 2235 τις
2980 2173 3127 2224 ἐστιν
3171 2173 3199 2225 6
3238 2171 3532 2241 φιλόξενος,
3573 2173 3655 2226 ὅτι
3693 2175 3722 2227 6

2137 2260 2506 2332 ἀφιλάργδρος
2530 2279 2542 2293 ·
2587 2263 2702 2332 ἃμα
2722 2264 2776 2316 δὲ
2799 2264 2892 2318 καὶ
2922 2263 3008 2317 ἵνα
3032 2265 3108 2335 μὴ
3134 2266 3405 2336 προφάσει
3422 2265 3530 2318 τῶν
3557 2265 3722 2330 ξένων

2139 2353 2467 2426 θησαυρίζει.

2217 2531 2328 2586 Τοῦ
2372 2532 2526 2588 ἰδίου
2570 2533 2743 2588 alno-ir
2778 2533 2977 2600 καλῶς
3042 2534 3502 2604 προϊστάμενον.
3550 2534 3724 2589 Τοῦτο

2139 2624 2233 2676 καὶ
2257 2625 2307 2677 οἱ
2338 2623 2539 2690 ἔξωθέν
2563 2643 2748 2694 φασιν,
2781 2625 2862 2680 ὅτι
2885 2629 2912 2680 6
2933 2627 3295 2697 οἰκονομικὸς,
3323 2628 3416 2679 καὶ
3444 2626 3721 2691 πολιτικὸς

2140 2714 2206 2769 ἂν
2231 2717 2440 2781 γένοιτο
2467 2717 2696 2786 ταχέως.

2214 2808 2398 2861 Τέκνα
2424 2807 2642 2878 ἔχοντα
2666 2808 2734 2861 ἐν
2759 2807 3030 2878 ὑποτατῇ
3081 2809 3231 2878 μετὰ
3270 2809 3474 2877 πάσης
3499 2815 3720 2880 σεμνό-

2138 2917 2337 2968 τητος.
2382 2903 2475 2953 Δεῖ
2503 2899 2610 2971 γὰρ
2632 2901 2842 2954 οἴκοθεν
2872 2900 3039 2955 αὐτὸν
3070 2900 3409 2972 παρέχεσθαι
3438 2901 3506 2956 τὰ
3541 2920 3720 2972 παρα-

2139 2993 2432 3064 δείγματα.
2494 2995 2590 3058 Τίς
2639 2996 2748 3063 γὰρ
2807 2995 3151 3049 πιστεύσειεν
3190 2995 3388 3050 ὃτιτὸν
3439 2995 3718 3065 ἀλλότριον

2141 3085 2426 3151 ὑποτάξει,
2482 3087 2510 3138 6
2573 3087 2664 3139 τὸν
2733 3087 2849 3138 υἱὸν
2907 3088 2980 3157 μὴ
3032 3086 3346 3152 ύποτὰξα;;
3384 3087 3504 3150 Πῶς
3527 3086 3720 3152 ἄλλους

456 3178 640 3245 faciet,
671 3176 762 3247 qui
797 3175 1019 3246 propria
1078 3175 1289 3229 viscera
1340 3174 1471 3229 sinit
1505 3173 1778 3244 impudice
1818 3174 2036 3228 vivere?

2143 3179 2359 3249 ποιήσει
2393 3180 2646 3248 σεμνοὺς,
2673 3181 2700 3231 6
2728 3179 2796 3231 τὰ
2847 3181 3022 3231 οἰκεῖα
3081 3178 3364 3248 σπλάγχνα
3391 3178 3558 3241 ἐάσας
3589 3178 3718 3230 ἀσέο

457 3271 649 3336 Porro,
688 3283 807 3321 cum
864 3263 1338 3329 omni'castitate,
1391 3265 1543 3331 dicit,
1605 3274 1658 3320 et
1711 3281 1832 3335 qua:
1880 3268 1949 3321 sit
1984 3265 2037 3318 in

455 3364 647 3420 verbo.
683 3369 736 3417 et
768 3361 978 3427 habitu,
1011 3368 1065 3414 et
1115 3375 1303 3430 opere,
1358 3369 1410 3413 et
1467 3361 1533 3414 ad
1594 3376 1814 3425 omnes,
1875 3369 1930 3414 ct
1985 3361 2037 3413 in

454 3457 602 3511 omni
632 3465 894 3524 tempore.

531 3550 696 3604 Vsus.
818 3545 876 3600 Si
906 3545 1020 3616 quis
1051 3555 1224 3597 autem
1247 3544 1428 3596 domm’
1463 3560 1573 3598 sua.-
1593 3560 1818 3612 priresse
1849 3547 2039 3611 nescit,

455 3639 720 3713 quomodo
754 3638 1003 3692 Ecclesia:
1053 3636 1147 3690 Dei
1205 3653 1387 3689 curam
1417 3637 1626 3690 habebit
1655 3638 1679 3690 ἒ)
1712 3635 1855 3692 Nihil
1892 3640 2036 3692 enim

455 3733 602 3790 aliud
653 3741 739 3788 est
777 3731 992 3795 domus,
1039 3744 1201 3800 quam
1257 3745 1422 3799 parva
1465 3729 1728 3785 Ecclesia.
1775 3730 1830 3786 Si
1873 3733 2039 3802 igitur

455 3823 686 3880 modica:
749 3833 804 3879 et
853 3821 1014 3877 facile
1066 3821 1511 3891 circumscriptili
1563 3834 1615 3877 et
1681 3824 2037 3893 cognoscibili

457 3935 564 3973 non
611 3917 786 3988 possit
834 3929 1094 3986 praeesse,
1126 3915 1400 3985 quomodo
1431 3923 1507 3970 tot
1550 3915 1860 3970 animarum
1909 3933 2038 3972 sen-

454 4011 680 4074 tentias,
711 4023 850 4079 quas
881 4021 1218 4077 cognoscere
1252 4022 1359 4060 non
1417 4009 1610 4076 poss't,
1661 4007 2039 4078 gubernabit?

456 4100 612 4154 Haud
638 4107 819 4154 autem
851 4100 950 4153 alis
980 4113 1038 4152 re
1071 4097 1236 4152 iuerit
1263 4112 1528 4166 quaerere,
1559 4099 1714 4166 cujus
1743 4101 1820 4154 rei
1847 4116 2035 4166 causa,

455 4197 504 4248 is
555 4194 646 4263 qni
684 4207 714 4246 a
769 4191 925 4246 laicis
977 4190 1240 4260 postulet,
1297 4189 1534 4244 Occidile
1591 4193 1821 4245 membra
1868 4193 2038 4246 restr‘a

454 4301 572 4353 quae
606 4299 761 4354 super
793 4294 990 4340 terram
1031 4291 1192 4337 sunt:
1222 4291 1274 4337 et
1329 4284 1546 4349 iterum,
1599 4283 1708 4348 Qui
1755 4301 1872 4338 vero
1915 4295 2035 4338 simt

457 4377 679 4443 Christi,
737 4393 952 4432 carnem
1008 4391 1163 4431 suam
1221 4375 1597 4443 cruci/iurant
1643 4377 1688 4408 ³³
1723 4396 1736 4432 :
1775 4394 1918 4432 nunc
1970 4378 2038 4433 ab

455 4469 718 4538 episcopo
773 4467 1006 4538 requirit
1067 4466 1265 4536 exigua
1308 4469 1578 4536 quaedam,
1621 4483 1685 4522 ac
1735 4477 1886 4524 tanto
1953 4468 2037 4523 fa-

2147 3289 2295 3340 μνως
2350 3269 2500 3341 βιοῦν
2561 3272 2640 3336 ¹¹;
2694 3271 2879 3339 ΙῙάσης
2910 3271 2965 3323 δὲ
3002 3271 3351 3342 σεμνότητος,
3391 3269 3492 3340 τῆς
3535 3271 3628 3322 καὶ
3662 3272 3720 3323 ὲν

2144 3363 2422 3434 λογιι›,καλ
2456 3365 2716 3432 σχήματι,
2750 3365 2843 3416 καὶ
2867 3365 3032 3435 ἔργῳ,
3065 3366 3158 3418 καὶ
3199 3365 3334 3436 πρὸς
3362 3363 3591 3427 πάντας,
3626 3365 3722 3419 καὶ

2142 3458 2198 3508 ἐν
2229 3455 2389 3508 παντὶ
2414 3456 2611 3526 καιρῷ.

2213 3551 2280 3602 Ei
2305 3547 2372 3601 δέ
2398 3565 2480 3614 τις
2507 3547 2613 3600 τοῦ
2655 3548 2877 3602 οίκείου
2915 3547 2957 3578 ’³
3003 3548 3173 3602 οἴκου
3221 3546 3556 3616 προστῆναι
3609 3549 3720 3601 οὐκ

2141 3637 2284 3703 οἶδε,
2319 3639 2445 3705 πῶς
2487 3641 2853 3707 Ἐκκλησίας
2876 3637 3022 3694 Θεοῦ
3063 3639 3490 3710 ἐπιμελήσεται
3503 3656 3521 3704 ;
3551 3639 3723 3693 Οὐδὲν

2143 3733 2250 3802 γάρ
2273 3734 2422 3784 ἐστιν
2448 3734 2475 3786 6
2499 3729 2664 3797 οἶκος,
2699 3731 2731 3801 ἦ
2769 3732 2942 3801 μικρὰ
2983 3731 3302 3802 Ἐκκλησία.
3337 3730 3398 3784 Εἰ
3428 3731 3605 3783 τοίνυν
3628 3731 3720 3783 τού

2144 3823 2345 3891 μικροῦ
2392 3823 2486 3876 καὶ
2532 3822 2944 3892 εύπεριορίστου
3015 3821 3110 3874 καὶ
3160 3819 3557 3888 εύδιαγνὼστου
3623 3822 3722 3873 οὐκ

2142 3914 2381 3987 ἠδυνήθη
2416 3915 2737 3986 προστῆναι,
2780 3913 2897 3978 πῶς
2953 3911 3220 3967 τοσούτων
3268 3911 3454 3982 φυλῶν
3497 3913 3723 3981 γνώμας

2141 4009 2554 4080 ἁκατανοήτους
2584 4008 2947 4078 κυδερνήσεις
2985 4006 3168 4073 ’Δξιον
3213 4005 3266 4059 δὲ
3296 4005 3551 4076 ζητῆσαι,
3580 4004 3722 4067 τίνος

2141 4101 2308 4154 ’ἑνεκα
2332 4103 2361 4154 6
2393 4103 2518 4163 τοὺς
2547 4100 2770 4164 λαῖκοὺς
2800 4099 3068 4161 ἀπαιτῶν.
3091 4098 3442 4168 Νεκρώσατε
3475 4101 3545 4153 τὰ
3567 4099 3724 4168 μέλη

2141 4195 2310 4263 ὑμῶν
2336 4193 2406 4248 τὰ
2429 4193 2528 4246 ἐπὶ
2559 4192 2668 4261 τῆς
2694 4191 2806 4262 γῆς
2824 4208 2838 4223 ο
2879 4191 2981 4245 καὶ
3030 4191 3190 4244 πάλιν
3209 4209 3224 4223 ο
3254 4195 3318 4244 Oi
3359 4191 3427 4244 δὲ
3453 4191 3558 4245 τοῦ
3585 4195 3714 4260 Χρι-

2141 4284 2294 4340 στοῦ
2322 4285 2436 4352 τὴν
2469 4283 2668 4352 σάρκα
2695 4283 3090 4350 ἐσταύρωσαν
3113 4299 3128 4314 ο
3161 4282 3258 4337 νῦν
3293 4285 3384 4336 τον
3423 4283 3727 4337 ἐπίσκοπον

2141 4379 2364 4430 ἀπαιτεῖ
2397 4377 2570 4448 μικρά
2591 4393 2710 4428 τινα
2736 4377 2832 4428 καὶ
2857 4373 3178 4445 τηλικούτου
3207 4373 3373 4444 ὕψους
3421 4374 3633 4440 ἀνάξια,
3663 4377 3727 4428 τι.

2146 4467 2221 4538 μὴ
2251 4470 2505 4536 πάροινον
2529 4462 2689 4529 εἶναι,
2721 4467 2858 4537 μηδὲ
2887 4466 3154 4537 πλήκτην,
3180 4468 3364 4521 καὶτὰ
3395 4467 3542 4536 ἑξῆς.
3583 4468 3690 4521 Καί
3712 4497 3726 4508 α

456 4560 621 4629 stigio
646 4557 892 4629 indigna,
922 4572 990 4612 ne
1021 4555 1094 4612 sit
1128 4555 1459 4618 vinolentus,
1502 4572 1679 4626 neque
1715 4572 2030 4627 percussor,

2142 4577 2288 4627 τοιγε
2317 4561 2412 4614 καὶ
2441 4563 2468 4612 6
2490 4559 2724 4630 Χριστὸς
2753 4561 2845 4613 τὸν
2874 4560 3106 4630 σταυρὸν
3122 4561 3298 4630 αἴρειν
3321 4560 3722 4614 διακελεύεται·

455 4661 511 4706 et
557 4665 680 4719 qua:
731 4658 1062 4720 sequuntur.
1135 4647 1296 4717 Atqui
1366 4647 1621 4703 Christus
1675 4649 1837 4702 etiam
1884 4649 2038 4718 jubet

458 4752 518 4797 ut
583 4757 804 4798 crucem
865 4742 1144 4804 tollamus,
1220 4749 1295 4806 et,
1344 4739 1559 4805 Pastor,
1618 4741 1816 4810 inquit,
1873 4741 2036 4795 bonus

458 4835 698 4888 animant
743 4849 896 4886 suam
960 4827 1240 4902 ponit'pro
1278 4826 1456 4884 ovibus
1509 4832 1621 4884 suis
1676 4831 1742 4884 “.
1800 4830 2037 4885 Debebat

459 4927 626 4996 igitur
673 4925 874 4980 Paulus
925 4926 992 4979 ab
1038 4924 1296 4994 episcopo
1351 4924 1570 4992 exigere
1629 4931 1688 4976 ut
1737 4922 2034 4992 angelicam

461 5020 668 5074 viveret
707 5017 897 5082 vitam,
934 5031 1056 5086 quae
1084 5004 1371 5070 aﬂectilius
1409 5024 1644 5078 careret,
1681 5021 1944 5082 quantum
1969 5011 2038 5067 ad

459 5112 743 5184 dignitatis
778 5109 1153 5167 summitatem
1188 5108 1403 5162 attinet.
1443 5105 1586 5160 Audi
1629 5106 1815 5176 igitur.
1871 5105 2037 5158 Pauci

458 5210 662 5257 exactae
688 5200 1004 5271 huiusmodi
1042 5198 1167 5254 vitae
1191 5198 1422 5252 inveniri
1470 5205 1763 5265 poterant:
1794 5195 2039 5266 pluribus

460 5301 642 5350 autem
680 5295 956 5365 episcopis
993 5305 1133 5362 opus
1158 5296 1298 5351 erat,
1328 5287 1422 5358 qui
1453 5287 1682 5358 singulis
1725 5286 2041 5342 civitatibus

534 5509 579 5542 "
615 5507 736 5565 Gal.
771 5523 824 5574 ν,
849 5505 938 5561 21.
1016 5504 1060 5537 ⁸⁸
1092 5503 1250 5560 Joan.
1282 5517 1335 5566 ι,
1380 5500 1467 5554 ll.

2147 4652 2262 4713 καὶ,
2283 4651 2343 4703 Ὀ
2362 4651 2609 4720 ποιμὴν,
2640 4651 2825 4720 φησιν,
2854 4653 2886 4704 ό
2916 4651 3103 4716 καλὸς
3161 4651 3276 4719 τὴν
3297 4649 3504 4719 ψυχὴν
3534 4650 3724 4704 αὑτοῦ

2147 4741 2389 4808 τίθησιν
2423 4739 2577 4808 ὑπὲρ
2606 4738 2726 4793 τῶν
2779 4740 3111 4808 προϐάτων.
3137 4741 3282 4793 Ἔδει
3311 4739 3442 4808 γοῦν
3474 4739 3564 4794 τὸν
3587 4738 3728 4792 [la-3-

2146 4831 2235 4883 λον
2264 4831 2566 4900 ἀπαιτῆσαι
2615 4831 2706 4884 τὸν
2736 4833 3033 4885 ἐπίσκοπον
3064 4833 3353 4900 ἀγγελικόν
3386 4832 3428 4862 ίδ
3453 4849 3577 4884 τινα
3610 4830 3726 4900 βίον

2150 4925 2418 4995 μετιέναι,
2449 4925 2657 4994 ἀπαθῆ,
2687 4926 2810 4978 ὅσον
2842 4923 2979 4994 πρὸς
3021 4925 3081 4977 το
3111 4923 3242 4992 ὕψος
3273 4923 3367 4976 τοῦ
3391 4922 3727 4992 ἀξιώματος.

2149 5016 2347 5068 ’Ἄκουε
2374 5011 2488 5081 οὖν,
2522 5015 2603 5068 ὅτι
2623 5015 2722 5085 τῆς
2752 5015 2850 5086 μὲν
2875 5014 3162 5086 ἀκριϐείας
3185 5013 3278 5066 τοῦ
3304 5016 3546 5066 τοιούτου
3582 5012 3721 5082 βίου,

2145 5107 2360 5175 ὀλίγους
2406 5103 2474 5179 ἦν
2532 5109 2864 5178 εὑρεθῆναν
2911 5107 3225 5160 ἐπισκόπων
3268 5105 3323 5157 δὲ
3355 5104 3462 5158 ἔδει
3489 5105 3723 5170 πολλῶν,

2144 5193 2254 5246 τῶν
2281 5195 2338 5246 ὲν
2373 5195 2578 5265 ἑκάστῃ
2601 5196 2754 5248 πόλει
2801 5194 3181 5265 ἡγησομένων.
3205 5196 3302 5248 Διὰ
3330 5194 3486 5247 τοῦτο
3513 5195 3728 5264 σύμμε-

2149 5303 2276 5356 τρον
2305 5286 2504 5358 ἀρετὴν
2535 5288 2837 5360 ἀπῄτησεν,
2866 5288 2937 5358 ἢν
2962 5287 3176 5351 πολλοῖς
3199 5288 3324 5358 ἐνῆν
3345 5289 3543 5358 εὑρεῖν.
3562 5285 3726 5342 Ἀλλὰ

1814 5640 2016 5702 Variae
2044 5639 2374 5704 lectiones.

527 5770 548 5802 ι
583 5771 740 5838 μάνην
780 5783 833 5822 ο,
907 5766 962 5838 ,ρο
987 5761 1308 5838 φιλαδελφία
1327 5723 1396 5819 ὀ.

463 5842 505 5873 ⁸³
545 5830 675 5894 ἰδίου
697 5857 748 5893 0.
832 5838 873 5869 "
901 5830 1126 5906 Ξγγτλον
1151 5830 1288 5888 εἶναι
1314 5849 1366 5888 0.
1424 5844 1435 5854 '

1517 5768 1559 5798 ¹⁰
1595 5768 1653 5820 οὐ
1683 5768 1771 5820 τὸν
1804 5767 2063 5838 πάροινον
2090 5767 2210 5837 ἦτοι
2270 5764 2504 5838 μέθυσον
2566 5779 2619 5819 0.

2733 5763 2775 5795 “
2811 5760 3056 5833 ἀκαίρως
3098 5776 3150 5816 o.
3265 5760 3306 5792 “
3373 5757 3597 5831 βιοῦνσα
3665 5775 3722 5820 o.
