4078 6424
423 463 499 527 45
1185 463 1586 527 EXPOSITIO
1629 462 1708 523 IN
1749 461 1987 521 EPIST.
2023 461 2176 521 [AD
2205 460 2782 528 TlMOTH.—CAP.
2823 462 2938 524 III.
3610 463 3685 529 ιθ

425 583 543 646 νῦν,
569 580 707 651 φεῦι
739 577 848 633 ποῦ
872 576 1206 662 ὲξεπέσομεν
1228 577 1277 630 oi
1304 577 1614 642 ἐπίσκοποι,
1635 574 1710 639 ὡς
1749 575 1882 645 μηδὲ
1909 575 2011 644 τῆς

2134 582 2433 631 meessent.
2471 574 2762 647 Propterea
2791 575 3129 631 moderatam
3172 577 3240 633 ab
3284 578 3366 634 eis
3422 581 3679 641 virtutem

429 672 751 743 συμμέτρου
779 670 988 742 ταύτης
1010 671 1211 742 ἀρετῆς
1243 668 1380 741 μηδὲ
1431 667 1590 722 σκιὰν
1612 667 1672 721 ἐν
1697 666 1834 738 ἡμῖν
1860 666 2008 738 εὑρί-

429 763 622 818 κεσθαι
641 765 656 816 ι
679 765 894 826 θεῖσαι,
929 762 1127 833 Κύριε.

2113 666 2276 739 567
2342 667 2678 738 postulavit,
2737 683 2856 736 qua:
2915 668 2969 722 in
3029 668 3216 726 multis
3274 670 3508 728 inveniri
3571 689 3681 733 non

2120 761 2319 829 potuit.
2367 763 2437 814 At
2465 775 2636 827 nunc,
2669 761 2804 831 proh
2837 759 3032 814 dolori
3070 775 3180 830 quo
3233 763 3537 820 excidimus
3565 767 3684 836 epi-

431 858 608 930 scopi,
651 865 713 912 ut
750 873 822 914 ne
857 857 1110 912 umbram
1139 854 1361 928 quidem
1387 853 1524 912 adeo
1591 853 1887 910 moderatae
1938 855 2156 914 virtutis
2221 857 2275 912 in
2335 858 2494 915 nobis
2581 859 2918 931 deprehendi
2978 859 3178 916 liceat!
3233 857 3406 916 Parce
3499 865 3686 932 nobis,

433 953 664 1006 Domine
688 952 702 1004 !

502 1043 601 1111 Μὴ
630 1044 950 1113 νεόφυτον.
1003 1044 1078 1098 Οὐ
1129 1042 1222 1097 τὸν
1264 1042 1528 1115 νεώτερον
1567 1041 1801 1098 ἐνταῦθα
1837 1041 2008 1110 λέγει,

433 1135 710 1202 ὲπείτοιγε
747 1132 1016 1203 Τιμόθεος
1064 1132 1330 1205 νεώτερος
1360 1129 1450 1205 ἦν,
1500 1135 1578 1198 ὡς
1632 1133 2008 1205 μαθησόμεθα,

433 1225 528 1276 τοῦ
557 1223 772 1276 Παύλου
805 1222 1054 1290 λέγοντος
1081 1237 1095 1252 ⁸
1139 1221 1363 1289 Μηδείς
1395 1239 1514 1276 σου
1567 1219 1680 1290 τῆς
1731 1221 2013 1288 νεότητος

435 1313 881 1382 καταφρονείτω
905 1329 920 1344 ο
957 1311 1091 1365 ἀλλὰ
1121 1313 1210 1366 τὸν
1235 1313 1658 1384 νεοκατήχητον.
1705 1311 1854 1380 Ἐγὼ
1883 1309 2012 1381 γὰρ,

435 1409 626 1472 φησῖν,
687 1405 1012 1473 ἐφύτευσα.
1051 1402 1270 1474 Ἐπειδὴ
1299 1403 1408 1474 γὰρ
1439 1403 1498 1469 ἐξ
1544 1401 1814 1474 Ἐλλήνων
1843 1417 2014 1472 προσ-

2191 1037 2356 1094 Vans.
2390 1037 2445 1091 6.
2469 1036 2588 1092 Non
2622 1037 2959 1108 neopltytum.
3005 1037 3120 1093 Non
3165 1039 3254 1094 hic
3273 1039 3524 1111 iuniores
3558 1053 3687 1098 natu

2120 1133 2271 1196 dicit,
2305 1129 2748 1201 quandoquidem
2803 1141 2859 1186 et
2905 1128 3228 1188 Timotheus
3268 1131 3488 1201 juvenis
3545 1145 3686 1200 erat,

2121 1223 2577 1291 quemadmodum
2626 1220 2929 1286 discemus,
2984 1222 3202 1278 dicente
3253 1223 3474 1280 Paulo:
3518 1225 3689 1282 Nemo

2121 1315 2535 1370 adolescentiam
2582 1323 2728 1369 tuam
2773 1324 3125 1369 contemnat:
3170 1310 3394 1372 verum'
3422 1332 3546 1373 eum
3597 1321 3688 1390 qui

2121 1421 2298 1476 nuper
2339 1405 2394 1459 in
2452 1405 2558 1460 ﬁde
2612 1404 2684 1460 sit
2727 1405 3036 1460 institutus.
3091 1404 3204 1478 Ego
3264 1407 3436 1472 enim,
3491 1412 3690 1481 inquit,

432 1495 606 1566 ῄεσαν
639 1495 732 1548 καὶ
759 1493 1137 1559 ἐϐαπτίζοντο,
1167 1493 1262 1564 Μὴ
1288 1493 1511 1557 εὐθέως,
1544 1494 1700 1564 φησι,
1726 1490 2016 1546 νεοϐἁπτι-

2134 1495 2378 1556 νίαηιαυί.
2422 1493 2561 1561 Quia
2611 1495 2758 1550 enim
2787 1511 2853 1551 ex
2892 1495 3097 1552 Graecis
3147 1496 3214 1550 ad
3265 1497 3424 1554 ﬁdem
3469 1501 3695 1559 accede-

439 1603 564 1648 στος
594 1586 675 1649 είς
715 1585 814 1657 τὴν
841 1585 1175 1657 τηλικαύτην
1215 1585 1392 1658 ἀρχὴν
1421 1584 1661 1654 ἀγέσθω.

515 1773 643 1826 ἰνα
665 1775 752 1842 μὴ
781 1769 1072 1842 τυφωθεὶς
1095 1772 1182 1836 εὶς
1215 1768 1393 1838 κρῖμα
1413 1767 1510 1823 καὶ
1535 1765 1758 1836 παγίδα
1779 1764 2016 1836 ἐμπέσῃ

440 1866 550 1920 τοῦ
582 1864 888 1920 διαϐόλου.
919 1863 981 1916 El
1017 1862 1144 1934 πρὶν
1182 1861 1418 1932 ἀκριϐὴς
1456 1859 1702 1931 μαθητὴς
1740 1856 2016 1926 γενέσθαι,

2122 1591 2274 1653 bant,
2301 1597 2355 1643 ct
2391 1589 2832 1659 baptizabantur,
2867 1605 2976 1644 non
3019 1589 3226 1655 statim,
3269 1590 3467 1661 inquit,
3506 1609 3696 1651 recens

2121 1679 2431 1750 baptizatus
2461 1677 2528 1733 ad
2569 1685 2776 1734 tantum
2801 1679 3165 1750 principatum
3193 1680 3449 1736 ducatur.

2198 1767 2281 1823 Ne
2304 1769 2360 1822 in
2385 1768 2683 1837 superbiam
2707 1769 2880 1824 elatus
2901 1772 2954 1824 in
2964 1771 3228 1841 judicium
3245 1775 3446 1832 incidat
3469 1777 3692 1834 diaboli.

2127 1857 2186 1914 Si
2259 1859 2577 1931 priusquam
2635 1860 2914 1931 perfectus
2982 1862 3147 1920 fuerit
3187 1865 3514 1940 discipulus,
3570 1887 3696 1928 eum

437 1955 762 2018 διδάσκαλος
788 1955 1021 2024 γένοιτο,
1070 1952 1498 2023 φυσιωθήσεται,
1528 1951 1684 2020 φησι,
1713 1948 1808 2003 καὶ
1840 1947 2017 2042 τὸ

2134 1966 2243 2006 esse
2286 1951 2580 2009 doctorem
2632 1953 2946 2020 contingat,
3005 1953 3316 2027 inllabitur,
3373 1961 3587 2031 inquit,
3643 1973 3699 2020 et.

441 2049 783 2118 κατάκριμα,
831 2047 928 2100 καὶ
986 2047 1066 2110 είς
1118 2044 1218 2115 τὴν
1265 2043 1566 2114 καταδίκην
1627 2040 1718 2095 τοῦ
1769 2038 2017 2094 διαϐόλου

2134 2043 2184 2098 in
2211 2043 2503 2113 judicium,
2523 2053 2580 2098 et
2609 2045 2662 2098 in
2693 2047 3208 2103 condemnationem
3238 2049 3438 2111 diaboli
3475 2053 3697 2120 incidet,

443 2141 716 2207 πεσεῖται,
768 2141 837 2210 ἦν
894 2155 1018 2194 τινα
1070 2139 1276 2201 ἐκεῖνος
1338 2135 1447 2190 ἀπὸ
1511 2136 1554 2167 ¹³
1609 2135 1709 2205 τῆς
1763 2131 2021 2197 ἀπονοίας

439 2229 679 2298 ὑπέστη.

513 2321 610 2376 Δεῖ
619 2322 684 2375 δὲ
699 2320 887 2376 αὐτὸν
911 2319 1009 2374 καὶ
1026 2319 1362 2390 μαρτυρίαν
1375 2316 1749 2387 καλὴν-ἐχειν
1763 2313 1883 2370 ἀπὸ
1905 2312 2024 2369 τῶν

442 2417 686 2481 ἔξωθεν.
715 2413 1030 2471 Τουτέστιν.
1067 2413 1178 2466 ἀπὸ
1205 2412 1314 2467 τῶν
1355 2411 1645 2482 Ἑλλήνων,
1683 2410 1772 2462 ἴνα
1807 2409 1900 2461 καὶ
1931 2407 2025 2460 αὒ-

445 2510 527 2562 τοὶ
558 2508 634 2579 μὴ
663 2505 826 2577 ἔχωσί
857 2523 909 2559 τι
934 2503 1404 2576 ἐπιλαμϐάνεσθαι
1430 2501 1617 2567 αὑτοῦ,
1647 2500 1783 2555 ἀλλὰ
1823 2497 2023 2568 μᾶλλον

447 2600 546 2654 καὶ
570 2598 851 2654 αἰδεῖσθαι.
883 2597 951 2651 Τί
982 2593 1076 2652 οὖν
1128 2596 1195 2650 ἄν
1227 2595 1359 2666 δοκῇ
1407 2593 1506 2666 μὲν
1534 2592 1719 2669 καλὸς,
1763 2585 1901 2664 μ.ὴῇ
1934 2588 2024 2657 δέ;

445 2691 714 2746 Δύσκολον
742 2691 841 2761 μὲν
870 2690 1047 2744 τοῦτο.
1082 2688 1148 2742 Οἱ
1192 2687 1321 2758 γὰρ.
1354 2685 1544 2756 ἐχθροὶ
1585 2683 1683 2738 καὶ
1712 2684 1838 2746 τοὺς
1879 2682 2021 2735 πάνυ

447 2783 916 2856 διηκριϐωμένους
957 2780 1325 2854 μωμεύονται.
1361 2779 1507 2850 Πλὴν
1538 2775 1832 2831 οὐδὲτοῦτο
1863 2775 2025 2845 μόνον

447 2875 653 2941 εῐασεν,
693 2875 830 2929 ἀλλὰ
875 2875 1012 2946 μετὰ
1059 2874 1156 2944 τῆς
1204 2872 1372 2943 ἄλλης
1419 2869 1622 2940 ἀρετῆς
1665 2867 1870 2938 ἔφησε·
1933 2865 2034 2920 Δεῖ

447 2967 640 3022 αὐτὸν
657 2968 752 3021 καὶ
771 2965 1105 3036 μαρτυρίαν
1126 2965 1292 3033 ἔχειν
1312 2961 1530 3029 καλήν.
1555 2960 1622 3014 Τί
1654 2955 1747 3014 οὖν
1770 2958 1838 3014 ἂν
1859 2975 2028 3012 κακο-

450 3061 684 3130 λογῶσιν
729 3060 893 3114 αὑτὸν
943 3057 1091 3128 εικῆ,
1145 3057 1222 3121 ὡς
1265 3053 1689 3128 βασκαίνοντες;
1744 3051 1859 3106 Οὐκ
1911 3049 2028 3103 ἔστι

453 3156 614 3207 τοῦτο
638 3169 654 3183 ·
694 3154 786 3207 τὸν
807 3155 916 3223 γὰρ
974 3152 1216 3221 ἄληπτον
1259 3149 1452 3220 ἔχοντα
1479 3145 1593 3217 βίον
1631 3142 1904 3198 καὶταὺτοὶ
1939 3143 2026 3197 αἰ-

452 3240 1088 3310 δοῦνται.Κακολογοῦσι
1131 3239 1230 3309 μὲν
1259 3238 1320 3292 τὸ
1365 3236 1543 3308 δόγμα
1586 3235 1774 3298 αὐτοῦ,
1826 3233 1887 3287 οὗ
1937 3231 2029 3286 τὸν

2130 2149 2290 2204 quam
2313 2137 2404 2190 ille
2440 2137 2510 2192 ob
2533 2139 2902 2207 arrogantiam
2933 2141 3214 2198 sustinuit.

2207 2311 2370 2367 Vens.
2422 2312 2474 2366 7.
2522 2312 2743 2382 Oportet
2789 2325 2962 2372 autem
3000 2318 3173 2388 ipsum
3215 2323 3405 2375 bonum
3433 2325 3592 2379 etiam
3625 2335 3704 2380 te-

2129 2407 2437 2461 stimonium
2485 2408 2676 2463 habere
2709 2409 2772 2464 ab
2805 2411 2873 2466 iis
2919 2417 3011 2483 qui
3051 2413 3183 2483 foris
3232 2426 3372 2472 sunt.
3433 2417 3548 2475 Hoc
3595 2428 3702 2484 est,

2133 2513 2162 2551 a
2185 2497 2392 2555 Graecis
2420 2506 2475 2555 et
2498 2499 2830 2570 inﬁdelibus,
2872 2510 2935 2558 ut
2973 2514 3030 2561 et
3057 2505 3135 2560 illi
3161 2521 3274 2562 non
3303 2507 3535 2564 habeant
3559 2513 3705 2580 quod

2132 2589 2187 2644 in
2227 2591 2320 2644 illo
2352 2590 2784 2662 reprehendant,
2817 2585 2913 2650 sed
2955 2596 3139 2666 potius
3177 2613 3301 2653 eum
3329 2609 3703 2656 revereantnr.

2132 2680 2273 2746 Quid
2299 2696 2430 2736 vero
2460 2669 2507 2736 si
2557 2682 2806 2739 videatur
2856 2684 3055 2754 bonus,
3101 2695 3155 2742 et
3205 2697 3382 2743 tamen
3436 2705 3542 2746 non
3595 2691 3710 2747 sit?

2135 2771 2360 2829 Didicile
2417 2787 2552 2829 sane
2607 2773 2712 2828 hoc
2756 2783 2862 2830 est.
2916 2774 3050 2832 Nam
3102 2778 3401 2835 adversarii
3459 2781 3710 2838 homines

2137 2867 2259 2920 vita:
2302 2867 2385 2921 vel
2431 2865 2794 2924 exactissima:
2823 2878 3076 2939 carpunt.
3112 2869 3502 2929 Verumtamen
3534 2890 3711 2947 neque

2137 2957 2242 3011 hoc
2279 2956 2455 3014 solum
2498 2957 2722 3028 reliquit
2753 2977 2768 3024 ;
2803 2959 2898 3014 sed
2949 2975 3058 3014 una
3104 2975 3229 3016 cum
3265 2963 3476 3034 reliqua
3509 2966 3712 3022 virtute

2136 3047 2274 3100 dixit
2311 3064 2326 3101 :
2359 3045 2580 3116 Oportet
2625 3051 2796 3119 ipsum
2845 3051 3201 3107 testimonium
3251 3053 3442 3110 habere
3494 3055 3708 3114 bonum.

2136 3134 2276 3201 Quid
2305 3152 2456 3203 vero,
2493 3139 2539 3192 si
2579 3139 2729 3194 illum
2763 3149 2967 3197 temere
2992 3157 3105 3213 prae
3141 3143 3345 3200 invidia
3369 3147 3717 3206 calumnicn-

2139 3229 2420 3285 turllstud
2455 3231 2569 3286 lleri
2604 3233 2828 3302 nequit:
2867 3249 2991 3289 nam
3023 3237 3113 3306 qui
3138 3235 3428 3308 inculpata
3457 3241 3579 3297 vita:
3603 3250 3708 3309 est,

455 3336 592 3405 βίον
610 3336 797 3407 ὥσπερ
818 3336 912 3388 καὶ
936 3334 1060 3396 τοὺς
1085 3330 1414 3394 ἀποστόλους
1435 3329 1535 3384 οὐκ
1559 3327 1744 3395 ελεγον
1772 3324 2025 3395 πόρνους,

2139 3317 2292 3374 illum
2327 3329 2382 3375 et
2417 3321 2520 3392 ipsi
2551 3333 2905 3380 venerantur.
2932 3325 3255 3398 Vituperant
3283 3329 3504 3400 quidem
3535 3331 3711 3402 ipsius

453 3425 564 3478 οὐδ’
593 3424 864 3493 ἀσελγεῖς,
902 3423 1040 3478 ἀλλὰ
1077 3421 1334 3485 πλάνους,
1376 3421 1466 3475 καὶ
1491 3419 1520 3473 δ
1549 3418 1647 3473 τοῦ
1678 3417 2034 3489 κηρύγματος

451 3513 522 3587 ἦν
557 3517 740 3586 μόνου.
773 3516 836 3569 El
862 3515 919 3568 δὲ
951 3516 1046 3568 καὶ
1077 3514 1262 3584 θῶμεν
1280 3511 1438 3566 τοῦτο
1474 3510 1754 3580 γενέσθαι,
1777 3508 2035 3564 καὶκατὰ

457 3605 820 3676 συκοφαντίαν
869 3603 1254 3660 διαϐάλλεσθαι
1300 3602 1391 3656 τὸν
1438 3600 1746 3672 ἄνθρωπον,
1790 3600 1866 3670 μὴ
1903 3597 2037 3652 καθ-

460 3697 698 3752 ιστάσθω
748 3698 1068 3760 ἐπίσκοπος.
1123 3694 1199 3748 Οὐ
1261 3693 1371 3765 γὰρ
1416 3691 1498 3746 δεῖ
1519 3688 2036 3752 ἀναθολοῦσθαιτάς

455 3810 619 3845 τινων
645 3791 823 3863 ψυχὰς
853 3790 947 3843 ἐπὶ
980 3789 1056 3859 τῷ
1083 3787 1354 3860 φωστῆρι.
1384 3782 1688 3854 Λαμψάτω
1718 3781 1849 3851 γὰρ,
1878 3779 2034 3850 φησὶ,

455 3879 531 3933 τὰ
558 3879 704 3948 ἔργα
731 3876 919 3948 ὑμῶν,
949 3877 1109 3944 ὅπως
1155 3873 1233 3929 ἄν
1268 3873 1480 3929 ἴδωσιν
1515 3875 1570 3927 οι
1615 3871 1934 3941 ἄνθρωποι.
1971 3869 2038 3923 Εἰ

456 3968 516 4022 δὲ
540 3969 639 4038 τὴν
661 3968 790 4039 παρ’
821 3968 1031 4040 ἐχθρῶν
1054 3965 1359 4038 μαρτυρίαν
1396 3965 1477 4019 δεῖ
1505 3962 1672 4036 ἔχειν,
1693 3959 1873 4031 πολλῴ
1905 3959 2039 4030 μᾶλ-

455 4058 551 4113 λον
583 4059 682 4132 τὴν
717 4061 868 4132 παρὰ
888 4058 999 4114 τῶν
1032 4058 1221 4131 φίλων.

531 4324 660 4376 Ἵνα
702 4320 788 4391 μὴ
841 4325 928 4387 εἰς
979 4319 1328 4392 ὀνειδισμὸν
1379 4317 1637 4388 ἐμπέσῃ.
1681 4315 1881 4374 Μέλλει
1928 4315 2037 4386 γὰρ

453 4414 812 4480 ὀνειδίζεσθαι
864 4414 1015 4483 παρὰ
1064 4413 1175 4467 τῶν
1211 4412 1480 4484 Ἐλλήνων
1501 4425 1514 4440 ·
1547 4409 1575 4460 ὃ
1613 4409 1707 4463 καὶ
1736 4407 1831 4462 τοῦ
1861 4406 2037 4478 κηρύ-

459 4506 672 4577 γματός
699 4508 846 4559 ἐστιν
877 4505 1236 4578 ὲμποδισμός.

531 4597 642 4650 Καὶ
684 4595 908 4666 παγίδα
965 4595 1071 4650 τοῦ
1117 4596 1425 4651 διαϐόλου.
1461 4595 1623 4648 Ἤτοι
1685 4593 1766 4647 ὅτι
1826 4591 2038 4662 ταχέως

2143 3409 2358 3482 dogma,
2401 3413 2497 3469 sed
2532 3430 2641 3471 non
2673 3416 2840 3472 vitam
2874 3436 2888 3472 :
2927 3419 3385 3489 quemadmodum
3435 3423 3714 3493 apostolos

2144 3517 2254 3558 non
2285 3504 2555 3560 vocabant
2579 3506 2968 3575 fornicatores,
2999 3525 3175 3582 neque
3220 3511 3428 3571 libidini
3460 3514 3672 3572 deditos
3699 3533 3717 3584 ;

2143 3596 2237 3650 sed
2301 3597 2648 3667 impostores,
2689 3599 2834 3669 quod
2889 3601 3062 3659 solius
3110 3604 3514 3674 praedicationis
3574 3615 3714 3663 erat.

2145 3685 2201 3740 Si
2239 3701 2370 3741 vero
2400 3687 2596 3744 demus
2646 3689 2750 3745 hoc
2791 3689 2932 3757 ﬁeri,
2987 3699 3044 3745 ut
3094 3692 3256 3748 homo
3307 3694 3506 3765 aliquis
3553 3697 3716 3764 etiam

2146 3792 2244 3846 per
2284 3779 2616 3834 calumniam
2671 3779 3014 3844 traducatur,
3054 3799 3160 3837 non
3193 3785 3568 3840 constituatur
3600 3788 3720 3857 epi-

2145 3882 2369 3937 scopus.
2401 3868 2521 3924 Non
2555 3870 2700 3924 enim
2735 3872 3014 3948 convenit,
3070 3881 3130 3929 ut
3180 3875 3488 3945 aliquorum
3524 3882 3721 3937 animae

2146 3957 2660 4025 propter_luminarc
2683 3974 2841 4013 suum
2871 3959 3252 4017 obfuscentur.
3280 3962 3510 4024 Luceant
3545 3967 3718 4034 enim,

2147 4045 2348 4114 inquit,
2388 4060 2544 4113 opera
2576 4057 2773 4114 vestra,
2804 4057 2862 4103 at
2912 4049 3123 4110 uideant
3153 4050 3388 4111 (tantine;
3420 4055 3465 4086 "
3489 4055 3516 4109 .9
3561 4054 3718 4123 Quod

2145 4135 2192 4190 si
2252 4137 2321 4191 ab
2379 4137 2634 4194 hostibus
2690 4139 3068 4206 testimonium
3153 4146 3540 4216 requirendum
3602 4148 3717 4215 sit,

2145 4227 2318 4280 multo
2342 4227 2515 4296 magis
2547 4228 2616 4283 ab
2643 4230 2850 4286 amicis.

2221 4317 2289 4372 L't
2340 4334 2444 4373 non
2478 4319 2533 4373 in
2562 4321 2901 4390 opprobrium
2931 4324 3156 4380 incidat.
3212 4324 3526 4391 Gracorum
3573 4331 3721 4387 enim

2145 4408 2415 4465 conviciis
2469 4411 2738 4480 petendus
2800 4421 2932 4469 est:
2995 4415 3138 4485 quod
3192 4424 3248 4473 et
3315 4418 3721 4487 praedicationis

2145 4499 2592 4569 impedimentum
2614 4511 2720 4558 est.

2214 4595 2284 4646 Et
2321 4591 2568 4663 laqueum
2597 4594 2821 4650 diaboli.
2851 4594 2977 4652 Sive
3006 4597 3150 4666 quod
3175 4598 3253 4654 illi
3297 4601 3554 4661 celeriter
3595 4619 3722 4660 eum

459 4690 627 4743 αὑτὸν
664 4689 1056 4762 ἀναιρήσουσιν
1083 4692 1304 4755 ἑκείνοι,
1333 4690 1366 4760 ἢ
1400 4690 1484 4743 ὃτι
1511 4691 1623 4752 τοῖς
1653 4689 1834 4750 αὐτοῖς
1860 4688 2025 4758 ἀμαρ-

2145 4683 2358 4748 tollent,
2413 4687 2496 4740 vel
2525 4686 2671 4755 quod
2702 4685 2756 4740 in
2793 4688 2983 4743 eadem
3016 4699 3240 4759 peccata
3279 4691 3491 4760 incidit,
3521 4693 3575 4748 in
3603 4709 3729 4764 quae

456 4783 670 4852 τήμασι
700 4785 1077 4854 περιπεσεῖται
1129 4777 1212 4847 οἷς
1259 4783 1522 4836 κάκεῖνοι.
1576 4779 1689 4834 Καὶ
1733 4779 1867 4834 αὐτὸ
1893 4779 1952 4833 δὲ
1975 4777 2025 4832 τί

2143 4776 2244 4830 illi.
2284 4776 2456 4832 Porro
2477 4779 2560 4835 vel
2591 4778 2697 4836 hoc
2728 4778 3038 4848 ipsnm,_in
3085 4779 3477 4848 oll'endiculum
3530 4786 3720 4844 multis

463 4872 766 4926 σκάνδαλον
830 4873 1156 4944 προκεῖσθαι
1211 4872 1445 4941 πολλῶν,
1486 4871 1653 4941 παγίς
1695 4871 1815 4924 ἐστι
1860 4869 2025 4924 διαϐο

2143 4869 2396 4939 proponi,
2423 4870 2652 4940 laqueus
2682 4877 2768 4927 est
2803 4871 3030 4928 diaboli.

463 4982 557 5018 me
603 5003 616 5017 .

533 4981 858 5123 Δηιακόνους
879 5055 1182 5121 ὡσαυτως.
1198 5056 1265 5109 Τί
1284 5054 1483 5127 δήποτε
1501 5053 1627 5118 τοὺς
1642 5053 2025 5124 πρεσῗυτέρους

2227 5043 2396 5100 Vens.
2422 5042 2476 5100 8.
2502 5042 2772 5099 Diaconos
2800 5013 3066 5102 similiter.
3097 5047 3208 5103 Cur
3237 5056 3414 5107 autem
3447 5049 3731 5121 presbyte-

461 5144 716 5213 ἁφῆκεν;
749 5145 872 5198 Ὀτι
929 5145 967 5200 ἃ
1015 5145 1144 5216 περὶ
1198 5145 1516 5199 ἐπισκόπων
1559 5139 1705 5210 εἷπε,
1731 5141 1905 5196 ταῦτα
1953 5159 2025 5194 κα

2153 5151 2246 5192 ros
2270 5135 2661 5206 praetermisit?
2688 5136 2826 5203 Quia
2870 5153 2991 5207 quae
3022 5138 3089 5206 de
3148 5139 3423 5211 episcopis
3445 5141 3602 5206 dixit,
3665 5158 3728 5198 ea

464 5254 571 5308 πρε
583 5238 864 5310 σϐυτέροις
891 5240 1176 5310 ἁρμόττει.
1209 5240 1320 5294 Καὶ
1347 5240 1456 5312 γὰρ
1487 5237 1582 5292 καὶ
1604 5237 1759 5292 αὐτοὶ
1788 5233 2016 5288 διδασκα

2157 5226 2490 5298 presbyteris
2513 5227 2677 5282 etiam
2699 5229 3060 5283 conveniunt.
3090 5227 3224 5283 Nam
3263 5237 3316 5283 et
3363 5229 3466 5300 ipsi
3497 5230 3730 5288 docendi

461 5326 588 5379 λίαν
611 5326 707 5379 καὶ
724 5328 1058 5398 προστασίαν
1092 5331 1188 5398 τῆς
1219 5328 1548 5397 Ἐκκλησίας
1581 5320 2025 5395 ἐγκεχειρισμὲνο

2157 5334 2359 5374 munus
2402 5328 2456 5373 et
2496 5317 2876 5388 prtefecturam
2924 5318 3180 5376 Ecclesia:
3226 5319 3606 5388 habent,'sola
3645 5337 3736 5378 0r-

463 5419 598 5482 εξσὶ,
623 5418 757 5491 μόνῃ
779 5421 845 5489 τῇ
906 5420 1215 5491 χειροτονία
1270 5419 1700 5490 ὑποϐεϐηκότες.
1725 5414 1895 5486 Φησὶν
1935 5410 2025 5466 οὖν

2159 5410 2436 5474 clinatione
2457 5409 2727 5482 episcopis
2749 5410 3056 5476 inferiores.
3069 5410 3157 5467 Ait
3177 5409 3342 5490 568
3361 5413 3567 5488 itaque,
3587 5415 3733 5487 quod

581 5596 628 5628 ³⁸
659 5594 852 5654 Matth.
885 5613 936 5663 ν,
969 5596 1056 5650 16.

1829 5730 2025 5794 Varize
2055 5729 2384 5794 lectiones.

611 5863 650 5893 "
684 5861 787 5916 ὑπό
805 5877 870 5917 ο.
