4078 6476
411 448 483 514 47
1176 416 1181 419 ’
1296 459 1871 523 THEOPHYLACTI
1907 463 2316 527 nummus
2359 469 2711 532 ARCHIEP.

3490 438 3665 543 ἰε

412 572 466 617 et
488 561 704 619 diaconi
735 565 1010 632 similiter,
1042 568 1095 623 id
1131 572 1234 634 est,
1280 568 1470 625 eadem
1530 571 1731 626 habere
1765 571 1963 627 debent

2041 579 2171 637 ιότι
2213 581 2307 633 καὶ
2346 581 2396 633 οἱ
2451 580 2687 637 διάκονοι
2718 585 3000 651 ὡσαύτως,
3054 588 3355 654 τουτέστιν,
3387 591 3663 659 ὀφείλουσι

409 655 668 715 nimirum
701 656 1002 728 hospitales
1052 674 1196 725 esse,
1237 661 1495 727 modesti,
1536 678 1643 717 non
1674 678 1973 734 pugnaces,

405 748 551 823 dque
579 764 751 818 genus
785 752 914 807 alia.

416 896 425 905 ,
462 840 716 895 Pudicos.
749 843 830 898 Ad
858 845 1122 917 haecque
1163 847 1311 902 dicta
1349 856 1500 916 sunt,
1553 847 1790 903 habeant
1834 864 1971 919 quo-

393 948 498 1001 que
527 933 873 1004 pudicitiam.

463 1023 586 1080 Non
632 1025 908 1097 bilingues.
970 1026 1084 1082 Hoc
1139 1038 1242 1095 est,
1284 1028 1527 1095 fallaces,
1585 1030 1828 1096 dolosos,
1863 1032 1969 1085 alia

391 1118 696 1173 sentientes
746 1128 802 1173 et
838 1119 943 1172 alia
985 1119 1395 1190 prol0quentes,
1445 1121 1660 1192 aliaque
1706 1122 1816 1188 bis,
1865 1124 1967 1178 alia

389 1224 521 1264 vero
544 1209 671 1264 illis.

466 1299 588 1356 Non
657 1302 776 1356 vino
853 1301 1020 1357 multo
1082 1301 1324 1367 deditos,
1381 1319 1485 1358 non
1544 1311 1692 1372 turpe
1761 1304 1966 1359 lucrum

386 1405 668 1452 sectantes.
709 1395 829 1452 Non
889 1397 1049 1464 dixit,
1110 1396 1226 1451 Non
1285 1399 1635 1467 temulentos,
1679 1401 1783 1457 hoc
1819 1404 1965 1457 enim

386 1489 614 1543 omnino
635 1502 720 1544 est
752 1488 1059 1559 indignum,
1092 1504 1307 1554 verum,
1335 1488 1452 1545 Non
1481 1492 1713 1547 multum
1769 1506 1967 1563 petan-

390 1591 493 1635 tes.
522 1578 750 1634 Etiamsi
790 1581 940 1635 enim
996 1593 1104 1634 non
1160 1580 1272 1635 sint
1303 1581 1613 1646 temulenti,
1647 1585 1856 1652 potatio
1883 1593 1965 1639 ta-

2087 670 2314 725 τοιαῦτα
2370 673 2413 704 ³⁸
2450 673 2617 743 ἔχειν,
2681 676 2800 747 ἤτοι
2866 678 3129 747 φιλόξενοι
3172 678 3332 745 εἶναι,
3375 684 3660 749 ἐπιεικεῖς,

2080 760 2304 832 ἄμαχοι,
2338 765 2430 817 καὶ
2463 765 2651 821 τᾶλλα.
2948 818 2957 825 ,

2152 856 2441 923 Σεμνούς.
2485 858 2814 929 Ἐχέτωσαν,
2843 865 2998 932 φησὶ,
3039 867 3176 936 πρδς
3203 869 3318 931 τοῖς
3350 868 3661 939 εἰρημένοις

2079 945 2173 999 καὶ
2201 947 2524 1018 σεμνότητα.

2147 1036 2245 1105 Μὴ
2272 1036 2570 1108 διλόγους.
2591 1041 2902 1106 Τουτέστιν,
2928 1045 3193 1110 ὑπούλους
3211 1049 3565 1120 καὶδολεροῦς
3586 1053 3656 1116 ’⁷,

2076 1128 2212 1183 ἄλλα
2241 1134 2577 1202 φρονοῦντας
2604 1135 2700 1188 καὶ
2751 1137 2887 1191 ἄλλα
2934 1138 3215 1208 λέγοντας,
3247 1143 3342 1196 καὶ
3373 1144 3507 1198 ἄλλα
3538 1146 3660 1198 τού-

2074 1239 2210 1286 τοις,
2238 1224 2334 1278 καὶ
2356 1226 2491 1278 ἄλλα
2517 1226 2763 1291 ἐκείνοις.

2148 1314 2244 1382 Μὴ
2272 1315 2415 1380 οῐνῳ
2437 1317 2647 1384 πολλῷ
2670 1319 3106 1390 προσέχοντας,
3121 1324 3276 1392 μηδέ
3300 1329 3654 1396 αἰσχροκερ-

2074 1403 2220 1473 δεῖς.
2250 1407 2363 1459 Οὐκ
2390 1404 2534 1471 εἷπε,
2568 1412 2659 1478 Μὴ
2691 1412 2959 1482 μεθύσους
2991 1430 3006 1444 ·
3042 1415 3201 1468 τοῦτο
3234 1417 3342 1488 γὰρ
3375 1419 3515 1474 πάνυ
3556 1423 3655 1473 ἁν-

2074 1497 2256 1561 άξιονο
2286 1499 2442 1562 ἀλλὰ,
2467 1501 2557 1572 Μὴ
2576 1504 2904 1569 πολυπότας.
2936 1506 3056 1559 Κᾶν
3086 1508 3196 1579 γὰρ
3231 1509 3305 1579 μὴ
3326 1510 3651 1579 μεθύσωσιν,
3700 1498 3708 1507 ⁸

2072 1588 2188 1642 ἀλλ’
2211 1589 2361 1660 ὅμως
2407 1593 2440 1662 ἡ
2469 1592 2771 1649 πολυποσία
2813 1601 3002 1667 χαυνοῖ
3030 1598 3121 1652 τὸν
3146 1600 3302 1654 τόνον
3325 1604 3420 1672 τῆς
3453 1603 3650 1672 ψυχῆς.

391 1685 516 1725 tuen
572 1670 868 1726 immodica
933 1671 1130 1726 anima:
1166 1672 1273 1725 vini
1334 1673 1503 1727 laxat.
1557 1675 1711 1743 Apud
1751 1687 1963 1732 veteres

2073 1682 2182 1735 Kal
2228 1684 2278 1736 οί
2329 1684 2498 1739 πάλαι
2557 1688 2665 1759 γὰρ
2719 1689 2800 1751 είς
2830 1691 2891 1743 τὸ
2933 1691 3076 1761 ί;ρδν
3124 1670 3388 1756 εἰσιόντες
3421 1670 3651 1758 οδδόλιυς

386 1762 556 1822 enim.
613 1762 704 1832 qui
745 1763 1006 1833 templum
1057 1765 1540 1832 ingrediebantur,
1591 1767 1815 1823 omnino
1852 1784 1962 1823 non

2071 1774 2312 1845 ἐχρῶντο
2331 1777 2478 1847 οἴνῳ.
2504 1777 2911 1851 Αἰσχροκερδὴς
2941 1783 2996 1836 δέ
3021 1785 3233 1853 ἐστιν,ό
3263 1786 3430 1855 μηδὲν
3460 1787 3650 1856 κέρδος

391 1854 684 1908 utebantur
713 1854 862 1910 vino.
896 1855 1079 1924 Turpe
1115 1856 1327 1911 lucrum
1355 1865 1538 1912 autem
1584 1866 1829 1914 sectatur
1870 1860 1962 1929 qui

2072 1868 2506 1940 παραιτούμενος
2575 1872 2681 1927 κᾶν
2750 1873 3076 1946 δθενδήποτε
3267 1854 3539 1932 Ἐνταῦθα
3591 1879 3649 1932 δὲ

388 1944 524 1999 nihil
571 1954 836 2016 quaestus,
889 1945 1253 2017 undecunque
1297 1946 1603 2016 proveniat,
1633 1946 1828 2016 reiicit.
1862 1946 1962 2002 Hic

386 2045 567 2092 autem
633 2051 734 2107 pro
801 2051 911 2093 non
965 2053 1132 2092 avaro
1181 2038 1392 2108 accipe,
1443 2052 1554 2093 non
1608 2039 1753 2110 turpi
1814 2039 1967 2096 lucro

385 2124 707 2185 inhiantem.

457 2219 624 2276 Vens.
648 2222 703 2276 9.
742 2219 1012 2277 Habentes
1046 2222 1354 2292 mysterium
1383 2219 1510 2291 ﬁdei
1560 2221 1613 2275 in
1656 2236 1796 2292 pura
1842 2239 1967 2278 eon-

385 2314 626 2367 scientia.
661 2312 776 2369 Hoc
813 2320 921 2374 est.
972 2314 1068 2384 qui
1102 2325 1468 2385 praeterquam
1502 2313 1647 2383 quod
1693 2314 1963 2368 sinceram

382 2406 691 2459 doctrinam
718 2405 1015 2471 retineant,
1041 2405 1207 2459 vitam
1236 2403 1402 2457 etiam
1429 2402 1963 2474 irrcprehensibilem

387 2497 645 2553 habeant.
676 2497 822 2551 Pura
854 2496 999 2551 enim
1039 2495 1382 2551 conscientia
1437 2506 1521 2550 est
1574 2494 1628 2549 in
1677 2496 1787 2550 vita
1843 2511 1966 2565 quae

384 2589 706 2659 reprehendi
738 2604 848 2642 non
883 2597 1095 2660 potest.

451 2680 618 2738 Vens.
647 2682 732 2737 10.
783 2680 854 2736 Et
886 2682 942 2736 Ιιὶ
981 2691 1156 2736 autem
1177 2680 1464 2751 probentur
1490 2682 1743 2751 primum,
1778 2679 1964 2734 deinde

385 2774 711 2839 ministrent,
767 2773 977 2829 nullum
1025 2775 1220 2829 crimen
1272 2773 1540 2831 habentes.
1598 2773 1961 2840 Quemadmo-

382 2869 513 2923 dum
567 2869 636 2923 ah
685 2868 944 2938 episcopo
984 2867 1281 2939 postulavi,
1312 2867 1513 2937 inquit.
1553 2873 1617 2920 ut
1656 2881 1765 2921 non
1815 2874 1963 2921 esset

382 2960 720 3031 neopliytus,
780 2959 862 3014 sic
911 2971 965 3016 et
1025 2960 1097 3014 ah
1131 2960 1295 3023 istis,
1332 2968 1391 3013 ιιι
1429 2957 1678 3027 _nonnisi
1724 2956 1958 3028 probati,

380 3055 434 3102 et
461 3049 625 3118 longo
657 3058 906 3117 tempore
937 3047 1230 3119 explorati,
1280 3056 1445 3117 atque
1467 3046 1728 3116 ineulpati
1759 3047 1961 3116 reperti

382 3139 869 3208 proveherentur:
949 3139 1092 3194 sicut
1148 3154 1340 3194 reet-ns
1399 3146 1582 3208 empto
1640 3150 1802 3193 servo
1854 3151 1961 3192 non

381 3233 568 3288 statim
613 3233 906 3305 quisquam
951 3233 1148 3289 domus
1192 3248 1306 3289 suae
1379 3248 1571 3288 curam
1633 3231 1960 3297 committet,

382 3326 701 3395 priusquam
731 3334 975 3396 tempore
1000 3325 1262 3396 probatus
1296 3325 1569 3379 videatur.

453 3416 623 3474 Vens.
686 3419 772 3473 11.
837 3417 1089 3473 Mulieres
1146 3418 1393 3473 similiter
1464 3427 1664 3472 castas.
1723 3415 1843 3473 Non
1888 3418 1957 3474 de

338 3508 720 3580 quibuslibet
775 3508 1097 3565 mulieribus
1155 3511 1270 3565 haec
1323 3510 1481 3576 dicit,
1552 3517 1810 3565 caeterum
1889 3508 1956 3563 de

338 3640 345 3647 .
379 3599 738 3657 diaconissis.
779 3600 928 3656 Istud
956 3601 1101 3655 enim
1128 3600 1392 3657 Ecclesiae
1423 3601 1717 3655 admodum
1765 3608 1821 3655 et
1857 3616 1954 3655 ue-

334 3716 339 3719 τ
379 3691 685 3748 cessarium
731 3700 789 3746 et
837 3691 969 3746 utile
996 3701 1080 3746 est
1112 3710 1127 3746 :
1162 3691 1269 3746 nisi
1303 3689 1448 3746 enim
1488 3692 1558 3747 de
1589 3691 1674 3747 his
1703 3691 1954 3761 loquere-

330 3808 337 3813 ~
378 3792 489 3846 tur,
524 3782 655 3854 quid
695 3790 816 3838 erat
838 3783 1245 3849 necessarium,
1274 3796 1398 3837 cum
1432 3781 1499 3837 de
1538 3782 1672 3838 viris
1709 3782 1955 3838 diaconis

328 3875 545 3930 ‘v‘erha
608 3873 835 3940 iaceret,
902 3888 1213 3943 sermonem
1277 3874 1346 3930 de
1404 3873 1730 3930 mulieribus
1785 3873 1955 3929 inter-

376 3965 607 4020 wmm?

236 4078 249 4085 κ
330 4084 337 4095 ι
448 4054 572 4109 Νοη
622 4054 979 4110 detrahentes.
1015 4053 1130 4109 Hoc
1180 4061 1287 4119 est,
1352 4066 1458 4107 non
1511 4052 1950 4118 obtrectatrices,

374 4148 520 4215 quod
570 4162 711 4201 anns
767 4146 984 4213 solent;
1019 4147 1166 4202 ades
1220 4146 1650 4213 circumeuntes,
1689 4155 1851 4217 atque
1885 4144 1952 4201 de

377 4242 477 4293 hac
503 4238 567 4292 ad
603 4238 748 4292 illam
777 4247 1208 4292 murmurantes.

328 4346 335 4355 “
448 4331 688 4386 Subrius.
739 4329 851 4385 Hoc
884 4341 989 4393 est.
1028 4323 1337 4400 vigilantes.
1382 4329 1653 4398 Quoniam
1695 4330 1841 4384 enim
1876 4328 1953 4382 le-

374 4423 461 4477 vis
524 4433 609 4476 est
663 4422 767 4475 iste
828 4435 1020 4487 sexus,
1082 4421 1349 4492 facileque
1389 4420 1465 4475 illi
1508 4421 1713 4490 imponi
1753 4422 1949 4490 possit,

375 4529 554 4584 opera:
582 4514 813 4582 pretium
845 4519 929 4568 est
953 4527 1047 4568 eas
1068 4512 1261 4581 vigiles
1290 4527 1413 4568 esse
1442 4520 1495 4567 et
1528 4511 1843 4582 prudentes.
1872 4519 1876 4525 '

448 4601 660 4657 Fideles
698 4605 753 4656 in
782 4602 1043 4657 omnibus.
1093 4601 1205 4657 lloc
1249 4610 1355 4667 est,
1414 4608 1756 4668 constantes,
1825 4613 1947 4653 cum
2004 4616 2009 4619 ·

1612 4706 1619 4713 ·
1985 4681 2027 4734 D
2058 4700 2158 4745 σας
2187 4680 2279 4734 καὶ
2303 4682 2362 4734 ἐν
2389 4679 2468 4749 τῷ
2498 4679 2644 4750 λόγῳ
2670 4683 2763 4734 καὶ
2800 4682 2857 4734 ἐν
2886 4682 2999 4743 τοῖς
3041 4679 3244 4750 ἔργοις.

375 4698 540 4752 verbo
580 4705 692 4750 tum
717 4696 998 4766 operibus.
1060 4726 1063 4729 -

450 4789 613 4842 Vtilis.
649 4787 737 4841 Η.
779 4786 1004 4840 Diaconi
1044 4785 1161 4839 sint
1193 4785 1353 4841 unius
1410 4784 1596 4838 uxoris
1654 4781 1777 4837 viri.
1842 4779 1949 4835 0h-

376 4896 532 4935 serva
583 4880 677 4950 qui
730 4879 978 4934 eamdem
1044 4892 1072 4932 a
1138 4876 1387 4933 diaconis
1446 4878 1706 4929 virtutem
1769 4872 1951 4941 exigat

374 4986 539 5041 quam
581 4971 648 5026 ab
678 4969 978 5040 episcopis.
1012 4969 1224 5023 Etenim
1257 4980 1513 5039 peraeque
1545 4965 1684 5020 casti
1718 4972 1773 5019 et
1813 4964 1948 5016 irre-

372 5063 773 5134 preliensibiles
798 5076 923 5118 esse
961 5061 1182 5117 debent.

446 5154 551 5222 Qui
583 5155 712 5226 ﬁliis
748 5156 872 5209 bene
902 5155 1145 5226 praesint,
1180 5163 1228 5207 et
1276 5153 1388 5206 suis
1429 5150 1695 5204 domibus.
1734 5146 1949 5216 Ubique

308 5260 313 5265 ·
376 5245 670 5299 liberorum
727 5260 915 5299 curam
969 5243 1145 5315 ponit,
1199 5259 1267 5297 ne
1309 5244 1453 5296 hanc
1502 5241 1574 5295 ob
1613 5242 1726 5294 rem
1767 5240 1947 5295 caeteri

375 5336 693 5391 scandalum
730 5336 1030 5403 patiantur.

446 5424 610 5498 569
643 5423 812 5481 Vens.
860 5428 950 5481 15.
1004 5424 1111 5491 Qui
1151 5426 1289 5480 enim
1339 5424 1464 5479 bene
1505 5424 1946 5488 ntinistrarcrint,

373 5520 595 5593 gradum
625 5519 856 5588 sibiipsis
889 5519 1082 5573 bonum
1116 5518 1424 5586 acquirunt,
1450 5518 1774 5586 multamque
1800 5517 1943 5585 ﬁdu-

374 5610 509 5662 ciam
548 5612 600 5662 in
631 5610 735 5678 fide
762 5610 877 5678 qua
914 5615 994 5662 est
1040 5606 1095 5659 in
1137 5604 1349 5661 Christo
1388 5602 1542 5658 Iesu.
1586 5602 1852 5667 Gradum,
1890 5602 1943 5657 id

1999 2005 2041 2063 Β
2070 1958 2193 2010 ἀντὶ
2227 1960 2321 2013 τοῦ
2376 1962 2453 2033 μὴ
2495 1963 2833 2036 φιλαργύρου
2867 1967 3014 2031 δέξαι
3040 1968 3131 2023 τὸν
3161 1969 3236 2041 μὴ
3259 1972 3645 2042 αἰσχροκερδῆ.

2142 2224 2441 2293 Ἕχοντας
2471 2227 2537 2281 τὸ
2558 2228 2900 2297 μυστήριον
2913 2229 3025 2298 τῆς
3054 2231 3311 2298 πίστεως
3329 2232 3399 2285 ἐν
3418 2232 3647 2301 καθαρᾷ

2034 2313 2438 2383 εσυνειδήσει.
2457 2316 2740 2378 Τουτέστι,
2767 2319 2906 2388 μετὰ
2926 2318 3020 2372 τοῦ
3055 2320 3117 2373 τὸ
3164 2319 3339 2390 δόγμα
3368 2322 3526 2394 ὀρθὸν
3554 2340 3650 2390 τη-

2067 2405 2202 2475 ρεῖν,
2232 2404 2453 2474 ἔχοντας
2475 2407 2568 2460 καὶ
2598 2406 2713 2475 βίον
2760 2407 3152 2479 ἀνεπίληπτον.
3188 2409 3251 2463 Ἦ
3298 2410 3405 2483 γὰρ
3427 2411 3645 2485 καθαρὰ

2067 2492 2371 2567 συνείδησις
2387 2494 2480 2548 ἐπὶ
2509 2494 2609 2567 βίῳ
2647 2497 3078 2569 ἀκαταγνώστῳ.
3278 2528 3287 2537 ι

2136 2670 2245 2728 Kal
2306 2667 2472 2728 οὗτοι
2526 2671 2594 2726 δὲ
2647 2672 3173 2743 δοκιμαζέσθωσαν
3216 2660 3470 2745 πρῶτον,
3515 2679 3643 2734 εἶτα

2063 2763 2557 2832 διακονείτωσαν,
2584 2766 2946 2837 ἀνέγκλητοι
2986 2767 3183 2836 ὄντες.
3217 2770 3449 2843 Ὠσπερ,
3484 2772 3641 2842 φησι,

2065 2852 2155 2907 τὸν
2178 2853 2477 2907 ἐπίσκοπον
2510 2857 2768 2928 ἀπῄτησα
2798 2858 2872 2930 μὴ
2904 2859 3161 2929 νεόφυτον
3189 2856 3352 2926 εἶναι,
3385 2861 3643 2916 οὕτωκαὶ

2062 2944 2287 3010 τούτους
2357 2946 2432 3018 μὴ
2491 2948 2892 3020 ἀδοκιμάστους
2964 2952 3328 3023 προάγεσθαι,
3381 2951 3515 3006 ἀλλὰ
3561 2960 3642 3026 τῷ

2064 3039 2241 3110 χρόνῳ
2271 3038 2720 3110 βασανισθέντας,
2761 3042 2856 3096 καὶ
2879 3043 3146 3112 φανέντας
3178 3046 3220 3078 ¹⁸
3248 3045 3638 3115 ἀνεγκλήτους.

2067 3130 2277 3202 Ὠσπερ
2300 3130 2420 3183 οὐδὲ
2442 3132 2696 3202 νεωνήτῳ
2724 3132 2895 3203 δούλῳ
2933 3134 2975 3164 ¹⁹
2994 3135 3328 3203 προστασίαν
3358 3152 3441 3197 τις
3461 3137 3640 3205 ἐγχει-

2065 3220 2208 3292 ρίσει
2235 3219 2331 3273 τοῦ
2353 3221 2527 3290 οἴκου,
2552 3220 2682 3293 πρίν
2709 3223 2930 3296 δόκιμος
2959 3225 3038 3297 τῷ
3066 3225 3244 3296 χρόνῳ
3268 3229 3434 3298 φανῇ.

2132 3394 2436 3462 Γυναῖκας
2487 3396 2777 3465 ὡσαύτως
2830 3397 3080 3468 σεμνάς,
3131 3402 3206 3453 Οὐ
3244 3402 3372 3471 περὶ.
3396 3401 3503 3458 τῶν
3540 3420 3637 3456 τυ-

2059 3489 2268 3559 χουσῶν
2302 3490 2577 3556 γυναικῶν
2598 3489 2771 3559 λέγει,
2792 3491 2926 3545 ἀλλὰ
2960 3492 3085 3561 περὶ
3120 3491 3231 3544 τῶν
3260 3490 3634 3549 διακονισσῶν.

2058 3581 2274 3665 Σφόδρα
2301 3580 2412 3652 γὰρ
2441 3582 2742 3650 ἀναγκαῖον
2790 3581 2950 3636 τοῦτο
2985 3583 3047 3635 τὸ
3083 3584 3337 3653 πρᾶγμα,
3374 3586 3467 3638 καὶ
3497 3587 3637 3658 χρή-

2060 3688 2219 3740 σιμον
2253 3672 2317 3741 τῇ
2361 3671 2678 3743 Ἐκκλησία.
2710 3672 2774 3725 El
2811 3671 2887 3743 μὴ
2923 3671 3029 3743 γὰρ
3058 3674 3184 3743 περὶ
3228 3675 3431 3728 τούτων
3458 3674 3634 3743 ἔλεγε,

2057 3764 2145 3825 τίς
2165 3763 2324 3835 χρεία
2354 3764 2561 3834 μεταξὺ
2594 3763 2686 3819 τοῦ
2719 3768 2846 3834 περὶ
2866 3765 2972 3817 τῶν
3009 3764 3274 3820 διακόνων
3314 3767 3523 3838 ἀνδρῶν
3546 3767 3636 3822 λό-

2056 3875 2177 3927 γου,
2205 3856 2335 3929 περὶ
2355 3856 2633 3925 γυναικῶν
2661 3857 3063 3931 παρεμϐαλεῖν;

2128 4038 2224 4107 Μὴ
2253 4038 2599 4105 διαϐόλους.
2649 4036 2932 4105 Τουτέστι,
2969 4038 3044 4109 μὴ
3097 4036 3455 4104 καταλάλους,
3492 4037 3633 4109 ὅπερ

2055 4128 2113 4181 αἱ
2140 4126 2362 4199 γραῖδες
2396 4126 2640 4192 εἰώθασι,
2671 4127 2798 4192 τοὺς
2827 4129 3010 4191 οἴκους
3058 4129 3501 4200 περιερχόμεναι,
3540 4130 3633 4185 καὶ

2054 4218 2438 4289 ψιθυρίζουσαι
2469 4218 2537 4272 τὰ
2570 4217 2775 4289 ταύτης
2796 4220 2931 4288 πρὸς
2952 4218 3188 4288 ἐκείνην.

2126 4314 2503 4383 Νηφαλίους.
2543 4313 2823 4380 Τουτέστι,
2889 4314 3345 4385 διεγηγερμένας.
3410 4315 3633 4386 Ἐπειδὴ

2055 4406 2163 4480 γὰρ
2195 4408 2398 4476 κοῦφον
2425 4408 2520 4461 καὶ
2567 4405 2973 4476 εὐεξαπάτητον
3008 4407 3167 4461 τοῦτο
3214 4408 3273 4461 τὸ
3310 4407 3487 4476 γένος,
3529 4408 3632 4473 δεῖ,

2056 4496 2244 4567 φησὶν,
2282 4497 2455 4560 αὑτὰς
2479 4496 2875 4564 διυπνισμένας
2897 4489 3038 4550 εἶναι
3065 4499 3158 4549 καὶ
3187 4494 3469 4566 ἀγχίνους.

2125 4586 2631 4653 Πιστὰςένπᾶσι.
2668 4587 2949 4650 Τουτέστι,
2987 4585 3367 4658 σταθηρότητα
3397 4587 3444 4619 ¹⁰
3479 4585 3632 4657 ἑχού-

2130 4772 2401 4826 Διάκονοι
2429 4770 2710 4824 ἔστωσαν
2732 4767 2875 4836 μιᾶς
2906 4769 3191 4840 γυναικὸς
3228 4768 3461 4836 ἄνδρες.
3489 4769 3632 4837 Ὅρα

2058 4866 2175 4929 πῶς
2203 4865 2303 4934 τὴν
2337 4863 2508 4932 αὐτὴν
2547 4863 2770 4915 ἀπαιτεί
2800 4862 2894 4914 καὶ
2922 4861 3074 4932 παρὰ
3097 4860 3206 4913 τῶν
3227 4860 3489 4913 διακόνων
3503 4863 3634 4929 ἀρε-

2055 4959 2153 5028 τὴν
2178 4957 2244 5026 ἦν
2276 4958 2370 5009 καὶ
2404 4955 2536 5024 παρ’
2565 4952 2899 5008 ἐπισκόπων.
2943 4952 3055 5005 Καὶ⁵
3084 4949 3195 5021 γὰρ
3227 4949 3427 5020 ὁμοίως
3474 4951 3632 5018 ἁγνοὶ

2056 5051 2152 5102 καὶ
2180 5046 2539 5115 ἀνεπίληπτοι
2569 5044 2877 5112 ὀφείλουσιν
2900 5039 3062 5096 εἶναι.

2131 5139 2360 5194 Τέχνων
2414 5133 2614 5201 καλῶς
2659 5133 3106 5203 προϊστάμενοι,
3152 5131 3252 5185 καὶ
3308 5129 3426 5183 τῶν
3466 5130 3633 5185 ἰδίων

2052 5231 2251 5284 οἴκων.
2310 5226 2593 5297 Πανταχοῦ
2657 5225 2841 5296 τίθησι
2869 5225 2969 5295 τὴν
3001 5225 3109 5278 τῶν
3151 5224 3357 5277 τέκνων
3389 5240 3632 5294 προσταο

2057 5324 2198 5383 σίαν,
2232 5322 2318 5373 ἵνα
2360 5319 2434 5389 μὴ
2466 5318 2571 5371 ἀπὸ
2606 5316 2797 5370 τούτου
2845 5318 2897 5368 οἱ
2938 5310 3119 5369 λοιποὶ
3149 5314 3627 5378 σκανδαλίξωνται.

2128 5415 2194 5466 οι
2220 5412 2331 5483 γὰρ
2369 5408 2568 5474 καλῶς
2591 5405 3087 5476 διακονήσαντες,
3128 5403 3371 5475 ,βαθμὸν
3395 5405 3632 5473 ἑαυτοῖς

2055 5506 2248 5560 καλὸν
2280 5500 2750 5570 περιποιοῦνται,
2786 5498 2885 5552 καὶ
2925 5494 3169 5564 πολλὴν
3192 5497 3535 5566 παρῤησίαν
3561 5497 3632 5551 ἐν

2054 5598 2254 5651 πίστει
2294 5591 2368 5662 τῇ
2405 5592 2476 5646 ἐν
2519 5587 2752 5659 Χριστῷ
2783 5587 3012 5657 Ἰησοῦ.
3065 5586 3305 5658 Βαθμδν,
3357 5588 3625 5653 τουτέστι,

1724 5713 1923 5776 Variae
1948 5711 2271 5774 lectiones.

466 5823 509 5853 ¹⁶
550 5824 616 5873 τὰ
650 5820 790 5873 αὗτᾶ
818 5820 986 5891 ἔχειν,
1004 5820 1278 5887 τουτέστι,
1314 5816 1492 5888 φιλοξ.
1523 5831 1577 5872 o.
1657 5815 1700 5849 ³⁷
1733 5814 2005 5883 πονηροὺς
2029 5827 2084 5867 0-

388 5892 614 5962 ροτέρας
645 5907 703 5944 υ.

2176 5810 2218 5842 ’⁸
2240 5807 2504 5878 ὁιρθέντας
2535 5806 2745 5877 ἀθῴους
2768 5822 2842 5861 m.
2920 5804 2965 5839 ”
2988 5802 3177 5874 οἰκέτῃ
3208 5815 3261 5857 0.
3339 5801 3385 5832 "
3416 5801 3625 5871 παθη-
