4078 6426
382 406 454 470 l3
1099 406 1508 469 EXPOSITIO
1548 409 1628 469 IN
1668 407 1907 470 EPIST.
1955 405 1979 465 Ι

2085 407 2116 467 D
2153 410 2469 473 ΤΙΜΟΤΗ.
2502 438 2572 450 ·-
2598 415 2756 477 CAP.
2799 414 2917 476 III.
3581 420 3654 487 50

380 517 684 589 προκοπήν.
717 520 785 574 0i
813 518 927 593 γὰρ
961 521 1020 573 ἐν
1075 523 1188 584 τοῖς
1244 522 1397 576 κάτω
1429 520 1701 588 δείξαντες
1743 520 1971 581 ἑαυτοὺς

2085 527 2179 580 est,
2222 534 2593 588 pregressum.
2625 522 2729 590 Qui
2760 524 2906 578 enim
2941 523 2996 578 in
3035 521 3388 579 inferioribus
3419 539 3540 579 sese
3567 525 3649 577 vi-

381 609 871 679 διετηγερμένους,
934 610 1147 682 ταχέως
1174 611 1268 666 καὶ
1294 614 1386 666 ἐπὶ
1419 611 1488 665 τὰ
1526 610 1785 680 ἀνωτέρω
1820 610 1972 663 ἐλεύ-

387 718 594 766 σονται,
623 701 770 755 ὥστε
799 704 1120 775 παρρησίαν
1150 703 1351 774 πολλὴν
1391 705 1537 773 σχεῖν
1566 706 1624 757 ἐν
1654 706 1718 774 τῇ
1748 702 1931 756 πίστει
1951 718 1966 733 ·

383 793 681 859 τουτέστιν,
713 791 862 848 ὥστε
888 794 1221 866 ἐνδοξότεροι
1266 795 1544 863 γενέσθαι,
1570 797 1675 850 οὐκ
1713 797 1771 850 ἐν
1803 796 1969 860 eam-

386 899 523 951 μασι
571 886 883 953 κοσμικοῖς,
908 885 1032 938 οὐδὲ
1081 886 1141 938 ἐν
1170 886 1472 956 χρήμασιν,
1503 885 1620 938 ἀλλ’
1661 889 1720 939 ὲν
1765 885 1969 947 πίστει,

382 974 411 1025 ὃ
431 975 600 1034 ἐστιν,
628 976 688 1027 ὲν
715 977 857 1028 πᾶσι
881 978 995 1039 τοῖς
1027 977 1171 1031 κατὰ
1203 977 1303 1047 τὴν
1333 978 1513 1032 πίστιν
1552 977 1734 1047 λόγοις
1772 994 1831 1029 τε
1877 974 1975 1030 καὶ

383 1062 591 1129 ἔργοις.
621 1065 933 1119 Τοισιῦτοιοὶ
963 1068 1022 1121 ὲν
1055 1067 1349 1140 Ἐκκλησία
1367 1068 1699 1139 λάμποντες,
1721 1068 1829 1124 ἀπὸ
1856 1068 1974 1122 δια-

383 1154 561 1206 κόνων
591 1156 649 1205 ὲν
678 1155 1098 1227 πρεσὸυτερικῷ
1132 1156 1326 1229 βαθμῷ
1380 1161 1474 1213 καὶ
1498 1161 1864 1231 ἑπισκοπικῷ.

465 1244 655 1299 Ταῦτά
700 1263 800 1300 σοι
868 1249 1090 1319 γράφω,
1136 1250 1392 1311 ἐλπίζίυν
1438 1253 1642 1307 ἐλθεῖν
1687 1256 1839 1321 πρὸς
1900 1254 1977 1309 σὲ

386 1335 623 1405 τάχιον.
659 1339 797 1392 Ἐὰν
822 1338 893 1393 δὲ
924 1341 1233 1407 βραδύνω,
1277 1344 1571 1414 ἵνιθεὶδῇς
1598 1345 1724 1412 πῶς
1772 1346 1868 1401 δεῖ
1911 1347 1979 1402 ἐν

383 1429 532 1493 οἴκῳ
557 1431 705 1482 Θεοῦ
729 1432 1237 1501 ἀναστρέφεσθαι.
1273 1434 1395 1490 Ἵνα
1418 1436 1495 1507 μὴ
1527 1436 1602 1506 τῷ
1626 1439 1753 1508 περὶ
1775 1438 1980 1493 τούτων

382 1520 775 1574 δάτὰττεσθαι
809 1526 890 1587 εἰς
941 1524 1187 1595 ἀθυμίαν
1216 1527 1429 1599 ἐμϐάλῃ
1469 1529 1561 1582 τὸν
1602 1529 1875 1600 μαθητὴν,
1905 1531 1980 1593 ὡς

383 1614 575 1666 οὐκέτι
602 1615 978 1684 ὀφθησομένου
1014 1618 1110 1670 τοῦ
1171 1619 1385 1673 Παύλου
1445 1620 1595 1691 αὐτῷ
1621 1638 1635 1652 ο
1668 1624 1856 1693 φησὶν,
1894 1622 1976 1677 ὅτι

384 1702 463 1755 0-3
492 1703 580 1757 διά
602 1706 761 1760 τοῦτο
785 1707 960 1779 ταῦτα
990 1708 1209 1780 γράφω,
1237 1711 1313 1775 ὡς
1336 1711 1519 1767 οὐκέτι
1552 1712 1758 1783 μέλλων
1770 1714 1947 1768 ἐλθεῖν
1970 1731 1984 1745 ο

384 1795 504 1848 ἀλλ’
564 1797 855 1871 ἐλεύσομαι
897 1804 1036 1873 μέν·
1072 1803 1214 1875 πλὴν
1248 1805 1298 1857 sl
1344 1805 1525 1878 συμϐῇ
1576 1824 1645 1877 με
1688 1806 1977 1878 βραδῦναι,

387 1886 478 1939 ἵνα
510 1887 640 1962 ἔχῃς
667 1889 1020 1947 ὑποτύπωσιν
1060 1893 1176 1959 πῶς
1193 1895 1274 1948 δεῖ
1293 1897 1749 1969 ἀναστρέφεσθαι.
1782 1897 1981 1962 Καλῶς

386 1979 447 2031 δὲ
477 1974 605 2035 εἷπε
643 1983 725 2048 τὸ,
759 1985 1033 2047 ἐλπίζων.
1080 1987 1302 2059 Ἐπειδὴ
1337 1988 1446 2060 γὰρ
1475 1989 1757 2061 Πνεύματι
1787 1990 1986 2059 ἀγόμε-

384 2087 481 2134 νος
506 2073 604 2126 οὐκ
628 2074 743 2146 ᾔδει
783 2076 884 2129 ποῦ
925 2077 1008 2130 δεῖ
1050 2078 1326 2143 ἀπελθεῖν,
1359 2081 1584 2145 εἰκότως
1639 2080 1971 2153 ἀμφιϐάλλει

386 2162 487 2214 καὶ
517 2165 647 2233 περὶ
672 2163 765 2217 τοῦ
793 2165 930 2236 πρὸς
968 2167 1235 2237 Τιμόθεον
1260 2168 1463 2224 ἐλθεῖν.

464 2335 631 2401 ’Πτις
663 2335 837 2393 ἐστὶν
864 2338 1227 2409 κἜκκλησία
1273 2346 1420 2402 Θεοῦ
1463 2344 1699 2414 ζῶντος.
1732 2346 1825 2420 Μὴ
1871 2348 1979 2419 γὰρ

390 2428 561 2498 εἴπῃς
590 2430 636 2461 ⁸⁸
665 2430 747 2483 ὅτι
798 2431 1079 2502 ἄνθρωποι
1130 2436 1302 2507 αὐτὴν
1349 2439 1394 2471 ³⁸
1426 2438 1810 2508 συγκροτοῦσι.
1842 2438 1978 2493 Θεοῦ

328 2572 335 2577 .
391 2521 507 2591 γάρ
538 2523 656 2575 ἐστι
688 2521 913 2588 ζῶντος,
945 2526 1216 2593 τουτέστι,
1262 2529 1496 2600 φοϐεροῦ
1531 2531 1628 2584 καὶ
1664 2531 1977 2603 ὲκδικητοῦ,

390 2616 492 2667 καὶ
525 2615 585 2669 οῦ
616 2616 812 2686 νεκροῦ
844 2620 939 2673 καὶ
982 2620 1265 2687 ἀσθενοῦς,
1297 2618 1399 2676 οἶοι
1442 2624 1493 2676 οἱ
1526 2623 1636 2678 τῶν
1686 2625 1976 2696 Ἑλλήνων.

470 2711 705 2777 Στύλος
732 2712 831 2766 καὶ
886 2714 1181 2787 ἑδραίωμα
1233 2719 1344 2787 τῆς
1365 2721 1675 2789 ἀληθείας.
1716 2723 1979 2778 Ἐνταῦθα

392 2801 493 2855 καὶ
526 2802 662 2873 πρὸς
694 2805 785 2859 τὸν
800 2807 1088 2862 Ἰουδαϊκὸν
1104 2811 1384 2881 συγκρίνει
1411 2814 1538 2868 ναδν
1563 2816 1608 2849 ’³
1630 2815 1728 2886 τὴν
1744 2817 1978 2889 Ἐκκλη-

395 2892 545 2957 σίαν,
561 2895 655 2948 καί
678 2913 845 2966 φησιν
866 2900 950 2953 ὅτι
992 2901 1228 2966 Ἐκεῖνος
1254 2904 1355 2973 μὲν
1378 2904 1586 2970 τύπους
1613 2911 1856 2979 περιεῖχε
1882 2909 1978 2964 καὶ

396 2984 582 3050 σκιὰς,
620 2983 731 3042 οἷον
787 2990 1046 3056 κώδωνας
1102 2995 1197 3049 καὶ
1250 2997 1524 3065 ῥοΐσκους,
1576 3001 1668 3053 καὶ
1714 3002 1977 3073 ἀρχιερέα

394 3076 544 3146 μετά
580 3077 690 3131 τῶν
731 3079 953 3137 θυσιῶν.
1003 3084 1066 3139 Ἠ
1118 3085 1175 3140 δὲ
1226 3087 1525 3160 Ἐκκλησία
1566 3091 1667 3162 τῆς
1718 3093 1978 3163 ἀληθείας

2072 609 2209 680 εἰιυε
2244 611 2564 681 ostendunt,
2600 614 2853 669 celeriter
2888 614 2956 670 ad
2989 615 3272 685 superiora
3308 614 3552 679 venient,
3591 623 3652 668 ut

2075 703 2301 761 multam
2331 702 2583 771 fiduciam
2608 713 2667 771 et
2698 705 3004 761 libertatem
3042 707 3094 761 in
3124 706 3229 772 fide
3257 705 3515 770 habeant,
3551 705 3653 759 hoc

2074 797 2177 853 est,
2213 798 2274 843 ut
2319 790 2653 847 celebriores
2704 791 3018 860 efficiantur
3049 814 3064 849 :
3099 810 3204 850 non
3255 794 3309 848 in
3358 795 3654 848 mundanis

2072 878 2455 950 dignitatibus,
2493 898 2600 939 non
2647 884 2700 938 in
2757 884 3030 955 pecuniis,
3069 884 3164 941 sed
3200 885 3253 940 in
3290 884 3417 946 fide,
3446 885 3500 938 id
3544 892 3647 949 est,

2075 968 2130 1023 in
2162 971 2417 1027 omnibus
2445 988 2577 1043 qum:
2600 983 2730 1028 sunt
2766 974 3070 1031 secundum
3104 975 3288 1039 fidem,
3323 989 3449 1029 cum
3476 974 3655 1029 verbis

2077 1067 2191 1113 tum
2224 1062 2505 1131 operibus.
2542 1061 2703 1119 Tales
2733 1076 2862 1120 sunt
2889 1065 2923 1119 ii
2969 1065 3059 1134 qui
3095 1065 3148 1119 in
3197 1064 3443 1120 Ecclesia
3484 1064 3651 1119 reful-

2078 1160 2226 1222 gent,
2259 1167 2287 1205 a
2318 1153 2568 1209 diaconis
2599 1156 2903 1226 presbyteri
2929 1164 2984 1212 et
3011 1157 3253 1228 episcotti
3288 1154 3440 1212 facti.

2152 1248 2316 1302 Vens.
2352 1248 2440 1313 Η,
2474 1249 2558 1304 iii.
2605 1248 2732 1304 Hcce
2763 1249 2860 1305 tibi
2883 1251 3081 1315 scribo,
3110 1266 3329 1320 sperans
3362 1266 3441 1305 me
3464 1258 3651 1311 ventu-

2082 1358 2197 1394 rum
2239 1341 2308 1395 ad
2346 1352 2390 1395 te
2424 1342 2551 1396 cito.
2586 1341 2647 1401 Si
2678 1352 2855 1396 auten
2903 1342 3208 1407 tardavero,
3254 1352 3311 1396 ιιι
3356 1344 3497 1397 scias
3526 1360 3658 1414 quo-

2083 1434 2237 1487 modo
2269 1443 2505 1500 oporteat
2538 1443 2585 1488 te
2620 1435 2674 1489 in
2704 1434 2863 1488 domo
2895 1434 2990 1489 Dei
3013 1436 3337 1490 conversari.
3362 1434 3443 1491 Ne
3471 1436 3539 1490 de
3571 1430 3660 1488 bis

2084 1524 2451 1594 praecipiendo
2472 1523 2529 1579 in
2554 1524 2831 1579 tristitiam
2870 1524 3131 1593 conjiciat
3182 1523 3660 1595 tlisripulum,ccu

2086 1617 2312 1671 melum
2344 1634 2453 1675 non
2477 1618 2715 1688 amplius
2745 1628 2894 1674 esset
2917 1619 3135 1675 visurus
3161 1632 3177 1672 :
3208 1616 3327 1674 Non
3356 1627 3660 1689 propterea,

2088 1709 2283 1777 inquit,
2326 1709 2441 1764 haec
2475 1711 2679 1773 scribo,
2714 1718 2974 1780 tanquam
3001 1724 3166 1781 porro
3201 1725 3308 1764 non
3332 1710 3435 1764 sim
3468 1719 3663 1765 ventu-

2090 1816 2205 1864 rus,
2245 1802 2458 1855 veniam
2499 1802 2670 1868 enim,
2700 1801 2819 1863 sed.
2859 1803 2906 1857 si
2951 1803 3234 1873 contingat
3286 1818 3372 1858 me
3423 1803 3660 1866 tardare,

2093 1900 2150 1946 ut
2176 1892 2376 1949 habeas
2410 1892 2699 1949 formulam
2723 1902 2776 1949 et
2792 1894 3070 1965 exetnplar
3103 1894 3383 1967 quomodo
3417 1901 3667 1964 oporteat

2091 1990 2143 2036 te
2167 1982 2368 2038 vivere.
2397 1981 2543 2039 Bene
2577 1992 2761 2040 autem
2793 1984 2957 2050 dixit,
2998 2000 3239 2057 sperans.
3275 1983 3589 2040 Cumenim
3631 2002 3665 2038 ιι

2092 2073 2296 2143 Spiritu
2330 2074 2529 2129 ductus
2557 2076 2835 2142 ignoraret
2872 2090 2985 2146 quo
3029 2064 3472 2130 sibi'abeundum
3497 2083 3664 2141 esset,

2090 2180 2198 2219 non
2246 2164 2521 2221 immerito
2567 2165 2782 2243 dubitat
2835 2165 2902 2222 dc
2945 2166 3179 2222 adventu
3227 2180 3330 2221 suo
3372 2166 3439 2222 ad
3472 2164 3665 2229 Timo-

2088 2258 2297 2314 theum.
2386 2288 2391 2292 ο

2159 2348 2292 2415 Quae
2335 2359 2417 2404 est
2463 2350 2707 2406 Ecclesia
2742 2349 2835 2405 Dei
2869 2351 3111 2407 viventis.
3138 2350 3262 2407 Noli
3307 2352 3453 2408 enim
3484 2353 3665 2409 dicere

2085 2439 2230 2511 quod
2259 2455 2326 2495 ex
2364 2440 2679 2497 hominibus
2714 2441 2831 2512 ipsa
2869 2444 2940 2498 sit
2974 2440 3207 2497 conﬂata
3239 2461 3255 2498 :
3283 2441 3379 2499 Dei
3405 2444 3550 2498 enim
3578 2450 3666 2497 est

2086 2531 2325 2586 viventis
2356 2548 2373 2598 ;
2408 2529 2463 2584 id
2504 2541 2612 2593 est,
2661 2531 2929 2587 terribilis
2967 2539 3022 2586 et
3055 2532 3277 2598 ultoris,
3321 2547 3430 2593 non
3459 2534 3663 2591 mortui

2085 2633 2137 2678 et
2175 2623 2403 2689 infirmi,
2442 2623 2636 2694 quales
2669 2635 2798 2678 sunt
2823 2624 3138 2679 Graecorum
3163 2624 3237 2679 dii
3268 2625 3414 2695 vani.

2156 2716 2424 2771 Columna
2452 2725 2501 2772 et
2526 2717 2923 2780 ﬁrmamentum
2955 2717 3217 2772 veritatis.
3244 2717 3347 2772 llic
3367 2732 3492 2772 cum
3524 2725 3664 2773 tem-

2086 2805 2177 2876 plo
2224 2804 2454 2860 Judaico
2506 2804 2801 2859 Ecclesium
2852 2805 3087 2873 confert,
3139 2815 3307 2878 atque
3357 2807 3473 2873 ait:
3526 2806 3663 2871 lllutl

2085 2911 2217 2951 sane
2245 2896 2449 2966 figuras
2473 2903 2528 2953 et
2560 2896 2784 2952 umbras
2816 2897 3076 2963 habebat,
3102 2898 3271 2954 veluti
3297 2898 3666 2953 tintinnabula

2084 2996 2133 3039 el
2169 2985 2568 3065 mala'punica,
2599 2997 2650 3041 et
2680 2988 2996 3058 pontificem
3037 3005 3160 3043 rum
3191 2987 3448 3045 victimis.
3481 2987 3668 3046 Eccle-

2086 3077 2168 3132 sia
2201 3087 2385 3132 autem
2416 3086 2500 3133 est
2525 3089 2706 3135 coetus
2737 3079 2985 3135 veritatis
3018 3097 3034 3137 :
3067 3079 3251 3135 omnia
3272 3080 3418 3135 enim
3457 3097 3580 3149 quae
3610 3080 3661 3133 in

392 3170 824 3263 basiationes;
858 3177 1043 3232 Πάντα
1090 3180 1200 3252 γὰρ
1244 3182 1315 3236 τὰ
1353 3184 1411 3238 ὲν
1465 3186 1606 3258 αὐτῇ
1646 3190 1979 3261 τελούμενα,

2090 3183 2153 3223 ea
2184 3180 2551 3254 peraguntur,
2589 3186 2714 3226 vera
2760 3180 2910 3236 sunt,
2950 3179 3005 3226 et
3053 3170 3187 3227 nihil
3235 3171 3288 3226 in
3321 3187 3384 3226 ca
3424 3182 3508 3226 est
3543 3186 3656 3227 um-

393 3260 653 3332 ἀληθινά,
682 3265 779 3319 καὶ
796 3267 951 3321 οὐδὲν
980 3270 1229 3337 σκιῶδες,
1254 3267 1344 3327 οἷα
1388 3274 1459 3328 τά
1490 3278 1587 3331 τοῦ
1613 3260 1817 3349 νόμου,
1838 3260 1979 3339 Ἀντ1

2094 3260 2338 3327 brosum,
2391 3262 2575 3332 qualia
2632 3270 2760 3316 sunt
2811 3278 2933 3333 quae
2982 3262 3100 3331 lege
3154 3263 3500 3319 sanciantur.
3561 3262 3667 3318 I'ro

395 3353 511 3423 γὰρ
538 3354 825 3424 κωδώνων,
858 3360 1123 3432 κήρυγμα
1151 3363 1426 3437 λαμπρόν·
1446 3368 1571 3421 ἀντὶ
1606 3371 1843 3441 ροῖσκων
1867 3375 1984 3444 βίος

399 3449 870 3519 κατεστεμμένος,
934 3453 1028 3506 καὶ
1098 3453 1244 3508 ἔνδον
1294 3457 1432 3528 ἔχων
1469 3460 1561 3515 τὸν
1604 3465 1850 3535 καρπόν·
1887 3470 1984 3522 καὶ

397 3539 717 3610 ἀρχιερεὺς,
747 3543 874 3609 Υἱὸς
896 3544 1033 3600 Θεοῦ
1061 3563 1076 3579 ο
1102 3549 1197 3601 καὶ
1227 3549 1371 3619 μέγα
1414 3550 1584 3624 θῦμα,
1628 3556 1687 3609 τὸ
1716 3555 1857 3612 θεῖον
1882 3560 1983 3613 αὖ·

395 3628 498 3682 τοῦ
528 3630 710 3700 σῶμα.

474 3721 586 3776 Καὶ
614 3725 1108 3797 ὁμολογουμένως
1128 3730 1281 3801 μέγα
1295 3732 1425 3789 ἐστι
1455 3736 1521 3790 τὸ
1542 3736 1652 3804 τῆς
1671 3741 1985 3810 εὐσεϐείας

391 3815 760 3883 μυστήριον.
783 3818 893 3871 Καὶ
944 3822 1245 3893 μυστήριόν
1279 3825 1429 3880 ἐστιν
1462 3828 1496 3899 ἡ
1532 3828 1675 3900 ὑπὲρ
1708 3831 1870 3901 ἡμῶν
1901 3835 1980 3887 oi-

398 3907 654 3974 κονομία.
679 3908 789 3963 Καὶ
812 3909 988 3980 μέγα,
1016 3913 1112 3966 καὶ
1159 3915 1494 3984 εὐσεϐείας,
1526 3919 1624 3974 καὶ
1648 3923 1984 3993 ὁμολογου-

393 3998 599 4067 μένως
622 4000 799 4069 μέγα.
847 4002 922 4056 Οὐ
972 4003 1082 4075 γάρ
1121 4023 1203 4070 τις
1236 4007 1569 4078 ἀμφιϐάλλει
1611 4012 1739 4083 περὶ
1763 4016 1979 4067 τούτου.

400 4090 528 4155 Πῶς
549 4091 604 4146 δὲ
624 4095 1097 4172 μυστήριον,ὅπερ
1125 4100 1324 4166 πάντες
1356 4102 1503 4158 ἴσασι
1530 4121 1545 4169 ;
1571 4104 1828 4160 Μάλιστα
1858 4107 1983 4178 μὲν,

399 4181 466 4234 οὔ
507 4183 728 4249 πάντες.
758 4186 820 4241 Εἰ
872 4186 929 4242 δὲ
955 4190 1050 4243 καὶ
1094 4190 1298 4256 πάντες
1324 4193 1524 4260 ἴσασιν,
1554 4195 1690 4249 ἀλλά
1721 4195 1837 4261 νῦν,
1878 4198 1985 4269 πρὸ

400 4274 597 4328 τούτου
634 4275 692 4329 δὲ
730 4278 790 4331 οὐ
815 4280 950 4334 πᾶσι
995 4281 1158 4351 δῆλον
1180 4278 1268 4355 ἦν.
1308 4284 1519 4349 Ἀλλως
1541 4300 1625 4352 τε,
1653 4286 1716 4340 τδ
1752 4289 1870 4358 μὲν,
1901 4289 1984 4342 δτι

398 4366 431 4418 ὁ
460 4364 594 4429 Θεὸς
622 4369 936 4441 ὲσαρκώθη,
972 4372 1175 4438 πάντες
1204 4375 1353 4428 ῖσασι
1371 4390 1387 4405 ·
1439 4375 1501 4429 τδ
1526 4377 1583 4431 δὲ
1610 4377 1748 4446 πῶς,
1779 4380 1985 4435 ἀποκέ-

2087 3351 2473 3409 tintinnabulis
2524 3354 2669 3410 enim
2719 3354 2868 3408 clara
2941 3353 3313 3424 praedicatio;
3362 3369 3461 3425 pro
3511 3355 3668 3427 mal's

2085 3445 2300 3514 punicis
2350 3446 2457 3501 vita
2501 3453 2587 3501 est
2616 3453 2902 3513 coronata,
2944 3446 3100 3502 intus
3143 3443 3383 3500 fructum
3436 3444 3666 3501 habens.

2088 3534 2259 3591 Porro
2311 3535 2554 3607 pontifex
2599 3545 2684 3593 est
2711 3536 2884 3592 Filius
2919 3537 3010 3592 Dei
3043 3552 3058 3592 :
3093 3536 3469 3609 magnumque
3496 3535 3668 3591 sacri-

2086 3628 2293 3695 ficium,
2320 3628 2565 3684 divinum
2599 3631 2772 3700 ipsius
2798 3630 3026 3700 corpus".

2157 3719 2323 3778 Vens.
2356 3720 2443 3776 16.
2476 3720 2544 3775 Et
2569 3712 2847 3791 manifeste
2871 3737 3121 3792 magnum
3149 3731 3228 3776 est
3250 3720 3462 3789 pietatis
3486 3734 3670 3774 sacra-

2085 3819 2340 3865 mentum.
2379 3811 2795 3881 Sacrainentum
2825 3810 2942 3865 sive
2983 3809 3305 3880 mysterium
3331 3816 3416 3864 est
3447 3807 3667 3876 dispen-

2085 3904 2226 3957 satio
2250 3902 2337 3956 illa
2372 3916 2469 3971 pro
2507 3901 2666 3957 nobis
2709 3902 2876 3957 facta.
2908 3900 2971 3955 Et
3008 3915 3283 3971 maguum,
3332 3909 3385 3955 et
3427 3901 3665 3967 pietatis,

2085 4003 2141 4050 et
2194 3993 2476 4063 manifeste
2531 4009 2781 4063 magnum
2813 4009 2831 4046 :
2887 4008 2995 4048 non
3047 3992 3193 4049 enim
3244 3991 3537 4071 quisquam
3586 3991 3655 4048 de

2087 4088 2190 4143 hoc
2219 4086 2454 4142 dubitat.
2493 4084 2779 4152 Quomodo
2817 4096 2999 4141 autem
3040 4086 3362 4160 mysterium
3404 4092 3491 4142 est
3521 4085 3665 4155 quod

2086 4194 2275 4234 numes
2305 4177 2612 4233 noverunt?
2636 4176 2868 4233 Maxime
2887 4192 3056 4233 sane:
3085 4193 3192 4233 non
3211 4191 3405 4232 omnes
3440 4182 3664 4232 norunt.
3749 4169 3758 4179 ’

2089 4272 2201 4326 lmo
2243 4272 2350 4327 etsi
2402 4284 2594 4325 omnes
2658 4278 2884 4332 norunt,
2933 4268 2988 4324 id
3042 4277 3224 4325 tamen
3265 4283 3409 4323 nunc
3437 4269 3663 4323 evenit:

2087 4361 2319 4417 antehac
2352 4374 2486 4415 vero
2528 4376 2637 4414 non
2685 4359 2944 4416 omnibus
2987 4360 3164 4429 palam
3208 4357 3328 4413 fuit.
3372 4357 3664 4423 Praeterea,

400 4472 666 4525 κρυπται.
695 4460 802 4513 Καὶ
834 4462 921 4516 διὰ
941 4464 1099 4519 τοῦτο
1130 4467 1432 4539 μυστήριόν
1467 4468 1517 4502 ’⁸
1554 4471 1723 4528 ἐστιν.
1758 4473 1902 4545 Ὅρα
1929 4474 1979 4529 δὲ

2089 4451 2236 4522 quod
2276 4452 2419 4507 Deus
2457 4455 2777 4506 incarnatus
2813 4457 2916 4517 est,
2959 4463 3154 4504 omnes
3185 4457 3455 4502 noverunt
3484 4465 3499 4503 :
3531 4461 3669 4516 quo-

400 4545 508 4618 τὴν
552 4549 689 4618 πρὸς
718 4550 863 4621 ἡμᾶς
887 4554 1109 4625 ἀγάπην
1130 4556 1225 4609 τοῦ
1258 4557 1416 4625 Θεοῦ,
1453 4561 1613 4633 εἰπερ
1669 4562 1730 4617 τὸ
1785 4538 1979 4635 μυστή-

2090 4542 2253 4597 modo
2273 4555 2428 4608 vero,
2455 4543 2788 4597 occultatum
2824 4548 2930 4606 est,
2967 4554 3197 4608 eamque
3214 4538 3284 4592 ob
3314 4552 3429 4591 rem
3458 4546 3666 4608 myste-

407 4655 528 4710 ριον
551 4641 719 4696 αὑτοῦ
750 4644 889 4709 ὅλως
918 4647 1052 4718 ἡμῖν
1080 4649 1371 4721 ἐγνώρισε.

482 4900 630 4967 Θεὸς
651 4901 993 4974 ἐφανερώθη
1021 4906 1092 4960 ἐν
1138 4908 1337 4975 σαρκί.
1382 4908 1602 4980 Ἐπειδὴ
1633 4910 1763 4981 περὶ
1793 4912 1987 4985 ἱερέων

402 4994 435 5045 δ
469 4991 681 5056 Παῦλος
709 4994 1153 5066 διαταττόμενος,
1176 4998 1334 5052 οὐδὲν
1372 5000 1617 5055 τοιοῦτον
1642 4998 1817 5068 εἶπεν,
1872 4999 1987 5058 οἷον

404 5086 471 5138 ἰν
486 5082 568 5154 τῷ
605 5082 894 5157 Λευῖτικῷ,
950 5089 1116 5158 φησι,
1176 5090 1385 5162 Μηδεὶς
1434 5091 1781 5163 θαυμαζέτω,
1823 5097 1872 5150 si
1910 5096 1987 5168 μὴ

402 5176 637 5231 τοιαῦτα
673 5179 1129 5252 μικρολογοῦμαι.
1159 5185 1322 5253 Μέγα
1348 5185 1471 5240 ἐστὶ
1490 5187 1555 5241 τὸ
1576 5188 1868 5259 ἡμέτερον,
1890 5190 1986 5244 καὶ

400 5262 562 5317 οὐδὲν
586 5265 822 5320 τοιοῦτον
856 5268 995 5323 ἐκεῖ.
1039 5270 1303 5327 Ἐνταῦθα
1337 5274 1448 5347 γὰρ
1477 5275 1610 5341 Θεὸς
1639 5278 1983 5351 ἐφανερώθη.

403 5351 535 5417 Πῶς
557 5371 573 5421 ;
592 5354 680 5409 Ἐν
698 5357 884 5427 σαρκί.
925 5358 1006 5431 Τῇ
1037 5358 1147 5431 γὰρ
1177 5361 1395 5434 θεότητι
1426 5365 1680 5437 ἀόρατος.

497 5528 832 5602 totum
889 5535 959 5589 ἐν
1015 5539 1331 5610 πνεύματι.
1382 5544 1452 5597 Ἦ
1488 5544 1643 5599 τοῦτό
1691 5563 1876 5616 φησιν,
1904 5548 1987 5601 ὅτι

2094 4634 2236 4688 rium
2292 4630 2399 4688 est.
2443 4632 2728 4703 Perpende
2767 4639 2952 4687 autem
3013 4631 3338 4686 citaritatem
3388 4628 3481 4683 Dei
3537 4642 3666 4697 erga

2093 4740 2219 4791 nos,
2250 4723 2521 4796 siquidem
2558 4725 2878 4797 mysterium
2922 4738 3087 4780 suum
3123 4722 3349 4778 omnino
3380 4719 3535 4776 nobis
3565 4734 3666 4790 pa-

2093 4817 2301 4874 tefecit.

2187 4906 2329 4963 Deus
2378 4905 2751 4975 manifestatur
2811 4911 2891 4958 est
2951 4903 3005 4957 in
3071 4918 3251 4959 carne.
3298 4903 3440 4969 Quia
3503 4902 3669 4974 επ

2094 4999 2298 5065 Paulus
2330 4998 2399 5053 de
2430 4994 2811 5054 sacerdotibus
2841 4994 3184 5066 prtecipiens,
3214 4995 3352 5049 nihil
3385 4994 3495 5049 tale
3527 4995 3669 5049 dixit

2095 5092 2258 5163 quale
2308 5097 2397 5147 est
2441 5090 2497 5145 in
2557 5088 2843 5145 Levitico:
2877 5085 3069 5153 Nemo,
3119 5086 3319 5157 inquit,
3367 5085 3670 5141 demiretur

2094 5183 2238 5255 quod
2269 5182 2340 5237 de
2369 5181 2537 5237 rebus
2564 5188 2673 5235 tam
2715 5179 2933 5236 levibus
2963 5191 3075 5233 non
3121 5177 3379 5248 disputo:
3410 5192 3666 5249 magnum

2093 5291 2227 5332 sane
2257 5283 2508 5331 nostrum
2550 5281 2658 5338 est,
2685 5280 2738 5327 et
2787 5274 2875 5330 cui
2907 5273 3043 5328 nihil
3088 5271 3162 5326 ibi
3213 5271 3394 5327 simile
3426 5278 3532 5327 est.
3569 5270 3666 5328 Hic

2089 5367 2238 5423 enim
2268 5368 2413 5424 Deus
2441 5365 2824 5422 manifestatus
2873 5374 2983 5420 est.
3009 5360 3341 5431 Quomodo?
3372 5363 3429 5420 In
3472 5381 3663 5422 carne.

2095 5458 2409 5515 Secundum
2454 5471 2692 5528 namque
2718 5454 3059 5512 divinitatem
3088 5462 3175 5511 est
3209 5456 3521 5512 invisibilis.
3566 5457 3573 5465 '

2161 5548 2500 5619 Iusti/iratus
2528 5558 2606 5604 est
2628 5548 2685 5602 in
2713 5548 2925 5616 spiritu.
2953 5545 3045 5604 Vel
3074 5547 3178 5603 hoc
3197 5548 3350 5616 dicit,
3372 5548 3515 5620 quod
3540 5563 3661 5604 rum

1724 5727 1923 5791 Vat-im
1949 5727 2275 5797 lectiones.
2769 5804 2772 5812 λ

479 5818 524 5853 ¹¹
553 5819 670 5896 ἴδῃς
693 5837 747 5880 0-
828 5825 876 5858 ¹²
903 5825 1113 5902 ταύτην
1137 5843 1191 5888 o.
1269 5828 1313 5863 "
1337 5828 1463 5885 λαόν
1479 5846 1533 5888 o.
1609 5832 1654 5866 “
1682 5833 1982 5906 μυστήριόν
2020 5834 2136 5889 ἐστι
2166 5833 2265 5905 τῆς
2299 5831 2431 5904 πρὸς
2454 5829 2602 5903 ἡμᾶς
2631 5828 2849 5900 ἀγάπης
2872 5825 2968 5883 τοῦ
2995 5827 3136 5885 Θεοῦ
3148 5843 3201 5883 o.
