4078 6472
324 471 394 535 53
1094 466 1494 527 EXPDSITIO
1534 466 1610 524 ΙΝ
1645 467 1878 525 EPIST.

2011 469 2073 527 .D
2110 467 2424 528 TlMOTll.
2455 491 2522 500 --
2555 465 2714 527 CAP.
2751 466 2847 527 IV.
3520 467 3587 530 Li

329 581 406 634 im
451 578 623 651 ψευδῆ
678 579 843 642 εἰσιν,
877 576 1259 646 ὑποκρίνονται
1291 577 1366 640 ώς
1423 577 1597 647 ἀληθῆ
1646 577 1786 631 αὐτὰ
1836 579 1909 630 δι-

2021 579 2381 640 mentiuntur,
2440 593 2624 632 vermn
2690 579 2929 631 scientes
2966 575 3100 631 falsa
3146 590 3290 641 esse,
3335 577 3422 632 illa
3468 591 3584 634 tan-

329 673 563 727 δάσκειν.

399 759 1022 828 Κεκαυτηριασμένων
1041 757 1156 826 τὴν
1183 756 1344 812 ἰδίαν
1367 794 1370 798 -
1395 756 1776 824 συνείδησιν,
1803 774 1912 810 κω⁸

333 853 606 906 ,λυόντων
632 849 866 920 γαμεῖν,
903 850 1182 912 τουτέστι,
1207 849 1446 921 πονηροῦ
1485 849 1602 918 βίου
1642 848 1787 901 εἰσί·
1817 848 1911 900 καὶ

332 937 515 1008 ἐπειδὴ
530 939 811 991 συνίσασιν
827 939 1038 1000 ἑαυτοῖς
1051 936 1395 1006 ἀκαθαρσίαν
1412 935 1628 1006 πολλὴν,
1651 935 1740 989 διὰ
1754 934 1846 989 τοῦ
1854 953 1911 988 το

330 1030 391 1082 τὸ
426 1027 665 1091 συνειδὸς
695 1026 878 1081 αὐτῶν
904 1026 1318 1092 ἀνεξαλείπτους
1343 1028 1454 1099 ἔχει
1478 1029 1606 1092 τοὺς
1630 1027 1910 1099 καυτῆρας

332 1119 423 1172 τοῦ
460 1118 709 1190 ῥυπαροῦ
740 1118 879 1189 βίου,
934 1121 1032 1173 καὶ
1058 1118 1334 1173 διαϐάλλει
1370 1119 1463 1172 τὸν
1511 1119 1709 1189 γάμον.
1756 1119 1910 1172 Ἐπεὶ

334 1210 448 1275 εἴγε
483 1208 731 1277 καθαρδς
762 1205 830 1279 ἦν
854 1207 1036 1261 αὐτῶν
1057 1210 1085 1261 6
1119 1207 1252 1278 βίος,
1302 1209 1395 1261 καὶ
1442 1209 1475 1278 ἡ
1510 1209 1814 1278 συνείδησις
1845 1208 1910 1261 ἂν

332 1299 514 1352 αὐτῶν
546 1301 764 1368 καθαρὰ
814 1296 904 1372 ἦν,
933 1300 1029 1354 καὶ
1058 1301 1161 1354 οὐκ
1215 1300 1282 1354 ἂν
1314 1299 1594 1354 διέϐαλλεν
1624 1301 1659 1356 ἃ
1699 1302 1727 1355 6
1775 1301 1910 1364 Θεὸς

334 1395 663 1465 ηὖλότησεν.
697 1393 908 1464 Ὠσπερ
940 1395 968 1446 ὁ
999 1393 1305 1462 στομακιῶν
1332 1393 1608 1446 διαδάλλει
1643 1393 1709 1446 τά
1766 1393 1908 1463 βρ’⁷¹’

330 1502 500 1555 ματα.
561 1485 724 1548 αὐτὸς
751 1487 808 1538 ὲν
833 1485 1010 1554 ἑαυτῷ
1063 1484 1205 1556 ἔχων
1258 1483 1407 1537 ἔνεον
1455 1487 1580 1545 τοὺς
1635 1486 1908 1554 πονηροὺς

328 1575 561 1646 χυμούς.
593 1576 658 1628 Τί
681 1574 812 1641 οὗν;
849 1577 982 1647 Οὐχὶ
1017 1576 1110 1631 καὶ
1147 1579 1308 1647 ἡμεῖς
1365 1575 1647 1646 κωλύομεν
1675 1577 1906 1646 γαμεῖν-ς

333 1669 409 1738 μὴ
448 1667 659 1737 γένοιτο
690 1685 705 1700 ·
733 1667 869 1722 ἀλλὰ
896 1670 1024 1731 τοὺς
1047 1667 1122 1740 μὴ
1151 1667 1510 1738 βουλομένους
1547 1669 1746 1738 γαμεῖν
1773 1684 1908 1739 προ-

325 1759 600 1828 τρέπομεν
633 1760 725 1811 ἐπὶ
755 1758 1072 1828 παρθενίανο
1104 1759 1406 1830 τιμιωτέρα
1443 1759 1543 1828 μὲν
1581 1758 1692 1828 γὰρ
1725 1757 1862 1828 αὕτη
1885 1774 1900 1790 ·

331 1851 451 1904 ἀλλ’
481 1851 584 1906 οὐκ
615 1851 719 1922 ἤδη
783 1851 978 1922 ἄτιμος
1006 1852 1034 1904 6
1057 1850 1256 1921 γάμος,
1290 1848 1483 1922 ὥσπερ
1516 1848 1640 1902 οὐδὲ
1666 1848 1857 1918 ἐπειδὴ
1879 1847 1907 1899 6

2017 685 2180 738 quam
2213 685 2338 725 vera
2374 670 2571 726 docere
2596 670 2882 724 simulant.

2087 761 2152 813 Et
2211 763 2564 817 cauteriatam
2613 761 2918 814 habentium
2984 775 3137 811 suam
3188 759 3580 818 conscientiam,

2012 852 2396 920 prohibentium
2427 854 2640 906 nubere.
2674 851 2786 906 Hoc
2827 860 2934 915 est,
2966 867 3143 922 pravae
3175 861 3303 904 sunt
3330 851 3450 904 vita;
3488 868 3500 904 :
3531 860 3586 904 et

2013 947 2140 1015 quia
2169 945 2377 1005 conscii
2406 946 2509 1000 sibi
2541 950 2669 1000 sunt
2707 943 2889 998 multze
2913 943 3270 1012 impuritatis,
3300 950 3586 1011 propterea

2013 1037 2349 1094 conscientia
2394 1051 2584 1092 eoi-um
2628 1035 2949 1090 indelebiles
2999 1043 3156 1091 notas
3196 1034 3433 1090 sordidae
3462 1034 3589 1091 vita:

2015 1125 2228 1181 inustas
2252 1125 2436 1189 habet,
2464 1133 2626 1194 atque
2647 1123 2782 1178 adeo
2797 1124 3014 1194 nuptias
3038 1123 3426 1178 calumniatur.
3451 1123 3586 1178 Nam

2013 1218 2056 1273 si
2091 1234 2223 1288 pura
2251 1225 2396 1274 esset
2419 1217 2660 1288 ipsorum
2689 1217 2819 1281 vita,
2847 1216 3182 1272 conscientia
3206 1215 3366 1271 simul
3390 1215 3587 1270 munda

2015 1308 2232 1371 fuisset,
2295 1322 2396 1363 nec
2455 1306 2743 1360 criminata
2793 1313 2942 1360 esset
3001 1305 3204 1374 quibus
3237 1302 3379 1359 Deus
3420 1303 3588 1360 bene-

2013 1402 2150 1456 dixit
2184 1420 2197 1454 :
2237 1399 2693 1468 quemadmodum
2723 1398 2814 1467 qui
2845 1397 3130 1452 stomacho
3165 1396 3404 1461 laborat,
3434 1396 3588 1449 cibos

2014 1496 2384 1566 reprehendit,
2434 1509 2558 1548 cum
2617 1495 2734 1565 ipse
2780 1495 2930 1546 intus
2973 1491 3027 1544 in
3058 1493 3238 1558 seipso
3292 1491 3474 1558 pravis
3517 1475 3590 1544 sit

2011 1584 2337 1641 humoribus
2394 1583 2652 1640 infectus.
2705 1583 2848 1650 Quid
2903 1580 3106 1650 igitur?
3149 1578 3341 1634 Nonne
3395 1586 3449 1632 et
3490 1593 3592 1630 nos

2011 1673 2418 1728 matrimonium
2473 1671 2870 1742 prohibemus?
2902 1669 3368 1740 Haudquaquam;
3431 1676 3593 1722 canc-

2010 1780 2129 1820 rutn
2155 1779 2251 1820 eos
2281 1764 2374 1833 qui
2407 1765 2615 1818 nubere
2646 1763 2859 1830 uolunt,
2889 1761 2955 1816 ad
2977 1761 3349 1833 virginitatem
3385 1760 3591 1815 adhor-

2014 1871 2192 1915 tamur
2220 1878 2234 1913 :
2269 1859 2589 1914 honoratior
2615 1859 2759 1914 enim
2801 1864 2888 1914 est
2931 1858 3032 1913 ista
3066 1875 3079 1911 :
3118 1864 3358 1910 attamen
3391 1855 3592 1924 nuptiae

324 1942 527 2013 χρυσὸς
560 1940 901 2012 τιμιώτερος,
935 1943 1131 2013 ἄτιμος
1162 1943 1191 1995 6
1253 1943 1512 2012 ἄργυρος.
1540 1941 1616 1995 T6
1678 1940 1786 2010 γὰρ
1822 1957 1904 1993 τιο

2014 1949 2228 2004 interim
2268 1964 2377 2004 non
2419 1956 2550 2004 sunt
2585 1948 2854 2019 ingloriaa,
2906 1945 3368 2017 quemadmodum
3414 1959 3590 2014 neque

326 2031 622 2103 μιώτερον,
692 2033 876 2102 τιμίου
904 2033 1229 2106 τιμιώτερόν
1264 2034 1378 2086 ἔστι
1405 2049 1420 2063 °
1446 2033 1541 2086 καὶ
1564 2031 1624 2085 τδ
1669 2031 1906 2096 κάλλιον,

323 2123 493 2178 καλοῦ
553 2124 794 2187 κάλλιον,
843 2124 962 2195 οὐχὶ
1023 2123 1215 2180 κακοῦ.
1255 2125 1313 2177 '0
1343 2123 1442 2196 μὲν
1468 2119 1561 2178 οὖν
1594 2123 1911 2192 δυνάμενος,

322 2214 495 2286 ἐχέτω
550 2214 644 2268 τὸν
701 2219 802 2282 τῆς
826 2215 1121 2286 παρθενίας
1150 2216 1380 2286 χρυσόν·
1415 2216 1464 2269 εί
1491 2215 1547 2268 δὲ
1577 2216 1650 2287 μὴ
1672 2216 1910 2280 δύναιτο,

319 2302 412 2356 τὸν
433 2302 528 2356 τοῦ
560 2305 736 2375 γάμου
767 2305 1006 2376 ἄργυρον
1031 2304 1392 2376 ἀναδεχὲσθω.
1651 2289 1663 2300 ί

401 2573 750 2643 Ἆπέχεσθαι
806 2574 1158 2643 βρωμάτιον,
1193 2573 1233 2629 d
1271 2577 1304 2629 ό
1345 2575 1489 2640 Θεὸς
1556 2574 1797 2628 ἔκτισεν
1825 2575 1908 2639 εἰς

316 2665 664 2738 μετάληψιν
684 2668 729 2701 ⁸⁸
760 2667 885 2734 τοῖς
913 2668 1172 2733 πιστοῖς.
1209 2667 1322 2720 Οὐκ
1355 2665 1559 2733 ὀφείλει
1590 2666 1696 2720 ἀπὸ
1729 2667 1909 2720 κοινοῦ

325 2759 516 2812 λαὸεῖν
545 2759 624 2824 τδ,
650 2761 1030 2822 κωλυόντων,
1059 2758 1174 2811 ἀλλ’
1201 2757 1400 2823 ἔξωθεν
1451 2757 1770 2826 προσθεῖναι
1825 2758 1906 2820 τὸ,

319 2850 863 2920 συμϐουλευόντων
917 2851 1248 2920 ἀπέχεσθαι
1281 2849 1640 2919 βρωμάτων.
1701 2849 1765 2902 Τί
1813 2849 1908 2916 se;

318 2943 435 3005 τοῖς
494 2941 742 3004 ἀπίστοις
785 2940 885 2993 οὐκ
933 2941 1114 2994 ἔκτισε
1165 2938 1340 2992 ταῦτα
1391 2940 1574 3002 ὁΘεός
1604 2955 1620 3004 ;
1649 2939 1760 3002 ναὶ,
1793 2937 1910 2992 ἀλλ’

319 3033 477 3087 αὐτοὶ
510 3033 737 3098 ἑαυτοὺς
782 3032 1130 3105 ἀπείργουσι.
1189 3032 1256 3086 Τί
1283 3027 1418 3097 οὗνς
1449 3033 1512 3086 οὐ
1541 3030 1850 3086 κεκώλυται
1875 3033 1910 3102 ὴ

316 3125 500 3196 τρυφή
530 3141 544 3186 ;
587 3128 680 3178 καὶ
725 3126 928 3194 σφόδρα
962 3143 972 3156 ’
1015 3125 1130 3178 ἀλλ’
1167 3124 1265 3194 οὐχ
1293 3125 1324 3194 ἡ
1356 3122 1673 3193 μετάληψις.
1711 3122 1777 3173 Ἦ
1815 3121 1912 3191 μὲν

318 3217 429 3286 γὰρ
492 3216 792 3287 μετάληψις
843 3217 942 3286 τὴν
1022 3217 1368 3286 συμμετρίαν
1397 3215 1586 3286 ἔχει,ή
1630 3215 1688 3268 δὲ
1735 3213 1976 3287 19mph“-

466 3273 732 3378 έμετρίαν
761 3273 828 3366 ίί.
869 3273 1029 3363 ’Ᾱλλὰ
1196 3273 1332 3378 acu}
1366 3312 1398 3378 ἡ
1687 3273 1786 3377 οὑξ
1939 3273 1984 3339 C

317 3399 629 3469 ἀκάθαρτος
682 3401 1004 3467 κεκώλυται,
1059 3402 1172 3454 ἀλλ’
1228 3401 1302 3462 ώ;
1351 3399 1614 3453 ἐκλύουσα
1667 3398 1752 3452 διὰ
1815 3400 1910 3470 τῆς

315 3492 588 3562 ὀμετρέας
617 3492 715 3564 τὴν
735 3493 931 3564 ψυχήν.

390 3589 500 3641 Kal
522 3587 890 3656 ἐπεγνωκόσι
919 3585 1354 3656 τὴν-ἀλήθειαν.
1381 3589 1523 3658 Ἀρα
1543 3591 1612 3643 τὰ
1641 3590 1908 3647 Ἰουδαϊκὰ

315 3678 493 3740 τύπος
522 3673 612 3748 ἦν·
647 3680 742 3731 νῦν
784 3679 893 3748 γὰρ
949 3679 982 3750 ἡ
1039 3679 1289 3750 ἀλήθεια.
1362 3681 1692 3735 Ἐκωλύοντο
1747 3684 1802 3736 δὲ
1854 3686 1902 3738 oi

330 3767 576 3822 Ἰουδαῖοι
605 3771 648 3802 ³⁸
678 3770 784 3823 τών
808 3770 1040 3834 πολλῶν,
1063 3770 1160 3840 οὐχ
1207 3771 1285 3834 ὡς
1347 3771 1699 3844 ἀκαθάρτων,
1766 3775 1904 3829 ἀλλὰ

317 3863 407 3915 ἵνα
479 3861 573 3914 τοῦ
623 3863 834 3934 τρυφᾷν
882 3862 1240 3934 ὲπισχεθῶσι,
1301 3865 1393 3916 καὶ
1476 3866 1562 3919 ῐνα
1641 3883 1903 3937 στενοχωι

319 3953 584 4022 ρηθὲντες
625 3953 732 4006 ἀπὸ
785 3953 892 4007 τῶν
926 3953 1158 4018 πολλῶν,
1225 3958 1320 4009 καὶ
1391 3957 1716 4023 σφάττοντες
1771 3958 1900 4027 βόας

317 4046 415 4097 καὶ
462 4044 734 4115 πρόϐατα,
783 4047 1049 4114 ἐπιγνῶσι
1110 4045 1262 4110 τίνας
1305 4049 1458 4111 θεοὺς
1505 4049 1803 4118 ἐκτήσαντο
1853 4049 1898 4082 ³³

317 4138 367 4188 οἱ
419 4135 729 4202 Αἰγύπτιοι.
797 4136 1079 4208 Ἀλήθειαν
1127 4134 1242 4202 οὖν,
1307 4139 1467 4209 ἢτὴν
1531 4141 1610 4204 εἰς
1657 4141 1893 4210 Χριστὸν

320 4227 509 4282 πίστιν
560 4231 811 4298 νοήσεις·
859 4230 892 4300 ἢ
957 4229 1170 4293 ἁπλῶς,
1226 4233 1338 4293 τοῖς
1392 4231 1735 4296 ἐπεγνωκόσι
1783 4233 1886 4303 τὴν

316 4317 577 4385 ἀλήθειαν
610 4333 625 4348 ’
679 4317 840 4370 ποίαν
889 4318 985 4371 καὶ
1010 4319 1172 4382 εὐθὺς
1195 4321 1412 4389 ὲπάγει.

390 4409 517 4462 Ὅτι
534 4406 660 4462 πᾶν
691 4410 912 4477 κτίσμα
937 4411 1084 4465 Θεοῦ
1106 4413 1316 4466 καλόν.
1342 4414 1524 4467 Πάντα
1547 4409 1675 4484 γὰρ,
1736 4415 1889 4483 φησι,

317 4497 462 4552 καλὰ
495 4499 637 4554 λίαν.
663 4499 844 4554 Εἰπὼν
868 4501 946 4563 δὲ,
972 4502 1192 4571 κτίσμα
1221 4503 1392 4566 Θεοῦ,
1426 4506 1554 4576 περὶ
1603 4507 1711 4559 τῶν
1760 4507 1891 4560 ἐδω-

314 4589 493 4655 δίμων
517 4590 824 4661 βρωμάτων
852 4592 1106 4645 ἁπάντων
1144 4593 1384 4664 ᾐνίξατο.
1407 4595 1518 4648 Καὶ
1549 4595 1649 4666 ἤδη
1681 4613 1891 4667 προκα-
1927 4622 1971 4677 ο

314 4680 507 4751 τασπᾷ
526 4679 626 4751 τὴν
662 4681 872 4752 αἵρεσιν
922 4681 1031 4734 τῶν
1061 4682 1161 4753 τὴν
1226 4685 1520 4755 ἀγέννητον
1564 4685 1696 4757 ’ύλην
1773 4689 1892 4741 εισ-

314 4771 589 4836 αγόντων,
653 4771 748 4824 καὶ
774 4771 988 4840 ἐκείνης
1016 4774 1189 4827 ταῦτα
1212 4774 1480 4830 λενόντων
1509 4773 1669 4831 εἶναι.
1713 4781 1726 4786 ’

387 4943 502 4999 Kai
532 4943 715 4998 οὐδὲν
756 4945 1123 5013 ἁπόϐλὴτον,
1153 4948 1305 5016 μετὰ
1337 4951 1724 5019 εὐχαριστίας
1739 4956 1894 5022 λαμ-

2015 2050 2297 2111 argeutum
2331 2041 2532 2096 nullius
2559 2047 2645 2095 est
2672 2039 2857 2110 pretii,
2903 2039 3031 2108 quia
3063 2052 3255 2092 aurum
3293 2036 3590 2107 pretiosius

2013 2138 2118 2186 est.
2166 2130 2299 2184 Nam
2335 2130 2480 2199 quod
2521 2131 2818 2201 pretiosius
2871 2139 2978 2194 est,
3006 2130 3250 2198 pretioso
3292 2126 3588 2197 pretiosius

2013 2231 2140 2278 est:
2201 2232 2257 2277 et
2298 2221 2444 2292 quod
2495 2223 2694 2277 melius
2730 2231 2836 2286 est,
2872 2223 3016 2276 bono
3067 2221 3263 2275 melius
3313 2227 3418 2280 est,
3479 2234 3586 2272 non

2012 2314 2176 2369 malo.
2211 2314 2314 2381 Qui
2338 2329 2469 2384 ergo
2487 2323 2683 2384 potest,
2713 2313 3047 2383 virginitatis
3079 2327 3272 2366 aurum
3305 2312 3541 2365 retineat
3572 2322 3588 2337 ·

2011 2408 2055 2460 si
2114 2390 2239 2460 vero
2306 2423 2410 2461 non
2493 2407 2706 2477 possit,
2766 2405 3096 2460 matrimonii
3164 2414 3447 2474 argentum
3500 2417 3583 2456 re-

2011 2498 2194 2566 cipiat.

2085 2587 2258 2643 Veas.
2291 2589 2346 2642 5.
2393 2587 2667 2642 Abstinere
2699 2605 2729 2640 a
2758 2587 2914 2648 cibis,
2945 2602 3075 2655 quos
3111 2584 3249 2640 Dens
3293 2585 3484 2638 crearit
3521 2585 3589 2637 ad

2013 2681 2400 2750 percipiendum
2442 2697 2562 2733 cum
2590 2681 2885 2752 gratiarum
2929 2679 3135 2730 actione
3165 2675 3430 2744 ﬁdelibus.
3467 2675 3585 2730 Non

2013 2771 2183 2827 debes
2224 2772 2313 2825 hic
2342 2782 2611 2840 repetere,
2649 2769 3058 2838 prohibentium,
3103 2766 3197 2822 sed
3239 2765 3457 2820 aliunde
3490 2767 3587 2817 ad-

2013 2866 2164 2927 dere,
2207 2863 2596 2919 consulentium
2654 2862 2930 2917 abstinerc
2975 2875 3004 2914 a
3041 2859 3198 2913 cibis.
3241 2855 3381 2924 Quid
3424 2855 3594 2911 vero?

2019 2972 2200 3011 nonne
2245 2967 2300 3011 et
2341 2955 2653 3010 inﬁdi-libus
2692 2955 2832 3008 Deus
2864 2953 3018 3008 cibos
3059 2951 3301 3006 creavit?
3334 2948 3446 3015 Nae,
3491 2949 3586 3005 sed

2017 3048 2119 3117 ipsi
2171 3047 2384 3116 seipsos
2433 3048 2702 3101 inhibent.
2736 3044 2875 3111 Quid
2918 3045 3121 3115 igitur?
3155 3057 3337 3098 nonne
3379 3042 3588 3097 delicia:

2017 3148 2142 3202 sunt
2173 3140 2495 3211 prohibitae?
2525 3139 2778 3201 Omnino,
2816 3136 2911 3190 sed
2942 3150 3047 3190 non
3074 3135 3190 3204 ipsa
3223 3133 3586 3204 partir-ipatio.

2019 3233 2150 3287 Nam
2180 3231 2524 3303 participatio
2547 3229 2977 3285 mediocritatem
3010 3226 3189 3290 habet,
3223 3225 3431 3280 delicia:
3459 3240 3589 3279 vero

2019 3321 2553 3384 immoderationem.
2591 3319 2732 3386 Quin
2751 3320 2913 3374 etiam
2949 3317 3080 3387 ipsa:
3102 3315 3327 3378 deliciae,
3357 3331 3464 3371 non
3497 3331 3588 3371 ve-

2015 3411 2114 3465 luti
2140 3411 2435 3466 immundae
2463 3419 2593 3466 sunt
2625 3409 2930 3480 prohibitus,
2957 3423 3144 3463 verum
3168 3406 3323 3478 quod
3351 3407 3588 3460 animam

2016 3519 2110 3573 per
2139 3504 2563 3562 immoderatum
2605 3517 2766 3557 usum
2799 3501 3121 3556 dissolvant.

2089 3594 2154 3648 Et
2177 3597 2242 3649 iis
2267 3595 2355 3666 qui
2381 3602 2731 3666 cognoverunt
2762 3595 3052 3647 veritatem.
3084 3589 3307 3646 Judaica
3331 3589 3496 3661 igitur
3528 3589 3589 3642 li-

2011 3701 2145 3754 gura
2176 3693 2370 3743 erant:
2399 3699 2546 3739 nunc
2577 3685 2723 3739 enim
2757 3684 2963 3738 veritas
3009 3691 3222 3751 regnat.
3251 3679 3592 3736 Vetabantur

2011 3785 2192 3828 autem
2225 3773 2431 3829 Judaeis
2458 3774 2626 3828 multa
2645 3775 2718 3839 ’⁷,
2756 3788 2862 3826 non
2908 3772 3053 3842 quod
3078 3769 3356 3825 immunda
3380 3777 3589 3828 essent.

2011 3879 2196 3918 verum
2231 3873 2286 3915 ut
2331 3877 2360 3916 a
2413 3864 2540 3917 luxu
2587 3863 2978 3916 cohiberentur
3012 3900 3027 3926 ,
3081 3866 3250 3928 utque
3305 3871 3336 3910 a
3403 3857 3593 3912 multis-

2012 3956 2177 4011 rebus
2237 3954 2486 4016 coerciti,
2547 3963 2603 4007 et
2657 3953 2824 4007 boves
2876 3963 2929 4006 et
2976 3949 3215 4020 pecudes
3261 3955 3588 4010 mactantes,

2009 4054 2370 4117 agnoscerent
2393 4046 2712 4115 qualesnam
2748 4043 2881 4098 deos
2915 4042 3170 4099 fecissent
3203 4040 3464 4120 Egyptii.
3491 4040 3591 4094 Per

2009 4137 2293 4192 veritatem
2333 4137 2524 4206 igitur,
2558 4143 2654 4190 aut
2690 4135 2848 4190 tidem
2877 4135 2931 4188 in
2979 4134 3262 4190 Christum
3293 4133 3586 4202 intelliges,

2008 4227 2168 4297 572
2202 4228 2284 4284 vel
2326 4227 2672 4297 simpliciter,
2723 4227 2790 4282 iis
2829 4227 2923 4298 qui
2974 4237 3352 4296 cognoverunt
3383 4226 3586 4280 verita-

2003 4326 2110 4372 tem
2145 4334 2158 4371 :
2189 4317 2370 4386 qualis
2394 4325 2574 4372 autem
2600 4319 2669 4371 sit
2701 4317 2828 4377 ista.
2865 4316 3053 4371 statim
3087 4314 3277 4370 infert.

2093 4405 2256 4464 Vens.
2305 4407 2361 4463 4.
2429 4408 2584 4474 Quod
2639 4409 2807 4461 omnis
2863 4417 3108 4460 creatura
3157 4404 3253 4459 Dei
3299 4404 3432 4457 bona
3484 4411 3584 4456 est.

2001 4499 2195 4553 Omnia
2242 4497 2410 4564 enim,
2449 4499 2646 4568 inquit,
2699 4497 2854 4551 valde
2903 4497 3045 4550 bona
3105 4494 3349 4550 erant".
3391 4491 3588 4547 Dicens

2003 4601 2210 4655 autem,
2258 4598 2506 4643 creatura
2541 4588 2657 4654 Dei,
2700 4589 2768 4644 de
2805 4586 3062 4642 omnibus
3105 4584 3406 4641 esculentis
3442 4585 3584 4636 clam

1999 4680 2213 4734 locutus
2235 4690 2338 4735 est.
2366 4678 2598 4749 Jamque
2629 4681 2719 4733 hic
2752 4677 2948 4735 refellit
2975 4692 3166 4732 eorum
3205 4675 3437 4731 haeresin
3472 4676 3567 4744 qui

1999 4773 2286 4826 materiam
2340 4787 2449 4826 non
2503 4771 2769 4844 genitam,
2805 4785 2867 4824 ac
2900 4771 3054 4826 cibos
3102 4785 3168 4825 ex
3198 4784 3262 4825 ea
3293 4768 3584 4838 provenire

1989 4873 2260 4918 asserunt.

2071 4950 2237 5007 Vens.
2271 4951 2323 5017 4,
2359 4951 2412 5006 5.
2464 4950 2534 5005 Et
2568 4952 2702 5006 nihil
2745 4962 2823 5006 est
2871 4950 3234 5020 reficiendum,
3280 4949 3420 5021 quod
3463 4964 3582 5002 cum

310 5036 657 5103 (ανόμενον
683 5051 697 5064 ·
747 5036 1038 5106 ἁγιάζεται
1101 5040 1211 5107 γὰρ
1249 5039 1347 5094 διὰ
1371 5045 1558 5110 λόγου
1601 5044 1748 5098 Θεοῦ
1795 5045 1895 5098 και

2011 5045 2298 5112 ιι-ιιιὶανιιηι
2331 5045 2539 5099 actione
2566 5044 2893 5114 percipitur:
2925 5043 3298 5111 sanctiﬁcatur
3338 5040 3471 5094 enim
3491 5055 3581 5108 per

307 5125 667 5192 ἐντεύξεως.
697 5128 908 5182 Οὐκοῦν
933 5131 981 5181 εί
1007 5130 1317 5198 ἁγιάζεται,
1371 5133 1680 5203 ἀκάθαρτον
1711 5134 1898 5188 λοιπόν

310 5219 467 5268 ἐστιν
496 5232 512 5280 ;
542 5217 699 5287 Οὐχὶ,
727 5218 864 5273 ἀλλὰ
887 5220 1029 5274 κατὰ
1065 5223 1413 5294 συγχώρησιν
1453 5225 1612 5279 τοῦτο
1661 5226 1893 5296 τίθησιν.

318 5307 552 5379 Πρῶτον
591 5310 693 5378 μὲν
727 5313 836 5382 γὰρ
886 5313 1032 5366 κατὰ
1080 5313 1332 5368 ἔνστασίν
1381 5334 1568 5387 φησιν,
1623 5318 1706 5371 ὅτι
1748 5319 1900 5373 οὐδὲν

314 5397 655 5469 ἀκάθαρτον,
683 5401 878 5457 ἔπειτα
909 5406 1048 5458 κατὰ
1078 5407 1449 5477 συγχώρησιν,
1482 5408 1692 5478 Δῶμεν,
1712 5411 1900 5479 φησὶν,

317 5489 404 5542 ὃτι
445 5491 657 5559 γίνεταί
683 5511 734 5548 τι
759 5495 1094 5567 ἀκάθαρτον·
1123 5498 1236 5552 ἀλλ’
1274 5499 1416 5570 ἔχεις
1464 5499 1563 5571 τὴν
1618 5501 1862 5573 ἰατρείαν
1885 5518 1899 5533 ·

392 5647 438 5679 ⁸⁷
469 5645 644 5705 Levit.
674 5665 753 5719 xl,
784 5651 820 5706 2
855 5667 1020 5724 seqq.
1092 5653 1138 5685 ³⁸
1181 5653 1320 5710 Gen.
1353 5671 1391 5722 ι,
1415 5656 1506 5712 Si.

2007 5135 2220 5190 verbum
2253 5133 2351 5189 Dei
2394 5143 2445 5190 et
2492 5135 2806 5190 orationem.
2851 5134 3068 5202 Ergone
3101 5132 3148 5188 si
3181 5132 3581 5190 sanctitlcatur,

2008 5225 2353 5281 immundum
2379 5226 2504 5281 est?
2538 5225 2780 5291 Minime,
2813 5241 3000 5280 verum
3041 5238 3137 5295 per
3171 5221 3580 5278 concessionem

2009 5318 2116 5372 hoc
2145 5318 2323 5387 ponit.
2351 5315 2484 5370 Nam
2517 5319 2752 5386 primum
2779 5332 2874 5385 per
2910 5314 3415 5378 instantiam-dicit,
3447 5311 3585 5366 nihil

2006 5423 2132 5464 esse
2154 5408 2496 5462 immundum
2525 5425 2538 5462 :
2571 5407 2766 5462 deinde
2788 5422 2880 5476 per
2897 5407 3334 5468 concessionem,
3359 5403 3580 5464 Demus.

2005 5501 2206 5573 inquit,
2261 5504 2407 5570 quod
2467 5499 2727 5570 quiddam
2765 5500 2836 5554 sit
2869 5482 3210 5553 immundum
3239 5513 3253 5563 ;
3280 5495 3376 5553 sed
3411 5495 3580 5550 habes

1666 5771 1869 5834 Varia:
1891 5769 2220 5838 lectiones.

395 5871 440 5900 "‘
467 5869 764 5942 μετάληψιν
799 5869 947 5940 μεεᾶ
986 5869 1338 5940 εὐχαριστίας
1371 5888 1441 5927 ιιι.
1521 5872 1564 5905 ³⁸
1597 5872 1873 5943 ἁμαρτίαν
1902 5889 1956 5960 ο.
2032 5873 2076 5906 "
2106 5873 2375 5930 Ἰουδαίων
2409 5873 2587 5945 πλήθη
2613 5890 2667 5932 ο.
2745 5875 2790 5908 ³³
2814 5872 3077 5944 ἐποίησαν
3099 5886 3155 5930 ο.
3199 5854 3204 5857 Δ
