4078 6492
488 457 558 560 55
1407 505 1980 569 THEOPHYLACTI
2020 506 2433 569 BULGARI/E
2465 506 2824 585 ARCHIEVP.

3616 499 3743 575 ’56

484 613 813 672 medicinam
855 633 869 670 :
903 615 1081 686 signa,
1110 617 1317 686 gratias
1333 631 1450 687 age,
1477 617 1718 687 gloriﬁca
1767 616 1958 683 Deum,
1995 633 2058 671 ac

2169 616 2486 686 σφράγισον,
2522 616 2940 688 εὐχαρίστησον,
2988 617 3212 684 δόξασον
3280 618 3372 672 τὸν
3435 616 3592 684 Θεὸν,
3645 619 3743 673 καὶ

487 705 669 762 deﬁcit
691 704 1054 760 immunditia.
1081 704 1212 759 Nam
1231 707 1524 776 gratiarum
1552 706 1694 760 actio
1711 716 1906 760 cuncta
1929 722 2065 775 pur-

486 806 619 869 gat:
648 796 741 867 qui
771 810 902 851 vero
936 797 1185 868 ingratus
1222 805 1325 858 est,
1362 796 1479 867 ipse
1532 802 1617 852 est
1663 795 1980 853 immundus
2008 807 2066 852 et

491 888 762 959 pollutus.
802 888 940 944 Num
978 891 1146 960 igitur
1192 890 1339 959 quod
1375 890 1534 945 idolis
1572 898 1657 945 est
1699 891 2061 956 immolatum,

493 983 641 1036 hunc
674 982 730 1036 in
765 983 984 1036 modum
1014 980 1283 1037 mundare
1303 980 1651 1052 possumus?_
1667 982 1988 1048 Possumus,
2018 983 2064 1037 si

488 1074 812 1144 ignoremus
880 1074 1239 1145 idolothytum
1302 1089 1447 1129 esse.
1503 1075 1560 1128 Si
1632 1090 1760 1129 vero
1827 1075 2064 1130 scientes

487 1163 911 1233 sumpserimus,
941 1164 1204 1217 immundi
1241 1178 1453 1229 smnus,
1498 1167 1757 1234 nonquia
1791 1165 1919 1219 illud
1949 1166 2066 1220 inlo-

486 1253 751 1326 lotliytum
775 1253 868 1318 sit,
893 1256 987 1309 sed
1012 1254 1141 1324 quia
1173 1271 1273 1311 nos
1294 1255 1464 1326 legem
1492 1256 1822 1326 transgressi
1850 1271 2061 1320 sumus,

489 1346 895 1417 praecipientem
927 1361 1036 1401 non
1075 1347 1589 1402 communicandum
1636 1363 1835 1402 mensae
1864 1348 2067 1419 daemo-

483 1438 725 1494 niorutn.
757 1438 1022 1496 Voluntas
1048 1441 1232 1511 itaque
1255 1448 1348 1496 tua
1370 1440 1722 1511 coinquinata
1753 1449 1857 1507 est,
1879 1449 2063 1513 utpote

487 1534 619 1603 quia
649 1549 772 1588 non
801 1535 1228 1605 obtemperasti;
1255 1550 1365 1590 non
1387 1535 1545 1590 cibus
1576 1544 1775 1591 natura
1812 1534 1913 1589 fuit
1948 1536 2064 1605 pol-

488 1623 659 1680 lutus.

558 1716 728 1772 Vens.
759 1716 813 1771 6.
850 1714 977 1771 llwc
1003 1732 1299 1786 proponens
1336 1719 1619 1788 fratribus,
1648 1718 1811 1775 bonus
1837 1720 1940 1774 eris
1963 1719 2064 1773 mi-

489 1811 654 1864 nister
680 1806 811 1863 Jesu
835 1808 1054 1864 Christi.
1088 1809 1233 1877 Haec,
1265 1810 1493 1880 qualia?
1529 1810 1688 1876 Quod
1740 1813 2060 1882 mysterium

491 1918 751 1973 magnum
781 1909 886 1968 est,
914 1911 969 1958 et
1006 1903 1152 1974 quod
1196 1902 1277 1958 sic
1327 1904 1605 1960 abstinere
1633 1918 1663 1957 a
1703 1904 1839 1959 cibis
1880 1914 1931 1958 et
1959 1920 2059 1958 nu-

487 1993 637 2060 ptiis,
659 1992 911 2048 doctrina
944 1992 1343 2048 daemoniorum
1364 2002 1469 2059 est,
1505 2001 1559 2047 et
1584 1993 1689 2048 alia
1718 2009 2056 2065 quartumque

485 2084 756 2153 praedixit.
813 2084 952 2151 Quid
987 2094 1168 2141 autem
1203 2092 1307 2150 est,
1339 2086 1671 2155 proponens?
1696 2085 1826 2150 Pro,
1859 2100 2059 2141 consu-

488 2175 631 2231 lens.
663 2173 783 2230 Non
822 2175 982 2240 dixit,
1015 2173 1370 2246 Praecipiens,
1412 2189 1755 2246 nequaquam
1791 2176 1937 2232 enim
1967 2175 2057 2232 hic

487 2275 575 2323 est
594 2267 918 2323 auctoritas.

560 2355 843 2412 Enutritus
869 2358 1035 2412 verbis
1068 2358 1193 2427 ﬁdei
1211 2368 1262 2413 et
1293 2358 1549 2414 doctrina:
1582 2359 1750 2427 bonas,
1776 2376 1932 2431 quam
1969 2376 2065 2437 as:

488 2460 699 2504 secutus
741 2466 817 2503 es.
853 2448 1028 2519 Supra
1063 2449 1200 2505 dixit
1233 2469 1247 2506 :
1284 2448 1409 2506 Haec
1440 2451 1563 2507 aliis
1611 2468 1854 2523 propone
1886 2467 1901 2507 :
1943 2453 2057 2522 jam

491 2555 622 2597 vero
652 2543 729 2596 ait
759 2561 772 2596 :
805 2539 887 2597 Tu
916 2541 1034 2612 ipse
1064 2542 1226 2597 etiam
1270 2542 1599 2607 innutritus,
1627 2543 1731 2599 hoc
1746 2550 1851 2610 est,
1878 2544 2059 2599 conti-

490 2650 603 2691 nuo
636 2643 691 2692 et
727 2634 918 2691 sedulo
958 2636 1146 2691 eadem
1180 2651 1413 2693 versans
1440 2637 1647 2704 animo,
1681 2648 1739 2693 et
1767 2639 1931 2695 veluti
1964 2655 2059 2693 ru-

491 2725 732 2782 minans.
759 2726 1148 2784 lnccssabilem
1171 2728 1318 2783 enim
1351 2727 1418 2782 ad
1448 2728 1564 2784 haec
1593 2734 1954 2784 attentionem
1976 2730 2061 2785 in-

489 2814 705 2883 dicans,
753 2817 910 2883 dixit,
946 2818 1231 2873 enutritus.
1254 2817 1491 2875 Perinde
1528 2818 1675 2874 enim
1716 2828 1778 2875 ut
1814 2820 2061 2891 corporis

491 2906 808 2963 alimentum
861 2923 1076 2978 semper
1121 2910 1433 2965 sumimus:
1466 2909 1547 2966 sic
1586 2909 1710 2965 ﬁdei
1759 2910 2062 2966 rationibus

493 3009 551 3056 et
577 2998 929 3056 sermonibus
955 3015 1173 3071 semper
1201 3017 1305 3057 nos
1334 3010 1553 3074 oportet
1575 3002 1860 3059 innutriri.

506 3176 509 3179 ’
562 3174 731 3232 Visus.
776 3178 830 3232 7.
875 3177 1089 3246 Ineptas
1122 3187 1295 3233 autem
1329 3189 1378 3234 et
1413 3179 1582 3236 aniles
1616 3180 1831 3250 fabulas
1866 3180 2060 3236 devita.

494 3266 610 3323 Hoc
638 3276 746 3332 est,
778 3275 903 3325 tuos
933 3269 1319 3325 commoneiac
1353 3285 1544 3327 eorum
1581 3287 1703 3342 quae
1733 3270 1847 3327 dixi
1885 3290 1899 3327 :
1933 3288 2063 3327 con-
2092 3307 2136 3364 ο

491 3368 578 3416 tra
605 3375 898 3431 perversos
924 3374 1105 3416 autem
1137 3377 1205 3416 ne
1237 3361 1544 3419 descendas
1569 3362 1623 3418 in
1654 3378 1876 3418 arenam
1906 3380 1921 3418 :
1955 3380 2065 3418 non

493 3450 639 3508 enim
670 3459 824 3521 potes
848 3452 957 3507 illis
986 3452 1270 3521 prodesse,
1301 3454 1405 3508 uisi
1438 3454 1711 3531 siquando
1742 3455 2064 3511 scanda'um

495 3542 942 3609 subnasceretur,
987 3542 1153 3597 veluti
1206 3558 1308 3598 nos
1358 3552 1581 3615 propter
1636 3545 2067 3600 imbecillitatem

497 3648 731 3703 pugnam
776 3634 1046 3690 adversus
1090 3634 1240 3704 ipsos
1282 3635 1588 3690 detrectare
1621 3635 1925 3690 videamur.
1966 3634 2069 3691 Fa—

494 3725 653 3782 bulas
678 3734 884 3790 autem,
916 3725 1174 3780 Judaicas
1198 3725 1615 3781 observationes
1646 3726 1801 3787 dicit.
1830 3727 1912 3781 vel
1939 3728 2067 3796 quia

493 3816 884 3873 commentitias
927 3825 1077 3884 sunt,
1110 3817 1196 3872 vei
1243 3818 1371 3887 quia
1420 3817 1836 3886 intempestivae.
1874 3817 2066 3887 Cogita

494 3908 639 3965 enim
684 3908 743 3964 in
792 3908 976 3964 animo
1011 3908 1187 3965 virum
1228 3909 1455 3980 triginta
1488 3908 1648 3981 573
1676 3925 1851 3964 annos
1878 3919 2065 3963 natum

490 3999 698 4054 iactere
728 3998 1022 4063 volentem,
1063 4014 1225 4068 quam
1256 3997 1524 4054 ridiculus
1550 4000 1674 4062 erit,
1701 3999 1844 4069 quod
1871 3998 2065 4053 inte-n-

497 4091 705 4160 pestive
740 4089 847 4145 hoc
890 4090 1094 4144 faciat?
1133 4090 1323 4146 Aniles
1369 4105 1521 4157 vero,
1570 4090 1718 4160 quod
1774 4090 2070 4159 antiquata:

497 4182 608 4236 sint
653 4198 667 4235 :
714 4179 959 4249 profante
1023 4190 1201 4235 autem
1255 4189 1309 4235 et
1367 4180 1699 4245 immundae,
1781 4191 2068 4252 propterea

497 4272 647 4342 quod
698 4273 854 4328 tidem
900 4271 1221 4342 impediant.
1260 4271 1316 4327 lu
1363 4279 1569 4327 metum
1603 4273 1748 4327 enim
1792 4273 2069 4343 conjicere

499 4361 761 4429 animam,
795 4378 918 4434 quae
951 4362 1037 4418 liis
1061 4362 1319 4418 omnibus
1341 4363 1684 4419 caeremoniis
1713 4364 2069 4421 excellentior

499 4453 572 4509 sit
596 4452 758 4515 facta,
796 4452 1204 4508 immundorum
1239 4459 1326 4509 est
1367 4460 1787 4523 praeceptorum.

571 4542 771 4600 Ezerce
809 4554 986 4600 autem
1033 4547 1255 4616 teipsum
1290 4546 1358 4599 ad
1390 4545 1655 4613 pietatem.
1714 4543 1825 4601 Hoc
1853 4554 1960 4609 est,
1995 4545 2065 4601 ad

2166 710 2466 763 ἀποπίπτει
2520 708 2906 779 ήάκαθαρσία.
2981 708 3047 762 Ἦ
3112 709 3209 780 μὲν
3262 709 3371 781 γάρ
3425 709 3746 781 εὐχαριστία

2165 800 2343 853 πάντα
2369 798 2676 870 καθαρίζει.
2719 798 2777 851 '0
2808 801 3106 870 ἀχάριστος
3137 800 3195 853 δὲ
3261 802 3357 854 καὶ
3390 800 3553 862 αὐτὸς
3608 799 3745 853 ἀκά-

2166 892 2363 963 θαρτος
2410 891 2504 945 καὶ
2534 890 2753 964 μιαρός.
2816 888 2962 963 *Λρα
3015 886 3110 947 οὖν
3144 893 3239 947 καὶ
3291 892 3353 947 τὸ
3396 890 3744 946 εἰδωλόθυτον

2167 983 2310 1036 οὕτω
2338 981 2989 1055 δυνάμεθαίκαθαίρεινς
3042 984 3171 1048 Ναὶ,
3236 985 3332 1038 ὲὶν
3394 984 3468 1055 μὴ
3511 984 3745 1051 εἰδῶμεν

2164 1074 2247 1128 ὅτι
2269 1072 2618 1128 εἰδωλόθυτόν
2644 1076 2793 1142 ἐστιν
2815 1093 2829 1107 ·
2865 1075 2961 1129 ἐὰν
2983 1076 3037 1129 δὲ
3066 1076 3290 1152 γνόντες
3319 1074 3738 1145 μεταλάϐωμεν,

2166 1164 2465 1235 ἀκάθαρτοί
2492 1168 2681 1234 ἐσμεν,
2711 1166 2809 1237 οὐχ
2838 1166 2921 1220 ὅτι
2977 1168 3156 1221 ἐκεῖνο
3189 1165 3541 1221 εἰδωλόθυτόν
3570 1168 3742 1228 ἐστιν,

2165 1256 2279 1310 ἀλλ’
2310 1256 2390 1310 ὅτι
2418 1258 2580 1328 ἡμεῖς
2618 1257 2783 1327 νόμον
2819 1257 3166 1328 παρέϐημεν,
3217 1257 3311 1311 τὸν
3342 1257 3631 1311 κελεύοντα
3666 1255 3742 1327 μὴ

2165 1350 2442 1402 κοινωνεῖν
2474 1349 2752 1419 τραπέζης
2774 1349 3088 1418 δαιμονίων.
3118 1350 3281 1403 Ὥστε
3312 1349 3345 1419 ἡ
3375 1348 3442 1418 σὴ
3485 1346 3746 1416 προαίρε-

2168 1456 2251 1503 σις
2286 1440 2622 1510 μεμόλυνται
2655 1441 2731 1504 ὡς
2774 1441 3242 1513 παρακούσαντοςο
3276 1440 3337 1494 οὐ
3378 1440 3438 1493 τὸ
3457 1439 3652 1512 βρῶμα
3673 1434 3743 1511 ἦν

2168 1531 2364 1603 μιαρὸν
2387 1530 2569 1601 φύσει.

2240 1714 2432 1771 Ταῦτα
2459 1715 2886 1784 ὑποτιθέμενος
2933 1712 3056 1781 τοῖς
3101 1714 3410 1784 ἀδελφοῖς,
3459 1712 3743 1779 διάκονος

2163 1805 2279 1875 ἔσῃ
2308 1805 2496 1871 καλὸς
2537 1804 2731 1874 Ἰησοῦ
2749 1804 3031 1874 Χριστοῦ.
3061 1803 3266 1870 Ταῦτα,
3303 1806 3470 1872 ποῖα;
3529 1804 3648 1857 Ὀτι
3681 1803 3743 1857 τὸ

2168 1897 2466 1967 μυστήριον
2493 1896 2638 1966 μέγα
2671 1896 2821 1949 ἐστίν
2844 1912 2857 1926 ·
2887 1894 2968 1948 ὅτι
2999 1894 3060 1949 τὸ
3094 1894 3396 1966 ἀπέχεσθαι
3457 1894 3599 1949 οὕτω
3635 1894 3740 1960 γά·-

2168 2005 2269 2060 μου
2294 1989 2388 2041 καὶ
2420 1988 2748 2060 βρωμάτων,
2783 1987 3055 2057 δαιμόνων
3115 1989 3259 2051 ἐστὶ,
3300 1988 3395 2041 καὶ
3452 1987 3554 2040 ὅσα
3605 1986 3741 2041 ἄλλα

2162 2083 2411 2150 προεῖπε.
2441 2081 2506 2134 Τί
2536 2082 2592 2135 δέ
2614 2082 2781 2145 ἐστιν,
2803 2078 3223 2149 ὑποτιθέμενος
3244 2097 3265 2146 ;
3297 2080 3440 2134 ’Λντὶ
3461 2078 3579 2143 τοῦ,
3604 2095 3665 2132 συ
3674 2096 3742 2147 μ-

2163 2171 2451 2227 ϐουλεύων.
2480 2173 2593 2227 Οὐκ
2626 2167 2800 2239 εἶπεν,
2838 2173 3173 2227 Ἐπιτάττων
3199 2188 3212 2202 ο
3243 2168 3477 2241 οὐδαμοῦ
3505 2168 3615 2239 γὰο
3643 2169 3742 2224 αὐ-

2163 2263 2346 2318 θεντία
2382 2261 2635 2317 ἐνταῦθα.

2245 2359 2708 2428 Ἓντρεφόμενος
2751 2357 2877 2424 τοῖς
2908 2345 3113 2429 λόγοις
3163 2356 3274 2425 τῆς
3324 2357 3583 2421 πίστεως
3644 2352 3745 2407 καί

2163 2450 2274 2519 τῆς
2326 2449 2521 2520 καλῆς
2581 2448 3002 2517 διδασκαλίας,
3085 2442 3126 2521 ᾖ
3178 2447 3744 2517 παρηκολούθηκας.

2164 2537 2353 2607 Εἶπεν,
2372 2542 2457 2596 ὅτι
2496 2539 2820 2595 ’Υποτίθεσο
2843 2545 2956 2606 τοῖς
2983 2541 3162 2604 ἄλλοις
3192 2539 3366 2595 ταῦτα
3387 2554 3402 2569 ’
3429 2538 3523 2592 νῦν
3555 2553 3742 2609 φησιν,

2163 2636 2244 2690 ὅτι
2274 2635 2385 2688 Καὶ
2410 2632 2575 2696 αὐτὸς
2614 2633 2678 2687 σὺ
2709 2625 3129 2703 ἑντρειρόμενος,
3168 2631 3440 2693 τουτέστι,
3499 2628 3743 2699 συνεχῶς

2164 2725 2234 2780 τὰ
2263 2723 2404 2780 αὐτά
2435 2724 2708 2795 στρέφων,
2752 2724 2845 2778 καὶ
2894 2719 3006 2777 οἷον
3068 2720 3601 2793 ἀναμηρυκὼμενος.
3668 2718 3744 2773 τὸ

2164 2821 2273 2892 γὰρ
2294 2819 2640 2873 ἀδιάλειπτον
2667 2817 2765 2887 τῆς
2794 2817 2875 2880 είς
2897 2817 2964 2870 τά
2989 2813 3212 2871 τοιαῦτα
3244 2813 3515 2886 προσοχῆς
3539 2810 3737 2883 δηλῶν,

2166 2905 2287 2963 εἷπε
2344 2907 2425 2971 τὸ,
2473 2906 2928 2978 ἐντρεφόμενος.
2962 2906 3174 2977 ’Ὠσπερ
3205 2904 3313 2975 γὰρ
3342 2903 3440 2974 τὴν
3497 2918 3742 2971 σωματι-

2167 3000 2271 3073 κὴν
2300 3000 2504 3070 τροφὴν
2537 3000 2624 3053 ἀεὶ
2653 2998 3005 3070 λαμϐάνομεν
3028 3014 3041 3028 ο
3067 2996 3210 3051 οὕτω
3229 2996 3322 3050 καὶ
3351 2996 3464 3058 τοῖς
3489 2994 3618 3063 περὶ
3640 2990 3742 3062 τῆς

2168 3092 2406 3154 πίστεως
2435 3090 2617 3160 λόγοις
2651 3090 2738 3144 ἀεὶ
2761 3089 2841 3143 δεῖ
2867 3087 3249 3159 ἐντρέφεσθαι.

2263 3181 2414 3248 Τοὺς
2465 3178 2854 3249 δὲβεϐήλους
2882 3179 2977 3232 καί
3012 3176 3294 3246 γραώδεις
3325 3173 3555 3245 μύθους
3592 3186 3743 3239 πιιρα

2169 3272 2357 3328 αιτοῦ.
2425 3271 2709 3335 Τουτέστι,
2741 3270 2854 3333 τοῖς
2879 3269 2977 3339 μὲν
3014 3273 3126 3331 σοῖς
3159 3266 3416 3338 παραίνει
3461 3264 3498 3319 ἃ
3531 3258 3685 3316 εἷπον
3723 3278 3738 3293 ·

2169 3364 2306 3435 πρὸς
2331 3363 2389 3417 δὲ
2416 3363 2541 3426 τοὺς
2572 3360 3064 3432 διεστραμμένους,
3111 3356 3247 3431 μηδὲ
3307 3359 3387 3421 εἰς
3431 3354 3743 3427 γυμνασίαν

2168 3455 2445 3526 καταϐῇς’
2472 3456 2532 3508 οὐ
2572 3453 2681 3524 γάρ
2718 3454 2868 3506 εστιν
2893 3451 3090 3514 αὐτοὺς
3124 3450 3423 3519 ὠφελῆσαι,
3477 3446 3615 3516 πλὴν
3663 3443 3743 3498 δίο

2167 3567 2299 3603 ποτε
2334 3547 2625 3603 σκάνδαλον
2655 3544 2950 3616 ἀναφύοιτο
2976 3543 3064 3608 ⁸³⁸,
3090 3543 3166 3606 ὼς
3182 3541 3251 3595 δι’
3273 3539 3556 3611 ἀσθένειαν
3581 3536 3744 3607 ἡμῶν

2169 3640 2624 3711 παραιτουμένων
2689 3639 2790 3709 τὴν
2829 3636 2965 3708 πρὸς
3014 3634 3215 3698 αὐτοὺς
3277 3632 3479 3703 μάχην.
3522 3629 3745 3691 Μύθους

2166 3729 2245 3794 δὲ,
2278 3730 2374 3792 τάς
2411 3728 2713 3792 ἰουδαῖκάς
2748 3726 3159 3798 παρατηρήσεις
3187 3724 3358 3793 λέγει,
3395 3721 3528 3793 ἢὼς
3563 3736 3745 3791 παρα·

2169 3822 2569 3893 πεποιημένας,
2602 3821 2743 3892 ἤδιά
2765 3821 2826 3873 τὸ
2860 3821 3115 3890 ἄκαιρον.
3174 3816 3459 3885 Ἐννόησον
3488 3812 3595 3882 γάρ
3653 3828 3746 3880 μοι

2168 3913 2337 3985 ἄνδρα
2366 3913 2662 3985 τριάκοντα
2716 3912 2813 3981 ἔτη
2854 3911 3107 3979 θηλάζειν
3140 3908 3381 3972 θέλοντα,
3426 3905 3544 3968 πῶς
3593 3903 3747 3956 ἔσται

2169 4004 2576 4073 καταγέλαστος
2627 4004 2715 4058 διά
2770 4004 2833 4057 τὸ
2886 4003 3139 4071 ἄκαιρον.
3184 3998 3457 4072 Γραώδεις
3494 3996 3593 4067 μὲν
3631 3993 3744 4059 οὖν,

2166 4094 2254 4149 διὰ
2286 4094 2348 4148 τὸ
2404 4094 2817 4148 πεπαλαιῶσθαι
2845 4108 2859 4123 ⁸
2922 4093 3138 4164 βέϐηλοι
3176 4091 3238 4144 δὲ·
3279 4089 3374 4144 καὶ
3422 4085 3745 4155 ἀκάθαρτοι,

2166 4183 2255 4238 διὰ
2299 4183 2362 4237 τὺ
2430 4183 2741 4255 ἐμποδίζειν
2778 4186 2846 4254 τῇ
2896 4184 3097 4236 πίστει.
3167 4179 3240 4234 Τὸ
3290 4179 3396 4252 γὰρ
3444 4177 3550 4232 ὑπὸ
3582 4175 3749 4245 φόϐον

2167 4276 2324 4345 ἄγειν
2353 4274 2453 4345 τὴν
2493 4275 2751 4346 ἀνωτέρω
2798 4273 3001 4328 τούτων
3057 4272 3358 4344 γενομένην
3404 4269 3602 4343 ψυχὴν,
3640 4266 3751 4320 τῶν

2168 4366 2498 4438 ἀκαθάρτων
2553 4366 2673 4420 ἐστὶ
2734 4365 3236 4435 παραγγελμάτων.

2241 4542 2571 4612 Γύμνασον
2594 4537 2664 4593 δὲ
2690 4537 2954 4592 σεαυτὸν
2983 4538 3132 4606 πρὸς
3185 4537 3519 4592 εὐσέϐειαν.
3581 4534 3751 4590 Τουτ-

502 4626 660 4687 ﬁdem
683 4647 898 4704 puram,
931 4634 1215 4704 vitamque
1246 4642 1486 4689 rectam:
1512 4634 1562 4688 id
1590 4634 1733 4689 enim
1761 4642 1842 4690 est
1873 4636 2066 4715 pietas.

2176 4631 2316 4696 ἐστι,
2354 4631 2488 4702 πρὸς
2517 4631 2700 4684 πίστιν
2760 4629 3008 4700 καθαρὰν
3051 4628 3145 4682 καὶ
3198 4626 3311 4700 βίον
3346 4626 3529 4700 ὀρθόν·
3591 4627 3752 4681 τοῦτο

503 4719 652 4789 Opus
681 4728 768 4776 est
806 4720 975 4792 igitur
1003 4722 1269 4777 exercitio
1320 4731 1375 4779 et
1412 4722 1695 4778 continuis
1741 4723 2021 4779 laboribus
2055 4742 2067 4780 :

502 4811 595 4876 qui
621 4811 765 4865 enim
790 4822 1092 4878 exercetur,
1108 4815 1324 4871 etiamsi
1347 4824 1625 4871 certamen
1641 4830 1749 4870 non
1768 4815 1839 4869 sit
1858 4824 2073 4886 praesto,

506 4908 681 4956 certat
707 4908 766 4956 ut
786 4902 1017 4961 sudores
1042 4905 1260 4961 excitet.

586 4991 751 5051 Vens.
788 4996 842 5051 8.
879 4994 1021 5048 Nam
1050 4996 1342 5064 corporalis
1372 4998 1681 5054 exercitatio
1712 4999 1781 5052 ad
1810 5000 2071 5054 modicum

507 5089 656 5144 utilis
685 5095 784 5144 est.
830 5085 1060 5152 Quidam
1089 5085 1361 5156 jejunium
1408 5089 1748 5157 corporalem
1801 5089 2069 5144 exercita-

510 5182 711 5236 tionem
740 5193 866 5235 esse
895 5177 1107 5243 dicunt,
1131 5177 1224 5232 sed
1258 5194 1363 5232 non
1396 5187 1478 5234 est
1512 5197 1529 5233 :
1574 5195 1698 5233 nam
1731 5180 1874 5234 istud
1916 5179 2078 5249 spiri-

512 5268 659 5324 tuale
687 5276 794 5323 est.
818 5265 1017 5323 Verum
1040 5269 1288 5339 corporis
1315 5271 1767 5326 exercitationem
1800 5272 2073 5340 intelligit,

510 5374 632 5429 quae
660 5359 861 5415 multos
886 5359 1101 5415 labores
1130 5360 1362 5425 habens,
1388 5362 1664 5417 modicum
1700 5364 1920 5433 prodest
1950 5378 2075 5416 cor-

509 5449 654 5518 pori,
685 5456 740 5502 et
770 5456 1013 5520 tempore
1038 5450 1330 5506 admodum
1363 5452 1580 5523 exiguo.

581 5536 764 5593 Pietas
816 5550 989 5594 autem
1033 5540 1101 5595 ad
1131 5543 1310 5596 omnia
1348 5544 1493 5595 utilis
1540 5553 1637 5607 est,
1674 5544 2076 5613 promissionem

510 5627 706 5685 habens
734 5631 853 5684 vita:
874 5647 990 5700 qua
1019 5648 1159 5687 nunc
1183 5642 1282 5699 est,
1311 5642 1361 5688 et
1383 5633 1599 5703 futurae.
1636 5633 1839 5702 Pietas,
1870 5633 2075 5705 inquit,

2180 4721 2290 4791 γὰρ
2314 4719 2588 4779 εὐσέϐεια.
2622 4719 2936 4790 Γυμνασίας
2967 4720 3074 4789 ἀρα
3111 4719 3269 4790 χρεία
3298 4720 3393 4772 καὶ
3444 4718 3622 4771 πόνων
3669 4718 3748 4770 δι-

2179 4810 2414 4881 ηνεκῶν·
2449 4811 2478 4863 ὁ
2505 4812 2612 4879 γὰρ
2658 4810 3070 4880 γυμναζόμενος
3102 4809 3197 4862 καὶ⁵
3229 4808 3439 4878 ἀγῶνος
3472 4808 3547 4880 μὴ
3575 4807 3750 4870 ϐντος,

2178 4901 2503 4970 ἀγωνίζεται
2540 4901 2771 4972 ἱδρῶτας
2798 4901 2843 4934 ⁸⁸
2881 4900 3046 4971 ἔχειν.
3622 4950 3629 4955 .

2266 4992 2335 5046 ’11
2363 4990 2473 5061 γὰρ
2503 4991 2808 5064 σωματικὴ
2841 4990 3144 5061 γυμνασία
3172 4990 3320 5058 πρὸς
3350 4982 3556 5059 ὀλίγοὲ
3580 4988 3757 5043 ἐστὶν

2182 5086 2498 5157 ὠφέλιμος.
2584 5084 2739 5147 Τινὲς
2788 5085 2888 5155 τὴν
2964 5083 3212 5154 νηστείαν
3252 5083 3385 5151 φασὶ
3434 5080 3751 5152 σωματικὴν

2180 5180 2508 5250 γυμνασίαν
2562 5178 2678 5232 ἀλλ’
2702 5178 2803 5231 οὐκ
2855 5177 2990 5230 ἔστι·
3037 5175 3382 5246 πνευματικὴ
3431 5174 3539 5246 γὰρ
3586 5172 3751 5242 αὕτη.

2193 5272 2353 5326 Ἀλλὰ
2412 5271 2509 5344 τὴν
2565 5270 2660 5325 τοῦ
2709 5270 2960 5339 σώματος
3023 5269 3255 5337 ἄσκησιν
3302 5268 3580 5338 σημαίνει,
3633 5267 3757 5335 ἥτις

2182 5364 2377 5427 πόνους
2403 5362 2603 5434 ἔχουσα
2632 5360 2878 5425 πολλοὺς,
2939 5359 3119 5430 ὀλίγον
3154 5359 3405 5431 ὠφέλησε
3461 5356 3522 5410 τὸ
3572 5356 3751 5427 σῶμα.

2184 5456 2278 5509 καὶ
2307 5455 2440 5524 πρὸς
2461 5454 2672 5526 καιρόν.

2264 5546 2326 5598 Ἡ
2350 5544 2419 5598 δὲ
2464 5543 2737 5599 εὐσέϐεια
2789 5543 2937 5611 πρὸς
2988 5543 3183 5598 πάντα
3225 5541 3521 5612 ὠφέλιμός
3559 5540 3731 5594 ἐστιν

2185 5637 2549 5708 ἐπαγγελίαν
2585 5614 2816 5706 ἔχουσα
2848 5636 2997 5707 ζωῆς
3026 5634 3137 5707 τῆς
3163 5636 3281 5692 νῦν
3330 5635 3426 5691 καὶ
3454 5632 3564 5702 τῆς
3608 5636 3737 5705 μελ-

1833 5814 2043 5877 νδτὶω
2072 5814 2400 5878 lectiones.

586 5936 655 5968 ⁸³⁵
687 5934 984 6005 ἀναφύοιτο
1016 5935 1237 5990 τοσοῦτο
1256 5938 1369 6002 τοῖς
1400 5938 1634 6004 πολλοῖς.

1714 5941 1760 5976 ⁸⁸
1797 5940 2025 6013 ἱδρῶτος
2055 5940 2179 6013 ἄχρι
2205 5959 2258 5999 ο.
