4078 6492
375 425 444 485 59
1288 420 1831 482 THEOPHYLACT
1838 420 1863 478 Ι
1901 420 2311 480 BULGARIEE
2352 421 2704 480 ARCHIEP.
3550 415 3620 477 l0

377 545 641 606 temptum
670 535 897 604 juventa
935 542 1050 600 tua,
1084 534 1139 588 in
1169 548 1330 603 quam
1374 540 1568 605 natura
1611 541 1958 598 contemptus

2074 530 2222 599 pudet
2254 531 2734 601 εὐκαταφρόνητος
2768 527 2926 592 οὖσα,
2983 526 3119 581 ἀλλὰ
3161 524 3634 597 θαυμασθήσεται.

376 627 573 680 cadere
627 627 787 691 solet,
847 626 941 682 sed
976 623 1330 680 admirationi
1389 625 1573 694 potius
1613 621 1741 677 erit.
1783 620 1954 676 lnlert

380 718 549 788 igitur
581 735 595 771 :

451 805 557 860 Sed
605 805 901 875 exemplum
948 814 1058 860 esto
1098 805 1354 874 ﬁdelium.
1409 802 1525 858 Hoc
1571 813 1675 868 est,
1714 800 1846 856 Vitae
1877 802 1954 858 sis

381 898 682 966 exemplar,
708 899 1037 967 optintaaqtte
1071 897 1196 950 vita:
1229 896 1438 966 regula.
1872 882 1879 889 ’

450 986 518 1040 In
551 986 720 1041 verbo.
747 985 816 1042 Ut
838 997 1117 1042 mansuete
1143 987 1496 1056 eolloquaris,
1529 995 1699 1055 utque
1742 999 1954 1041 sermo-

386 1095 510 1134 nem
545 1088 854 1149 promptum
882 1087 936 1132 et
966 1086 1328 1148 praeparatum
1372 1077 1595 1132 habeas.

452 1167 514 1221 In
549 1169 962 1221 conversatione.
984 1165 1075 1220 Vel
1097 1167 1150 1220 itt
1182 1165 1313 1232 vita,
1348 1166 1430 1221 vel
1474 1165 1530 1218 in
1577 1161 1954 1219 ecclesiastico

381 1259 594 1312 Ordine.

453 1349 521 1404 In
555 1350 837 1405 rharitate.
866 1350 998 1417 Quae
1026 1366 1218 1407 omnes
1258 1350 1678 1421 complectatur.

449 1441 514 1496 In
569 1442 780 1510 spiritu.
822 1444 940 1498 Hoc
994 1451 1099 1508 est,
1132 1443 1215 1498 vel
1265 1442 1320 1496 in
1357 1439 1631 1512 spirituali
1661 1447 1828 1503 statu,
1867 1438 1950 1494 vel

383 1530 738 1595 charismate,
771 1547 839 1586 ne
872 1532 944 1586 ob
973 1532 1119 1586 istud
1149 1531 1424 1587 eﬂ'eraria.

452 1619 520 1674 In
559 1621 682 1690 ﬁde.
719 1620 889 1677 Recta
930 1632 985 1678 et
1033 1623 1362 1687 indubitata,
1403 1624 1624 1692 quando
1678 1621 1803 1693 quis
1849 1622 1956 1676 Dco

381 1713 580 1776 credit,
613 1714 775 1769 etiam
811 1715 866 1770 in
895 1715 962 1770 iis
1000 1731 1122 1786 quae
1153 1715 1511 1786 impossibilia
1537 1715 1810 1770 videntur.

454 1802 522 1858 In
547 1807 816 1860 castitate.
875 1805 990 1862 [loc
1033 1814 1139 1872 est,
1188 1809 1448 1879 puritate,
1502 1807 1835 1878 virginitate,
1869 1805 1952 1861 vel

381 1897 762 1966 temperantia.

458 1987 623 2043 Vens.
658 1989 745 2044 l5.
795 1987 935 2043 Dum
984 1991 1132 2046 t'enio
1159 1992 1369 2046 attende
1415 1992 1643 2047 lectioni.
1689 1991 1743 2046 Si
1779 1990 1935 2044 Timo

384 2081 570 2136 theutn
606 2081 824 2136 lectioni
855 2082 1164 2135 divinarum
1200 2083 1608 2152 Scripturarum
1644 2080 1960 2136 incumbere

377 2172 556 2241 jubet,
579 2173 956 2243 quid,quacso,
981 2191 1081 2230 nos
1111 2174 1292 2229 facere
1317 2174 1621 2230 debemus?
1648 2173 1956 2239 Quinetiam

382 2264 504 2334 ipse
528 2263 731 2320 Paulus
765 2265 833 2320 ad
868 2264 1027 2319 linem
1083 2282 1259 2336 usque
1307 2267 1429 2320 vitae
1462 2281 1575 2320 sua:
1624 2265 1713 2320 isti
1741 2263 1957 2319 lectioni

387 2357 659 2421 incubuit,
691 2359 784 2427 qui
812 2369 864 2412 et
896 2359 1033 2413 alios
1071 2359 1138 2412 ad
1173 2359 1313 2413 idem
1364 2357 1606 2414 studium
1634 2356 1966 2410 cohortaba-

389 2457 502 2501 tur.
551 2447 719 2502 Addit
765 2464 897 2504 vero
943 2451 990 2504 ei
1050 2449 1292 2503 animum
1335 2464 1430 2518 per
1474 2450 1576 2502 hoc
1617 2447 1760 2517 quod
1804 2445 1961 2507 dicit.

395 2539 568 2594 Donec
596 2556 803 2607 venero,
824 2557 976 2612 spem
1003 2541 1207 2598 faciens
1236 2541 1287 2596 ei
1311 2539 1528 2596 videndi
1555 2545 1964 2610 praeceptorem.

395 2629 710 2687 Verisimile
749 2635 893 2688 enim
940 2643 1058 2689 erat
1092 2635 1269 2704 ipsum
1305 2641 1638 2703 praeceptore
1685 2629 1960 2690 orbatum,

393 2719 622 2774 Paulum
646 2737 912 2791 quaerere.
939 2722 1109 2792 Cujus
1137 2733 1317 2779 autent
1340 2724 1414 2778 rei
1439 2724 1614 2793 gratia
1645 2721 1800 2785 dixit,
1827 2720 1966 2773 Dum

393 2812 539 2866 venio
566 2813 592 2866 .9
619 2811 758 2879 Quia
795 2815 1093 2869 verisimile
1117 2825 1237 2870 erat
1265 2830 1413 2881 eum,
1454 2822 1641 2882 utpote
1683 2813 1962 2881 juvenem,

394 2904 564 2957 multa
596 2906 871 2974 ignorare,
909 2921 1178 2976 egereque
1223 2906 1512 2976 praesentia
1551 2904 1725 2972 l’auli,
1763 2914 1822 2959 ut
1851 2904 1966 2958 haec

391 2996 655 3062 disceret,
687 2999 762 3050 ait
800 3017 812 3050 :
847 2999 1054 3051 Interea
1078 2998 1205 3051 dum
1239 3013 1462 3063 venero,
1485 2997 1601 3066 lege
1630 2995 1964 3065 Seriptttras,

391 3095 450 3140 et
486 3087 613 3142 inde
646 3089 896 3152 habebis,
930 3098 1196 3158 quantum
1231 3089 1345 3142 lieri
1382 3097 1596 3158 potest,
1624 3087 1783 3157 575
1807 3088 1968 3156 legis-

2057 622 2340 695 Ἐπιιρέρει
2359 618 2472 677 οὖν·

2128 809 2314 863 nam
2365 809 2556 872 τύπος
2606 809 2779 878 γίνου
2825 807 2944 861 τῶν
2991 806 3257 860 πιστῶν.
3325 805 3368 856 Τ
3370 803 3636 869 ουτέστιν,

2057 901 2114 952 Ἀ
2124 900 2391 972 ρχέτυπον
2411 899 2504 954 τοῦ
2525 900 2639 971 βίου
2659 900 2871 964 ἕσο,καὶ
2889 898 3068 952 κανὼν
3091 898 3320 968 ἀρίστης
3339 895 3636 955 πολιτείας.

2144 997 2246 1048 Ἐν
2276 996 2456 1061 λόγῳ.
2484 994 2652 1046 Ὥστε
2681 991 2891 1063 ὁμιλεῖν
2932 991 3050 1061 μετ’
3097 989 3372 1054 εὐκολίας,
3411 990 3504 1041 καὶ
3548 989 3639 1040 τὸν

2056 1087 2212 1154 λόγον
2247 1087 2468 1156 ἕτοιμον
2504 1086 2651 1155 ἔχειν
2680 1085 2776 1139 καὶ
2807 1082 3354 1155 παρεσκευασμένον.

2139 1178 2238 1230 Ἐν
2261 1174 2736 1246 ἀναστροφῇ..Ἢ
2764 1178 2831 1246 τῇ
2867 1174 3134 1245 πολιτείᾳ,
3181 1173 3221 1260 ἢ
3250 1174 3316 1244 τῇ
3343 1174 3641 1240 ἐκκλησια-

2060 1271 2221 1339 στικῇ
2257 1270 2432 1334 τέξει.

2138 1362 2241 1415 Ἐν
2268 1360 2490 1429 ἀγάπῃ.
2521 1359 2601 1429 Τῇ
2637 1358 2774 1430 πρὸς
2796 1359 3027 1421 πάντας.

2140 1452 2245 1506 Ἐν
2291 1453 2607 1520 πνεύματι.
2647 1452 2716 1504 ’Ἡ
2771 1453 2837 1522 τῇ
2877 1450 3218 1520 πνευματικῇ
3277 1445 3638 1507 καταστάσει,

2057 1543 2091 1615 ἢ
2142 1541 2221 1614 τῷ
2242 1543 2568 1613 χαρίσματι,
2600 1542 2743 1596 ὥστε
2778 1542 2853 1613 μὴ
2911 1539 3238 1613 ἐπαίρεσθαι
3283 1540 3378 1592 ἐπὶ
3431 1537 3640 1619 τούτῳ.

2139 1638 2244 1690 Ἐν
2258 1639 2481 1690 πίστει.
2519 1637 2599 1708 Τῇ
2631 1636 2765 1707 ὀρθῇ
2797 1639 2893 1689 καὶ
2926 1637 2990 1706 τῇ
3022 1634 3355 1702 ἀδιστάκτῳ,
3390 1632 3521 1686 ὅταν
3545 1647 3632 1692 τις

2057 1725 2290 1797 πιστεύῃ
2318 1725 2396 1797 τῷ
2421 1726 2540 1798 Θεῷ
2566 1727 2662 1779 καὶ¹
2693 1725 2950 1797 περὶτῶν
2977 1724 3280 1778 ἀδυνάτων.

2131 1821 2239 1874 Ἐν
2260 1820 2492 1889 ἁγνείᾳ.
2540 1818 2820 1884 Τουτέστι,
2879 1816 3236 1887 καθαρότητι,
3270 1812 3558 1884 παρθενίᾳ.
3605 1811 3639 1881 ἦ

2067 1911 2163 1964 καὶ
2186 1909 2530 1981 σωφροσύνῃ.

2141 2002 2295 2068 Ἕως
2318 2001 2566 2070 ἔρχομαι
2597 2001 2858 2070 πρόσεχε
2888 1997 2962 2067 τῇ
2983 1997 3337 2068 ἀναγνώσει.
3385 1997 3446 2050 Εἰ
3480 1994 3645 2063 Τιμό-

2069 2093 2190 2146 θεον
2243 2093 2456 2147 κελεύει
2504 2093 2792 2164 προσέχειν
2840 2095 2906 2160 τῇ
2981 2089 3290 2158 ἀναγνώσει
3340 2089 3448 2141 τῶν
3483 2085 3645 2139 θείων

2069 2184 2325 2256 Γραφῶν,
2355 2183 2408 2237 τί
2431 2183 2618 2237 λοιπὸν
2644 2185 2790 2254 ἡμᾶς
2818 2182 2924 2253 χρὴ
2951 2184 3127 2234 ποιεῖν
3153 2197 3167 2246 ;
3219 2182 3328 2234 Καὶ
3377 2177 3538 2240 αὐτὸς
3586 2176 3645 2228 δὲ

2070 2274 2282 2338 Παῦλος
2313 2273 2443 2345 ἄχρι
2471 2273 2659 2335 τέλους
2717 2274 3008 2343 προσεῖχεν
3061 2271 3129 2326 ἂν
3187 2271 3404 2333 πάντως
3445 2269 3642 2334 ταύτῃ.

2069 2367 2127 2430 ὃς
2162 2383 2225 2434 γε
2261 2367 2374 2428 τοῖς
2396 2364 2577 2428 ἄλλοις
2613 2365 2868 2435 παρῄνει.
2901 2363 3319 2433 Παραμυθεῖται
3370 2361 3427 2414 δὲ
3483 2357 3645 2411 αὐτὸν

2069 2456 2156 2509 διὰ
2177 2454 2273 2508 τοῦ
2303 2457 2498 2517 εἰπεῖν,
2516 2457 2671 2521 Ἕως
2694 2451 2766 2511 οὗ
2795 2456 3061 2523 ἔρχομαι,
3095 2453 3315 2516 ἐλπίδας
3346 2451 3466 2512 δοὺς
3491 2448 3536 2481 ³⁸
3562 2448 3644 2501 ὃτι

2070 2547 2262 2616 ὄψεται
2295 2547 2387 2600 τὸν
2419 2546 2760 2601 διδάσκαλον.
2785 2545 2948 2608 Εἰκὸς
2982 2546 3092 2616 γὰρ
3121 2544 3283 2598 αὐτὸν
3335 2543 3644 2611 ἀπορφανι-

2073 2638 2270 2695 σθέντα
2285 2638 2470 2711 ζητεῖν
2492 2637 2582 2692 τὸν
2609 2636 2840 2692 Παῦλον.
2860 2635 3015 2699 Τίνος
3030 2635 3088 2689 δὲ
3103 2635 3288 2688 ἕνεκεν
3302 2627 3458 2686 εἶπεν
3469 2670 3484 2694 ,
3499 2630 3647 2694 Ἕως

2070 2731 2365 2800 ἐρχομαις
2420 2729 2641 2798 Ἐπειδὴ
2659 2728 2805 2792 εἰκὸς
2825 2723 2893 2798 ἦν
2915 2726 3076 2779 αὑτὸν
3129 2723 3247 2778 νέον
3293 2723 3423 2777 ὄντα
3476 2719 3648 2773 πολλὰ

2068 2825 2306 2891 ἀγνοεῖν,
2389 2822 2484 2876 καὶ
2548 2821 2757 2874 δεῖσθαι
2815 2819 2917 2888 τῆς
2991 2815 3300 2887 παρουσίας
3343 2814 3438 2867 τοῦ
3493 2810 3645 2865 [lati-

2072 2915 2164 2968 λου
2196 2915 2329 2987 πρὸς
2387 2915 2446 2969 τὸ
2508 2915 2700 2984 μαθεῖν
2751 2912 2943 2980 ταῦτα,
3002 2911 3187 2982 φησιν’
3216 2911 3364 2972 Ἕως
3413 2907 3646 2978 ἔρχομαι

2074 3009 2416 3076 ἀναγίνωσκε
2443 3009 2541 3072 τὰς
2561 3008 2801 3079 Γραφᾶς,
2827 3007 3083 3060 κάκεῖθεν
3118 3004 3287 3068 ἕξεις,
3315 3005 3390 3065 ὡς
3443 3001 3644 3059 ἔνεστι.

2074 3099 2173 3160 τὰς
2203 3099 2540 3168 νομοθεσίας.
2589 3098 2834 3152 Ἐπειδὰν
2865 3098 2920 3150 δὲ
2947 3095 3106 3160 ἔλθω,
3137 3095 3247 3163 ἐγώ
3276 3110 3357 3146 σοι
3383 3091 3650 3162 ὑποθήσο-

400 3180 634 3236 lationes
662 3189 712 3236 et
750 3189 1022 3251 praecepta
1056 3191 1385 3252 :postquam
1413 3190 1594 3235 autem
1628 3193 1850 3242 venero,
1868 3191 1968 3246 ego

2078 3207 2176 3260 μαι
2207 3191 2275 3242 τὰ
2303 3189 2486 3243 λοιπά.

399 3271 499 3326 tibi
537 3288 824 3344 suggeram
867 3276 1101 3342 reliqua.

470 3364 855 3418 Consolationi.
917 3365 1052 3435 Erga
1104 3372 1335 3420 maestos
1373 3363 1644 3428 videlicet,
1683 3363 1764 3418 vel
1809 3361 1971 3416 etiam

401 3459 540 3514 alios
577 3459 762 3514 animo
795 3457 1142 3514 deﬁcientes.

471 3550 766 3605 Doctrinaz.
786 3549 918 3616 Quae
948 3561 1034 3604 est
1056 3562 1183 3620 erga
1219 3563 1410 3604 omnes
1441 3548 1784 3618 simpliciter,
1819 3561 1882 3602 ac
1909 3545 1975 3602 de

402 3642 597 3714 quavis
637 3657 718 3697 re.

473 3731 643 3790 Vens.
657 3733 742 3788 Μ.
755 3731 834 3787 Ne
849 3731 1083 3802 negligas
1105 3731 1299 3785 donum
1322 3733 1459 3800 quod
1479 3732 1531 3784 in
1553 3738 1600 3785 te
1617 3729 1859 3801 est,quod
1875 3731 1975 3784 da-

406 3836 516 3879 tam
541 3834 616 3880 est
637 3826 840 3895 tibiper
858 3823 1205 3892 prophetiam.
1239 3822 1510 3878 Doctrinae
1540 3822 1740 3876 donum
1775 3822 1861 3876 hic
1891 3822 1974 3876 in-

407 3919 622 3990 telligit,
654 3919 799 3988 quod
832 3918 1046 3987 accepit
1067 3916 1283 3986 quando
1309 3917 1603 3986 episcopus
1630 3914 1808 3973 lactus
1833 3927 1972 3974 erat.

406 4013 512 4068 Per
539 4012 866 4082 prophetiam
902 4026 1050 4075 vero,
1075 4010 1178 4066 hoc
1199 4018 1304 4076 est,
1335 4010 1639 4080 imperante
1663 4012 1896 4080 Spiritu,
1920 4020 1976 4066 nt

405 4119 570 4174 supra
599 4110 1087 4158 commemoratum
1112 4111 1218 4158 est.

477 4195 613 4251 Cum
651 4195 984 4262 impositione
1027 4209 1280 4248 manuum
1308 4196 1637 4265 presbyterii.
1688 4195 1801 4250 Hoc
1866 4203 1974 4256 est,

408 4288 814 4359 episcoporum.
843 4284 961 4340 Non
983 4285 1126 4340 enim
1159 4285 1460 4356 presbyteri
1492 4285 1807 4356 episcopum
1833 4287 1980 4341 ordi-

409 4380 637 4435 nabant.
685 4376 820 4432 Vide
844 4387 1024 4432 autem
1083 4377 1412 4432 horrendunt
1465 4376 1607 4432 istud
1633 4417 1649 4442 ,
1684 4388 1977 4448 quantum

410 4471 587 4542 possit
612 4470 889 4540 impositio
928 4483 1184 4524 manuum
1221 4468 1673 4524 sarerdotalium.

2151 3367 2229 3437 Τῇ
2253 3367 2654 3437 παρακλήσει.
2686 3370 2763 3439 Τῇ
2800 3368 2938 3439 πρὸς
2973 3367 3102 3431 τοὺς
3142 3365 3577 3438 λελυπημένους,
3611 3366 3644 3437 ἢ

2074 3462 2169 3515 καὶ
2197 3460 2390 3524 ἄλλους
2419 3460 2793 3530 ἐκλελυμένως
2832 3460 3080 3530 ἔχοντας.

2150 3552 2228 3622 Τῇ
2279 3552 2663 3620 διδασκαλίᾳ.
2717 3552 2794 3620 Τῇ
2857 3551 2993 3622 πρδς
3042 3550 3250 3614 πάντας
3299 3547 3509 3615 ἁπλῶς,
3553 3548 3646 3603 καὶ

2075 3645 2204 3716 περὶ
2235 3645 2436 3708 παντὸς
2468 3645 2816 3714 πράγματος.

2147 3737 2243 3803 Μὴ
2308 3735 2518 3806 ἀμέλει
2569 3733 2675 3788 τοῦ
2715 3735 2784 3786 ἐν
2839 3733 2939 3787 σοὶ
2982 3733 3376 3803 χαρίσματος,
3408 3729 3439 3784 ὃ
3468 3727 3646 3796 ἐδόθη

2076 3846 2175 3886 σοι
2202 3828 2299 3884 διὰ
2328 3827 2716 3898 προφητείας.
2750 3826 2860 3896 Τῆς
2912 3824 3263 3888 διδασκαλίας
3302 3825 3363 3876 τὸ
3399 3821 3650 3893 κάρισμά

2077 3941 2243 3994 φησιν
2271 3919 2530 3981 ἐνταῦθα.
2555 3919 2584 3972 ὃ
2615 3917 2834 3982 ἐδέξατο
2865 3916 3165 3979 ἐπίσκοπος
3199 3914 3513 3984 γενόμενος.
3546 3912 3649 3964 Διὰ
3742 3958 3745 3963 ,

2077 4011 2444 4081 προφητείας
2474 4008 2552 4074 δὲ,
2587 4008 2856 4070 τουτέστι,
2907 4003 3310 4075 προστάξαντος
3342 3999 3438 4053 τοῦ
3481 3999 3647 4053 [Iw-:6-

2081 4120 2271 4174 ματος,
2296 4103 2369 4164 ὡς
2401 4101 2495 4154 καὶ
2525 4098 2784 4167 ἀνωτέρω
2815 4097 3049 4166 εἴρηται.

2147 4193 2308 4248 Μετὰ
2329 4189 2655 4253 ἐπιθέσεως
2681 4187 2802 4241 τῶν
2827 4184 3042 4256 χειρῶν
3061 4185 3167 4239 τοῦ
3198 4183 3648 4252 πρεσϐυτερίου.

2080 4285 2362 4347 Τουτὲστι,
2415 4283 2523 4335 τῶν
2557 4281 2893 4333 ἐπισκόπων.
2942 4277 3016 4330 Οὐ
3049 4277 3158 4347 γὰρ
3189 4276 3252 4347 δὴ
3290 4276 3650 4348 πρεσϐύτεροι

2079 4380 2169 4432 τὸν
2185 4379 2227 4410 ³⁷
2283 4375 2584 4429 ἐπίσκοπον
2620 4371 3012 4443 ἐχειροτόνουν.
3045 4370 3191 4441 Ὅρα
3219 4369 3273 4423 δὲ
3309 4369 3559 4440 φρικτὸν,
3598 4370 3652 4421 τί

2078 4470 2301 4524 δύναται
2329 4470 2363 4538 ἡ
2391 4465 2633 4528 ἐπίθεσις
2667 4465 2776 4517 τῶν
2805 4461 3097 4532 ἱερατικῶν
3127 4461 3350 4532 χειρῶν.

478 4561 641 4615 Vens.
679 4561 763 4614 15.
789 4559 1210 4623 chiiteditare,
1242 4560 1295 4612 in
1315 4558 1397 4613 liis
1423 4569 1556 4614 esto.
1587 4557 1743 4627 Saepe
1772 4558 1839 4612 de
1869 4557 1969 4614 eis-

2163 4561 2353 4615 Ταῦτα
2382 4558 2632 4628 μελέτω,
2665 4558 2736 4610 ἐν
2780 4556 3012 4620 τούτοις
3042 4554 3187 4608 ἴσθι.
3226 4554 3491 4615 Πολλάκις
3525 4553 3654 4623 περὶ⁵

411 4652 535 4705 dem
576 4651 625 4706 ei
663 4652 925 4721 praecipit,
954 4658 1012 4704 nt
1042 4651 1298 4704 ostendat
1331 4650 1379 4704 ei
1411 4649 1555 4720 quod
1591 4647 1826 4704 maxime
1865 4664 1982 4704 om~

409 4743 563 4796 nium
597 4741 649 4794 in
683 4743 767 4795 his
797 4749 1048 4810 oporteat
1092 4740 1336 4796 studiose
1383 4741 1588 4796 versari
1639 4739 1981 4809 episcopum.

486 4831 553 4886 Ut
586 4841 706 4886 tuus
735 4834 1002 4901 profectus
1035 4833 1348 4902 manifestus
1374 4834 1442 4906 sit
1478 4834 1531 4885 in
1564 4831 1829 4885 omnibus.
1863 4828 1980 4884 Non

412 4927 465 4979 in
506 4924 612 4978 vita
643 4924 1042 4986 tantummodo,
1091 4925 1445 4978 vet'tttnetiam
1483 4923 1535 4976 in
1584 4923 1750 4977 verbo
1778 4923 1984 4976 doctri-

409 5031 514 5071 mc.
543 5015 931 5070 Animadverte
953 5024 1133 5070 autem
1166 5015 1312 5085 quod
1345 5015 1398 5067 in
1427 5015 1530 5068 hoc
1556 5029 1776 5084 quoque
1800 5015 1976 5084 ipsum

412 5119 666 5174 magnum
704 5115 759 5160 et
784 5105 1162 5159 admirandum
1196 5106 1310 5160 lieri
1335 5105 1588 5159 voluerit.

485 5194 648 5249 Vens.
695 5195 780 5249 l6.
818 5193 1042 5249 Attende
1077 5195 1173 5248 tibi
1215 5203 1264 5248 et
1297 5193 1577 5256 doctrinm,
1613 5207 1883 5260 persevera
1921 5192 1976 5246 in

410 5287 562 5352 ipsis.
619 5287 732 5341 lloc
791 5297 894 5350 est.
937 5287 1184 5344 .attende
1238 5287 1333 5342 tibi
1381 5287 1506 5356 ipsi,
1547 5301 1612 5340 ac
1645 5285 1783 5340 alios
1816 5285 1978 5342 etiam

414 5377 660 5431 institue.
1207 5395 1212 5400 ·

489 5464 606 5518 [loc
645 5465 781 5518 enim
823 5465 1024 5534 faciens
1053 5507 1069 5532 ,
1108 5477 1157 5521 et
1193 5467 1418 5537 teipsum
1448 5464 1652 5518 salvum
1700 5464 1886 5534 facies,
1933 5472 1982 5520 et

411 5571 500 5610 eos
537 5557 625 5627 qui
650 5566 697 5612 te
725 5558 973 5614 audiunt.
998 5557 1132 5614 Nam
1155 5559 1246 5630 qui
1272 5559 1329 5613 in
1351 5556 1614 5614 doctrinae
1635 5556 1983 5613 sermonibus

2083 4653 2192 4705 τῶν
2221 4651 2402 4704 αὐτῶν
2432 4648 2585 4720 αὐτῷ
2619 4646 2930 4716 παρεγγυᾷ,
2971 4645 3058 4697 ἵνα
3083 4644 3230 4716 δείξῃ
3256 4684 3270 4708 ,
3307 4647 3389 4698 ὅτι
3417 4643 3654 4713 μάλιστα

2086 4742 2305 4795 πάντων
2335 4741 2393 4792 ὲν
2420 4738 2632 4800 τούτοις
2675 4737 2756 4789 δεῖ
2787 4734 3112 4796 σπουδάζειν
3129 4734 3173 4766 ³⁸
3205 4733 3297 4786 τὸν
3326 4732 3649 4786 ἐπίσκοπον.

2157 4835 2286 4887 Ἵνα
2323 4847 2440 4884 σου
2476 4829 2514 4895 ἠ
2555 4826 2829 4896 προκοπὴ
2852 4825 3082 4895 φανερὰ
3104 4823 3141 4892 ᾖ
3167 4825 3236 4878 ἐν
3273 4821 3445 4878 πᾶσι.
3473 4824 3564 4893 Μὴ
3595 4824 3654 4875 ὲν

2084 4924 2161 4994 τῷ
2185 4923 2285 4993 βίῳ
2315 4923 2496 4992 μόνον,
2530 4918 2666 4973 ἀλλὰ
2691 4921 2784 4972 καὶ
2815 4920 2872 4971 ἐν
2892 4917 2971 4988 τῷ
2989 4917 3130 4984 λόγῳ
3163 4915 3240 4983 τῷ
3262 4914 3650 4984 διδασκαλικῷ.

2086 5017 2229 5084 Ὅρα
2255 5015 2310 5067 δὲ
2340 5015 2423 5066 ὅτι
2474 5011 2734 5081 ἠϐούλετο
2763 5010 2926 5064 αὑτὸν
2953 5010 3054 5062 κάν
3085 5007 3261 5078 τούτῳ
3293 5007 3469 5077 μέγαν
3500 5008 3657 5075 γενέ-

2086 5105 2210 5158 σθαι
2245 5106 2335 5159 καὶ
2364 5101 2699 5173 θαυμαστόν.

2159 5198 2376 5265 Ἔπεχε
2431 5191 2665 5258 σεαυτῷ
2705 5189 2804 5245 καὶ
2853 5189 2928 5258 τῇ
2980 5187 3363 5255 διδασκαλίᾳ,
3413 5187 3656 5257 ἐπίμενε

2084 5285 2309 5350 αὐτοῖς.
2337 5285 2619 5347 Τουτέστι,
2654 5282 2895 5351 Πρόσεχε
2925 5277 3161 5348 σεαυτῷ,
3193 5277 3286 5330 καὶ
3316 5276 3532 5330 δίδασκε
3560 5281 3654 5329 καὶ

2088 5375 2211 5438 τοὺς
2235 5372 2479 5436 λοιπούς.

2165 5463 2348 5518 Τοῦτο
2397 5459 2508 5530 γὰρ
2563 5457 2749 5512 ποιῶν
2802 5457 2900 5510 καὶ
2951 5457 3216 5511 σεαυτὸν
3261 5455 3506 5518 σώσεις,
3552 5451 3653 5505 καὶ

2091 5551 2235 5616 τοὺς
2268 5547 2598 5614 ἀκούοντάς
2632 5564 2768 5601 σου.
2803 5547 2860 5599 ὐ
2891 5547 3000 5617 γὰρ
3029 5548 3139 5610 τοῖς
3169 5545 3271 5617 τῆς
3305 5542 3656 5606 διδασκαλίας

1774 5714 1982 5776 Varia;
2016 5711 2347 5774 lectiones.

494 5843 540 5875 “
565 5843 737 5908 διδοὺς
768 5843 921 5913 ἥξειν
954 5841 1043 5894 τὸν
1101 5841 1150 5898 δ.
1182 5858 1232 5898 0.
1313 5843 1352 5874 ³⁷
1383 5841 1544 5896 αὑτὸν
1573 5842 1743 5911 ἐχειρ.
1783 5854 1835 5894 0.
1915 5835 1959 5867 ³³
1987 5831 2273 5905 σχολάζειν
2307 5846 2358 5885 ο.
