4078 6488
288 403 368 468 61
1071 407 1478 470 EXPOSITIO
1508 407 1589 469 IN
1633 407 1873 469 EPIST.

1991 409 2070 468 ιι)
2098 405 2416 468 ΤῘΜΟΤΗ.
2445 433 2510 443 -·-
2547 409 2706 470 CAP.
2739 410 2810 472 V.
3502 409 3578 477 62

288 514 700 586 ἑντρεφδμενος
731 515 920 584 λόγοις
939 559 955 584 ,
1003 518 1272 590 πρότερον
1293 519 1456 583 αὐτὸς
1485 518 1802 590 ὠφελεῖται,
1835 519 1887 572 ἐν

2000 518 2165 575 fuerit
2207 517 2528 583 innutritus,
2575 518 2727 588 prius
2745 518 2964 588 quidem
2997 509 3115 589 ipse
3153 517 3444 588 adjuvatur
3469 560 3485 587 ,
3518 519 3572 574 in

287 601 346 676 ᾧ
383 606 589 678 ἑτέροις
618 611 910 678 παραινεῖ,
946 611 1144 664 ἑαυτὸν
1176 609 1556 665 κατανύσσων.

895 716 1146 770 ΚΕΦΔΛ.
1183 716 1262 769 Ε’.

375 825 771 894 Πρεσσυτέρῳ
785 824 876 894 μὴ
909 824 1284 894 ἐπιπλήξῃς,
1340 825 1505 880 ἀλλὰ
1554 822 1894 892 παρακάλει

287 915 386 981 ὠς
435 915 686 985 πατέρα.
716 917 795 970 0)
824 916 956 986 napi.
983 916 1078 971 τοῦ
1132 918 1191 970 ὲν
1231 916 1536 988 Ἐκκλησία
1587 915 1649 968 τὸ
1677 915 1893 984 ἀξίωμα

293 1007 534 1076 ἔχοντός
558 1025 751 1077 φησιν,
811 1007 951 1062 ἀλλά
991 1026 1058 1062 πε
1069 1009 1120 1078 pi
1148 1008 1361 1071 παντὸς
1390 1007 1785 1080 γεγηρακότος.
1807 1005 1895 1059 ιΤί

285 1095 401 1175 οὖν
456 1101 557 1154 ἐὰν
608 1100 798 1169 δέηται
844 1100 1225 1170 διορθώσεως;
1272 1099 1453 1165 Οὕτω,
1499 1100 1689 1173 φησὶν,
1743 1098 1895 1170 αὐτῷ

289 1192 649 1263 προσφέρου,
683 1193 760 1257 ὡς
795 1191 987 1265 πατρί.

376 1284 796 1353 Πρεσϐύτιδας
831 1285 912 1360 ὡς
940 1284 1220 1353 μητέρας.
1256 1283 1479 1356 Ἐπειδὴ
1503 1283 1613 1355 γὰρ
1640 1283 1702 1337 τὸ
1735 1281 1895 1351 ἑλέγο

289 1376 506 1447 χεσθαι
555 1377 838 1448 φορτικὸν,
888 1379 984 1430 καὶ
1033 1375 1270 1446 μάλιστα
1309 1375 1442 1429 ὅταν
1475 1374 1631 1445 παρά
1664 1376 1786 1428 νέου
1808 1375 1895 1442 γί-

291 1485 492 1538 νηται,
531 1468 630 1522 καὶ
671 1467 808 1539 πρὸς
840 1467 1075 1540 γέροντα
1121 1465 1355 1538 (τριπλῆ
1403 1466 1515 1538 γὰρ
1539 1468 1663 1521 τότε
1694 1467 1728 1537 ἡ
1755 1481 1894 1536 προ-

290 1559 551 1629 ⁴ιτέτεια),
600 1559 873 1628 θεράπευε
902 1557 1058 1624 αὐτὸ,
1087 1557 1243 1629 φησὶ,
1278 1556 1370 1610 διὰ
1398 1557 1497 1627 τῆς
1529 1556 1889 1628 προσηνειας.

376 1653 709 1720 Νεωτέρας,
750 1652 833 1718 ὡς
862 1649 1158 1720 ἀδελφάς.
1208 1648 1436 1720 Ἐπειδὴ
1471 1649 1504 1719 ἡ
1538 1647 1725 1720 ἡλικία
1757 1647 1892 1718 θρα-

295 1741 522 1814 σύτητα
551 1742 688 1812 εχει,
721 1742 818 1796 καὶ
843 1741 904 1794 οὐ
937 1741 1154 1812 δέχεται
1177 1740 1305 1805 τοὺς
1336 1740 1617 1812 ἐλέγχους,
1651 1741 1686 1811 ἡ
1718 1739 1891 1793 ὲπιεί-

291 1851 449 1897 uta,
483 1834 643 1904 φησι,
679 1830 988 1904 μεσαζέτω.

1996 624 2108 680 quo
2147 609 2284 666 alios
2316 608 2664 677 adhortatur,
2691 610 2933 680 seipsum
2964 609 3277 681 perficiens.
3329 677 3333 680 λ

2626 721 2857 779 CAPUT
2907 721 2974 779 ν.

2069 829 2237 886 Vens.
2257 831 2310 887 ί.
2337 831 2607 886 Seniorem
2623 847 2686 886 ne
2711 829 3093 900 objurgaveris,
3125 829 3216 884 sed
3272 829 3490 882 obsecra
3518 835 3574 880 at

1996 932 2222 992 patrem.
2245 920 2364 978 Non
2385 923 2628 993 loquitur
2647 923 2714 978 de
2731 938 2796 977 eo
2813 924 2905 992 qui
2922 923 2975 976 in
2996 920 3232 976 Ecclesia
3253 920 3573 989 dignitatem

1999 1014 2181 1079 habet,
2241 1014 2336 1070 sed
2363 1014 2433 1070 de
2473 1014 2667 1084 quovis
2703 1013 2978 1086 grandiori
3001 1020 3150 1067 natu.
3185 1011 3324 1077 Quid
3369 1026 3497 1065 vero
3529 1010 3574 1064 si

1995 1104 2383 1162 emendatione
2429 1105 2728 1177 indigeat?
2777 1105 2954 1172 Hunc,
2993 1105 3194 1176 inquit,
3233 1103 3301 1160 ad
3352 1103 3574 1159 modum

1995 1213 2119 1252 cum
2151 1212 2218 1253 eo
2255 1213 2376 1269 age,
2404 1207 2659 1269 tanquam
2686 1213 2810 1254 cum
2844 1207 3022 1268 patre.

2068 1289 2233 1346 Vsus.
2269 1290 2328 1346 2.
2357 1291 2528 1356 Anus,
2565 1299 2620 1344 ut
2653 1300 2871 1345 matres.
2901 1289 3040 1356 Quia
3071 1287 3377 1358 obiurgatio
3406 1288 3576 1342 mole-

1996 1389 2079 1437 sta
2101 1389 2210 1449 est,
2235 1383 2472 1436 maxime
2489 1382 2534 1437 si
2561 1395 2590 1435 a
2610 1380 2808 1451 juvene
2832 1378 3236 1449 proficiscatur.
3260 1377 3423 1446 idque
3447 1392 3573 1445 erga

1997 1470 2349 1541 grandaevum
2399 1469 2622 1540 (triplex
2657 1470 2804 1524 enim
2826 1478 2940 1523 tum
2980 1476 3066 1524 est
3091 1465 3422 1537 temeritas),
3444 1479 3576 1521 cura

1997 1576 2144 1627 eam,
2171 1563 2374 1634 inquit,
2401 1579 2497 1634 per
2527 1561 3028 1616 mansuetudinem.

2061 1653 2096 1709 .1
2101 1654 2406 1718 uvenculas,
2425 1665 2481 1708 ut
2507 1668 2735 1708 sorores.
2757 1650 3029 1716 Quoniam
3047 1657 3179 1704 tetas
3198 1648 3298 1702 ista
3317 1647 3579 1702 audacior

1995 1758 2102 1816 est,
2134 1763 2235 1805 nec
2261 1745 2458 1816 recipit
2488 1742 2925 1815 objurgationes,
2957 1738 3349 1803 mansuetudo,
3375 1737 3572 1808 inquit,

1997 1840 2348 1898 interveniat.

383 1923 502 1980 Ἓν
523 1925 696 1992 πάσῃ
722 1925 954 1995 ἁγνείᾳ.
999 1921 1222 1994 Ἐπειδὴ
1247 1922 1305 1976 al
1334 1923 1476 1993 πρὸς
1495 1921 1598 1986 τὰς
1623 1921 1887 1992 νεωτέρας

2066 1933 2128 1987 In
2161 1931 2305 1985 omni
2344 1930 2609 1984 castitate.
2647 1926 2788 1994 Quia
2842 1924 3162 1982 conversari
3207 1939 3332 1979 cum
3377 1922 3578 1993 puellis

297 2015 523 2087 δμιλιαι
547 2016 790 2085 ὑποψίας
811 2013 1085 2081 τίκτουσι,
1142 2014 1224 2068 δεῖ
1247 2013 1306 2068 δὲ
1332 2013 1426 2068 τὸν
1471 2011 1774 2066 ἐπίσκοπον
1797 2011 1894 2065 καὶ

296 2105 592 2169 τοιαύταις
613 2105 847 2176 ὁμιλεῖν,
871 2106 962 2170 σὺ,
990 2106 1180 2176 φησιν,
1213 2105 1272 2158 ὲν
1292 2104 1444 2176 πάσῃ
1469 2101 1662 2174 ἁγνείᾳ
1688 2101 1890 2172 ὁμίλει,

296 2196 581 2264 τουτέστι,
626 2197 703 2267 μὴ
739 2197 902 2268 μόνον
951 2197 1055 2270 τὴν
1084 2197 1190 2268 τῆς
1224 2195 1426 2268 μίξεως
1477 2194 1758 2267 ἁμαρτίαν
1789 2211 1894 2264 φυ-

296 2291 657 2360 λαττόμενος,
692 2291 831 2344 ἀλλά
860 2290 958 2344 καὶ
989 2291 1172 2345 πᾶσαν
1223 2290 1396 2359 ἄλλην
1439 2287 1678 2359 ὑποψίας
1725 2286 1894 2356 ἀφορ-

303 2384 440 2453 μήν.
472 2383 728 2452 ’Τιμοθέῳ
760 2382 818 2436 δὲ
845 2381 1022 2438 ταῦτα
1063 2381 1364 2448 ἐπιτάττει,
1410 2382 1513 2436 οὐκ
1543 2381 1759 2435 ἐκείνου
1788 2381 1893 2450 χάε-

299 2493 416 2546 ριν,
475 2474 596 2528 ἀλλ’
621 2473 781 2545 ἡμῶν
811 2474 924 2528 τῶν
979 2474 1119 2545 μετὰ
1153 2474 1330 2530 ταῦτα
1354 2513 1369 2539 ,
1401 2473 1490 2526 ἵνα
1519 2471 1618 2536 τὰς
1652 2470 1892 2540 ὑποψίας

298 2565 733 2636 φυλαττώμεθα.

374 2656 586 2726 Χήρας
618 2659 781 2726 τίμα,
814 2657 919 2724 τὰς
957 2657 1144 2725 ὅντως
1193 2657 1409 2726 χήρας.
1465 2656 1565 2710 Διά
1613 2655 1667 2710 τί
1725 2653 1891 2726 μηδὲν

299 2751 438 2821 περὶ
474 2749 762 2821 παρθένων
784 2749 967 2816 Mysi;
990 2749 1122 2813 ίσως
1151 2749 1234 2803 ὅτι
1264 2747 1419 2802 οὔπω
1443 2743 1586 2818 ἦσαν
1607 2747 1728 2800 τότε
1751 2748 1887 2800 ἐκεῖ.

300 2839 590 2910 τιμᾶσθαι
618 2839 674 2893 δὲ
705 2841 803 2902 τάς
833 2841 1011 2910 χήρας
1059 2839 1412 2911 προστάττει,
1452 2839 1594 2893 διότι
1645 2837 1770 2892 οὔτε
1797 2837 1892 2892 ἀν-

300 2932 441 3002 δρας
475 2931 661 3002 έχουσι
693 2931 821 2994 τοὺς
851 2932 1358 3002 προστησομένους,
1417 2931 1514 2986 καὶ
1558 2932 1621 2984 τὸ
1655 2931 1890 3000 πρᾶγμα

300 3023 676 3078 ἐπονείδιστον
740 3024 888 3077 δοκεί
952 3026 1047 3078 καὶ¹
1097 3025 1500 3093 ἀποτρόπαιον.
1566 3023 1668 3078 Διά
1728 3021 1890 3076 τοῦτο

298 3114 511 3184 πολλῆς
553 3115 726 3179 αὐτὰς
778 3115 859 3168 δεῖ
898 3115 1050 3184 ποιρά
1082 3115 1174 3170 τοῦ
1214 3117 1404 3185 ἱερέως
1466 3114 1762 3168 ἀπολαύειν
1789 3116 1888 3184 τῆς

295 3206 506 3278 τιμῆςο
566 3208 661 3260 καὶ
707 3206 769 3259 τὸ
832 3205 1114 3276 μέγιστον,
1169 3206 1253 3260 ὅτι
1288 3205 1382 3259 καὶ
1432 3204 1586 3272 ἄξιαι
1621 3204 1780 3270 εἰσιν,
1811 3203 1886 3268 ὡς

297 3300 476 3357 δντως
500 3299 695 3372 χῆραι.
740 3301 897 3362 Τίνες
921 3301 978 3355 δὲ
1005 3297 1189 3368 αὗται,
1231 3301 1438 3373 προῖὼν
1472 3301 1715 3374 μαθήσῃ.
1740 3302 1804 3354 Ἀ
1819 3318 1885 3370 pa

296 3391 395 3448 οὖν
438 3393 555 3446 ἔστι
590 3392 682 3445 καὶ
705 3393 874 3463 ἀνδρα
917 3392 993 3464 μὴ
1025 3393 1191 3464 ἔχειν,
1236 3395 1330 3448 καὶ
1377 3393 1454 3466 μὴ
1499 3389 1638 3447 εἶναι
1685 3394 1886 3464 χήραν.

298 3486 375 3538 τὸ
433 3483 514 3549 δὲ,
548 3485 714 3554 Τίμα,
775 3485 900 3538 ἀντὶ
949 3485 1068 3550 τοῦ,
1119 3485 1292 3539 Ἐλὲει
1353 3487 1449 3539 καὶ
1500 3485 1568 3540 τὰ
1613 3485 1887 3554 ἀναγκαία

299 3579 560 3649 χορήγει.

369 3674 444 3726 El
474 3671 544 3726 δέ
573 3689 661 3739 τις
686 3671 842 3742 χήρα
893 3671 933 3740 ἦ
962 3671 1143 3751 τέκνα
1172 3671 1209 3740 ἢ
1239 3672 1463 3742 ἔκγονα
1491 3671 1638 3743 ἔχει,
1655 3676 1886 3742 μανθα-

296 3764 579 3819 νέτωσαν
649 3763 886 3833 πρῶτον
952 3765 1062 3818 τὸν
1121 3763 1280 3818 ἴδιον
1337 3762 1506 3819 οἶκον
1580 3765 1883 3822 εὐσεϐεῖν.

298 3855 588 3920 Τουτέστι,
622 3855 1048 3924 μανθανέτωσαν
1100 3856 1168 3909 τὰ
1207 3855 1372 3910 τέκνα
1429 3856 1626 3910 καὶτὰ
1684 3856 1887 3924 ἔκγονα

298 3950 471 4019 τιμᾷν
497 3949 598 4020 τὴν
623 3948 831 4002 οἰκείαν
864 3949 1102 4019 μητέρα,
1139 3950 1231 4002 καὶ
1253 3950 1495 4003 εὐποιεῖν
1520 3950 1616 4003 καὶ
1641 3949 1886 4019 τρέφειν·

298 4041 463 4096 τοῦτο
488 4041 598 4111 γὰρ
625 4041 775 4110 λέγει
823 4041 1074 4096 εὐσεϐεῖν
1101 4085 1116 4110 ,
1148 4042 1209 4095 τὸ
1237 4044 1576 4114 γηροκομεῖν
1603 4046 1818 4114 μητέρα
1854 4043 1886 4112 ἢ

302 4135 578 4205 μάμμην·
641 4135 762 4187 ἐπεὶ
798 4135 893 4188 καὶ
940 4133 1084 4188 θεῖον
1135 4135 1356 4206 ἀξίωμα
1409 4136 1470 4190 τὸ
1503 4136 1612 4191 τῶν
1647 4137 1884 4206 γονέων·

301 4227 447 4283 ὥστε
476 4229 544 4283 ὲκ
567 4225 661 4281 τοῦ
687 4227 959 4296 ἐναντίου,
999 4227 1227 4282 ἀσέϐεια
1259 4228 1322 4282 τὸ
1353 4229 1430 4302 μὴ
1456 4233 1814 4302 γηροκομεῖν.

369 4411 483 4467 Καὶ
509 4411 757 4482 ἀμοιϐὰς
795 4410 1148 4465 ἀποδιδόναι
1175 4411 1294 4480 τοῖς
1323 4415 1644 4483 προγόνοις
1667 4431 1682 4446 θ
1710 4388 1888 4471 τοῦτο

301 4505 414 4576 γάρ
439 4505 612 4559 ἐστιν
655 4503 993 4559 ἀποδεκτόν
1015 4504 1061 4536 ³⁸
1095 4504 1358 4559 ἐνώπιον
1387 4505 1494 4561 τοῦ
1529 4506 1705 4563 Θεοῦ.
1757 4508 1887 4574 Τοῖς

1997 2024 2342 2094 suspiciones
2372 2024 2535 2093 parit,
2563 2027 2618 2075 et
2659 2019 2980 2090 episcopum
3017 2032 3142 2073 cum
3188 2017 3390 2070 talibus
3430 2030 3573 2069 non-

1995 2130 2274 2186 nunquam
2305 2112 2622 2169 conversari
2652 2117 2922 2180 oporteat,
2945 2123 3178 2179 cumque
3199 2109 3281 2162 eis
3312 2105 3576 2176 colloqui,

2001 2217 2080 2270 tu,
2135 2206 2348 2276 inquit,
2413 2205 2468 2259 in
2523 2204 2680 2258 omni
2741 2201 2995 2258 castitate
3051 2214 3408 2263 conversare,
3463 2213 3574 2252 non

1991 2300 2166 2355 solum
2229 2299 2502 2354 mistiouis
2564 2305 2851 2368 peccatum
2914 2296 3152 2368 fugiens,
3207 2292 3570 2350 verumctiam

1991 2407 2206 2448 omnem
2251 2392 2413 2446 aliam
2470 2389 2806 2461 suspicionis
2853 2388 3224 2444 occasionem.
3276 2385 3572 2440 Timotheo

1997 2497 2179 2544 autem
2219 2486 2385 2559 576
2416 2485 2531 2540 haec
2581 2484 2839 2555 iniungit,
2885 2497 2994 2537 non
3043 2481 3190 2536 illius
3239 2480 3436 2547 gratia,
3477 2476 3573 2533 sed

1995 2581 2164 2638 nostri
2199 2590 2322 2652 post
2352 2595 2501 2644 eum,
2535 2585 2594 2632 ut
2631 2577 2979 2648 suspiciones
3024 2573 3319 2644 fugiamus.

2063 2673 2230 2728 Vens.
2255 2673 2308 2727 5.
2342 2669 2547 2724 Viduas
2572 2669 2793 2732 honora,
2812 2683 2930 2736 qua!
2956 2681 3068 2720 vere
3099 2675 3222 2719 sunt
3253 2664 3444 2721 vidua.
3462 2665 3573 2720 Cur

1995 2767 2129 2821 nihil
2167 2764 2234 2820 de
2266 2764 2574 2835 virginibus
2631 2760 2932 2831 praecipit?
2979 2759 3108 2828 quia
3165 2758 3406 2813 nondum
3462 2757 3574 2814 illic

1997 2858 2252 2913 fortassis
2283 2862 2460 2911 erant.
2495 2853 2762 2908 Ilonorari
2793 2859 2974 2905 autem
3003 2849 3198 2904 viduas
3225 2849 3572 2920 praccipit,eo

1993 2950 2139 3020 quod
2169 2965 2274 3004 non
2309 2949 2548 3002 habeant
2583 2945 2812 2998 maritos
2843 2943 2933 3012 qui
2968 2942 3074 2997 illis
3105 2940 3454 3011 pra-sideant,
3489 2949 3574 2994 at-

1992 3057 2098 3110 que
2130 3057 2220 3096 res
2246 3041 2362 3110 ipsa
2394 3037 2794 3094 contumeliosa
2815 3045 2867 3089 et
2895 3033 3314 3089 averruncanda
3331 3033 3568 3088 videtur.

1994 3131 2147 3186 lianc
2177 3131 2246 3186 ob
2287 3147 2399 3185 rem
2429 3145 2522 3184 cas
2553 3129 2723 3183 multo
2769 3127 2978 3182 honore
2997 3143 3024 3180 a
3051 3125 3337 3181 sacerdote
3365 3125 3569 3194 suscipi

1993 3230 2230 3294 Oportet,
2250 3221 2485 3275 maxime
2502 3236 2625 3274 cum
2657 3220 2833 3289 dignae
2860 3219 2988 3282 sint,
3009 3227 3196 3287 utpote
3222 3232 3348 3272 vere
3369 3218 3569 3272 vidum.

1991 3313 2192 3380 Quales
2219 3321 2400 3366 autem
2434 3312 2543 3367 sint
2575 3312 2714 3376 istas,
2757 3310 2901 3364 infra
2929 3310 3131 3365 disces.
3168 3307 3406 3364 Proinde
3441 3307 3572 3362 licet

1989 3415 2042 3460 et
2098 3405 2355 3459 maritum
2414 3419 2520 3458 n0n
2580 3405 2802 3468 habere,
2862 3411 2916 3458 et
2983 3403 3200 3457 viduam
3262 3417 3372 3456 non
3419 3416 3565 3458 esse.

1989 3497 2206 3551 Honora
2249 3503 2453 3560 autem,
2487 3507 2569 3550 est
2606 3511 2723 3565 pro,
2766 3493 3021 3549 Miserere
3052 3509 3260 3557 earum,
3302 3502 3355 3546 et
3381 3505 3573 3547 neces-

1993 3589 2139 3642 saria
2176 3586 2488 3657 suppedita.

2064 3679 2227 3735 Vens.
2261 3682 2315 3736 4.
2355 3679 2414 3736 Si
2435 3695 2551 3749 qum
2592 3688 2769 3733 autent
2800 3677 2962 3732 vidua
2987 3685 3080 3730 aut
3122 3675 3262 3746 ﬁlios
3295 3684 3388 3730 aut
3415 3690 3574 3745 nepo-

1993 3782 2068 3826 tes
2103 3772 2279 3836 habet,
2311 3773 2520 3824 discant
2549 3771 2777 3839 primum
2808 3770 3020 3822 domum
3034 3785 3185 3822 suam
3210 3768 3293 3837 pie
3318 3777 3570 3821 tractare.

1994 3861 2109 3915 llnc
2138 3870 2244 3924 cst,
2275 3861 2493 3915 discant
2539 3860 2695 3914 liberi
2729 3867 2781 3913 et
2809 3869 3036 3927 nepotes
3065 3859 3308 3912 venerari
3343 3868 3570 3912 matrem

1993 3969 2172 4016 suam,
2213 3969 2276 4006 ac
2325 3953 2651 4006 benefacere
2687 3952 2762 4016 ei,
2804 3961 2858 4004 et
2897 3951 3046 4003 alere
3069 3965 3232 4004 eam:
3279 3949 3386 4004 hoc
3420 3949 3569 4004 enim

1993 4056 2078 4099 est
2117 4046 2202 4115 pic
2235 4051 2498 4108 tractare,
2542 4058 2757 4112 nempe,
2815 4052 3046 4096 matrem
3083 4042 3165 4095 vel
3206 4041 3384 4095 aviam
3413 4042 3571 4095 senio

1991 4136 2300 4192 confectant
2351 4150 2566 4190 curare.
2605 4135 2897 4190 Parentnm
2944 4134 3090 4188 enim
3117 4133 3353 4204 dignitas
3386 4133 3570 4187 divina

1990 4235 2094 4282 est.
2129 4227 2402 4294 Quocirca
2431 4243 2461 4282 e
2489 4235 2700 4291 contra,
2731 4225 2945 4280 senium
2976 4239 3083 4279 non
3118 4240 3314 4280 curare
3334 4265 3348 4291 ,
3380 4223 3572 4294 impie-

1992 4326 2077 4371 tas
2118 4325 2225 4371 est.

2066 4407 2133 4461 Et
2174 4417 2416 4462 mutuam
2465 4408 2627 4462 uicem
2670 4407 2890 4461 reddere
2920 4405 3227 4476 parentibus
3257 4420 3277 4459 :
3307 4405 3403 4459 hoc
3431 4405 3569 4458 enim

1991 4510 2069 4554 est
2113 4509 2385 4570 acceptum
2417 4515 2598 4553 coram
2637 4498 2767 4552 Deo.
2809 4498 3150 4564 Parentibus,
3184 4496 3240 4550 id
3265 4505 3372 4560 est,
3407 4499 3567 4550 matri

301 4595 637 4663 προγόνοις,
664 4595 930 4654 τουτέστι,
965 4596 1029 4664 τῇ
1070 4595 1239 4665 μητρὶ
1272 4597 1366 4650 καὶ
1387 4597 1451 4668 τῇ
1491 4596 1882 4670 μάμμῃ.⁶’ορα

1993 4602 2047 4646 et
2093 4595 2247 4648 avias.
2293 4592 2532 4650 Observa
2580 4593 2669 4646 hic
2704 4591 2849 4645 Pauli
2899 4590 3264 4661 prudentiam,
3291 4589 3569 4660 quomodo

301 4688 357 4742 δὲ
385 4687 486 4757 τὴν
527 4686 742 4738 σύνεσιν
775 4685 1012 4751 Παύλου,
1067 4685 1187 4750 πῶς
1243 4687 1303 4740 τὸ
1345 4687 1730 4759 εὐσυνείδητον
1795 4694 1878 4756 είς

306 4779 474 4850 μέσον
506 4777 821 4848 προτίθησι,
853 4777 914 4830 τὸ
955 4775 1304 4848 ἀμείὸεσΘαι,
1331 4779 1498 4850 φημὶ,
1524 4781 1652 4844 τοὺς
1677 4781 1879 4853 προγό-

302 4888 447 4936 νους,
478 4871 666 4924 ἕνεκεν
691 4872 791 4940 τῆς
819 4871 1134 4942 ἀνατροφῆς
1161 4873 1259 4925 καὶΙ
1286 4872 1389 4942 τῆς
1423 4871 1726 4944 αὐξήσεως.
1763 4875 1878 4929 Καὶ

1989 4686 2042 4741 id
2087 4685 2348 4756 primum,
2389 4685 2535 4755 quod
2588 4685 2786 4739 bonam
2836 4683 3230 4738 conscientiam
3264 4683 3477 4738 faciat.
3511 4682 3565 4736 in

1987 4778 2223 4832 medium
2257 4777 2521 4847 proferat,
2557 4791 2772 4846 nempe,
2800 4776 3241 4846 progenitoribus
3274 4776 3446 4830 vicem
3475 4791 3566 4830 re-

1987 4869 2241 4937 pendere,
2281 4869 2425 4939 quod
2457 4883 2558 4924 nos
2596 4868 2886 4923 educarint
2927 4877 3094 4938 atque
3126 4868 3483 4932 enutrierint,
3511 4877 3566 4921 ιι

304 4962 626 5034 προστίθησι
673 4963 768 5015 καὶ
798 4962 1082 5044 λογισμὸν,
1107 4962 1238 5016 Ὀτι
1281 4963 1382 5017 καί
1419 4963 1500 5030 τῷ
1529 4963 1652 5030 Θεῷ
1701 4963 1878 5020 τοῦτο

1991 4977 2175 5017 curam
2220 4963 2394 5017 nostri
2430 4961 2703 5031 geSScrint
2745 4979 2758 5027 ;
2797 4961 3065 5030 adjiciens
3097 4960 3388 5027 rationem,
3427 4960 3566 5024 Quo-

303 5051 657 5109 ἀποδεκτόν.

381 5144 452 5198 Ἦ
504 5143 573 5196 δὲ
627 5143 814 5210 ὄντως
843 5142 1001 5210 χήρα
1045 5143 1145 5198 καί
1191 5146 1582 5216 μεμονωμένη
1614 5145 1872 5216 ἤλπικεν

302 5233 394 5288 ἐπί
425 5233 533 5287 τὸν
565 5236 713 5288 Θεόν
730 5234 798 5286 ⁵ο.
834 5229 1002 5287 Εἶπεν
1032 5233 1164 5297 ἀνω,
1198 5235 1390 5306 Χήρας
1418 5237 1554 5306 τίμα
1575 5239 1675 5301 τὰς
1704 5237 1875 5301 ὅντως

304 5328 496 5396 χήρας,
542 5325 638 5379 καὶ
666 5325 757 5379 διὰ
804 5326 976 5396 μέσου
1010 5327 1307 5397 «apes/Osi;
1335 5327 1437 5391 τὰς
1465 5328 1540 5398 μὴ
1570 5327 1741 5392 ὅντως
1774 5331 1877 5400 Χή·

306 5436 420 5485 ρας,
447 5418 546 5480 τὰς
566 5417 802 5487 ἐχούσας
835 5417 1003 5472 τέκνα
1030 5418 1096 5472 τὰ
1120 5419 1408 5487 ὀφείλοντα
1439 5419 1619 5474 αὐτῶν
1648 5422 1874 5491 φροντί-

306 5509 438 5575 ζειν,
460 5512 558 5563 νῦν
594 5509 749 5579 λέγει
789 5510 875 5574 τίς
903 5511 1052 5564 ἐστιν
1093 5511 1126 5579 ἡ
1153 5511 1324 5575 δντως
1354 5514 1502 5584 χήρα
1523 5530 1537 5546 ·
1575 5515 1667 5568 καί
1691 5531 1880 5586 φησιν,

307 5602 383 5654 ὃτι
409 5602 442 5671 ἡ
474 5600 682 5674 μηδένα
707 5599 910 5671 ἔχουσα
934 5601 1235 5674 κηδεμόνα,
1272 5603 1351 5675 μὴ
1371 5604 1584 5671 τέκνον,
1612 5608 1690 5676 μὴ
1718 5607 1881 5676 ἔκγο-

1981 5055 2126 5108 ηἱαηι
2157 5063 2205 5108 et
2226 5055 2324 5107 hac
2355 5053 2463 5107 Deo
2492 5064 2704 5123 gramm
2731 5061 2828 5106 est.

2058 5147 2220 5202 VERS.
2264 5145 2319 5203 5.
2363 5146 2491 5211 Qua:
2527 5157 2706 5199 autem
2738 5162 2852 5200 vere
2897 5144 3058 5200 vidua
3088 5155 3163 5200 est
3207 5155 3257 5200 et
3298 5145 3563 5211 desolata,

1976 5251 2152 5310 sperat
2190 5241 2244 5294 in
2286 5239 2476 5295 Deum.
2526 5239 2705 5308 Supra
2736 5238 2891 5303 dixit,
2941 5237 3159 5292 llonora
3209 5237 3400 5292 viduas
3441 5252 3562 5306 quae

1981 5349 2110 5389 vere
2143 5343 2273 5388 sunt
2302 5333 2522 5388 viduae:
2572 5332 2837 5402 quoniam
2871 5345 3003 5385 vero
3039 5330 3160 5384 illas
3202 5329 3556 5400 interposuis-

1984 5433 2068 5483 set
2093 5442 2214 5496 quae
2236 5441 2345 5480 non
2373 5427 2481 5480 sint
2507 5440 2635 5480 vere
2667 5425 2841 5480 vidum
2869 5463 2884 5488 ,
2923 5422 3180 5476 nimirum
3216 5439 3337 5493 quae
3365 5422 3564 5479 liberos

1985 5515 2208 5579 habent,
2257 5517 2350 5586 qui
2388 5517 2495 5573 illis
2541 5516 2856 5586 prospicere
2893 5517 3112 5580 debent,
3146 5516 3258 5588 jam
3310 5531 3560 5586 quaenam
3592 5554 3602 5564 .

1986 5607 2060 5663 sit
2112 5623 2240 5664 vere
2289 5607 2473 5676 vidua,
2512 5607 2698 5665 subdit
2752 5626 2767 5664 :
2817 5607 2948 5675 Quae
2997 5607 3230 5674 nullout,
3287 5607 3566 5678 inquiens,

1666 5723 1860 5786 Variae
1887 5725 2211 5791 lectiones.

373 5819 416 5854 ³⁸
443 5819 557 5876 εστι
585 5815 756 5875 καλὸν
787 5816 882 5872 καὶ
913 5817 1211 5876 ἀποδεκτόν
1242 5835 1321 5876 m.
1418 5820 1464 5855 “
1491 5822 1700 5894 Κύριον
1732 5840 1786 5881 o.
