4078 6462
479 396 554 462 63
1385 402 1962 465 THEOPHYLACTI
2004 395 2417 465 BULGARLE
2457 407 2818 469 ARCHIEP.
3666 403 3740 469 64

481 509 681 564 habeat
713 515 1047 577 curatorem,
1070 525 1181 566 non
1216 509 1409 576 ﬁlium,
1433 526 1538 566 non
1560 522 1833 580 nepotem,
1866 526 2052 569 verum

2174 529 2271 577 ιον,
2325 513 2441 567 ἀλλ’
2498 506 2595 569 ἐπι
2645 518 2807 587 μόνον
2858 517 2949 572 τὸν
2976 502 3109 572 Θὲδν
3142 517 3440 580 ἐλπίζουσι
3476 533 3488 544 ·
3536 516 3604 586 ἦν
3659 519 3743 572 δεῖ

486 601 540 653 ἱιι
564 600 738 653 solum
772 600 935 654 Deum
965 611 1193 671 sperat:
1241 617 1362 672 quae
1401 617 1532 657 sane
1584 604 1791 657 honore
1844 612 1927 657 est
1955 603 2065 658 atil-

448 704 451 709 ·
487 691 699 747 cienda.
736 699 790 743 et
808 694 1183 748 misericordia
1207 695 1478 766 dignanda
1510 694 1728 749 inomni
1753 695 2069 764 suppedita-

488 781 633 833 tione
668 784 1101 837 necessariarum
1144 798 1351 839 rerum.

560 873 635 923 Ac
669 884 959 941 perseverat
1004 876 1057 928 in
1100 876 1491 940 precationibus
1521 885 1571 929 et
1616 877 2065 931 obsecrationibus

491 972 639 1017 nocte
679 975 723 1016 rt
774 966 879 1019 die.
919 966 1087 1034 quue
1126 984 1234 1021 non
1281 968 1556 1023 immerito
1601 985 1616 1023 :
1655 970 1861 1023 nullum
1919 970 2063 1025 enim

495 1052 656 1104 alium
689 1055 913 1119 hahens,
947 1056 1015 1108 ad
1047 1055 1214 1110 Deum
1252 1057 1511 1127 confugit.
1545 1058 1681 1114 Cum
1715 1070 1893 1114 autem
1925 1060 2065 1114 veri-

492 1145 630 1194 simil
656 1166 662 1177 ·
692 1155 835 1197 esset
873 1162 967 1200 eas
1010 1148 1349 1211 contristari,
1396 1159 1454 1202 ut
1488 1166 1610 1217 qua:
1637 1152 1861 1204 omnino
1887 1158 2067 1205 tutore

492 1246 544 1285 «ηι
592 1236 817 1303 prum-ide
852 1247 1094 1299 careant,
1126 1241 1444 1297 consolatur
1487 1257 1583 1295 eas
1635 1258 1727 1310 per
1770 1242 1872 1296 hoc
1919 1241 2065 1311 quod

493 1328 655 1379 Deum
676 1332 791 1382 vice
824 1331 1066 1383 omnium
1095 1332 1350 1388 habeant.
1372 1333 1634 1399 Quamvis
1650 1335 1796 1389 enim
1824 1336 1913 1387 illa
1945 1350 2068 1405 qua:

491 1421 692 1475 Ιὶὺιιτοε
736 1424 851 1487 alit,
895 1425 1199 1478 mercedem
1243 1427 1479 1496 recipit,
1513 1436 1568 1481 at
1600 1443 1728 1482 vero
1764 1437 1853 1481 tua
1886 1429 2070 1498 digni-

490 1521 574 1564 tas
632 1530 737 1566 non
792 1522 876 1568 est
924 1516 1236 1582 imminuta,
1264 1533 1330 1572 ex
1360 1533 1425 1572 eo
1491 1520 1638 1588 quod
1699 1522 1898 1578 liberos
1960 1537 2067 1576 non

494 1602 723 1657 habeas.

564 1692 729 1746 Vsus.
764 1693 818 1749 6.
846 1692 991 1749 Nam
1016 1713 1136 1768 qua!
1171 1699 1223 1752 in
1248 1697 1454 1755 deliciis
1487 1710 1588 1764 est,
1613 1718 1782 1756 vivens
1812 1712 1892 1757 est
1923 1719 2068 1757 mor-

477 1770 606 1839 .tna.
642 1786 780 1852 Quia
814 1802 921 1841 neu
955 1804 1139 1858 pauca:
1156 1789 1439 1846 viduitatis
1474 1802 1676 1848 statum
1706 1796 1932 1865 eligunt,
1957 1811 2069 1864 quo

490 1877 700 1942 majore
720 1892 844 1932 cum
886 1879 1139 1936 libertate
1176 1889 1340 1951 agant
1378 1898 1501 1952 qum
1556 1893 1710 1954 grata
1741 1898 1889 1950 sunt,
1930 1886 2065 1951 Quae

492 1967 723 2031 deliciis,
756 1967 950 2037 inquit,
980 1968 1161 2024 dedita
1191 1980 1299 2033 est,
1341 1974 1556 2027 etiamsi
1605 1972 1857 2029 videatur
1885 1975 2068 2030 vivere

494 2060 807 2115 scnsihilem
839 2061 983 2117 hanc
1010 2063 1199 2124 vitam,
1238 2074 1451 2119 mortua
1471 2077 1648 2120 tamen
1678 2076 1763 2120 est
1787 2064 1947 2137 577
1980 2082 2065 2123 se-

490 2153 728 2208 cundum
769 2154 1047 2224 spiritum.
1076 2155 1171 2211 Sin
1200 2166 1381 2213 autem
1418 2159 1655 2226 mulieri,
1683 2161 1841 2227 cujus
1872 2170 2065 2214 natura

489 2260 722 2315 semper,
782 2257 948 2317 atque
993 2259 1124 2305 aetas
1155 2250 1318 2304 etiam
1361 2252 1898 2322 sa'peintirmitatem
1932 2269 2069 2308 con-

485 2338 730 2407 junctam
763 2339 944 2404 habet,
977 2340 1209 2396 delicate
1242 2342 1427 2396 vivere
1466 2359 1572 2397 non
1605 2345 1893 2412 permittit,
1939 2346 2068 2414 quid

495 2429 598 2482 viri
631 2430 835 2494 dicent,
864 2432 955 2496 qui
990 2432 1044 2485 in
1082 2431 1295 2488 deliciis
1328 2435 1492 2488 vitam
1523 2442 1696 2505 agunt
1727 2434 1751 2487 ‘i

569 2520 734 2574 Vens.
780 2523 829 2576 7.
862 2520 933 2575 Et
956 2521 1066 2575 Ιιωσ
1094 2526 1341 2591 prwcipe,
1380 2535 1437 2578 ut
1473 2526 1579 2578 sint
1637 2526 2072 2595 irrepreltensibi-

490 2610 584 2665 [ει.
628 2609 822 2667 Viden‘
880 2612 1023 2683 quod
1060 2613 1200 2667 hanc
1230 2630 1345 2669 rem
1365 2631 1462 2669 seu
1499 2615 1671 2683 legem
1731 2632 1852 2672 esse
1894 2618 2072 2674 velit?

489 2701 605 2756 Non
641 2705 785 2758 enim
834 2704 1099 2759 voluntati
1162 2707 1425 2774 permittit
1489 2722 1596 2761 non
1650 2707 1919 2768 deliciari.
1976 2709 2069 2764 sed

489 2796 655 2850 veluti
683 2803 964 2862 peccatum
1030 2797 1132 2851 hoc
1168 2797 1459 2867 prohibet:
1513 2813 1660 2864 nam,
1689 2802 1938 2868 principe,
1970 2802 2072 2857 hoc

488 2888 760 2959 signiﬁcat
793 2907 807 2944 :
852 2889 1073 2958 perinde
1099 2905 1161 2944 ac
1218 2891 1264 2945 si
1325 2890 1535 2947 diceret
1567 2908 1581 2945 :
1615 2890 1751 2947 Cum
1780 2895 2071 2951 severitate

487 2980 739 3046 prohibe,
770 2996 841 3035 ne
870 2981 1001 3035 talia
1030 2989 1389 3036 attententnr.

561 3069 727 3126 Vsus.
754 3071 809 3128 8.
838 3069 898 3126 Si
926 3073 1044 3141 quis
1070 3081 1247 3125 autent
1284 3089 1524 3137 suorum,
1543 3084 1593 3129 et
1620 3075 1854 3130 maxime
1888 3074 2070 3131 dame—

488 3163 763 3228 sticorum,
792 3179 975 3216 curam
1009 3181 1112 3218 non
1146 3164 1321 3220 habet.
1355 3166 1577 3221 Deliciis
1631 3166 1833 3232 dedita,
1866 3168 2064 3239 inquit,

2166 605 2434 672 τιμᾶσθαι
2491 608 2587 660 καὶ
2642 608 2915 664 ἐλεεῖσθαι
2977 613 3037 662 ἑν
3108 610 3261 683 πάσῃ
3331 609 3568 681 χορηγίᾳ
3630 610 3742 664 τῶν

2166 693 2506 763 ἀναγκαίων.

2240 883 2353 937 Kal
2402 883 2731 952 προσμένει
2759 882 2888 948 ταῖς
2926 882 3179 950 δεήσεσι
3215 883 3313 937 καί
3368 882 3497 947 ταῖς
3550 896 3743 951 προσ-

2167 978 2375 1046 ευχαῖς
2411 980 2634 1045 νυκτὸς
2668 978 2765 1032 καί
2813 979 3053 1047 ἡμέρας.
3090 980 3351 1040 Εἰκότως.
3386 977 3606 1049 Μηδένα
3633 979 3744 1048 γὰρ

2168 1070 2328 1124 ἄλλον
2357 1069 2577 1141 ἔχουσα,
2626 1071 2768 1140 πρὸς
2800 1071 2893 1123 τὸν
2921 1071 3055 1124 Θεὸν
3108 1071 3472 1138 καταφεύγει.
3517 1071 3742 1141 Ἐπειδὴ

2168 1164 2223 1215 δὲ
2258 1164 2403 1227 sine;
2431 1159 2500 1234 ἦν
2530 1164 2699 1227 αὐτὰς
2725 1165 3037 1225 λυπεῖσθαι,
3075 1163 3149 1227 ὡς
3183 1164 3423 1219 mina.“
3457 1165 3745 1233 ἀπροστα-

2167 1253 2413 1316 τεύτους,
2453 1255 2864 1325 παραμυθεῖται
2916 1256 3107 1320 αὐτὰς,
3169 1255 3246 1318 ὡς
3299 1256 3391 1308 τὸν
3444 1255 3577 1309 Θεὸν
3620 1254 3746 1309 ἀντὶ

2170 1345 2388 1399 πάντων
2427 1346 2679 1414 ἐχούσας.
2718 1348 2778 1400 El
2806 1348 2913 1416 γὰρ
2943 1348 3034 1401 καὶ
3071 1349 3105 1419 ἡ
3153 1348 3590 1416 τεκνπροφοῦσα
3626 1346 3745 1418 ἔχει.

2174 1436 2385 1504 μισθὸν,
2417 1437 2531 1489 ἀλλ’
2559 1438 2661 1491 οὐκ
2691 1438 2974 1510 ἠλαττώθη
3000 1439 3091 1494 καὶ
3122 1439 3204 1493 σοὶ
3228 1438 3287 1492 τὸ
3312 1436 3530 1509 ἀξίωμα
3557 1440 3621 1493 ἐκ
3644 1437 3741 1492 τοῦ

2168 1527 2335 1582 τέκνα
2369 1530 2443 1600 μὴ
2473 1528 2640 1600 ἔχειν.

2252 1710 2321 1765 Ἡ
2370 1710 2439 1764 δὲ
2487 1710 2887 1778 σπαταλῶσα,
2944 1712 3103 1774 ζῶσα
3154 1712 3462 1782 τέθνηκεν.
3514 1714 3741 1787 Ἐπειδὴ

2170 1802 2367 1858 πολλαὶ
2405 1804 2506 1873 τὴν
2546 1804 2777 1875 χηρείαν
2825 1805 3144 1877 αἱροῦνται,
3207 1808 3294 1861 ἵνα
3329 1807 3469 1877 μετὰ
3498 1806 3766 1876 πλείονος⁴

2165 1895 2353 1958 ἀδείας
2383 1895 2669 1966 πράττωσι
2689 1897 2759 1951 τὰ
2808 1897 3053 1969 θυμήρη,
3104 1903 3270 1967 φησιν
3298 1900 3382 1953 ὅτι
3428 1899 3493 1954 Ἦ
3526 1917 3743 1974 σπατα-

2170 1985 2342 2050 λῶσα,
2369 1986 2475 2041 κᾶν
2511 1987 2639 2058 δοκῇ
2667 1988 2766 2059 ζῇν
2796 1988 3000 2058 ταύτην
3030 1988 3127 2060 τὴν
3157 1989 3303 2055 ζωὴν
3324 1990 3423 2059 τὴν
3447 1991 3749 2061 αἰσθητὴν,

2168 2076 2402 2146 τέθνηκε
2437 2079 2580 2132 κατὰ
2616 2078 2853 2148 πνεῦμα.
2901 2080 2964 2133 ΕΞ
3009 2079 3066 2134 δὲ
3110 2082 3331 2148 γυναικὶ
3378 2083 3439 2135 ού
3470 2082 3747 2152 συγχωρεῖ

2172 2168 2479 2239 σπαταλᾷν,
2515 2168 2644 2222 ἔνθα
2673 2169 2766 2223 καὶ
2802 2170 2834 2240 ἠ
2866 2167 3028 2236 φύσις
3058 2170 3296 2234 πάντως,
3345 2171 3438 2224 καὶ
3475 2172 3517 2241 ἡ.
3561 2171 3748 2238 ἡλικία

2170 2257 2434 2320 πολλάκις
2473 2258 2589 2327 ἔχει
2622 2258 2723 2330 τὴν
2752 2258 3064 2326 ἀσθένειαν,
3104 2261 3156 2312 τι
3196 2259 3262 2314 ἂν
3316 2259 3522 2315 εἴποιεν
3554 2261 3748 2334 ἄνδρες

2173 2346 2557 2411 σπαταλῶντες
2571 2364 2587 2415 ;

2245 2527 2353 2581 Kal
2372 2527 2558 2581 ταῦτα
2591 2526 2994 2597 παράγγελλε,
3026 2529 3127 2582 ἵνα
3158 2529 3554 2596 ἀνεπίληπτοι
3573 2525 3747 2587 ὦσιν.

2183 2618 2350 2689 Ὁρᾷς
2374 2619 2458 2672 ὅτι
2486 2618 2562 2682 ὡς
2602 2620 2768 2688 νόμον
2795 2617 2855 2672 τὸ
2886 2621 3123 2689 πρᾶγμα
3154 2616 3292 2673 εἶναι
3322 2620 3496 2687 θέλει;
3533 2621 3610 2676 Ού
3640 2623 3755 2693 γὰρ

2171 2712 2238 2778 τῇ
2293 2708 2612 2778 προαιρέσει
2667 2708 2951 2777 ἐπιτρέπει
3008 2708 3069 2761 τὸ
3114 2708 3186 2778 μὴ
3238 2712 3475 2780 τρυφᾷν,
3513 2710 3629 2764 ἀλλ’
3671 2711 3751 2775 ὡς

2174 2799 2447 2872 ἁμαρτίαν
2475 2798 2632 2853 τοῦτο
2657 2798 3016 2869 ἀπαγορεύει.
3046 2800 3087 2853 Τ
3091 2799 3121 2853 ὸ
3168 2802 3298 2870 γὰρ,
3335 2802 3749 2871 Παράγγελλε,

2170 2890 2329 2943 τοῦτο
2364 2889 2640 2960 σημαίνει,
2694 2889 2815 2941 ἀντὶ
2862 2887 2980 2954 τοῦ,
3016 2888 3180 2943 Μετὰ
3233 2888 3536 2959 αὐστηρίας
3566 2889 3743 2943 κὼλυε

2170 2980 2395 3035 τοιαῦτα
2426 2978 2735 3050 τολμᾶσθαι
2755 2978 2824 3032 ⁸⁸.

2244 3074 2313 3127 Ei
2340 3071 2411 3125 δέ
2434 3088 2526 3136 τις
2562 3070 2678 3124 τῶν
2708 3068 2895 3133 ἰδίων,
2935 3067 3035 3121 καί
3053 3067 3321 3138 μάλιστα
3357 3067 3476 3122 τῶν
3506 3068 3749 3123 οίκείων

2173 3167 2243 3220 οὐ
2286 3162 2548 3233 προνοεῖ.
2585 3164 2651 3216 Ἦ
2688 3160 3045 3224 σπαταλῶσα,
3106 3161 3260 3230 φησι,
3310 3161 3406 3215 καὶ
3447 3160 3537 3214 διὰ
3583 3160 3747 3215 τοῦτο

491 3263 778 3325 prapterea
809 3257 938 3311 dum
975 3257 1108 3312 vivit
1142 3267 1359 3312 mortua
1411 3267 1516 3324 est,
1580 3259 1828 3328 adeoque
1886 3261 2066 3329 periit,

2175 3232 2406 3325 τέθνήκε
2439 3252 2535 3307 καὶ
2558 3251 2861 3312 ἀπόλωλεν.
2899 3251 2983 3304 ὅτι
3029 3252 3210 3305 πᾶσαν
3235 3251 3333 3322 τὴν
3363 3251 3620 3323 πρόνοιαν
3660 3251 3746 3316 είς

488 3347 748 3416 quoniam
779 3362 997 3403 omnem
1039 3348 1437 3419 providentiam
1473 3351 1529 3405 in
1559 3351 1795 3420 seipsam
1856 3352 2069 3421 impen-

489 3438 591 3496 dit.
620 3436 850 3492 Suorum
870 3440 1038 3500 enim,
1074 3440 1124 3494 id
1159 3449 1267 3507 est,
1310 3440 1578 3505 ﬁdelium,
1610 3441 1852 3497 habenda
1894 3458 2068 3507 cura;

499 3529 729 3582 maxime
765 3545 892 3583 vero
920 3528 1355 3597 domesticorum,
1399 3536 1501 3586 hoc
1531 3541 1634 3597 est,
1671 3548 1862 3586 eorum
1877 3533 1967 3602 qui
2004 3532 2071 3587 ad

488 3620 1069 3688 geniisetsanguincm
1097 3623 1393 3692 pertinent,
1440 3638 1733 3694 permagna
1794 3631 1878 3679 est
1972 3626 2072 3677 ha-

485 3710 665 3764 benda
697 3725 852 3778 cura,
909 3727 1035 3767 cum
1089 3715 1281 3780 animi,
1324 3723 1438 3769 tum
1507 3718 1757 3787 corporis
1829 3717 2070 3771 nomine.

560 3802 750 3857 Fidem
784 3806 1012 3875 negavit.
1037 3806 1328 3872 Quomodo
1358 3810 1382 3863 ?
1415 3810 1677 3880 quoniam
1733 3826 1897 3880 opera
1952 3812 2074 3881 ejus

485 3907 596 3948 non
628 3902 757 3949 sunt
786 3909 852 3950 ex
876 3895 998 3949 ﬁde.
1034 3895 1090 3950 Si
1118 3899 1264 3951 enim
1289 3897 1615 3954 credidisset
1645 3898 1777 3964 Deo,
1813 3900 2074 3956 adivisset

485 3998 611 4039 eum
628 3986 721 4056 qui
742 3986 907 4043 dicit:
924 3985 1252 4051 Domesticos
1281 3990 1495 4044 seminis
1513 3991 1592 4044 tui
1608 4008 1670 4044 ne
1684 3993 1982 4060 despeaeris
2002 3992 2068 4045 '9.

486 4073 677 4139 Deum,
714 4076 912 4144 inquit,
941 4077 1264 4146 conﬁtentur
1297 4093 1351 4131 se
1390 4094 1565 4144 nosse,
1620 4080 1859 4147 operibus
1899 4090 2075 4146 autem

490 4177 679 4236 negant
711 4170 800 4221 '9'.

562 4257 630 4310 Et
658 4268 735 4312 est
767 4258 966 4328 inﬁdeli
983 4257 1235 4316 deterior.
1294 4261 1562 4328 Quoniam
1590 4263 1699 4325 ille,
1733 4265 1834 4319 etsi
1866 4264 2081 4319 alienos

498 4363 613 4403 non
648 4359 831 4414 curat,
867 4365 997 4405 suos
1023 4358 1202 4406 tamen
1235 4368 1340 4406 non
1373 4354 1615 4424 negligit,
1650 4356 1843 4410 saltem
1872 4364 2079 4408 natm-ae

497 4452 664 4493 suasu
702 4439 947 4494 ductus:
980 4439 1072 4496 hie
1107 4456 1237 4496 vero
1267 4449 1374 4495 tam
1403 4442 1515 4508 Dei,
1551 4459 1713 4514 quam
1764 4460 1975 4499 natura:
2000 4446 2074 4499 le-

2173 3345 2372 3414 ὲαυτὴν
2417 3343 2887 3400 naturamaut".
2934 3344 3026 3396 Δεῖ
3074 3342 3182 3412 γὰρ
3225 3342 3575 3414 προνοεῖσθαι
3624 3342 3747 3397 τῶν

2172 3438 2358 3501 ἰδίων,
2389 3438 2656 3502 τουτέστι,
2678 3435 2786 3489 τῶν
2822 3435 3030 3489 πιστῶν
3067 3453 3081 3466 ·
3102 3434 3201 3489 καὶ
3219 3434 3486 3504 μάλιστα
3507 3438 3625 3490 τῶν
3655 3436 3748 3491 ol-

2173 3527 2374 3592 κείων,
2404 3526 2675 3590 τουτέστι,
2704 3523 2814 3578 τῶν
2849 3525 2983 3596 πρὸς
3007 3524 3222 3593 γένους,
3257 3526 3439 3578 πᾶσαν
3469 3523 3751 3597 πρόνοιαν,

2176 3620 2268 3674 καὶ
2293 3619 2393 3692 τὴν
2421 3619 2566 3673 κατὰ
2587 3618 2765 3689 ψυχὴν
2796 3618 2890 3671 καὶ
2916 3616 3013 3688 τὴν
3050 3620 3192 3670 κατὰ
3233 3617 3416 3688 σῶμα.

2250 3800 2376 3867 Τὴν
2407 3799 2617 3853 πίστιν
2648 3797 2921 3868 ἤρνηται.
2950 3798 3111 3865 Πῶς;
3144 3800 3225 3853 ὅτι
3249 3799 3484 3871 τὰέργα
3522 3801 3621 3854 οὐκ
3647 3788 3757 3855 εἰσὶ

2179 3890 2553 3955 πιστεύοντος.
2590 3892 2655 3945 Ei
2705 3893 2816 3964 γὰρ
2866 3893 3119 3947 ἐπίστευε
3151 3891 3227 3961 τῷ
3268 3892 3409 3963 Θεῷ,
3456 3894 3655 3965 ἤκουεν
3687 3894 3760 3948 ἂν

2178 3982 2345 4037 αὐτοῦ
2378 3981 2629 4049 λέγοντος
2648 3998 2662 4012 ο
2683 3981 2823 4036 Ἀπὸ
2862 3979 2982 4035 τῶν
3014 3981 3248 4036 οἰκείων
3274 3979 3379 4034 τοῦ
3408 3981 3760 4049 σπέρματός

2177 4087 2295 4127 σου
2346 4074 2458 4141 οὐχ
2516 4075 2830 4140 ὑπερόψει.
2888 4073 3057 4136 Θεὸν,
3095 4074 3281 4142 φησιν,
3345 4071 3756 4142 ὁμολογοῦσιν

2177 4165 2420 4227 εἰδέναι,
2452 4165 2575 4232 τοῖς
2609 4165 2677 4218 δὲ
2705 4165 2902 4234 ἔργοις
2930 4163 3275 4232 ἀρνοῦνται.

2250 4256 2356 4311 Καὶ
2395 4257 2568 4310 ἔστιν
2592 4257 2855 4310 ἀπίστου
2880 4257 3121 4324 χείρων.
3155 4255 3300 4310 Διὸτι
3339 4258 3548 4320 ἐκεῖνος
3578 4255 3676 4326 μὲν
3705 4256 3758 4308 εἰ

2180 4350 2274 4423 μα’».
2318 4348 2445 4411 τοὺς
2484 4347 2818 4418 ἀλλοτρίους,
2869 4347 3007 4401 ἀλλά
3062 4363 3128 4416 γε
3178 4348 3304 4411 τοὺς
3356 4346 3644 4411 οίκείους⁴⁸
3692 4348 3757 4401 ού

2184 4441 2440 4512 περιορᾷ,
2496 4442 2562 4510 τῇ
2598 4438 2757 4508 φύσει
2813 4436 2944 4507 γοῦν
2975 4437 3295 4509 πειθόμενος
3329 4453 3343 4467 ·
3386 4437 3550 4500 αὐτὸς
3576 4437 3632 4490 δὲ
3660 4439 3758 4490 καὶ

497 4545 616 4600 gem
643 4531 809 4598 tollit,
844 4540 899 4586 et
925 4532 1126 4602 injuria
1157 4532 1338 4588 allicit.
1378 4535 1512 4601 Quis
1561 4550 1689 4591 vero
1728 4537 1889 4590 talem
1953 4550 2068 4589 ere-

2182 4530 2273 4585 τὸν
2301 4529 2393 4583 τοῦ
2425 4529 2557 4583 Θεοῦ
2585 4531 2677 4584 καὶ
2703 4530 2795 4582 τὶν
2821 4530 2916 4601 τῆς
2964 4529 3179 4600 φύσεως
3209 4529 3372 4599 νόμον
3403 4528 3621 4598 ἀναιρεῖ
3656 4527 3754 4581 καὶ

494 4618 695 4676 diderit
726 4623 903 4677 amico
925 4637 1048 4677 esse
1076 4621 1271 4680 aﬁectu
1329 4639 1453 4696 erga
1501 4625 1757 4680 alienos?
1811 4625 1966 4692 Quod
2030 4626 2075 4681 si

496 4719 677 4765 autem
710 4714 1038 4769 misereatur
1068 4715 1301 4781 alienos,
1339 4733 1520 4771 nonne
1578 4732 1643 4772 ex
1698 4718 1846 4773 inani
1900 4721 2072 4789 gloria

487 4803 637 4858 istud
669 4805 849 4858 facit?
883 4804 1138 4877 Expende
1173 4819 1353 4864 autem
1385 4818 1563 4863 tecum
1600 4827 1615 4865 :
1643 4810 1687 4864 si
1741 4812 1943 4867 inﬁdeli
1988 4825 2072 4867 est

487 4895 724 4951 deterior
753 4899 844 4968 qui
886 4901 1003 4953 suis
1030 4916 1136 4953 non
1174 4889 1441 4969 providet,
1503 4918 1664 4971 quem
1733 4904 1787 4958 in
1822 4907 2067 4960 ordinem

491 4989 536 5042 is
569 4989 931 5044 collocabitur
965 4993 1053 5059 qui
1093 4991 1291 5060 injuria
1321 5010 1415 5046 eos
1449 4993 1614 5046 allicit
1646 4993 1669 5046 Ἰ
1700 5004 1753 5048 et
1778 4995 1924 5065 quod
1957 5013 2064 5052 non

487 5079 624 5133 satis
664 5088 747 5133 est
774 5082 1010 5149 cuipiam
1046 5081 1113 5134 ad
1148 5084 1381 5137 salutem
1407 5086 1626 5155 propria
1652 5086 1846 5152 virtus,
1877 5088 1922 5142 si
1947 5088 2063 5157 ipse

487 5170 692 5224 virtute
713 5171 973 5240 praeditus
1012 5173 1201 5229 aﬁines
1240 5190 1371 5229 suos
1437 5191 1544 5229 non
1603 5175 1799 5231 doceat
1851 5185 1905 5232 et
1966 5178 2065 5231 ad-

492 5261 761 5318 hortetur.

564 5443 608 5474 ³⁹
638 5442 718 5499 lsa
772 5463 923 5516 Lvm,
954 5451 1005 5504 7.
1076 5452 1146 5483 ¹⁹⁶
1188 5446 1297 5501 Tit.
1332 5466 1366 5514 ι,
1432 5448 1517 5503 l6.

2184 4622 2517 4687 ἀδικεῖοτίς
2563 4623 2607 4677 δ’
2658 4623 2723 4677 ἂν
2784 4622 2874 4677 τὸν
2914 4621 3171 4674 τοιοῦτον
3217 4620 3562 4673 πιστεύσειεν
3614 4613 3757 4673 εἶναι

2185 4715 2541 4786 φιλόστοργον
2573 4715 2700 4785 περὶ
2725 4714 2849 4775 τοὺς
2899 4714 3248 4783 ἁ).λοτρίους;
3306 4713 3367 4765 Ei
3413 4712 3469 4764 δὲ
3507 4711 3599 4764 καὶ
3632 4712 3760 4772 τοὺς

2182 4808 2495 4877 ἀλλοτρίους
2558 4806 2734 4872 ἐλεεῖ,
2792 4807 2909 4869 πῶς
2962 4807 3025 4859 οὐ
3079 4805 3326 4869 κενδοξία
3375 4804 3435 4856 τὸ
3483 4806 3756 4874 πρᾶγμας

2181 4900 2506 4967 Συλλόγισαι
2534 4898 2611 4965 δὲ,
2645 4898 2729 4953 ὅτι
2763 4899 2810 4949 εί
2840 4898 3069 4950 ἀπίστου
3095 4897 3313 4967 χείρων,
3349 4896 3375 4947 ὀ
3407 4894 3480 4964 μὴ
3509 4894 3758 4963 προνοῶν

2178 4990 2287 5043 τῶν
2319 4988 2557 5055 οἰκείων,
2597 4989 2625 5039 ὁ
2667 4986 2871 5040 ἀδικῶν
2902 4987 3099 5048 αὐτοὺς
3148 4984 3253 5037 ποῦ
3289 4984 3608 5048 tetigerat;
3647 4984 3740 5034 καὶ

2178 5083 2262 5135 ὅτι
2295 5081 2396 5134 οὐκ
2421 5082 2584 5152 ἀρκεῖ
2626 5097 2730 5132 τινι
2776 5079 2913 5149 πρὸς
2962 5077 3300 5147 σωτηρίανή
3335 5079 3514 5130 οἰκεία
3557 5076 3758 5146 ἁρετὴ.

2180 5174 2339 5245 εἴπερ
2356 5172 2519 5234 αὐτὸς
2537 5173 2788 5242 ἐνάρετος
2819 5169 2919 5234 ὢν,
2943 5169 3017 5241 μὴ
3038 5168 3280 5222 διδάσκει
3310 5169 3406 5221 καὶ
3428 5170 3685 5240 παραινεί
3708 5167 3752 5198 ³³

2177 5269 2304 5330 τοὺς
2336 5265 2471 5336 πρὸς
2492 5264 2706 5334 γένους.

1811 5591 2005 5653 Varia).
2051 5593 2381 5657 lectiones.

572 5709 616 5739 ⁸³
642 5707 907 5785 πάντοθεν
934 5724 986 5764 o.
1040 5711 1106 5785 _‘_'
1127 5710 1372 5777 γίνεσθαι
1397 5726 1450 5766 0.
1495 5711 1576 5785 _"'
1606 5713 2019 5781 καταναλίσκει,
2051 5735 2068 5770 θ

2174 5717 2343 5782 οὕτως
2369 5715 2573 5785 ἑαυτήν
2598 5730 2659 5767 τε
2689 5709 2903 5782 φθείρει
2951 5725 3026 5767 m.
3063 5707 3330 5783 Impendit

498 5773 665 5843 ipsam
708 5781 936 5847 perimit.
1013 5773 1305 5849 διένγιστα
1337 5796 1389 5836 o.
1467 5782 1513 5813 ⁵⁵
1540 5785 1768 5853 κατηχεῖ
1820 5798 1874 5837 ο.

3401 5722 3421 5762 :
3466 5705 3645 5775 sicque
3695 5720 3748 5758 se
