4078 6456
456 389 465 400 1
544 452 614 516 0⁸1
1102 478 1117 491 ·
1435 440 2019 513 THEOPIIYLACT-I
2065 434 2474 499 BULGARLE
2515 434 2870 497 ARCHIEP.
3739 437 3815 501 63

612 562 749 617 Cum
777 561 916 616 enim
943 559 1234 614 luxuriatae
1272 558 1473 628 fuerint
1533 556 1789 611 adversus
1824 553 2121 616 Christum,

2306 532 2488 605 Ὅταν
2546 548 2658 618 γὰρ
2712 546 3278 616 καταστρηνιάσωσι
3349 547 3459 603 τοῦ
3516 547 3778 617 Χριστοῦ
3796 578 3815 603 ν

539 652 737 707 nubere
771 650 973 706 volunt.
1018 648 1132 704 lloc
1159 659 1267 714 eat,
1309 647 1535 719 quando
1585 647 1929 702 lascivierint
1962 653 2016 700 et
2033 643 2130 699 de-

540 744 740 798 liciata:
794 742 1114 805 fuerint,ac
1158 738 1381 810 quando
1431 737 1803 808 superbierint
1857 736 2129 791 adversus

540 834 851 899 Christum,
895 833 1075 903 ipsum
1134 832 1188 886 in
1250 845 1514 901 sponsum
1579 845 1689 885 non
1751 827 2128 890 admittentes,

542 928 598 980 in
628 928 849 997 nuptias
874 925 1138 995 deinceps
1160 923 1422 978 excidunt
1463 939 1478 976 :
1506 937 1613 976 nou
1669 921 1815 977 cnim
1846 919 2130 975 viduitatis

543 1025 746 1073 statum
778 1016 1063 1086 elegerunt
1090 1028 1217 1068 cum
1247 1011 1400 1080 justa
1452 1011 1927 1066 consideratione.
1990 1010 2129 1062 Ani-

544 1111 826 1166 madverte
884 1108 972 1161 bic
1003 1105 1151 1176 quod
1212 1113 1268 1160 et
1304 1105 1469 1160 vidua
1519 1103 1806 1159 Christum
1862 1114 2129 1171 sponsum

543 1203 763 1262 habeat,
792 1198 1020 1268 perinde
1056 1210 1119 1251 ac
1144 1196 1319 1267 virgo.

614 1289 780 1345 Vens.
812 1287 905 1344 12.
950 1286 1217 1342 Habentes
1256 1287 1674 1352 damnationem,
1720 1283 1972 1358 quoniam
2018 1282 2129 1354 pri-
2210 1283 2215 1287 ’

542 1397 685 1436 mam
713 1381 871 1451 ﬁdem
905 1380 1126 1433 irritam
1152 1379 1409 1448 fecerunt.
1445 1377 1632 1433 Fidem
1663 1376 1901 1448 appellat
1928 1372 2127 1429 fmdus.

543 1472 900 1539 Felellerunt,
949 1472 1151 1542 inquit,
1184 1468 1402 1541 pactum
1434 1470 1581 1540 quod
1625 1481 1830 1538 sponso
1859 1464 2130 1530 fecerunt,

543 1583 610 1621 ac
640 1575 927 1636 propterea
959 1564 1163 1619 habent
1190 1563 1735 1619 condemnationem.

618 1657 786 1728 579
815 1656 974 1711 Vens.
1014 1657 1104 1711 l3.
1142 1653 1320 1711 Simul
1366 1667 1543 1709 autem
1577 1664 1628 1709 et
1680 1655 1864 1710 otiosa:
1907 1655 2123 1710 discunt

534 1750 826 1804 circumire
919 1748 1127 1801 domos.
1247 1749 1455 1802 Praeter
1533 1746 1648 1817 jam
1726 1760 2129 1801 commemora-

516 1843 660 1896 'tam
711 1839 1147 1902 damnationem,
1208 1838 1357 1893 aliud
1451 1846 1739 1908 peccatum
1809 1836 2127 1904 admittunt,

2232 641 2450 715 ταμεῖν
2476 640 2747 697 θέλουσι.
2784 639 3099 707 Τουτέστιν,
3132 641 3264 695 ὅταν
3297 640 3660 709 ἀκκισθῶσιν,
3682 642 3818 696 ὅταν

2233 736 2575 808 θρύψωνται,
2631 735 2761 788 ὅταν
2797 732 3476 805 καθυπερηφανεύσωνται
3523 731 3622 786 τοῦ
3673 733 3820 804 Χρι-

2235 828 2385 897 στοῦ,
2415 828 2494 901 μὴ
2538 827 2972 898 καταδεχόμεναι
3000 827 3168 881 αὐτὸν
3191 827 3448 897 νυμφίον,
3484 826 3821 881 ἐκπίπτωσι

2231 921 2420 976 λο;πὺν
2451 922 2533 984 είς
2560 920 2657 974 τὸν
2708 919 2911 989 γάμον·
2966 918 3029 973 οὗ
3060 919 3171 989 γάρ
3217 918 3425 971 εἵλοντο
3453 916 3555 989 τὴν
3584 917 3822 988 χηρείαν

2237 1014 2379 1086 μετὰ
2411 1013 2650 1084 κρίσεως
2674 1008 2967 1082 λογισμοῦ.
2993 1009 3138 1081 Ὅρα
3169 1009 3227 1063 δὲ
3249 1010 3334 1063 ὅτι
3364 1010 3463 1063 καὶ
3486 1011 3518 1080 ἠ
3544 1011 3694 1082 χήρα
3722 1010 3823 1062 τὸν

2232 1106 2471 1179 Χριστὸν
2501 1104 2617 1176 ἔχει
2641 1101 2901 1175 νυμφίον,
2925 1101 3002 1165 ὡς
3021 1102 3121 1156 καὶ
3143 1103 3177 1173 ὴ
3207 1101 3501 1173 παρθένος.

2306 1289 2607 1357 Ἔχουσαι
2638 1281 2839 1353 κρῖμα,
2892 1281 2983 1336 ὅτι
3006 1279 3125 1348 τὴν
3162 1278 3404 1348 πρώτην
3427 1278 3642 1332 πίστιν
3675 1276 3826 1346 ἠθέ-

2233 1395 2455 1447 τησαν.
2495 1378 2610 1449 Τὴν
2661 1374 2958 1446 συνθήκην,
3012 1372 3166 1442 λέγει
3229 1371 3435 1425 πίστιν.
3487 1369 3827 1441 Ἐψεὺσαντο

2234 1468 2353 1537 οὖν,
2395 1471 2554 1541 φησι,
2605 1468 2704 1539 τὴν
2757 1465 3081 1537 συμφωνίαν
3117 1464 3218 1536 τὴν
3253 1464 3393 1536 πρὸς
3434 1461 3692 1536 Χριστὸν,
3723 1464 3827 1516 καὶ

2236 1566 2328 1620 διὰ
2357 1563 2518 1616 τοῦτο
2552 1561 2738 1633 ἔχουσι
2768 1558 3117 1629 κατάκρισιν.

2310 1658 2468 1727 ’Δμα
2497 1654 2567 1708 δὲ
2595 1653 2693 1708 xui
2727 1651 2903 1722 ἀργαὶ
2933 1648 3339 1721 μανθάνουσι,
3369 1648 3830 1719 περιερχόμεναι

2234 1751 2343 1816 τὰς
2368 1747 2584 1813 οἰκίας.
2638 1745 2745 1799 Σὺν
2791 1742 2870 1815 τῷ
2908 1743 3188 1815 εἰρημένῳ
3226 1741 3453 1812 κρίματι
3494 1741 3590 1795 καὶ
3631 1740 3828 1811 ἓτερον

2236 1837 2613 1911 ἁμαρτάνουσι
2647 1876 2663 1901 ,
2694 1834 2754 1889 τὸ
2787 1833 3081 1906 μανθάνειν
3115 1835 3308 1905 ἀργεῖν
3333 1836 3398 1887 hc
3428 1831 3524 1888 τοῦ
3549 1831 3829 1905 περιιέναι

548 1949 764 2003 nempe,
789 1931 1012 1987 discunt
1034 1931 1224 1997 otiari,
1246 1946 1313 1986 ex
1339 1945 1405 1986 eo
1426 1930 1571 1999 quod
1589 1933 1734 1986 aedes
1762 1931 2125 1985 circumeant.

2251 1907 2329 1994 ςάς
2357 1907 2559 1993 οἰκίας.
2597 1928 2713 1981 Πᾶν
2751 1927 2809 1981 δι
2848 1925 3019 1981 κακὸν
3061 1923 3299 1989 ιδίδαξεν
3346 1924 3381 1995 ἠ
3427 1922 3619 1995 ἀργια.
3672 1923 3837 1994 ’Δροι

542 2023 740 2081 Omnis
770 2031 952 2080 autem
983 2024 1109 2079 mali
1130 2031 1327 2079 auctor
1358 2031 1445 2078 est
1472 2022 1667 2079 Otium.
1694 2022 1876 2089 Quare
1926 2022 2127 2079 nedum

546 2118 716 2182 viros,
750 2116 845 2172 sed
881 2123 937 2172 et
959 2116 1223 2175 mulieres
1243 2116 1416 2170 otium
1457 2115 1709 2173 dedecet.

616 2206 741 2263 Non
773 2207 946 2263 solum
966 2217 1147 2262 autem
1171 2208 1376 2272 otioste,
1402 2208 1493 2262 sed
1519 2207 1760 2263 verbosa
1801 2217 1854 2263 et
1879 2208 2128 2273 curiosae,

549 2301 815 2372 loquentes
847 2317 965 2369 qam
1001 2317 1103 2354 non
1128 2310 1353 2370 oportet.
1390 2299 1502 2354 Nec
1540 2300 1838 2357 immerito.
1864 2301 2131 2357 Circum-

547 2400 741 2446 euutes
798 2391 947 2446 enim
1015 2391 1163 2445 aliud
1195 2399 1390 2461 agunt,
1423 2405 1589 2460 quam
1616 2391 1762 2461 quod
1789 2404 1909 2462 quae
1937 2391 2004 2446 de
2032 2392 2133 2444 Itac

553 2481 804 2546 audiant,
839 2481 906 2535 ad
951 2482 1101 2536 illam
1159 2482 1468 2552 perferant,
1527 2490 1583 2539 et
1635 2499 1759 2553 qua:
1806 2483 1879 2539 de
1928 2484 2021 2537 illa
2067 2483 2133 2537 ad

554 2572 696 2626 hanc
726 2591 740 2627 :
776 2571 1178 2628 acuecessario
1236 2575 1453 2627 tandem
1499 2571 1570 2627 ad
1610 2573 1991 2628 curiositatem
2058 2574 2135 2626 la-

551 2662 760 2717 buntur
785 2663 971 2717 omnia
1002 2663 1407 2733 perscrutando
1438 2680 1453 2729 ;
1486 2672 1542 2719 et
1574 2663 1642 2719 ad
1697 2680 1873 2736 nugas
1906 2680 1972 2720 ac
2001 2666 2136 2720 deli-

552 2762 826 2817 ramenta,
863 2769 989 2808 cum
1021 2769 1143 2825 quae
1173 2753 1242 2810 de
1285 2756 1545 2811 omnibus
1614 2756 1930 2822 audierunt,
1958 2756 2139 2811 oumi-

553 2844 657 2899 Lus
685 2846 848 2899 etiam
876 2846 1088 2901 dicunt.

630 2938 795 2996 Vens.
828 2939 916 2994 Η.
964 2937 1093 2995 Volo
1119 2956 1241 3011 ergo
1264 2940 1506 3010 iuniores
1535 2941 1749 3007 nubere,
1804 2941 1948 3011 ﬁlios
2007 2958 2138 3011 pro-

554 3049 760 3097 creare,
794 3034 1236 3102 matresfamilias
1287 3049 1422 3090 esse.
1488 3035 1746 3106 Inprimis
1778 3036 2024 3105 quidem,
2056 3036 2141 3090 iu-

556 3128 701 3196 quit,
735 3125 973 3194 optarim
1022 3140 1119 3180 eas
1177 3136 1332 3196 pacta
1398 3139 1501 3181 sua
1556 3141 1667 3181 non
1713 3127 1871 3181 irrita
1913 3126 2138 3183 facere:

2231 2022 2295 2077 οὐ
2334 2021 2497 2092 μόνον
2538 2021 2820 2092 ἀνδράσιν,
2864 2018 3001 2074 ἀλλά
3038 2020 3133 2073 καὶ
3177 2017 3427 2087 γυναιξὶν
3456 2016 3730 2070 ἀνοίκειον
3759 2012 3830 2068 τὸ

2233 2116 2446 2187 ἀργεῖν.
3279 2134 3294 2148 ·

2290 2209 2392 2262 ,οὑ
2435 2206 2627 2275 μόνον
2672 2204 2742 2259 δὲ
2782 2203 2979 2275 ἀργαὶ,
3030 2203 3195 2260 ἀλλὰ
3238 2202 3337 2258 καί
3393 2204 3673 2273 φλύαροι,
3723 2201 3828 2255 καὶ

2235 2297 2551 2369 περίεργοι,
2606 2295 2912 2352 λαλοῦσαι
2975 2294 3050 2350 τὰ
3106 2295 3195 2367 μὴ
3255 2295 3494 2351 δέοντα.
3556 2294 3827 2356 Εἰκότως.

2238 2389 2656 2460 Περιοδεῠουσαι
2687 2390 2797 2461 γὰρ
2822 2390 2922 2453 τὰς
2952 2388 3151 2452 οἰκίας,
3183 2388 3337 2443 οὐδὲν
3362 2386 3492 2443 ἄλλο
3524 2384 3559 2458 ἢ
3602 2385 3671 2441 τὰ
3699 2383 3835 2439 ταὺ-

2237 2499 2337 2554 της
2371 2481 2507 2553 πρὸς
2534 2482 2752 2553 ἐκείνην
2791 2465 3045 2552 φέρουσι,
3094 2480 3190 2535 καὶ
3218 2478 3287 2535 τά
3313 2478 3532 2551 ἐκείνης
3563 2478 3645 2542 εἰς
3688 2475 3833 2530 ταύ-

2237 2591 2361 2648 την,
2408 2575 2505 2629 καὶ
2545 2573 2863 2643 ἀναγκαίως
2888 2573 3219 2645 προσφέρειν
3259 2574 3341 2637 sl;
3390 2570 3718 2644 περιεργίαν
3762 2570 3841 2624 ὲκ

2241 2665 2594 2738 τοῦσὲρευνᾷν
2625 2665 2827 2731 πάντα,
2874 2666 2973 2718 καὶ
2999 2664 3293 2736 φλυαρίαν,
3327 2665 3392 2717 ὲκ
3428 2661 3524 2717 τοῦ
3552 2661 3734 2731 λέγειν
3758 2659 3843 2714 τὰ

2244 2762 2461 2814 πάντων
2504 2756 2641 2828 πρὸς
2684 2756 2917 2822 πάντας,
2949 2755 3455 2829 ὲκτραχηλίξονται.
3542 2798 3545 2799 ν

2314 2945 2617 3012 Βούλομαι
2668 2936 2786 2997 οὖν
2832 2941 3123 3009 νεωτέρας
3161 2940 3392 3010 γαμεῖν,
3425 2939 3843 3010 τεκνογονεῖν,

2243 3033 2721 3090 οῑκοδεσποτεῖν.
2777 3032 3212 3105 Προηγουμὲνως
3267 3032 3389 3101 μὲν,
3440 3033 3626 3105 φησιν,
3668 3031 3847 3103 ἡδου-

2244 3126 2418 3198 λόμην
2465 3127 2636 3189 αὐτὰς
2679 3124 2755 3198 μὴ
2786 3125 3049 3195 ἀθετῆσαι
3093 3125 3191 3189 τὰς
3238 3124 3531 3195 συνθήκας.
3574 3124 3728 3178 Ἐπεὶ
3775 3121 3846 3176 δὲ

556 3215 686 3285 quia
717 3228 848 3269 vero
880 3214 1295 3270 matrimonium
1330 3216 1436 3272 illa
1485 3217 1737 3288 cupiunt,
1766 3217 1889 3273 volo
1942 3229 1994 3273 et
2039 3232 2142 3289 ego

2251 3214 2410 3274 αὗται
2459 3217 2739 3289 βούλονται
2769 3218 2861 3272 τὸν
2907 3216 3109 3289 γάμον,
3154 3217 3417 3289 βούλομαι
3461 3214 3640 3286 κάγὼ,
3695 3231 3842 3285 συγ-

560 3307 863 3371 utuubaut,
902 3306 1198 3378 indulgens
1222 3308 1484 3363 nimirum
1515 3325 1706 3366 earum
1758 3312 1924 3366 votis.
1958 3310 2142 3368 Satius

2252 3311 2619 3366 καταϐαίνων.
2674 3311 2940 3381 Κρείττον
2981 3310 3092 3379 γὰρ
3119 3309 3540 3374 οίκοδεσποτεϊν,
3560 3307 3842 3374 τουτέστι,

558 3396 708 3449 enim
744 3404 836 3450 est
857 3409 952 3452 eas
1007 3397 1463 3454 matresfamilias
1483 3414 1629 3467 esse,
1658 3400 1711 3456 id
1739 3409 1847 3466 est,
1905 3414 2020 3457 suae
2049 3404 2149 3456 do-

564 3503 687 3543 mus
717 3502 909 3543 curam
940 3504 1152 3559 gerere,
1184 3498 1239 3545 et
1263 3489 1508 3561 operari,
1535 3506 1700 3560 quam
1754 3493 1962 3550 alienas
2004 3494 2151 3551 sedes

561 3578 780 3633 curiose
813 3588 1164 3648 pererrantes
1195 3582 1391 3652 nugari
1425 3590 1479 3636 et
1532 3584 1717 3638 otiari.
1770 3584 1906 3639 Cum
1966 3594 2150 3640 autem

559 3671 721 3739 dixit,
765 3671 944 3728 Filios
975 3689 1277 3743 procreare,
1306 3675 1547 3731 ostendit
1579 3677 1725 3747 quod
1759 3685 1982 3749 propter
2012 3677 2150 3733 libe-

565 3780 753 3820 rorum
780 3766 1218 3836 procreationem
1255 3767 1695 3823 contrahendum
1752 3768 1828 3825 sit
1862 3767 2153 3823 matrimo-

561 3857 738 3923 nium,
776 3868 836 3913 ut
868 3858 1056 3929 plures
1087 3859 1153 3913 ad
1185 3857 1355 3915 Deum
1390 3859 1653 3916 adducat.

641 3946 804 4004 Vens.
858 3948 947 4004 15.
1003 3945 1227 4002 Nullam
1282 3950 1611 4004 occasionem
1661 3950 1791 4006 dare
1845 3949 2154 4006 adversario

562 4039 838 4095 maledicti
867 4043 1045 4110 gratia
1086 4056 1107 4096 :
1130 4040 1249 4111 jam
1277 4043 1419 4096 enim
1476 4043 1724 4113 quadam
1777 4060 1977 4098 aversa
2031 4055 2155 4098 sunt

2249 3403 2344 3457 τοῦ
2375 3401 2580 3456 οίκείου
2606 3403 2758 3457 οῐκου
2792 3400 3099 3474 φροντίζειν
3128 3401 3224 3456 καὶ
3253 3400 3603 3472 ἐργάζεσθαι,
3626 3398 3660 3469 ἢ
3685 3396 3852 3452 ἀλλος

2252 3498 2437 3569 τρίους
2486 3497 2670 3559 οἴκους
2715 3495 3149 3567 περιερχομένας
3191 3493 3454 3564 φλυαρεῖν
3499 3494 3595 3546 καὶ
3616 3492 3845 3563 ἀργεῖν.

2255 3588 2438 3643 Εἰπὼν
2469 3589 2549 3656 δὲ,
2597 3586 3004 3658 Τεκνοτονεῒν,
3031 3584 3234 3651 ἔδειξεν
3265 3585 3349 3639 ὃτι
3374 3584 3466 3638 διὰ
3493 3582 3851 3651 τεκνογονίαν

2253 3682 2335 3735 δεῖ
2379 3681 2689 3736 ὑπεισιέναι
2737 3681 2829 3734 τὸν
2884 3679 3088 3751 γάμον,
3146 3679 3237 3733 ἵνα
3280 3677 3540 3741 πλείονας
3591 3674 3854 3749 προσάξῃ

2253 3775 2331 3843 τῲ
2362 3772 2504 3843 Θεῷ.

2325 3953 2640 4025 Μηδεμίαν
2681 3951 2965 4025 ἀφορμὴν
3022 3953 3252 4009 διδόναι
3309 3954 3392 4020 τῷ
3454 3955 3857 4025 ἀντικειμένῳ

2254 4049 2576 4119 λοιδορίαςξ
2610 4046 2809 4134 χάριν.
2860 4047 3005 4117 Ἤδη
3052 4047 3166 4119 γάρ
3215 4064 3375 4116 τινες
3419 4047 3855 4116 ἐξετράπησαν

560 4141 677 4202 post
708 4132 995 4188 Satanam.
1055 4132 1196 4198 Quia
1251 4132 1468 4189 dixerat
1517 4149 1613 4188 eas
1659 4144 1865 4190 matres
1919 4136 2142 4191 familias

2259 4144 2456 4198 ὀπίσω
2485 4141 2592 4196 τοῦ
2630 4132 2889 4199 Σατανᾶ.
2940 4140 3160 4213 Ἐπειδὴ
3202 4136 3376 4206 εἶπεν,
3404 4140 3849 4210 Οἰκοδεσποτεῐν,

561 4239 685 4278 esse
706 4223 928 4290 debere,
952 4238 1022 4280 ne
1046 4223 1297 4279 videatur
1331 4224 1645 4280 libertatem
1673 4228 1755 4281 eis
1794 4227 1932 4282 dare
1962 4231 2028 4283 ad
2056 4229 2154 4286 de-

565 4316 744 4383 licias,
769 4315 955 4370 intulit
986 4326 1001 4368 :
1047 4315 1275 4370 Nullam
1307 4317 1639 4372 occasionem
1665 4317 1816 4374 dare.
1844 4319 1937 4376 Sic
1959 4320 2131 4385 enim.

562 4406 767 4478 inquit,
801 4406 996 4464 domus
1022 4422 1212 4463 curam
1256 4407 1418 4473 habe,
1480 4424 1549 4464 ne
1577 4410 1819 4465 animam
1876 4419 2026 4467 tuam
2064 4413 2156 4470 la:-

572 4496 695 4552 das.
729 4495 1025 4566 Praeterea,
1054 4500 1345 4569 perspicue
1377 4499 1463 4554 ltic
1485 4515 1710 4572 scopum
1746 4518 1907 4558 suum
1927 4502 2151 4570 indicat,

2256 4236 2345 4289 ἵνα
2380 4234 2456 4304 μὴ
2486 4232 2613 4305 δόξῃ
2641 4233 2825 4288 ἄνεσιν
2845 4233 3036 4296 αὑταῖς
3056 4231 3238 4285 δοῦναι
3253 4234 3336 4297 είς
3364 4232 3596 4305 τρυφὴν,
3628 4232 3854 4306 iam“-

2257 4345 2341 4396 γε·
2372 4325 2688 4396 Μηδεμίαν
2721 4323 3266 4396 ἀφορμὴνδιδόναι.
3305 4326 3465 4382 Οὕτω
3505 4328 3849 4401 γὰρ,φησὶν,

2260 4418 2523 4490 ἐπιμελοῦ
2554 4417 2649 4472 τοῦ
2682 4420 2855 4485 οἴκου,
2889 4418 3029 4473 ὥστε
3065 4419 3140 4492 μὴ
3193 4420 3460 4492 βλαϐῆναι
3493 4422 3592 4494 τὴν
3641 4423 3848 4495 ψυχήν.

2261 4513 2371 4566 Καὶ
2421 4510 2621 4577 ἄλλως,
2671 4511 2909 4567 ἐνταῦθα
2952 4513 3221 4584 ἀριδήλως
3268 4513 3361 4566 τὸν
3410 4513 3606 4568 ἑαυτοῦ
3641 4513 3851 4569 σκοπὸν

562 4590 758 4661 iquare
800 4591 883 4647 eis
913 4591 1245 4647 indulserit:
1294 4590 1374 4649 Ne
1401 4593 1553 4659 dent,
1581 4595 1782 4665 inquit,
1805 4599 2142 4655 occasionem

2259 4602 2430 4674 δηλοῖ,
2466 4603 2553 4659 διὰ
2583 4604 2635 4657 τί
2670 4603 2982 4675 συγκατὲϐη
3020 4604 3265 4670 ταύταις
3301 4606 3402 4661 Διὰ
3422 4607 3484 4661 τὸ
3510 4606 3587 4678 μὴ
3616 4606 3848 4677 διδόναι,

569 4681 793 4736 diabolo
826 4681 1100 4737 illudendi
1149 4698 1208 4738 se
1244 4690 1302 4738 ut
1327 4699 1450 4754 quae
1503 4700 1721 4755 sponsa:
1759 4686 1966 4743 Christi
2027 4703 2153 4744 cum

571 4777 785 4835 essent,
823 4768 983 4825 iactae
1019 4771 1133 4826 sint
1163 4771 1452 4840 adultera,
1509 4788 1732 4846 propter
1772 4777 2154 4834 adolescentiae

568 4860 1025 4916 inconstantiam.
1054 4860 1186 4916 Eam
1213 4864 1284 4917 ob
1313 4877 1427 4918 rem
1461 4864 1564 4919 sub
1604 4865 1937 4923 matrimonii
1957 4866 2151 4938 jugum

559 4965 656 5008 eas
693 4949 861 5017 duco,
888 4967 959 5007 ne
983 4952 1185 5009 solutae
1209 4969 1338 5010 cum
1375 4956 1511 5024 sint,
1585 4958 1729 5013 mala
1777 4974 1943 5031 supra
2003 4959 2152 5015 dicta

560 5042 917 5099 contrahant.

633 5131 806 5189 "sits.
837 5133 928 5188 16.
953 5132 1049 5187 Sin
1083 5133 1258 5203 ﬁdelis
1284 5135 1571 5206 quispiam,
1606 5148 1699 5192 aut
1746 5137 1920 5206 ﬁdelis
1967 5139 2150 5210 aliqua

558 5227 714 5281 habet
745 5226 1351 5291 oiduas,subministret
1395 5230 1526 5284 illis.
1563 5228 1831 5286 Fidelium
1887 5237 2034 5300 enim
2072 5233 2151 5287 Vi-

558 5320 681 5375 dua:
710 5320 781 5375 ab
817 5319 1141 5377 inﬁdelibus
1207 5321 1277 5375 ali
1334 5337 1441 5377 non
1499 5322 1794 5389 debebant,
1862 5341 1930 5380 ne
1995 5324 2147 5381 vide-

559 5423 960 5472 rentureorum
998 5431 1168 5488 opera
1216 5416 1488 5490 indigere.
1530 5420 1666 5475 Cum
1724 5428 1904 5477 autem
1957 5421 2143 5477 dixit:

561 5503 1114 5578 Subministretillis,
1147 5522 1417 5583 quantum
1467 5514 1603 5568 satis
1634 5524 1741 5581 εει,
1792 5530 1904 5570 non
1949 5530 2145 5587 supcr-

559 5595 821 5653 iluitatem
844 5603 1199 5673 signiﬁcavit.

634 5691 705 5746 Et
736 5710 839 5747 non
869 5706 1116 5766 gratetur
1146 5697 1413 5765 Ecclesia,
1438 5710 1493 5754 ut
1520 5701 1588 5755 iis
1638 5716 1755 5766 quae
1803 5717 1920 5759 vere
1972 5702 2144 5759 vidua:

560 5785 944 5854 suntsuﬂiciat.
1001 5788 1241 5845 Proinde
1267 5789 1474 5856 fideles,
1498 5792 1544 5846 si
1590 5806 1722 5848 suas
1762 5791 2008 5863 ipsorum
2060 5796 2143 5849 vi-

561 5876 701 5934 duas
756 5877 930 5948 alant,
991 5877 1247 5938 Ecclesiae
1308 5882 1497 5971 viduis.
1540 5884 1747 5956 pariter
1804 5874 2137 5944 conferunt:

2258 4696 2444 4766 φησὶν,
2494 4696 2754 4769 ἀφορμὴν
2802 4696 2880 4767 τῷ
2908 4696 3139 4770 διαϐόλῳ
3181 4699 3320 4771 πρὸς
3366 4698 3427 4752 τὸ
3465 4700 3692 4764 ταύταις
3742 4702 3851 4771 ἐμ·-

2257 4787 2497 4853 παίξειν,
2532 4788 2775 4859 νύμφαις
2808 4790 2907 4858 μὲν
2950 4789 3141 4856 οὔσαις
3174 4791 3434 4862 Χριστοῦ,
3486 4792 3761 4864 μοιχαλίσι
3783 4794 3848 4849 δὲ

2253 4880 2567 4952 γινομέναις
2588 4881 2677 4936 διὰ
2703 4881 2765 4935 τὸ
2784 4884 3116 4954 ἀστήρικτον
3135 4884 3233 4955 τῆς
3255 4885 3506 4957 νεότητος
3525 4903 3539 4917 ο
3567 4884 3657 4940 διά
3683 4885 3846 4940 τοῦτο

2253 4972 2357 5027 ὑπὸ
2387 4974 2477 5028 τὸν
2503 4972 2666 5043 ζυγὸν
2693 4972 2786 5028 τοῦ
2814 4974 2995 5045 γάμου
3024 4977 3228 5039 ταύτας
3258 4975 3396 5044 ἄγω,
3452 4978 3538 5031 ἵνα
3566 4976 3641 5050 μὴ
3663 4976 3846 5031 ἀνετοι

2250 5063 2429 5131 οὖσαι,
2467 5065 2535 5120 τά
2569 5067 2955 5138 προειρημένα
2995 5066 3145 5120 κακά
3178 5068 3590 5139 ὲπισύρωνται.

2322 5160 2392 5214 El
2437 5157 2505 5213 δέ
2530 5176 2619 5226 τις
2654 5160 2872 5226 πιστὸς
2909 5159 2948 5229 ἢ
2991 5160 3178 5230 πιστὴ
3227 5161 3354 5229 ἔχει
3399 5162 3615 5232 χήρας,
3663 5162 3847 5231 ἐπαρ-

2249 5254 2423 5306 κείτω
2459 5253 2692 5317 αὐταῖς.
2723 5252 2832 5316 Τὰς
2867 5254 2977 5325 γάρ
3007 5253 3117 5308 τῶν
3157 5254 3367 5308 πιστῶν
3398 5257 3576 5327 χήρας
3604 5255 3706 5309 οὐκ
3736 5254 3846 5308 ἔδει

2249 5345 2401 5417 παρά
2429 5346 2537 5397 τῶν
2565 5345 2812 5397 ἀπίστων
2838 5344 3158 5416 τρέφεσθαι,
3197 5345 3284 5399 ἵνα
3310 5346 3386 5418 μὴ
3415 5346 3608 5412 δόξωσι
3635 5347 3848 5413 δεῖσθαι

2245 5439 2444 5493 αὐτῶν.
2493 5439 2591 5491 Διά
2616 5437 2673 5491 δὲ
2718 5435 2813 5490 τοῦ
2858 5439 3058 5504 εἰπεῖν,
3107 5437 3475 5509 Ἐπαρκείτω,
3517 5439 3614 5512 τὴν
3645 5441 3849 5515 αὐτάρ-

2249 5548 2408 5586 κειαν
2443 5530 2735 5601 ἐδήλωσεν,
2781 5530 2840 5583 οὗ
2874 5530 2972 5601 τὴν
3009 5530 3382 5585 πολυτέλειαν.

2320 5701 2431 5757 Καὶ
2457 5701 2544 5771 μὴ
2569 5702 2877 5773 βαρείσθω
2896 5703 2936 5773 ἡ
2973 5702 3331 5773 Ἐκκλησία,
3366 5705 3469 5759 ἵνα
3500 5704 3630 5772 ταῖς
3661 5706 3851 5774 ὅντως

2258 5792 2473 5864 χήραις
2510 5793 2848 5865 ἐπαρκέσῃ.
2899 5795 3062 5850 Ὥστε
3091 5796 3143 5850 οἱ
3188 5796 3373 5852 πιστοὶ
3418 5796 3713 5886 τριφοντις
3744 5799 3848 5861 τὰς

2220 5891 2226 5897 ’
2253 5887 2467 5947 ἑαυτῶν
2490 5889 2691 5962 χήρας,
2714 5890 2823 5947 καὶ
2849 5892 2971 5958 ταῖς
3001 5891 3099 5964 τῆς
3116 5890 3442 5964 Ἑκκλησίας
3474 5896 3675 5965 χήραις
3702 5909 3848 5965 συμ-

3034 6174 3065 6193 ἡ
