4078 6422
495 403 562 469 7i
1375 385 1947 452 THEOPHYLACTI
1982 384 2077 446 BU
2087 382 2393 443 LGARLE
2434 381 2790 443 ARCHJEP.
3679 375 3751 436 72

497 515 734 588 ecquod
789 519 1013 584 peccata
1071 506 1381 562 clanculum
1420 504 1861 561 committuntur.
1919 498 2063 567 Quid

2169 498 2526 569 τυραςΐχειν,
2557 499 2646 552 διὰ
2677 498 2738 552 τὺ
2765 499 3020 567 γενέσθαι
3049 497 3221 570 λάθρα
3251 497 3318 552 τὰ
3349 498 3749 572 ἁμαρτήματα.

498 622 681 667 autem
713 608 757 663 si
792 612 1015 678 peccata
1047 604 1156 659 sint
1245 602 1302 656 in
1360 599 1642 661 confesso,
1686 604 1853 652 testes
1879 605 2063 648 autem

499 719 607 758 non
649 701 914 763 habeant,
951 694 1045 751 sed
1084 694 1255 748 solam
1284 705 1502 762 pravam
1536 683 1943 757 suspicionem?
1992 683 2067 737 De

502 798 600 850 hoc
637 807 803 862 supra
836 790 978 845 dixit
1008 804 1023 840 :
1052 785 1269 854 Oportet
1295 798 1415 836 cum
1468 780 1661 833 bonum
1688 778 1851 833 etiam
1914 775 2064 829 testi-

498 885 732 940 monium
760 880 949 933 habere
990 876 1054 930 ab
1082 877 1147 928 iis
1178 873 1264 943 qui
1304 870 1436 940 [oris
1460 876 1604 923 sunt.

564 973 729 1032 Vens.
762 971 851 1025 20.
879 970 1161 1024 l’eccantes
1188 974 1362 1018 autem
1395 975 1574 1014 coram
1613 957 1852 1012 omnibus
1882 971 2061 1026 argue,

495 1079 553 1121 ut
602 1076 651 1120 et
704 1064 879 1118 cateri
917 1062 1157 1114 timorem
1207 1052 1453 1107 habeant.
1484 1049 1643 1121 581
1674 1047 1905 1111 Hocest,
1942 1061 2064 1117 per-

497 1168 811 1213 severanzes
831 1155 885 1206 in
903 1159 1150 1221 peccato,
1181 1156 1233 1201 et
1254 1158 1395 1216 quos
1413 1142 1741 1215 inquirendo
1769 1139 2066 1210 deliquisse

494 1246 795 1307 inveneris,
824 1258 995 1313 argue
1046 1242 1398 1297 vehementer
1452 1248 1508 1296 et
1564 1250 1773 1299 severe,
1830 1248 1941 1287 non
2006 1238 2065 1283 ut

493 1342 926 1411 indignationem
954 1349 1008 1393 et
1030 1338 1273 1392 animum
1307 1347 1460 1392 tuum
1493 1334 1732 1405 expleas,
1755 1330 1850 1386 sed
1883 1335 1944 1383 ut
1973 1341 2063 1381 re-

492 1432 628 1503 liqui
679 1442 889 1485 terrore
942 1427 1179 1498 perculsi
1235 1426 1604 1496 castigentur.
1665 1421 1802 1477 Nam
1848 1424 2063 1489 oportet

490 1525 809 1593 episcopum
832 1519 996 1574 etiam
1037 1516 1334 1572 verendum
1385 1530 1528 1570 csse.
1591 1507 2060 1578 Quemadmodum

493 1615 642 1667 enim
673 1610 996 1680 simpliciter
1017 1619 1072 1661 et
1100 1608 1228 1661 sine
1265 1606 1475 1675 judicio
1504 1603 1889 1664 condemnare,
1915 1610 2065 1650 arro-

492 1719 630 1776 gans
650 1712 757 1767 est,
791 1702 940 1755 hunc
973 1701 1038 1753 ad
1074 1698 1296 1753 modum
1332 1712 1453 1753 reos
1502 1709 1610 1749 non
1638 1688 2061 1761 reprehendere,

495 1796 759 1864 pestilens
782 1798 888 1851 est,
913 1789 980 1843 ad
1024 1790 1223 1842 multos
1261 1786 1508 1841 morbum
1553 1782 1879 1837 extendens.
1917 1777 2064 1845 Quo-

493 1887 655 1937 modo
685 1883 850 1951 igitur
874 1878 1140 1933 Dominus
1171 1877 1310 1931 dixit
1337 1877 1390 1929 in
1415 1873 1732 1943 Evangelio,
1789 1869 1848 1924 Si
1877 1885 2063 1939 pecca~

490 1975 617 2027 utrit
644 1974 696 2025 in
726 1982 775 2025 te
821 1971 992 2040 frater
1034 1981 1178 2031 tuus,
1227 1967 1336 2029 abi,
1379 1981 1541 2035 argue
1575 1980 1696 2018 eum
1744 1963 1883 2016 inter
1927 1972 1973 2015 te
2016 1969 2066 2013 et

488 2065 665 2135 ipsum
696 2063 863 2117 solani
895 2062 964 2095 ³⁸·
1005 2062 1028 2115 2
1060 2059 1224 2129 Atqui
1252 2068 1306 2112 ct
1331 2060 1483 2113 illum
1517 2058 1571 2111 in
1604 2056 1839 2127 pect-atis
1882 2069 2068 2125 ρρτειι-

489 2166 768 2210 verautein
820 2151 1089 2222 permittit
1144 2150 1361 2220 publice
1427 2149 1604 2217 argui.
1654 2145 1794 2213 Quid
1853 2144 2067 2217 igitur?

491 2263 676 2303 nonne
702 2247 1096 2301 otiendiculuin
1123 2244 1344 2314 praebet.
1375 2242 1423 2298 si
1470 2242 1687 2312 publice
1728 2239 1823 2293 fiat
1873 2252 2067 2308 repre-

495 2335 729 2392 hensio?
757 2338 872 2389 lmo
896 2351 926 2390 e
956 2336 1180 2390 diverso
1201 2334 1374 2403 magis
1395 2331 1643 2396 oll'endit,
1667 2329 1715 2387 si
1759 2329 1807 2384 is
1876 2328 1971 2398 qui
1996 2329 2065 2381 ah

493 2429 749 2483 omnibus
773 2442 1035 2497 peccasse
1065 2426 1439 2495 cognoscitur,
1471 2438 1577 2478 non
1604 2429 1888 2492 arguatur.
1916 2418 2067 2476 lianc

490 2520 562 2572 ob
629 2531 852 2570 causmn
910 2514 1057 2569 Deus
1128 2513 1467 2567 Pharaonem
1501 2511 1568 2575 ³²,
1625 2518 1680 2565 et
1713 2507 2070 2563 Nabuchodo-

494 2622 663 2663 nosor
689 2606 774 2671 ³¹“,
806 2615 858 2660 et
898 2606 1185 2677 plerosque
1209 2604 1346 2659 alios
1389 2603 1442 2657 in
1472 2601 1711 2657 medium
1759 2600 2067 2671 producens

495 2700 727 2770 punivit,
756 2707 814 2752 nt
841 2700 950 2753 vita
987 2698 1307 2752 mortalium
1339 2694 1687 2751 emendetur.

564 2789 729 2846 Vens:
787 2789 876 2844 2|.
943 2788 1127 2843 Testor
1174 2803 1354 2842 coram
1414 2785 1525 2842 Deo
1578 2795 1627 2839 et
1682 2785 1903 2839 Domino
1934 2782 2066 2838 Jesu

496 2881 732 2945 Christo,
757 2894 806 2935 et
855 2880 1039 2935 electis
1096 2880 1319 2950 angelis.
1361 2878 1497 2935 Cum
1562 2881 1630 2935 de
1665 2880 1853 2935 multis
1909 2881 2064 2949 prius

493 2975 688 3045 positis
710 2972 1087 3037 disseruisset,
1115 2987 1262 3026 nunc
1288 2972 1547 3041 quoniam
1570 2971 1637 3027 de
1655 2971 1870 3041 judicio
1899 2971 2065 3025 verba

494 3067 651 3128 facit,
685 3066 999 3120 ohtcstatur
1029 3079 1153 3119 eum
1197 3065 1350 3119 valde
1383 3063 1742 3118 liorribilitcr.
1774 3062 1890 3119 Non
1916 3064 2061 3118 enim

496 3158 626 3226 quia
655 3156 982 3211 Timotheus
1021 3164 1162 3219 erat,
1190 3154 1544 3211 reverebatur
1578 3170 1728 3219 eum,
1759 3156 1851 3209 sed
1884 3156 2065 3207 tnuni—
2092 3173 2135 3232 ρ

492 3250 570 3305 vit
593 3266 735 3305 eum.
768 3246 824 3302 Si
861 3248 1006 3302 enim
1068 3249 1134 3302 dc
1164 3247 1349 3317 seipso
1394 3246 1557 3311 dixit,
1591 3245 1674 3301 Ne
1718 3248 1842 3301 aliis
1872 3249 2069 3317 prmdi-

496 3360 649 3408 cans,
696 3343 808 3413 ipse
836 3413 846 3423 '
874 3340 1127 3409 reprobus
1191 3340 1428 3394 iureniar
1453 3340 1519 3407 ³³,
1568 3341 1741 3395 multo
1800 3340 1973 3410 magis
2002 3341 2068 3396 de

496 3434 789 3491 Timotheo
821 3435 925 3491 hoc
951 3434 1135 3490 dicere
1163 3448 1272 3488 non
1305 3441 1391 3488 est
1417 3433 1650 3489 veritus.
1684 3434 1854 3490 Vocat
1882 3442 2065 3488 autem

493 3535 691 3582 testem
723 3538 776 3581 et
808 3526 1021 3581 Patrem
1053 3534 1108 3581 et
1133 3524 1352 3590 Filium,
1382 3534 1442 3579 ut
1478 3525 1530 3581 in
1567 3525 1753 3580 futuro
1791 3526 1877 3581 die
1910 3525 2069 3580 facile

497 3619 750 3675 excusari
816 3618 1009 3688 possit,
1072 3620 1118 3672 si
1179 3616 1485 3688 quidquod
1540 3635 1647 3672 non
1705 3618 1882 3683 decet,
1950 3620 2068 3688 ipso

497 3709 863 3780 praecipiente,
902 3712 1104 3763 factum
1138 3709 1229 3763 sit.
1259 3708 1326 3763 At
1351 3708 1512 3779 cujus
1538 3709 1615 3763 rei
1641 3711 1817 3780 gratia
1845 3711 2068 3779 angelos

494 3801 661 3856 simul
694 3799 970 3856 assumit?
997 3814 1062 3854 eo
1092 3798 1237 3868 quod
1264 3808 1316 3853 et
1340 3800 1518 3870 angeli
1552 3800 1604 3853 in
1640 3800 1826 3855 futuro
1857 3799 2068 3869 judicio

494 3890 729 3947 Domino
756 3889 980 3945 aﬂ'uturi
1015 3891 1127 3946 sint
1153 3890 1439 3946 satellites.
1474 3888 1569 3945 Est
1593 3899 1775 3946 autent
1822 3901 1877 3947 et
1905 3892 2068 3947 nobis

495 3985 552 4038 in
581 3998 752 4049 more,
786 3991 841 4037 et
873 3981 1110 4051 majores
1142 3990 1196 4036 et
1233 3981 1477 4036 minores
1510 3997 1774 4050 personas
1830 3983 1883 4037 in
1917 3985 2069 4038 testi-

501 4076 746 4132 nioniutn
771 4074 1045 4142 accipere.
1086 4070 1237 4126 Hanc
1285 4073 1352 4127 ad
1389 4074 1657 4129 rationem
1691 4072 1863 4129 Jacoh
1899 4075 2066 4129 Dcum

493 4176 549 4223 ct
582 4182 734 4221 aram
766 4167 820 4220 in
843 4173 1040 4221 testem
1063 4166 1309 4221 assumit.
1343 4165 1677 4233 Quinetiam
1717 4166 1917 4233 Moses,
1940 4167 2071 4222 Tes-

497 4260 697 4330 tiﬁcor,
758 4258 956 4327 inquit,
995 4258 1182 4311 (mlum
1214 4267 1261 4311 et
1299 4268 1515 4313 terram.
1581 4259 1731 4314 Adeo
1789 4260 1935 4313 enim
1985 4268 2070 4315 cst

499 4364 820 4407 mansuetus
849 4351 988 4405 Deus
1012 4359 1224 4415 noster,
1265 4360 1324 4404 ut
1366 4352 1453 4406 vel
1488 4367 1678 4407 servos
1737 4352 1789 4404 in
1824 4353 2071 4408 testimo-

2169 593 2235 645 Ti
2277 592 2370 646 οὖν
2402 592 2469 647 ἂν
2510 593 2887 664 ὡμολόγηνται
2931 594 3030 663 μὲν
3066 594 3133 648 τὰ
3178 595 3575 665 ἁμαρτήματα,
3615 594 3755 667 μάρ-

2167 700 2336 755 τυρας
2389 685 2446 738 δὲ
2500 684 2575 756 μὴ
2630 685 2749 754 ἔχῃ,
2808 685 2944 739 ἀλλὰ
2991 688 3151 755 μόνον
3180 688 3294 756 ἔχει
3335 688 3580 758 πονηρὰν
3618 686 3753 742 ὑπό·-

2167 789 2355 841 νοιαν;
2406 775 2542 844 Περὶ
2570 773 2761 827 τούτου
2799 771 2954 828 εἶπεν
2985 773 3120 840 ἄνω,
3165 776 3251 828 ὅτι
3296 775 3400 829 Δεῖ
3434 778 3622 832 αὐτὸν
3649 777 3750 832 καὶ

2161 866 2495 933 μαρτυρίαν
2522 863 2723 934 καλὴν
2752 866 2919 934 ἔχειν
2948 867 3067 920 ἀπὸ
3104 866 3221 919 τῶν
3256 866 3498 930 ἔξωθεν.

2243 956 2382 1024 Τοὺς
2404 956 2954 1027 δέἁμαρτάνοντας,
2979 959 3237 1013 ἐνώπιον
3256 961 3498 1013 πάντων
3516 960 3749 1029 ἔλεγχε,

2165 1047 2266 1101 ἵνα
2290 1048 2386 1102 καὶ
2406 1051 2460 1103 ol
2479 1049 2679 1103 λοιποὶ
2704 1049 2896 1118 φόϐον
2915 1051 3120 1117 ἔχωσι.
3149 1051 3432 1111 Τουτέστι,
3463 1050 3599 1113 Τοὺς
3628 1053 3750 1105 ἑπι-

2169 1139 2429 1210 μένοντας
2457 1142 2522 1210 τῇ
2556 1141 2823 1213 ἁμαρτίᾳ,
2866 1141 2958 1195 καὶ⁸
2990 1140 3084 1204 οὒς
3122 1140 3289 1213 εὕρῃς
3322 1142 3462 1210 μετὰ
3493 1141 3749 1212 ἐρεύνης,

2165 1229 2356 1299 ἔλεγχε
2393 1230 2639 1301 σφοδρῶς
2668 1231 2762 1284 καὶ
2793 1231 3087 1301 ἀποτόμως
3124 1230 3172 1263 ⁸⁸
3194 1273 3210 1297 ,
3266 1232 3387 1301 οὐχὶ
3435 1231 3526 1283 τὸν
3577 1230 3750 1300 θυμόν

2166 1338 2263 1375 σου
2314 1323 2653 1392 θεραπεύων,
2732 1324 2848 1379 ἀλλ’
2877 1324 2965 1379 ἵνα
3019 1326 3069 1380 oi
3109 1324 3287 1378 λοιποὶ
3340 1323 3751 1396 σωφρονισθιῖηι

2166 1412 2514 1485 φοϐηθέντες.
2565 1418 2657 1468 Δεῖ
2698 1416 2807 1488 γὰρ
2866 1416 2959 1469 καὶ
2999 1416 3229 1489 φοϐερὸν
3286 1413 3426 1472 εἶναι
3482 1418 3573 1470 τὸν
3628 1417 3750 1470 ἐπί-

2166 1521 2389 1560 σκοπον.
2436 1506 2646 1576 Ὥσπερ
2662 1508 2768 1579 γὰρ
2794 1507 2856 1560 τὸ
2884 1508 3070 1572 ἁπλῶς
3099 1508 3468 1579 κατακρίνειν,
3493 1507 3746 1572 αὔθαδεςο

2164 1594 2305 1648 οὕτω
2340 1596 2434 1649 καὶ
2472 1599 2533 1650 τὸ
2570 1598 2645 1669 μὴ
2685 1599 2813 1662 τοὺς
2870 1600 3089 1669 ἐνόχους
3132 1600 3396 1670 ἐλέγχειν,
3459 1599 3745 1669 λοιμῶδες,

2164 1688 2243 1749 εἰς
2278 1687 2504 1751 πολλοὺς
2529 1689 2626 1758 τὴν
2656 1690 2810 1743 νόσον
2840 1691 3096 1744 ὲκτεῖνον.
3133 1691 3257 1755 Πῶς
3276 1686 3367 1745 οὖν
3400 1686 3553 1743 εἶπεν
3582 1692 3609 1743 ό
3639 1689 3751 1742 Κύ-

2169 1795 2279 1848 ριος
2309 1782 2365 1833 ὲν
2400 1781 2771 1849 Εὐαγγελῑοις·
2804 1784 3054 1852 "litare,
3083 1782 3336 1851 ἔλεγξον
3366 1782 3555 1836 αὐτὸν
3569 1798 3752 1851 μεται-

2168 1869 2243 1935 ξὺ
2272 1871 2389 1927 σοῦ
2414 1873 2511 1927 καὶ
2537 1873 2725 1929 αὐτοῦ
2747 1874 3187 1945 μόνου,ὲὰνεις
3210 1876 3284 1929 σὲ
3311 1874 3575 1943 ἁμάρτῃς
3600 1874 3750 1943 Πλὴν

2167 1964 2420 2018 κάκεῖνον
2463 1966 2779 2035 ,ἐμμένοντα
2829 1969 2893 2037 τῇ
2954 1967 3221 2037 ἁμαρτίᾳ,
3279 1968 3553 2036 συγχωρεῖ
3594 1967 3747 2036 κοινῇ

2165 2053 2509 2125 ἐλέγχεσθαι.
2540 2057 2607 2110 Τί
2637 2056 2730 2111 οὖν
2756 2075 2770 2125 ;
2804 2058 2925 2128 οὐχὶ
2951 2057 3296 2123 σκανδαλίζει
3320 2057 3381 2111 τὸ
3410 2060 3561 2127 κοινῇ
3594 2057 3753 2124 ἐλέγ-

2165 2146 2395 2216 χεσθαις
2429 2149 2743 2203 τούναντίον
2776 2149 2877 2220 μὲν
2905 2146 2998 2205 οὖν
3041 2150 3241 2221 μᾶλλον
3278 2149 3641 2215 σκανδαλίζει,
3689 2149 3751 2202 τὸ

2169 2238 2315 2308 παρὰ
2346 2238 2563 2293 πάντων
2593 2240 2958 2309 γινώσκεσθαι
2987 2242 3078 2295 τόν
3110 2243 3515 2313 αμρτὰνοντα,
3544 2239 3643 2293 καὶ
3669 2239 3748 2310 μὴ

2166 2329 2502 2400 ἐλέγχεσθαι.
2542 2330 2643 2385 Διὰ
2683 2332 2840 2386 τοῦτο
2892 2335 2984 2386 καὶ
3014 2334 3041 2385 ὁ
3081 2333 3233 2397 Θεὸς,
3283 2333 3496 2386 καὶτὸν
3521 2331 3748 2401 Φαραὼ,

2167 2421 2261 2473 καὶ
2286 2422 2376 2474 τὸν
2400 2421 2894 2495 Ναϐουχοδονόσορ,
2939 2425 3031 2477 καὶ
3061 2424 3285 2486 πολλοὺς
3321 2423 3514 2487 ἄλλους
3537 2422 3616 2487 εἰς
3653 2419 3753 2492 μέ-

2169 2528 2260 2564 σον
2291 2510 2518 2583 ἁγαγὼν
2550 2515 2831 2581 ἐκόλασεν,
2862 2515 2947 2568 ἵνα
2974 2516 3317 2588 σωφρονισθῇ
3346 2515 3376 2569 ό
3403 2513 3541 2587 βίος.

2275 2810 2742 2882 Διαμαρτύρομαι
2827 2812 3086 2867 ἐνώπιον
3166 2811 3272 2868 τοῦ
3368 2812 3516 2868 Θεοῦ
3543 2854 3559 2879 ,
3645 2813 3751 2870 και

2173 2905 2391 2973 Κυρίου
2435 2903 2640 2972 Ἰησοῦ
2675 2904 2950 2976 Χριστοῦ,
2981 2905 3079 2959 καὶ
3110 2903 3229 2960 τῶν
3257 2902 3558 2960 ἐκλεκτῶν
3576 2906 3750 2976 ἀγγέ-

2170 2998 2316 3049 λων.
2346 2995 2660 3066 Διαλεχθεὶς
2698 2999 2829 3065 περὶ
2855 2996 3063 3050 πολλῶν
3092 2996 3203 3049 τῶν
3230 2997 3511 3068 ἀνωτέρω,
3536 2996 3631 3049 νῦν
3660 2997 3747 3052 ὅτι

2170 3089 2298 3161 περὶ
2340 3090 2572 3161 κρίσεως
2597 3090 2642 3123 ⁸⁷
2678 3084 2820 3155 εἶπε,
2853 3088 3288 3160 διαμαρτύρεται
3315 3090 3477 3143 αὐτὸν
3505 3090 3600 3144 καὶ
3624 3089 3747 3143 λίαν

2174 3183 2445 3249 ςςρικτῶς.
2477 3182 2552 3235 Οὐ
2580 3183 2688 3253 γὰρ
2718 3183 2909 3251 ἐπειδὴ
2936 3182 3201 3252 Τιμόθεος
3235 3176 3324 3253 ἧν,
3356 3181 3580 3255 ᾐδέσθη,
3625 3181 3747 3237 ἀλλ’

2168 3275 2505 3345 ἠσφαλίσατο
2532 3275 2713 3328 αὐτόν.
2775 3274 2838 3327 Et
2859 3274 2967 3345 γὰρ
2999 3274 3129 3343 περὶ
3159 3274 3355 3327 ἑαυτοῦ
3386 3274 3561 3342 ἔλεγε·
3615 3273 3747 3341 Μή-

2169 3383 2294 3433 πως
2336 3366 2548 3433 ἄλλοις
2595 3366 2885 3435 κηρύξας.
2925 3366 3110 3433 αὐτὸς
3136 3365 3425 3434 ἀδόκιμος
3464 3360 3746 3435 γένωμαι,

2170 3458 2352 3528 πολλῷ
2383 3458 2584 3527 μᾶλλον
2609 3460 2739 3527 περὶ
2778 3457 3043 3527 Τιμοθέου
3076 3458 3176 3511 οὐκ
3204 3458 3269 3511 ἂν
3290 3457 3511 3529 ᾐδέσθη.
3572 3455 3753 3512 Καλεῖ

2167 3552 2223 3606 δὲ
2280 3553 2532 3624 μάρτυρα
2563 3552 2658 3604 καὶ
2682 3550 2775 3604 τὸν
2814 3551 3034 3621 Πατέρα
3069 3552 3164 3606 καὶ
3196 3550 3287 3604 τὸν
3314 3550 3464 3618 Υἱὸν,
3489 3550 3565 3613 ὡς
3597 3551 3661 3605 ἂν
3688 3551 3753 3604 ἐν

2167 3650 2234 3717 τῇ
2278 3643 2546 3715 μελλούσῃ
2595 3644 2779 3713 ἡμέρᾳ
2823 3642 3225 3714 εὐαπολόγητος
3253 3638 3310 3716 ᾗ.
3362 3643 3417 3697 εἴ
3449 3660 3501 3697 τι
3531 3644 3752 3712 γένοιτο

2170 3736 2322 3805 παρὰ
2365 3734 2426 3786 τὸ
2458 3731 2598 3795 δέον,
2644 3732 2720 3792 ὡς
2748 3732 3139 3801 παραγγείλας.
3193 3734 3331 3796 Τοὺς
3373 3734 3429 3787 δὲ
3470 3735 3745 3803 ἀγγέλους

2168 3826 2309 3887 τινος
2339 3825 2525 3878 ’ἐνεκεν
2555 3823 3123 3893 συμπαραλαμϐάνεις
3173 3824 3317 3877 Διότι
3367 3826 3426 3878 ὲν
3461 3827 3528 3896 τῇ
3561 3826 3749 3896 κρίσει

2171 3918 2268 3972 καὶ
2298 3915 2520 3984 ἄγγελοι
2583 3913 2870 3982 μέλλουσιν
2908 3909 3049 3967 εἶναι
3077 3913 3123 3945 ⁸⁸
3179 3913 3469 3984 δορυφόροι
3516 3912 3611 3967 τοῦ
3640 3916 3744 3966 Δε-

2172 4009 2393 4064 σπότου.
2453 4007 2616 4070 Ἐοος
2653 4005 2710 4060 δέ
2759 4007 2876 4059 ἔστι
2916 4005 3010 4059 καὶ
3067 4006 3222 4077 ἡμῖν,
3269 4007 3364 4059 καὶ
3406 4007 3747 4077 ὑπερέχοντα

2171 4102 2267 4155 καὶ
2302 4101 2570 4155 ἐλάσσονα
2604 4100 2872 4170 πρόσωπα
2918 4099 2998 4161 εἰς
3028 4099 3339 4169 μαρτυρίαν
3374 4097 3748 4169 παραλαμϐά-

2174 4210 2311 4246 νειν.
2342 4193 2453 4245 Καὶ
2480 4192 2509 4243 ό
2555 4189 2749 4244 Ἰακὼϐ
2783 4190 2877 4243 καὶ
2906 4189 2996 4242 τὸν
3023 4189 3156 4242 Θεὸν
3182 4190 3277 4242 καλ⁸
3306 4188 3496 4259 βουνὸν
3531 4190 3577 4221 ³³
3611 4189 3751 4261 μάρ-

2170 4301 2309 4355 τυρα
2342 4283 2783 4354 παραλαμϐάνει.
2821 4282 2930 4334 Καὶ
2954 4281 3159 4347 Μωσῆς
3187 4297 3201 4313 ·
3232 4283 3611 4351 Μαρτιτρομαι
3640 4282 3752 4334 τὸν

2177 4373 2443 4441 οὐραγὸν
2476 4373 2575 4425 καὶ
2615 4371 2730 4438 τὴν
2767 4369 2906 4440 γῆν.
2938 4368 3096 4427 Οὕτω
3126 4369 3234 4440 γάρ
3268 4373 3415 4423 ἐστιν
3447 4370 3693 4441 ἐπιεικὴς
3719 4373 3751 4425 ό

495 4442 974 4514 niumproductos
1040 4442 1291 4511 recipiat.
1368 4441 1563 4497 Electis
1642 4454 1823 4497 autem
1871 4446 2067 4514 angelis

2172 4463 2303 4527 Θεὸς
2338 4461 2515 4534 ἡμῶν,
2574 4462 2715 4515 ὥστε
2750 4461 2844 4514 καὶ
2885 4461 3009 4525 τοὺς
3042 4460 3261 4525 δούλους
3311 4462 3390 4524 εἰς
3438 4460 3748 4532 μαρτυρίαν

496 4536 655 4603 dixit,
680 4532 1130 4607 quandoquidem
1158 4543 1212 4588 et
1240 4536 1517 4588 daemones
1569 4533 1682 4588 sint
1716 4535 1913 4604 angeli,

496 4627 711 4697 reiecti.

569 4806 639 4862 Ut
665 4807 777 4861 hate
806 4805 1085 4861 custodias
1110 4807 1225 4861 sine
1247 4806 1584 4876 prwjudicio,
1622 4810 1754 4864 nihil
1783 4810 1980 4881 [aciem
2014 4817 2068 4869 in

499 4902 730 4956 atteram
760 4908 966 4969 partem
1006 4896 1343 4952 declinando.
1376 4898 1491 4953 Hoc
1519 4908 1623 4962 est,
1649 4910 1709 4954 ut
1734 4905 1958 4972 tequalis
1990 4908 2067 4961 sis

494 4992 971 5064 disceptantihus;
1011 4999 1070 5043 nt
1096 5006 1203 5046 non
1238 4990 1331 5044 tiat
1361 4991 1775 5060 praejudicium:
1829 4995 1932 5050 hoc
1961 5006 2066 5062 est,

505 5100 565 5143 ιιι
606 5101 770 5142 nemo
802 5095 855 5141 te
880 5089 1248 5155 praeoccupet,
1284 5083 1501 5153 sibique
1528 5092 1582 5140 te
1624 5087 1970 5145 conciliando
2000 5091 2066 5146 sit

500 5182 554 5235 in
578 5193 746 5234 causa
777 5185 839 5232 ut
872 5192 970 5247 pro
996 5177 1119 5247 ipso
1148 5177 1480 5230 sententiam
1537 5176 1705 5241 feras,
1736 5194 2068 5253 causamque

497 5272 795 5343 dijudices.
824 5267 1015 5338 Neque
1045 5267 1216 5323 facias
1244 5268 1547 5339 quidquam
1574 5273 1872 5327 secundum
1900 5282 2071 5348 πρόσ-

492 5366 695 5434 κλισιν,
742 5365 849 5420 hoc
901 5370 1007 5427 est,
1059 5377 1126 5416 ex
1182 5359 1377 5416 atl'ectu
1433 5361 1489 5416 in
1576 5362 1803 5423 alteram
1855 5380 2060 5439 partem

1973 4538 2066 4591 sed
2103 4505 2144 4559 θ

2175 4551 2877 4625 συμπαραλαμϐανομένους
2949 4551 3219 4620 δέχεσθαι.
3307 4549 3638 4605 Ἐκλεκτῶν
3685 4552 3748 4605 δὲ

2169 4644 2457 4714 ἀγγέλων,
2487 4640 2629 4707 εἷπε,
2688 4642 2821 4694 διότι
2850 4641 3071 4709 ἄγγελοι
3111 4643 3202 4695 καὶ
3235 4642 3285 4695 οἱ
3328 4642 3601 4713 δαίμονες,
3631 4642 3750 4697 ἀλλ’

2168 4736 2489 4805 ἀπόϐλητοι.

2244 4827 2378 4881 Ἵνα
2455 4824 2644 4879 ταῦτα
2715 4824 3000 4891 φυλάξῃς
3074 4825 3257 4894 χωρὶς
3323 4826 3749 4895 προκρίματος.

2165 4916 2362 4989 μηδὲν
2399 4914 2585 4970 ποιῶν
2633 4915 2784 4970 κατὰ
2823 4920 3213 4984 πρόσκλισιν.
3280 4917 3589 4982 Τουτέστιν,
3629 4920 3750 4975 Ἷνα

2173 5010 2287 5071 ἴσος
2311 5004 2380 5082 ᾗς
2396 5009 2509 5071 τοῖς
2534 5006 2933 5077 δικαζομένοις,
2971 5008 3056 5060 ἵνα
3088 5008 3163 5078 μὴ
3196 5007 3746 5081 γένηταιπρόκριμαι

2175 5101 2481 5162 τουτέστιν,
2539 5098 2629 5152 ἴνα
2684 5099 2873 5169 μηδείς
2924 5115 2983 5151 σε
3040 5100 3542 5173 προκαταλαμὸἀνῃ
3575 5142 3591 5167 ,
3651 5103 3748 5156 καὶ

2172 5189 2650 5263 προοικειούμενός
2677 5191 2722 5222 ⁸⁸
2775 5207 2833 5243 σε
2869 5192 2995 5261 ποιῇ
3052 5191 3193 5260 ὑπὲρ
3245 5192 3412 5246 αὑτοῦ
3496 5193 3747 5248 ἐντεῦθεν

2179 5283 2280 5355 ἥδη
2313 5280 2628 5352 προκρίνειν
2663 5281 2757 5333 καὶ
2804 5280 3310 5350 προαποφαίνεσθαι
3334 5297 3349 5312 ο
3398 5282 3534 5353 μηδὲ
3585 5285 3748 5354 ποιῇς

2176 5392 2231 5430 τι
2287 5371 2430 5426 κατὰ
2480 5369 2824 5442 πρόσκλισιν,
2871 5372 3141 5440 τουτέστι,
3189 5371 3330 5426 κατὰ
3371 5373 3745 5446 προσπάθειαν

563 5504 631 5537 ³¹⁶
666 5500 855 5556 Matth.
888 5495 1155 5564 svnt,15.
1229 5496 1274 5528 ³’
1302 5495 1473 5553 Exod.
1498 5513 1607 5557 XIV.
1683 5502 1753 5535 ”‘
1789 5504 1925 5562 Dan.
1952 5524 2026 5566 tv.

2185 5513 2201 5566 Ι
2226 5512 2353 5567 Cor.
2396 5524 2472 5575 ix,
2495 5507 2589 5562 27.

1843 5623 2044 5685 Variae
2080 5623 2411 5688 lectiones.

568 5725 616 5757 "
641 5727 762 5796 μετ’
810 5716 1110 5790 exempla;
1143 5733 1197 5774 ο.
1275 5720 1319 5752 ⁸⁷
1350 5719 1447 5792 τῆς
1498 5720 1732 5792 κρέσεως
1777 5722 1879 5793 τῆς
1920 5723 2240 5790 τελευταίας
2306 5742 2379 5780 ιιι.

493 5796 742 5867 οικειούμ
767 5810 823 5849 0.

2484 5723 2544 5756 "
2578 5726 2831 5800 παρεῖναι
2851 5739 2905 5785 o.
2980 5726 3025 5760 ⁸⁸
3074 5725 3309 5798 οὐρανὸν
3340 5740 3396 5784 o.
3500 5726 3547 5762 ”
3571 5742 3715 5799 προσ
