4078 6418
541 412 614 483 9i
1487 418 2064 481 THEOPIIYLACTI
2098 418 2505 483 BULGMHE
2547 430 2587 484 Α
2603 427 2901 490 RCHIEP.
3724 436 3802 502 93

546 532 970 600 persequeretur
993 525 1300 592 Christum,
1332 542 1395 582 cx
1424 528 1541 583 zelo
1587 539 2028 599 persequeretur,
2056 536 2107 580 et

2212 527 2426 591 ἐδίωκε,
2485 536 2577 586 sui.
2624 537 2685 589 ού
2738 538 2881 591 κατᾶ
2930 540 3278 611 ἀνθρώπινον
3326 546 3608 619 λογισμὸν,
3636 551 3709 613 ὼς
3747 537 3802 603 οἶ

547 634 659 674 non
703 632 771 672 ex
818 618 1055 672 humana
1095 619 1331 683 ratione,
1388 620 1614 689 perinde
1662 637 1728 677 ac
1771 624 2017 692 plerique
2048 625 2121 680 ob

546 724 744 766 vanam
800 710 1031 779 gloriam
1092 710 1326 765 lueresiu
1406 712 1845 778 constituentes,
1903 715 1956 769 iu
2010 731 2117 786 qua

546 802 735 856 multae
765 801 1071 871 putredinis
1093 803 1300 858 conscii
1334 813 1483 859 sunt.
1539 803 1694 872 Quod
1733 814 1915 861 autem
1959 807 2115 872 dicit,

544 894 654 948 tale
688 904 815 949 est:
872 892 953 949 Ne
988 896 1285 965 suspiceris
1331 911 1417 952 me
1465 896 1571 951 alia
1628 897 1893 967 cogitare,
1926 908 1982 953 et
2010 900 2118 953 alia

543 985 730 1041 dicere
756 1002 772 1042 :
799 1001 934 1056 pura
965 995 1052 1043 est
1074 987 1208 1041 mihi
1235 987 1579 1043 conscientia
1610 998 1670 1044 ut
1698 1005 1934 1061 semper,
1956 992 2120 1065 59‘.

542 1076 624 1132 sic
675 1078 996 1133 etiamnum.
1059 1077 1179 1133 Non
1224 1080 1463 1135 mentior
1505 1080 1697 1152 igitur,
1752 1098 1879 1138 cum
1931 1084 2115 1141 dicant

541 1169 686 1239 quod
721 1180 772 1225 te
823 1185 968 1237 amo,
1010 1186 1075 1227 ac
1109 1187 1328 1243 semper
1366 1174 1592 1231 memini
1631 1177 1745 1239 tui.

615 1261 772 1329 Quod
791 1263 908 1318 sine
929 1263 1327 1321 intermissione
1362 1266 1583 1321 Italicam
1614 1269 1696 1322 tui
1726 1272 2036 1327 memoriam
2060 1274 2116 1328 in

537 1353 867 1408 orationibus
902 1355 1030 1409 meis
1073 1368 1225 1411 nocte
1252 1374 1315 1412 ac
1349 1360 1454 1425 die,
1494 1359 1805 1416 desiderans
1842 1375 1891 1417 te
1919 1364 2110 1420 videre.

535 1443 755 1501 Gratias
779 1461 880 1516 ago
905 1445 1035 1512 Deo,
1062 1447 1210 1518 quod
1245 1449 1466 1505 memini
1506 1450 1608 1506 tui.
1638 1450 1758 1507 Non
1789 1452 2117 1522 simpliciter

538 1549 746 1605 autem,
797 1540 895 1597 sed
937 1541 994 1596 in
1044 1543 1475 1612 precationibus,
1534 1546 1626 1602 die
1655 1561 1722 1602 ac
1751 1557 1911 1601 nocte
1945 1545 2114 1603 Deum

538 1633 894 1700 interpellans
937 1648 1036 1703 pro
1066 1644 1139 1699 te,
1195 1645 1253 1691 ut
1299 1636 1521 1706 impleat
1565 1637 1900 1695 desiderium
1932 1654 2110 1694 meum

537 1724 685 1792 quod
734 1723 912 1779 habeo
944 1735 1004 1780 ut
1038 1726 1254 1782 videam
1301 1737 1375 1783 te.
1437 1727 1728 1795 Quomodo
1785 1731 1957 1803 igitur
2000 1749 2115 1787 tne-

2226 622 2414 677 πο).λο“ι
2446 625 2533 677 διὰ
2578 627 2737 692 δόξαν
2782 632 2998 701 αἰρεσιν
3040 636 3423 703 συνιστῶντες,
3523 642 3807 697 συνοίδασι

2222 713 2424 784 πολλὴν
2456 717 2554 787 τὴν
2590 719 2922 792 ααῧρότητα.
2984 725 3048 776 Ὃ
3091 724 3149 777 δὲ
3195 726 3345 796 λέγει
3373 713 3614 784 τοιοῦτόν
3644 733 3761 785 ἐστι
3788 748 3801 762 ’

2221 806 2313 875 Μὴ
2343 807 2692 882 ὑποπτεύσῃς
2721 831 2791 884 με
2814 814 2953 870 ἄλλα
2986 821 3229 888 φρονεῖν,
3268 823 3362 875 καὶ
3407 823 3542 876 ἄλλα
3586 823 3796 891 λέγειν’

2221 897 2463 969 καθαρόν
2502 903 2591 970 μοί
2639 905 2755 957 ἐστι
2811 906 2874 960 τὸ
2932 909 3208 971 συνειδὸς,
3266 911 3458 983 ὥσπερ
3512 914 3639 979 ἀεὶ,
3700 914 3803 970 καὶ

2219 989 2335 1044 νῦν.
2369 991 2446 1046 Ού
2489 991 2759 1065 ψεύδομαι
2789 997 2968 1053 τοίνυν
2996 999 3169 1069 λέγων
3202 1001 3285 1056 ὅτι
3309 1004 3447 1073 φιλῶ
3479 1021 3559 1070 σε,
3584 1006 3678 1058 καὶ
3708 1006 3801 1059 ἀεὶ

2223 1079 2507 1153 μέμνημαί
2538 1101 2652 1140 σου.

2298 1252 2397 1322 Ὧς
2423 1256 2812 1314 ἀδιάλειπτον
2851 1264 2970 1332 ἔχω
3009 1265 3125 1331 τὴν
3164 1267 3295 1334 περὶ
3332 1266 3450 1322 σοῦ
3479 1268 3699 1337 μνείαν
3728 1268 3802 1320 ἐν

2220 1347 2349 1416 ταῖς
2390 1349 2646 1418 δεήσεσί
2675 1371 2795 1422 μου
2835 1356 3056 1423 νυκτὸς
3086 1356 3183 1410 καί
3214 1357 3460 1426 ἡμέρας,
3488 1356 3801 1412 ἐπιποθῶν

2216 1455 2291 1494 σε
2329 1440 2500 1496 ἰδεῖν.
2534 1443 2858 1515 Εὐχαριστῶ
2902 1447 2979 1518 τῷ
3025 1447 3167 1519 Θεῷ,
3214 1450 3296 1502 ὅτι
3337 1449 3625 1521 μέμνημαί
3671 1466 3798 1504 σου.

2217 1531 2327 1602 Οὐχ
2351 1531 2539 1597 ἁπλῶς
2581 1534 2659 1597 δὲ,
2684 1535 2802 1590 ἀλλ’
2844 1538 2902 1592 ἐν
2928 1542 3046 1602 ταῖς
3073 1540 3312 1611 δεήσεσι,
3350 1543 3444 1594 καὶ
3475 1540 3671 1604 νυκτὸς
3699 1540 3796 1595 καὶ

2215 1625 2433 1696 ἡμέρας
2463 1626 2555 1680 τὸν
2588 1628 2722 1683 Θεὸν
2761 1632 3094 1699 παρακαλῶν
3129 1633 3268 1702 ὑπὲρ
3301 1633 3418 1699 σοῦ,
3454 1633 3530 1697 ὡς
3559 1635 3625 1687 iv
3656 1634 3796 1704 πλη-

2219 1717 2366 1790 ρώοῃ
2400 1736 2504 1788 μου
2524 1720 2617 1774 τὸν
2654 1721 2839 1789 πόθον,
2891 1723 2951 1777 ὃν
2999 1724 3127 1796 ἔχω,
3164 1724 3307 1779 ὥστε
3385 1726 3513 1779 ἰδεῖν
3547 1744 3630 1779 σε.
3667 1726 3797 1790 Πῶς

537 1813 714 1881 ipsum
764 1822 914 1870 tanta
948 1816 1230 1886 voluptate
1261 1818 1495 1879 libenter
1528 1820 1823 1892 privarem,
1870 1822 1920 1879 si
1950 1824 2111 1879 modo

2213 1807 2308 1862 οὖν
2344 1810 2616 1882 ἐστέρησα
2663 1812 2730 1867 ἂν
2771 1815 3013 1883 ἐμαυτὸν
3053 1814 3198 1869 ἑκὼν
3245 1816 3520 1888 τοσαύτης
3572 1817 3795 1889 ἡδονῆς,

2143 1867 2193 1923 Β

536 1904 725 1959 venire
762 1919 980 1974 possem
1008 1907 1032 1961 ?
1095 1906 1276 1974 Quare
1301 1917 1484 1965 autem
1522 1911 1814 1970 manifeste
1842 1928 1947 1969 non
1976 1914 2111 1971 dicit

2215 1899 2332 1969 εἴγε
2356 1900 2642 1973 ἠδυνάμην
2680 1902 2890 1972 ἑλθεῖν;
2926 1906 3023 1958 Διὰ
3053 1906 3106 1958 τί
3129 1901 3222 1958 οὖν
3252 1906 3313 1958 οὐ
3343 1905 3492 1973 λέγει
3535 1907 3796 1977 φανερῶς

534 2009 783 2063 causam,
813 1995 959 2067 quod
986 1998 1294 2055 retineatur
1325 1986 1772 2075 intrpediaiurque
1799 2021 1830 2060 a
1853 2004 2065 2063 Nerone
2086 2008 2112 2061 ?

533 2086 617 2143 Ne
649 2088 836 2144 statim
881 2090 936 2144 in
962 2091 1193 2147 exordio
1219 2091 1396 2162 ipsum
1428 2097 1725 2165 perturbet.
1756 2098 1815 2152 In
1865 2099 1970 2155 fine
2009 2115 2109 2155 au-

534 2186 643 2234 tem
670 2178 814 2234 hanc
840 2193 1064 2235 causam
1102 2183 1328 2239 revelat.
1746 2209 1750 2214 -

604 2267 774 2325 Vens.
812 2270 868 2325 4.
919 2267 1127 2325 Memor
1150 2271 1509 2342 lacrymarum
1542 2285 1777 2342 tuarum,
1825 2290 1881 2333 ut
1908 2281 2105 2351 gaudio

532 2358 777 2423 implear.
837 2357 931 2414 Sic
963 2369 1263 2417 construe:
1319 2360 1650 2431 Desiderans
1686 2376 1739 2421 te
1783 2368 1991 2435 videre,
2048 2382 2105 2427 ut

535 2448 735 2521 gaudio
759 2449 985 2522 impleat
1016 2468 1031 2505 :
1080 2453 1281 2510 deinde
1319 2454 1633 2525 iulerjeclo,
1670 2476 1871 2513 memor
1925 2461 2107 2532 lacry—

534 2560 746 2597 marum
766 2553 1003 2601 tuarum.
1021 2543 1139 2604 Etsi
1156 2548 1300 2603 enim
1322 2558 1517 2605 natura
1540 2553 1608 2607 ab
1629 2552 1885 2609 amicitia:
1908 2554 2103 2610 aflectu

534 2633 747 2688 alienus
774 2647 978 2700 essem,
1008 2634 1261 2707 lacryma:
1280 2646 1466 2693 tamen
1494 2646 1600 2693 tua:
1629 2640 1908 2698 sufﬁciunt
1932 2654 1991 2697 ut
2018 2660 2106 2701 mc

531 2725 776 2790 ﬂectant,
803 2741 929 2782 cum
967 2728 1037 2783 ad
1070 2730 1393 2786 memoriam
1431 2733 1565 2788 mihi
1608 2733 1862 2791 redeunt.
1896 2734 2105 2794 Verisi-

530 2815 660 2870 mile
700 2817 845 2872 enim
896 2825 1019 2874 erat
1072 2815 1424 2878 Timotheum
1478 2839 1509 2879 a
1571 2823 1743 2882 Paulo
1798 2827 2103 2895 divulsum,

529 2904 821 2962 lamentari
876 2911 1068 2979 magis,
1104 2927 1267 2982 quam
1316 2912 1581 2993 infantem
1610 2929 1641 2971 a
1683 2932 1917 2974 mamma
1966 2921 2102 2975 abs-

541 3002 797 3052 tractum.

559 3088 571 3095 ’
602 3082 775 3141 Vens.
803 3087 858 3143 5.
911 3084 1350 3148 Recordationem
1381 3097 1646 3166 accipiens
1676 3096 1790 3167 ejus
1821 3099 1949 3167 ﬁdei
1987 3113 2106 3169 qua:
2192 3116 2195 3121 '

2213 1990 2314 2061 τὴν
2342 1992 2543 2058 αἰτίαν,
2586 1994 2649 2046 τὺ
2700 1995 3030 2065 κατέχεσθαι
3062 1996 3213 2066 παρὰ
3240 1997 3525 2068 Νέρωνοςς
3558 1993 3678 2050 Ἵνα
3714 1996 3795 2068 μὴ

2212 2083 2432 2155 λυπήσῃ
2464 2083 2629 2139 αὐτὸν
2671 2086 2731 2150 ἐξ
2763 2087 2960 2157 ἀρχῆς.
2998 2087 3143 2159 ῐῐρδς
3183 2087 3261 2158 τῷ
3304 2090 3449 2141 τέλει
3477 2089 3535 2141 δὲ
3578 2088 3803 2161 ταύτην

2210 2179 2608 2235 ἀνακαλύπτει.

2198 2280 2203 2285 ’
2278 2274 2671 2343 Μεμνημένος
2724 2287 2842 2329 σου
2897 2272 3017 2329 τῶν
3069 2274 3383 2343 δακρύων,
3441 2275 3543 2330 ἵνα
3594 2276 3796 2345 χαρᾶς

2209 2364 2523 2433 πληρωθῶ.
2577 2364 2737 2420 Οὕτω
2785 2366 3087 2432 σύνταξον·
3156 2368 3467 2421 Ἑπιποθῶν
3516 2386 3575 2421 σε
3631 2369 3790 2432 ἰδεῖν,

2209 2455 2297 2509 ἶνα
2326 2458 2503 2527 χαρᾶς
2551 2457 2859 2528 πληρωθῶ·
2897 2452 3017 2515 εἶτα
3055 2458 3145 2512 διὰ
3192 2460 3379 2529 μέσου,
3405 2461 3793 2528 μεμνημένος

2206 2562 2324 2602 σου
2342 2548 2463 2601 τῶν
2484 2546 2783 2616 δακρύων.
2829 2550 2893 2602 Εἰ
2918 2552 3027 2619 γὰρ
3055 2551 3149 2605 καὶ
3178 2551 3384 2621 σφόδρα
3406 2551 3597 2621 ἄφιλος
3626 2550 3800 2619 φύσει

2206 2638 2378 2708 ἥμην,
2409 2638 2523 2691 ἀλλ’
2548 2634 2644 2693 οὖν
2673 2656 2737 2707 γε
2773 2639 2840 2693 τὰ
2875 2640 3089 2711 δάκρυά
3120 2659 3213 2696 σου
3248 2642 3410 2696 ἰκανά
3443 2641 3661 2711 κάμψαι
3692 2657 3795 2710 με,

2206 2733 2288 2797 εἰς
2346 2734 2568 2804 μνήμην
2623 2731 2866 2785 ἐλθόντα.
2900 2731 3065 2794 Εἰκὸς
3102 2731 3213 2802 γὰρ
3255 2727 3325 2803 ἧν
3377 2732 3470 2786 τὸν
3517 2731 3795 2802 Τιμόθεον

2207 2824 2639 2896 ἀποσχιζόμτνον
2671 2823 2905 2888 Παύλου,
2939 2823 3229 2895 ὀδύρεσθαι
3272 2823 3473 2895 μᾶλλον
3504 2822 3536 2892 ἦ
3573 2822 3793 2877 παιδίον

2206 2914 2301 2970 τοῦ
2338 2914 2545 2986 μασοοῦ
2581 2915 3005 2986 ἀποσπώμενον.

2292 3091 2657 3162 Ὑπόμνηονιν
2672 3094 2996 3164 ,λαμϐάνων
3025 3091 3134 3164 τῆς
3157 3092 3229 3148 ἐν
3246 3093 3346 3148 σοί
3369 3091 3795 3162 ἀνυποκρίτου

528 3185 609 3232 est
638 3177 690 3232 in
723 3188 771 3234 te
807 3191 912 3235 non
943 3183 1094 3251 ﬁcta.
1126 3183 1245 3241 Non
1279 3187 1456 3242 solum
1489 3188 1851 3261 lacrymarum
1882 3199 2099 3247 tuarum

2211 3185 2487 3253 πίστεως.
2519 3188 2594 3240 Οὐ
2632 3186 2795 3257 μόνον
2829 3187 2937 3241 τῶν
2966 3186 3221 3258 δακρύων
3249 3188 3622 3259 μεμνημένος,
3657 3186 3791 3241 ἐπιλ-

530 3270 870 3336 recordatus,
898 3273 1152 3330 desidero
1176 3286 1228 3331 te
1267 3279 1492 3346 videre,
1543 3295 1731 3335 verum
1751 3282 1923 3337 etiam
1980 3283 2102 3340 ῆι]ιὶ

531 3371 638 3415 tua:
664 3377 775 3417 non
829 3364 1048 3423 fucatae.
1101 3366 1297 3439 Magna
1351 3373 1498 3427 cnim
1560 3381 1614 3430 et
1659 3372 1808 3442 iusta
1846 3372 1961 3430 haec
2006 3375 2102 3431 tibi

527 3467 698 3510 causa
725 3466 833 3523 est,
864 3467 923 3512 ut
954 3474 984 3513 a
1015 3474 1101 3515 me
1126 3460 1397 3533 diiigaris.

601 3544 735 3611 Qut:
781 3548 1011 3617 primum
1065 3551 1380 3608 inhabitavit
1431 3556 1485 3610 in
1534 3556 1655 3611 aria
1704 3564 1799 3612 tua
1834 3556 2020 3627 Laide,
2052 3571 2103 3615 et

530 3646 702 3694 matre
746 3649 840 3696 tua
873 3637 1093 3701 Euuice.
1132 3645 1293 3701 Aliud
1348 3657 1610 3718 praeterea
1651 3659 1737 3706 est
1764 3652 2101 3719 encomium,

528 3733 675 3799 quod
703 3748 812 3788 non
836 3734 907 3791 ab
935 3734 1249 3794 infidelibus
1287 3750 1466 3795 ortum
1488 3739 1726 3807 duxerit,
1751 3743 1845 3799 sed
1868 3758 1899 3798 a
1924 3742 2100 3799 lidcli-

531 3821 655 3890 bus,
683 3825 787 3880 etsi
810 3841 878 3881 ex
911 3824 1137 3885 Iudaeis.
1167 3829 1329 3886 Pater
1356 3841 1535 3887 tanien
1563 3832 1684 3903 ejus
1710 3833 1935 3891 Graecus
1957 3846 2096 3893 erat.

524 3910 771 3969 Observa
800 3924 983 3973 autem
1013 3920 1291 3989 quomodo
1325 3922 1408 3977 lex
1432 3923 1665 3994 cmperit
1697 3921 1953 3993 dissolvi,
1996 3928 2099 3984 ltu-

521 4003 763 4075 jusmodi
787 4006 948 4063 factis
974 4009 1087 4081 jam
1122 4021 1236 4065 tum
1276 4015 1782 4074 commistionibus.

601 4094 896 4152 Persuasus
946 4116 1066 4154 sum
1114 4106 1290 4157 autem
1319 4105 1460 4174 quod
1490 4115 1540 4160 et
1590 4109 1647 4162 in
1705 4117 1775 4163 te.
1825 4109 2097 4177 Quoniam

527 4181 800 4250 majorum
841 4184 1009 4251 bona,
1039 4190 1084 4244 si
1115 4190 1336 4260 quidem
1382 4209 1485 4250 nos
1532 4195 1670 4252 tales
1698 4196 1896 4263 simus,
1938 4199 2099 4256 nobis

2208 3278 2360 3335 ποθῶ
2417 3296 2477 3332 σε
2534 3280 2687 3348 ἰδεῖν,
2722 3281 2856 3335 ἀλλὰ
2892 3280 2984 3335 καὶ
3027 3281 3129 3351 τῆς
3156 3280 3344 3334 ἀδόλου
3386 3297 3479 3334 σου
3515 3280 3789 3346 πίστεως·

2209 3370 2352 3439 μέγα
2381 3370 2491 3441 γάρ
2526 3387 2609 3424 σοι
2641 3370 2736 3426 καὶ
2780 3369 2945 3426 τοῦτο
2968 3369 3246 3441 δικαίωμα
3287 3371 3423 3442 προς
3460 3371 3521 3426 τὸ
3562 3373 3788 3441 ἀγαπᾶς

2207 3460 2331 3515 σθαι
2357 3462 2450 3515 ὐπ’
2478 3462 2638 3533 ἐμοῦ.

2277 3553 2448 3619 Ἥτις
2507 3552 2778 3623 ἐνῴκησε
2825 3550 3062 3623 ⁸πρῶτον
3139 3555 3210 3609 ἐν
3282 3552 3357 3622 τῇ
3400 3554 3609 3623 μάμμῃ
3662 3569 3791 3607 σου

2204 3644 2402 3713 Λωΐδι,
2432 3644 2537 3701 καί
2560 3646 2637 3715 τῇ
2661 3649 2843 3717 μητρί
2866 3663 2984 3701 σου
3038 3648 3287 3715 Εὐνίκῃ.
3320 3649 3429 3700 Καὶ
3452 3647 3581 3702 ἄλλο
3607 3649 3791 3714 ἐγκώ-

2205 3751 2350 3805 μιον,
2384 3735 2466 3790 ὅτι
2487 3736 2587 3790 οὐκ
2608 3736 2718 3790 ἀπὸ
2734 3736 2984 3790 ἀπίστων
3010 3738 3249 3807 ἐγένετο.
3278 3738 3395 3791 ἀλλ’
3418 3737 3527 3792 ἀπὸ
3549 3736 3789 3804 πιστῶν,

2202 3827 2252 3880 εἰ
2282 3827 2378 3880 καὶ
2412 3826 2473 3893 ἔξ
2518 3827 2808 3882 Ἰουδαίων.
2865 3814 2925 3880 ’ό
2970 3830 3155 3899 μέντοι
3203 3830 3390 3901 πατὴρ
3431 3829 3599 3884 αὐτοῦ
3646 3827 3784 3882 ’Έλ-

2202 3918 2302 3987 λην
2331 3914 2421 3990 ἦν.
2457 3920 2601 3991 Ὅρα
2638 3920 2696 3974 δὲ
2733 3921 2851 3984 πῶς
2881 3921 2911 3974 ὁ
2941 3924 3105 3992 νόμος
3141 3923 3350 3995 ἤρξατο
3386 3918 3784 3990 ιιαταλύδσθαι,

2199 4012 2310 4066 τῶν
2333 4012 2633 4082 ὲπιμίξεων
2660 4015 2869 4070 τούτων
2900 4015 3229 4086 γινομένων.

2271 4107 2602 4178 Πέπεισμαι
2660 4108 2730 4162 δὲ
2780 4110 2870 4164 ὅτι
2910 4109 3008 4164 καί
3044 4111 3115 4163 ἐν
3156 4110 3280 4165 σοί.
3325 4108 3546 4180 Ἐπειδὴ
3572 4109 3641 4164 τὰ
3667 4108 3787 4166 τῶν

2200 4201 2485 4270 προγόνων
2526 4200 2691 4267 καλὰ,
2726 4203 2822 4256 ἐὰν
2873 4202 2975 4271 μὲν
3014 4202 3110 4256 καὶ
3137 4204 3299 4273 ἡμεῖς
3341 4202 3572 4257 τοιοῦτοι
3602 4196 3783 4272 ὦμεν,

524 4271 581 4326 in
606 4274 832 4344 gloriam
864 4277 1103 4346 cedunt,
1155 4282 1241 4336 sin
1289 4286 1506 4351 minus,
1560 4290 1908 4346 contumelia:
1939 4292 2099 4349 nobis

2211 4291 2411 4358 δοξάζει
2435 4293 2616 4363 ἡμᾶς,
2654 4294 2703 4347 εἰ
2734 4293 2792 4347 δὲ
2823 4294 2920 4365 μὴ,
2965 4295 3047 4358 εἰς
3092 4271 3364 4365 αἰσχύνην
3404 4294 3609 4363 μᾶλλον
3648 4271 3786 4364 ἧμίν

496 4402 499 4407 ι
528 4364 650 4419 loco
682 4375 849 4423 sunt:
884 4381 1195 4442 propterea,
1216 4374 1421 4456 inquit,
1457 4379 1726 4450 majorum
1773 4380 1906 4438 fides
1931 4383 2096 4439 etiam

2211 4387 2330 4451 εἰσι,
2373 4385 2463 4439 διὰ
2490 4385 2650 4440 τοῦτὸ
2689 4364 2879 4457 φησιν,
2913 4387 2996 4441 ὅτι
3036 4386 3069 4457 ἡ
3269 4386 3552 4456 προγόνων
3598 4386 3784 4451 πίστις

524 4454 580 4509 in
623 4465 679 4512 te
715 4467 821 4525 est,
861 4463 936 4515 uti
987 4471 1139 4519 certo
1168 4448 1468 4536 persuasus
1498 4448 1643 4525 sum.
1697 4470 1889 4527 Merito
1929 4475 2097 4544 igitur

2211 4448 2391 4533 καὶνὲν
2424 4479 2509 4532 σοί
2553 4448 2721 4547 ἐστιν,
2753 4448 3119 4551 ’ὼς-ἀκριὸὧς
3166 4448 3495 4550 πέπεισμαι.
3544 4448 3783 4545 Εἰκότωξ

525 4562 635 4602 non
666 4548 906 4607 fucatam
943 4553 1086 4611 hanc
1120 4556 1314 4624 habes,
1346 4568 1405 4614 ut
1431 4573 1553 4631 qua:
1580 4577 1613 4618 a
1638 4543 2097 4634 majoribusituis

2211 4571 2292 4627 οὖν
2320 4572 2683 4643 ἀνυπόκριτον
2707 4543 2866 4645 vixet;
2915 4543 3140 4644 ταύτην,
3173 4573 3250 4637 ὡς
3296 4543 3506 4629 ἄνωθεν
3554 4543 3779 4644 τεθεμεέ

503 4645 579 4727 ⁸ιιι
611 4653 668 4702 te
717 4649 887 4707 etiam
933 4650 1164 4709 fundata
1193 4656 1286 4724 sit,
1330 4668 1389 4713 ut
1424 4660 1564 4716 adeo
1600 4676 1709 4717 non
1752 4661 1928 4729 possit
1957 4676 2096 4718 con-

2211 4663 2495 4735 λιιομὲνην,
2522 4665 2616 4719 καὶ
2646 4664 2971 4719 σαλεύεσθαι
3000 4665 3104 4719 οὒκ
3132 4664 3389 4737 ἔχουσαν.

517 4739 658 4794 cuti.

588 4829 756 4889 Vens.
790 4833 846 4890 6.
899 4832 1124 4905 Propter
1177 4852 1338 4908 quam
1365 4844 1368 4849 ’
1398 4854 1618 4898 causam
1674 4846 1929 4901 admoneo
1963 4854 2010 4901 te
2036 4855 2096 4903 ut

2268 4851 2349 4904 Δι’
2387 4846 2468 4918 ἣν
2513 4852 2712 4906 αἰτίαν
2759 4849 3200 4921 ἀναμιμνήσκω
3251 4866 3326 4906 σε
3368 4852 3772 4920 ἀναζωπυρεῖν

527 4924 809 4979 resuscites
856 4929 1090 4997 gratiam
1133 4928 1251 4986 Dei.
1301 4931 1464 4999 Quia.
1497 4935 1721 5006 inquit,
1749 4939 1874 4993 novi
1902 4948 1954 4994 te
1982 4955 2092 4995 non

2211 4944 2264 4996 ro
2290 4941 2558 5012 χάρισμα
2605 4941 2714 4997 τοῦ
2746 4942 2918 4998 Θεοῦ.
2948 4942 3115 5009 Attin,
3134 4945 3319 5014 φησὶν,
3343 4940 3462 5001 οἶδά
3490 4963 3547 4998 σε
3582 4948 3781 5000 axon-3o

513 5013 829 5070 simulatam
886 5017 1090 5076 habere
1130 5018 1292 5078 fidem
1324 5064 1340 5089 ,
1400 5026 1585 5079 excito
1613 5034 1707 5093 te,
1764 5039 1824 5082 ut
1862 5031 2092 5097 gratiam

2211 5051 2389 5105 κριτον
2437 5034 2630 5106 ἔχοντα
2671 5035 2877 5101 πίστιν,
2903 5034 3158 5106 διεγείρω
3188 5013 3270 5103 σε,
3302 5035 3444 5089 ὥστε
3478 5037 3575 5107 τὴν
3618 5038 3782 5110 χάριν

515 5104 782 5176 Spiritus,
800 5124 968 5179 quam
998 5113 1262 5183 accepisti
1293 5114 1361 5171 ad
1390 5116 1778 5186 przefecturam
1804 5116 2089 5188 Ecclesiae,

2211 5104 2295 5181 τοῦ
2329 5104 2668 5198 Πνεύματος,
2698 5128 2767 5197 ῆν
2803 5126 2995 5192 ἔλασις
3034 5104 3116 5192 είς
3147 5127 3485 5197 προστασίαν
3513 5104 3782 5198 τῆς-*Ἑρ

515 5202 585 5258 ad
637 5206 921 5277 signorum
978 5210 1375 5281 operationem,
1420 5224 1477 5271 et
1502 5215 1830 5288 simpliciter
1863 5222 1932 5274 ad
1972 5235 2093 5275 οηισ

2211 5216 2456 5288 πλησίας,
2488 5220 2569 5284 εἰς
2596 5218 2841 5290 σημείων
2876 5217 3168 5290 ἐργασίαν,
3204 5218 3299 5272 καὶ
3323 5217 3534 5282 ἁπλῶς,
3562 5220 3641 5282 εἰς
3673 5217 3777 5269 πεῖ-

515 5310 643 5381 ηοω¹
696 5314 817 5368 quae
847 5300 1167 5374 episcopum
1226 5303 1422 5361 deceat
1488 5308 1782 5376 virtutem,
1827 5319 1888 5365 ut
1953 5312 2095 5367 haue

2211 5327 2304 5365 σαν
2320 5311 2421 5381 τὴν
2447 5310 2732 5379 ὲπισκόπῳ
2751 5307 3073 5379 πρέπουσαν
3090 5308 3314 5380 ἀρετὴν.
3334 5306 3542 5381 ταύτην
3569 5303 3780 5369 άναζωυ
3828 5334 3841 5352 ι

516 5376 847 5472 exsuscites,
874 5394 976 5451 hoc
1008 5403 1112 5464 est,
1150 5405 1211 5453 ut
1252 5412 1470 5469 seruper
1518 5399 1693 5457 vivam
1741 5413 1797 5460 et
1841 5405 2087 5461 floridam

2211 5376 2417 5472 πυρεῐν,
2450 5376 2751 5464 τουτέστιν,
2782 5376 2868 5453 ἀεὶ
2897 5399 3080 5464 ζῶσαν
3105 5376 3201 5455 διαὶ
3233 5376 3592 5468 ἀκμάζουσαν
3611 5398 3778 5464 ἐργά-

514 5470 707 5545 facias.
763 5478 1241 5545 Quemadmodum
1294 5488 1440 5543 enim
1484 5490 1628 5560 ignis
1656 5491 1820 5564 lignis
1848 5494 2079 5565 indiget,

2211 5470 2410 5559 ἵεσθαι.
2447 5490 2661 5563 Ὠσπερ
2694 5494 2807 5565 γὰρ
2829 5493 2892 5549 τὸ
2927 5493 3041 5565 πῦρ
3067 5494 3241 5547 δεῖται
3273 5492 3467 5557 ξύλων,
3498 5491 3644 5545 οὕτω
3685 5488 3780 5543 κο).

512 5566 661 5623 hunc
690 5568 757 5623 ad
803 5573 1025 5629 modum
1060 5581 1233 5646 gratia
1275 5577 1516 5650 Spiritus
1545 5599 1684 5654 opus
1708 5585 1870 5641 habet
1904 5603 2087 5656 prom-

2211 5586 2231 5655 i)
2261 5587 2422 5656 χάρις
2449 5586 2542 5639 τοῦ
2574 5584 2889 5656 Πνεύματος
2911 5586 3083 5641 δεῖται
3108 5584 3447 5657 προθυμίας,
3475 5582 3572 5636 καὶ
3604 5597 3777 5651 προσ-

514 5658 809 5729 ptitudinc,
856 5674 911 5719 et
943 5671 1267 5735 attentione,
1313 5680 1369 5727 et
1416 5674 1717 5744 vigilantia,
1778 5686 1838 5732 ut
1871 5693 2087 5748 semper

2211 5677 2349 5747 ηιῆς,
2380 5679 2473 5729 καὶ
2502 5678 2739 5747 νήψεως,
2782 5676 2868 5729 ἵνα
2896 5678 2984 5731 ἀεὶ
3010 5676 3216 5747 ἀναζέῃ
3236 5694 3250 5708 ο
3277 5676 3351 5738 ὡς
3377 5675 3475 5728 ἐὰν
3503 5674 3577 5743 μὴ
3601 5671 3776 5726 ταῦτα

516 5750 726 5808 ferveat
758 5772 772 5810 :
811 5771 935 5810 nam
988 5758 1092 5815 nisi
1129 5761 1245 5816 luet:
1270 5775 1470 5833 pra-sto
1497 5769 1626 5832 sint,
1677 5770 2082 5837 exstinguitur;

2211 5764 2453 5837 παρῶσι,
2518 5769 2833 5831 σϐέννυται,
2897 5769 2970 5832 ὡς
3035 5769 3128 5823 καὶ
3188 5765 3420 5837 ἀλλαχοῦ
3453 5763 3633 5834 λέγει·
3702 5758 3781 5818 Τὸ

513 5845 979 5916 quemadmodum
1004 5849 1166 5924 595
1184 5865 1237 5912 ct
1273 5858 1380 5913 alio
1398 5861 1450 5913 in
1484 5862 1603 5917 loco
1628 5861 1761 5917 dicit
1787 5879 1799 5917 :
1826 5862 2086 5931 Spiritum

2211 5865 2275 5916 Ut
2293 5860 2443 5931 εῦμη
2463 5861 2547 5931 In}
2576 5860 2889 5916 σϐέννυτε.

517 5936 679 5994 nolite
714 5943 1063 6012 exstinguere.
