4078 6420
419 373 521 453 1Ἱῖ

1321 373 1898 439 THEOPHYLACTI
1937 374 2040 435 BU
2053 374 2357 436 LGARLE
2396 376 2757 438 ARCHIEP.

3556 374 3660 439 112

417 510 579 569 atque
613 492 886 568 prmclectl
937 499 1064 550 sum
1099 533 1114 558 ,
1146 505 1212 546 ne
1233 497 1624 561 pervertuntur
1650 501 1774 542 cum
1815 488 1987 556 putri-

2093 486 2352 551 όλοτελῶς
2375 503 2388 518 °
2426 489 2521 542 καὶ
2549 487 3013 558 προεξελέγησαν,
3045 487 3190 541 ὥστε
3223 487 3298 558 μὴ
3335 505 3670 558 συνανατρα-

419 589 687 644 dioribus.
743 585 1091 655 lniquitatem
1135 593 1320 636 autem
1343 595 1590 635 errorem
1651 579 1888 648 appellat
1932 580 1986 632 in

417 680 786 750 dogmatibus,
829 677 913 731 vel
972 676 1292 745 simpliéiter
1335 686 1718 741 quamcunque
1769 670 1992 740 injusti-

423 775 574 828 tiatn.
610 772 710 837 Qui
743 772 889 824 enim
953 767 1190 836 iniurius
1221 764 1326 828 est,
1375 778 1481 818 non
1515 771 1599 816 est
1625 763 1989 828 fundamenti,

422 882 530 920 non
582 872 664 918 est
716 864 830 918 Dei.
907 860 1189 927 Quomodo
1249 858 1428 922 enim,
1469 871 1592 910 cum
1658 856 1751 910 ille
1805 856 1990 922 justus

422 969 503 1012 ρει
526 960 550 1011 ?
574 957 688 1011 Non
723 957 882 1010 habet
914 954 1272 1025 signaculum.
1307 950 1562 1020 Expende
1613 957 1816 1015 autem,
1843 951 1990 1019 quod

421 1053 469 1105 si
520 1051 567 1103 is
611 1049 702 1118 qui
736 1047 977 1101 nominat
1026 1058 1224 1097 nomen
1294 1040 1535 1107 Domini,
1588 1041 1660 1096 ab
1721 1040 1992 1110 injustitia

422 1141 684 1196 desistere
714 1137 890 1201 debet;
919 1136 1009 1204 qui
1047 1148 1152 1187 non
1189 1132 1425 1193 desistit,
1459 1146 1527 1185 ne
1556 1131 1754 1199 dignus
1769 1131 1989 1200 quidem

422 1239 507 1285 est
538 1230 632 1298 qui
662 1242 856 1280 nomen
883 1224 1094 1278 Domini
1129 1223 1394 1277 nominet.
1422 1221 1544 1277 Non
1573 1231 1658 1278 est
1680 1222 1826 1277 enim
1863 1237 1990 1292 spe-

421 1323 568 1376 eiosa
592 1319 708 1372 laus
738 1317 790 1370 in
821 1331 917 1371 ore
941 1315 1266 1383 peceatoris.

489 1411 652 1466 Vens.
675 1409 765 1462 20.
806 1406 872 1461 In
907 1421 1101 1475 magna
1152 1413 1328 1458 autem
1365 1403 1518 1458 domo
1549 1419 1652 1457 non
1675 1403 1842 1457 solum
1867 1412 1991 1458 sunt

417 1519 548 1557 casa
585 1515 747 1553 aurea
773 1504 825 1551 et
856 1503 1121 1566 argent-ea,
1167 1509 1344 1547 verum
1393 1494 1556 1546 etiam
1603 1493 1776 1561 lignea
1835 1503 1992 1562 atque

413 1605 670 1650 testacea.
710 1589 861 1656 Quia
906 1587 1058 1642 multi
1137 1585 1338 1639 turbati
1387 1593 1638 1654 quaerunt
1691 1599 1859 1654 quam
1919 1586 1992 1639 ob

416 1699 644 1740 causam
691 1683 800 1738 sint
828 1683 882 1736 in
940 1678 1143 1732 mundo
1169 1678 1344 1746 pravi,
1385 1677 1508 1731 aliis
1560 1679 1744 1732 causis
1791 1676 1988 1732 dimis-

416 1777 522 1838 sis,
563 1787 709 1828 nunc
756 1770 898 1825 hanc
931 1768 1106 1822 reddit
1139 1773 1474 1836 :.propterea
1507 1766 1651 1834 quod
1687 1766 1741 1820 in
1796 1779 1988 1834 magna

2094 580 2264 649 πῆναι
2291 582 2401 644 τοῖς
2425 580 2793 651 σαθροτέροις.
2838 581 3076 644 Ἀδικίας
3106 580 3184 644 δὲ,
3212 581 3311 650 τῆς
3341 581 3398 632 ὲν
3435 579 3668 649 δόγμασι

2094 669 2328 739 πλάνης,
2365 672 2550 740 φησιν,
2584 670 2616 741 ἢ
2649 671 2834 734 ἁπλῶς
2878 672 3061 739 πάσης
3090 672 3342 736 ἀδικίας;
3386 672 3442 723 ⁸0
3467 671 3667 724 ἀδικῶν

2091 761 2191 814 οὐκ
2227 761 2342 814 ἔστι
2373 760 2467 814 τοῦ
2497 761 2884 831 θεμελίου,ούκ
2913 761 3028 813 ἔστι
3047 760 3142 814 τοῦ
3170 761 3328 813 Θεοῦ.
3359 758 3483 820 Πῶς
3509 757 3619 826 γὰρ
3647 774 3662 823 ;

2093 854 2304 906 ἐκείνου
2333 853 2540 906 δικαίου
2567 853 2755 918 aveo-.3;
2786 854 2885 904 οὐκ
2916 854 3028 923 ἔχει
3067 852 3166 922 τὴν
3201 851 3492 922 σφραγῖδα.
3523 850 3666 919 Ὅρα
3725 842 3737 851 ’

2093 946 2150 998 δὲ
2179 947 2260 998 ὄτι
2291 947 2340 998 εί
2369 947 2398 998 ὁ
2421 945 2703 1015 ὀνομάζων
2741 945 2800 998 τὸ
2840 945 3011 1014 ὄνομα
3045 943 3276 1014 Κυρίου,
3304 942 3508 1012 ὀφείλει
3558 943 3665 1008 ἀφ-

2099 1037 2344 1089 ίστασθαι
2380 1037 2489 1089 ἀπὸ
2527 1035 2760 1102 ἀδικίας,
2791 1037 2819 1088 ό
2861 1035 2936 1104 μὴ
2970 1035 3352 1104 ἀφιστάμενος,
3378 1033 3498 1086 οὐδὲ
3545 1032 3665 1086 ὀνο⁴

2096 1129 2288 1196 μάζειν
2323 1129 2491 1192 ἄξιος.
2555 1128 2676 1197 Οὐχ
2713 1127 2912 1197 ὡραῖος
2958 1127 3067 1197 γὰρ
3115 1121 3262 1190 αἶνος
3322 1128 3381 1179 ὲν
3437 1124 3664 1194 στόματι

2092 1219 2444 1290 ἁμαρτωλοῦ.

2174 1403 2277 1457 Ἐν
2304 1403 2534 1473 μεγάλῃ
2600 1403 2670 1458 δὲ
2705 1405 2861 1472 οἰκίᾳ
2917 1405 3030 1459 οὐκ
3075 1404 3207 1458 ἔστι
3251 1405 3443 1473 μόνον
3471 1404 3664 1472 σκεύη

2093 1493 2295 1562 χρυσᾶ
2319 1495 2417 1548 καὶ
2461 1494 2712 1564 ἀργυρᾶ,
2754 1496 2916 1550 ἀλλὰ
2955 1495 3055 1549 καί
3084 1497 3302 1559 ξύλινα
3325 1495 3420 1548 καὶ
3445 1495 3665 1562 ὀστρά-

2085 1601 2245 1638 κινα.
2287 1585 2506 1656 Ἐπειδὴ
2533 1586 2718 1640 πολλοὶ
2741 1587 3122 1657 ταράττονται,
3148 1587 3238 1640 διὰ
3265 1586 3316 1638 τί
3345 1587 3482 1638 εἰσιν
3509 1587 3566 1639 ἐν
3590 1584 3668 1655 τῷ

2089 1677 2278 1748 κόσμῳ
2310 1678 2378 1732 οί.
2406 1678 2654 1749 πονηροὶ,
2706 1678 2865 1746 ἀφεὶς
2895 1679 2994 1741 τὰς
3042 1678 3207 1740 ἄλλας
3239 1677 3417 1740 αἰτίας
3450 1679 3478 1730 ὁ
3515 1676 3666 1730 Παῦ-

2088 1767 2200 1832 λος,
2236 1768 2332 1822 νῦν
2365 1768 2568 1838 ταύτην
2620 1769 2798 1839 φησί’
2844 1769 2976 1822 διότι
3023 1771 3117 1821 καὶ
3172 1772 3229 1822 ἐν
3268 1769 3477 1840 μεγάλῃ
3523 1767 3672 1839 οἰκίᾳ

419 1872 582 1921 domo
609 1880 737 1919 vasa
770 1873 895 1917 sunt
958 1862 1194 1915 diversa.
1261 1860 1507 1930 Magnam
1550 1868 1730 1913 autem
1763 1858 1982 1912 domum

2091 1860 2259 1931 σκεύη
2288 1861 2396 1912 είσὶ
2417 1860 2671 1930 διάφορα.
2708 1859 2969 1931 Μεγάλην
2997 1859 3056 1913 δὲ
3094 1859 3273 1912 οἰκίαν
3335 1859 3426 1912 τὸν
3457 1860 3660 1928 κόσμον

422 1957 684 2012 mundum
735 1954 889 2017 dicit,
924 1968 1030 2008 non
1063 1953 1242 2021 ipsam’
1271 1952 1568 2006 Ecclesium
1607 1967 1622 2003 :
1653 1951 1788 2003 inea
1837 1949 1984 2004 enim

418 2051 555 2106 nihil
603 2050 866 2104 vultesse
914 2047 1172 2115 ligneum,
1230 2043 1322 2099 sed
1362 2043 1542 2098 omnia
1585 2056 1751 2095 aurea
1810 2050 1865 2095 et
1901 2056 1987 2094 ar-

416 2148 632 2211 gentea,
657 2136 820 2209 605
855 2136 942 2190 ubi
967 2135 1171 2190 Christi
1199 2146 1398 2202 corpus
1418 2139 1524 2196 est,
1560 2131 1651 2186 ubi
1691 2131 1853 2202 Virgo
1897 2139 1989 2186 est

419 2243 542 2297 quae
567 2226 834 2280 maculam
863 2239 968 2277 non
1007 2221 1189 2276 habet.

492 2316 557 2368 Et
601 2314 839 2384 quwdam
890 2311 1093 2382 quidem
1136 2320 1256 2364 sunt
1301 2311 1353 2363 in
1412 2310 1692 2374 honorem,
1748 2309 1988 2378 quwdam

419 2417 596 2462 autem
629 2405 683 2458 in
714 2403 1104 2458 contumeliam.
1145 2401 1324 2455 Aurea
1376 2415 1507 2456 sane
1551 2416 1702 2462 vasa,
1746 2403 1849 2456 hoc
1905 2411 1988 2456 est

421 2497 718 2553 virtutibus
757 2495 982 2564 compti,
1035 2495 1098 2547 ad
1153 2493 1463 2557 honorem;
1519 2493 1694 2562 lignea
1758 2508 1887 2550 vero
1926 2510 1988 2548 ac

422 2599 679 2655 testacea,
715 2587 818 2642 hoc
851 2597 934 2642 εει
995 2584 1266 2648 scelerati,
1289 2584 1354 2638 ad
1382 2584 1732 2653 ignominiam
1765 2601 1990 2641 servan-

421 2690 534 2736 tur.
567 2680 684 2734 Non
744 2686 922 2733 autem
978 2675 1140 2742 dixit,
1175 2676 1227 2729 in
1259 2689 1421 2728 usum
1478 2681 1533 2728 et
1590 2675 1936 2732 inutilitatem
1972 2692 1986 2728 :

420 2770 573 2841 pravi
599 2768 741 2824 enim
766 2767 871 2822 etsi
906 2781 1014 2821 non
1055 2767 1123 2822 ad
1152 2766 1449 2829 virtutem,
1482 2764 1550 2820 ad
1579 2767 1768 2820 mundi
1809 2774 1987 2822 tamen

419 2862 870 2918 constitutionem
909 2859 1071 2917 utiles
1101 2867 1248 2925 sunt,
1294 2867 1349 2912 et
1374 2857 1442 2916 ad
1473 2858 1738 2929 quasdam
1769 2859 1989 2934 dispen-

424 2953 691 3015 sationes,
715 2959 773 3005 ut
804 2950 1037 3007 Pharao.

497 3043 658 3098 Vens.
687 3045 776 3098 2L
806 3044 866 3098 Si
886 3046 1002 3114 quis
1028 3060 1148 3116 ergo
1167 3045 1526 3101 emundaverit
1552 3063 1606 3102 se
1634 3047 1858 3116 abistis,
1889 3049 1988 3102 erit

417 3154 512 3193 vos
557 3137 612 3190 in
659 3137 906 3189 honorem
937 3137 1348 3205 sanctiﬁcatum.
1396 3138 1802 3195 Animadvertis
1843 3139 1988 3210 quod

2090 1953 2274 2020 φησιν,
2312 1951 2374 2003 ού
2399 1950 2522 2020 ⁸γόιρ
2553 1950 2650 2020 τὴν
2697 1951 3052 2016 Ἐκκλησίαν·
3095 1951 3154 2004 ιν
3176 1950 3346 2024 ταύτῃ
3384 1949 3492 2022 γ’ἆρ
3519 1953 3671 2006 οὐδὲν

2091 2041 2300 2104 ξύλινον
2331 2035 2469 2095 εἶναι
2506 2040 2779 2112 βούλεται,
2805 2041 2942 2094 ἀλλὰ.
2969 2042 3145 2094 πάντα
3169 2044 3349 2111 χρυσᾶ
3379 2036 3471 2096 καὶ
3499 2046 3671 2114 ἀργυ-

2092 2133 2182 2202 ρᾶ,
2233 2132 2364 2185 ἔνθα
2423 2133 2584 2203 σᾶμα
2639 2133 2900 2207 Χριστοῦ,
2953 2132 3081 2186 ἔνθα
3129 2134 3408 2204 Παρθένος
3443 2137 3484 2165 ²¹
3513 2135 3588 2206 μὴ
3613 2135 3670 2188 ἐ-

2089 2241 2261 2294 χουσα
2287 2224 2516 2279 σπίλον..

2160 2311 2271 2366 Καὶ
2322 2313 2360 2366 ἂ
2396 2314 2508 2382 μέν
2563 2315 2735 2368 ἐστιν
2773 2317 2860 2382 εἷς
2893 2317 3092 2386 τιμὴν,
3121 2315 3158 2370 ἂ
3181 2316 3249 2370 δὲ
3284 2319 3370 2383 εἰς
3399 2319 3666 2388 ἀτιμίαν.

2092 2404 2170 2456 Τὰ
2204 2406 2304 2472 μὲν
2333 2405 2536 2475 χρυσᾶ,
2587 2405 2708 2475 ἦτοι
2765 2408 2815 2458 ot
2866 2409 3131 2478 ὲνάρετοι,
3173 2411 3254 2472 είς
3281 2411 3451 2480 τιμήν
3473 2426 3488 2441 ⁶
3520 2411 3586 2463 τὰ
3612 2411 3668 2464 δὲ

2092 2493 2276 2558 ξύλινα
2297 2497 2392 2548 καὶ
2420 2496 2740 2566 ὀστράκινα,
2765 2502 3064 2566 τουτέστιν,
3100 2503 3148 2554 ei
3187 2502 3399 2570 φαῦλοι,
3438 2504 3517 2567 είς
3551 2505 3670 2557 ἀτι-

2092 2586 2245 2654 μίαν.
2295 2587 2408 2639 Ούκ
2432 2582 2553 2639 εἷπε
2599 2589 2676 2652 δὲ,
2703 2590 2782 2651 εἰς
2823 2591 3020 2660 χρῆσιν
3047 2592 3140 2646 καὶ
3169 2593 3493 2664 ἀχρηστίαν,
3531 2595 3668 2647 διότι

2090 2676 2187 2728 καὶ
2218 2677 2267 2728 ei
2292 2677 2507 2746 φαῦλοι,
2545 2680 2593 2730 εί
2628 2679 2721 2732 καὶ
2754 2680 2828 2750 μὴ
2860 2681 2995 2750 πρὸς
3022 2683 3244 2752 ἀρετὴν,
3277 2684 3412 2738 ἀλλά
3429 2701 3491 2754 γε
3525 2686 3665 2755 πρὸς

2088 2767 2188 2836 τὴν
2223 2771 2317 2820 τοῦ
2358 2769 2562 2837 κόσμου
2595 2770 2781 2835 ἁπλῶς
2831 2771 3089 2826 σύστασιν
3128 2777 3544 2847 χρησιμεύουσι,
3576 2777 3668 2831 καὶ

2089 2859 2226 2929 πρός
2256 2878 2408 2926 τινας
2433 2861 2490 2914 δὲ
2529 2862 2862 2933 οἰκονομίας,
2891 2864 2965 2928 ὡς
2987 2867 3017 2921 ό
3035 2866 3258 2939 Φαραώ.

2173 3051 2315 3106 Ἐὰν
2344 3048 2460 3108 οὖν
2485 3070 2574 3120 τις
2603 3053 2904 3125 ἐκκαθάρῃ
2933 3055 3153 3111 ἑαυτὸν
3189 3057 3309 3112 ἀπὸ
3341 3058 3568 3113 τούτων
3595 3057 3663 3125 “,

2088 3145 2262 3198 ἔσται
2316 3146 2539 3212 σκεῦος
2575 3149 2663 3213 εις
2715 3148 2896 3217 τιμὴν
2938 3149 3328 3219 ἡγιασμένον.
3374 3153 3534 3224 Ὁρᾷς
3583 3155 3665 3206 ὃτι

419 3245 532 3285 non
563 3235 650 3284 est
692 3236 918 3294 naturae,
962 3244 1140 3300 neque
1189 3231 1488 3287 materialis
1530 3231 1898 3300 necessitatis,
1930 3242 1987 3287 ut

2091 3234 2151 3287 οὐ
2187 3233 2400 3303 φύσεώς
2432 3237 2602 3300 ἐστιν,
2655 3237 2775 3291 οὐδὲ
2809 3239 2908 3306 τῆς
2955 3239 3147 3310 ὑλικῆς
3189 3241 3457 3313 ἀνάγκης,
3490 3242 3564 3306 ὡς
3613 3245 3665 3296 οἱ

420 3321 703 3376 Manichaei
728 3321 940 3386 dicunt,
965 3335 1084 3377 esse
1111 3336 1338 3378 aureum
1363 3337 1430 3378 ac
1471 3331 1766 3379 testaceum
1799 3339 1980 3394 quent-

420 3415 590 3486 piam,
647 3410 741 3467 sed
794 3410 1091 3466 voluntatis
1135 3411 1390 3466 nostrae?
1440 3410 1593 3468 Licet
1635 3415 1780 3468 enim
1812 3415 1987 3470 cuivis

419 3507 659 3574 seipsum
699 3503 1027 3569 emundare,
1066 3502 1170 3558 hoc
1192 3513 1296 3566 est,
1349 3504 1588 3573 perfecte
1637 3505 1903 3560 mundare
1956 3520 1987 3559 a

422 3605 662 3652 testacea
695 3609 759 3649 ac
792 3596 969 3664 lignea
1003 3589 1302 3658 voluntate,
1329 3607 1660 3664 aureamque
1690 3603 1744 3648 et
1795 3611 1989 3666 argen-

419 3696 564 3745 team
585 3687 818 3742 ellicere.
853 3684 1055 3740 Paulus
1086 3691 1203 3738 erat
1241 3691 1537 3750 testaceus,
1581 3686 1677 3740 sed
1706 3686 1884 3742 factus
1905 3696 1989 3741 est

421 3793 665 3835 aureus:
717 3776 886 3833 Judas
914 3788 1106 3831 contra
1139 3791 1342 3833 aureus
1371 3787 1509 3843 erat,
1549 3777 1644 3832 sed
1683 3778 1860 3834 laetus
1902 3789 1986 3836 est

424 3878 720 3932 testaceus.
746 3868 912 3939 Atqui
944 3868 990 3925 si
1019 3878 1255 3924 testacea
1283 3869 1682 3940 vituperantur,
1713 3873 1987 3941 quomodo

417 3961 525 4017 alio
565 3961 619 4015 in
655 3960 776 4014 loco
801 3959 968 4013 dicit:
1007 3958 1274 4013 Habentes
1308 3961 1611 4014 thesaurum
1642 3960 1778 4014 hunc
1799 3962 1852 4014 in
1892 3977 1988 4014 va.

418 4054 496 4108 sis
541 4052 791 4120 ﬁctilibus
815 4049 861 4082 "‘
890 4050 914 4103 ?
956 4050 1070 4104 Illic
1099 4050 1166 4105 de
1199 4052 1449 4120 corporis
1479 4060 1674 4107 natura
1723 4054 1982 4123 loquitur.

419 4141 888 4209 Quemadmodum
944 4140 1088 4193 enim
1144 4147 1286 4194 testa
1335 4139 1471 4194 nihil
1511 4150 1598 4196 est
1641 4142 1788 4197 aliud
1823 4153 1986 4214 atque

420 4233 594 4286 lutum
650 4229 1028 4292 torrefactum,
1083 4229 1164 4285 sic
1222 4239 1276 4284 et
1315 4244 1515 4300 corpus
1557 4241 1801 4286 nostrum
1850 4233 1984 4288 nihil

418 4322 570 4378 aliud
599 4329 684 4378 est
722 4319 1086 4390 atquelutum
1127 4321 1324 4375 anima:
1348 4329 1532 4378 calore
1561 4323 1859 4379 ﬁrma—tum.
1885 4324 1985 4381 Hic

418 4424 602 4468 autem
635 4413 702 4468 de
736 4413 1021 4468 voluntate
1051 4413 1314 4483 loquitur.
1892 4439 1894 4442 ν

489 4505 560 4560 Et
605 4505 736 4560 utile
773 4505 1258 4576 Domino..Lignea
1297 4505 1461 4576 igitur
1493 4506 1708 4563 inutilia
1756 4517 1883 4564 sunt
1914 4507 1983 4563 ad

417 4598 749 4669 pracipuqu
790 4613 1015 4666 scopum
1050 4595 1274 4650 .Domini
1323 4595 1440 4664 Dei,
1491 4600 1581 4668 qui
1629 4600 1744 4654 vult
1792 4614 1984 4656 omnes

417 4688 664 4743 homines
695 4687 875 4742 salvos
906 4687 1020 4741 fieri
1047 4725 1061 4752 ,
1100 4687 1311 4742 etiamsi
1345 4689 1455 4742 alia
1479 4691 1714 4759 quadam
1749 4692 1982 4756 ratione,

414 4788 476 4832 ut
502 4778 704 4833 dictum
724 4785 840 4843 est,
873 4779 1027 4832 utilia
1055 4793 1179 4834 esse
1207 4779 1522 4846 videantur.

484 4869 570 4925 Ad
593 4885 743 4924 omne
765 4885 892 4938 opus
937 4869 1128 4925 bonum
1160 4880 1428 4939 paratum.
1470 4869 1585 4926 Hoc
1625 4880 1729 4937 est,
1765 4873 1984 4927 etiamsi

415 4971 636 5032 tempus
674 4962 758 5016 vel
806 4962 1186 5031 opportunitas
1223 4963 1418 5032 agendi
1471 4977 1578 5016 non
1634 4964 1983 5028 fuerit,atta-

417 5068 538 5106 men
599 5062 848 5122 paratum
893 5054 1006 5107 erit
1059 5053 1184 5108 sive
1234 5053 1301 5108 ad
1349 5055 1694 5124 martyrium,
1750 5055 1865 5110 sive
1914 5057 1984 5111 ad

414 5143 803 5211 virginitatem.

485 5231 651 5288 Vsus.
680 5235 769 5287 ‘22.
806 5233 1073 5288 Juvenilia
1097 5243 1270 5288 autem
1300 5235 1562 5289 desideria
1589 5237 1729 5306 fuge.
1763 5237 1986 5294 Juveni-

410 5323 492 5380 les
532 5325 856 5392 cupiditates
891 5342 997 5380 non
1028 5327 1200 5381 solius
1237 5326 1613 5383 fornicationis
1640 5341 1981 5396 sunt,verum

411 5418 575 5469 etiam
592 5419 772 5470 omnis
790 5417 1028 5472 absurda
1057 5418 1524 5486 concupiscentia,
1551 5419 1668 5475 sive
1695 5421 1982 5493 imperium

479 5567 523 5601 “
553 5567 595 5622 ΙΙ
617 5568 744 5625 Cor.
780 5586 852 5634 tv,
891 5574 948 5626 4.

2089 3326 2378 3394 Μανιχαίοί
2430 3344 2584 3397 φασι,
2635 3328 2697 3381 τὸ
2754 3325 2896 3383 εἶναι
2932 3330 3167 3401 χρυσοῦν
3222 3331 3255 3402 ἦ
3317 3333 3663 3404 όστράκινον,

2089 3415 2225 3470 ἀλλὰ
2272 3418 2373 3486 τῆς
2402 3419 2777 3491 προαιρέσεως
2809 3420 3007 3491 ήμῶν;
3039 3420 3255 3486 Ἔξεστι
3305 3425 3412 3494 γὰρ
3451 3425 3666 3497 ἑκάστῳ

2089 3507 2281 3561 ἑαυτὸν
2307 3509 2678 3580 ἐκκαθαίρειν,
2702 3512 2974 3576 τουτέστι,
3011 3513 3234 3578 τελείως
3263 3515 3663 3589 ἀποκαθαίρειν

2088 3599 2196 3652 ἀπὸ
2228 3601 2328 3670 τῆς
2363 3600 2694 3672 όστρακίνης
2729 3604 2820 3656 καὶ
2866 3603 3081 3675 ξυλίνης
3121 3607 3519 3676 προαιρέσεως,
3568 3610 3664 3662 καὶ

2088 3691 2297 3762 χρυσῆν
2325 3693 2419 3745 καὶ
2445 3694 2692 3764 ἀργυρᾶν
2731 3694 3086 3766 ἐγκαθιστᾷν.
3128 3698 3185 3750 'U
3229 3697 3440 3761 Παῦλος
3458 3699 3662 3766 ὀστρά-

2089 3797 2236 3846 κινος
2273 3778 2362 3853 ἦν,
2387 3783 2502 3838 ἀλλ’
2525 3785 2746 3852 ἐγένετο
2770 3787 3004 3856 χρυσοῦς
3027 3803 3040 3817 ·
3069 3787 3312 3852 όἹούδας
3325 3791 3557 3861 χρυσοῦς
3573 3788 3664 3863 ἦν,

2088 3873 2202 3927 ἀλλ’
2217 3873 2796 3952 ἐγένετο-ὀστράκινος.
2815 3877 2878 3930 Εἰ
2900 3873 2992 3931 οὖν
3016 3877 3365 3949 διαϐέϐληται
3385 3881 3454 3934 τὰ
3470 3882 3667 3952 ὀστρά-

2088 3981 2232 4031 κινα,
2257 3965 2372 4028 πῶς
2420 3967 2656 4037 ἀλλαχοῦ
2695 3985 2858 4043 φησιν
2883 3970 3156 4040 ’ἔχοντες
3221 3974 3326 4026 τὸν
3357 3974 3668 4042 θησαυρὸν

2087 4055 2306 4110 τοῦτον
2315 4055 2386 4109 ἐν
2401 4057 2786 4126 ὀστρακίνοις
2809 4063 3102 4117 σκεύεσιν
3111 4079 3134 4128 ,'
3151 4062 3298 4118 Ἐκεῖ
3311 4082 3376 4117 πε
3387 4067 3438 4134 pi.
3457 4066 3554 4135 τῆς
3570 4066 3664 4120 τοῦ

2089 4149 2341 4220 σώματος
2375 4150 2592 4220 φύσεώς
2622 4155 3028 4226 φησιν.⁹Ωσπερ
3047 4156 3155 4227 γὰρ
3186 4157 3248 4211 τὸ
3273 4157 3541 4229 ὄστρακον
3574 4161 3667 4212 ού-

2086 4241 2176 4296 δὲν
2207 4243 2336 4297 ἄλλο
2363 4245 2516 4300 ἐστὶν
2545 4245 2576 4315 ἦ
2605 4245 2776 4314 πηλὸς
2792 4247 3136 4317 ὠπτημένος,
3167 4246 3310 4303 οὕτω
3340 4250 3435 4304 καὶ
3459 4251 3519 4303 τὸ
3553 4250 3664 4303 σῶ-

2090 4335 2340 4405 μαὴμῶν
2368 4336 2522 4390 οὐδὲν
2552 4337 2680 4390 ἄλλο
2711 4337 2938 4408 ἣπηλὸς
2976 4342 3041 4410 τῇ
3088 4339 3387 4412 θερμότητι
3431 4343 3526 4412 τῆς
3557 4343 3662 4413 ψυ-

2087 4424 2189 4494 χῆς
2212 4426 2432 4496 στερεοῦ
2440 4444 2620 4496 μενος.
2639 4427 2903 4483 Ἐνταῦθα
2925 4431 2981 4483 δὲ
2999 4449 3060 4483 πε
3070 4435 3124 4502 pi.
3143 4433 3242 4502 τῆς
3266 4435 3662 4504 προαιρέσεως.

2161 4518 2278 4574 Καὶ
2314 4518 2656 4588 εὔχρηστον
2688 4520 2768 4587 τῷ
2812 4523 3110 4590 Δεσπότῃ.
3146 4525 3289 4595 Ἀρα
3324 4522 3418 4578 οὖν
3467 4527 3536 4578 τὰ
3575 4527 3666 4591 ξύ-

2090 4603 2212 4659 λινα
2231 4606 2480 4678 ἄχρηστὰ
2502 4611 2610 4664 εισι
2634 4613 2770 4682 πρὸς
2792 4613 2883 4666 τὸν
2906 4614 3317 4686 προηγούμενον
3348 4618 3547 4671 σκοπὸν
3567 4617 3663 4672 τοῦ

2092 4697 2365 4751 Δεσπότου
2409 4700 2571 4770 Θεοῦ,
2627 4704 2774 4766 ὅστις
2808 4703 2951 4757 θέλει
2989 4707 3196 4770 πάντας
3227 4708 3486 4777 σωθῆναι,
3537 4710 3660 4777 κᾶν,

2091 4787 2167 4850 ὡς
2197 4788 2434 4858 εἴρηται,
2465 4793 2664 4847 δοκῶσι
2706 4794 2829 4848 κατ’
2865 4796 3024 4849 ἄλλον
3051 4798 3248 4869 τρόπον
3280 4802 3659 4872 χρησιμεύειν.

2160 4881 2265 4944 Εἰς
2284 4879 2406 4936 πᾶν
2425 4883 2602 4953 ἔργον
2625 4886 2851 4954 ἀγαθὸν
2868 4889 3331 4958 ἡτοιμασμένον.
3378 4892 3657 4957 Τουτέστι,

2091 4969 2196 5026 κᾶν
2231 4971 2308 5043 μὴ
2334 4977 2520 5044 καιρὸς
2549 4979 2745 5047 ἐπιστῇ
2773 4979 2867 5033 τοῦ
2889 4982 3122 5050 πρᾶξαι,
3154 4983 3301 5056 ὅμως
3329 4985 3547 5053 ἕτοιμον
3569 4990 3661 5036 καὶ

2090 5067 2612 5136 παρεσκευασμένον
2665 5069 2840 5138 ἔσται,
2875 5071 2980 5125 κᾶν
3011 5071 3148 5141 πρὸς
3194 5075 3522 5148 μαρτυρίαν,
3559 5075 3662 5131 κᾶν

2087 5157 2224 5226 πρὸς
2249 5158 2564 5228 παρθενίαν.

2165 5246 2274 5312 Τὰς
2312 5247 2381 5302 δὲ
2418 5253 2766 5320 νεωτερικὰς
2804 5255 3123 5328 ἐπιθυμίας
3151 5259 3355 5330 φεῦγε.
3392 5262 3662 5335 New-rapt-

2088 5337 2182 5391 καὶ
2217 5339 2532 5410 ἐπιθυμίαι,
2567 5345 2664 5415 οὐχ
2689 5346 2745 5399 αἱ
2774 5347 2872 5418 τῆς
2903 5350 3157 5419 πορνείας
3186 5353 3369 5421 μόνον,
3402 5354 3538 5407 ἀλλὰ
3569 5356 3662 5408 καὶ

2092 5430 2242 5482 πᾶσα
2272 5432 2473 5496 ἄτοπος
2499 5435 2784 5508 ἐπιθυμία,
2816 5439 2923 5495 κᾶν
2948 5441 3266 5509 δυναστείας
3293 5447 3392 5516 ἐρᾷ
3425 5464 3529 5512 τις,
3560 5447 3662 5503 κᾶν

1748 5695 1948 5759 Variae
1971 5695 2304 5762 lectiones.

470 5784 518 5817 ³³
541 5783 801 5856 παρθενία
828 5798 882 5839 ο.
959 5787 1002 5819 ³³
1031 5784 1136 5844 τῶν
1164 5790 1418 5846 τοιούτων
1449 5805 1510 5844 ο.
