4078 6442
404 421 506 485 HS

473 532 535 590 Si
553 534 767 605 quando
792 532 993 587 dederit
1012 531 1088 587 eis
1122 531 1260 586 Deus
1292 531 1655 599 preuitentium
1681 530 1750 583 ad
1777 546 1973 601 coguo-
2000 528 2053 586 A

399 628 646 682 scendam
684 626 981 680 veritatem.
1039 622 1311 690 Fortasse,
1362 623 1560 692 inquit,
1604 622 1972 693 corrigentur.

402 720 551 775 istud
607 725 813 781 autem,
868 718 1120 788 fortasse,
1170 718 1238 774 de
1280 717 1506 772 incertis
1539 725 1623 772 est
1667 729 1731 770 ac
1769 715 1972 771 dubiis.

403 811 637 866 Proinde
665 811 737 865 ab
765 809 834 867 iis
876 811 970 882 qui
1001 809 1292 867 manifeste
1317 819 1449 866 sunt
1470 806 1809 864 insanabiles
1844 807 1973 862 abs-

401 902 686 958 tinendum
747 911 882 959 est:
924 901 994 958 de
1041 916 1276 973 quorum
1316 911 1497 959 amem
1554 901 1735 958 salute
1796 901 1977 956 adhuc

400 995 710 1061 haesitatur,
739 995 1011 1050 correctio
1039 1002 1123 1050 est
1161 993 1440 1050 tentanda.
1472 993 1647 1050 Porro
1676 993 1767 1050 hic
1795 1001 1974 1048 tecum

401 1096 618 1158 reputa,
649 1086 925 1157 quomodo
952 1086 1160 1141 docens
1189 1083 1454 1141 humilem
1487 1084 1684 1141 mentis
1718 1083 1975 1141 aﬂ’ectum

400 1195 508 1235 non
543 1180 767 1245 dixerit,
809 1178 1046 1235 fortasse
1084 1179 1288 1249 pessis,
1333 1176 1455 1244 sed,
1500 1177 1732 1248 fortasse
1773 1177 1978 1233 dederit

396 1274 471 1327 eis
499 1273 757 1327 Dominus
785 1272 1112 1341 resipiscere.
1139 1270 1201 1326 Et
1224 1271 1269 1327 si
1290 1270 1421 1343 quid
1441 1271 1743 1341 contingat,
1764 1270 1978 1326 Domini

402 1375 505 1430 est,
544 1365 725 1437 inquit
759 1408 774 1433 ,
815 1374 871 1420 ιιι
912 1364 1100 1436 itaque
1151 1380 1220 1421 ne
1269 1364 1544 1421 attollere.
1605 1363 1976 1431 Quamobrem

396 1459 498 1515 (ιιεί
550 1458 793 1527 cuipiam
833 1471 935 1513 nos
983 1456 1452 1528 persuaserimus,
1481 1470 1553 1511 ne
1596 1455 1980 1511 existimemus

400 1550 549 1623 quod
580 1550 687 1621 ipsi
730 1551 1188 1621 persuadeamus.

470 1644 636 1700 Vsus.
672 1643 761 1699 26.
815 1643 883 1697 Et
915 1645 1236 1712 resipiscam
1291 1660 1323 1698 a
1361 1642 1564 1698 diaboli
1610 1643 1818 1713 laqueo.
1851 1638 1979 1695 Hatc

397 1751 509 1791 non
535 1737 603 1793 de
629 1737 882 1793 doctrina
915 1744 1149 1803 tantum,
1178 1751 1369 1792 rerum
1397 1736 1562 1791 etiam
1591 1735 1659 1792 de
1686 1734 1797 1790 vita
1820 1733 1980 1789 intel-

1323 417 1908 479 THEOPHY‘LACTI
1941 404 2377 476 BULGARIzE
2401 412 2762 474 ARCHIEP.

3554 414 3576 470 ι
3592 408 3658 473 lli

2146 527 2243 595 Μή
2290 538 2435 579 ποτε
2483 524 2569 590 δῷ
2637 523 2843 591 αὐτοῖς
2894 526 2929 579 d
2987 524 3133 590 Θεὸς
3183 522 3539 594 μετάνοιαν,
3578 528 3667 590 εἰς

2081 618 2413 688 ἐπίγνωσιν
2436 617 2747 685 ἀληθείας.
2778 615 2961 680 Ἴσως,
2993 617 3182 685 φησὶν,
3212 615 3368 669 ἔσται
3407 633 3493 678 τις
3519 615 3666 687 διόρ-

2081 711 2267 776 θωσις.
2297 711 2371 765 Τὸ
2394 710 2473 774 δὲ,
2510 711 2677 777 ἴσως,
2711 710 2806 763 ἐπὶ
2831 709 2941 763 τῶν
2970 708 3181 778 ἀδήλων
3223 709 3343 763 ιστί
3372 708 3468 763 καὶ
3489 710 3666 779 ἀμφι·
3748 751 3760 759 .

2081 803 2273 857 δόλων.
2306 803 2471 867 ’Ὥστε
2500 802 2612 857 τῶν
2646 802 2744 873 μὲν
2765 801 3048 873 προδήλως
3069 802 3306 856 ἀνιάτων
3333 801 3667 870 ἀφίστασθαι

2080 898 2222 968 χρήο
2255 896 2384 960 τοὺς
2431 896 2489 951 δὲ
2523 895 2865 969 ἀμφιϐόλους
2898 896 3194 968 πειρᾶσθαι
3228 895 3496 966 διορθοῦν.
3522 892 3665 964 Ὅρα

2079 991 2138 1043 δὲ
2176 989 2295 1054 πῶς
2326 989 2596 1044 διδάσκων
2633 990 3105 1060 ταπεινοφρονεῖν,
3137 987 3240 1042 οὐκ
3264 984 3410 1052 εἷπε,
3452 987 3666 1057 μήποτε

2079 1083 2339 1156 δυνηθῇς,
2369 1082 2528 1146 ἀλλὰ,
2568 1083 2780 1154 μήποτε
2809 1081 2886 1153 δῷ
2913 1082 3103 1145 αὐτοῖς
3129 1080 3338 1151 Κύριος
3368 1078 3664 1147 ἀνανῆψαι.

2080 1175 2201 1230 Κᾶν
2220 1174 2452 1247 γένηταί
2478 1193 2554 1243 τι,
2587 1175 2744 1247 φησὶ,
2776 1173 2872 1229 τοῦ
2902 1172 3113 1244 Κυρίου
3143 1171 3283 1238 ἐστὶ,
3314 1171 3381 1225 σὺ
3412 1171 3488 1242 μὴ
3506 1168 3669 1222 ἔπαι-

2085 1286 2201 1340 ρου.
2237 1268 2403 1323 Ὥστε
2443 1267 2548 1322 κᾶν
2577 1266 2860 1338 πείσωμέν
2900 1283 3024 1323 τινα
3062 1264 3160 1321 καὶ
3190 1266 3377 1337 ἡμεῖς,
3415 1261 3491 1335 μὴ
3515 1262 3673 1317 λονιο

2082 1359 2307 1431 ζῶμεθα
2328 1359 2406 1424 ὡς
2433 1360 2588 1415 αὐτοὶ
2608 1359 2892 1431 πείθομεν.

2154 1636 2264 1690 Καὶ
2297 1633 2701 1703 ἀνανήψωσιν
2718 1632 2789 1685 ἐκ
2812 1632 2924 1701 τῆς
2951 1630 3060 1686 τοῦ
3086 1630 3372 1687 διαϐόλου
3392 1630 3674 1700 παγίδος.

2083 1727 2269 1781 Ταῦτα
2300 1725 2375 1797 μὴ
2406 1726 2536 1796 περὶ
2566 1724 2855 1796 δογμάτων
2885 1724 3072 1792 μόνον,
3105 1723 3245 1778 ἀλλὰ
3266 1725 3361 1777 καὶ
3391 1727 3524 1794 περὶ
3551 1722 3675 1793 βίου

398 1829 523 1898 liga.
557 1825 616 1882 In
650 1828 846 1899 laqueo
868 1843 1104 1899 namque
1129 1828 1293 1900 607
1322 1826 1525 1883 diaboli
1549 1834 1679 1883 sunt
1701 1826 1977 1892 homines,

2082 1819 2217 1874 νόει.
2254 1818 2347 1873 Ἐν
2365 1820 2431 1889 τῇ
2467 1817 2658 1887 παγῖδι
2691 1815 2799 1887 γὰρ
2825 1815 2921 1870 τοῦ
2944 1816 3195 1871 διαϐόλου
3219 1815 3360 1870 εἰσιν
3388 1816 3439 1870 οἱ
3464 1816 3677 1886 ἄνθρω-

398 1932 503 1971 uon
551 1917 727 1973 solum
783 1918 1101 1989 dogmatum
1166 1933 1352 1985 causa,
1383 1934 1576 1975 verum
1608 1918 1775 1973 etiam
1828 1918 1975 1973 vitae.

395 2009 662 2074 Quocirca
714 2017 769 2065 et
826 2010 921 2080 qui
982 2010 1134 2066 circa
1190 2011 1355 2066 vitam
1398 2010 1680 2076 labuntur,
1706 2007 1979 2080 patienter

397 2098 708 2170 corrigendi
741 2107 891 2155 sunt.
929 2097 997 2155 Ut
1038 2100 1182 2155 enim
1224 2114 1439 2170 passer,
1471 2098 1688 2155 etiamsi
1720 2112 1827 2152 una
1854 2107 1980 2153 tan-

395 2200 510 2246 tum
538 2198 718 2264 parte,
753 2192 891 2263 pede
922 2174 1219 2257 nimirum,
1247 2192 1621 2254 contineatur,
1648 2193 1702 2245 in
1732 2191 1854 2262 ejus
1877 2205 1976 2263 po-

394 2290 595 2338 testate
619 2292 704 2339 est
734 2284 830 2353 qui
863 2283 1122 2354 laqueum
1166 2283 1327 2339 ﬁxit:
1366 2284 1711 2339 consimilem
1755 2283 1821 2339 ad
1858 2298 1980 2338 mo-

406 2377 533 2430 dum
556 2383 611 2431 et
641 2390 765 2441 nos,
796 2375 1013 2430 etiamsi
1036 2391 1143 2430 non
1186 2376 1455 2446 utrisque,
1496 2375 1601 2431 hoc
1638 2383 1743 2441 est,
1777 2376 1882 2431 ﬁde
1924 2384 1981 2431 et

396 2467 505 2521 vita
532 2466 877 2522 detineamur
903 2505 917 2532 ,
942 2465 1038 2522 sed
1084 2466 1261 2521 solum
1304 2467 1438 2530 vita,
1475 2467 1529 2522 in
1566 2474 1835 2537 potestate
1865 2468 1981 2522 dia-

396 2557 505 2612 boli
536 2571 750 2612 sumus.

466 2646 510 2699 Α
543 2663 646 2716 quo
686 2646 882 2715 captivi
924 2654 1166 2701 tenentur
1209 2648 1279 2701 ad
1319 2649 1486 2718 ipsius
1529 2648 1874 2704 voluntatem.
1918 2648 1976 2703 In

399 2754 607 2805 errore,
653 2740 853 2811 inquit,
901 2748 1117 2803 natant,
1169 2742 1264 2797 sed
1294 2743 1436 2813 capti
1476 2757 1506 2797 a
1539 2742 1651 2799 Deo
1696 2742 1763 2798 ad
1801 2741 1978 2813 ipsius

397 2830 756 2895 voluntatem,
807 2828 861 2883 id
907 2839 992 2884 est
1048 2828 1169 2895 Dei,
1220 2829 1455 2887 fortasse
1514 2831 1840 2903 resipiscent
1910 2833 1980 2887 ab

396 2919 558 2987 aquis
587 2918 818 2974 erroris.
850 2916 1124 2975 Voluntas
1160 2928 1344 2977 autem
1379 2919 1471 2976 Dei
1501 2930 1607 2989 est,
1648 2937 1760 2977 non
1798 2922 1975 2978 solum

396 3010 641 3074 «ra-edere,
679 3024 870 3065 verum
904 3013 1067 3066 etiam
1112 3020 1257 3067 recte
1292 3013 1494 3068 vivere.
1534 3013 1719 3080 Quare
1765 3015 1834 3070 de
1868 3017 1978 3071 vita

395 3101 561 3156 etiam
610 3101 727 3157 haec
791 3103 1053 3175 intellige,
1088 3119 1196 3158 non
1246 3105 1422 3160 solum
1496 3106 1564 3161 de
1603 3106 1974 3178 dogmatibus.

2082 1928 2197 1977 ποι,
2229 1913 2292 1966 οὐ
2323 1910 2616 1982 δογμάτων
2673 1908 2882 1974 ἕνεκεν,
2912 1908 3048 1962 ἀλλὰ
3075 1909 3171 1963 καὶ
3204 1908 3343 1979 βίου.
3376 1907 3542 1961 Ὥστε
3577 1907 3678 1963 καὶ

2068 2003 2209 2067 τεοὺς
2255 2002 2386 2073 περὶ
2419 2000 2510 2055 τὸν
2546 1998 2665 2072 βίον
2694 1999 3106 2070 σφαλλομένους
3133 1998 3476 2066 ἀνεξικάκως
3523 1996 3678 2067 διορ-

2080 2093 2311 2148 θοῦσθαι
2340 2092 2441 2146 δεῖ.
2485 2091 2574 2154 Ὧς
2605 2090 2714 2161 γὰρ
2744 2089 2774 2142 ὀ
2822 2090 3106 2162 στρουθὸς,
3156 2089 3264 2143 κᾶν
3302 2088 3364 2155 ἐξ
3416 2088 3535 2152 ἑνδς
3575 2086 3680 2157 μέ-

2085 2203 2233 2257 ρους,
2253 2183 2352 2239 τοῦ
2402 2183 2562 2247 ποδὸς
2585 2183 2753 2253 λέγω,
2786 2182 3112 2253 κατέχηται,
3142 2182 3248 2236 ὑπὸ
3281 2182 3384 2254 τὴν
3420 2179 3680 2248 ἐξουσίαν

2076 2279 2201 2334 ἐστὶ
2241 2278 2339 2333 τοῦ
2390 2278 2493 2350 τὴν
2525 2276 2731 2347 παγίδα
2773 2263 3074 2348 στήσαντος
3101 2292 3117 2308 ο
3155 2274 3299 2330 οὕτω
3332 2276 3430 2329 καὶ
3484 2276 3679 2346 ἡμεῖς,

2080 2370 2184 2424 κᾶν
2213 2369 2289 2442 μὴ
2314 2368 2376 2434 ἐξ
2404 2370 2632 2441 ἀμφοῖν,
2674 2367 2909 2429 πίστεως
2942 2365 3091 2435 λέγω
3139 2366 3233 2420 καὶ¹
3263 2365 3402 2439 βίου,
3427 2361 3684 2435 κατεχώ-

2085 2461 2249 2533 μεθα,
2304 2462 2422 2516 ἀλλ’
2457 2460 2524 2514 ἐκ
2571 2458 2668 2513 τοῦ
2706 2459 2822 2530 βίου
2880 2459 3067 2529 μόνου,
3120 2458 3228 2513 ὑπὸ
3264 2458 3366 2530 τὴν
3420 2456 3682 2525 ἐξουσίαν

2081 2557 2251 2627 ἐσμὲν
2280 2553 2374 2609 τοῦ
2401 2553 2675 2609 διαϐόλου.

2164 2646 2590 2717 Ἔζωγρημένοι
2612 2646 2718 2700 ὑπ’
2742 2644 2933 2701 αὐτοῦ
2961 2645 3050 2711 εἰς
3070 2642 3137 2698 τὸ
3154 2642 3394 2698 ἐκείνου
3412 2643 3676 2714 θέλημα.

2093 2740 2186 2794 Ἐν
2225 2739 2436 2815 πλάνῃ,
2469 2723 2627 2810 φησὶ,
2652 2740 2941 2810 νήχονται·
2980 2737 3117 2791 ἀλλὰ
3155 2735 3534 2807 ζωγρηθέντες
3567 2734 3682 2789 ὑπὸ

2082 2832 2220 2886 Θεοῦ
2287 2832 2370 2896 εἰς
2420 2830 2482 2885 τὸ
2515 2831 2729 2885 ἐκείνου
2773 2829 3020 2900 θέλημα,
3056 2829 3301 2883 τουτέστι
3348 2828 3443 2881 τοῦ
3501 2827 3668 2895 Θεοῦ,

2084 2922 2219 2988 ῖσως
2271 2922 2646 2994 ἀνανήψουσιν
2715 2923 2822 2977 ἀπὸ
2863 2922 2973 2976 τῶν
3023 2922 3231 2976 ὑδάτων
3284 2921 3384 2993 τῆς
3440 2920 3680 2992 πλάνης.

2078 3015 2310 3087 Θέλημα
2340 3013 2398 3068 δὲ
2426 3014 2521 3069 τοῦ
2573 3014 2735 3080 Θεοῦ,
2766 3015 2828 3067 ού
2876 3014 2935 3067 τὸ
2966 3013 3250 3067 πιστεύειν
3294 3013 3477 3083 μόνον,
3538 3011 3683 3066 ἀλλὰ

2082 3109 2180 3161 καὶ
2203 3107 2267 3161 τὸ
2295 3106 2449 3178 βιοῦν
2481 3107 2857 3178 ὀρθῶς.”Ωστε
2889 3105 3141 3178 καὶπερὶ
3179 3105 3299 3176 βίου
3327 3105 3502 3159 ταῦτα
3537 3107 3679 3171 νόει,

395 3193 630 3258 Quidam
685 3202 865 3251 autem
920 3194 1066 3250 istud
1098 3238 1112 3264 ,
1160 3213 1191 3249 a
1230 3214 1334 3267 quo
1375 3200 1569 3268 captivi
1614 3208 1877 3268 tenentur,
1909 3203 1976 3258 de

2086 3203 2163 3274 μὴ
2194 3203 2356 3273 μόνον
2401 3202 2533 3273 περὶ
2586 3202 2896 3271 δογμάτων.
2950 3201 3109 3265 Τινὲς
3142 3201 3201 3255 δὲ
3233 3201 3315 3264 τὸ,
3353 3197 3683 3269 ἐζωῳημέ..

396 3286 616 3342 diabolo
664 3286 1092 3353 intellexerunt,
1128 3296 1185 3343 et
1220 3289 1433 3359 reliqua
1469 3289 1535 3344 ad
1570 3291 1822 3348 eumdem
1862 3308 1979 3347 mo-

397 3375 548 3433 dum.

1012 3523 1239 3581 CAPUT
1263 3525 1352 3581 111.

469 3648 642 3706 Vens.
675 3651 727 3705 Ι.
771 3650 889 3706 Hoc
927 3661 1106 3708 autem
1127 3655 1283 3718 scito,
1316 3656 1456 3725 quod
1496 3657 1550 3710 in
1584 3657 1768 3713 diebus
1805 3660 1981 3714 novis-

402 3741 551 3794 simis
569 3742 848 3797 instabunt
875 3750 1113 3812 tempora
1143 3746 1467 3815 periculosa.
1506 3744 1647 3814 Quia
1684 3756 1816 3804 tunc
1848 3759 1983 3805 tem-

402 3832 549 3898 poris
602 3833 762 3888 multi
809 3833 1042 3905 improbi
1093 3843 1272 3900 erant,
1295 3852 1363 3892 ne
1409 3838 1479 3894 ob
1519 3838 1621 3896 ista
1655 3838 1981 3895 Timotheus

400 3922 833 3991 rerturbaretur,
893 3925 1146 3994 praedixit
1193 3926 1266 3992 ei,
1336 3924 1405 3980 In
1465 3927 1623 3984 domo
1680 3945 1896 4000 magna,
1926 3936 1982 3985 et

398 4020 594 4068 metera
627 4031 640 4068 :
671 4027 822 4069 nunc
850 4029 984 4070 vero
1011 4016 1108 4081 ait,
1130 4015 1270 4072 tales
1298 4017 1461 4072 etiam
1493 4018 1724 4090 posthac
1742 4019 1977 4078 futuros.

399 4102 712 4168 Quinetiam
741 4104 1086 4174 temporibus
1114 4105 1320 4180 Moysis
1366 4106 1609 4167 Joannes
1638 4121 1693 4166 et
1725 4109 1981 4169 Jambres

401 4197 643 4249 tuerunt.
676 4193 859 4260 Quare
893 4206 1001 4250 non
1032 4203 1120 4253 est
1147 4196 1309 4254 hodie
1339 4214 1481 4255 nova
1513 4200 1705 4258 isthmc
1734 4218 1842 4269 res,
1879 4218 1977 4258 ne-

397 4300 506 4354 que
538 4286 606 4341 ad
651 4294 706 4341 te
751 4302 926 4358 usque
952 4289 1229 4360 pertinget
1261 4299 1497 4348 tantum.
1526 4293 1606 4350 Ne
1635 4294 1804 4365 igitur
1836 4309 1980 4365 αλδινε

399 4374 570 4467 feras.
601 4376 860 4467 Tempora
878 4390 1044 4451 porro
1069 4384 1387 4467 periculosa,
1411 4384 1464 4439 id
1494 4392 1600 4451 est,
1633 4384 1788 4442 valde
1813 4386 1976 4442 mala.

2084 3310 2180 3347 νοι
2203 3294 2307 3348 ὑπ’
2334 3294 2545 3359 αὐτοῦ,
2576 3295 2672 3349 τοῦ
2705 3293 2960 3349 διαϐόλου
3012 3292 3265 3363 ἐνόησαν,
3301 3291 3396 3346 καὶ
3434 3291 3504 3344 τὰ
3548 3290 3682 3362 ἑξῆς

2085 3383 2371 3447 ὡσαύτως.

2682 3530 2934 3583 ΚΕΦᾹΛ.
2969 3530 3044 3585 Γ.

2161 3655 2342 3711 Τοῦτο
2375 3654 2445 3709 δὲ
2477 3656 2756 3725 γίνωσκε,
2784 3655 2875 3709 ὅτι
2905 3655 2974 3710 ἐν
2994 3655 3283 3725 ἐσχάταις
3306 3657 3555 3726 ἡμέραις
3577 3656 3681 3712 ἐν.

2085 3748 2423 3808 στήσονται
2444 3745 2637 3815 καιροὶ
2660 3746 2938 3814 χαλεποί.
2982 3747 3204 3819 Ἐπειδὴ
3228 3748 3416 3802 πολλοὶ
3443 3748 3681 3820 πονηροὶ·

2087 3840 2230 3892 κατὰ
2259 3838 2388 3902 τοὺς
2422 3839 2545 3893 τότε
2574 3839 2805 3910 καιροὺς
2850 3834 2995 3911 ἦσαν
3022 3880 3037 3906 ,
3076 3839 3163 3893 ἵνα
3197 3841 3272 3912 μὴ
3319 3840 3621 3910 Θορυϐῆται
3646 3844 3677 3895 ὀ

2086 3930 2353 4003 Τιμόθεος
2394 3932 2488 3985 ἐπὶ
2537 3931 2772 3996 τούτοις,
2806 3933 3039 4005 προεῖπε
3100 3932 3199 4003 μὲν
3254 3922 3426 4003 αὐτῷ,
3452 3932 3535 3986 ὄτι
3573 3931 3676 3986 Ἐν

2078 4024 2316 4095 μεγάλῃ
2345 4024 2523 4092 οῖκίᾳ,
2549 4025 2645 4079 καὶ
2688 4026 2756 4080 τὰ
2784 4023 2948 4095 ἐξῆςο
2997 4024 3152 4094 λέγει
3197 4022 3253 4078 δὲ
3300 4025 3394 4079 καὶ
3451 4023 3549 4078 νῦν
3593 4024 3677 4078 ὅτι

2088 4113 2229 4184 μετὰ
2273 4113 2451 4168 ταῦτα
2501 4113 2740 4168 ἔσονται.
2785 4113 2948 4169 Ἀλλὰ
2980 4113 3088 4186 μὴν
3119 4116 3214 4169 καὶ
3259 4114 3357 4168 ἐπὶ
3386 4114 3677 4176 Μωῦσέως

2097 4205 2310 4276 Ἰαννῆς
2340 4205 2439 4259 καὶ
2484 4205 2751 4276 Ἰαμϐρῆς
2800 4201 2964 4276 ἦσαν.
2995 4206 3160 4263 Ὥστε
3189 4207 3254 4260 οὐ
3287 4206 3584 4275 κενοφανὲς
3613 4206 3678 4259 τὸ

2084 4295 2484 4368 πρᾶγμα,οὐδὲ
2518 4296 2682 4370 μέχρι
2711 4295 2809 4349 σοῦ
2839 4297 3121 4368 στήσεται.
3147 4297 3240 4369 Μὴ
3271 4298 3455 4353 τοίνυν
3477 4297 3677 4368 δυσχέο

2088 4405 2266 4460 ραινε.
2297 4388 2503 4461 Καιροὶ
2531 4387 2590 4442 δὲ
2613 4388 2867 4460 χαλεποὶ,
2924 4389 3173 4444 τουτέστι
3211 4390 3356 4446 πάνυ
3422 4390 3679 4464 πονηροί.

395 4464 514 4522 Non
542 4466 611 4523 de
633 4466 829 4524 diebus
860 4479 1042 4525 autem
1084 4471 1188 4527 hoc
1216 4464 1632 4547 intelligendum
1667 4484 1773 4544 est,
1812 4479 1830 4544 (
1857 4490 1979 4547 qua:

2084 4481 2158 4533 Οὐ
2194 4480 2323 4550 περὶ
2339 4478 2565 4550 ἡμερῶν
2596 4479 2653 4533 δὲ
2683 4477 2842 4537 τοῦτο
2869 4483 3117 4554 νοητέον,
3157 4482 3265 4554 (τίς
3296 4484 3405 4555 γὰρ
3439 4483 3677 4554 πονηρία

396 4558 542 4613 enim
573 4558 681 4615 diei
716 4559 929 4616 malitia
959 4570 1044 4618 est
1066 4563 1093 4618 ‘t
1134 4563 1154 4634 )
1184 4578 1371 4621 verum
1404 4569 1471 4622 de
1503 4564 1726 4623 illorum
1763 4567 1975 4625 dierum

2086 4547 2300 4645 ἡμέρας
2323 4547 2547 4641 nam
2577 4574 2709 4645 περὶ
2741 4573 2852 4628 τῶν
2878 4547 3110 4640 ὲνῑταῖςῖ
3149 4547 3391 4647 μέραις
3421 4547 3678 4647 πονηρῶν

397 4649 557 4706 malis
577 4657 632 4706 et
653 4653 820 4708 rebus
837 4660 889 4708 et
913 4652 1254 4712 hominibus.
1282 4655 1419 4712 Nam
1447 4665 1502 4714 et
1528 4673 1634 4715 nos
1663 4657 1718 4712 in
1741 4673 1978 4716 consue-

399 4751 452 4793 ιο
478 4754 736 4797 sermone
764 4738 1016 4812 tempora
1042 4744 1276 4800 dicimus
1303 4748 1445 4802 mala
1476 4755 1531 4802 et
1558 4747 1729 4816 bona,
1752 4765 1787 4804 ιι
1813 4749 1980 4807 rebus

358 4860 361 4863 -
396 4845 520 4901 qua:
554 4832 610 4886 in
643 4831 716 4888 iis
745 4835 1026 4901 eveniunt,
1061 4846 1154 4892 aut
1183 4839 1251 4893 ab
1282 4838 1623 4896 hominibus.

458 5015 637 5075 ’Vuns.
668 5017 733 5071 2.
785 5016 963 5072 Erunt
997 5022 1134 5075 enim
1194 5023 1430 5079 homines
1472 5025 1670 5094 seipsos
1717 5038 1976 5085 amantes.

397 5108 595 5165 Statim
619 5111 767 5182 quod
798 5112 1042 5167 omnium
1058 5114 1328 5170 malorum
1364 5124 1447 5172 est
1468 5128 1633 5172 causa
1663 5119 1837 5188 ponit,
1868 5136 1980 5176 non

395 5212 517 5269 quae
562 5200 801 5271 proximi
860 5211 1012 5269 sunt,
1071 5203 1166 5258 sed
1222 5218 1346 5275 qua
1387 5220 1485 5260 sua
1533 5215 1745 5263 tantum
1782 5210 1979 5282 ipsius,

395 5300 666 5359 spectare,
714 5291 980 5359 Φίλαυτος
1028 5295 1176 5350 enim
1235 5295 1326 5351 ille
1380 5309 1487 5365 est,
1539 5300 1631 5368 qui
1686 5316 1748 5359 se
1800 5305 1978 5360 solum

396 5392 545 5437 amat
585 5399 601 5432 :
642 5398 708 5438 ex
749 5401 861 5453 quo
901 5387 1196 5458 contingit,
1246 5397 1305 5442 ut
1349 5405 1420 5446 ne
1469 5392 1713 5463 seipsum
1760 5397 1981 5468 quidem

397 5471 619 5527 tandem
647 5488 774 5532 vere
827 5485 994 5533 amet.
1030 5476 1504 5543 Quemadmodum
1539 5484 1685 5539 enim
1727 5485 1782 5542 in
1811 5502 1985 5543 mem-

397 5559 511 5616 Lris
555 5561 719 5625 unius
777 5562 1038 5620 damnum
1088 5566 1156 5620 ad
1221 5567 1430 5637 reliqua
1510 5571 1673 5626 etiam
1736 5575 1981 5632 membra

398 5653 720 5720 pertransit,
764 5663 820 5710 et
857 5656 914 5710 in
947 5654 1197 5713 aediliciis
1244 5657 1361 5728 pari
1390 5659 1602 5716 ratione
1638 5679 1653 5716 :
1702 5663 1782 5718 sic
1816 5671 1872 5720 ct
1917 5665 1971 5720 iu

399 5745 666 5813 lieelesia,
714 5747 810 5819 qui
843 5747 1069 5804 fratrem
1102 5766 1261 5807 suum
1303 5753 1550 5824 negligit,
1591 5771 1824 5829 seseque
1853 5766 1974 5814 tau-

399 5836 678 5894 tummcdo
712 5846 893 5905 curat,
925 5840 1165 5909 seipsum
1211 5843 1373 5899 etiam
1410 5845 1610 5913 perdit.

2088 4659 2185 4715 xei.
2230 4662 2580 4733 πραγμάτων
2613 4663 2708 4717 καὶ
2759 4663 3091 4737 ἀνθρώπων.
3153 4666 3265 4719 Καὶ
3320 4667 3481 4738 ἡμεῖς
3520 4666 3578 4720 ἐν
3605 4668 3674 4736 τῇ

2084 4754 2346 4827 συνηθείᾳ
2374 4753 2518 4810 οὕτω
2589 4755 2826 4829 λέγομεν
2875 4758 3104 4830 καιροὺς
3150 4758 3424 4830 πονηροὺς
3481 4759 3578 4814 καὶ
3610 4757 3674 4812 ού

2084 4845 2380 4916 πονηροὺς,
2412 4844 2521 4899 ἀπὸ
2572 4845 2691 4900 τῶν
2736 4848 2797 4901 ὲν
2835 4847 3024 4914 αὐτοῖς
3061 4847 3475 4919 συμϐαινόντων
3534 4864 3678 4920 πρα-

2084 4936 2333 5008 γμάτων,
2357 4936 2391 5007 ἢ
2427 4935 2538 4990 ἀπὸ
2562 4937 2673 4991 τῶν
2702 4937 3029 5011 ἀνθρώπων.

2158 5026 2451 5083 Ἔσονται
2484 5029 2596 5098 γὰρ
2647 5030 2703 5084 οι
2734 5028 3034 5098 ἄνθρωποι
3059 5031 3364 5100 φίλαυτοι.
3400 5029 3579 5096 Εὐθὺς
3611 5030 3675 5085 τὺ

2085 5121 2307 5177 πάντων
2356 5121 2533 5175 αῐτιον
2579 5120 2691 5174 τῶν
2727 5121 2917 5177 κακῶν
2965 5121 3174 5193 τίθησι,
3220 5124 3281 5178 τὸ
3317 5124 3393 5198 μὴ
3447 5125 3518 5178 τὰ
3575 5122 3673 5177 τοῦ

2084 5213 2339 5283 πλησίον,
2396 5211 2534 5266 ἀλλὰ
2560 5212 2631 5266 τὰ
2663 5212 2832 5267 αὐτοῦ
2884 5213 3050 5285 μόνον
3104 5215 3351 5270 σκοπεῖν.
3406 5214 3673 5279 Φιλαυτος

2083 5305 2193 5377 γὰρ
2218 5306 2247 5359 ὁ
2272 5303 2469 5359 ἑαυτὸν
2503 5303 2665 5374 μόνον
2697 5303 2871 5374 φιλῶν
2890 5321 2906 5337 ·
2949 5305 3010 5372 ἐξ
3028 5299 3091 5362 οὗ
3119 5306 3414 5378 συμϐαίνει
3445 5306 3508 5361 τὸ
3532 5305 3672 5378 μηδὲ

2083 5393 2274 5448 ἑαυτὸν
2306 5393 2501 5463 φιλεῖν.
2540 5395 2756 5465 Ὥσπερ
2800 5394 2908 5466 γὰρ
2964 5397 3021 5449 ἐν
3070 5398 3184 5461 τοῖς
3222 5397 3444 5468 μέλεσιν
3509 5395 3668 5468 ἡτοῦ

2081 5484 2201 5548 ἑνὸς
2229 5483 2402 5554 βλάϐη
2423 5483 2520 5537 καὶ
2555 5485 2639 5546 εἰς
2668 5482 2738 5537 τὰ
2770 5484 2937 5539 λοιπὰ
2960 5484 3252 5551 διασαίνει,
3292 5488 3390 5541 καὶ
3423 5486 3517 5540 ἐπὶ
3559 5485 3672 5539 τῶν

2081 5575 2540 5646 οἰκοδομημάτων
2567 5573 2835 5639 ὡσαύτως
2857 5574 3032 5631 ὀὕτω
3050 5577 3146 5631 καὶ
3173 5578 3232 5632 ἐν
3260 5580 3325 5650 τῇ
3345 5575 3668 5650 Ἐκκλησία,

2081 5667 2109 5719 ὁ
2138 5664 2360 5734 ἀμελῶν
2397 5664 2493 5719 τοῦ
2525 5664 2783 5736 ἀδελφοῦ,
2830 5666 2926 5723 καὶ
2959 5668 3156 5724 ἑαυτὸν
3190 5669 3353 5741 μόνον
3384 5668 3668 5742 τημελιῖψ,

2082 5756 2175 5811 καὶ
2201 5755 2379 5828 ἑαυτῷ
2407 5756 2751 5828 λυμαίνεται.
