4078 6446
462 424 567 490 119
1372 420 1953 482 THEOPHYLACTI
1992 421 2407 484 BULGARIJE
2448 424 2807 488 ARCHIEP.
3274 400 3281 413 ’
3632 427 3753 493 ιεο

455 540 597 594 Cum
639 537 775 594 tales
812 535 1110 594 etiamnum
1152 535 1532 601 inveniuntur,
1559 532 1743 589 devita
1772 550 1788 588 :
1821 533 1967 589 sicut
1994 543 2052 604 et

2154 554 2280 601 τους
2298 538 2392 592 καὶ
2408 538 2505 593 νῦν
2529 539 2951 609 εὑρισκομένους
2967 537 3175 611 [καλῶς
3189 537 3380 612 ποιῶν]
3403 540 3714 610 ἀποτρέπου
3727 563 3750 589 ο

462 630 654 687 subdit
683 647 699 696 ;
730 629 813 684 Ea:
850 632 933 684 his
971 639 1095 684 sunt
1126 631 1218 700 qui
1250 637 1528 699 penetrant
1553 628 1760 682 domos.
1793 624 1890 682 Vel
1917 627 2045 697 quia

2149 627 2341 699 ὥσπερ
2377 630 2476 683 καὶ
2518 629 2772 698 ἐπιφέρει
2795 646 2810 662 ο
2874 630 2978 684 Ἐκ
3007 630 3239 685 τούτων
3272 631 3436 684 εἰσιν
3463 633 3518 684 οι
3556 632 3745 687 ἐνδύ-

462 734 770 794 postremos
813 720 944 776 dies
991 736 1089 777 eos
1116 721 1251 777 dicit
1297 721 1521 786 Paulus,
1558 709 1655 792 qui
1681 723 1893 779 obitum
1931 730 2048 779 sta-

2147 735 2358 786 νοντες
2388 722 2479 787 είς
2512 719 2628 786 τὰς
2660 721 2874 787 οὶκίας.
2902 720 2975 773 Ἦ
3007 720 3093 774 ὅτι
3136 719 3373 790 ὑστέρας
3396 720 3610 791 ἡμέρας
3636 723 3748 785 τὰς

463 817 562 872 tim
622 827 785 870 suum
840 814 1087 869 secuturi
1132 823 1342 879 essent,
1390 813 1446 867 in
1487 812 1691 882 quibus
1725 814 2048 869 Timotheus

2149 812 2315 877 εὒθὺς
2351 811 2496 882 μιτά
2516 813 2616 880 τὴν
2653 811 2824 866 αὑτοῦ
2852 810 3113 881 τελευτὴν
3138 812 3170 865 ό
3217 810 3434 873 Παῦλος
3477 811 3647 880 λέγει,
3677 813 3749 865 ἐν

462 909 643 965 adhuc
667 918 951 979 superstes
967 907 1134 978 609
1155 906 1373 962 futurus
1402 914 1543 961 erat.
1570 905 1688 974 Vel,
1708 907 1857 978 quod
1880 906 2045 962 etiam

2148 903 2240 973 αἷς
2290 909 2567 978 περιεῖναι
2604 905 2687 961 ἔτι
2718 909 2749 961 6
2802 906 3065 978 Τιμόθεος
3125 904 3354 977 εμελλεν
3378 921 3395 938 ο
3452 904 3590 975 ῆ,’δ
3641 904 3750 957 καὶ

465 1000 650 1055 verius
688 999 1043 1070 magnus-ille
1086 998 1522 1069 Chrysostomus
1559 997 1795 1068 iudicat,
1826 1012 1926 1068 per
1954 997 2049 1052 Ti-

2147 1000 2513 1071 ἀληθέστερον
2543 1000 2573 1052 6
2607 1000 2783 1071 μέγας
2816 999 3073 1069 Ἰωάννης
3109 997 3408 1071 ἐπικρίνει,
3442 995 3532 1050 διά
3561 997 3751 1067 Τιμοα

462 1092 742 1147 motlieum
779 1106 971 1146 omnes
1025 1090 1352 1145 adhortatur
1384 1100 1445 1145 ut
1468 1090 1610 1146 tales
1635 1089 1874 1161 fugiant.

2150 1091 2277 1147 θέου
2308 1094 2446 1147 πᾶσι
2475 1094 2739 1165 παραινεῖ
2766 1093 3133 1164 ἐκτρέπεσθαι
3161 1093 3292 1156 τοὺς
3319 1092 3622 1156 τοιούτους.

537 1181 701 1236 Vens.
729 1181 782 1237 6.
821 1181 905 1236 Ea:
942 1183 1024 1236 his
1053 1183 1194 1237 enim
1242 1190 1365 1236 sunt
1406 1181 1500 1252 qui
1526 1190 1804 1252 penetrant
1839 1181 2045 1235 domos.

2236 1186 2339 1241 Ἐκ
2361 1188 2594 1242 τούτων
2623 1187 2735 1256 γάρ
2757 1188 2916 1241 εἰσιν
2942 1189 2998 1241 οι
3016 1185 3380 1253 ἐνδύνοντες
3414 1188 3503 1252 εις
3526 1185 3631 1250 τὰς
3665 1186 3751 1239 οι-

462 1273 858 1343 lmpudentiam
922 1288 1115 1329 eorum
1169 1275 1380 1330 indicat
1436 1286 1533 1344 per
1581 1274 1689 1330 hor.
1717 1272 1865 1344 quod
1923 1274 2046 1331 ait:

2152 1278 2311 1346 πίας.
2360 1279 2434 1333 T6
2480 1280 2836 1349 ἀναίσχυντον
2868 1278 3050 1332 αὐτῶν
3087 1278 3177 1333 διὰ
3203 1276 3328 1340 τοῦ,
3350 1276 3747 1344 ἑνδυνόντες,

461 1366 551 1436 qui
596 1375 913 1435 penetrant;
943 1381 1157 1422 necnon
1204 1367 1513 1423 honestatis
1554 1368 1885 1435 absentiam,
1917 1367 2051 1422 adu-

2149 1370 2340 1440 δηλοτ,
2388 1369 2482 1424 καὶ
2530 1370 2591 1424 τὸ
2653 1368 3043 1440 ἀνελεύθερον,
3112 1368 3210 1423 καλ⁵
3262 1368 3594 1434 κολακικὸν,
3646 1369 3749 1423 καὶ¹

460 1457 723 1513 tationem
753 1466 806 1514 et
839 1458 1163 1529 imposturae
1197 1460 1661 1530 magnitudinem.

995 1467 1163 1515 sterne
1197 1460 1661 1530 magnitudinem.
2152 1461 2372 1533 ἀπάτης
2409 1463 2605 1534 γέμον.

534 1565 605 1620 Et
636 1567 875 1636 captivas
911 1564 1111 1621 ducunt
1160 1566 1533 1622 mulierculas.
1577 1568 1700 1624 Non
1749 1568 1914 1636 dixit,
1959 1567 2055 1625 de-

2223 1576 2337 1633 Kai
2390 1572 2925 1645 αἰχμαλωτίζοντες
2975 1572 3348 1645 γυναικάρια.
3385 1573 3502 1627 Οὔκ
3554 1567 3746 1642 εἶπεν,

462 1657 754 1728 cipientes,
792 1659 911 1725 sed,
945 1659 1181 1730 captivas
1221 1660 1491 1725 ducentes,
1534 1668 1796 1731 tanquam
1836 1661 2051 1717 manci-

2153 1664 2477 1728 ἀπατῶντες
2501 1707 2516 1731 ,
2576 1665 2721 1733 ἀλλ’,
2772 1662 3307 1734 αὶχμαλωτίζοντες
3331 1703 3346 1729 ,
3402 1663 3479 1726 ὡς
3530 1662 3752 1728 δούλοις

463 1749 572 1819 piis
602 1757 819 1806 utentes
846 1766 861 1817 ;
891 1750 1016 1806 talis
1041 1751 1188 1806 enim
1234 1759 1320 1806 est
1356 1750 1453 1821 qui
1489 1750 1778 1821 decipitur.
1810 1748 2053 1807 Observa

2154 1754 2461 1829 χρώμενον
2492 1755 2737 1819 τοιοῦτος
2770 1754 2881 1824 γὰρ
2921 1755 2950 1807 6
2978 1753 3362 1823 ἀπατώμενος.
3391 1752 3535 1822 Ὅρα
3563 1751 3622 1806 δὲ
3656 1751 3749 1805 ὅτι

467 1849 651 1896 autem
702 1841 998 1897 mulierum
1034 1856 1159 1898 esse
1199 1843 1402 1912 decipi,
1449 1844 1558 1897 imo
1596 1844 1781 1914 potius
1830 1843 2054 1900 mulier-

2154 1851 2432 1919 γυναικῶν
2485 1849 2547 1904 τὸ
2603 1848 2943 1913 ἀπατᾶσθαι,
3002 1847 3205 1920 μᾶλλον
3245 1846 3302 1899 δὲ
3341 1844 3744 1918 γυναικαρίων.

465 1934 736 1988 cularum.
793 1932 1028 1989 Proinde
1073 1936 1156 1990 vir
1206 1935 1255 1993 si
1312 1934 1368 1989 in
1426 1933 1673 1992 fraudem
1720 1935 2042 2000 inducatur.

2155 1943 2321 1996 Ὥστε
2378 1943 2472 1997 καὶ
2509 1943 2539 1995 6
2593 1942 2733 2012 ἀνὴρ
2774 1939 3136 2011 ἀπατώμενος
3206 1937 3564 2009 γυναικάριον
3638 1936 3740 1989 λε-

463 2024 787 2081 muliercula
821 2025 931 2081 dici
970 2034 1162 2095 queat.

2173 2032 2335 2104 ίθείη.

537 2114 802 2171 Oneratas
828 2117 1080 2187 peccatis.
1134 2117 1494 2174 Peccatorum
1555 2117 1770 2189 copiam
1824 2117 2053 2183 indicat,

2227 2124 2657 2195 Σεσωρευμένα
2690 2124 3023 2194 ἁμαρτίαις.
3072 2122 3147 2175 Τὸ
3177 2120 3384 2191 πλῆθος
3415 2118 3525 2173 τῶν
3558 2110 3781 2190 ἁμαρ-ι’

467 2217 523 2263 et
560 2209 936 2264 inordinatam
960 2218 1015 2265 et
1047 2207 1335 2266 confusam
1368 2211 1562 2267 vitam.
1598 2209 1720 2266 Non
1741 2210 1889 2267 enim
1919 2209 2055 2266 sim-

2155 2216 2288 2271 τιῶν
2316 2217 2489 2289 δηλοῖ,
2522 2217 2703 2271 καὶτὸ
2732 2217 2967 2272 ἄτακτον
2991 2213 3088 2267 καὶ
3141 2210 3575 2282 συγκεχυμένον.
3628 2211 3754 2281 Οὐχ

464 2300 683 2368 pliciter
718 2301 1044 2357 mulieribus
1083 2302 1396 2372 imponunt,
1432 2316 1538 2359 nec
1565 2302 1711 2358 enim
1746 2310 1943 2358 natura
1968 2308 2057 2358 est

2156 2310 2346 2374 ἁπλῶς
2387 2310 2496 2381 γάρ
2526 2311 2794 2379 γυναῖκας
2829 2306 3112 2362 ἀπατῶσιν
3143 2305 3227 2375 (οὺ
3258 2305 3368 2374 γάρ
3392 2304 3494 2368 τῆς
3525 2301 3754 2372 φύσεως

467 2393 804 2457 accusanda,
844 2408 1033 2448 verum
1070 2393 1335 2449 habentes
1358 2394 1642 2449 cumulum
1678 2404 2053 2465 peccatorum,

2158 2403 2610 2474 κατηγορητέον),
2646 2400 2783 2455 ἀλλὰ
2808 2400 2907 2463 τὰς
2940 2397 3170 2469 ἐχούσας
3206 2396 3383 2466 σωρὸν
3409 2392 3751 2466 ἁμαρτημά-

466 2481 772 2551 deeipiunt.
808 2480 912 2548 Qui
949 2483 1094 2537 enim
1124 2483 1333 2540 nullius
1356 2484 1461 2540 sibi
1498 2485 1624 2540 boni
1658 2485 1920 2543 conscius
1949 2493 2056 2554 est,

2157 2510 2288 2550 των.
2328 2493 2390 2549 Ὁ
2439 2492 2551 2565 γὰρ
2603 2492 2772 2563 μηδὲν
2824 2489 3005 2560 ἑαυτῷ
3038 2487 3297 2550 συνειδὼς
3342 2484 3574 2554 ἀγαθὸν,
3628 2487 3753 2548 τοῖς

471 2573 661 2645 pravis
696 2574 1021 2630 doctoribus
1056 2576 1170 2632 cito
1227 2577 1591 2647 obtemperat,
1643 2578 1888 2648 seipsum
1920 2592 2056 2632 con-

2160 2587 2418 2654 πονηροῖς
2452 2584 2846 2654 ὃογματισταΐς
2909 2580 3120 2651 ταχέως
3138 2580 3185 2613 ³ο
3225 2579 3499 2643 πείθεται,
3549 2575 3755 2631 ὲαυτδν

469 2665 663 2722 solans
690 2666 850 2737 quasi
886 2682 996 2722 non
1030 2667 1103 2724 sit
1128 2667 1359 2725 daturus
1398 2684 1591 2741 poenas
1626 2680 1852 2741 propter
1891 2683 2056 2741 Opera

2158 2672 2660 2745 παραμυθούμενος
2684 2714 2698 2739 ,
2755 2670 2833 2736 ὡς
2897 2670 2974 2744 μὴ
3023 2670 3185 2739 δίκην
3242 2667 3432 2723 δώσων
3488 2666 3584 2720 ἐπὶ
3630 2667 3756 2730 τοῖς

466 2772 588 2813 sua.

2159 2763 2363 2836 ἔργοις.

539 2868 673 2935 Quae
719 2869 884 2924 uariis
925 2870 1200 2925 desideriis
1256 2880 1504 2942 aguntur.
1563 2871 1925 2929 Pecuniarum
1981 2876 2062 2931 vi-

2244 2872 2538 2943 Ἀγόμενα
2570 2867 2910 2940 ἐπιθυμίαις
2945 2867 3269 2934 ποικίλαις.
3298 2863 3582 2931 Τουτέστι,
3606 2879 3754 2934 χρη-

464 2959 665 3015 delicet
706 3002 722 3025 ,
772 2961 959 3032 gloriae
992 3000 1008 3026 ,
1057 2961 1374 3016 deliciarum
1406 3003 1422 3026 ,
1466 2965 1659 3019 mundi
1705 2964 1990 3023 muliebris
2029 2985 2043 3022 :

2164 2964 2375 3036 μάτων,
2411 2963 2592 3035 δόξης,
2616 2960 2853 3032 τρυφῆς,
2890 2958 3283 3030 καλλωπισμοῦ
3314 2974 3327 2988 ·
3357 2956 3656 3010 αἰνίττεται
3689 2954 3753 3009 δὲ

465 3061 620 3107 notat
688 3060 870 3107 autem
945 3063 999 3107 et
1041 3061 1230 3124 turpes
1289 3054 1639 3124 cupiditates.
1678 3053 1920 3112 Observa
1957 3072 2061 3112 au-

2161 3050 2260 3105 xal.
2297 3051 2532 3121 αἰσχρὰς
2560 3048 2876 3120 ἐπιθυμίας.
2918 3047 3060 3119 Ὅρα
3104 3047 3162 3101 δὲ
3218 3047 3313 3101 καὶ
3336 3045 3415 3111 τὸ,
3455 3043 3754 3115 ἀγόμενα,

468 3153 577 3197 teni
612 3141 782 3208 istud,
814 3150 1065 3214 aguntur,
1105 3154 1364 3214 tanquam
1404 3144 1472 3201 de
1511 3146 1686 3201 brutis
1720 3146 2061 3204 animalibus

1028 3160 1065 3210 r,
1105 3154 1364 3214 tanquam
1404 3144 1472 3201 de
1511 3146 1686 3201 brutis
1720 3146 2061 3204 animalibus
2162 3140 2238 3205 ὡς
2279 3139 2372 3193 ἐπὶ
2405 3139 2638 3208 ἀλόγων.

468 3234 699 3292 dictum.
2081 3236 2125 3293 C
3165 3287 3168 3291 .

472 3314 477 3317 ⁷
542 3327 707 3384 Vens.
747 3329 800 3385 7.
834 3329 1051 3402 Semper
1091 3334 1372 3399 discentes,
1414 3342 1464 3387 et
1496 3350 1765 3405 nunquam
1788 3334 1858 3388 ad
1887 3334 2057 3390 scien—

2228 3325 2490 3380 Πάντοτε
2520 3325 2912 3396 μανθάνοντα
2937 3362 2951 3387 ,
2991 3323 3091 3378 καὶ
3128 3322 3434 3393 μηδέποτε
3481 3322 3569 3389 εις
3616 3320 3752 3375 ἐπι-

469 3421 597 3475 tiam
627 3422 868 3478 veritatis
899 3424 1169 3493 pervenire
1193 3426 1445 3481 valentes.
1493 3423 1631 3481 Num
1673 3427 1858 3496 itaque
1897 3424 2056 3482 venia

2157 3434 2390 3491 τνωσιν
2446 3420 2738 3486 ἀληθείας
2792 3417 2996 3474 ἐλθεῖν
3061 3416 3389 3485 δυνάμενα.
3447 3411 3597 3485 ’Ἃρα
3650 3409 3756 3469 οὖν

466 3515 648 3585 dignae
696 3516 869 3571 sunt?
900 3515 1284 3588 Nequaquam,
1336 3517 1432 3573 sed
1486 3517 1644 3574 venia
1698 3518 1883 3589 patius
1938 3518 2055 3589 pri-

2160 3507 2493 3582 συγγνώμης
2525 3511 2665 3565 εἰσὶν
2692 3510 2876 3577 ἀξιαι;
2917 3507 3207 3579 Οὐδαμῶς,
3246 3507 3382 3562 ἀλλά
3415 3507 3508 3561 καὶ
3541 3506 3752 3578 μᾶλλον

464 3604 680 3661 vandze.
728 3605 867 3672 Quia
903 3607 1048 3661 enim
1109 3609 1321 3679 seipsas
1353 3609 1597 3679 peccatis
1631 3609 2057 3665 accumularunt

2158 3603 2559 3671 detinuerint.
2601 3600 2823 3672 Ἐπειδὴ
2857 3602 2964 3672 γὰρ
3015 3598 3217 3663 ἑαυτὰς
3264 3598 3588 3669 κατέχωσαν
3621 3599 3753 3662 ταῖς

466 3703 522 3750 et
583 3697 1022 3767 cupiditatibus,
1093 3709 1365 3757 excaecata
1426 3709 1509 3758 est
1581 3701 1801 3757 illarum
1871 3718 2054 3759 mens.

2159 3694 2456 3766 ἁμαρτίαις
2507 3692 2605 3747 καὶ
2644 3694 2768 3757 ταῖς
2818 3692 3163 3763 ἐπιθυμίαις,
3195 3690 3469 3762 ἐπωρώθη
3502 3688 3681 3743 αὐτῶν
3723 3691 3756 3745 6

468 3784 651 3855 Quare
681 3788 830 3858 quod
858 3804 966 3843 non
995 3790 1213 3860 possint
1256 3792 1490 3856 discere,
1536 3807 1645 3847 non
1689 3802 1775 3848 est
1820 3801 2054 3859 naturae,

2157 3788 2476 3853 νοῦς.”Ωστε
2500 3786 2561 3840 τὸ
2593 3787 2672 3858 μὴ
2700 3784 2961 3841 δύνασθαι
3001 3782 3219 3856 μαθεῖν,
3238 3783 3300 3836 οὐ
3330 3782 3581 3853 φυσικδν,
3602 3780 3752 3836 ἀλλά

465 3881 565 3936 sed
605 3880 877 3936 voluntati
901 3897 1088 3936 carum
1115 3882 1533 3939 ascribendum.

1177 3882 1533 3939 scribendum.
2158 3877 2548 3950 προαιρετικὸν
2575 3878 2787 3941 αὑταῖς.

543 3971 706 4027 Vens.
738 3971 791 4027 8.
825 3970 1285 4039 Quemadmodum
1312 3983 1504 4030 'autem
1546 3973 1749 4030 lannes
1796 3984 1844 4031 et
1899 3974 2057 4031 Jam—

2233 3972 2336 4025 Ὃν
2361 3968 2588 4038 τρόπον
2614 3968 2684 4024 δὲ
2725 3966 2965 4036 Ἰαννῆς
2999 3966 3099 4021 καὶ
3138 3964 3420 4036 Ἰαμϐρῆς
3447 3962 3715 4031 ἀντέστη
3733 3993 3749 4005 -

469 4062 585 4118 bres
617 4064 925 4118 restiterunt
975 4063 1140 4128 Mosi,
1193 4065 1274 4119 ita
1331 4073 1379 4118 et
1433 4064 1488 4118 hi
1527 4067 1778 4122 resistunt
1822 4067 2053 4121 veritati.

2157 4076 2281 4117 σαν
2301 4061 2525 4128 Μωσεῒ,
2550 4061 2704 4116 οὕτω
2736 4060 2837 4115 καὶ
2865 4055 3033 4116 οὗτοι
3054 4060 3453 4114 ἀνθίστανται
3486 4057 3561 4127 τῇ
3593 4058 3750 4126 ἀλη-

467 4154 609 4224 Magi
651 4155 747 4211 isti
792 4153 1020 4211 fuerunt
1064 4155 1234 4213 Mosis
1283 4157 1643 4228 temporibus.
1684 4156 1841 4215 Unde
1869 4167 2055 4216 autem

2158 4153 2308 4221 θείᾳ.
2339 4153 2404 4208 Oi
2426 4152 2590 4224 μάγοι
2612 4147 2753 4224 ἦσαν
2775 4144 2946 4217 οὗτοι,
2975 4152 3026 4204 οἱ
3054 4150 3149 4206 ἐπὶ
3181 4150 3450 4214 Μωσέως.
3481 4149 3653 4203 Πόθεν
3682 4150 3748 4204 δὲ

466 4245 693 4302 nomina
723 4261 917 4302 eorum
979 4256 1143 4303 norat
1194 4247 1425 4319 Paulus,
1453 4265 1577 4307 cum
1619 4250 1907 4323 Scriptura
1943 4268 2055 4310 non

2158 4245 2229 4299 τὰ
2249 4244 2489 4315 ὀνόματα
2537 4243 2718 4297 αὐτῶν
2745 4243 2864 4315 ᾔδει
2915 4245 2944 4298 6
2986 4243 3203 4307 Παῦλος
3226 4282 3242 4309 ,
3274 4244 3375 4312 τῆς
3402 4242 3629 4313 Γμφῆς
3663 4242 3746 4313 μὴ

469 4333 771 4388 indicarit?
837 4331 934 4390 Vel
987 4333 1127 4390 citra
1214 4333 1554 4408 Scripturam
1636 4337 1836 4394 tradita
1923 4349 2057 4395 sunt

2158 4334 2427 4407 λεγούσης
2452 4334 2659 4403 ταῦτα;
2705 4334 2780 4388 Ἣ
2819 4333 3085 4405 ἀγράφως
3114 4334 3478 4407 παραδέδοται
3497 4335 3564 4399 ³⁸,
3597 4332 3631 4405 ἢ
3677 4333 3749 4389 ἐκ

468 4440 567 4495 per
613 4427 887 4494 majorum
951 4429 1277 4484 memoriam
1328 4440 1382 4486 et
1425 4432 2053 4490 commemorationem:

1951 4449 2005 4489 ιιι
2036 4451 2053 4488 :
2160 4428 2481 4502 Πνεῦματος
2513 4427 2672 4499 ἁγίου
2699 4427 2850 4493 εἰκὸς
2878 4424 2947 4501 ἦν
2970 4428 3169 4484 εἰδέναι
3201 4428 3292 4484 τὸν
3323 4428 3561 4485 Παῦλον.

466 4516 550 4571 vel
580 4533 679 4587 per
711 4516 979 4588 Spiritum
1004 4527 1260 4575 sanctum
1293 4520 1597 4581 verisimile
1623 4530 1708 4579 est
1730 4537 1796 4579 ea
1828 4525 2053 4581 novisse
2091 4573 2146 4636 Β

466 4610 692 4636 Tenui“...

465 4610 716 4667 Paulum.

538 4700 795 4758 Homines
842 4712 1016 4758 mente
1085 4705 1343 4773 corrupti,
1401 4706 1612 4776 reprobi
1672 4708 1817 4762 circa
1871 4709 2054 4778 fidem.

2240 4710 2575 4779 Ἄνθρωποι
2612 4704 3081 4776 κατεφθαρμένοι
3114 4703 3222 4758 τὸν
3265 4702 3438 4768 νοῦν,
3473 4700 3749 4772 ἀδόκιμοι

468 4792 704 4859 Quando
736 4805 973 4850 mentem
1014 4796 1287 4869 quispiam
1323 4799 1834 4869 perturbationibus
1859 4815 2057 4857 corru-

2164 4804 2295 4874 περὶ
2322 4802 2437 4871 τὴν
2463 4803 2694 4857 πίστιν.
2731 4800 2903 4855 Ὅταν
2933 4815 3019 4863 τις
3047 4798 3141 4853 τὸν
3173 4795 3301 4851 νοῦν
3328 4794 3512 4867 φθαρῇ
3541 4794 3599 4848 ὲν
3628 4794 3748 4858 τοῖς

469 4884 633 4955 perit,
697 4892 813 4941 tum
871 4887 1135 4958 reprobus
1187 4877 1424 4945 edicitur
1460 4890 1608 4947 circa
1667 4891 1849 4947 (idem.
1902 4891 2054 4947 Dixit

2196 4894 2382 4959 ;άθεσι,
2405 4892 2529 4947 τότε
2549 4891 2813 4961 ἀδόκιμος
2840 4890 2974 4961 περὶ
2997 4887 3099 4959 τὴν
3131 4886 3315 4941 πίστιν
3337 4886 3570 4955 γίνεται.
3596 4879 3749 4938 Eius
3784 4931 3806 4936 _

466 4976 604 5032 enim
633 4976 905 5046 insipiens,
940 4976 1064 5034 Non
1085 4989 1162 5034 est
1188 4979 1330 5036 Deus
1352 4979 1421 5039 ⁸⁸.
1454 4981 1655 5039 Unde?
1683 4982 1822 5050 Quia
1859 4999 2055 5041 corru-

2159 4988 2269 5061 γὰρ
2292 4983 2498 5058 ἄφρων
2514 5002 2530 5019 ⁸
2551 4986 2675 5040 Οὐκ
2705 4985 2839 5040 ἔστι
2864 4984 3031 5050 Θεός.
3052 4980 3223 5035 Πόθεν
3246 4980 3426 5048 ;Διότι
3450 4979 3747 5049 διεφθάρη-

469 5069 545 5138 pti
582 5079 710 5124 sunt
742 5078 798 5126 et
824 5071 1167 5129 execrabiles
1211 5072 1338 5130 iacti
1387 5082 1515 5130 sunt
1544 5075 1601 5131 in
1642 5075 2048 5147 iniquitatibus.

2158 5096 2277 5145 σαν,
2308 5080 2403 5134 καὶ
2436 5076 2836 5148 ἐϐδελύχθησαν
2858 5076 2916 5128 ὲν
2946 5073 3221 5144 ἀνομίαις.
3251 5072 3395 5141 Ἀρα
3422 5069 3452 5122 6
3478 5069 3742 5138 ἀδιάφθο-

466 5160 790 5234 lncorrupta
830 5162 999 5233 igitur
1032 5180 1188 5221 mens
1240 5165 1401 5222 (idem
1451 5166 1710 5223 admittit.
1781 5167 1877 5224 Est
1918 5183 2050 5241 ergo

2161 5189 2252 5244 ρος
2289 5170 2415 5235 νοῦς
2442 5171 2542 5242 τὴν
2581 5169 2764 5223 πίστιν
2805 5166 3192 5239 παραδέχεται.
3234 5161 3576 5235 Προσεκτέον
3622 5156 3739 5227 οὖν,

469 5252 720 5308 novanda
791 5253 952 5312 nobis
1013 5269 1222 5326 opera,
1286 5272 1355 5313 ne
1418 5259 1605 5329 pravis
1663 5258 2051 5319 affectionibus

2160 5261 2236 5334 μὴ
2290 5260 2681 5332 διαφθαρῶμεν
2733 5259 2847 5322 τοῖς
2894 5254 3118 5324 πάθεσι,
3151 5253 3249 5310 καὶ
3290 5253 3430 5327 εὕρῃ
3468 5253 3653 5325 χώραν
3680 5251 3740 5306 ὲν

468 5355 910 5414 eorrumpamur,
976 5355 1030 5402 et
1084 5347 1267 5403 locum
1325 5348 1469 5419 apud
1505 5365 1611 5407 nos
1643 5352 1887 5409 inveniat
1929 5352 2049 5411 ﬁdei

1464 5353 1469 5405 ι
1505 5365 1611 5407 nos
1643 5352 1887 5409 inveniat
1929 5352 2049 5411 ﬁdei
2155 5349 2287 5420 ἡμῖν
2326 5349 2361 5417 ἡ
2398 5345 2501 5418 τῆς
2534 5345 2771 5411 πίστεως
2797 5343 3074 5425 κιϐδηλίςιι

470 5433 535 5490 ad
544 5437 818 5494 ulteratio.

543 5606 590 5641 ⁴⁸
620 5609 767 5667 Psal.
802 5627 924 5680 xm,
950 5612 975 5667 Ι
987 5653 1001 5669 .

1802 5731 2001 5796 νοτία)
2032 5733 2366 5798 lectiones.

543 5851 587 5886 ⁸⁸
617 5852 813 5925 ῥᾳδίως
833 5866 885 5909 ο.
964 5852 1057 5926 “ﬂ
1095 5853 1161 5910 δι’
1191 5856 1441 5928 ἀγράφου
1466 5859 1813 5931 παραδόσεως
1843 5875 1921 5915 ιιι.
