4078 6450
432 439 534 503 19.3

1303 425 1878 492 THEOPHYLACTI
1911 423 2216 484 BULGAB
2228 423 2324 483 I‘IE
2352 425 2707 486 ARCHIEP.

3584 425 3690 490 1‘25

430 553 790 617 exhibebam,_
814 557 868 606 et
899 549 1041 606 Deus
1083 547 1521 604 non'deserebat
1558 558 1664 598 me.
1723 541 1906 606 Quare
1953 545 2007 592 et

2114 534 2231 609 [δεῖ]
2267 540 2560 610 ὑπομένειν
2587 581 2602 604 ,
2642 539 2737 595 καὶ
2765 541 2792 592 ὁ
2839 538 2974 602 Θεὸς
3029 538 3090 592 οὐ
3151 538 3532 610 κατελίμπανέ
3586 559 3679 611 με.

431 659 490 703 ιιι
520 647 598 701 sis
629 652 938 716 promptus,
975 653 1030 697 et
1059 657 1168 697 non
1192 639 1614 716 derelinqueris.

507 738 669 792 Vsus.
701 735 788 790 12.
823 735 892 788 Et
929 751 1106 789 omnes
1137 735 1227 802 qui
1263 735 1344 802 pie
1396 731 1574 785 volunt
1628 729 1789 782 vivere
1843 726 2002 802 6],]

433 831 486 882 in
538 829 750 883 Christo
791 828 939 890 .Iesu,
989 827 1397 892 persecutionem
1446 821 1736 890 patientur.
1768 818 1838 872 Et
1891 819 2008 870 hate

435 937 568 976 sane
619 920 858 973 maxima
905 927 990 975 est
1039 917 1366 972 consolatio.
1419 912 1558 980 Quid
1591 915 1763 978 enim,
1803 911 2004 982 inquit,

433 1016 503 1067 de
558 1028 643 1068 me
706 1013 825 1068 solo
875 1012 1039 1066 verba
1104 1009 1292 1064 facio?
1349 1010 1632 1078 Quotquot
1683 1008 1769 1076 pie
1822 1007 2008 1061 vivere

435 1104 750 1164 instituunt,
803 1112 857 1156 et
910 1101 1212 1156 secundum
1245 1098 1623 1168 Evangelium,
1667 1097 2009 1166 persecutio-

435 1211 556 1248 nem
602 1196 896 1263 patientur.
929 1193 1350 1248 Persecutiones
1380 1200 1564 1247 autem
1602 1191 1691 1246 hic
1727 1192 1864 1245 dicit
1896 1203 2006 1243 non

433 1297 527 1336 eas
562 1284 708 1337 solas
759 1296 880 1350 quae
915 1282 983 1336 ab
1022 1281 1319 1336 incredulis
1353 1282 1665 1342 imminent,
1703 1279 1799 1335 sed
1839 1280 2005 1334 etiam

435 1371 758 1427 uillictiones
786 1373 920 1426 istas
951 1372 1296 1441 simpliciter,
1323 1380 1377 1426 et
1431 1387 1697 1428 mcerores
1735 1385 1798 1426 ac
1855 1369 2010 1424 dolo-

435 1477 544 1526 res,
615 1476 756 1530 quos
807 1461 1012 1516 virtute
1056 1461 1267 1530 praediti
1314 1461 1610 1516 sustinent.
1661 1457 2009 1514 Tentationis

433 1554 579 1607 enim
629 1553 783 1608 locus
833 1562 917 1608 est
966 1554 1074 1607 vita
1106 1554 1366 1620 hominis,
1402 1555 1479 1608 uti
1509 1552 1682 1608 Jobus
1707 1552 1802 1616 ait,
1832 1562 1884 1608 et
1913 1553 2010 1624 qui

437 1653 730 1714 angustum
772 1645 877 1699 iter
909 1645 1232 1715 ingreditur,
1271 1645 1585 1701 necessario
1615 1645 1901 1713 premitur.

511 1736 678 1789 Vens.
718 1736 806 1788 i3.
846 1734 978 1788 Muli
1003 1745 1180 1789 autem
1207 1736 1516 1790 homineset
1547 1735 1847 1791 seductores
1881 1751 2007 1802 pro-

437 1827 616 1895 ﬁcient
648 1827 700 1880 in
747 1826 916 1895 pejus,
949 1837 1185 1880 errantes
1242 1836 1290 1880 et
1340 1829 1394 1881 in
1443 1843 1674 1881 errorem
1721 1828 2004 1880 mittentes.

437 1913 584 1968 Nihil
623 1923 678 1969 te
720 1915 1024 1984 perturbet,
1061 1916 1104 1969 si
1151 1916 1239 1970 isti
1290 1917 1346 1969 in
1393 1901 1788 1987 tranquillitate
1821 1926 2004 1986 agant,

441 2014 498 2058 tu
533 2019 663 2059 vero
719 2005 772 2058 in
829 2005 1275 2061 tentalionibus:
1334 2022 1516 2062 rerum
1579 2019 1775 2063 natura
1821 2011 1904 2065 sic
1949 2023 2010 2063 se

441 2097 622 2150 habet.
666 2094 876 2151 Exutus
906 2111 966 2152 es
1002 2097 1068 2152 ad
1104 2108 1422 2154 certamen:
1456 2116 1681 2156 necesse
1718 2110 1803 2157 est
1841 2102 2008 2156 sudo-

440 2184 592 2239 ribus
621 2191 676 2240 te
701 2184 1004 2241 abundare.
1034 2187 1301 2242 Stolidum
1325 2199 1408 2244 est
1434 2190 1597 2260 igitur
1628 2193 1680 2244 in
1709 2191 2010 2246 certamine

438 2278 682 2344 requiem
703 2293 967 2346 qurerere.
1005 2277 1138 2332 Nam
1169 2281 1383 2335 etiamsi
1419 2281 1672 2350 progredi
1695 2282 2008 2346 videantur,

441 2372 544 2424 hoc
577 2377 754 2424 tamen
792 2385 898 2423 non
939 2378 1024 2424 est
1059 2386 1404 2440 progressus,
1443 2373 1698 2426 nimirum
1740 2374 1794 2426 in
1822 2389 2011 2429 errore

441 2460 674 2513 I‘i-licitcr
699 2475 944 2529 pergere.
973 2462 1348 2530 lnterpretans
1383 2465 1530 2516 enim
1575 2465 1706 2535 quid
1737 2466 1808 2520 sit
1834 2466 2006 2534 peius,

441 2553 598 2614 dixit,
628 2553 682 2607 in
719 2568 959 2608 errorem
993 2555 1206 2608 mittere
1236 2565 1290 2608 et
1316 2569 1522 2611 errare.

513 2641 679 2695 Vens.
728 2642 815 2696 is.
869 2643 947 2696 Tu
998 2661 1116 2698 vero
1155 2662 1308 2699 mane
1363 2648 1419 2700 in
1458 2649 1524 2703 iis
1580 2665 1696 2719 qua:
1747 2652 2007 2716 didicisti,

437 2743 485 2785 et
510 2734 710 2786 credita
751 2744 872 2787 sunt
912 2734 1025 2790 tibi.
1067 2735 1146 2790 Tu
1187 2749 1389 2804 autem,
1418 2741 1615 2806 inquit,
1651 2743 2011 2813 imperlnuta-

439 2823 563 2877 nilis
599 2835 734 2889 esto,
766 2837 817 2879 et
855 2827 963 2880 noli
994 2829 1238 2882 temulari
1267 2831 1319 2881 in
1350 2831 1763 2900 malignantibus
1797 2853 1814 2888 :
1850 2851 2012 2904 neque

439 2933 492 2968 Hi
517 2917 724 2970 homine
752 2920 842 2987 qui
858 2931 1208 2990 prosperatur
1238 2923 1292 2974 in
1318 2924 1401 2975 via
1425 2941 1522 2977 sua
1553 2925 1622 2979 '°.
1656 2925 1773 2981 Non
1799 2928 2009 2998 simpli-

438 3009 576 3061 citer
613 3017 792 3062 autem
863 3010 1124 3077 didicisti,
1189 3013 1283 3066 sed
1341 3023 1394 3067 et
1442 3017 1646 3070 credita
1707 3028 1837 3072 sunt
1889 3020 2010 3086 tibi,

439 3099 546 3151 hoc
569 3108 671 3163 est,
711 3114 835 3154 cum
878 3103 1208 3157 certitudine
1241 3104 1503 3159 didicisti.
1535 3108 1769 3164 Proinde
1795 3112 2010 3166 etiamsi

2114 629 2273 680 Ὥστε
2305 628 2398 682 καὶ
2430 629 2494 683 σὺ
2524 629 2826 701 προθυμοῦ,
2859 627 2954 682 καὶ
2978 628 3080 682 οὐκ
3114 629 3610 703 ὲγκαταλειφθήσῃ.

2177 721 2287 774 Καὶ
2345 720 2568 786 πάντες
2623 720 2692 773 δὲ
2740 723 2794 775 οὶ
2831 721 3115 785 θέλοντες
3165 720 3431 786 εὐσεϐῶς
3465 720 3574 787 ζῇν
3613 721 3692 775 ἐν

2109 811 2343 882 Χριστῷ
2383 813 2610 882 Ἰησοῦ,
2647 812 3110 882 διωχθήσονται.
3135 813 3245 867 Καὶ
3272 812 3428 866 τοῦτο
3454 812 3688 884 μεγίστη

2108 904 2455 976 παραμυθία.
2494 906 2562 959 Τί
2608 905 2720 976 γὰρ
2761 905 2924 974 λέγω,
2965 907 3120 976 φησι,
3155 907 3285 977 περὶ
3316 906 3556 976 ἐμαυτοῦ
3589 906 3690 977 μό-

2109 1011 2232 1060 νους
2279 995 2489 1060 Πάντες
2533 998 2581 1048 οἱ
2605 996 2853 1058 θέλοντες
2883 995 3123 1060 εὐσεϐῶς
3181 996 3280 1066 ζῇν
3340 996 3435 1049 καὶ
3457 997 3599 1050 κατὰ
3625 996 3691 1048 τὸ

2109 1082 2466 1153 Εὑαγγέλιον,
2529 1085 2946 1156 διωχθήσονται.
3002 1087 3290 1156 Διωγμοὺς
3344 1086 3402 1139 δὲ
3449 1084 3692 1140 ἐνταῦθα

2109 1172 2284 1241 λέγει,
2311 1176 2370 1228 οὐ
2397 1177 2524 1241 τοὺς
2553 1176 2703 1249 παρὰ
2731 1179 2981 1232 ἀπίστων
3039 1177 3254 1246 μόνους,
3287 1177 3425 1230 ἀλλὰ
3456 1179 3554 1231 καὶ
3583 1178 3692 1242 τὰς

2111 1267 2323 1337 Θλίψεις
2353 1267 2564 1335 ἁπλῶς,
2600 1270 2695 1322 καὶ
2721 1269 2823 1334 τὰς
2854 1271 3080 1337 ὀδύνας,
3119 1269 3187 1334 ἃς
3215 1271 3266 1323 oi
3309 1270 3557 1338 ὲνάρετοι
3585 1271 3691 1338 ὑφ-

2112 1358 2380 1412 ίστανται.
2426 1360 2792 1429 Πειρατήριον
2823 1362 2934 1431 γάρ
2966 1361 3116 1413 ἐστιν
3151 1361 3180 1414 ὁ
3209 1360 3324 1430 βίος
3347 1359 3443 1414 τοῦ
3471 1360 3691 1430 ἀνθρώ-

2112 1467 2235 1516 που,
2270 1449 2412 1504 κατὰ
2456 1449 2547 1504 τὸν
2581 1449 2722 1516 Ἰὼϐ,
2777 1452 2871 1505 καὶ
2927 1453 2956 1504 ὁ
3003 1451 3104 1522 τὴν
3138 1451 3332 1523 στενὴν
3363 1451 3584 1518 ὁδεύων,
3626 1451 3691 1518 ἐξ

2111 1539 2357 1612 ἀνάγκης
2393 1541 2660 1597 θλίϐεται.

2181 1727 2441 1798 Πονηροῑ
2460 1728 2530 1782 δὲ
2555 1729 2856 1797 ἄνθρωποι
2880 1729 2979 1784 καὶ
3005 1731 3218 1801 γόητες
3262 1732 3695 1800 προκόψουσιν

2112 1817 2209 1873 ἐπὶ
2243 1821 2310 1874 τὸ
2331 1820 2554 1890 χεῖρον,
2585 1821 2934 1886 πλανῶντες
2956 1822 3057 1878 καί
3083 1824 3479 1892 πλανώμενοι.
3500 1827 3695 1894 Μηδέν

2115 1930 2173 1966 σε
2216 1913 2534 1982 θορυσείτω,
2589 1915 2638 1968 εἰ
2692 1915 2890 1967 ἐκεῖνοι
2926 1917 2984 1968 ὲν
3016 1915 3272 1985 εὐθυμία,
3298 1916 3364 1968 σὺ
3397 1917 3453 1969 δὲ
3481 1917 3539 1968 ὲν
3565 1935 3696 1969 πει-

2113 2005 2344 2072 ρασμοῖς
2391 2019 2406 2033 ·
2437 2001 2610 2066 οὕτως
2638 2002 2749 2073 ἔχει
2775 2005 2808 2072 ἡ
2836 2003 2996 2072 φύσις
3014 2003 3124 2057 τῶν
3153 2003 3513 2074 πραγμάτων.
3554 2006 3693 2057 ’Λπ-

2109 2093 2282 2146 εδύσω
2301 2096 2381 2157 είς
2403 2093 2492 2146 τὸν
2521 2094 2730 2162 ἀγῶνα,
2757 2095 2971 2163 ἀνάγκη
3005 2096 3153 2148 ἐστὶν
3195 2095 3435 2166 ἱδρώτων
3485 2112 3545 2148 σε
3591 2095 3696 2162 γέ-

2114 2201 2254 2249 μειν.
2303 2185 2553 2254 Ἀνόητον
2605 2184 2699 2237 οὖν
2738 2185 2800 2238 τὸ
2833 2187 2890 2238 ὲν
2934 2185 3103 2254 ἀγῶνι
3155 2186 3340 2242 ἄνεσιν
3379 2186 3583 2256 ζητεῖν.
3627 2186 3699 2239 El

2110 2277 2218 2346 γὰρ
2258 2280 2355 2332 καὶ
2381 2277 2595 2331 δοκοῦσι
2649 2279 3004 2349 προκόπτειν,
3054 2277 3171 2332 ἀλλ’
3213 2281 3316 2353 οὐξι
3363 2279 3480 2332 ἔστι
3531 2278 3698 2330 τοῦτο

2113 2367 2389 2437 προκοπὴ.
2427 2367 2488 2420 τὸ
2513 2367 2831 2420 εὐοδοῦσθαι
2887 2366 3083 2427 αὐτοὺς
3112 2369 3170 2420 ὲν
3194 2367 3260 2435 τῇ
3325 2366 3522 2437 πλάνῃ.
3568 2363 3702 2432 Ἑρ-

2114 2457 2363 2528 μηνεύων
2393 2459 2500 2528 γὰρ
2525 2461 2578 2511 τί
2617 2461 2732 2513 ἐστι
2778 2459 2848 2514 τὸ
2893 2460 3114 2528 χεῖρον,
3171 2453 3319 2524 εἶπε,
3357 2458 3418 2511 τὸ
3479 2443 3702 2527 ἷτλανᾷν

2111 2551 2207 2605 καὶ
2246 2550 2574 2604 πλανᾶσθαι.

2184 2643 2268 2696 Σὺ
2301 2644 2369 2696 δὲ
2396 2643 2544 2712 μένε
2581 2643 2652 2696 ἐν
2683 2639 2776 2707 οἷς
2821 2642 3040 2710 ἔμαθες
3095 2643 3197 2696 καὶ
3227 2643 3584 2708 ἐπιστώθης.
3615 2645 3697 2698 Σὺ

2110 2736 2188 2798 δὲ,
2225 2735 2411 2804 φησιν,
2449 2735 2850 2804 ἁπερὶτρεπτος
2897 2733 3007 2798 ἔσο,
3062 2733 3160 2786 καὶ
3210 2733 3296 2802 μὴ
3345 2733 3699 2802 παραζήλου

2112 2831 2180 2883 ἐν
2197 2826 2720 2895 πονηρειιομένοις,
2738 2826 2896 2894 μηδὲ
2921 2826 2994 2879 ἐν
3015 2825 3303 2894 ἀνθρώπῳ
3337 2827 3700 2881 κατευοδου-

2109 2923 2272 2992 μένῳ
2313 2920 2359 2951 ⁸³
2386 2921 2457 2974 ἐν
2481 2919 2555 2988 τῇ
2585 2919 2703 2985 ὀδῷ
2734 2919 2944 2973 αὐτοῦ.
2971 2921 3081 2988 οὐχ
3109 2921 3299 2982 ἁπλῶς
3352 2921 3409 2973 δὲ
3465 2920 3696 2988 ἔμαθες,

2114 3013 2250 3064 ἀλλὰ
2279 3013 2372 3065 καὶ
2413 3010 2742 3078 ἐπιστώθης,
2810 3009 3080 3072 τουτέστι,
3121 3011 3258 3080 μετὰ
3314 3011 3700 3080 πληροφορίας

2115 3102 2334 3173 ἔμαθες.
2383 3103 2546 3154 Ὥστε
2576 3101 2679 3155 κᾶν
2719 3103 2937 3155 ἐναντία
2969 3103 3101 3173 ὁρᾷς
3127 3101 3238 3155 τῶν
3267 3102 3697 3166 πιστευθέντων,

437 3190 717 3244 diversum
746 3205 941 3247 cernas
972 3195 1038 3246 ab
1057 3208 1122 3247 eo
1141 3195 1286 3262 quod
1309 3197 1614 3261 credidisti,
1649 3216 1715 3255 ne
1739 3203 2004 3258 turberis:

2117 3195 2192 3266 μὴ
2222 3193 2454 3264 θορυϐοῦ
2480 3235 2496 3259 ,
2525 3195 2649 3246 ἐπεὶ
2681 3195 2778 3246 καὶ
2835 3193 3086 3263 Ἀϐραὰμ
3143 3192 3383 3254 ἀκούσας
3413 3234 3428 3258 ,
3459 3194 3542 3246 ὅτι
3591 3195 3701 3247 Ἐν

440 3280 884 3350 quandoquidem
930 3285 1287 3340 etAbraham
1337 3298 1624 3356 postquam
1692 3293 2010 3361 audivisset,

440 3375 507 3425 In
541 3369 697 3426 Isaac
727 3374 998 3427 vocabitur
1030 3377 1123 3429 tibi
1153 3394 1344 3442 semen,
1365 3393 1488 3433 cum
1520 3383 2014 3454 posthacjugularc

442 3480 565 3519 cum
601 3465 908 3534 jubcretur,
945 3483 1050 3522 non
1086 3470 1429 3526 turbabatur.
1536 3463 1538 3465 ί

513 3555 699 3611 Sciens
727 3576 759 3612 τι
781 3576 881 3629 quo
907 3559 1180 3625 didiceris,
1207 3573 1254 3616 et
1299 3564 1439 3632 quod
1469 3566 1535 3618 ab
1568 3567 1799 3634 infantia
1828 3585 2013 3625 sacras

443 3651 648 3704 litteras
699 3652 858 3706 nosti.
915 3652 1058 3708 Duas
1110 3670 1308 3711 causas
1357 3658 1580 3714 adducit
1625 3668 1850 3729 prepter
1877 3677 2015 3732 quas

441 3752 695 3810 oporteat
719 3760 842 3799 eum
877 3745 1209 3801 immobilem
1243 3762 1565 3816 permanere
1593 3767 1608 3816 ;
1633 3761 1686 3805 et
1722 3752 1867 3821 quod
1903 3769 2013 3809 non

442 3852 470 3886 ιι
513 3836 719 3906 vulgari
767 3837 949 3906 aliquo
993 3837 1254 3904 didicisti,
1301 3841 1496 3910 inquit,
1551 3843 1647 3897 sed
1699 3859 1730 3898 a
1799 3844 2012 3913 Paulo;

445 3928 550 3992 rel,
585 3930 731 3997 quod
759 3929 900 3984 idem
933 3930 1096 3994 valet,
1127 3944 1158 3984 ιι
1182 3929 1404 3987 Christo
1441 3951 1453 3987 :
1490 3942 1546 3989 et
1571 3935 1700 4003 quia
1734 3950 1844 3990 non
1871 3937 2014 4004 heri,

443 4026 540 4072 aut
594 4033 769 4086 nuper
825 4017 1088 4082 didicisti,
1137 4021 1232 4076 sed
1276 4023 1344 4076 ab
1394 4023 1647 4092 infantia,
1683 4041 1748 4080 ac
1795 4029 2015 4086 radices

443 4110 556 4179 egit
585 4109 639 4162 ln
664 4117 718 4164 te
747 4111 975 4165 scientia
1010 4112 1232 4180 pietatis
1267 4131 1280 4168 :
1316 4129 1486 4183 quare
1522 4129 1630 4171 non
1662 4121 1938 4186 permittet
1963 4129 2017 4178 te

446 4200 653 4268 aliquid
683 4202 848 4254 stulte
875 4200 1076 4266 iacere,
1129 4209 1188 4256 ut
1225 4203 1474 4274 plerique
1499 4208 1700 4264 solent.
1731 4209 1834 4276 Qui
1867 4212 2014 4267 enim

367 4339 393 4363 _.
446 4290 758 4359 Scripturas
825 4293 1052 4360 perinde
1102 4295 1256 4348 novit
1310 4305 1371 4349 ut
1431 4308 1667 4367 Oportet,
1736 4317 2014 4373 nunquam

447 4391 808 4449 pervertetur.
865 4383 1062 4442 Sacras
1131 4396 1310 4443 autem
1361 4390 1570 4449 litteras
1627 4394 1867 4451 divinam
1922 4413 2018 4469 ap-

448 4474 608 4544 pellat
641 4473 1005 4546 Scripturam.
1044 4477 1157 4532 Hoc.
1195 4495 1360 4549 porro
1398 4493 1480 4536 est
1523 4483 1789 4542 adversus
1830 4485 2012 4544 Simo.

2129 3281 2335 3335 Ἰσαὰκ
2407 3279 2778 3349 κληθήσεταί
2836 3297 2935 3335 σοι
2981 3283 3239 3349 σπέρμα,
3323 3277 3442 3335 εἷτα
3494 3282 3704 3352 σφάξαι

2115 3370 2302 3424 τοῦτον
2325 3372 2702 3442 κελευόμενος,
2735 3373 2834 3424 οὐκ
2867 3372 3215 3442 ἐταράττετο.

2188 3558 2376 3624 Εἰδὼς
2395 3558 2553 3625 παρὰ
2579 3557 2744 3622 τινος
2774 3556 3011 3625 ἔμαθες,
3030 3558 3126 3610 καί
3147 3557 3236 3612 ὅτι
3273 3559 3394 3614 ἀπὸ
3423 3561 3700 3629 βρέφους

2115 3648 2187 3703 τὰ
2247 3652 2373 3717 ιερὰ
2401 3648 2711 3718 γράμματα
2740 3648 2928 3715 οἶδας.
2958 3649 3062 3702 Δύο
3093 3651 3272 3714 αἰτίας
3303 3651 3451 3720 λέγει
3472 3653 3564 3706 τοῦ
3585 3654 3703 3710 δεῖν

2116 3741 2278 3793 αὑτὸν
2297 3739 2697 3808 ἀπερίτρεπτον
2728 3739 2928 3808 μένειν,
2957 3737 3084 3792 Ὅτι
3105 3755 3164 3793 τε
3193 3743 3254 3794 οὐ
3292 3743 3442 3810 παρὰ
3467 3743 3560 3796 τοῦ
3603 3761 3710 3796 τυ·-

2117 3833 2305 3902 χόντος
2332 3831 2554 3901 ἔμαθες,
2581 3835 2767 3902 φησιν,
2803 3831 2941 3886 ἀλλὰ
2985 3833 3137 3903 παρά
3187 3833 3422 3898 Παύλου,
3471 3831 3588 3888 ἴσον
3638 3837 3700 3890 δὲ

2117 3925 2309 3990 εἰπεῖν,
2344 3923 2428 3977 ὅτι
2451 3925 2544 3977 καὶ
2573 3923 2814 3994 Χριστοῦ
2845 3940 2859 3954 ·
2897 3925 2996 3978 καὶ
3021 3925 3104 3978 ὅτι
3134 3926 3196 3978 οὐ
3235 3925 3361 3994 χθὲς
3382 3927 3477 3982 καὶ
3501 3927 3701 3998 πρώην

2117 4015 2343 4088 ἔμαθες,
2373 4018 2511 4070 ἀλλὰ
2533 4019 2642 4072 ἀπὸ
2675 4017 2933 4088 βρέφους,
2973 4019 3068 4072 καὶ
3127 4019 3472 4091 ὲρριζωμένη
3545 4022 3700 4075 ἑστιν

2115 4109 2175 4160 ἐν
2209 4110 2293 4162 σοι
2322 4111 2355 4180 ἡ
2381 4110 2501 4166 θεία
2529 4110 2751 4177 γνῶσις.
2789 4111 2950 4164 Ὥστε
3007 4111 3110 4164 οὐκ
3142 4111 3346 4181 ἀφήσει
3411 4127 3471 4163 σε
3529 4111 3698 4181 ἀνόη-

2113 4201 2208 4255 τόν
2270 4217 2324 4254 τι
2362 4200 2578 4263 παθεῖν,
2613 4203 2717 4255 καὶ
2751 4195 2863 4256 οἷον
2913 4203 2963 4254 oi
3033 4202 3240 4257 πολλοί.
3311 4202 3373 4256 '0
3422 4203 3532 4271 γὰρ
3597 4203 3696 4267 τὰς

2114 4291 2341 4361 Γραφὰς
2371 4291 2548 4356 εἰδὼς,
2576 4291 2650 4355 ὡς
2715 4291 2818 4360 δεῖ,
2872 4292 3130 4346 οὐδέποτε
3192 4295 3686 4365 περιτραπήσεται.

2127 4383 2269 4453 Ἱερὰ
2294 4383 2350 4436 δὲ
2376 4384 2681 4454 γράμματα
2739 4385 2836 4454 τὴν
2867 4384 3015 4438 θείαν
3055 4385 3204 4453 λέγει
3232 4385 3478 4456 Γραφήν.
3523 4385 3699 4440 Τοῦτο

2119 4476 2260 4528 κατὰ
2278 4476 2542 4546 Σίμωνος,
2567 4477 2662 4529 καὶ
2694 4477 2994 4538 Μάνεντος,
3042 4478 3139 4530 καὶ
3193 4477 3408 4532 πάντων
3458 4477 3568 4532 τῶν
3595 4479 3700 4549 τὴν

655 4527 1004 4546 --.τίν---η
1195 4527 1356 4549 των
1400 4527 1480 4536 ---
1523 4527 1789 4542 mw...“
1830 4527 2011 4544 ...ωυ-

446 4582 592 4633 nem,
625 4575 680 4622 et
709 4568 1001 4633 Manetem,
1027 4579 1081 4624 et
1109 4585 1304 4628 omnes
1331 4574 1422 4644 qui
1468 4571 1636 4631 Vetus
1689 4574 2011 4634 Testamen-

2121 4527 2379 4622 uaiiiii
2401 4527 2644 4636 πονηράν
2674 4527 3108 4623 ἀποκαλούντων.

443 4669 558 4713 tum
585 4674 810 4728 pravum
846 4662 1146 4730 apponant.

515 4746 681 4802 Vens.
720 4748 806 4802 15.
829 4750 974 4813 Qua:
1005 4760 1054 4804 te
1099 4765 1316 4820 possunt
1349 4756 1608 4812 instruere
1643 4758 1712 4811 ad
1764 4759 2013 4828 salutem,

337 4829 340 4831 Α
442 4857 538 4908 per
556 4839 712 4907 fidem
739 4857 854 4909 qua
877 4850 955 4896 est
983 4843 1037 4896 in
1059 4843 1188 4897 Iesu
1218 4845 1453 4902 Christo.
1491 4847 1608 4902 Non
1653 4855 2014 4920 quemadmo-

441 4933 574 4986 dum
610 4942 850 4987 externa.
875 4934 1106 4989 scientia
1157 4936 1432 4993 hominem
1476 4941 1718 4997 instituit
1762 4945 1828 4998 ad
1863 4946 2016 5000 frau-

441 5024 564 5078 dem
602 5032 657 5078 et
689 5025 1045 5094 imposturas,
1088 5038 1144 5082 e-t
1177 5031 1470 5085 verborum
1513 5049 1747 5104 pugnas,
1783 5050 1848 5091 ex
1889 5039 2014 5106 qui-

444 5116 547 5169 bus
573 5116 770 5171 anims:
804 5117 1058 5172 interitus
1093 5123 1361 5189 provenit,
1398 5123 1480 5180 sic
1525 5127 1709 5180 divina
1747 5131 2011 5198 cognitio,

442 5206 538 5260 scd
589 5221 650 5260 ea
708 5206 949 5262 instituit
1007 5209 1073 5263 ad
1113 5211 1364 5266 salutem.
1398 5213 1676 5280 Qualem?
1725 5217 1844 5273 Non
1893 5235 2012 5275 eam

443 5310 565 5363 qua!
605 5304 692 5352 est
731 5313 825 5366 per
868 5313 1057 5369 opera,
1096 5315 1205 5354 non
1246 5319 1368 5372 qua:
1397 5320 1494 5373 per
1535 5309 1724 5373 verba,
1765 5311 1858 5365 sed
1893 5325 2016 5380 quae

443 5395 527 5440 est
565 5403 658 5455 per
697 5389 1010 5446 lidemJesu
1043 5392 1269 5449 Christi.
1299 5395 1482 5452 Sacra:
1523 5399 1668 5453 enim
1718 5399 2017 5471 Scriptum

443 5480 606 5549 612
637 5479 845 5535 ducunt
881 5485 1156 5542 hominem
1196 5497 1257 5542 ut
1298 5487 1519 5547 Christo
1551 5493 1757 5562 credat,
1795 5495 1893 5565 qui
1929 5512 2016 5552 sa-

450 5575 614 5625 lutem
649 5572 721 5624 illi
755 5575 1026 5631 conciliat.

520 5689 563 5718 ⁸ο
585 5686 729 5744 Psal.
751 5705 937 5757 xxxvi,
971 5695 1018 5745 l.

2193 4753 2276 4807 Τὰ
2300 4749 2603 4819 δυνάμενὰ
2629 4764 2706 4804 σε
2737 4750 2990 4818 σοφίσαι
3016 4752 3104 4816 εἰς
3126 4750 3430 4819 σωτηρίαν
3474 4749 3572 4806 διὰ
3601 4753 3699 4806 πί-

2119 4861 2309 4910 στεως
2334 4842 2442 4910 τῆς
2469 4843 2538 4896 ἐν
2564 4841 2797 4911 Χριστῷ
2839 4842 3069 4910 Ἰησοῦ.
3126 4841 3240 4911 Οὐχ
3301 4843 3547 4914 ὥσπερὴ
3579 4844 3689 4910 ἔξω

2118 4937 2323 5007 γνῶσις
2357 4935 2567 5006 σοφίζει
2597 4934 2692 4988 τὸν
2724 4933 3013 5003 ἄνθρωπον
3040 4935 3123 4997 είς
3181 4934 3398 5005 ἀπάτην
3451 4936 3548 4990 καὶ
3605 4953 3698 4991 σο-

2117 5031 2366 5100 φίσματα
2395 5029 2488 5082 καὶ
2536 5027 2894 5098 λογομαχίας,
2947 5027 3004 5094 ἐξ
3053 5020 3129 5080 ὧν
3187 5027 3437 5082 ἀπώλεια
3495 5029 3698 5100 ψυχῆς,

2115 5124 2258 5177 οὕτω
2279 5123 2374 5176 καὶ
2400 5124 2433 5192 ἡ
2457 5119 2579 5173 θεία
2613 5119 2837 5188 γνῶσις,
2878 5119 2992 5171 ἀλλ’
3027 5119 3168 5190 αὑτὴ
3201 5119 3410 5189 σοφίζει
3465 5123 3546 5183 είς
3593 5138 3701 5175 σω-

2116 5217 2337 5287 τηρίαν.
2369 5212 2574 5277 Ποίαν,
2605 5210 2682 5266 Οὐ
2712 5211 2811 5279 τὴν
2840 5209 2907 5262 δι’
2941 5208 3139 5280 ἔργων,
3173 5211 3234 5262 οὐ
3263 5210 3362 5280 τὴν
3384 5211 3478 5264 διὰ
3499 5211 3698 5280 λόγων,

2117 5308 2253 5363 ἀλλὰ
2282 5307 2383 5376 τὴν
2421 5305 2512 5358 διὰ
2560 5303 2799 5365 πίστεως
2865 5302 3039 5371 Ἰησοῦ
3081 5301 3342 5373 Χριστοῦ.
3407 5302 3697 5374 Ὀδηγοῦσι

2127 5400 2236 5469 γὰρ
2263 5399 2319 5451 al
2351 5397 2502 5465 ἅγιαι
2530 5395 2745 5466 Γραφαὶ
2777 5393 2872 5447 τὸν
2901 5393 3188 5465 ἄνθρωπον
3209 5397 3287 5460 εἰς
3313 5396 3376 5452 τδ
3408 5397 3700 5453 πιστεῦσαι.

2127 5493 2369 5566 Χριστῷ,
2396 5489 2671 5562 σωτηρίαν
2694 5489 2842 5561 αὐτῷ
2876 5489 3271 5562 περιποιοῦντι.

1802 5778 1995 5840 Varia:
2027 5779 2351 5843 lectiones.

526 5861 572 5893 ³³
612 5862 992 5935 εὐδοκιμοῦντι
1017 5885 1089 5925 m.
