4078 6420
465 375 572 441 135

1286 368 1870 431 THEOPHYLACTl
1908 365 2321 428 BULGARLE
2357 367 2712 428 ARCIllEP.

3626 366 3725 429 136

459 480 813 540 consentiant
844 476 1151 549 suppliciis,
1178 477 1282 531 hoc
1300 492 1331 530 a
1357 476 1483 530 divo
1505 472 1676 528 Paulo
1699 472 1906 526 dictum
1928 479 2011 525 est
2037 485 2045 535 ;

2159 471 2269 541 Ούχ
2301 470 2376 534 ὡς
2401 471 2514 526 τῶν
2542 473 2713 541 ἁγίων
2757 473 2814 525 δὲ
2843 474 2964 536 ταῖς
2985 471 3282 543 τιμωρίαις
3311 468 3727 543 ὲπιτρέχόντων,

460 589 654 630 verum
687 569 834 641 quod
870 569 1022 622 verbi
1056 567 1376 638 praedicatio
1412 579 1603 619 eorum
1637 564 1730 634 qui
1757 563 1858 632 ipsi
1887 570 2045 616 erant

459 663 857 735 impedimento
909 660 1263 730 repressione
1329 673 1468 726 opus
1521 656 1734 721 habuit,
1791 663 1846 708 et
1897 650 2043 723 quod

460 754 850 811 imbecilliores
873 753 1038 808 etiam
1066 751 1194 807 hinc
1217 752 1456 805 maxime
1494 747 1935 802 consolarentur.

415 914 422 976 ⁷
529 937 699 993 Vens.
740 935 826 991 i5.
873 935 1038 999 Quem
1069 942 1118 987 et
1151 943 1205 986 tu
1231 933 1425 986 devita.
1451 929 1571 985 Non
1597 929 1736 984 dixit
1777 947 1790 984 :
1825 927 2046 1000 Suppli-

463 1031 553 1085 cio
589 1028 764 1090 adice,
796 1035 891 1080 aut
925 1024 1055 1094 puni
1117 1023 1358 1096 (etiamsi
1403 1021 1606 1076 licebat
1666 1035 1764 1090 per
1813 1019 2044 1090 gratiam

462 1121 700 1192 Spiritus
718 1122 841 1192 haec
882 1115 1115 1186 facere),
1154 1114 1250 1170 sed
1281 1115 1544 1178 dcvitare,
1577 1113 1682 1168 hoc
1745 1119 1852 1174 est,
1879 1110 2048 1166 decli-

458 1190 595 1270 nare
634 1221 686 1266 et
715 1190 973 1265 secedere
1003 1210 1070 1264 ab
1099 1225 1164 1265 eo
1190 1209 1367 1279 jubet,
1407 1221 1472 1261 ac
1500 1206 1610 1260 Deo
1633 1203 1931 1266 vindictam
1962 1219 2047 1258 re-

457 1306 729 1373 linquere.

541 1393 710 1448 Valde
755 1409 980 1462 namque
1032 1393 1226 1446 restitit
1263 1406 1433 1445 vernis
1485 1389 1707 1443 nostris.
1773 1387 1890 1444 Hoc
1940 1397 2043 1455 est,

456 1493 666 1557 pugnat
691 1485 982 1540 adversum
1017 1498 1125 1546 me,
1178 1490 1344 1552 atque
1387 1481 1667 1550 Evangelii
1722 1481 1905 1536 verbis
1948 1481 2046 1535 ad—

454 1587 728 1632 versatur.

528 1666 697 1721 Vens.
724 1667 809 1722 16.
841 1665 908 1720 1η
931 1666 1106 1735 prima
1134 1683 1252 1720 mea
1282 1667 1752 1735 defensionenemo
1795 1667 1925 1720 mihi
1949 1664 2047 1719 ad-

457 1759 585 1830 fuit,
627 1760 717 1814 sed
768 1776 946 1813 omnes
984 1776 1064 1812 me
1131 1758 1544 1828 dereliquerunt.
1609 1758 1851 1813 Rursum
1907 1756 2045 1810 alias

461 1850 802 1905 tentationes
823 1861 1070 1914 enarrat,
1102 1866 1214 1919 quo
1244 1851 1419 1920 magis
1448 1850 1780 1920 discipulum
1824 1849 1890 1904 ad
1923 1864 2044 1904 cer-

460 1953 646 1996 tamen
669 1942 892 1998 excitet.
931 1941 1173 1995 Primam
1206 1950 1389 1996 autem
1427 1941 1801 1997 defensionem
1832 1941 2046 2011 qualem

459 2033 598 2088 dicit
630 2035 651 2088 ?
689 2032 999 2089 Sistebatur
1030 2033 1267 2104 primum
1297 2031 1526 2099 Neroni,
1565 2040 1621 2089 et
1671 2032 1860 2103 eﬂugit
1902 2047 2048 2086 mor-

458 2134 594 2191 tem,
630 2126 766 2181 adeo
797 2134 854 2179 ut
879 2126 947 2180 ab
987 2141 1051 2180 eo
1094 2127 1259 2181 etiam
1294 2133 1540 2195 tempore
1563 2125 1890 2196 przedicaret
1923 2141 2048 2180 ver-

453 2218 609 2272 bum.
650 2217 949 2288 Postquam
975 2233 1104 2272 vero
1130 2219 1454 2287 pincernam
1502 2219 1624 2287 ejus
1658 2218 1712 2272 in
1758 2217 1863 2272 ﬁde
1889 2217 2049 2274 insti-

461 2309 690 2371 tuisset,
721 2309 940 2363 insania
970 2320 1287 2365 exaestuans
1316 2310 1462 2364 Nero
1491 2310 1846 2364 obtruncavit
1901 2325 2047 2368 eum.

455 2398 761 2454 Tristitiam
787 2409 968 2454 autem
996 2401 1200 2455 indicat
1247 2402 1391 2470 quod
1425 2404 1504 2454 ait
1547 2417 1561 2455 :
1599 2401 1791 2456 Omnes
1837 2419 1916 2454 me
1963 2403 2051 2456 de-

457 2490 829 2560 reliquerunt:
861 2491 1088 2560 perinde
1116 2491 1465 2560 quasidicat,
1501 2491 1799 2545 Domestici
1833 2493 1933 2545 mei
1965 2507 2052 2546 me

460 2581 849 2653 prodiderunt,
873 2583 1136 2652 omnique
1162 2584 1544 2638 consolatione
1579 2583 1878 2639 destitutus
1902 2600 2046 2640 sum.

456 2672 724 2738 Quocirca
755 2682 810 2728 et
840 2681 900 2727 tu
929 2676 981 2727 in
1015 2674 1275 2744 periculis
1296 2674 1593 2731 destitutus
1620 2690 1707 2728 me
1741 2675 2048 2746 exemplum

458 2763 562 2819 tibi
595 2779 749 2819 sume
783 2763 850 2819 ad
882 2766 1344 2820 consolationem.

527 2856 653 2913 Non
708 2858 998 2926 imputetur
1075 2858 1226 2926 ipsis.
1311 2857 1722 2912 Animadvertis
1774 2857 2051 2926 quomodo

454 2957 652 3020 parcat
685 2950 804 3005 suis
829 2951 852 3002 ?
877 2949 1042 3018 Atqui
1096 2964 1207 3004 rem
1245 2964 1464 3019 gravem
1505 2949 1845 3004 admiserant
1892 2949 2051 3004 fami-

455 3040 624 3096 liares
649 3051 816 3110 atque
842 3040 1130 3096 domestici
1157 3039 1304 3110 ejus,
1333 3041 1583 3110 adeoque
1638 3049 2049 3112 cooperatores,

2148 563 2307 616 τοῦτο
2339 564 2560 634 εἴρηται
2583 565 2733 633 παρά
2786 564 2882 618 τοῦ
2935 566 3176 632 Παύλου,
3199 566 3312 620 ἀλλ’
3338 566 3414 629 ὡς
3437 566 3534 619 τοῦ
3557 569 3732 638 κηρύ-

2149 671 2360 724 γματος
2380 656 2640 726 δεομένου
2659 658 2758 728 τῆς
2785 658 2894 710 τῶν
2928 658 3332 726 ἐμποδιζόντων
3359 657 3508 728 αύτῷ
3540 677 3730 714 συστο-

2148 747 2268 814 λῆς,
2294 747 2430 800 ἀλλά
2458 749 2550 801 καὶ
2571 750 2679 802 τῶν
2707 749 3112 820 ἀσθενεστέρων
3143 750 3208 803 ἐκ
3241 749 3436 812 τούτου
3469 768 3733 823 παραμυι

2150 837 2242 890 θου
2251 839 2426 907 μένων
2463 839 2532 893 τά
2580 840 2830 910 μέγιστα.

2227 931 2335 982 Ὃν
2365 930 2568 985 καὶσὺ
2595 931 2949 999 φυλάσσου.
2991 933 3110 986 Οὐκ
3171 929 3316 999 εἶπε,
3375 933 3728 1005 Τιμώρησον,

2150 1018 2378 1072 κόλασον
2433 1021 2701 1091 (καίτοιγε
2752 1021 2879 1092 ὲνῆν
2922 1023 3011 1076 διά
3054 1024 3153 1093 τῆς
3185 1024 3404 1096 χάριτος
3433 1024 3527 1077 τοῦ
3557 1024 3732 1078 Ilvati-

2151 1129 2322 1182 ματος
2351 1112 2523 1167 ταῦτα
2558 1113 2946 1185 ἐργάσασθαι),
2977 1113 3112 1167 ἀλλά
3145 1114 3541 1185 φυλάσσεσθαι,
3575 1133 3732 1170 τουτ-

2151 1206 2300 1261 έστιν
2369 1206 2660 1270 ἐκκλίνειν,
2716 1209 3021 1278 ἀναχωρεῖν
3065 1208 3161 1261 ἀπ’
3187 1208 3353 1264 αὑτοῦ
3385 1211 3620 1275 κελεύει,
3650 1211 3734 1279 τῷ

2148 1296 2268 1366 Θεῷ
2300 1295 2739 1367 παραχωροῦντα
2771 1296 2872 1366 τῆς
2893 1299 3190 1367 τιμωρίας.

2219 1389 2371 1442 Λιάν
2421 1387 2531 1458 γὰρ
2571 1387 2910 1454 ἁνθέστηκε
2965 1389 3091 1455 τοῖς
3143 1391 3449 1460 ἡμετέροις
3502 1392 3732 1460 λόγοις.

2149 1480 2432 1544 Τουτέστι,
2470 1481 2698 1550 πολεμεῖ
2727 1481 2818 1534 καὶ
2845 1481 3184 1536 ἐναντιοῦται
3212 1485 3322 1546 τοῖς
3357 1482 3453 1536 τοῦ
3478 1484 3733 1551 Εὐαγγε-

2147 1571 2262 1624 λίου
2299 1571 2344 1602 ’⁵⁸
2369 1571 2568 1639 λόγοις.

2233 1663 2336 1716 Ἐν
2357 1660 2432 1730 τῇ
2455 1661 2653 1730 πρώτῃ
2697 1682 2818 1732 μου
2869 1664 3168 1734 ἀπολογίᾳ
3221 1661 3422 1729 οὐδείς
3443 1680 3544 1730 μοι
3583 1679 3740 1732 συμ-

2148 1750 2527 1821 παρεγένετο,
2564 1754 2726 1808 ἀλλὰ
2753 1754 2978 1820 πάντες
3000 1773 3078 1824 με
3103 1755 3519 1824 ἐγκατέλιπον.
3563 1755 3739 1811 Πάλιν

2149 1841 2370 1912 ἑτέρους
2416 1843 2754 1914 πειρασμοὺς
2780 1844 3072 1914 διηγεῖται,
3101 1846 3188 1897 ἵνα
3225 1845 3425 1914 μᾶλλον
3459 1845 3656 1916 ἀλείψῃ
3689 1845 3737 1878 ⁸⁷

2151 1933 2244 1986 τὸν
2278 1934 2547 2006 μαθητὴν.
2584 1935 2816 2006 Πρώτην
2878 1936 2936 1990 δὲ
2985 1937 3282 2006 ἀπολογίαν
3331 1938 3494 1990 ποίαν
3545 1937 3739 2004 λέγεις

2153 2023 2409 2093 Παρέστη
2438 2025 2703 2096 πρότερον
2732 2025 2811 2096 τῷ
2856 2026 3095 2098 Νέρωνι,
3133 2027 3230 2081 καὶ
3265 2027 3490 2097 διέφυγε
3521 2027 3613 2080 τὸν
3641 2027 3743 2082 θά-

2151 2132 2333 2180 νατον,
2363 2115 2506 2170 ὥστε
2535 2120 2630 2172 καὶ
2657 2118 2958 2190 κηρύσσειν
2986 2119 3176 2172 ἔκτοτε
3197 2135 3210 2150 ·
3243 2120 3366 2174 ἐπεὶ
3395 2120 3453 2174 δὲ
3477 2121 3570 2174 τὸν
3597 2122 3744 2175 οἰνοο

2152 2208 2273 2280 χόον
2302 2209 2468 2262 αὐτοῦ
2498 2210 2806 2280 κατήχησε,
2830 2211 2950 2264 τότε
2977 2211 3286 2280 ύπερζέσας
3308 2212 3502 2282 Νέρων
3527 2215 3593 2283 τῇ
3631 2230 3744 2280 μα-

2151 2299 2276 2368 νίᾳ,
2317 2298 2592 2368 ἀπέτεμεν
2657 2299 2846 2354 αὐτόν.
2911 2300 3174 2372 Ἀθυμίαν
3218 2301 3274 2354 δὲ
3333 2301 3589 2372 ἐμφαίνει
3649 2301 3748 2368 τὺ,

2153 2391 2386 2458 Πάντες
2421 2410 2498 2462 με
2549 2391 2944 2462 ἐγκατέλιπον
2964 2410 2978 2424 ·
3006 2394 3207 2447 ὡσανεὶ
3252 2394 3436 2462 ἔλεγε·
3464 2394 3644 2448 Καὶοὶ
3667 2397 3749 2447 ot-

2153 2483 2290 2536 κεῖοί
2334 2502 2425 2554 μοι
2463 2485 2801 2555 προέδωκαν,
2843 2486 2940 2539 καὶ
2991 2486 3175 2556 πάσης
3219 2486 3523 2556 ἐστερήθην
3558 2503 3746 2556 παρα-

2157 2575 2377 2645 μυθίας.
2405 2577 2570 2631 Ὥστε
2625 2579 2721 2630 καὶ
2777 2578 2844 2631 σὺ
2877 2579 2936 2631 ἐν
2981 2578 3176 2641 δεινοῖς
3221 2579 3607 2649 καταλειφθεὶς
3645 2578 3747 2650 ἔχε

2155 2668 2512 2737 παραμυθίαν
2531 2669 2598 2722 τά
2625 2670 2746 2722 κατ’
2777 2670 2899 2739 ἐμέ.

2225 2853 2321 2922 Μὴ
2352 2852 2556 2920 αὐτοῖς
2605 2856 2938 2924 λογισθείη.
2985 2855 3150 2926 Ὁρᾷς
3198 2857 3315 2922 πῶς
3357 2857 3602 2927 φείδεται
3630 2859 3749 2912 τῶν

2154 2946 2408 3012 οἱκείων;
2443 2946 2624 3000 καίτοι
2658 2947 2821 3018 ἔργον
2861 2949 3192 3020 εἰργάσαντο
3231 2950 3406 3004 δεινὸν
3446 2951 3496 3004 οἱ
3549 2952 3750 3006 οἰκεῖοι

2155 3039 2205 3090 οἱ
2250 3040 2523 3106 συνεργοὶ,
2573 3039 3038 3107 ἐγκαταλιπόντες
3081 3042 3262 3096 αὐτόν.
3317 3043 3390 3096 Ού
3439 3044 3550 3114 γάρ
3589 3045 3751 3098 ἐστιν

453 3144 580 3184 cum
611 3130 973 3186 deseruerunt
1001 3145 1145 3184 eum.
1190 3129 1308 3185 Non
1345 3131 1491 3185 enim
1548 3131 1760 3200 mqualc
1785 3132 2042 3197 habetur,

2154 3125 2271 3184 ἴσον
2318 3130 2469 3201 παρὰ
2495 3131 2606 3184 τῶν
2674 3130 2876 3195 ἔξωθεν
2920 3132 3424 3204 καταφρονηθῆναι,
3458 3135 3552 3188 καὶ
3587 3135 3754 3205 παρὰ

453 3220 525 3276 ab
553 3222 804 3276 externis
839 3223 1133 3276 contemni
1168 3229 1222 3276 et
1276 3223 1346 3278 ab
1380 3223 1596 3278 amicis.
1627 3223 1882 3277 Attamen
1926 3239 2043 3294 pre-

457 3319 620 3366 catur
645 3326 715 3367 ne
752 3313 900 3368 istud
931 3312 1237 3381 imputetur
1260 3315 1363 3378 eis,
1397 3314 1541 3383 apud
1566 3312 1737 3369 Deum
1768 3314 2041 3379 videlicet,

454 3417 579 3456 cum
611 3403 747 3458 alias
770 3420 1057 3475 peccatum
1087 3406 1160 3460 sit
1186 3406 1403 3476 ingens,
1428 3419 1491 3460 ac
1522 3405 1744 3476 dignum
1773 3406 1918 3477 quod
1941 3406 2043 3460 im-

460 3503 706 3564 putetur.

528 3583 694 3640 Vttns.
734 3587 821 3640 i7.
861 3586 1123 3644 Dominus
1154 3599 1328 3645 autem
1369 3591 1500 3644 mihi
1526 3591 1722 3646 astitit.
1760 3590 2044 3661 Discipulo

457 3674 605 3730 istud
648 3692 844 3732 rursus
868 3687 951 3733 est
977 3679 1176 3736 solatio
1204 3698 1218 3734 :
1251 3681 1494 3736 ostendit
1523 3682 1669 3736 enim
1712 3684 1857 3752 quod
1903 3684 2044 3738 Deus

456 3779 566 3818 non
597 3769 743 3820 sinat
771 3782 894 3821 cum
928 3770 1116 3838 gravia
1177 3771 1421 3842 pericula
1484 3775 1784 3841 sustinere,
1831 3775 1926 3843 qui
1977 3774 2045 3830 ab

451 3855 770 3914 hominibus
787 3859 1213 3931 derelinquitnr.

519 3944 591 3998 Et
612 3949 934 4019 confortauit
967 3968 1068 4005 me.
1111 3952 1229 4008 Hoc
1254 3960 1361 4021 est,
1407 3954 1665 4010 ﬁduciam
1738 3957 1912 4023 dedit,
1945 3973 2045 4014 nec

457 4039 716 4106 permisit
743 4056 828 4094 me
853 4044 1239 4100 succumbere.

520 4129 691 4199 618
729 4128 795 4182 Ut
821 4148 912 4199 per
939 4149 1020 4187 me
1043 4135 1361 4202 pra'dicatt'o
1417 4137 1726 4208 impleatur.
1794 4140 2042 4196 Observa

450 4224 725 4287 ingentem
757 4221 880 4292 ejus
918 4225 1308 4286 humilitatem.
1339 4227 1459 4284 Non
1491 4233 1636 4286 enim
1661 4233 1809 4302 quod
1843 4234 2044 4303 dignus

448 4312 554 4366 sim
647 4312 768 4381 ejus
835 4314 1004 4380 dono,
1095 4320 1431 4378 confortavit
1522 4339 1630 4392 me,
1689 4326 1890 4396 inquit,
1947 4329 2042 4383 sed

447 4411 507 4456 ut
537 4402 852 4471 prwdicatio
886 4424 978 4476 per
1005 4426 1082 4463 me
1103 4412 1411 4480 impleatur,
1435 4415 1538 4470 hoc
1563 4425 1668 4482 est,
1701 4413 2036 4486 stalriliatui',

2148 3221 2260 3275 τῶν
2285 3222 2524 3276 οἰκείων.
2569 3222 2712 3275 Ἀλλ’
2745 3223 2896 3293 ὅμως
2918 3223 3136 3294 εὔχεται
3171 3225 3248 3295 μὴ
3289 3224 3607 3296 λογισθῆναι
3641 3226 3750 3279 αύ-

2146 3310 2258 3371 τοῖς
2281 3307 2459 3371 τοῦτο,
2498 3310 2650 3381 παρὰ
2685 3311 2804 3381 Θεῷ
2850 3312 3074 3384 δηλαδὴ,
3107 3312 3286 3378 ἄλλως
3339 3313 3644 3386 ἁμάρτημα
3680 3315 3750 3371 ὃν

2150 3399 2317 3469 μέγα,
2355 3401 2452 3455 καὶ
2480 3400 2631 3467 ἄξιον
2660 3402 2996 3471 λογίζεσθαι.

2232 3582 2394 3638 Ἀλλ’
2447 3585 2478 3635 ό
2533 3583 2748 3652 Κύριός
2795 3600 2895 3652 μοι
2951 3585 3247 3657 παρέστη.
3298 3585 3470 3641 Τοῦτο
3499 3585 3548 3622 ⁸⁸
3571 3587 3744 3646 πάλιν

2148 3677 2480 3748 παραμυθία
2504 3677 2582 3748 τῷ
2614 3679 2830 3748 μαθητῇ
2856 3694 2868 3708 ο
2907 3678 3147 3733 δείκνυσι
3179 3679 3310 3751 γὰρ,
3343 3681 3428 3733 ὅτι
3465 3681 3556 3735 τὸν
3583 3683 3746 3752 παρά

2148 3770 2450 3840 ἀνθρώπων
2508 3769 3044 3841 ὲγκαταλειπόμενον
3094 3771 3428 3844 ούκάφίησί
3466 3790 3521 3827 τι
3564 3773 3748 3830 δεινὸν

2147 3862 2342 3916 παθεῖν
2382 3864 2410 3915 ὁ
2448 3862 2601 3926 Θεός.

2214 3954 2322 4010 Kal
2344 3953 2872 4024 ἐνεδυνάμωσέμε.
2898 3955 3180 4021 Τευτέστι,
3201 3954 3519 4028 παρρησίαν
3548 3957 3745 4030 ἐχαρι-

2150 4063 2306 4111 σατο,
2338 4045 2439 4097 οὐκ
2480 4044 2661 4115 ἀφῆκε
2697 4048 3050 4100 καταπεσεῖν.

2220 4139 2343 4191 Ἵνα
2364 4135 2439 4188 δι’
2461 4135 2610 4204 ἐμοῦ
2646 4136 2712 4189 τὸ
2769 4135 3044 4204 κήρυγμα
3079 4139 3537 4208 πληροφορηθῇ.
3593 4141 3740 4211 Ὅρα

2146 4227 2244 4298 τὴν
2270 4227 2473 4297 πολλὴν
2502 4251 2504 4253 ν
2534 4225 2703 4280 αὑτοῦ
2755 4232 3285 4300 ταπεινοφροσύνην.
3334 4234 3447 4302 Οὐχ
3482 4233 3558 4297 ὡς
3584 4233 3739 4299 ἄξιον

2147 4319 2277 4390 γὰρ,
2306 4320 2463 4388 φησὶ,
2489 4321 2671 4388 τυχεῖν
2692 4318 2793 4388 τῆς
2817 4318 3027 4390 δωρεᾶς
3073 4321 3452 4393 ὲνεδυνάμωσέ
3487 4340 3578 4395 με,
3610 4323 3735 4379 ἀλλ’

2147 4412 2248 4466 ἶνα
2295 4411 2362 4465 τὸ
2395 4408 2669 4479 κήρυγμα
2691 4410 2767 4463 δι’
2792 4411 2940 4480 ἐμοῦ
3001 4414 3458 4483 πληροφορηθῇ,
3488 4417 3736 4472 τουτέστι

449 4492 533 4545 vel
581 4494 648 4546 ad
687 4495 846 4550 tinem
879 4500 1162 4566 perveniat
1220 4511 1276 4557 et
1311 4504 1606 4574 impleatur
1637 4523 1650 4559 :
1684 4509 2040 4576 quemadmo-

2151 4504 2449 4577 βεϐαιωθῇ.
2479 4505 2511 4573 ἧ
2540 4504 2621 4567 εἰς
2638 4505 2810 4574 πέρας
2835 4504 2962 4575 ἔλθη
2989 4506 3086 4557 καὶ
3116 4506 3379 4578 πληρωθῇ
3402 4525 3416 4540 ο
3445 4508 3636 4581 ὥσπερ
3666 4510 3736 4564 ἂν

448 4582 579 4637 dum
619 4585 663 4640 si
715 4587 840 4656 quis
867 4605 1164 4659 purpuram
1205 4608 1269 4647 ac
1291 4594 1541 4650 diadema
1605 4599 1814 4668 regium
1849 4611 2044 4672 gestet,

451 4687 516 4726 ac
545 4684 769 4744 propter
807 4680 920 4732 laec
956 4690 1232 4737 servetur.

522 4762 591 4817 Et
613 4766 838 4820 audiant
869 4785 1048 4824 omnes
1088 4773 1453 4846 geutes.iioc
1495 4784 1598 4841 est,
1639 4786 1698 4831 ut
1752 4780 2042 4851 perspicua

454 4854 549 4908 fiat
580 4867 634 4909 et
664 4856 816 4912 verbi
849 4859 1043 4928 gloria,
1077 4869 1131 4916 et
1165 4863 1365 4920 divinae
1419 4865 1779 4934 providentia:
1832 4870 1901 4924 de
1957 4886 2042 4926 nte

444 4958 597 4998 cura.

517 5038 594 5089 Ac
619 5037 864 5093 liberabit
897 5057 975 5096 me
1000 5059 1066 5097 ea:
1124 5061 1214 5099 ore
1243 5046 1430 5102 leonis.
1463 5047 1577 5104 Hoc
1627 5061 1731 5117 est,
1776 5051 2029 5110 Neronis.

2150 4595 2286 4657 εἴτις
2316 4594 2610 4666 ἁλουργίδα
2637 4595 2733 4650 καὶ
2757 4595 2996 4666 διάδημα
3028 4597 3307 4667 βαστάζοι,
3330 4601 3426 4653 καὶ
3440 4599 3528 4654 διὰ
3559 4601 3736 4656 ταῦτα

2151 4685 2401 4751 σώζοιτο.

2219 4777 2326 4832 Kal
2348 4775 2586 4844 ἀκούσῃ
2615 4775 2813 4832 πάντα
2838 4776 2911 4832 τὰ
2928 4779 3095 4845 ἔθνη.
3115 4777 3429 4847 Τουτέστιν,
3451 4781 3537 4835 ῖνα
3561 4783 3737 4839 κατά-

2145 4867 2305 4936 δηλος
2331 4867 2468 4919 πᾶσι
2520 4866 2747 4936 γένηται
2806 4868 2902 4921 καὶ
2955 4869 3048 4922 τοῦ
3100 4870 3464 4942 κηρύγματος
3508 4874 3542 4943 ἡ
3579 4873 3730 4941 δόξα,

2146 4959 2240 5011 καὶ
2263 4958 2362 5026 τῆς
2391 4974 2458 5010 πε
2471 4959 2522 5028 ρὶ
2547 4957 2647 5027 ἐμὲ
2677 4957 2936 5026 προνοίας
2966 4961 3345 5029 ᾐκηδεμονία.

2212 5047 2318 5101 Καὶ
2352 5047 2651 5116 ἐρῤὐσατό
2681 5064 2757 5117 με
2794 5047 2861 5102 ἐκ
2904 5051 3202 5118 στόματος
3251 5051 3519 5119 λέοντος.
3561 5054 3734 5107 Τουτ·

447 5127 791 5185 lsutmenim
819 5133 1032 5188 leonem
1063 5137 1325 5204 appellat,
1372 5149 1598 5210 propter
1655 5143 1868 5214 imperii
1911 5147 2032 5216 ejus

2151 5139 2256 5192 ἐστι
2322 5139 2415 5193 τοῦ
2463 5139 2737 5209 Νέρωνος.
2786 5139 2992 5193 Λέοντα
3027 5141 3136 5213 γὰρ
3156 5142 3346 5198 τοῦτόν
3373 5162 3526 5216 φησι,
3552 5145 3640 5199 διὰ
3668 5147 3731 5200 τὸ

446 5221 612 5272 robur
631 5229 682 5274 et
720 5223 954 5280 invictas
985 5225 1155 5282 vires.
1191 5225 1323 5284 Vide
1348 5241 1531 5287 autem
1566 5248 1730 5304 quam
1775 5253 1966 5306 parum
2001 5254 2030 5294 a

2151 5230 2362 5300 ἰσχυρὸν
2423 5230 2589 5283 αὑτοῦ
2636 5229 2735 5299 τῆς
2799 5230 3080 5299 βασιλείας
3141 5233 3234 5286 καὶ
3279 5235 3727 5306 ἀκατάπληκτον.

447 5319 619 5365 .norte
654 5311 911 5381 abfuerit,
946 5331 1073 5370 cum
1107 5317 1162 5372 in
1192 5318 1371 5376 leonis
1405 5321 1595 5380 fauces
1646 5326 1920 5382 inciderit.

513 5483 680 5541 Vens.
712 5487 802 5544 18.
835 5487 903 5542 Et
938 5490 1182 5547 liberabit
1208 5510 1287 5549 me
1316 5493 1576 5554 Dominus
1605 5499 1670 5553 ab
1707 5503 1851 5556 omni
1879 5517 2032 5571 apere

2144 5322 2284 5391 Ὅρα
2313 5322 2368 5374 δὲ
2394 5319 2511 5384 πῶς
2538 5321 2689 5391 παρὰ
2733 5322 2930 5392 μικρὸν
2981 5318 3145 5392 ἦλθεν
3172 5324 3490 5394 ἀποθανεῖν,
3523 5329 3601 5391 είς
3631 5329 3730 5381 αὐ-

2139 5413 2230 5467 τὸν
2259 5415 2351 5466 τὸν
2384 5415 2643 5484 φάρυγγα
2681 5413 3028 5480 τοῦλέοντος
3059 5417 3341 5488 ἐμπεσών.

2210 5506 2318 5560 Καὶ
2359 5506 2616 5575 ῥύσεταί
2669 5523 2742 5576 με
2799 5509 2833 5562 ὀ
2879 5509 3095 5578 Κύριος
3133 5511 3252 5566 ἀπὸ
3299 5511 3526 5582 παντὸς
3548 5513 3727 5586 ἔργον

1852 5680 2056 5744 Varia
2088 5681 2416 5747 lectiones.

509 5763 555 5796 "
580 5765 935 5838 κηρύγματος
959 5785 1013 5827 o.
1091 5773 1136 5808 ’⁵⁷
1166 5776 1328 5849 όξύνῃ
1361 5793 1436 5836 m.
1545 5779 1594 5812 “
1619 5779 1727 5834 ἰδοὺ
1784 5795 1840 5838 ο.
