4078 6416
530 358 633 427 I39

1444 348 2028 412 THEOPHYLACTI
2063 348 2473 410 BULGARl/E
2512 345 2870 408 ARCHIEP.

3677 320 3791 400 tito

526 477 692 541 dique
726 470 956 526 reiictus
989 482 1133 532 sum,
1178 474 1238 520 ut
1269 464 1454 519 videre
1501 464 1651 527 licet,
1716 470 1933 516 matura
2010 461 2103 514 ad-

2211 457 2367 512 τοθεν
2415 458 2768 527 μεμόνωμαι,
2817 457 2892 518 ὡς
2943 456 3177 524 συνορᾷν
3234 454 3347 505 ἔστι
3389 453 3454 515 δ’,
3497 449 3794 503 σπούδασον

523 576 747 621 ventum
781 573 957 617 tuum.
983 559 1099 614 Non
1136 557 1275 613 dixit
1301 564 1510 619 autem,
1540 555 1865 621 Priusquam
1905 552 2108 607 morior

525 675 625 727 ego
657 676 669 711 :
700 658 856 712 triste
888 668 1121 723 namque
1153 652 1260 705 hoe
1281 657 1441 704 erat:
1479 662 1688 711 verum,
1714 634 1797 698 Ne
1835 644 1904 699 ab
1930 643 2108 698 hieme

526 743 892 813 prohibearis,
917 750 969 797 et
999 756 1107 795 non
1169 738 1359 793 videas
1417 750 1502 790 me
1568 734 1845 797 videlicet,
1886 734 2105 787 etiamsi

526 834 628 884 hoc
665 846 771 885 non
803 828 877 885 sit
906 820 1137 883 dictum.

598 919 811 974 Salutat
845 929 895 973 te
925 917 1187 984 Eubulus,
1223 927 1271 970 et
1296 915 1529 975 Pudens,
1603 923 1652 966 et
1709 912 1894 967 Linus.
1948 912 2106 967 Hune

526 1006 725 1061 Linum
788 1007 1014 1061 tradunt
1076 1004 1325 1059 nonnulli
1416 1000 1716 1057 secundum
1795 1006 1917 1068 post
2006 999 2105 1053 Pe-

527 1107 670 1153 trnm
695 1098 952 1154 Ecclesiae
978 1096 1234 1151 Romanae
1269 1094 1585 1164 episcopum
1632 1091 1821 1147 fuisse.

581 1308 651 1361 Et
684 1307 938 1363 Claudia.
975 1305 1386 1361 Animadvertis
1442 1304 1718 1374 quomodo
1791 1312 1844 1358 et
1894 1304 2106 1359 femina:

523 1395 746 1452 fervidae
776 1393 1003 1460 iuerint,
1062 1403 1116 1449 et
1143 1392 1417 1448 cruciﬁxa:
1466 1393 1720 1448 mundo?
1760 1392 1935 1448 Sexus
1963 1393 2106 1447 enim

523 1491 630 1547 istc
675 1488 821 1543 virili
844 1503 955 1542 non
985 1495 1069 1543 est
1098 1485 1355 1562 inferior,
1402 1486 1458 1543 ἐἰ
1484 1488 1637 1543 velit.
1692 1486 1902 1541 Etenim
1931 1489 1985 1541 in
2023 1502 2110 1540 re-

524 1584 630 1638 bus
658 1582 725 1637 ad
753 1582 920 1637 vitam
956 1582 1389 1638 conservandam
1419 1582 1751 1638 necessariis
1811 1582 2105 1652 plurimum

539 1672 876 1731 conferunt:
928 1673 1130 1743 quippe
1167 1688 1290 1742 qum
1359 1673 1557 1728 domus
1604 1687 1792 1727 curam
1850 1688 2109 1743 suscepe-

527 1767 657 1829 rint,
686 1773 850 1834 atque
880 1763 1029 1819 viros
1051 1779 1079 1817 a
1105 1765 1254 1818 curis
1286 1763 1645 1833 liberentquo
1672 1764 1894 1820 liberius
1924 1763 2108 1819 civilia

530 1856 744 1928 negotia
840 1863 1094 1910 tractent.
1192 1844 1534 1924 Quinetiam}
1600 1854 1655 1908 in
1728 1856 2103 1924 spiritualibus

531 1948 948 2019 temperantiam
1007 1961 1263 2003 exercere
1319 1947 1493 2017 Inagis
1534 1957 1949 2018 possuntqnam
1974 1949 2101 2015 viri,

531 2047 582 2088 ιιι
640 2034 1127 2091 sanetiticationem
1196 2044 1249 2089 et
1301 2036 1595 2104 puritatem
1628 2034 1913 2101 exhibere,
1939 2044 2104 2106 atque

522 2126 817 2195 jejunium.
847 2125 1090 2194 Denique
1106 2122 1244 2177 nihil
1264 2122 1489 2178 omnino
1510 2123 1730 2180 feminis
1755 2123 2107 2194 obstat,quo—

536 2218 720 2271 minus
780 2214 1038 2269 virtutem
1099 2227 1360 2268 exercere
1397 2225 1619 2284 queant,
1650 2214 1698 2268 si
1722 2213 1885 2270 modo
1911 2217 2100 2270 velint.

597 2308 664 2363 Et
692 2309 884 2376 fratres
909 2321 1107 2360 omnes.
1135 2302 1253 2358 Non
1302 2318 1466 2379 porro
1530 2305 1850 2360 nominatim
1909 2306 2103 2362 borum

542 2398 789 2452 meminit
826 2414 838 2450 :
874 2395 969 2452 sed
991 2409 1114 2450 cum
1152 2402 1231 2448 tot
1257 2403 1444 2448 essent
1473 2394 1686 2462 ﬁdeles»,
1721 2396 1938 2451 illorum
1967 2397 2108 2452 dun-

542 2503 690 2544 taxat
716 2486 1333 2552 meminitnominatim,
1367 2494 1558 2557 utpote
1590 2486 1684 2557 qui
1713 2489 1885 2559 magis
1927 2489 2105 2544 incla-

534 2584 847 2651 rescebant,
884 2581 1086 2652 quippe
1115 2581 1256 2651 quod
1284 2589 1636 2637 excesserant
1669 2578 1785 2651 jam
1814 2597 1881 2636 ex
1947 2581 2107 2651 hujus

534 2678 723 2732 mundi
753 2676 944 2743 rebus,
968 2675 1274 2745 spirituque
1299 2673 1666 2730 ferventiores
1704 2684 1883 2731 erant.

598 2767 766 2823 Vens.
802 2767 894 2822 22.
924 2765 1184 2821 Dominus
1227 2764 1388 2820 Jesus
1449 2764 1695 2821 Christus
1744 2781 1863 2819 cum
1916 2767 2106 2836 spiritu

530 2872 642 2915 tuo.
678 2859 755 2915 Ne
779 2860 990 2926 doleas,
1026 2858 1224 2928 inquit,
1275 2858 1421 2928 quod
1477 2858 1757 2915 discedam
1789 2876 1805 2914 :
1842 2859 2107 2915 Dominus

530 2953 676 3007 enim
731 2961 910 3006 tecum
935 2958 1039 3006 est.
1071 2948 1181 3005 Nec
1209 2949 1368 3016 dixit,
1394 2956 1599 3017 tecum,
1624 2949 1743 3015 sed,
1773 2965 1891 3003 cum
1916 2952 2107 3019 spiritu

532 3054 640 3096 tuo.
670 3038 878 3109 Duplex
905 3047 991 3094 est
1030 3039 1319 3105 auxilium,
1348 3040 1581 3093 alterum
1612 3040 1803 3110 gratia:
1845 3040 2104 3109 Spiritus,

2214 551 2415 605 ἐλθεῖν.
2444 550 2518 604 Οὐ
2545 549 2693 615 λέγει
2722 547 2955 622 δὲλπρὶν
2981 545 3013 617 ἢ
3065 545 3247 599 Θανεῖν
3279 563 3369 613 με,
3402 542 3646 613 λυπηρὸν
3684 544 3794 610 γὰρ

2212 642 2391 705 τοῦτο,
2433 640 2547 693 ἀλλ’
2578 640 2662 693 ἵνα
2694 643 2769 710 μὴ
2828 636 3081 708 κωλυθῇς
3143 636 3218 707 τῷ
3260 633 3511 706 χειμῶνι,
3557 634 3648 685 καὶ
3690 632 3791 684 οὐκ

2220 735 2337 805 ἴδῃς
2360 751 2428 802 με
2458 731 2721 803 δηλονότι,
2760 732 2807 783 εἰ
2837 730 2931 782 καὶ
2958 727 3035 799 μὴ
3064 729 3301 801 εἴρηται.

2283 928 2639 988 Ἀσπάζεταί
2681 942 2754 980 σε
2788 926 3114 990 Εὔϐουλος,
3142 923 3239 976 καὶ
3282 924 3398 975 11οέ
3409 921 3538 988 6ης,
3572 918 3666 974 καὶ
3697 916 3795 973 Λῖ-

2208 1041 2339 1089 νος.
2376 1022 2578 1074 Τοῦτον
2596 1020 2685 1073 τὸν
2715 1021 2874 1072 Λῖνον
2894 1017 3168 1088 ίστοροῦσί
3198 1031 3340 1077 τινες
3368 1012 3621 1083 δεύτερον
3653 1014 3792 1082 μετὰ

2211 1115 2422 1185 Πέτρον
2453 1112 2753 1165 ἐπίσκοπον
2782 1109 2883 1180 τῆς
2928 1109 3216 1179 Ῥωμαίων
3256 1106 3584 1176 Ἐκκλησίας
3651 1107 3795 1173 {evi-

2212 1207 2356 1262 σθαι.

2280 1299 2391 1353 Καὶ
2423 1297 2713 1353 Κλαυδία.
2765 1294 2928 1364 Ὁρᾷς
2956 1291 3074 1353 πῶς
3112 1291 3207 1344 καὶ
3236 1289 3496 1357 γυναῖκες
3532 1284 3791 1355 διάπυροι

2208 1386 2351 1460 ἦσαν
2379 1392 2473 1444 καὶ
2495 1390 2720 1459 Θερμαὶ,
2747 1387 2842 1439 καὶ
2883 1382 3300 1452 ὲσταυρωμέναι
3328 1378 3407 1450 τῷ
3437 1379 3667 1448 κόσμῳ;
3704 1375 3799 1428 καὶ

2210 1484 2319 1554 γὰρ
2354 1482 2506 1535 οὐδὲν
2544 1480 2867 1534 ἐλαττοῦται
2916 1477 2978 1528 τὸ
3033 1475 3185 1543 γένος
3233 1470 3394 1525 τοῦτο
3422 1471 3529 1523 τῶν
3556 1468 3793 1540 ἀνδρῶν,

2210 1580 2305 1632 ἐὰν
2333 1576 2483 1647 θέλῃ,
2523 1576 2634 1630 Καὶ
2674 1576 2734 1629 ὲν
2780 1575 2894 1635 τοῖς
2937 1570 3215 1642 βιωτικοῖς
3256 1566 3365 1638 γὰρ
3407 1565 3622 1637 μεγάλα
3661 1566 3802 1635 σομ-

2211 1646 2497 1723 6ά).ὶονται
2519 1666 2596 1735 τῷ
2620 1664 2719 1736 βίῳ
2741 1681 2755 1696 υ
2796 1662 2892 1718 ἆτε
2918 1662 3018 1731 τὴν
3043 1648 3323 1728 οἰκουρίαν
3346 1646 3797 1725 ἀναδεδεγμέναι,

2210 1760 2307 1813 καὶ
2336 1760 2463 1821 τοὺς
2498 1757 2696 1827 ἄνδρας
2730 1753 3053 1824 ἀμερίμνως
3077 1748 3145 1803 τὰ
3176 1746 3432 1801 πολιτικὰ
3482 1747 3799 1817 μεταχειρί-

2226 1850 2417 1917 ζεσθαι
2461 1846 3001 1920 παρασκευάζουσαι.
3042 1832 3155 1896 Καὶ
3178 1843 3234 1893 ὲν
3265 1842 3375 1903 τοῖς
3402 1839 3799 1908 πνευματικοῖς

2203 1944 2258 1997 δὲ
2289 1943 2385 1996 καὶ
2405 1938 2761 2011 σωφροσύνην
2785 1936 3030 2006 ἀσκῆσαι
3064 1933 3267 2004 μᾶλλον
3290 1932 3553 1985 δύνανται
3577 1929 3688 1983 τῶν
3706 1926 3803 1982 άν-

2204 2034 2480 2107 δρῶν,κα”ι
2507 2033 2600 2086 τὸν
2630 2028 2907 2099 ἁγιασμὸν
2936 2027 3031 2080 καὶ
3060 2024 3397 2095 κοσμιότητα
3429 2021 3801 2107 ἐπιδείξασθαι

2207 2106 2304 2180 καὶ
2332 2124 2614 2195 νηστείαν.
2642 2122 2754 2175 Καὶ
2784 2120 2919 2182 ὅλως
2950 2117 3104 2171 οὐδὲν
3128 2115 3384 2187 ἐμπόδιον
3407 2116 3525 2179 ταῖς
3552 2106 3802 2187 θηλείαις

2208 2216 2345 2284 πρὸς
2380 2212 2605 2283 ἀρετὴν,
2639 2212 2734 2264 ἐὰν
2755 2208 3048 2281 βούλοιντο.

2280 2310 2383 2364 Καὶ
2412 2311 2465 2362 οι
2490 2304 2745 2376 ἀδελφοὶ
2772 2303 3020 2369 πάντες.
3066 2304 3266 2357 Οὐκέτι
3298 2302 3561 2373 ὀνομαστὶ
3589 2302 3802 2355 τούιων

2209 2401 2461 2473 ἐμνήσθη
2486 2417 2500 2431 ο
2528 2398 2801 2452 τοσούτων
2821 2396 2878 2449 δὲ
2905 2394 3077 2448 ὄντων
3122 2395 3353 2461 πιστῶν,
3406 2394 3634 2447 ἐκείνων
3699 2394 3801 2475 μὲ-

2213 2510 2412 2563 μνηται
2450 2491 2713 2560 ὀνομαστὶ
2748 2488 2931 2559 μόνον,
2957 2488 3033 2553 ὡς
3057 2489 3256 2557 μᾶλλον
3302 2487 3652 2557 λαμπόντων,
3707 2478 3804 2539 ἅτε

2210 2585 2305 2638 καὶ
2334 2568 2849 2653 ὲκϐεὸηκότωνὲξω
2871 2580 2981 2633 τῶν
3011 2582 3292 2652 κοσμικῶν
3311 2578 3680 2650 πραγμάτων,
3703 2577 3805 2630 καὶ

2212 2676 2562 2748 Θερμοτέρων
2582 2676 2774 2729 ὄντων.

2291 2770 2356 2822 '0
2387 2770 2602 2837 Κύμιος
2638 2768 2879 2836 Ἰησοῦς
2920 2764 3174 2837 Χριστὸς
3213 2758 3365 2834 μετὰ
3393 2763 3499 2817 τοῦ
3528 2764 3801 2833 πνεύμα-

2212 2862 2313 2927 τός
2335 2877 2473 2916 σου.
2511 2862 2602 2932 Μὴ
2637 2861 2816 2928 ἄλγει,
2842 2862 3030 2932 φησιν,
3059 2861 3141 2913 ὅτι
3166 2859 3477 2928 ἀφίσταμαι
3501 2872 3514 2887 ·
3544 2858 3571 2909 ὁ
3593 2856 3803 2927 Κύριος

2212 2955 2320 3023 γὰρ
2354 2952 2492 3022 μετὰ
2515 2953 2630 3007 σοῦ.
2666 2954 2776 3007 Καὶ
2804 2953 2907 3006 οὐκ
2935 2948 3079 3013 εἷπε,
3110 2952 3246 3021 μετὰ
3294 2947 3412 3012 σοῦ,
3448 2947 3606 3013 ἀλλὰ,
3636 2946 3795 3017 μετὰ

2213 3046 2319 3101 τοῦ
2348 3046 2689 3114 πνεύματός
2722 3059 2861 3099 σου.
2890 3044 3062 3111 Διπλῆ
3093 3045 3125 3112 ή
3175 3042 3422 3112 βοήθεια,
3449 3039 3551 3111 τῆς
3573 3040 3805 3111 χάριτος

532 3134 763 3187 alterum
797 3132 887 3186 Dei
929 3132 1308 3188 succurrentis
1339 3132 1440 3203 ipsi
1461 3133 1670 3202 gratia.
1704 3133 1847 3199 Quin
1876 3144 1931 3189 et
1958 3134 2106 3191 aliud

2216 3138 2310 3192 τοῦ
2346 3138 2685 3209 Πνεῦματος,
2719 3138 2813 3192 καὶ
2868 3136 2961 3190 τοῦ
3007 3136 3142 3189 Θεοῦ
3187 3133 3511 3204 βοηθοῦντος
3552 3133 3691 3202 αὐτῇ
3734 3132 3801 3185 ⁸³.

537 3223 766 3289 indicat,
800 3232 915 3277 tum
954 3223 1215 3278 nimirum
1268 3223 1563 3281 Dominum
1622 3239 1744 3281 esse
1796 3225 2108 3295 nobiscum,

534 3315 753 3386 quando
816 3314 1082 3385 Spiritum
1160 3316 1281 3386 ejus
1354 3316 1645 3373 nobiscum
1729 3318 2110 3386 habuerimus,

534 3422 647 3461 non
668 3406 945 3475 abigenles
976 3407 1149 3476 ipsum
1181 3422 1275 3477 per
1299 3406 1592 3465 malitiam.

589 3496 783 3551 Gratia
806 3498 1097 3553 nobiscum.
1131 3498 1319 3559 Amen.
1373 3499 1491 3555 Sibi
1530 3501 1647 3573 ipse
1696 3503 1862 3574 620
1894 3504 2112 3561 tandem

533 3598 815 3660 precatur,
846 3596 1168 3659 ut-semper
1216 3590 1291 3646 sit
1351 3588 1464 3646 Deo
1504 3599 1719 3661 gratus,
1766 3593 2113 3664 gratiamque

532 3682 678 3752 apud
709 3683 888 3751 ipsum
918 3681 1181 3737 obtineat.
1211 3680 1685 3749 Quemadmodum
1740 3685 1889 3739 enim
1940 3684 1987 3741 is
2015 3686 2109 3756 qui

530 3761 918 3847 imperatorem
945 3776 1147 3840 cernit,
1174 3774 1430 3847 apudque
1460 3791 1585 3832 eum
1616 3778 1844 3848 gratiam
1875 3777 2107 3844 obtinet,

531 3867 669 3921 nihil
695 3866 853 3922 triste
869 3868 1041 3923 sentit
1077 3867 1262 3922 :hune
1294 3866 1363 3922 ad
1390 3867 1612 3922 modum
1660 3869 1767 3924 etsi
1796 3868 1989 3924 amicis
2014 3869 2107 3926 de-

530 3958 847 4024 stituamur,
889 3968 944 4015 et
975 3960 1032 4014 in
1052 3959 1304 4030 pericula
1356 3959 1692 4027 incidamus,
1746 3960 1952 4017 nullius
1983 3976 2110 4017 sen-

530 4064 649 4101 sum
674 4049 1067 4119 pereipiemus,
1101 4050 1146 4104 si
1171 4049 1342 4117 gratia
1400 4049 1504 4106 ista
1530 4051 1692 4106 nobis
1716 4050 1955 4108 adfuerit
2025 4061 2107 4106 at-

534 4154 642 4207 que
668 4139 982 4194 muniverit.
1023 4141 1139 4194 Hoc
1170 4149 1352 4195 autem
1410 4142 1518 4196 alia
1544 4144 1759 4200 ratione
1784 4144 2107 4214 contingere

533 4251 642 4289 non
667 4232 869 4303 p'Otest,
911 4247 1073 4303 quam
1104 4232 1149 4287 si
1170 4232 1456 4303 placentia
1499 4232 1729 4289 Domino
1790 4250 2101 4307 operemur.

530 4326 686 4379 Sicut
718 4324 863 4379 enim
896 4322 951 4378 in
982 4323 1194 4379 aedibus
1241 4324 1386 4379 servi
1439 4325 1519 4379 illi
1564 4327 1707 4397 apud
1765 4326 1930 4383 heros
1973 4342 2104 4383 suos

531 4418 764 4488 gratiam
787 4418 1100 4482 inveniunt,
1129 4417 1219 4488 qui
1255 4427 1408 4487 grata
1437 4419 1573 4488 ipsis
1616 4420 1822 4475 faciunt
1863 4439 1876 4474 :
1910 4421 2101 4475 eadem

2218 3233 2330 3286 Καὶ
2355 3230 2529 3295 ἄλλως
2562 3230 2618 3285 δὲ
2647 3229 2806 3284 τοῦτο
2841 3229 3161 3293 αἰνίττεται,
3185 3228 3267 3281 ὅτι
3304 3227 3426 3281 τότε
3456 3224 3604 3279 ἐστὶν
3626 3227 3653 3276 ὁ
3686 3225 3803 3277 Κύ-

2218 3322 2473 3395 ριοςμεο’
2505 3321 2683 3391 ἡμῶν,
2716 3322 2805 3375 ὅτε
2840 3321 2936 3374 καὶ⁵
2980 3321 3041 3373 τὸ
3085 3319 3314 3388 Πνεῦμα
3337 3317 3461 3389 μεθ’
3486 3315 3644 3387 ἡμῶν
3679 3315 3804 3386 ἔχο-

2219 3431 2342 3483 μεν,
2370 3415 2453 3484 μὴ
2482 3412 2773 3478 διώξαντες
2800 3413 2933 3467 αὐτὸ
2969 3413 3055 3467 διὰ
3091 3412 3311 3474 κακίας.

2298 3506 2359 3561 Ἡ
2385 3504 2561 3574 χάρις
2606 3503 2738 3574 μεθ’
2783 3503 2972 3575 ἡμῶν.
3002 3505 3213 3574 Ἀμήν.
3237 3505 3347 3557 Καὶ
3383 3503 3561 3574 ἐαυτῷ
3607 3503 3802 3557 λοιπὸν

2213 3595 2524 3666 ἐπεύχεται,
2558 3593 2700 3649 ὥστε
2732 3596 2821 3650 ἀεὶ
2856 3596 3149 3666 εὐάρεστον
3170 3595 3217 3626 ⁸⁸
3233 3590 3375 3648 εἶναι
3417 3594 3496 3666 τῷ
3523 3593 3662 3664 Θεῷ,
3701 3597 3802 3648 καὶ

2213 3688 2376 3758 χάριν
2436 3687 2581 3758 ἔχειν
2632 3690 2767 3757 παρ’
2811 3687 2984 3759 αὐτῷ.
3024 3688 3241 3760 Ὥσπερ
3268 3687 3380 3759 γὰρ
3404 3687 3434 3741 ὁ
3456 3687 3547 3739 τὸν
3567 3685 3802 3756 βασιλέα

2209 3780 2378 3851 ὀρῶν,
2406 3783 2502 3836 καὶ
2530 3780 2689 3850 χάριν
2721 3780 2861 3851 ἔχων
2889 3780 3021 3852 παρ’
3039 3779 3211 3851 αὐτῷ,
3235 3780 3447 3843 οὐδενὸς
3476 3779 3801 3834 αἰσθάνεται

2210 3870 2491 3941 λυπηροῦ·
2525 3871 2667 3925 οὕτω
2722 3872 2827 3926 κᾶν
2873 3872 2981 3926 τῶν
3036 3872 3207 3942 φίλων
3255 3872 3797 3943 ἁπολιμπανὼμεοα,

2210 3967 2318 4020 κᾶν
2346 3964 2543 4027 δεινοῖς
2602 3965 3018 4041 περιπέσωμεν,
3050 3963 3265 4027 οὐδενὸς
3318 3964 3574 4034 αἴσθησιν
3620 3946 3798 4033 ληψό-

2212 4055 2375 4125 μεθα,
2402 4055 2505 4125 τῆς
2538 4054 2759 4127 χάριτος
2780 4055 2998 4126 ἐκείνης
3030 4053 3295 4124 συνούσης
3324 4055 3420 4109 καὶ
3448 4052 3800 4125 τειχιζούαης

2210 4146 2377 4217 ἡμᾶς.
2405 4144 2575 4198 Τοῦτο
2607 4144 2652 4198 δ’
2685 4144 2785 4197 οὐκ
2816 4144 2884 4197 ἂν
2910 4143 3087 4207 ἄλλως
3141 4143 3373 4212 γένοιτο,
3404 4144 3454 4195 εί
3487 4141 3565 4213 μὴ
3586 4140 3675 4194 διὰ
3694 4140 3797 4194 τοῦ

2210 4236 2542 4307 ἐργάξεσθαι
2603 4237 2752 4306 ἡμᾶς
2803 4236 2874 4289 τὰ
2912 4236 3120 4306 ἀρεστὰ
3158 4234 3237 4305 τῷ
3276 4234 3545 4306 Δεσπότῃ.
3579 4233 3796 4301 Ὠσπερ

2207 4330 2316 4400 γὰρ
2343 4331 2401 4383 ἐν
2433 4330 2555 4392 ταῖς
2596 4327 2797 4391 οἰκίαις
2854 4329 3054 4381 ἐκεῖνοι
3094 4327 3203 4379 τῶν
3230 4326 3434 4381 δούλων
3459 4328 3619 4397 χάριν
3641 4326 3797 4395 εὑρί-

2213 4439 2404 4475 σκουσι
2436 4420 2587 4490 παρὰ
2651 4422 2762 4483 τοῖς
2819 4419 3134 4486 δεσπόταις,
3185 4420 3235 4471 οἱ
3261 4419 3329 4471 τὰ
3364 4417 3574 4486 ἀρεστὰ
3605 4418 3797 4479 αὐτοῖς

532 4512 746 4566 ratione
802 4511 1183 4583 unusquisque
1246 4520 1496 4568 nostrum
1583 4515 1815 4584 gratiam
1881 4513 2105 4568 habebit

2214 4513 2531 4577 ποιοῦντες·
2566 4508 2706 4566 οὕτω
2732 4512 2828 4566 καὶ
2867 4512 3024 4582 ἡμῶν
3056 4512 3286 4574 ἕκαστος
3308 4512 3471 4582 χάριν
3491 4510 3603 4574 ἕξει
3641 4509 3798 4579 παρὰ

531 4604 674 4672 apud
712 4619 1057 4660 communem
1119 4606 1430 4671 Dominum,
1483 4606 1530 4661 si
1582 4622 1704 4677 qua:
1752 4605 1901 4663 illius
1975 4614 2104 4662 sunt

530 4703 709 4750 curet.
750 4696 844 4751 Sic
905 4698 1051 4753 enim
1111 4698 1261 4754 illius
1311 4698 1707 4770 providentiam
1759 4714 1854 4769 per
1916 4699 2102 4755 omnia

529 4796 919 4858 consequetur.
938 4788 1046 4860 Ipsi
1077 4789 1249 4860 gloria
1280 4792 1336 4846 in
1379 4790 1600 4847 saecula.
1639 4792 1836 4846 Amen.

2212 4607 2290 4677 τῷ
2317 4605 2482 4675 κοινῷ
2526 4603 2793 4677 Δεσπότῃ,
2836 4602 2932 4655 ἐὰν
2965 4602 3035 4656 τὰ
3078 4603 3290 4657 ἐκείνου
3342 4601 3605 4673 μεριμνᾷ.
3633 4599 3796 4653 Οὕτω

2214 4699 2325 4768 γὰρ
2353 4697 2454 4765 τῆς
2480 4696 2694 4749 ἐκείνου
2742 4693 3000 4766 προνοίας
3042 4694 3128 4748 διὰ
3159 4694 3381 4747 πάντων
3428 4692 3793 4757 ἐπι-τεύξεται.

2215 4790 2374 4859 Αὐτῷ
2406 4791 2441 4861 ἠ
2473 4787 2605 4855 δόξα
2627 4789 2709 4852 είς
2731 4786 2858 4851 τοὺς
2885 4785 3109 4851 αἰῶνας.
3165 4786 3361 4858 ’Δμήν.

1886 4952 2085 5013 Variae
2120 4950 2450 5013 lectiones.

584 5070 630 5103 δ’
662 5082 840 5135 ἔνεστι
862 5095 913 5133 ο.

1020 5081 1066 5113 ³³
1093 5080 1258 5133 αὐτοῦ
1279 5094 1332 5134 0.
1410 5080 1457 5111 ⁵”
1485 5077 1845 5148 εὐχαρίστους
1870 5078 1963 5131 καὶ
1990 5075 2321 5148 εὐαρέστους
2375 5090 2429 5129 0.
