  <div class='ocr_page' id='page_1' title='image "/cluster/home/n/w/nwhite01/storage/ocr_20150623/125:no.3/coo.31924054870302/081.png"; bbox 0 0 4078 6422; ppageno 0'>
   <div class='ocr_carea' id='block_1_1' title="bbox 488 379 590 443">
    <p class='ocr_par' dir='ltr' id='par_1_1' title="bbox 488 379 590 443">
     <span class='ocr_line' id='line_1_1' title="bbox 488 379 590 443; baseline 0 0"><span class='ocrx_word' id='word_1_1' title='bbox 488 379 590 443; x_wconf 69' lang='grc'><strong>147</strong></span> 
     </span>
    </p>
   </div>
   <div class='ocr_carea' id='block_1_2' title="bbox 560 494 1405 577">
    <p class='ocr_par' dir='ltr' id='par_1_2' title="bbox 560 494 1405 577">
     <span class='ocr_line' id='line_1_2' title="bbox 560 494 1405 577; baseline 0.022 -30"><span class='ocrx_word' id='word_1_2' title='bbox 560 494 724 553; x_wconf 75' lang='lat' dir='ltr'><strong>Vens.</strong></span> <span class='ocrx_word' id='word_1_3' title='bbox 759 498 812 556; x_wconf 73' lang='grc'><strong>4.</strong></span> <span class='ocrx_word' id='word_1_4' title='bbox 856 499 972 558; x_wconf 85' lang='lat' dir='ltr'><strong>Tito</strong></span> <span class='ocrx_word' id='word_1_5' title='bbox 1002 508 1228 575; x_wconf 85' lang='lat' dir='ltr'><strong>genuino</strong></span> <span class='ocrx_word' id='word_1_6' title='bbox 1272 509 1405 577; x_wconf 84' lang='lat' dir='ltr'><strong>lilio.</strong></span> 
     </span>
    </p>
   </div>
   <div class='ocr_carea' id='block_1_3' title="bbox 484 591 1542 670">
    <p class='ocr_par' dir='ltr' id='par_1_3' title="bbox 484 591 1542 670">
     <span class='ocr_line' id='line_1_3' title="bbox 484 591 1542 670; baseline 0.021 -32"><span class='ocrx_word' id='word_1_7' title='bbox 484 604 607 642; x_wconf 72' lang='lat' dir='ltr'><strong>esse</strong></span> <span class='ocrx_word' id='word_1_8' title='bbox 655 591 823 658; x_wconf 87' lang='lat' dir='ltr'><strong>tilius,</strong></span> <span class='ocrx_word' id='word_1_9' title='bbox 889 595 985 649; x_wconf 84' lang='lat' dir='ltr'><strong>sed</strong></span> <span class='ocrx_word' id='word_1_10' title='bbox 1032 612 1143 653; x_wconf 91' lang='lat' dir='ltr'><strong>non</strong></span> <span class='ocrx_word' id='word_1_11' title='bbox 1206 602 1483 670; x_wconf 89' lang='lat' dir='ltr'><strong>genuinus</strong></span> <span class='ocrx_word' id='word_1_12' title='bbox 1526 624 1542 661; x_wconf 90' lang='lat'><strong>:</strong></span> 
     </span>
    </p>
   </div>
   <div class='ocr_carea' id='block_1_4' title="bbox 485 774 2069 859">
    <p class='ocr_par' dir='ltr' id='par_1_4' title="bbox 485 774 2069 859">
     <span class='ocr_line' id='line_1_4' title="bbox 485 774 2069 859; baseline 0.019 -35"><span class='ocrx_word' id='word_1_13' title='bbox 485 774 706 841; x_wconf 79' lang='lat' dir='ltr'><strong>quidem</strong></span> <span class='ocrx_word' id='word_1_14' title='bbox 732 787 837 843; x_wconf 75' lang='lat' dir='ltr'><strong>est,</strong></span> <span class='ocrx_word' id='word_1_15' title='bbox 872 791 1150 849; x_wconf 75' lang='lat' dir='ltr'><strong>quatenus</strong></span> <span class='ocrx_word' id='word_1_16' title='bbox 1178 802 1245 840; x_wconf 76' lang='lat' dir='ltr'><strong>ex</strong></span> <span class='ocrx_word' id='word_1_17' title='bbox 1297 788 1627 859; x_wconf 89' lang='lat' dir='ltr'><strong>baptismate</strong></span> <span class='ocrx_word' id='word_1_18' title='bbox 1685 804 1912 852; x_wconf 89' lang='lat' dir='ltr'><strong>renatus</strong></span> <span class='ocrx_word' id='word_1_19' title='bbox 1949 808 2069 855; x_wconf 89' lang='lat' dir='ltr'><strong>est:</strong></span> 
     </span>
    </p>
   </div>
   <div class='ocr_carea' id='block_1_5' title="bbox 486 872 2072 964">
    <p class='ocr_par' dir='ltr' id='par_1_5' title="bbox 486 872 2072 964">
     <span class='ocr_line' id='line_1_5' title="bbox 486 872 2072 964; baseline 0.016 -44"><span class='ocrx_word' id='word_1_20' title='bbox 486 883 593 923; x_wconf 91' lang='lat' dir='ltr'><strong>non</strong></span> <span class='ocrx_word' id='word_1_21' title='bbox 626 872 902 942; x_wconf 75' lang='lat' dir='ltr'><strong>genuinus</strong></span> <span class='ocrx_word' id='word_1_22' title='bbox 962 888 1169 945; x_wconf 87' lang='lat' dir='ltr'><strong>autem,</strong></span> <span class='ocrx_word' id='word_1_23' title='bbox 1220 883 1484 951; x_wconf 85' lang='lat' dir='ltr'><strong>quoniam</strong></span> <span class='ocrx_word' id='word_1_24' title='bbox 1545 886 1713 942; x_wconf 89' lang='lat' dir='ltr'><strong>Patre</strong></span> <span class='ocrx_word' id='word_1_25' title='bbox 1749 900 1837 945; x_wconf 73' lang='lat' dir='ltr'><strong>est</strong></span> <span class='ocrx_word' id='word_1_26' title='bbox 1887 891 2072 964; x_wconf 79' lang='lat' dir='ltr'><strong>indig-</strong></span> 
     </span>
    </p>
   </div>
   <div class='ocr_carea' id='block_1_6' title="bbox 482 977 607 1018">
    <p class='ocr_par' dir='ltr' id='par_1_6' title="bbox 482 977 607 1018">
     <span class='ocr_line' id='line_1_6' title="bbox 482 977 607 1018; baseline 0.024 -3"><span class='ocrx_word' id='word_1_27' title='bbox 482 977 607 1018; x_wconf 72' lang='lat' dir='ltr'><strong>nus.</strong></span> 
     </span>
    </p>
   </div>
   <div class='ocr_carea' id='block_1_7' title="bbox 555 1054 2064 1138">
    <p class='ocr_par' dir='ltr' id='par_1_7' title="bbox 555 1054 2064 1138">
     <span class='ocr_line' id='line_1_7' title="bbox 555 1054 2064 1138; baseline 0.016 -29"><span class='ocrx_word' id='word_1_28' title='bbox 555 1054 857 1115; x_wconf 80' lang='lat' dir='ltr'><strong>Secundum</strong></span> <span class='ocrx_word' id='word_1_29' title='bbox 888 1081 1218 1122; x_wconf 74' lang='lat' dir='ltr'><strong>communem</strong></span> <span class='ocrx_word' id='word_1_30' title='bbox 1248 1070 1427 1138; x_wconf 85' lang='lat' dir='ltr'><strong>ﬁdem.</strong></span> <span class='ocrx_word' id='word_1_31' title='bbox 1460 1071 1596 1127; x_wconf 80' lang='lat' dir='ltr'><strong>Cum</strong></span> <span class='ocrx_word' id='word_1_32' title='bbox 1653 1073 1836 1131; x_wconf 86' lang='lat' dir='ltr'><strong>Titum</strong></span> <span class='ocrx_word' id='word_1_33' title='bbox 1896 1078 2064 1132; x_wconf 78' lang='lat' dir='ltr'><strong>litium</strong></span> 
     </span>
    </p>
   </div>
   <div class='ocr_carea' id='block_1_8' title="bbox 479 1151 2066 1239">
    <p class='ocr_par' dir='ltr' id='par_1_8' title="bbox 479 1151 2066 1239">
     <span class='ocr_line' id='line_1_8' title="bbox 479 1151 2066 1239; baseline 0.018 -41"><span class='ocrx_word' id='word_1_34' title='bbox 479 1151 842 1239; x_wconf 59' lang='lat' dir='ltr'><strong>notaminasset,</strong></span> <span class='ocrx_word' id='word_1_35' title='bbox 875 1157 1103 1228; x_wconf 78' lang='lat' dir='ltr'><strong>ipseque</strong></span> <span class='ocrx_word' id='word_1_36' title='bbox 1140 1163 1315 1229; x_wconf 80' lang='lat' dir='ltr'><strong>patris</strong></span> <span class='ocrx_word' id='word_1_37' title='bbox 1347 1164 1587 1221; x_wconf 72' lang='lat' dir='ltr'><strong>cilicium</strong></span> <span class='ocrx_word' id='word_1_38' title='bbox 1646 1173 2066 1239; x_wconf 84' lang='lat' dir='ltr'><strong>assumpsissct,</strong></span> 
     </span>
    </p>
   </div>
   <div class='ocr_carea' id='block_1_9' title="bbox 482 1238 2065 1331">
    <p class='ocr_par' dir='ltr' id='par_1_9' title="bbox 482 1238 2065 1331">
     <span class='ocr_line' id='line_1_9' title="bbox 482 1238 2065 1331; baseline 0.016 -40"><span class='ocrx_word' id='word_1_39' title='bbox 482 1238 629 1296; x_wconf 90' lang='lat' dir='ltr'><strong>hunc</strong></span> <span class='ocrx_word' id='word_1_40' title='bbox 663 1242 927 1301; x_wconf 87' lang='lat' dir='ltr'><strong>honorem</strong></span> <span class='ocrx_word' id='word_1_41' title='bbox 968 1265 1168 1307; x_wconf 83' lang='lat' dir='ltr'><strong>rursus</strong></span> <span class='ocrx_word' id='word_1_42' title='bbox 1193 1253 1509 1311; x_wconf 85' lang='lat' dir='ltr'><strong>imminuit:</strong></span> <span class='ocrx_word' id='word_1_43' title='bbox 1570 1256 1751 1323; x_wconf 86' lang='lat' dir='ltr'><strong>Nulla,</strong></span> <span class='ocrx_word' id='word_1_44' title='bbox 1783 1238 2065 1331; x_wconf 85' lang='lat' dir='ltr'><strong>inquiens,</strong></span> 
     </span>
    </p>
   </div>
   <div class='ocr_carea' id='block_1_10' title="bbox 475 1332 2067 1412">
    <p class='ocr_par' dir='ltr' id='par_1_10' title="bbox 475 1332 2067 1412">
     <span class='ocr_line' id='line_1_10' title="bbox 475 1332 2067 1412; baseline 0.017 -27"><span class='ocrx_word' id='word_1_45' title='bbox 475 1332 530 1386; x_wconf 92' lang='lat' dir='ltr'><strong>in</strong></span> <span class='ocrx_word' id='word_1_46' title='bbox 559 1350 616 1388; x_wconf 90' lang='lat' dir='ltr'><strong>re</strong></span> <span class='ocrx_word' id='word_1_47' title='bbox 648 1342 701 1391; x_wconf 91' lang='lat' dir='ltr'><strong>te</strong></span> <span class='ocrx_word' id='word_1_48' title='bbox 722 1339 955 1404; x_wconf 76' lang='lat' dir='ltr'><strong>excelle,</strong></span> <span class='ocrx_word' id='word_1_49' title='bbox 992 1344 1143 1411; x_wconf 84' lang='lat' dir='ltr'><strong>quod</strong></span> <span class='ocrx_word' id='word_1_50' title='bbox 1168 1345 1235 1399; x_wconf 86' lang='lat' dir='ltr'><strong>ad</strong></span> <span class='ocrx_word' id='word_1_51' title='bbox 1279 1347 1439 1403; x_wconf 85' lang='lat' dir='ltr'><strong>tidem</strong></span> <span class='ocrx_word' id='word_1_52' title='bbox 1467 1350 1665 1406; x_wconf 80' lang='lat' dir='ltr'><strong>attinet</strong></span> <span class='ocrx_word' id='word_1_53' title='bbox 1695 1372 1709 1409; x_wconf 90' lang='lat'>:</span> <span class='ocrx_word' id='word_1_54' title='bbox 1752 1356 2067 1412; x_wconf 81' lang='lat' dir='ltr'><strong>communis</strong></span> 
     </span>
    </p>
   </div>
   <div class='ocr_carea' id='block_1_11' title="bbox 475 1427 2063 1517">
    <p class='ocr_par' dir='ltr' id='par_1_11' title="bbox 475 1427 2063 1517">
     <span class='ocr_line' id='line_1_11' title="bbox 475 1427 2063 1517; baseline 0.014 -37"><span class='ocrx_word' id='word_1_55' title='bbox 475 1427 624 1481; x_wconf 91' lang='lat' dir='ltr'><strong>enim</strong></span> <span class='ocrx_word' id='word_1_56' title='bbox 660 1439 766 1495; x_wconf 87' lang='lat' dir='ltr'><strong>est,</strong></span> <span class='ocrx_word' id='word_1_57' title='bbox 822 1443 878 1487; x_wconf 90' lang='lat' dir='ltr'><strong>et</strong></span> <span class='ocrx_word' id='word_1_58' title='bbox 916 1449 1015 1504; x_wconf 80' lang='lat' dir='ltr'><strong>per</strong></span> <span class='ocrx_word' id='word_1_59' title='bbox 1065 1436 1241 1507; x_wconf 88' lang='lat' dir='ltr'><strong>ipsam</strong></span> <span class='ocrx_word' id='word_1_60' title='bbox 1301 1450 1468 1498; x_wconf 88' lang='lat' dir='ltr'><strong>natus</strong></span> <span class='ocrx_word' id='word_1_61' title='bbox 1524 1459 1646 1499; x_wconf 88' lang='lat' dir='ltr'><strong>sum</strong></span> <span class='ocrx_word' id='word_1_62' title='bbox 1678 1454 1734 1500; x_wconf 91' lang='lat' dir='ltr'><strong>et</strong></span> <span class='ocrx_word' id='word_1_63' title='bbox 1765 1462 1864 1517; x_wconf 84' lang='lat' dir='ltr'><strong>ego</strong></span> <span class='ocrx_word' id='word_1_64' title='bbox 1892 1457 1946 1503; x_wconf 88' lang='lat' dir='ltr'><strong>et</strong></span> <span class='ocrx_word' id='word_1_65' title='bbox 1983 1455 2063 1502; x_wconf 88' lang='lat' dir='ltr'><strong>tu.</strong></span> 
     </span>
    </p>
   </div>
   <div class='ocr_carea' id='block_1_12' title="bbox 474 1521 2066 1606">
    <p class='ocr_par' dir='ltr' id='par_1_12' title="bbox 474 1521 2066 1606">
     <span class='ocr_line' id='line_1_12' title="bbox 474 1521 2066 1606; baseline 0.013 -34"><span class='ocrx_word' id='word_1_66' title='bbox 474 1521 767 1586; x_wconf 87' lang='lat' dir='ltr'><strong>Quomodo</strong></span> <span class='ocrx_word' id='word_1_67' title='bbox 791 1524 961 1595; x_wconf 82' lang='lat' dir='ltr'><strong>igitur</strong></span> <span class='ocrx_word' id='word_1_68' title='bbox 1002 1528 1173 1583; x_wconf 82' lang='lat' dir='ltr'><strong>tilium</strong></span> <span class='ocrx_word' id='word_1_69' title='bbox 1222 1531 1403 1601; x_wconf 85' lang='lat' dir='ltr'><strong>ipsum</strong></span> <span class='ocrx_word' id='word_1_70' title='bbox 1455 1537 1662 1591; x_wconf 78' lang='lat' dir='ltr'><strong>vocat?</strong></span> <span class='ocrx_word' id='word_1_71' title='bbox 1694 1537 1788 1595; x_wconf 83' lang='lat' dir='ltr'><strong>Vel</strong></span> <span class='ocrx_word' id='word_1_72' title='bbox 1829 1540 1973 1606; x_wconf 85' lang='lat' dir='ltr'><strong>ideo,</strong></span> <span class='ocrx_word' id='word_1_73' title='bbox 2006 1547 2066 1594; x_wconf 88' lang='lat' dir='ltr'><strong>ut</strong></span> 
     </span>
    </p>
   </div>
   <div class='ocr_carea' id='block_1_13' title="bbox 472 1615 2061 1705">
    <p class='ocr_par' dir='ltr' id='par_1_13' title="bbox 472 1615 2061 1705">
     <span class='ocr_line' id='line_1_13' title="bbox 472 1615 2061 1705; baseline 0.013 -36"><span class='ocrx_word' id='word_1_74' title='bbox 472 1615 1038 1689; x_wconf 87' lang='lat' dir='ltr'><strong>ostendatpaternum</strong></span> <span class='ocrx_word' id='word_1_75' title='bbox 1063 1639 1191 1696; x_wconf 84' lang='lat' dir='ltr'><strong>erga</strong></span> <span class='ocrx_word' id='word_1_76' title='bbox 1233 1626 1413 1697; x_wconf 90' lang='lat' dir='ltr'><strong>ipsum</strong></span> <span class='ocrx_word' id='word_1_77' title='bbox 1450 1629 1707 1686; x_wconf 79' lang='lat' dir='ltr'><strong>aﬂ‘eetum</strong></span> <span class='ocrx_word' id='word_1_78' title='bbox 1747 1650 1761 1687; x_wconf 89' lang='lat'><strong>:</strong></span> <span class='ocrx_word' id='word_1_79' title='bbox 1824 1635 1907 1689; x_wconf 79' lang='lat' dir='ltr'><strong>vel</strong></span> <span class='ocrx_word' id='word_1_80' title='bbox 1935 1634 2061 1705; x_wconf 84' lang='lat' dir='ltr'><strong>quia</strong></span> 
     </span>
    </p>
   </div>
   <div class='ocr_carea' id='block_1_14' title="bbox 471 1706 2060 1791">
    <p class='ocr_par' dir='ltr' id='par_1_14' title="bbox 471 1706 2060 1791">
     <span class='ocr_line' id='line_1_14' title="bbox 471 1706 2060 1791; baseline 0.014 -31"><span class='ocrx_word' id='word_1_81' title='bbox 471 1706 593 1777; x_wconf 83' lang='lat' dir='ltr'><strong>ipse</strong></span> <span class='ocrx_word' id='word_1_82' title='bbox 653 1711 809 1766; x_wconf 81' lang='lat' dir='ltr'><strong>illum</strong></span> <span class='ocrx_word' id='word_1_83' title='bbox 866 1713 1203 1786; x_wconf 78' lang='lat' dir='ltr'><strong>baptismate</strong></span> <span class='ocrx_word' id='word_1_84' title='bbox 1261 1721 1511 1779; x_wconf 79' lang='lat' dir='ltr'><strong>tinxerit.</strong></span> <span class='ocrx_word' id='word_1_85' title='bbox 1586 1724 1872 1791; x_wconf 80' lang='lat' dir='ltr'><strong>Quatenus</strong></span> <span class='ocrx_word' id='word_1_86' title='bbox 1913 1729 2060 1784; x_wconf 88' lang='lat' dir='ltr'><strong>enim</strong></span> 
     </span>
    </p>
   </div>
   <div class='ocr_carea' id='block_1_15' title="bbox 472 1800 2063 1889">
    <p class='ocr_par' dir='ltr' id='par_1_15' title="bbox 472 1800 2063 1889">
     <span class='ocr_line' id='line_1_15' title="bbox 472 1800 2063 1889; baseline 0.014 -35"><span class='ocrx_word' id='word_1_87' title='bbox 472 1800 665 1856; x_wconf 85' lang='lat' dir='ltr'><strong>eadem</strong></span> <span class='ocrx_word' id='word_1_88' title='bbox 696 1805 948 1875; x_wconf 83' lang='lat' dir='ltr'><strong>utrisque</strong></span> <span class='ocrx_word' id='word_1_89' title='bbox 984 1808 1141 1873; x_wconf 78' lang='lat' dir='ltr'><strong>fides,</strong></span> <span class='ocrx_word' id='word_1_90' title='bbox 1175 1809 1378 1869; x_wconf 90' lang='lat' dir='ltr'><strong>fratres</strong></span> <span class='ocrx_word' id='word_1_91' title='bbox 1402 1824 1532 1870; x_wconf 89' lang='lat' dir='ltr'><strong>sunt</strong></span> <span class='ocrx_word' id='word_1_92' title='bbox 1561 1816 1705 1873; x_wconf 82' lang='lat' dir='ltr'><strong>inter</strong></span> <span class='ocrx_word' id='word_1_93' title='bbox 1732 1834 1889 1874; x_wconf 88' lang='lat' dir='ltr'><strong>sese:</strong></span> <span class='ocrx_word' id='word_1_94' title='bbox 1923 1835 2063 1889; x_wconf 85' lang='lat' dir='ltr'><strong>qua-</strong></span> 
     </span>
    </p>
   </div>
   <div class='ocr_carea' id='block_1_16' title="bbox 1407 363 2826 493">
    <p class='ocr_par' dir='ltr' id='par_1_16' title="bbox 1407 363 2826 493">
     <span class='ocr_line' id='line_1_16' title="bbox 1407 363 2826 493; baseline 0.023 -32"><span class='ocrx_word' id='word_1_95' title='bbox 1407 363 1989 471; x_wconf 64' lang='lat' dir='ltr'><strong>&#39;i‘HEOPHYLACTI</strong></span> <span class='ocrx_word' id='word_1_96' title='bbox 2028 411 2445 481; x_wconf 66' lang='lat' dir='ltr'><strong>BULGABIA:</strong></span> <span class='ocrx_word' id='word_1_97' title='bbox 2469 423 2826 493; x_wconf 86' lang='lat' dir='ltr'><strong>ARCHIEP.</strong></span> 
     </span>
    </p>
   </div>
   <div class='ocr_carea' id='block_1_17' title="bbox 1444 513 2049 619">
    <p class='ocr_par' dir='ltr' id='par_1_17' title="bbox 1444 513 2049 589">
     <span class='ocr_line' id='line_1_17' title="bbox 1444 513 2049 589; baseline 0.017 -22"><span class='ocrx_word' id='word_1_98' title='bbox 1444 513 1629 570; x_wconf 83' lang='lat' dir='ltr'><strong>Potest</strong></span> <span class='ocrx_word' id='word_1_99' title='bbox 1657 520 1803 573; x_wconf 85' lang='lat' dir='ltr'><strong>enim</strong></span> <span class='ocrx_word' id='word_1_100' title='bbox 1866 522 2049 589; x_wconf 81' lang='lat' dir='ltr'><strong>aliqui:</strong></span> 
     </span>
    </p>
   </div>
   <div class='ocr_carea' id='block_1_18' title="bbox 2157 513 3772 619">
    <p class='ocr_par' dir='ltr' id='par_1_18' title="bbox 2252 533 3772 619">
     <span class='ocr_line' id='line_1_18' title="bbox 2252 533 3772 619; baseline 0.02 -34"><span class='ocrx_word' id='word_1_101' title='bbox 2252 533 2394 598; x_wconf 67' lang='grc' dir='ltr'><strong>Ἰϊτῳ</strong></span> <span class='ocrx_word' id='word_1_102' title='bbox 2426 540 2657 605; x_wconf 71' lang='grc' dir='ltr'><strong>γνησίῳ</strong></span> <span class='ocrx_word' id='word_1_103' title='bbox 2683 541 2891 609; x_wconf 80' lang='grc' dir='ltr'><strong>τέκνῳ.</strong></span> <span class='ocrx_word' id='word_1_104' title='bbox 2931 546 3088 601; x_wconf 77' lang='grc' dir='ltr'><strong>Ἐστι</strong></span> <span class='ocrx_word' id='word_1_105' title='bbox 3122 548 3232 619; x_wconf 78' lang='grc' dir='ltr'><strong>γᾶρ</strong></span> <span class='ocrx_word' id='word_1_106' title='bbox 3269 553 3363 607; x_wconf 78' lang='grc' dir='ltr'><strong>καὶ</strong></span> <span class='ocrx_word' id='word_1_107' title='bbox 3390 554 3580 610; x_wconf 82' lang='grc' dir='ltr'><strong>τέκνον</strong></span> <span class='ocrx_word' id='word_1_108' title='bbox 3627 554 3772 615; x_wconf 82' lang='grc' dir='ltr'><strong>εἶναι</strong></span> 
     </span>
    </p>
   </div>
   <div class='ocr_carea' id='block_1_19' title="bbox 3662 449 3777 511">
    <p class='ocr_par' dir='ltr' id='par_1_19' title="bbox 3662 449 3777 511">
     <span class='ocr_line' id='line_1_19' title="bbox 3662 449 3777 511; baseline 0 0"><span class='ocrx_word' id='word_1_109' title='bbox 3662 449 3777 511; x_wconf 67' lang='grc'><strong>148</strong></span> 
     </span>
    </p>
   </div>
   <div class='ocr_carea' id='block_1_20' title="bbox 2178 813 3688 904">
    <p class='ocr_par' dir='ltr' id='par_1_20' title="bbox 2178 813 3688 904">
     <span class='ocr_line' id='line_1_20' title="bbox 2178 813 3688 904; baseline 0.021 -45"><span class='ocrx_word' id='word_1_110' title='bbox 2178 824 2368 877; x_wconf 88' lang='grc' dir='ltr'><strong>σματι,</strong></span> <span class='ocrx_word' id='word_1_111' title='bbox 2398 813 2459 865; x_wconf 88' lang='grc' dir='ltr'><strong>ού</strong></span> <span class='ocrx_word' id='word_1_112' title='bbox 2494 816 2717 885; x_wconf 82' lang='grc' dir='ltr'><strong>γνήσιον</strong></span> <span class='ocrx_word' id='word_1_113' title='bbox 2744 818 2820 882; x_wconf 81' lang='grc' dir='ltr'><strong>δὲ,</strong></span> <span class='ocrx_word' id='word_1_114' title='bbox 2848 821 3035 894; x_wconf 81' lang='grc' dir='ltr'><strong>ἐπειδὴ</strong></span> <span class='ocrx_word' id='word_1_115' title='bbox 3066 826 3285 895; x_wconf 72' lang='grc' dir='ltr'><strong>ἀνάξιον</strong></span> <span class='ocrx_word' id='word_1_116' title='bbox 3318 830 3413 882; x_wconf 83' lang='grc' dir='ltr'><strong>τοῦ</strong></span> <span class='ocrx_word' id='word_1_117' title='bbox 3448 833 3688 904; x_wconf 77' lang='grc' dir='ltr'><strong>Πατρός.</strong></span> 
     </span>
    </p>
   </div>
   <div class='ocr_carea' id='block_1_21' title="bbox 2244 1086 3764 1167">
    <p class='ocr_par' dir='ltr' id='par_1_21' title="bbox 2244 1086 3764 1167">
     <span class='ocr_line' id='line_1_21' title="bbox 2244 1086 3764 1167; baseline 0.011 -28"><span class='ocrx_word' id='word_1_118' title='bbox 2244 1086 2408 1140; x_wconf 71' lang='grc' dir='ltr'><strong>Κατὰ</strong></span> <span class='ocrx_word' id='word_1_119' title='bbox 2437 1089 2654 1160; x_wconf 77' lang='grc' dir='ltr'><strong>κοινὴν</strong></span> <span class='ocrx_word' id='word_1_120' title='bbox 2700 1092 2930 1147; x_wconf 78' lang='grc' dir='ltr'><strong>πίστιν.</strong></span> <span class='ocrx_word' id='word_1_121' title='bbox 2988 1093 3175 1148; x_wconf 84' lang='grc' dir='ltr'><strong>Εἰπὼν</strong></span> <span class='ocrx_word' id='word_1_122' title='bbox 3204 1095 3295 1150; x_wconf 60' lang='grc' dir='ltr'><strong>τὸν</strong></span> <span class='ocrx_word' id='word_1_123' title='bbox 3339 1098 3499 1152; x_wconf 85' lang='grc' dir='ltr'><strong>Τίτον</strong></span> <span class='ocrx_word' id='word_1_124' title='bbox 3548 1101 3764 1167; x_wconf 83' lang='grc' dir='ltr'><strong>τέκνον,</strong></span> 
     </span>
    </p>
   </div>
   <div class='ocr_carea' id='block_1_22' title="bbox 2172 1177 3771 1263">
    <p class='ocr_par' dir='ltr' id='par_1_22' title="bbox 2172 1177 3771 1263">
     <span class='ocr_line' id='line_1_22' title="bbox 2172 1177 3771 1263; baseline 0.013 -35"><span class='ocrx_word' id='word_1_125' title='bbox 2172 1177 2268 1229; x_wconf 79' lang='grc' dir='ltr'><strong>καὶ</strong></span> <span class='ocrx_word' id='word_1_126' title='bbox 2302 1179 2508 1249; x_wconf 81' lang='grc' dir='ltr'><strong>πατρὸς</strong></span> <span class='ocrx_word' id='word_1_127' title='bbox 2542 1180 2696 1249; x_wconf 78' lang='grc' dir='ltr'><strong>τάξιν</strong></span> <span class='ocrx_word' id='word_1_128' title='bbox 2729 1184 2892 1247; x_wconf 78' lang='grc' dir='ltr'><strong>αὐτὸς</strong></span> <span class='ocrx_word' id='word_1_129' title='bbox 2944 1184 3150 1250; x_wconf 86' lang='grc' dir='ltr'><strong>λαϐὼν,</strong></span> <span class='ocrx_word' id='word_1_130' title='bbox 3193 1188 3357 1243; x_wconf 83' lang='grc' dir='ltr'><strong>πάλιν</strong></span> <span class='ocrx_word' id='word_1_131' title='bbox 3408 1192 3503 1245; x_wconf 76' lang='grc' dir='ltr'><strong>καὶ</strong></span> <span class='ocrx_word' id='word_1_132' title='bbox 3556 1193 3771 1263; x_wconf 84' lang='grc' dir='ltr'><strong>ταύτην</strong></span> 
     </span>
    </p>
   </div>
   <div class='ocr_carea' id='block_1_23' title="bbox 2171 1269 3771 1354">
    <p class='ocr_par' dir='ltr' id='par_1_23' title="bbox 2171 1269 3771 1354">
     <span class='ocr_line' id='line_1_23' title="bbox 2171 1269 3771 1354; baseline 0.013 -33"><span class='ocrx_word' id='word_1_133' title='bbox 2171 1269 2270 1338; x_wconf 85' lang='grc' dir='ltr'><strong>τὴν</strong></span> <span class='ocrx_word' id='word_1_134' title='bbox 2296 1272 2463 1342; x_wconf 83' lang='grc' dir='ltr'><strong>τιμὴν</strong></span> <span class='ocrx_word' id='word_1_135' title='bbox 2494 1273 2730 1343; x_wconf 76' lang='grc' dir='ltr'><strong>ἐλαττοῖ,</strong></span> <span class='ocrx_word' id='word_1_136' title='bbox 2775 1277 2974 1346; x_wconf 78' lang='grc' dir='ltr'><strong>λέγων,</strong></span> <span class='ocrx_word' id='word_1_137' title='bbox 3008 1282 3090 1334; x_wconf 79' lang='grc' dir='ltr'><strong>ὅτι</strong></span> <span class='ocrx_word' id='word_1_138' title='bbox 3115 1281 3285 1335; x_wconf 81' lang='grc' dir='ltr'><strong>Οὐδὲν</strong></span> <span class='ocrx_word' id='word_1_139' title='bbox 3332 1281 3442 1354; x_wconf 74' lang='grc' dir='ltr'><strong>ἔχω</strong></span> <span class='ocrx_word' id='word_1_140' title='bbox 3474 1300 3569 1339; x_wconf 88' lang='grc' dir='ltr'><strong>σου</strong></span> <span class='ocrx_word' id='word_1_141' title='bbox 3599 1286 3771 1340; x_wconf 79' lang='grc' dir='ltr'><strong>πλέον</strong></span> 
     </span>
    </p>
   </div>
   <div class='ocr_carea' id='block_1_24' title="bbox 2171 1363 3773 1448">
    <p class='ocr_par' dir='ltr' id='par_1_24' title="bbox 2171 1363 3773 1448">
     <span class='ocr_line' id='line_1_24' title="bbox 2171 1363 3773 1448; baseline 0.011 -32"><span class='ocrx_word' id='word_1_142' title='bbox 2171 1363 2315 1416; x_wconf 76' lang='grc' dir='ltr'><strong>κατὰ</strong></span> <span class='ocrx_word' id='word_1_143' title='bbox 2344 1364 2445 1433; x_wconf 79' lang='grc' dir='ltr'><strong>τὴν</strong></span> <span class='ocrx_word' id='word_1_144' title='bbox 2475 1365 2687 1434; x_wconf 69' lang='grc' dir='ltr'><strong>πίστιν,</strong></span> <span class='ocrx_word' id='word_1_145' title='bbox 2708 1370 2862 1441; x_wconf 80' lang='grc' dir='ltr'><strong>κοινὴ</strong></span> <span class='ocrx_word' id='word_1_146' title='bbox 2888 1372 2995 1443; x_wconf 82' lang='grc' dir='ltr'><strong>γάρ</strong></span> <span class='ocrx_word' id='word_1_147' title='bbox 3018 1373 3158 1440; x_wconf 80' lang='grc' dir='ltr'><strong>ἐστι,</strong></span> <span class='ocrx_word' id='word_1_148' title='bbox 3186 1375 3283 1429; x_wconf 71' lang='grc' dir='ltr'><strong>καὶ</strong></span> <span class='ocrx_word' id='word_1_149' title='bbox 3310 1376 3378 1429; x_wconf 83' lang='grc' dir='ltr'><strong>δι’</strong></span> <span class='ocrx_word' id='word_1_150' title='bbox 3401 1376 3574 1447; x_wconf 80' lang='grc' dir='ltr'><strong>αὐτῆς</strong></span> <span class='ocrx_word' id='word_1_151' title='bbox 3604 1380 3773 1448; x_wconf 77' lang='grc' dir='ltr'><strong>κάγὼ</strong></span> 
     </span>
    </p>
   </div>
   <div class='ocr_carea' id='block_1_25' title="bbox 2170 1454 3768 1537">
    <p class='ocr_par' dir='ltr' id='par_1_25' title="bbox 2170 1454 3768 1537">
     <span class='ocr_line' id='line_1_25' title="bbox 2170 1454 3768 1537; baseline 0.012 -29"><span class='ocrx_word' id='word_1_152' title='bbox 2170 1454 2399 1527; x_wconf 79' lang='grc' dir='ltr'><strong>ἐτέχθην</strong></span> <span class='ocrx_word' id='word_1_153' title='bbox 2425 1459 2522 1511; x_wconf 75' lang='grc' dir='ltr'><strong>καὶ</strong></span> <span class='ocrx_word' id='word_1_154' title='bbox 2558 1459 2645 1513; x_wconf 90' lang='grc' dir='ltr'><strong>σύ.</strong></span> <span class='ocrx_word' id='word_1_155' title='bbox 2672 1460 2797 1525; x_wconf 80' lang='grc' dir='ltr'><strong>Πῶς</strong></span> <span class='ocrx_word' id='word_1_156' title='bbox 2824 1459 2917 1517; x_wconf 80' lang='grc' dir='ltr'><strong>οὖν</strong></span> <span class='ocrx_word' id='word_1_157' title='bbox 2945 1465 3140 1520; x_wconf 79' lang='grc' dir='ltr'><strong>τέκνον</strong></span> <span class='ocrx_word' id='word_1_158' title='bbox 3167 1468 3330 1522; x_wconf 75' lang='grc' dir='ltr'><strong>αὐτὸν</strong></span> <span class='ocrx_word' id='word_1_159' title='bbox 3353 1469 3544 1537; x_wconf 71' lang='grc' dir='ltr'><strong>καλεῖς</strong></span> <span class='ocrx_word' id='word_1_160' title='bbox 3574 1474 3644 1526; x_wconf 89' lang='grc' dir='ltr'><strong>Ἦ</strong></span> <span class='ocrx_word' id='word_1_161' title='bbox 3673 1474 3768 1528; x_wconf 84' lang='grc' dir='ltr'><strong>ἴνα</strong></span> 
     </span>
    </p>
   </div>
   <div class='ocr_carea' id='block_1_26' title="bbox 2167 1547 3767 1628">
    <p class='ocr_par' dir='ltr' id='par_1_26' title="bbox 2167 1547 3767 1628">
     <span class='ocr_line' id='line_1_26' title="bbox 2167 1547 3767 1628; baseline 0.012 -27"><span class='ocrx_word' id='word_1_162' title='bbox 2167 1547 2386 1621; x_wconf 78' lang='grc' dir='ltr'><strong>δηλώσῃ</strong></span> <span class='ocrx_word' id='word_1_163' title='bbox 2416 1549 2516 1622; x_wconf 84' lang='grc' dir='ltr'><strong>τὴν</strong></span> <span class='ocrx_word' id='word_1_164' title='bbox 2548 1551 2960 1625; x_wconf 79' lang='grc' dir='ltr'><strong>φιλοστοργίαν,</strong></span> <span class='ocrx_word' id='word_1_165' title='bbox 2995 1557 3028 1628; x_wconf 84' lang='grc' dir='ltr'>ἢ</span> <span class='ocrx_word' id='word_1_166' title='bbox 3065 1559 3200 1612; x_wconf 84' lang='grc' dir='ltr'><strong>διότι</strong></span> <span class='ocrx_word' id='word_1_167' title='bbox 3234 1561 3398 1625; x_wconf 74' lang='grc' dir='ltr'><strong>αὐτὸς</strong></span> <span class='ocrx_word' id='word_1_168' title='bbox 3429 1564 3595 1619; x_wconf 81' lang='grc' dir='ltr'><strong>αὐτὸν</strong></span> <span class='ocrx_word' id='word_1_169' title='bbox 3629 1564 3767 1619; x_wconf 80' lang='grc' dir='ltr'><strong>ἐϐά-</strong></span> 
     </span>
    </p>
   </div>
   <div class='ocr_carea' id='block_1_27' title="bbox 2169 1643 3761 1728">
    <p class='ocr_par' dir='ltr' id='par_1_27' title="bbox 2169 1643 3761 1728">
     <span class='ocr_line' id='line_1_27' title="bbox 2169 1643 3761 1728; baseline 0.009 -34"><span class='ocrx_word' id='word_1_170' title='bbox 2169 1657 2351 1698; x_wconf 85' lang='grc' dir='ltr'><strong>πτισε.</strong></span> <span class='ocrx_word' id='word_1_171' title='bbox 2392 1643 2533 1697; x_wconf 86' lang='grc' dir='ltr'><strong>Καθ’</strong></span> <span class='ocrx_word' id='word_1_172' title='bbox 2562 1645 2590 1699; x_wconf 81' lang='grc' dir='ltr'><strong>ὃ</strong></span> <span class='ocrx_word' id='word_1_173' title='bbox 2623 1646 2724 1716; x_wconf 82' lang='grc' dir='ltr'><strong>μὲν</strong></span> <span class='ocrx_word' id='word_1_174' title='bbox 2764 1648 2933 1721; x_wconf 82' lang='grc' dir='ltr'><strong>γὰρὴ</strong></span> <span class='ocrx_word' id='word_1_175' title='bbox 2977 1651 3117 1722; x_wconf 84' lang='grc' dir='ltr'><strong>αύτὴ</strong></span> <span class='ocrx_word' id='word_1_176' title='bbox 3160 1652 3344 1718; x_wconf 78' lang='grc' dir='ltr'><strong>πίστις</strong></span> <span class='ocrx_word' id='word_1_177' title='bbox 3396 1656 3761 1728; x_wconf 83' lang='grc' dir='ltr'><strong>ἀμφοτέροις,</strong></span> 
     </span>
    </p>
   </div>
   <div class='ocr_carea' id='block_1_28' title="bbox 2167 1735 3775 1809">
    <p class='ocr_par' dir='ltr' id='par_1_28' title="bbox 2167 1735 3775 1809">
     <span class='ocr_line' id='line_1_28' title="bbox 2167 1735 3775 1809; baseline 0.01 -22"><span class='ocrx_word' id='word_1_178' title='bbox 2167 1735 2388 1805; x_wconf 68' lang='grc' dir='ltr'><strong>ἀδελφοὶ</strong></span> <span class='ocrx_word' id='word_1_179' title='bbox 2417 1737 2691 1809; x_wconf 79' lang='grc' dir='ltr'><strong>ἀλλήλων.</strong></span> <span class='ocrx_word' id='word_1_180' title='bbox 2745 1741 2884 1795; x_wconf 84' lang='grc' dir='ltr'><strong>Καθ’</strong></span> <span class='ocrx_word' id='word_1_181' title='bbox 2909 1742 2937 1794; x_wconf 85' lang='grc' dir='ltr'><strong>δ</strong></span> <span class='ocrx_word' id='word_1_182' title='bbox 2962 1742 3020 1795; x_wconf 85' lang='grc' dir='ltr'><strong>δὲ</strong></span> <span class='ocrx_word' id='word_1_183' title='bbox 3059 1743 3277 1809; x_wconf 79' lang='grc' dir='ltr'><strong>Παῦλος</strong></span> <span class='ocrx_word' id='word_1_184' title='bbox 3323 1746 3416 1799; x_wconf 87' lang='grc' dir='ltr'><strong>τὸν</strong></span> <span class='ocrx_word' id='word_1_185' title='bbox 3447 1748 3607 1802; x_wconf 81' lang='grc' dir='ltr'><strong>Τίτον</strong></span> <span class='ocrx_word' id='word_1_186' title='bbox 3633 1748 3775 1803; x_wconf 74' lang='grc' dir='ltr'><strong>ἐϐά-</strong></span> 
     </span>
    </p>
   </div>
   <div class='ocr_carea' id='block_1_29' title="bbox 2169 1830 3771 1909">
    <p class='ocr_par' dir='ltr' id='par_1_29' title="bbox 2169 1830 3771 1909">
     <span class='ocr_line' id='line_1_29' title="bbox 2169 1830 3771 1909; baseline 0.01 -30"><span class='ocrx_word' id='word_1_187' title='bbox 2169 1843 2348 1893; x_wconf 86' lang='grc' dir='ltr'><strong>πτισε,</strong></span> <span class='ocrx_word' id='word_1_188' title='bbox 2382 1830 2588 1900; x_wconf 63' lang='grc' dir='ltr'><strong>πατήρ.</strong></span> <span class='ocrx_word' id='word_1_189' title='bbox 2624 1831 2695 1884; x_wconf 85' lang='grc' dir='ltr'><strong>Τὸ</strong></span> <span class='ocrx_word' id='word_1_190' title='bbox 2720 1830 2765 1884; x_wconf 88' lang='grc' dir='ltr'>δ’</span> <span class='ocrx_word' id='word_1_191' title='bbox 2785 1832 2902 1899; x_wconf 80' lang='grc' dir='ltr'><strong>οὖν,</strong></span> <span class='ocrx_word' id='word_1_192' title='bbox 2931 1834 3084 1891; x_wconf 75' lang='grc' dir='ltr'><strong>κατὰ</strong></span> <span class='ocrx_word' id='word_1_193' title='bbox 3122 1836 3237 1905; x_wconf 77' lang='grc' dir='ltr'><strong>τὴν</strong></span> <span class='ocrx_word' id='word_1_194' title='bbox 3268 1838 3487 1909; x_wconf 76' lang='grc' dir='ltr'><strong>κοινὴν</strong></span> <span class='ocrx_word' id='word_1_195' title='bbox 3523 1830 3771 1909; x_wconf 73' lang='grc' dir='ltr'><strong>πίστιν,</strong></span> 
     </span>
    </p>
   </div>
   <div class='ocr_carea' id='block_1_30' title="bbox 470 1893 2049 1997">
    <p class='ocr_par' dir='ltr' id='par_1_30' title="bbox 470 1893 2049 1977">
     <span class='ocr_line' id='line_1_30' title="bbox 470 1893 2049 1977; baseline 0.012 -33"><span class='ocrx_word' id='word_1_196' title='bbox 470 1898 636 1944; x_wconf 80' lang='lat' dir='ltr'><strong>tenus</strong></span> <span class='ocrx_word' id='word_1_197' title='bbox 667 1907 801 1947; x_wconf 84' lang='lat' dir='ltr'><strong>vero</strong></span> <span class='ocrx_word' id='word_1_198' title='bbox 839 1893 1045 1953; x_wconf 87' lang='lat' dir='ltr'><strong>Paulus</strong></span> <span class='ocrx_word' id='word_1_199' title='bbox 1076 1897 1260 1954; x_wconf 81' lang='lat' dir='ltr'><strong>Titum</strong></span> <span class='ocrx_word' id='word_1_200' title='bbox 1304 1901 1624 1973; x_wconf 87' lang='lat' dir='ltr'><strong>baptizarit,</strong></span> <span class='ocrx_word' id='word_1_201' title='bbox 1673 1913 1848 1977; x_wconf 88' lang='lat' dir='ltr'><strong>pater.</strong></span> <span class='ocrx_word' id='word_1_202' title='bbox 1903 1908 2049 1973; x_wconf 83' lang='lat' dir='ltr'><strong>Quod</strong></span> 
     </span>
    </p>
   </div>
   <div class='ocr_carea' id='block_1_31' title="bbox 2157 1893 2829 1997">
    <p class='ocr_par' dir='ltr' id='par_1_31' title="bbox 2166 1893 2829 1997">
     <span class='ocr_line' id='line_1_31' title="bbox 2166 1893 2829 1997; baseline 0.009 -25"><span class='ocrx_word' id='word_1_203' title='bbox 2166 1919 2265 1990; x_wconf 77' lang='grc' dir='ltr'><strong>τὴν</strong></span> <span class='ocrx_word' id='word_1_204' title='bbox 2291 1893 2636 1995; x_wconf 76' lang='grc' dir='ltr'><strong>ἀδελφότητα</strong></span> <span class='ocrx_word' id='word_1_205' title='bbox 2656 1923 2829 1997; x_wconf 79' lang='grc' dir='ltr'><strong>δηλοῖ.</strong></span> 
     </span>
    </p>
   </div>
   <div class='ocr_carea' id='block_1_32' title="bbox 480 1980 2055 2065">
    <p class='ocr_par' dir='ltr' id='par_1_32' title="bbox 480 1980 2055 2065">
     <span class='ocr_line' id='line_1_32' title="bbox 480 1980 2055 2065; baseline 0.015 -33"><span class='ocrx_word' id='word_1_206' title='bbox 480 1980 655 2047; x_wconf 80' lang='lat' dir='ltr'><strong>igitur</strong></span> <span class='ocrx_word' id='word_1_207' title='bbox 686 1982 784 2051; x_wconf 81' lang='lat' dir='ltr'><strong>ait,</strong></span> <span class='ocrx_word' id='word_1_208' title='bbox 812 1985 971 2056; x_wconf 65' lang='lat' dir='ltr'><strong>iuxta</strong></span> <span class='ocrx_word' id='word_1_209' title='bbox 1020 2005 1354 2049; x_wconf 76' lang='lat' dir='ltr'><strong>communem</strong></span> <span class='ocrx_word' id='word_1_210' title='bbox 1408 1995 1593 2065; x_wconf 75' lang='lat' dir='ltr'><strong>ﬁdem,</strong></span> <span class='ocrx_word' id='word_1_211' title='bbox 1648 1996 2055 2055; x_wconf 66' lang='lat' dir='ltr'><strong>fraternitatem</strong></span> 
     </span>
    </p>
   </div>
   <div class='ocr_carea' id='block_1_33' title="bbox 466 2071 1967 2139">
    <p class='ocr_par' dir='ltr' id='par_1_33' title="bbox 466 2071 1967 2139">
     <span class='ocr_line' id='line_1_33' title="bbox 466 2071 1967 2139; baseline 0.008 -12"><span class='ocrx_word' id='word_1_212' title='bbox 466 2071 700 2132; x_wconf 84' lang='lat' dir='ltr'><strong>indicat.</strong></span> <span class='ocrx_word' id='word_1_213' title='bbox 1966 2136 1967 2139; x_wconf 44' lang='grc' dir='ltr'><strong>η</strong></span> 
     </span>
    </p>
   </div>
   <div class='ocr_carea' id='block_1_34' title="bbox 541 2168 2054 2252">
    <p class='ocr_par' dir='ltr' id='par_1_34' title="bbox 541 2168 2054 2252">
     <span class='ocr_line' id='line_1_34' title="bbox 541 2168 2054 2252; baseline 0.01 -26"><span class='ocrx_word' id='word_1_214' title='bbox 541 2168 751 2238; x_wconf 81' lang='lat' dir='ltr'><strong>Gratia,</strong></span> <span class='ocrx_word' id='word_1_215' title='bbox 786 2174 1183 2243; x_wconf 71' lang='lat' dir='ltr'><strong>misericordia,</strong></span> <span class='ocrx_word' id='word_1_216' title='bbox 1223 2195 1355 2250; x_wconf 74' lang='lat' dir='ltr'><strong>pax,</strong></span> <span class='ocrx_word' id='word_1_217' title='bbox 1387 2198 1421 2236; x_wconf 84' lang='grc' dir='ltr'><strong>α</strong></span> <span class='ocrx_word' id='word_1_218' title='bbox 1476 2180 1585 2238; x_wconf 89' lang='lat' dir='ltr'><strong>Deo</strong></span> <span class='ocrx_word' id='word_1_219' title='bbox 1621 2182 1805 2252; x_wconf 83' lang='lat' dir='ltr'><strong>Patre,</strong></span> <span class='ocrx_word' id='word_1_220' title='bbox 1834 2191 1885 2240; x_wconf 88' lang='lat' dir='ltr'><strong>et</strong></span> <span class='ocrx_word' id='word_1_221' title='bbox 1943 2185 2054 2240; x_wconf 79' lang='lat' dir='ltr'><strong>Do-</strong></span> 
     </span>
    </p>
   </div>
   <div class='ocr_carea' id='block_1_35' title="bbox 468 2261 2054 2342">
    <p class='ocr_par' dir='ltr' id='par_1_35' title="bbox 468 2261 2054 2342">
     <span class='ocr_line' id='line_1_35' title="bbox 468 2261 2054 2342; baseline 0.011 -28"><span class='ocrx_word' id='word_1_222' title='bbox 468 2261 617 2316; x_wconf 79' lang='lat' dir='ltr'><strong>mino</strong></span> <span class='ocrx_word' id='word_1_223' title='bbox 644 2261 775 2319; x_wconf 79' lang='lat' dir='ltr'><strong>Jesu</strong></span> <span class='ocrx_word' id='word_1_224' title='bbox 807 2264 1046 2333; x_wconf 77' lang='lat' dir='ltr'><strong>Christo,</strong></span> <span class='ocrx_word' id='word_1_225' title='bbox 1075 2268 1356 2326; x_wconf 76' lang='lat' dir='ltr'><strong>Sereatore</strong></span> <span class='ocrx_word' id='word_1_226' title='bbox 1398 2281 1602 2327; x_wconf 86' lang='lat' dir='ltr'><strong>nostra.</strong></span> <span class='ocrx_word' id='word_1_227' title='bbox 1639 2274 1715 2342; x_wconf 82' lang='lat' dir='ltr'><strong>Ex</strong></span> <span class='ocrx_word' id='word_1_228' title='bbox 1754 2275 1860 2331; x_wconf 89' lang='lat' dir='ltr'><strong>hoc</strong></span> <span class='ocrx_word' id='word_1_229' title='bbox 1887 2276 2054 2331; x_wconf 88' lang='lat' dir='ltr'><strong>etiam</strong></span> 
     </span>
    </p>
   </div>
   <div class='ocr_carea' id='block_1_36' title="bbox 470 2352 2056 2431">
    <p class='ocr_par' dir='ltr' id='par_1_36' title="bbox 470 2352 2056 2431">
     <span class='ocr_line' id='line_1_36' title="bbox 470 2352 2056 2431; baseline 0.011 -26"><span class='ocrx_word' id='word_1_230' title='bbox 470 2352 876 2412; x_wconf 79' lang='lat' dir='ltr'><strong>fraternitatem</strong></span> <span class='ocrx_word' id='word_1_231' title='bbox 927 2358 1195 2428; x_wconf 85' lang='lat' dir='ltr'><strong>declarat,</strong></span> <span class='ocrx_word' id='word_1_232' title='bbox 1230 2378 1354 2417; x_wconf 89' lang='lat' dir='ltr'><strong>cum</strong></span> <span class='ocrx_word' id='word_1_233' title='bbox 1390 2363 1487 2431; x_wconf 85' lang='lat' dir='ltr'><strong>ait,</strong></span> <span class='ocrx_word' id='word_1_234' title='bbox 1541 2381 1574 2418; x_wconf 93' lang='lat' dir='ltr'><strong>a</strong></span> <span class='ocrx_word' id='word_1_235' title='bbox 1605 2364 1714 2420; x_wconf 83' lang='lat' dir='ltr'><strong>Deo</strong></span> <span class='ocrx_word' id='word_1_236' title='bbox 1741 2366 1928 2431; x_wconf 85' lang='lat' dir='ltr'><strong>Patre,</strong></span> <span class='ocrx_word' id='word_1_237' title='bbox 1956 2384 2056 2422; x_wconf 82' lang='lat' dir='ltr'><strong>ex-</strong></span> 
     </span>
    </p>
   </div>
   <div class='ocr_carea' id='block_1_37' title="bbox 463 2446 2053 2527">
    <p class='ocr_par' dir='ltr' id='par_1_37' title="bbox 463 2446 2053 2527">
     <span class='ocr_line' id='line_1_37' title="bbox 463 2446 2053 2527; baseline 0.01 -27"><span class='ocrx_word' id='word_1_238' title='bbox 463 2446 715 2519; x_wconf 86' lang='lat' dir='ltr'><strong>citatque</strong></span> <span class='ocrx_word' id='word_1_239' title='bbox 777 2448 961 2504; x_wconf 73' lang='lat' dir='ltr'><strong>Titum</strong></span> <span class='ocrx_word' id='word_1_240' title='bbox 1034 2460 1095 2507; x_wconf 90' lang='lat' dir='ltr'><strong>nt</strong></span> <span class='ocrx_word' id='word_1_241' title='bbox 1155 2454 1482 2511; x_wconf 80' lang='lat' dir='ltr'><strong>recordetur</strong></span> <span class='ocrx_word' id='word_1_242' title='bbox 1530 2457 1691 2527; x_wconf 87' lang='lat' dir='ltr'><strong>cujus</strong></span> <span class='ocrx_word' id='word_1_243' title='bbox 1736 2460 1809 2514; x_wconf 85' lang='lat' dir='ltr'><strong>sit</strong></span> <span class='ocrx_word' id='word_1_244' title='bbox 1884 2458 2053 2525; x_wconf 77' lang='lat' dir='ltr'><strong>ﬁlius,</strong></span> 
     </span>
    </p>
   </div>
   <div class='ocr_carea' id='block_1_38' title="bbox 465 2541 2055 2622">
    <p class='ocr_par' dir='ltr' id='par_1_38' title="bbox 465 2541 2055 2622">
     <span class='ocr_line' id='line_1_38' title="bbox 465 2541 2055 2622; baseline 0.008 -27"><span class='ocrx_word' id='word_1_245' title='bbox 465 2556 664 2612; x_wconf 86' lang='lat' dir='ltr'><strong>nempe</strong></span> <span class='ocrx_word' id='word_1_246' title='bbox 690 2541 811 2599; x_wconf 83' lang='lat' dir='ltr'><strong>Dei.</strong></span> <span class='ocrx_word' id='word_1_247' title='bbox 848 2542 1250 2622; x_wconf 78' lang='lat' dir='ltr'><strong>Animadverte</strong></span> <span class='ocrx_word' id='word_1_248' title='bbox 1272 2555 1456 2604; x_wconf 87' lang='lat' dir='ltr'><strong>autem</strong></span> <span class='ocrx_word' id='word_1_249' title='bbox 1491 2549 1602 2613; x_wconf 91' lang='lat' dir='ltr'><strong>hic,</strong></span> <span class='ocrx_word' id='word_1_250' title='bbox 1631 2552 1912 2621; x_wconf 86' lang='lat' dir='ltr'><strong>quomodo</strong></span> <span class='ocrx_word' id='word_1_251' title='bbox 1934 2567 2055 2622; x_wconf 67' lang='lat' dir='ltr'><strong>qua:</strong></span> 
     </span>
    </p>
   </div>
   <div class='ocr_carea' id='block_1_39' title="bbox 466 2618 2053 2716">
    <p class='ocr_par' dir='ltr' id='par_1_39' title="bbox 466 2618 2053 2716">
     <span class='ocr_line' id='line_1_39' title="bbox 466 2618 2053 2716; baseline 0.008 -28"><span class='ocrx_word' id='word_1_252' title='bbox 466 2635 700 2704; x_wconf 77' lang='lat' dir='ltr'><strong>privatis</strong></span> <span class='ocrx_word' id='word_1_253' title='bbox 782 2649 1027 2711; x_wconf 76' lang='lat' dir='ltr'><strong>exoptet,</strong></span> <span class='ocrx_word' id='word_1_254' title='bbox 1100 2618 1292 2698; x_wconf 72' lang='lat' dir='ltr'><strong>eadem</strong></span> <span class='ocrx_word' id='word_1_255' title='bbox 1360 2660 1588 2716; x_wconf 82' lang='lat' dir='ltr'><strong>quoque</strong></span> <span class='ocrx_word' id='word_1_256' title='bbox 1652 2618 2053 2716; x_wconf 14' lang='lat' dir='ltr'><strong>icompreca&#39;tur</strong></span> 
     </span>
    </p>
   </div>
   <div class='ocr_carea' id='block_1_40' title="bbox 462 2728 2050 2809">
    <p class='ocr_par' dir='ltr' id='par_1_40' title="bbox 462 2728 2050 2809">
     <span class='ocr_line' id='line_1_40' title="bbox 462 2728 2050 2809; baseline 0.006 -25"><span class='ocrx_word' id='word_1_257' title='bbox 462 2728 724 2801; x_wconf 88' lang='lat' dir='ltr'><strong>episcopo</strong></span> <span class='ocrx_word' id='word_1_258' title='bbox 749 2746 816 2786; x_wconf 88' lang='lat' dir='ltr'><strong>ac</strong></span> <span class='ocrx_word' id='word_1_259' title='bbox 869 2731 1111 2788; x_wconf 78' lang='lat' dir='ltr'><strong>doctori.</strong></span> <span class='ocrx_word' id='word_1_260' title='bbox 1145 2734 1319 2807; x_wconf 78' lang='lat' dir='ltr'><strong>Magis</strong></span> <span class='ocrx_word' id='word_1_261' title='bbox 1358 2738 1506 2793; x_wconf 86' lang='lat' dir='ltr'><strong>enim</strong></span> <span class='ocrx_word' id='word_1_262' title='bbox 1566 2740 1685 2809; x_wconf 86' lang='lat' dir='ltr'><strong>ipse</strong></span> <span class='ocrx_word' id='word_1_263' title='bbox 1745 2737 1918 2809; x_wconf 79' lang='lat' dir='ltr'><strong>gratia</strong></span> <span class='ocrx_word' id='word_1_264' title='bbox 1952 2737 2050 2795; x_wconf 81' lang='lat' dir='ltr'><strong>Dei</strong></span> 
     </span>
    </p>
   </div>
   <div class='ocr_carea' id='block_1_41' title="bbox 461 2818 2054 2898">
    <p class='ocr_par' dir='ltr' id='par_1_41' title="bbox 461 2818 2054 2898">
     <span class='ocr_line' id='line_1_41' title="bbox 461 2818 2054 2898; baseline 0.006 -24"><span class='ocrx_word' id='word_1_265' title='bbox 461 2818 695 2890; x_wconf 75' lang='lat' dir='ltr'><strong>indiget,</strong></span> <span class='ocrx_word' id='word_1_266' title='bbox 721 2830 782 2876; x_wconf 88' lang='lat' dir='ltr'><strong>ut</strong></span> <span class='ocrx_word' id='word_1_267' title='bbox 808 2825 903 2893; x_wconf 88' lang='lat' dir='ltr'><strong>qui</strong></span> <span class='ocrx_word' id='word_1_268' title='bbox 935 2826 1107 2881; x_wconf 88' lang='lat' dir='ltr'><strong>multa</strong></span> <span class='ocrx_word' id='word_1_269' title='bbox 1136 2840 1311 2883; x_wconf 88' lang='lat' dir='ltr'><strong>onera</strong></span> <span class='ocrx_word' id='word_1_270' title='bbox 1341 2827 1552 2898; x_wconf 84' lang='lat' dir='ltr'><strong>bajulet</strong></span> <span class='ocrx_word' id='word_1_271' title='bbox 1578 2846 1593 2883; x_wconf 90' lang='lat'><strong>:</strong></span> <span class='ocrx_word' id='word_1_272' title='bbox 1640 2836 1699 2885; x_wconf 82' lang='lat' dir='ltr'><strong>et</strong></span> <span class='ocrx_word' id='word_1_273' title='bbox 1735 2828 2054 2885; x_wconf 88' lang='lat' dir='ltr'><strong>misericor-</strong></span> 
     </span>
    </p>
   </div>
   <div class='ocr_carea' id='block_1_42' title="bbox 461 2909 2051 2994">
    <p class='ocr_par' dir='ltr' id='par_1_42' title="bbox 461 2909 2051 2994">
     <span class='ocr_line' id='line_1_42' title="bbox 461 2909 2051 2994; baseline 0.007 -30"><span class='ocrx_word' id='word_1_274' title='bbox 461 2909 575 2976; x_wconf 81' lang='lat' dir='ltr'><strong>dia,</strong></span> <span class='ocrx_word' id='word_1_275' title='bbox 608 2920 668 2966; x_wconf 84' lang='lat' dir='ltr'><strong>ut</strong></span> <span class='ocrx_word' id='word_1_276' title='bbox 692 2914 787 2984; x_wconf 84' lang='lat' dir='ltr'><strong>qui</strong></span> <span class='ocrx_word' id='word_1_277' title='bbox 840 2916 1029 2972; x_wconf 88' lang='lat' dir='ltr'><strong>multis</strong></span> <span class='ocrx_word' id='word_1_278' title='bbox 1058 2917 1134 2972; x_wconf 87' lang='lat' dir='ltr'><strong>sit</strong></span> <span class='ocrx_word' id='word_1_279' title='bbox 1186 2919 1503 2976; x_wconf 72' lang='lat' dir='ltr'><strong>obnoxius:</strong></span> <span class='ocrx_word' id='word_1_280' title='bbox 1541 2926 1598 2976; x_wconf 86' lang='lat' dir='ltr'><strong>et</strong></span> <span class='ocrx_word' id='word_1_281' title='bbox 1645 2934 1807 2992; x_wconf 86' lang='lat' dir='ltr'><strong>pace,</strong></span> <span class='ocrx_word' id='word_1_282' title='bbox 1860 2929 1922 2975; x_wconf 90' lang='lat' dir='ltr'><strong>ut</strong></span> <span class='ocrx_word' id='word_1_283' title='bbox 1955 2921 2051 2994; x_wconf 84' lang='lat' dir='ltr'><strong>qui</strong></span> 
     </span>
    </p>
   </div>
   <div class='ocr_carea' id='block_1_43' title="bbox 460 3004 2048 3083">
    <p class='ocr_par' dir='ltr' id='par_1_43' title="bbox 460 3004 2048 3083">
     <span class='ocr_line' id='line_1_43' title="bbox 460 3004 2048 3083; baseline 0.006 -25"><span class='ocrx_word' id='word_1_284' title='bbox 460 3004 641 3060; x_wconf 79' lang='lat' dir='ltr'><strong>turbis</strong></span> <span class='ocrx_word' id='word_1_285' title='bbox 665 3015 719 3061; x_wconf 89' lang='lat' dir='ltr'><strong>et</strong></span> <span class='ocrx_word' id='word_1_286' title='bbox 766 3006 1075 3066; x_wconf 83' lang='lat' dir='ltr'><strong>innumeris</strong></span> <span class='ocrx_word' id='word_1_287' title='bbox 1112 3011 1238 3067; x_wconf 85' lang='lat' dir='ltr'><strong>telis</strong></span> <span class='ocrx_word' id='word_1_288' title='bbox 1293 3013 1617 3083; x_wconf 80' lang='lat' dir='ltr'><strong>impetatur.</strong></span> <span class='ocrx_word' id='word_1_289' title='bbox 1672 3013 1849 3069; x_wconf 88' lang='lat' dir='ltr'><strong>Unica</strong></span> <span class='ocrx_word' id='word_1_290' title='bbox 1899 3014 2048 3068; x_wconf 88' lang='lat' dir='ltr'><strong>enim</strong></span> 
     </span>
    </p>
   </div>
   <div class='ocr_carea' id='block_1_44' title="bbox 442 3097 2048 3173">
    <p class='ocr_par' dir='ltr' id='par_1_44' title="bbox 442 3097 2048 3173">
     <span class='ocr_line' id='line_1_44' title="bbox 442 3097 2048 3173; baseline 0.005 -21"><span class='ocrx_word' id='word_1_291' title='bbox 442 3105 553 3153; x_wconf 79' lang='lat' dir='ltr'><strong>‘res</strong></span> <span class='ocrx_word' id='word_1_292' title='bbox 574 3097 714 3155; x_wconf 88' lang='lat' dir='ltr'><strong>bene</strong></span> <span class='ocrx_word' id='word_1_293' title='bbox 730 3107 884 3166; x_wconf 80' lang='lat' dir='ltr'><strong>gesta</strong></span> <span class='ocrx_word' id='word_1_294' title='bbox 914 3102 1233 3173; x_wconf 86' lang='lat' dir='ltr'><strong>episcopum</strong></span> <span class='ocrx_word' id='word_1_295' title='bbox 1258 3105 1550 3162; x_wconf 48' lang='lat' dir='ltr'><strong>ad&#39;caelum</strong></span> <span class='ocrx_word' id='word_1_296' title='bbox 1576 3105 1780 3173; x_wconf 79' lang='lat' dir='ltr'><strong>evehit,</strong></span> <span class='ocrx_word' id='word_1_297' title='bbox 1801 3114 1855 3160; x_wconf 89' lang='lat' dir='ltr'><strong>et</strong></span> <span class='ocrx_word' id='word_1_298' title='bbox 1878 3122 2048 3161; x_wconf 90' lang='lat' dir='ltr'><strong>unum</strong></span> 
     </span>
    </p>
   </div>
   <div class='ocr_carea' id='block_1_45' title="bbox 459 3195 1625 3261">
    <p class='ocr_par' dir='ltr' id='par_1_45' title="bbox 459 3195 1625 3261">
     <span class='ocr_line' id='line_1_45' title="bbox 459 3195 1625 3261; baseline 0.006 -14"><span class='ocrx_word' id='word_1_299' title='bbox 459 3199 751 3261; x_wconf 88' lang='lat' dir='ltr'><strong>peccatum</strong></span> <span class='ocrx_word' id='word_1_300' title='bbox 781 3196 1017 3251; x_wconf 88' lang='lat' dir='ltr'><strong>eundem</strong></span> <span class='ocrx_word' id='word_1_301' title='bbox 1048 3195 1116 3249; x_wconf 90' lang='lat' dir='ltr'><strong>ad</strong></span> <span class='ocrx_word' id='word_1_302' title='bbox 1145 3195 1355 3254; x_wconf 82' lang='lat' dir='ltr'><strong>inferos</strong></span> <span class='ocrx_word' id='word_1_303' title='bbox 1382 3197 1625 3254; x_wconf 80' lang='lat' dir='ltr'><strong>deducit.</strong></span> 
     </span>
    </p>
   </div>
   <div class='ocr_carea' id='block_1_46' title="bbox 2231 2198 3764 2274">
    <p class='ocr_par' dir='ltr' id='par_1_46' title="bbox 2231 2198 3764 2274">
     <span class='ocr_line' id='line_1_46' title="bbox 2231 2198 3764 2274; baseline 0.004 -21"><span class='ocrx_word' id='word_1_304' title='bbox 2231 2198 2446 2268; x_wconf 78' lang='grc' dir='ltr'><strong>Χάρις,</strong></span> <span class='ocrx_word' id='word_1_305' title='bbox 2486 2200 2692 2268; x_wconf 74' lang='grc' dir='ltr'><strong>ἕλεος,</strong></span> <span class='ocrx_word' id='word_1_306' title='bbox 2740 2201 2953 2272; x_wconf 78' lang='grc' dir='ltr'><strong>εἰρήνη</strong></span> <span class='ocrx_word' id='word_1_307' title='bbox 3000 2203 3119 2259; x_wconf 82' lang='grc' dir='ltr'><strong>ἀπὸ</strong></span> <span class='ocrx_word' id='word_1_308' title='bbox 3167 2203 3319 2258; x_wconf 85' lang='grc' dir='ltr'><strong>Θεοῦ</strong></span> <span class='ocrx_word' id='word_1_309' title='bbox 3367 2204 3621 2274; x_wconf 76' lang='grc' dir='ltr'><strong>Πατρός,</strong></span> <span class='ocrx_word' id='word_1_310' title='bbox 3655 2221 3764 2259; x_wconf 77' lang='grc' dir='ltr'><strong>και</strong></span> 
     </span>
    </p>
   </div>
   <div class='ocr_carea' id='block_1_47' title="bbox 2159 2290 3762 2364">
    <p class='ocr_par' dir='ltr' id='par_1_47' title="bbox 2159 2290 3762 2364">
     <span class='ocr_line' id='line_1_47' title="bbox 2159 2290 3762 2364; baseline 0.001 -18"><span class='ocrx_word' id='word_1_311' title='bbox 2159 2292 2382 2362; x_wconf 79' lang='grc' dir='ltr'><strong>Κυρίου</strong></span> <span class='ocrx_word' id='word_1_312' title='bbox 2423 2290 2631 2360; x_wconf 81' lang='grc' dir='ltr'><strong>Ἰησοῦ</strong></span> <span class='ocrx_word' id='word_1_313' title='bbox 2660 2293 2920 2362; x_wconf 81' lang='grc' dir='ltr'><strong>Χριστοῦ</strong></span> <span class='ocrx_word' id='word_1_314' title='bbox 2950 2292 3057 2349; x_wconf 85' lang='grc' dir='ltr'>τοῦ</span> <span class='ocrx_word' id='word_1_315' title='bbox 3085 2295 3384 2363; x_wconf 84' lang='grc' dir='ltr'><strong>ιΣωτῆρος</strong></span> <span class='ocrx_word' id='word_1_316' title='bbox 3416 2293 3608 2364; x_wconf 76' lang='grc' dir='ltr'><strong>ἡμῶν.</strong></span> <span class='ocrx_word' id='word_1_317' title='bbox 3641 2296 3762 2350; x_wconf 63' lang='grc' dir='ltr'><strong>Καὶ</strong></span> 
     </span>
    </p>
   </div>
   <div class='ocr_carea' id='block_1_48' title="bbox 2158 2373 3763 2458">
    <p class='ocr_par' dir='ltr' id='par_1_48' title="bbox 2158 2373 3763 2458">
     <span class='ocr_line' id='line_1_48' title="bbox 2158 2373 3763 2458; baseline 0.004 -21"><span class='ocrx_word' id='word_1_318' title='bbox 2158 2385 2225 2438; x_wconf 79' lang='grc' dir='ltr'><strong>ἐκ</strong></span> <span class='ocrx_word' id='word_1_319' title='bbox 2254 2385 2447 2439; x_wconf 87' lang='grc' dir='ltr'><strong>τούτου</strong></span> <span class='ocrx_word' id='word_1_320' title='bbox 2466 2387 2513 2421; x_wconf 83' lang='grc'><strong><em>⁸⁸</em></strong></span> <span class='ocrx_word' id='word_1_321' title='bbox 2542 2386 2641 2458; x_wconf 75' lang='grc' dir='ltr'><strong>τὴν</strong></span> <span class='ocrx_word' id='word_1_322' title='bbox 2664 2386 3008 2458; x_wconf 82' lang='grc' dir='ltr'><strong>ἀδελφότητα</strong></span> <span class='ocrx_word' id='word_1_323' title='bbox 3026 2373 3302 2442; x_wconf 77' lang='grc' dir='ltr'><strong>δείκνυσιν</strong></span> <span class='ocrx_word' id='word_1_324' title='bbox 3335 2390 3399 2442; x_wconf 82' lang='grc' dir='ltr'><strong>ὲκ</strong></span> <span class='ocrx_word' id='word_1_325' title='bbox 3423 2387 3519 2442; x_wconf 79' lang='grc' dir='ltr'>τοῦ</span> <span class='ocrx_word' id='word_1_326' title='bbox 3551 2391 3763 2453; x_wconf 82' lang='grc' dir='ltr'><strong>εἰπεῖν,</strong></span> 
     </span>
    </p>
   </div>
   <div class='ocr_carea' id='block_1_49' title="bbox 2163 2476 3760 2550">
    <p class='ocr_par' dir='ltr' id='par_1_49' title="bbox 2163 2476 3760 2550">
     <span class='ocr_line' id='line_1_49' title="bbox 2163 2476 3760 2550; baseline 0.003 -19"><span class='ocrx_word' id='word_1_327' title='bbox 2163 2476 2312 2532; x_wconf 84' lang='grc' dir='ltr'><strong>Θεοῦ</strong></span> <span class='ocrx_word' id='word_1_328' title='bbox 2342 2477 2593 2545; x_wconf 81' lang='grc' dir='ltr'><strong>Πατρός,</strong></span> <span class='ocrx_word' id='word_1_329' title='bbox 2626 2480 2717 2533; x_wconf 78' lang='grc' dir='ltr'><strong>καί</strong></span> <span class='ocrx_word' id='word_1_330' title='bbox 2764 2480 3031 2550; x_wconf 73' lang='grc' dir='ltr'><strong>διαναστᾷ</strong></span> <span class='ocrx_word' id='word_1_331' title='bbox 3068 2479 3163 2533; x_wconf 80' lang='grc' dir='ltr'><strong>τὸν</strong></span> <span class='ocrx_word' id='word_1_332' title='bbox 3215 2480 3398 2545; x_wconf 79' lang='grc' dir='ltr'><strong>Τίτον,</strong></span> <span class='ocrx_word' id='word_1_333' title='bbox 3427 2479 3571 2533; x_wconf 83' lang='grc' dir='ltr'><strong>ὥστε</strong></span> <span class='ocrx_word' id='word_1_334' title='bbox 3618 2481 3760 2535; x_wconf 78' lang='grc' dir='ltr'><strong>ἁνα-</strong></span> 
     </span>
    </p>
   </div>
   <div class='ocr_carea' id='block_1_50' title="bbox 2164 2571 3763 2643">
    <p class='ocr_par' dir='ltr' id='par_1_50' title="bbox 2164 2571 3763 2643">
     <span class='ocr_line' id='line_1_50' title="bbox 2164 2571 3763 2643; baseline 0.003 -20"><span class='ocrx_word' id='word_1_335' title='bbox 2164 2571 2474 2643; x_wconf 81' lang='grc' dir='ltr'><strong>μνησθῆναι</strong></span> <span class='ocrx_word' id='word_1_336' title='bbox 2503 2572 2653 2636; x_wconf 83' lang='grc' dir='ltr'><strong>τίνος</strong></span> <span class='ocrx_word' id='word_1_337' title='bbox 2707 2572 2855 2625; x_wconf 67' lang='grc' dir='ltr'><strong>ἐστὶν</strong></span> <span class='ocrx_word' id='word_1_338' title='bbox 2910 2573 3062 2636; x_wconf 85' lang='grc' dir='ltr'><strong>Υἰὺς,</strong></span> <span class='ocrx_word' id='word_1_339' title='bbox 3097 2575 3192 2627; x_wconf 72' lang='grc' dir='ltr'><strong>καὶ</strong></span> <span class='ocrx_word' id='word_1_340' title='bbox 3222 2573 3307 2627; x_wconf 80' lang='grc' dir='ltr'><strong>ὅτι</strong></span> <span class='ocrx_word' id='word_1_341' title='bbox 3337 2571 3494 2627; x_wconf 77' lang='grc' dir='ltr'><strong>Θεοῦ.</strong></span> <span class='ocrx_word' id='word_1_342' title='bbox 3519 2574 3666 2643; x_wconf 85' lang='grc' dir='ltr'><strong>Ὅρα</strong></span> <span class='ocrx_word' id='word_1_343' title='bbox 3696 2575 3763 2628; x_wconf 77' lang='grc' dir='ltr'>δὲ</span> 
     </span>
    </p>
   </div>
   <div class='ocr_carea' id='block_1_51' title="bbox 2160 2659 3758 2732">
    <p class='ocr_par' dir='ltr' id='par_1_51' title="bbox 2160 2659 3758 2732">
     <span class='ocr_line' id='line_1_51' title="bbox 2160 2659 3758 2732; baseline 0 -16"><span class='ocrx_word' id='word_1_344' title='bbox 2160 2662 2277 2725; x_wconf 84' lang='grc' dir='ltr'><strong>πῶς</strong></span> <span class='ocrx_word' id='word_1_345' title='bbox 2309 2660 2347 2715; x_wconf 73' lang='grc' dir='ltr'><strong>ἃ</strong></span> <span class='ocrx_word' id='word_1_346' title='bbox 2389 2664 2502 2726; x_wconf 86' lang='grc' dir='ltr'><strong>τοῖς</strong></span> <span class='ocrx_word' id='word_1_347' title='bbox 2536 2659 2775 2725; x_wconf 89' lang='grc' dir='ltr'><strong>ἰδιώταις</strong></span> <span class='ocrx_word' id='word_1_348' title='bbox 2812 2661 3127 2732; x_wconf 76' lang='grc' dir='ltr'><strong>ἐπεύχεται,</strong></span> <span class='ocrx_word' id='word_1_349' title='bbox 3162 2662 3340 2716; x_wconf 84' lang='grc' dir='ltr'><strong>ταῦτα</strong></span> <span class='ocrx_word' id='word_1_350' title='bbox 3380 2663 3475 2716; x_wconf 66' lang='grc' dir='ltr'><strong>κοιλ⁸</strong></span> <span class='ocrx_word' id='word_1_351' title='bbox 3507 2664 3584 2731; x_wconf 81' lang='grc' dir='ltr'><strong>τῷ</strong></span> <span class='ocrx_word' id='word_1_352' title='bbox 3622 2664 3758 2716; x_wconf 78' lang='grc' dir='ltr'><strong>ἐπι-</strong></span> 
     </span>
    </p>
   </div>
   <div class='ocr_carea' id='block_1_52' title="bbox 2159 2752 3759 2825">
    <p class='ocr_par' dir='ltr' id='par_1_52' title="bbox 2159 2752 3759 2825">
     <span class='ocr_line' id='line_1_52' title="bbox 2159 2752 3759 2825; baseline 0 -19"><span class='ocrx_word' id='word_1_353' title='bbox 2159 2754 2350 2825; x_wconf 75' lang='grc' dir='ltr'><strong>σκόπῳ</strong></span> <span class='ocrx_word' id='word_1_354' title='bbox 2381 2753 2476 2807; x_wconf 70' lang='grc' dir='ltr'><strong>καὶ</strong></span> <span class='ocrx_word' id='word_1_355' title='bbox 2507 2752 2836 2825; x_wconf 73' lang='grc' dir='ltr'><strong>διδασκάλῳ.</strong></span> <span class='ocrx_word' id='word_1_356' title='bbox 2870 2754 3090 2808; x_wconf 80' lang='grc' dir='ltr'>Μᾶλλον</span> <span class='ocrx_word' id='word_1_357' title='bbox 3120 2753 3230 2824; x_wconf 82' lang='grc' dir='ltr'><strong>γὰρ</strong></span> <span class='ocrx_word' id='word_1_358' title='bbox 3257 2754 3422 2817; x_wconf 84' lang='grc' dir='ltr'><strong>αὐτὸς</strong></span> <span class='ocrx_word' id='word_1_359' title='bbox 3441 2753 3612 2807; x_wconf 84' lang='grc' dir='ltr'><strong>δεῖται</strong></span> <span class='ocrx_word' id='word_1_360' title='bbox 3646 2753 3759 2823; x_wconf 75' lang='grc' dir='ltr'><strong>τῆς</strong></span> 
     </span>
    </p>
   </div>
   <div class='ocr_carea' id='block_1_53' title="bbox 2156 2842 3760 2919">
    <p class='ocr_par' dir='ltr' id='par_1_53' title="bbox 2156 2842 3760 2919">
     <span class='ocr_line' id='line_1_53' title="bbox 2156 2842 3760 2919; baseline 0 -19"><span class='ocrx_word' id='word_1_361' title='bbox 2156 2846 2380 2919; x_wconf 83' lang='grc' dir='ltr'><strong>χάριτος</strong></span> <span class='ocrx_word' id='word_1_362' title='bbox 2400 2842 2495 2899; x_wconf 83' lang='grc' dir='ltr'><strong>τοῦ</strong></span> <span class='ocrx_word' id='word_1_363' title='bbox 2511 2844 2671 2909; x_wconf 71' lang='grc' dir='ltr'><strong>Θεοῦ,</strong></span> <span class='ocrx_word' id='word_1_364' title='bbox 2689 2847 2785 2901; x_wconf 74' lang='grc' dir='ltr'><strong>ἅτε</strong></span> <span class='ocrx_word' id='word_1_365' title='bbox 2804 2846 2976 2900; x_wconf 75' lang='grc' dir='ltr'>πολλὰ</span> <span class='ocrx_word' id='word_1_366' title='bbox 3002 2845 3144 2917; x_wconf 83' lang='grc' dir='ltr'><strong>βάρη</strong></span> <span class='ocrx_word' id='word_1_367' title='bbox 3168 2846 3456 2917; x_wconf 80' lang='grc' dir='ltr'><strong>βαστάζων</strong></span> <span class='ocrx_word' id='word_1_368' title='bbox 3470 2858 3491 2877; x_wconf 79' lang='grc'><strong><em>⁸</em></strong></span> <span class='ocrx_word' id='word_1_369' title='bbox 3523 2845 3620 2899; x_wconf 77' lang='grc' dir='ltr'><strong>καί.</strong></span> <span class='ocrx_word' id='word_1_370' title='bbox 3648 2845 3760 2900; x_wconf 63' lang='lat' dir='ltr'><strong>to?»</strong></span> 
     </span>
    </p>
   </div>
   <div class='ocr_carea' id='block_1_54' title="bbox 2156 2937 3758 3010">
    <p class='ocr_par' dir='ltr' id='par_1_54' title="bbox 2156 2937 3758 3010">
     <span class='ocr_line' id='line_1_54' title="bbox 2156 2937 3758 3010; baseline 0.001 -20"><span class='ocrx_word' id='word_1_371' title='bbox 2156 2937 2366 3006; x_wconf 75' lang='grc' dir='ltr'><strong>ἐλέους,</strong></span> <span class='ocrx_word' id='word_1_372' title='bbox 2398 2938 2475 3003; x_wconf 91' lang='grc' dir='ltr'><strong>ώς</strong></span> <span class='ocrx_word' id='word_1_373' title='bbox 2509 2937 2728 3001; x_wconf 84' lang='grc' dir='ltr'>πολλοῖς</span> <span class='ocrx_word' id='word_1_374' title='bbox 2761 2939 2944 3010; x_wconf 64' lang='grc' dir='ltr'><strong>ἔνοχος</strong></span> <span class='ocrx_word' id='word_1_375' title='bbox 2974 2937 3052 2991; x_wconf 77' lang='grc' dir='ltr'><strong>ὢν</strong></span> <span class='ocrx_word' id='word_1_376' title='bbox 3077 2954 3092 2971; x_wconf 85' lang='grc'><strong>·</strong></span> <span class='ocrx_word' id='word_1_377' title='bbox 3131 2937 3224 2991; x_wconf 78' lang='grc' dir='ltr'><strong>καὶ</strong></span> <span class='ocrx_word' id='word_1_378' title='bbox 3253 2937 3353 3008; x_wconf 82' lang='grc' dir='ltr'><strong>τῆς</strong></span> <span class='ocrx_word' id='word_1_379' title='bbox 3386 2938 3634 3008; x_wconf 83' lang='grc' dir='ltr'><strong>εἰρήνης,</strong></span> <span class='ocrx_word' id='word_1_380' title='bbox 3669 2938 3758 3004; x_wconf 87' lang='grc' dir='ltr'><strong>ώς</strong></span> 
     </span>
    </p>
   </div>
   <div class='ocr_carea' id='block_1_55' title="bbox 2155 3029 3755 3103">
    <p class='ocr_par' dir='ltr' id='par_1_55' title="bbox 2155 3029 3755 3103">
     <span class='ocr_line' id='line_1_55' title="bbox 2155 3029 3755 3103; baseline 0 -20"><span class='ocrx_word' id='word_1_381' title='bbox 2155 3032 2211 3083; x_wconf 71' lang='grc' dir='ltr'><strong>ἐν</strong></span> <span class='ocrx_word' id='word_1_382' title='bbox 2254 3033 2525 3102; x_wconf 83' lang='grc' dir='ltr'><strong>ταραχαῖς</strong></span> <span class='ocrx_word' id='word_1_383' title='bbox 2556 3032 2650 3084; x_wconf 73' lang='grc' dir='ltr'><strong>καὶ</strong></span> <span class='ocrx_word' id='word_1_384' title='bbox 2707 3033 2925 3103; x_wconf 80' lang='grc' dir='ltr'><strong>μυρίοις</strong></span> <span class='ocrx_word' id='word_1_385' title='bbox 2977 3030 3237 3100; x_wconf 81' lang='grc' dir='ltr'>πολέμοις</span> <span class='ocrx_word' id='word_1_386' title='bbox 3265 3030 3338 3086; x_wconf 79' lang='grc'><strong>⁸⁸.</strong></span> <span class='ocrx_word' id='word_1_387' title='bbox 3383 3029 3494 3084; x_wconf 79' lang='grc' dir='ltr'><strong>Καὶ</strong></span> <span class='ocrx_word' id='word_1_388' title='bbox 3541 3030 3651 3099; x_wconf 80' lang='grc' dir='ltr'><strong>γὰρ</strong></span> <span class='ocrx_word' id='word_1_389' title='bbox 3689 3029 3755 3083; x_wconf 77' lang='grc' dir='ltr'><strong>ἒν</strong></span> 
     </span>
    </p>
   </div>
   <div class='ocr_carea' id='block_1_56' title="bbox 2154 3122 3753 3194">
    <p class='ocr_par' dir='ltr' id='par_1_56' title="bbox 2154 3122 3753 3194">
     <span class='ocr_line' id='line_1_56' title="bbox 2154 3122 3753 3194; baseline -0.001 -18"><span class='ocrx_word' id='word_1_390' title='bbox 2154 3123 2490 3193; x_wconf 86' lang='grc' dir='ltr'><strong>κατόρθωμα</strong></span> <span class='ocrx_word' id='word_1_391' title='bbox 2542 3123 2637 3177; x_wconf 85' lang='grc' dir='ltr'><strong>τὸν</strong></span> <span class='ocrx_word' id='word_1_392' title='bbox 2664 3123 2967 3182; x_wconf 78' lang='grc' dir='ltr'><strong>ἐπίσκοπον</strong></span> <span class='ocrx_word' id='word_1_393' title='bbox 3004 3125 3084 3188; x_wconf 90' lang='grc' dir='ltr'><strong>εἰς</strong></span> <span class='ocrx_word' id='word_1_394' title='bbox 3123 3123 3216 3177; x_wconf 75' lang='grc' dir='ltr'><strong>τὸν</strong></span> <span class='ocrx_word' id='word_1_395' title='bbox 3256 3123 3487 3194; x_wconf 78' lang='grc' dir='ltr'><strong>οὐρανὸν</strong></span> <span class='ocrx_word' id='word_1_396' title='bbox 3525 3122 3753 3192; x_wconf 82' lang='grc' dir='ltr'><strong>ἀνάγει,</strong></span> 
     </span>
    </p>
   </div>
   <div class='ocr_carea' id='block_1_57' title="bbox 2156 3215 3349 3289">
    <p class='ocr_par' dir='ltr' id='par_1_57' title="bbox 2156 3215 3349 3289">
     <span class='ocr_line' id='line_1_57' title="bbox 2156 3215 3349 3289; baseline 0 -18"><span class='ocrx_word' id='word_1_397' title='bbox 2156 3217 2249 3271; x_wconf 75' lang='grc' dir='ltr'><strong>καὶ</strong></span> <span class='ocrx_word' id='word_1_398' title='bbox 2281 3216 2338 3269; x_wconf 75' lang='grc' dir='ltr'><strong>ἓν</strong></span> <span class='ocrx_word' id='word_1_399' title='bbox 2370 3216 2675 3288; x_wconf 81' lang='grc' dir='ltr'><strong>ἁμάρτημα</strong></span> <span class='ocrx_word' id='word_1_400' title='bbox 2703 3218 2782 3280; x_wconf 88' lang='grc' dir='ltr'><strong>εἰς</strong></span> <span class='ocrx_word' id='word_1_401' title='bbox 2804 3217 2898 3271; x_wconf 84' lang='grc' dir='ltr'><strong>τὸν</strong></span> <span class='ocrx_word' id='word_1_402' title='bbox 2927 3215 3062 3289; x_wconf 67' lang='grc' dir='ltr'><strong>ᾅδην</strong></span> <span class='ocrx_word' id='word_1_403' title='bbox 3090 3216 3349 3284; x_wconf 85' lang='grc' dir='ltr'><strong>κατάγει.</strong></span> 
     </span>
    </p>
   </div>
   <div class='ocr_carea' id='block_1_58' title="bbox 532 3281 2049 3376">
    <p class='ocr_par' dir='ltr' id='par_1_58' title="bbox 532 3282 2047 3360">
     <span class='ocr_line' id='line_1_58' title="bbox 532 3282 2047 3360; baseline 0.003 -22"><span class='ocrx_word' id='word_1_404' title='bbox 532 3282 703 3340; x_wconf 68' lang='lat' dir='ltr'><strong>Vens.</strong></span> <span class='ocrx_word' id='word_1_405' title='bbox 738 3285 790 3340; x_wconf 81' lang='lat'><strong>5.</strong></span> <span class='ocrx_word' id='word_1_406' title='bbox 830 3284 1010 3357; x_wconf 81' lang='lat' dir='ltr'><strong>Hujus</strong></span> <span class='ocrx_word' id='word_1_407' title='bbox 1036 3288 1114 3343; x_wconf 87' lang='lat' dir='ltr'><strong>rei</strong></span> <span class='ocrx_word' id='word_1_408' title='bbox 1141 3290 1321 3359; x_wconf 86' lang='lat' dir='ltr'><strong>gratia</strong></span> <span class='ocrx_word' id='word_1_409' title='bbox 1353 3290 1546 3360; x_wconf 83' lang='lat' dir='ltr'><strong>reliqui</strong></span> <span class='ocrx_word' id='word_1_410' title='bbox 1577 3300 1627 3346; x_wconf 86' lang='lat' dir='ltr'><strong>te</strong></span> <span class='ocrx_word' id='word_1_411' title='bbox 1677 3293 1733 3346; x_wconf 87' lang='lat' dir='ltr'><strong>in</strong></span> <span class='ocrx_word' id='word_1_412' title='bbox 1776 3291 1957 3357; x_wconf 75' lang='lat' dir='ltr'><strong>Creta,</strong></span> <span class='ocrx_word' id='word_1_413' title='bbox 1991 3302 2047 3344; x_wconf 90' lang='lat' dir='ltr'><strong>ut</strong></span> 
     </span>
    </p>
   </div>
   <div class='ocr_carea' id='block_1_59' title="bbox 2157 3281 3752 3376">
    <p class='ocr_par' dir='ltr' id='par_1_59' title="bbox 2226 3281 3752 3376">
     <span class='ocr_line' id='line_1_59' title="bbox 2226 3281 3752 3376; baseline -0.001 -15"><span class='ocrx_word' id='word_1_414' title='bbox 2226 3281 2454 3362; x_wconf 71' lang='grc' dir='ltr'><strong>Τούτου</strong></span> <span class='ocrx_word' id='word_1_415' title='bbox 2697 3281 3030 3363; x_wconf 57' lang='grc' dir='ltr'><strong>κατέλιπόῆ</strong></span> <span class='ocrx_word' id='word_1_416' title='bbox 3052 3320 3127 3360; x_wconf 79' lang='grc' dir='ltr'><strong>σε</strong></span> <span class='ocrx_word' id='word_1_417' title='bbox 3162 3281 3488 3375; x_wconf 25' lang='grc' dir='ltr'><strong>ἐννιῷήτῃ,</strong></span> <span class='ocrx_word' id='word_1_418' title='bbox 3521 3305 3623 3360; x_wconf 78' lang='grc' dir='ltr'><strong>ἵνα</strong></span> <span class='ocrx_word' id='word_1_419' title='bbox 3669 3304 3752 3359; x_wconf 77' lang='grc' dir='ltr'><strong>τὰ</strong></span> 
     </span>
    </p>
   </div>
   <div class='ocr_carea' id='block_1_60' title="bbox 459 3375 2045 3448">
    <p class='ocr_par' dir='ltr' id='par_1_60' title="bbox 459 3375 2045 3448">
     <span class='ocr_line' id='line_1_60' title="bbox 459 3375 2045 3448; baseline 0.004 -18"><span class='ocrx_word' id='word_1_420' title='bbox 459 3389 578 3448; x_wconf 64' lang='lat' dir='ltr'><strong>quo?</strong></span> <span class='ocrx_word' id='word_1_421' title='bbox 627 3375 842 3440; x_wconf 79' lang='lat' dir='ltr'><strong>desunt,</strong></span> <span class='ocrx_word' id='word_1_422' title='bbox 876 3379 1136 3448; x_wconf 84' lang='lat' dir='ltr'><strong>corrigas.</strong></span> <span class='ocrx_word' id='word_1_423' title='bbox 1202 3379 1679 3445; x_wconf 81' lang='lat' dir='ltr'><strong>Quemadmodum</strong></span> <span class='ocrx_word' id='word_1_424' title='bbox 1736 3382 1791 3437; x_wconf 93' lang='lat' dir='ltr'><strong>in</strong></span> <span class='ocrx_word' id='word_1_425' title='bbox 1838 3381 2045 3437; x_wconf 82' lang='lat' dir='ltr'><strong>familia</strong></span> 
     </span>
    </p>
   </div>
   <div class='ocr_carea' id='block_1_61' title="bbox 458 3469 2046 3546">
    <p class='ocr_par' dir='ltr' id='par_1_61' title="bbox 458 3469 2046 3546">
     <span class='ocr_line' id='line_1_61' title="bbox 458 3469 2046 3546; baseline 0.003 -24"><span class='ocrx_word' id='word_1_426' title='bbox 458 3470 552 3539; x_wconf 88' lang='lat' dir='ltr'><strong>qui</strong></span> <span class='ocrx_word' id='word_1_427' title='bbox 577 3469 816 3529; x_wconf 78' lang='lat' dir='ltr'><strong>diversis</strong></span> <span class='ocrx_word' id='word_1_428' title='bbox 870 3471 1198 3529; x_wconf 81' lang='lat' dir='ltr'><strong>ministeriis</strong></span> <span class='ocrx_word' id='word_1_429' title='bbox 1248 3483 1516 3543; x_wconf 70' lang='lat' dir='ltr'><strong>prmsunt,</strong></span> <span class='ocrx_word' id='word_1_430' title='bbox 1570 3473 1790 3529; x_wconf 83' lang='lat' dir='ltr'><strong>diversa</strong></span> <span class='ocrx_word' id='word_1_431' title='bbox 1842 3483 2046 3546; x_wconf 88' lang='lat' dir='ltr'><strong>agunt;</strong></span> 
     </span>
    </p>
   </div>
   <div class='ocr_carea' id='block_1_62' title="bbox 460 3559 2047 3637">
    <p class='ocr_par' dir='ltr' id='par_1_62' title="bbox 460 3559 2047 3637">
     <span class='ocr_line' id='line_1_62' title="bbox 460 3559 2047 3637; baseline 0.005 -25"><span class='ocrx_word' id='word_1_432' title='bbox 460 3559 611 3616; x_wconf 89' lang='lat' dir='ltr'><strong>hunc</strong></span> <span class='ocrx_word' id='word_1_433' title='bbox 650 3562 719 3617; x_wconf 85' lang='lat' dir='ltr'><strong>ad</strong></span> <span class='ocrx_word' id='word_1_434' title='bbox 754 3563 978 3618; x_wconf 85' lang='lat' dir='ltr'><strong>modum</strong></span> <span class='ocrx_word' id='word_1_435' title='bbox 1012 3573 1067 3618; x_wconf 83' lang='lat' dir='ltr'><strong>et</strong></span> <span class='ocrx_word' id='word_1_436' title='bbox 1096 3565 1187 3619; x_wconf 88' lang='lat' dir='ltr'><strong>isti</strong></span> <span class='ocrx_word' id='word_1_437' title='bbox 1215 3565 1376 3619; x_wconf 84' lang='lat' dir='ltr'><strong>aliam</strong></span> <span class='ocrx_word' id='word_1_438' title='bbox 1424 3566 1569 3621; x_wconf 88' lang='lat' dir='ltr'><strong>alius</strong></span> <span class='ocrx_word' id='word_1_439' title='bbox 1628 3566 1783 3622; x_wconf 88' lang='lat' dir='ltr'><strong>orbis</strong></span> <span class='ocrx_word' id='word_1_440' title='bbox 1836 3575 2047 3637; x_wconf 88' lang='lat' dir='ltr'><strong>partem</strong></span> 
     </span>
    </p>
   </div>
   <div class='ocr_carea' id='block_1_63' title="bbox 457 3650 2049 3726">
    <p class='ocr_par' dir='ltr' id='par_1_63' title="bbox 457 3650 2049 3726">
     <span class='ocr_line' id='line_1_63' title="bbox 457 3650 2049 3726; baseline 0.004 -22"><span class='ocrx_word' id='word_1_441' title='bbox 457 3650 817 3708; x_wconf 73' lang='lat' dir='ltr'><strong>distributam</strong></span> <span class='ocrx_word' id='word_1_442' title='bbox 850 3654 1150 3717; x_wconf 78' lang='lat' dir='ltr'><strong>habebant,</strong></span> <span class='ocrx_word' id='word_1_443' title='bbox 1172 3669 1478 3725; x_wconf 84' lang='lat' dir='ltr'><strong>omnesque</strong></span> <span class='ocrx_word' id='word_1_444' title='bbox 1503 3657 1898 3726; x_wconf 86' lang='lat' dir='ltr'><strong>operabantur.</strong></span> <span class='ocrx_word' id='word_1_445' title='bbox 1933 3656 2049 3711; x_wconf 84' lang='lat' dir='ltr'><strong>Hoc</strong></span> 
     </span>
    </p>
   </div>
   <div class='ocr_carea' id='block_1_64' title="bbox 457 3746 2048 3819">
    <p class='ocr_par' dir='ltr' id='par_1_64' title="bbox 457 3746 2048 3819">
     <span class='ocr_line' id='line_1_64' title="bbox 457 3746 2048 3819; baseline 0.004 -21"><span class='ocrx_word' id='word_1_446' title='bbox 457 3746 629 3815; x_wconf 80' lang='lat' dir='ltr'><strong>igitur</strong></span> <span class='ocrx_word' id='word_1_447' title='bbox 651 3754 705 3801; x_wconf 91' lang='lat' dir='ltr'><strong>et</strong></span> <span class='ocrx_word' id='word_1_448' title='bbox 738 3746 828 3802; x_wconf 83' lang='lat' dir='ltr'><strong>hic</strong></span> <span class='ocrx_word' id='word_1_449' title='bbox 861 3748 1028 3802; x_wconf 89' lang='lat' dir='ltr'><strong>tacite</strong></span> <span class='ocrx_word' id='word_1_450' title='bbox 1051 3746 1286 3811; x_wconf 88' lang='lat' dir='ltr'><strong>indicat,</strong></span> <span class='ocrx_word' id='word_1_451' title='bbox 1320 3763 1445 3803; x_wconf 91' lang='lat' dir='ltr'><strong>cum</strong></span> <span class='ocrx_word' id='word_1_452' title='bbox 1476 3748 1648 3803; x_wconf 90' lang='lat' dir='ltr'><strong>dicit:</strong></span> <span class='ocrx_word' id='word_1_453' title='bbox 1679 3748 1891 3819; x_wconf 82' lang='lat' dir='ltr'><strong>Reliqui</strong></span> <span class='ocrx_word' id='word_1_454' title='bbox 1916 3759 1964 3804; x_wconf 87' lang='lat' dir='ltr'><strong>te</strong></span> <span class='ocrx_word' id='word_1_455' title='bbox 1993 3751 2048 3805; x_wconf 85' lang='lat' dir='ltr'><strong>in</strong></span> 
     </span>
    </p>
   </div>
   <div class='ocr_carea' id='block_1_65' title="bbox 457 3834 2044 3913">
    <p class='ocr_par' dir='ltr' id='par_1_65' title="bbox 457 3834 2044 3913">
     <span class='ocr_line' id='line_1_65' title="bbox 457 3834 2044 3913; baseline 0.003 -22"><span class='ocrx_word' id='word_1_456' title='bbox 457 3834 640 3903; x_wconf 81' lang='lat' dir='ltr'><strong>Creta,</strong></span> <span class='ocrx_word' id='word_1_457' title='bbox 713 3848 985 3910; x_wconf 80' lang='lat' dir='ltr'><strong>tanquam</strong></span> <span class='ocrx_word' id='word_1_458' title='bbox 1047 3839 1307 3895; x_wconf 80' lang='lat' dir='ltr'><strong>videlicet</strong></span> <span class='ocrx_word' id='word_1_459' title='bbox 1367 3841 1489 3911; x_wconf 82' lang='lat' dir='ltr'><strong>ipse</strong></span> <span class='ocrx_word' id='word_1_460' title='bbox 1531 3841 1641 3896; x_wconf 89' lang='lat' dir='ltr'><strong>alio</strong></span> <span class='ocrx_word' id='word_1_461' title='bbox 1707 3842 2044 3913; x_wconf 71' lang='lat' dir='ltr'><strong>prmdicandi</strong></span> 
     </span>
    </p>
   </div>
   <div class='ocr_carea' id='block_1_66' title="bbox 456 3932 2047 4008">
    <p class='ocr_par' dir='ltr' id='par_1_66' title="bbox 456 3932 2047 4008">
     <span class='ocr_line' id='line_1_66' title="bbox 456 3932 2047 4008; baseline 0.005 -22"><span class='ocrx_word' id='word_1_462' title='bbox 456 3932 632 4000; x_wconf 78' lang='lat' dir='ltr'><strong>gratia</strong></span> <span class='ocrx_word' id='word_1_463' title='bbox 660 3936 1051 3990; x_wconf 88' lang='lat' dir='ltr'><strong>concessisset.</strong></span> <span class='ocrx_word' id='word_1_464' title='bbox 1090 3934 1487 3991; x_wconf 77' lang='lat' dir='ltr'><strong>Animadverte</strong></span> <span class='ocrx_word' id='word_1_465' title='bbox 1542 3943 1726 3992; x_wconf 88' lang='lat' dir='ltr'><strong>autem</strong></span> <span class='ocrx_word' id='word_1_466' title='bbox 1768 3939 2047 4008; x_wconf 88' lang='lat' dir='ltr'><strong>quomodo</strong></span> 
     </span>
    </p>
   </div>
   <div class='ocr_carea' id='block_1_67' title="bbox 453 4024 2042 4103">
    <p class='ocr_par' dir='ltr' id='par_1_67' title="bbox 453 4024 2042 4103">
     <span class='ocr_line' id='line_1_67' title="bbox 453 4024 2042 4103; baseline 0.004 -24"><span class='ocrx_word' id='word_1_467' title='bbox 453 4037 567 4079; x_wconf 88' lang='lat' dir='ltr'><strong>non</strong></span> <span class='ocrx_word' id='word_1_468' title='bbox 610 4024 911 4080; x_wconf 70' lang='lat' dir='ltr'><strong>erubescat</strong></span> <span class='ocrx_word' id='word_1_469' title='bbox 963 4026 1209 4082; x_wconf 82' lang='lat' dir='ltr'><strong>scribere</strong></span> <span class='ocrx_word' id='word_1_470' title='bbox 1265 4027 1559 4097; x_wconf 88' lang='lat' dir='ltr'><strong>discipulo,</strong></span> <span class='ocrx_word' id='word_1_471' title='bbox 1637 4028 1712 4084; x_wconf 81' lang='lat' dir='ltr'><strong>Ut</strong></span> <span class='ocrx_word' id='word_1_472' title='bbox 1771 4030 2042 4103; x_wconf 75' lang='lat' dir='ltr'><strong>corrigas,</strong></span> 
     </span>
    </p>
   </div>
   <div class='ocr_carea' id='block_1_68' title="bbox 456 4115 2041 4187">
    <p class='ocr_par' dir='ltr' id='par_1_68' title="bbox 456 4115 2041 4187">
     <span class='ocr_line' id='line_1_68' title="bbox 456 4115 2041 4187; baseline 0.003 -18"><span class='ocrx_word' id='word_1_473' title='bbox 456 4115 737 4185; x_wconf 84' lang='lat' dir='ltr'><strong>inquiens,</strong></span> <span class='ocrx_word' id='word_1_474' title='bbox 773 4132 897 4187; x_wconf 72' lang='lat' dir='ltr'><strong>qua:</strong></span> <span class='ocrx_word' id='word_1_475' title='bbox 924 4131 1028 4186; x_wconf 86' lang='lat' dir='ltr'><strong>ego</strong></span> <span class='ocrx_word' id='word_1_476' title='bbox 1064 4118 1428 4187; x_wconf 60' lang='lat' dir='ltr'><strong>praetermisi.</strong></span> <span class='ocrx_word' id='word_1_477' title='bbox 1452 4117 1539 4172; x_wconf 81' lang='lat' dir='ltr'><strong>Ad</strong></span> <span class='ocrx_word' id='word_1_478' title='bbox 1579 4118 1859 4186; x_wconf 86' lang='lat' dir='ltr'><strong>publicum</strong></span> <span class='ocrx_word' id='word_1_479' title='bbox 1896 4121 2041 4174; x_wconf 89' lang='lat' dir='ltr'><strong>enim</strong></span> 
     </span>
    </p>
   </div>
   <div class='ocr_carea' id='block_1_69' title="bbox 456 4208 2042 4287">
    <p class='ocr_par' dir='ltr' id='par_1_69' title="bbox 456 4208 2042 4287">
     <span class='ocr_line' id='line_1_69' title="bbox 456 4208 2042 4287; baseline 0.003 -28"><span class='ocrx_word' id='word_1_480' title='bbox 456 4208 806 4262; x_wconf 83' lang='lat' dir='ltr'><strong>commodum</strong></span> <span class='ocrx_word' id='word_1_481' title='bbox 839 4210 1147 4277; x_wconf 82' lang='lat' dir='ltr'><strong>spectabat,</strong></span> <span class='ocrx_word' id='word_1_482' title='bbox 1179 4225 1291 4264; x_wconf 92' lang='lat' dir='ltr'><strong>non</strong></span> <span class='ocrx_word' id='word_1_483' title='bbox 1326 4209 1392 4264; x_wconf 86' lang='lat' dir='ltr'><strong>ad</strong></span> <span class='ocrx_word' id='word_1_484' title='bbox 1439 4209 1712 4279; x_wconf 80' lang='lat' dir='ltr'><strong>privatum</strong></span> <span class='ocrx_word' id='word_1_485' title='bbox 1746 4209 2042 4287; x_wconf 77' lang='lat' dir='ltr'><strong>honorem.</strong></span> 
     </span>
    </p>
   </div>
   <div class='ocr_carea' id='block_1_70' title="bbox 457 4295 2046 4371">
    <p class='ocr_par' dir='ltr' id='par_1_70' title="bbox 457 4295 2046 4371">
     <span class='ocr_line' id='line_1_70' title="bbox 457 4295 2046 4371; baseline 0.004 -20"><span class='ocrx_word' id='word_1_486' title='bbox 457 4295 702 4351; x_wconf 77' lang='lat' dir='ltr'><strong>Observa</strong></span> <span class='ocrx_word' id='word_1_487' title='bbox 736 4314 902 4368; x_wconf 87' lang='lat' dir='ltr'><strong>porro</strong></span> <span class='ocrx_word' id='word_1_488' title='bbox 923 4300 1200 4369; x_wconf 80' lang='lat' dir='ltr'><strong>quomodo</strong></span> <span class='ocrx_word' id='word_1_489' title='bbox 1240 4315 1364 4371; x_wconf 67' lang='lat' dir='ltr'><strong>qua:</strong></span> <span class='ocrx_word' id='word_1_490' title='bbox 1418 4300 1635 4356; x_wconf 88' lang='lat' dir='ltr'><strong>labores</strong></span> <span class='ocrx_word' id='word_1_491' title='bbox 1685 4301 1964 4357; x_wconf 83' lang='lat' dir='ltr'><strong>habebant</strong></span> <span class='ocrx_word' id='word_1_492' title='bbox 1990 4310 2046 4358; x_wconf 87' lang='lat' dir='ltr'><strong>et</strong></span> 
     </span>
    </p>
   </div>
   <div class='ocr_carea' id='block_1_71' title="bbox 457 4392 2043 4464">
    <p class='ocr_par' dir='ltr' id='par_1_71' title="bbox 457 4392 2043 4464">
     <span class='ocr_line' id='line_1_71' title="bbox 457 4392 2043 4464; baseline 0 -17"><span class='ocrx_word' id='word_1_493' title='bbox 457 4392 783 4457; x_wconf 86' lang='lat' dir='ltr'><strong>certamina,</strong></span> <span class='ocrx_word' id='word_1_494' title='bbox 814 4393 934 4464; x_wconf 86' lang='lat' dir='ltr'><strong>ipse</strong></span> <span class='ocrx_word' id='word_1_495' title='bbox 964 4409 1062 4464; x_wconf 91' lang='lat' dir='ltr'><strong>pcr</strong></span> <span class='ocrx_word' id='word_1_496' title='bbox 1108 4408 1234 4450; x_wconf 85' lang='lat' dir='ltr'><strong>sese</strong></span> <span class='ocrx_word' id='word_1_497' title='bbox 1279 4394 1632 4464; x_wconf 78' lang='lat' dir='ltr'><strong>corrigebat:</strong></span> <span class='ocrx_word' id='word_1_498' title='bbox 1701 4410 1822 4463; x_wconf 84' lang='lat' dir='ltr'><strong>quae</strong></span> <span class='ocrx_word' id='word_1_499' title='bbox 1856 4403 2043 4447; x_wconf 89' lang='lat' dir='ltr'><strong>autem</strong></span> 
     </span>
    </p>
   </div>
   <div class='ocr_carea' id='block_1_72' title="bbox 456 4482 2042 4552">
    <p class='ocr_par' dir='ltr' id='par_1_72' title="bbox 456 4482 2042 4552">
     <span class='ocr_line' id='line_1_72' title="bbox 456 4482 2042 4552; baseline 0.004 -17"><span class='ocrx_word' id='word_1_500' title='bbox 456 4484 541 4538; x_wconf 83' lang='lat' dir='ltr'><strong>vel</strong></span> <span class='ocrx_word' id='word_1_501' title='bbox 569 4482 835 4539; x_wconf 85' lang='lat' dir='ltr'><strong>honorem</strong></span> <span class='ocrx_word' id='word_1_502' title='bbox 875 4485 956 4540; x_wconf 83' lang='lat' dir='ltr'><strong>vel</strong></span> <span class='ocrx_word' id='word_1_503' title='bbox 981 4483 1198 4539; x_wconf 89' lang='lat' dir='ltr'><strong>laudem</strong></span> <span class='ocrx_word' id='word_1_504' title='bbox 1235 4484 1581 4549; x_wconf 84' lang='lat' dir='ltr'><strong>adferebant,</strong></span> <span class='ocrx_word' id='word_1_505' title='bbox 1628 4483 1733 4539; x_wconf 88' lang='lat' dir='ltr'><strong>ista</strong></span> <span class='ocrx_word' id='word_1_506' title='bbox 1766 4482 2042 4552; x_wconf 87' lang='lat' dir='ltr'><strong>discipulo</strong></span> 
     </span>
    </p>
   </div>
   <div class='ocr_carea' id='block_1_73' title="bbox 450 4574 2036 4647">
    <p class='ocr_par' dir='ltr' id='par_1_73' title="bbox 450 4574 2036 4647">
     <span class='ocr_line' id='line_1_73' title="bbox 450 4574 2036 4647; baseline -0.001 -16"><span class='ocrx_word' id='word_1_507' title='bbox 450 4574 621 4647; x_wconf 75' lang='lat'><strong>626</strong></span> <span class='ocrx_word' id='word_1_508' title='bbox 668 4576 998 4642; x_wconf 83' lang='lat' dir='ltr'><strong>committit,</strong></span> <span class='ocrx_word' id='word_1_509' title='bbox 1054 4576 1441 4647; x_wconf 87' lang='lat' dir='ltr'><strong>episcoporum</strong></span> <span class='ocrx_word' id='word_1_510' title='bbox 1484 4575 1747 4630; x_wconf 89' lang='lat' dir='ltr'><strong>nimirum</strong></span> <span class='ocrx_word' id='word_1_511' title='bbox 1808 4577 2036 4630; x_wconf 84' lang='lat' dir='ltr'><strong>ordina-</strong></span> 
     </span>
    </p>
   </div>
   <div class='ocr_carea' id='block_1_74' title="bbox 454 4663 2036 4738">
    <p class='ocr_par' dir='ltr' id='par_1_74' title="bbox 454 4663 2036 4738">
     <span class='ocr_line' id='line_1_74' title="bbox 454 4663 2036 4738; baseline 0.005 -23"><span class='ocrx_word' id='word_1_512' title='bbox 454 4668 659 4728; x_wconf 83' lang='lat' dir='ltr'><strong>tiones,</strong></span> <span class='ocrx_word' id='word_1_513' title='bbox 722 4670 781 4718; x_wconf 69' lang='grc' dir='ltr'><strong>ει</strong></span> <span class='ocrx_word' id='word_1_514' title='bbox 845 4663 960 4718; x_wconf 83' lang='lat' dir='ltr'><strong>alia</strong></span> <span class='ocrx_word' id='word_1_515' title='bbox 1017 4680 1366 4738; x_wconf 63' lang='lat' dir='ltr'><strong>quaecunque</strong></span> <span class='ocrx_word' id='word_1_516' title='bbox 1434 4665 1633 4737; x_wconf 83' lang='lat' dir='ltr'><strong>majori</strong></span> <span class='ocrx_word' id='word_1_517' title='bbox 1693 4665 2036 4735; x_wconf 77' lang='lat' dir='ltr'><strong>perfectione</strong></span> 
     </span>
    </p>
   </div>
   <div class='ocr_carea' id='block_1_75' title="bbox 449 4754 802 4827">
    <p class='ocr_par' dir='ltr' id='par_1_75' title="bbox 449 4754 802 4827">
     <span class='ocr_line' id='line_1_75' title="bbox 449 4754 802 4827; baseline -0.006 -14"><span class='ocrx_word' id='word_1_518' title='bbox 449 4754 802 4827; x_wconf 76' lang='lat' dir='ltr'><strong>indigebant.</strong></span> 
     </span>
    </p>
   </div>
   <div class='ocr_carea' id='block_1_76' title="bbox 518 4847 2039 4923">
    <p class='ocr_par' dir='ltr' id='par_1_76' title="bbox 518 4847 2039 4923">
     <span class='ocr_line' id='line_1_76' title="bbox 518 4847 2039 4923; baseline 0.002 -23"><span class='ocrx_word' id='word_1_519' title='bbox 518 4848 590 4900; x_wconf 80' lang='lat' dir='ltr'><strong>Et</strong></span> <span class='ocrx_word' id='word_1_520' title='bbox 620 4847 914 4903; x_wconf 79' lang='lat' dir='ltr'><strong>constituas</strong></span> <span class='ocrx_word' id='word_1_521' title='bbox 930 4864 1024 4918; x_wconf 82' lang='lat' dir='ltr'><strong>per</strong></span> <span class='ocrx_word' id='word_1_522' title='bbox 1054 4849 1303 4905; x_wconf 81' lang='lat' dir='ltr'><strong>civitates</strong></span> <span class='ocrx_word' id='word_1_523' title='bbox 1359 4851 1718 4923; x_wconf 81' lang='lat' dir='ltr'><strong>presbyteros,</strong></span> <span class='ocrx_word' id='word_1_524' title='bbox 1776 4853 1911 4906; x_wconf 83' lang='lat' dir='ltr'><strong>sicut</strong></span> <span class='ocrx_word' id='word_1_525' title='bbox 1944 4867 2039 4920; x_wconf 83' lang='lat' dir='ltr'><strong>ego</strong></span> 
     </span>
    </p>
   </div>
   <div class='ocr_carea' id='block_1_77' title="bbox 449 4938 2037 5013">
    <p class='ocr_par' dir='ltr' id='par_1_77' title="bbox 449 4938 2037 5013">
     <span class='ocr_line' id='line_1_77' title="bbox 449 4938 2037 5013; baseline 0.005 -23"><span class='ocrx_word' id='word_1_526' title='bbox 449 4938 698 5007; x_wconf 69' lang='lat' dir='ltr'><strong>disposui</strong></span> <span class='ocrx_word' id='word_1_527' title='bbox 736 4940 852 4995; x_wconf 84' lang='lat' dir='ltr'><strong>tibi.</strong></span> <span class='ocrx_word' id='word_1_528' title='bbox 889 4940 1193 5013; x_wconf 88' lang='lat' dir='ltr'><strong>Episcopos</strong></span> <span class='ocrx_word' id='word_1_529' title='bbox 1219 4941 1309 4997; x_wconf 91' lang='lat' dir='ltr'><strong>hic</strong></span> <span class='ocrx_word' id='word_1_530' title='bbox 1351 4943 1448 5006; x_wconf 88' lang='lat' dir='ltr'><strong>ait,</strong></span> <span class='ocrx_word' id='word_1_531' title='bbox 1494 4942 1955 5013; x_wconf 87' lang='lat' dir='ltr'><strong>quemadmodum</strong></span> <span class='ocrx_word' id='word_1_532' title='bbox 1982 4943 2037 4998; x_wconf 90' lang='lat' dir='ltr'><strong>in</strong></span> 
     </span>
    </p>
   </div>
   <div class='ocr_carea' id='block_1_78' title="bbox 372 5029 2033 5104">
    <p class='ocr_par' dir='ltr' id='par_1_78' title="bbox 372 5029 2033 5104">
     <span class='ocr_line' id='line_1_78' title="bbox 372 5029 2033 5104; baseline 0.003 -19"><span class='ocrx_word' id='word_1_533' title='bbox 372 5029 382 5038; x_wconf 91' lang='grc'><em>’</em></span> <span class='ocrx_word' id='word_1_534' title='bbox 452 5029 701 5101; x_wconf 88' lang='lat' dir='ltr'><strong>Epistola</strong></span> <span class='ocrx_word' id='word_1_535' title='bbox 725 5031 793 5085; x_wconf 86' lang='lat' dir='ltr'><strong>ad</strong></span> <span class='ocrx_word' id='word_1_536' title='bbox 821 5029 1198 5089; x_wconf 87' lang='lat' dir='ltr'><strong>Timotheum.</strong></span> <span class='ocrx_word' id='word_1_537' title='bbox 1230 5033 1335 5088; x_wconf 86' lang='lat' dir='ltr'><strong>Per</strong></span> <span class='ocrx_word' id='word_1_538' title='bbox 1354 5035 1597 5089; x_wconf 84' lang='lat' dir='ltr'><strong>civitates</strong></span> <span class='ocrx_word' id='word_1_539' title='bbox 1623 5042 1806 5089; x_wconf 88' lang='lat' dir='ltr'><strong>autem</strong></span> <span class='ocrx_word' id='word_1_540' title='bbox 1834 5034 2033 5104; x_wconf 85' lang='lat' dir='ltr'><strong>inquit.</strong></span> 
     </span>
    </p>
   </div>
   <div class='ocr_carea' id='block_1_79' title="bbox 451 5121 2034 5182">
    <p class='ocr_par' dir='ltr' id='par_1_79' title="bbox 451 5121 2034 5182">
     <span class='ocr_line' id='line_1_79' title="bbox 451 5121 2034 5182; baseline 0.001 -4"><span class='ocrx_word' id='word_1_541' title='bbox 451 5121 638 5179; x_wconf 80' lang='lat' dir='ltr'><strong>Noluit</strong></span> <span class='ocrx_word' id='word_1_542' title='bbox 670 5122 817 5179; x_wconf 90' lang='lat' dir='ltr'><strong>enim</strong></span> <span class='ocrx_word' id='word_1_543' title='bbox 858 5125 1173 5179; x_wconf 79' lang='lat' dir='ltr'><strong>universam</strong></span> <span class='ocrx_word' id='word_1_544' title='bbox 1233 5126 1471 5180; x_wconf 79' lang='lat' dir='ltr'><strong>insulam</strong></span> <span class='ocrx_word' id='word_1_545' title='bbox 1527 5127 1618 5181; x_wconf 90' lang='lat' dir='ltr'><strong>uni</strong></span> <span class='ocrx_word' id='word_1_546' title='bbox 1681 5127 2034 5182; x_wconf 85' lang='lat' dir='ltr'><strong>commissam</strong></span> 
     </span>
    </p>
   </div>
   <div class='ocr_carea' id='block_1_80' title="bbox 452 5217 2036 5290">
    <p class='ocr_par' dir='ltr' id='par_1_80' title="bbox 452 5217 2036 5290">
     <span class='ocr_line' id='line_1_80' title="bbox 452 5217 2036 5290; baseline 0 -16"><span class='ocrx_word' id='word_1_547' title='bbox 452 5231 601 5282; x_wconf 79' lang='lat' dir='ltr'><strong>esse,</strong></span> <span class='ocrx_word' id='word_1_548' title='bbox 629 5217 724 5273; x_wconf 81' lang='lat' dir='ltr'><strong>sed</strong></span> <span class='ocrx_word' id='word_1_549' title='bbox 755 5218 1063 5288; x_wconf 88' lang='lat' dir='ltr'><strong>quamlibet</strong></span> <span class='ocrx_word' id='word_1_550' title='bbox 1098 5219 1286 5274; x_wconf 88' lang='lat' dir='ltr'><strong>urbem</strong></span> <span class='ocrx_word' id='word_1_551' title='bbox 1318 5224 1598 5290; x_wconf 83' lang='lat' dir='ltr'><strong>proprium</strong></span> <span class='ocrx_word' id='word_1_552' title='bbox 1625 5219 1829 5275; x_wconf 87' lang='lat' dir='ltr'><strong>habere</strong></span> <span class='ocrx_word' id='word_1_553' title='bbox 1847 5231 2036 5288; x_wconf 56' lang='lat' dir='ltr'><strong>pasto-</strong></span> 
     </span>
    </p>
   </div>
   <div class='ocr_carea' id='block_1_81' title="bbox 453 5305 2035 5377">
    <p class='ocr_par' dir='ltr' id='par_1_81' title="bbox 453 5305 2035 5377">
     <span class='ocr_line' id='line_1_81' title="bbox 453 5305 2035 5377; baseline 0.006 -18"><span class='ocrx_word' id='word_1_554' title='bbox 453 5320 595 5362; x_wconf 91' lang='lat' dir='ltr'><strong>rem.</strong></span> <span class='ocrx_word' id='word_1_555' title='bbox 633 5305 727 5364; x_wconf 87' lang='lat' dir='ltr'><strong>Sic</strong></span> <span class='ocrx_word' id='word_1_556' title='bbox 756 5310 903 5364; x_wconf 89' lang='lat' dir='ltr'><strong>enim</strong></span> <span class='ocrx_word' id='word_1_557' title='bbox 938 5317 994 5366; x_wconf 89' lang='lat' dir='ltr'><strong>et</strong></span> <span class='ocrx_word' id='word_1_558' title='bbox 1024 5310 1178 5365; x_wconf 80' lang='lat' dir='ltr'><strong>labor</strong></span> <span class='ocrx_word' id='word_1_559' title='bbox 1208 5311 1384 5368; x_wconf 82' lang='lat' dir='ltr'><strong>levior</strong></span> <span class='ocrx_word' id='word_1_560' title='bbox 1404 5320 1573 5377; x_wconf 87' lang='lat' dir='ltr'><strong>esset,</strong></span> <span class='ocrx_word' id='word_1_561' title='bbox 1618 5320 1675 5368; x_wconf 92' lang='lat' dir='ltr'><strong>et</strong></span> <span class='ocrx_word' id='word_1_562' title='bbox 1724 5328 1855 5369; x_wconf 89' lang='lat' dir='ltr'><strong>cura</strong></span> <span class='ocrx_word' id='word_1_563' title='bbox 1905 5328 2035 5369; x_wconf 76' lang='lat' dir='ltr'><strong>exa-</strong></span> 
     </span>
    </p>
   </div>
   <div class='ocr_carea' id='block_1_82' title="bbox 450 5397 620 5453">
    <p class='ocr_par' dir='ltr' id='par_1_82' title="bbox 450 5397 620 5453">
     <span class='ocr_line' id='line_1_82' title="bbox 450 5397 620 5453; baseline -0.006 -1"><span class='ocrx_word' id='word_1_564' title='bbox 450 5397 620 5453; x_wconf 87' lang='lat' dir='ltr'><strong>clior.</strong></span> 
     </span>
    </p>
   </div>
   <div class='ocr_carea' id='block_1_83' title="bbox 530 5487 2031 5564">
    <p class='ocr_par' dir='ltr' id='par_1_83' title="bbox 530 5487 2031 5564">
     <span class='ocr_line' id='line_1_83' title="bbox 530 5487 2031 5564; baseline 0.007 -21"><span class='ocrx_word' id='word_1_565' title='bbox 530 5487 701 5547; x_wconf 68' lang='lat' dir='ltr'><strong>Vens.</strong></span> <span class='ocrx_word' id='word_1_566' title='bbox 736 5490 790 5547; x_wconf 88' lang='lat'><strong>6.</strong></span> <span class='ocrx_word' id='word_1_567' title='bbox 820 5491 881 5549; x_wconf 89' lang='lat' dir='ltr'><strong>Si</strong></span> <span class='ocrx_word' id='word_1_568' title='bbox 913 5494 1031 5564; x_wconf 84' lang='lat' dir='ltr'><strong>quis</strong></span> <span class='ocrx_word' id='word_1_569' title='bbox 1062 5497 1176 5550; x_wconf 84' lang='lat' dir='ltr'><strong>sine</strong></span> <span class='ocrx_word' id='word_1_570' title='bbox 1206 5496 1425 5550; x_wconf 83' lang='lat' dir='ltr'><strong>crimine</strong></span> <span class='ocrx_word' id='word_1_571' title='bbox 1460 5506 1560 5552; x_wconf 86' lang='lat' dir='ltr'><strong>est.</strong></span> <span class='ocrx_word' id='word_1_572' title='bbox 1589 5495 1644 5552; x_wconf 91' lang='lat' dir='ltr'><strong>Si</strong></span> <span class='ocrx_word' id='word_1_573' title='bbox 1674 5498 1740 5552; x_wconf 91' lang='lat' dir='ltr'><strong>ab</strong></span> <span class='ocrx_word' id='word_1_574' title='bbox 1787 5511 2031 5554; x_wconf 81' lang='lat' dir='ltr'><strong>accusa-</strong></span> 
     </span>
    </p>
   </div>
   <div class='ocr_carea' id='block_1_84' title="bbox 452 5580 2034 5662">
    <p class='ocr_par' dir='ltr' id='par_1_84' title="bbox 452 5580 2034 5662">
     <span class='ocr_line' id='line_1_84' title="bbox 452 5580 2034 5662; baseline 0.007 -26"><span class='ocrx_word' id='word_1_575' title='bbox 452 5580 602 5639; x_wconf 87' lang='lat' dir='ltr'><strong>tione</strong></span> <span class='ocrx_word' id='word_1_576' title='bbox 628 5581 859 5639; x_wconf 87' lang='lat' dir='ltr'><strong>liberam</strong></span> <span class='ocrx_word' id='word_1_577' title='bbox 895 5589 1062 5642; x_wconf 83' lang='lat' dir='ltr'><strong>vitam</strong></span> <span class='ocrx_word' id='word_1_578' title='bbox 1119 5587 1301 5657; x_wconf 73' lang='lat' dir='ltr'><strong>ducit,</strong></span> <span class='ocrx_word' id='word_1_579' title='bbox 1358 5591 1404 5645; x_wconf 89' lang='lat' dir='ltr'><strong>si</strong></span> <span class='ocrx_word' id='word_1_580' title='bbox 1463 5605 1623 5645; x_wconf 89' lang='lat' dir='ltr'><strong>nemo</strong></span> <span class='ocrx_word' id='word_1_581' title='bbox 1672 5590 1797 5662; x_wconf 87' lang='lat' dir='ltr'><strong>ejus</strong></span> <span class='ocrx_word' id='word_1_582' title='bbox 1848 5606 2034 5647; x_wconf 86' lang='lat' dir='ltr'><strong>mores</strong></span> 
     </span>
    </p>
   </div>
   <div class='ocr_carea' id='block_1_85' title="bbox 2150 3394 3751 3468">
    <p class='ocr_par' dir='ltr' id='par_1_85' title="bbox 2150 3394 3751 3468">
     <span class='ocr_line' id='line_1_85' title="bbox 2150 3394 3751 3468; baseline -0.001 -18"><span class='ocrx_word' id='word_1_583' title='bbox 2150 3396 2516 3451; x_wconf 78' lang='grc' dir='ltr'><strong>ἐλλείποντα</strong></span> <span class='ocrx_word' id='word_1_584' title='bbox 2571 3397 2991 3465; x_wconf 81' lang='grc' dir='ltr'><strong>ἐπιδιορθώσῃ.</strong></span> <span class='ocrx_word' id='word_1_585' title='bbox 3042 3398 3257 3468; x_wconf 85' lang='grc' dir='ltr'><strong>’Ὠσπερ</strong></span> <span class='ocrx_word' id='word_1_586' title='bbox 3304 3399 3363 3450; x_wconf 81' lang='grc' dir='ltr'><strong>ὲν</strong></span> <span class='ocrx_word' id='word_1_587' title='bbox 3397 3397 3545 3468; x_wconf 78' lang='grc' dir='ltr'><strong>οἰκία</strong></span> <span class='ocrx_word' id='word_1_588' title='bbox 3581 3394 3751 3459; x_wconf 78' lang='grc' dir='ltr'>ἄλλος</span> 
     </span>
    </p>
   </div>
   <div class='ocr_carea' id='block_1_86' title="bbox 2152 3488 3751 3561">
    <p class='ocr_par' dir='ltr' id='par_1_86' title="bbox 2152 3488 3751 3561">
     <span class='ocr_line' id='line_1_86' title="bbox 2152 3488 3751 3561; baseline -0.003 -17"><span class='ocrx_word' id='word_1_589' title='bbox 2152 3489 2280 3544; x_wconf 86' lang='grc' dir='ltr'>ἄλλο</span> <span class='ocrx_word' id='word_1_590' title='bbox 2301 3507 2355 3543; x_wconf 90' lang='grc' dir='ltr'><strong>τι</strong></span> <span class='ocrx_word' id='word_1_591' title='bbox 2387 3490 2618 3561; x_wconf 81' lang='grc' dir='ltr'><strong>πράττει</strong></span> <span class='ocrx_word' id='word_1_592' title='bbox 2652 3490 2763 3544; x_wconf 84' lang='grc' dir='ltr'><strong>τῶν</strong></span> <span class='ocrx_word' id='word_1_593' title='bbox 2807 3491 2930 3553; x_wconf 85' lang='grc' dir='ltr'><strong>ταῖς</strong></span> <span class='ocrx_word' id='word_1_594' title='bbox 2979 3489 3279 3553; x_wconf 82' lang='grc' dir='ltr'><strong>διακονίαις</strong></span> <span class='ocrx_word' id='word_1_595' title='bbox 3335 3488 3751 3559; x_wconf 72' lang='grc' dir='ltr'><strong>ἐφισταμένων,</strong></span> 
     </span>
    </p>
   </div>
   <div class='ocr_carea' id='block_1_87' title="bbox 2150 3577 3752 3653">
    <p class='ocr_par' dir='ltr' id='par_1_87' title="bbox 2150 3577 3752 3653">
     <span class='ocr_line' id='line_1_87' title="bbox 2150 3577 3752 3653; baseline -0.002 -17"><span class='ocrx_word' id='word_1_596' title='bbox 2150 3583 2294 3638; x_wconf 70' lang='grc' dir='ltr'><strong>οὕτω</strong></span> <span class='ocrx_word' id='word_1_597' title='bbox 2332 3584 2429 3637; x_wconf 74' lang='grc' dir='ltr'><strong>καὶ</strong></span> <span class='ocrx_word' id='word_1_598' title='bbox 2481 3577 2630 3638; x_wconf 65' lang='grc' dir='ltr'><strong>οὗτοι</strong></span> <span class='ocrx_word' id='word_1_599' title='bbox 2656 3624 2671 3646; x_wconf 90' lang='grc'><strong>,</strong></span> <span class='ocrx_word' id='word_1_600' title='bbox 2702 3582 2862 3647; x_wconf 80' lang='grc' dir='ltr'>ἄλλος</span> <span class='ocrx_word' id='word_1_601' title='bbox 2897 3582 3027 3645; x_wconf 72' lang='grc' dir='ltr'>ἄλλο</span> <span class='ocrx_word' id='word_1_602' title='bbox 3085 3584 3248 3653; x_wconf 80' lang='grc' dir='ltr'>μέρος</span> <span class='ocrx_word' id='word_1_603' title='bbox 3278 3583 3377 3652; x_wconf 83' lang='grc' dir='ltr'><strong>τῆς</strong></span> <span class='ocrx_word' id='word_1_604' title='bbox 3410 3581 3752 3650; x_wconf 74' lang='grc' dir='ltr'>οἰκουμένης</span> 
     </span>
    </p>
   </div>
   <div class='ocr_carea' id='block_1_88' title="bbox 2150 3672 3754 3747">
    <p class='ocr_par' dir='ltr' id='par_1_88' title="bbox 2150 3672 3754 3747">
     <span class='ocr_line' id='line_1_88' title="bbox 2150 3672 3754 3747; baseline -0.002 -16"><span class='ocrx_word' id='word_1_605' title='bbox 2150 3677 2513 3747; x_wconf 77' lang='grc' dir='ltr'><strong>διενείμαντο,</strong></span> <span class='ocrx_word' id='word_1_606' title='bbox 2538 3679 2633 3731; x_wconf 75' lang='grc' dir='ltr'><strong>καὶ</strong></span> <span class='ocrx_word' id='word_1_607' title='bbox 2671 3677 2875 3739; x_wconf 75' lang='grc' dir='ltr'><strong>πάντες</strong></span> <span class='ocrx_word' id='word_1_608' title='bbox 2917 3676 3259 3745; x_wconf 78' lang='grc' dir='ltr'><strong>εἰργάζοντο.</strong></span> <span class='ocrx_word' id='word_1_609' title='bbox 3294 3674 3468 3728; x_wconf 81' lang='grc' dir='ltr'><strong>Τοῦτο</strong></span> <span class='ocrx_word' id='word_1_610' title='bbox 3510 3672 3603 3727; x_wconf 74' lang='grc' dir='ltr'><strong>οὖν</strong></span> <span class='ocrx_word' id='word_1_611' title='bbox 3643 3675 3754 3727; x_wconf 72' lang='grc' dir='ltr'><strong>καὶ</strong></span> 
     </span>
    </p>
   </div>
   <div class='ocr_carea' id='block_1_89' title="bbox 2152 3766 3747 3834">
    <p class='ocr_par' dir='ltr' id='par_1_89' title="bbox 2152 3766 3747 3834">
     <span class='ocr_line' id='line_1_89' title="bbox 2152 3766 3747 3834; baseline -0.003 -11"><span class='ocrx_word' id='word_1_612' title='bbox 2152 3768 2387 3823; x_wconf 78' lang='grc' dir='ltr'><strong>ἐνταῦθα</strong></span> <span class='ocrx_word' id='word_1_613' title='bbox 2425 3768 2723 3823; x_wconf 74' lang='grc' dir='ltr'><strong>αἰνίττεται</strong></span> <span class='ocrx_word' id='word_1_614' title='bbox 2749 3768 2839 3821; x_wconf 70' lang='grc' dir='ltr'><strong>διὰ</strong></span> <span class='ocrx_word' id='word_1_615' title='bbox 2874 3766 2971 3820; x_wconf 80' lang='grc' dir='ltr'><strong>τοῦ</strong></span> <span class='ocrx_word' id='word_1_616' title='bbox 3012 3768 3188 3821; x_wconf 86' lang='grc' dir='ltr'><strong>εἰπεῖν</strong></span> <span class='ocrx_word' id='word_1_617' title='bbox 3216 3785 3233 3801; x_wconf 88' lang='grc'>·</span> <span class='ocrx_word' id='word_1_618' title='bbox 3288 3766 3624 3834; x_wconf 73' lang='grc' dir='ltr'><strong>Κατέλιπόν</strong></span> <span class='ocrx_word' id='word_1_619' title='bbox 3660 3779 3747 3818; x_wconf 85' lang='grc' dir='ltr'><strong>σε</strong></span> 
     </span>
    </p>
   </div>
   <div class='ocr_carea' id='block_1_90' title="bbox 2149 3854 3750 3933">
    <p class='ocr_par' dir='ltr' id='par_1_90' title="bbox 2149 3854 3750 3933">
     <span class='ocr_line' id='line_1_90' title="bbox 2149 3854 3750 3933; baseline -0.004 -18"><span class='ocrx_word' id='word_1_620' title='bbox 2149 3861 2220 3915; x_wconf 81' lang='grc' dir='ltr'><strong>ὲν</strong></span> <span class='ocrx_word' id='word_1_621' title='bbox 2257 3860 2483 3930; x_wconf 78' lang='grc' dir='ltr'><strong>Κρήτῃ,</strong></span> <span class='ocrx_word' id='word_1_622' title='bbox 2516 3860 2592 3925; x_wconf 91' lang='grc' dir='ltr'><strong>ώς</strong></span> <span class='ocrx_word' id='word_1_623' title='bbox 2619 3860 2783 3922; x_wconf 80' lang='grc' dir='ltr'><strong>αὐτὸς</strong></span> <span class='ocrx_word' id='word_1_624' title='bbox 2809 3858 3013 3933; x_wconf 80' lang='grc' dir='ltr'>δηλαδὴ</span> <span class='ocrx_word' id='word_1_625' title='bbox 3052 3855 3287 3928; x_wconf 78' lang='grc' dir='ltr'><strong>ἀλλαχοῦ</strong></span> <span class='ocrx_word' id='word_1_626' title='bbox 3336 3854 3607 3921; x_wconf 84' lang='grc' dir='ltr'><strong>ἀπελθὼν,</strong></span> <span class='ocrx_word' id='word_1_627' title='bbox 3645 3855 3750 3909; x_wconf 79' lang='grc' dir='ltr'><strong>ἵνα</strong></span> 
     </span>
    </p>
   </div>
   <div class='ocr_carea' id='block_1_91' title="bbox 2150 3947 3745 4024">
    <p class='ocr_par' dir='ltr' id='par_1_91' title="bbox 2150 3947 3745 4024">
     <span class='ocr_line' id='line_1_91' title="bbox 2150 3947 3745 4024; baseline -0.003 -20"><span class='ocrx_word' id='word_1_628' title='bbox 2150 3954 2270 4007; x_wconf 79' lang='grc' dir='ltr'><strong>ἐκεῖ</strong></span> <span class='ocrx_word' id='word_1_629' title='bbox 2302 3953 2630 4024; x_wconf 77' lang='grc' dir='ltr'><strong>ἐργάζηται.</strong></span> <span class='ocrx_word' id='word_1_630' title='bbox 2683 3951 2826 4023; x_wconf 85' lang='grc' dir='ltr'><strong>Ὅρα</strong></span> <span class='ocrx_word' id='word_1_631' title='bbox 2875 3950 2932 4005; x_wconf 80' lang='grc' dir='ltr'><strong>δὲ</strong></span> <span class='ocrx_word' id='word_1_632' title='bbox 2984 3948 3102 4014; x_wconf 83' lang='grc' dir='ltr'><strong>πῶς</strong></span> <span class='ocrx_word' id='word_1_633' title='bbox 3134 3950 3235 4004; x_wconf 79' lang='grc' dir='ltr'><strong>οὐκ</strong></span> <span class='ocrx_word' id='word_1_634' title='bbox 3283 3948 3599 4021; x_wconf 79' lang='grc' dir='ltr'><strong>αἰσχύνεται</strong></span> <span class='ocrx_word' id='word_1_635' title='bbox 3656 3947 3745 4017; x_wconf 83' lang='grc' dir='ltr'><strong>τῷ</strong></span> 
     </span>
    </p>
   </div>
   <div class='ocr_carea' id='block_1_92' title="bbox 2152 4037 3745 4117">
    <p class='ocr_par' dir='ltr' id='par_1_92' title="bbox 2152 4037 3745 4117">
     <span class='ocr_line' id='line_1_92' title="bbox 2152 4037 3745 4117; baseline -0.005 -18"><span class='ocrx_word' id='word_1_636' title='bbox 2152 4045 2370 4117; x_wconf 80' lang='grc' dir='ltr'><strong>μαθητῇ</strong></span> <span class='ocrx_word' id='word_1_637' title='bbox 2396 4045 2647 4117; x_wconf 82' lang='grc' dir='ltr'><strong>γράφων,</strong></span> <span class='ocrx_word' id='word_1_638' title='bbox 2684 4043 2752 4097; x_wconf 79' lang='grc' dir='ltr'><strong>ἶν’</strong></span> <span class='ocrx_word' id='word_1_639' title='bbox 2782 4042 3151 4114; x_wconf 72' lang='grc' dir='ltr'><strong>ἐπιδιορθώσῃ</strong></span> <span class='ocrx_word' id='word_1_640' title='bbox 3177 4042 3246 4095; x_wconf 77' lang='grc' dir='ltr'><strong>τὰ</strong></span> <span class='ocrx_word' id='word_1_641' title='bbox 3290 4043 3421 4110; x_wconf 75' lang='grc' dir='ltr'><strong>παρ’</strong></span> <span class='ocrx_word' id='word_1_642' title='bbox 3454 4037 3596 4110; x_wconf 78' lang='grc' dir='ltr'><strong>ἐμοῦ</strong></span> <span class='ocrx_word' id='word_1_643' title='bbox 3646 4038 3745 4091; x_wconf 76' lang='grc' dir='ltr'><strong>ἑλ-</strong></span> 
     </span>
    </p>
   </div>
   <div class='ocr_carea' id='block_1_93' title="bbox 2148 4129 3746 4207">
    <p class='ocr_par' dir='ltr' id='par_1_93' title="bbox 2148 4129 3746 4207">
     <span class='ocr_line' id='line_1_93' title="bbox 2148 4129 3746 4207; baseline -0.004 -18"><span class='ocrx_word' id='word_1_644' title='bbox 2148 4135 2464 4204; x_wconf 83' lang='grc' dir='ltr'><strong>λειφθέντα,</strong></span> <span class='ocrx_word' id='word_1_645' title='bbox 2527 4134 2673 4207; x_wconf 71' lang='grc' dir='ltr'><strong>Πρὸς</strong></span> <span class='ocrx_word' id='word_1_646' title='bbox 2717 4134 2828 4206; x_wconf 85' lang='grc' dir='ltr'><strong>γὰρ</strong></span> <span class='ocrx_word' id='word_1_647' title='bbox 2879 4134 2942 4187; x_wconf 87' lang='grc' dir='ltr'><strong>τὸ</strong></span> <span class='ocrx_word' id='word_1_648' title='bbox 2990 4134 3168 4187; x_wconf 83' lang='grc' dir='ltr'><strong>κοινὸν</strong></span> <span class='ocrx_word' id='word_1_649' title='bbox 3215 4131 3408 4203; x_wconf 84' lang='grc' dir='ltr'>κέρδος</span> <span class='ocrx_word' id='word_1_650' title='bbox 3470 4129 3636 4201; x_wconf 75' lang='grc' dir='ltr'><strong>ἑώρα,</strong></span> <span class='ocrx_word' id='word_1_651' title='bbox 3670 4131 3746 4183; x_wconf 76' lang='grc' dir='ltr'><strong>οὐ</strong></span> 
     </span>
    </p>
   </div>
   <div class='ocr_carea' id='block_1_94' title="bbox 2148 4219 3745 4298">
    <p class='ocr_par' dir='ltr' id='par_1_94' title="bbox 2148 4219 3745 4298">
     <span class='ocr_line' id='line_1_94' title="bbox 2148 4219 3745 4298; baseline -0.003 -19"><span class='ocrx_word' id='word_1_652' title='bbox 2148 4226 2287 4296; x_wconf 79' lang='grc' dir='ltr'><strong>πρὸς</strong></span> <span class='ocrx_word' id='word_1_653' title='bbox 2319 4225 2420 4298; x_wconf 80' lang='grc' dir='ltr'><strong>τὴν</strong></span> <span class='ocrx_word' id='word_1_654' title='bbox 2451 4226 2661 4279; x_wconf 78' lang='grc' dir='ltr'><strong>οἰκείαν</strong></span> <span class='ocrx_word' id='word_1_655' title='bbox 2704 4227 2893 4296; x_wconf 84' lang='grc' dir='ltr'><strong>τιμήν.</strong></span> <span class='ocrx_word' id='word_1_656' title='bbox 2929 4225 3136 4278; x_wconf 86' lang='grc' dir='ltr'><strong>Σκόπει</strong></span> <span class='ocrx_word' id='word_1_657' title='bbox 3176 4222 3234 4276; x_wconf 79' lang='grc' dir='ltr'><strong>δὲ</strong></span> <span class='ocrx_word' id='word_1_658' title='bbox 3263 4225 3360 4278; x_wconf 66' lang='grc' dir='ltr'><strong>καὶ</strong></span> <span class='ocrx_word' id='word_1_659' title='bbox 3393 4224 3540 4286; x_wconf 85' lang='grc' dir='ltr'><strong>ὅπως</strong></span> <span class='ocrx_word' id='word_1_660' title='bbox 3569 4219 3601 4277; x_wconf 75' lang='grc' dir='ltr'><strong>ἃ</strong></span> <span class='ocrx_word' id='word_1_661' title='bbox 3635 4221 3745 4292; x_wconf 79' lang='grc' dir='ltr'><strong>μὲν</strong></span> 
     </span>
    </p>
   </div>
   <div class='ocr_carea' id='block_1_95' title="bbox 2148 4313 3739 4388">
    <p class='ocr_par' dir='ltr' id='par_1_95' title="bbox 2148 4313 3739 4388">
     <span class='ocr_line' id='line_1_95' title="bbox 2148 4313 3739 4388; baseline -0.002 -18"><span class='ocrx_word' id='word_1_662' title='bbox 2148 4317 2353 4381; x_wconf 83' lang='grc' dir='ltr'><strong>κόπους</strong></span> <span class='ocrx_word' id='word_1_663' title='bbox 2379 4318 2423 4350; x_wconf 78' lang='grc'><strong>⁸⁷</strong></span> <span class='ocrx_word' id='word_1_664' title='bbox 2453 4314 2567 4388; x_wconf 82' lang='grc' dir='ltr'><strong>εἶχε</strong></span> <span class='ocrx_word' id='word_1_665' title='bbox 2616 4318 2712 4371; x_wconf 76' lang='grc' dir='ltr'><strong>καὶ</strong></span> <span class='ocrx_word' id='word_1_666' title='bbox 2742 4317 2985 4387; x_wconf 81' lang='grc' dir='ltr'><strong>ἀγῶνας,</strong></span> <span class='ocrx_word' id='word_1_667' title='bbox 3033 4315 3198 4379; x_wconf 77' lang='grc' dir='ltr'><strong>αὐτὸς</strong></span> <span class='ocrx_word' id='word_1_668' title='bbox 3245 4314 3532 4386; x_wconf 82' lang='grc' dir='ltr'><strong>κατώρθου</strong></span> <span class='ocrx_word' id='word_1_669' title='bbox 3552 4332 3566 4346; x_wconf 88' lang='grc'><strong>·</strong></span> <span class='ocrx_word' id='word_1_670' title='bbox 3598 4313 3634 4368; x_wconf 76' lang='grc' dir='ltr'><strong>ἃ</strong></span> <span class='ocrx_word' id='word_1_671' title='bbox 3675 4313 3739 4367; x_wconf 78' lang='grc' dir='ltr'>δὲ</span> 
     </span>
    </p>
   </div>
   <div class='ocr_carea' id='block_1_96' title="bbox 2147 4407 3740 4484">
    <p class='ocr_par' dir='ltr' id='par_1_96' title="bbox 2147 4407 3740 4484">
     <span class='ocr_line' id='line_1_96' title="bbox 2147 4407 3740 4484; baseline -0.003 -19"><span class='ocrx_word' id='word_1_672' title='bbox 2147 4411 2284 4483; x_wconf 89' lang='grc' dir='ltr'><strong>πρὸς</strong></span> <span class='ocrx_word' id='word_1_673' title='bbox 2319 4412 2488 4484; x_wconf 82' lang='grc' dir='ltr'><strong>τιμὴν</strong></span> <span class='ocrx_word' id='word_1_674' title='bbox 2515 4411 2711 4484; x_wconf 81' lang='grc' dir='ltr'><strong>ἔφερον</strong></span> <span class='ocrx_word' id='word_1_675' title='bbox 2757 4411 2790 4482; x_wconf 86' lang='grc' dir='ltr'>ἢ</span> <span class='ocrx_word' id='word_1_676' title='bbox 2838 4410 3080 4476; x_wconf 80' lang='grc' dir='ltr'><strong>ἔπαινον,</strong></span> <span class='ocrx_word' id='word_1_677' title='bbox 3103 4408 3280 4464; x_wconf 86' lang='grc' dir='ltr'><strong>ταῦτα</strong></span> <span class='ocrx_word' id='word_1_678' title='bbox 3328 4409 3615 4480; x_wconf 77' lang='grc' dir='ltr'><strong>ἐπιτρέπει</strong></span> <span class='ocrx_word' id='word_1_679' title='bbox 3652 4407 3740 4477; x_wconf 80' lang='grc' dir='ltr'><strong>τῷ</strong></span> 
     </span>
    </p>
   </div>
   <div class='ocr_carea' id='block_1_97' title="bbox 2150 4501 3739 4575">
    <p class='ocr_par' dir='ltr' id='par_1_97' title="bbox 2150 4501 3739 4575">
     <span class='ocr_line' id='line_1_97' title="bbox 2150 4501 3739 4575; baseline 0 -19"><span class='ocrx_word' id='word_1_680' title='bbox 2150 4503 2391 4575; x_wconf 80' lang='grc' dir='ltr'><strong>μαθητῇ,</strong></span> <span class='ocrx_word' id='word_1_681' title='bbox 2432 4504 2543 4558; x_wconf 85' lang='grc' dir='ltr'><strong>τῶν</strong></span> <span class='ocrx_word' id='word_1_682' title='bbox 2576 4504 2895 4558; x_wconf 75' lang='grc' dir='ltr'><strong>ἐπισκόπων</strong></span> <span class='ocrx_word' id='word_1_683' title='bbox 2923 4504 3070 4573; x_wconf 81' lang='grc' dir='ltr'><strong>λέγω</strong></span> <span class='ocrx_word' id='word_1_684' title='bbox 3100 4503 3198 4566; x_wconf 82' lang='grc' dir='ltr'><strong>τὰς</strong></span> <span class='ocrx_word' id='word_1_685' title='bbox 3247 4501 3610 4574; x_wconf 81' lang='grc' dir='ltr'><strong>χειροτονίας,</strong></span> <span class='ocrx_word' id='word_1_686' title='bbox 3642 4502 3739 4556; x_wconf 74' lang='grc' dir='ltr'><strong>καὶ</strong></span> 
     </span>
    </p>
   </div>
   <div class='ocr_carea' id='block_1_98' title="bbox 2148 4593 3374 4683">
    <p class='ocr_par' dir='ltr' id='par_1_98' title="bbox 2148 4593 3374 4683">
     <span class='ocr_line' id='line_1_98' title="bbox 2148 4593 3374 4683; baseline 0.002 -36"><span class='ocrx_word' id='word_1_687' title='bbox 2148 4593 2338 4660; x_wconf 85' lang='grc' dir='ltr'><strong>τᾶλλα,</strong></span> <span class='ocrx_word' id='word_1_688' title='bbox 2369 4595 2471 4648; x_wconf 80' lang='grc' dir='ltr'><strong>ὅσα</strong></span> <span class='ocrx_word' id='word_1_689' title='bbox 2494 4594 2667 4648; x_wconf 75' lang='grc' dir='ltr'><strong>ἐδεῖτο</strong></span> <span class='ocrx_word' id='word_1_690' title='bbox 2692 4594 3374 4683; x_wconf 31' lang='grc' dir='ltr'><strong>πλείονοςύκαταρτεσμοῦ.</strong></span> 
     </span>
    </p>
   </div>
   <div class='ocr_carea' id='block_1_99' title="bbox 2220 4850 3721 4921">
    <p class='ocr_par' dir='ltr' id='par_1_99' title="bbox 2220 4850 3721 4921">
     <span class='ocr_line' id='line_1_99' title="bbox 2220 4850 3721 4921; baseline -0.001 -15"><span class='ocrx_word' id='word_1_691' title='bbox 2220 4852 2328 4906; x_wconf 79' lang='grc' dir='ltr'><strong>Καὶ</strong></span> <span class='ocrx_word' id='word_1_692' title='bbox 2360 4853 2754 4921; x_wconf 76' lang='grc' dir='ltr'><strong>καταστήσῃς</strong></span> <span class='ocrx_word' id='word_1_693' title='bbox 2789 4850 2942 4905; x_wconf 84' lang='grc' dir='ltr'><strong>κατὰ</strong></span> <span class='ocrx_word' id='word_1_694' title='bbox 2986 4851 3199 4917; x_wconf 76' lang='grc' dir='ltr'><strong>πόλεις</strong></span> <span class='ocrx_word' id='word_1_695' title='bbox 3247 4850 3721 4918; x_wconf 70' lang='grc' dir='ltr'><strong>πρεσϐυτέρους,</strong></span> 
     </span>
    </p>
   </div>
   <div class='ocr_carea' id='block_1_100' title="bbox 2146 4940 3734 5013">
    <p class='ocr_par' dir='ltr' id='par_1_100' title="bbox 2146 4940 3734 5013">
     <span class='ocr_line' id='line_1_100' title="bbox 2146 4940 3734 5013; baseline -0.003 -16"><span class='ocrx_word' id='word_1_696' title='bbox 2146 4944 2227 5009; x_wconf 87' lang='grc' dir='ltr'><strong>ὡς</strong></span> <span class='ocrx_word' id='word_1_697' title='bbox 2271 4942 2387 5013; x_wconf 64' lang='grc' dir='ltr'><strong>ἐγώ</strong></span> <span class='ocrx_word' id='word_1_698' title='bbox 2428 4959 2527 4996; x_wconf 88' lang='grc' dir='ltr'><strong>σοι</strong></span> <span class='ocrx_word' id='word_1_699' title='bbox 2558 4941 2943 5012; x_wconf 77' lang='grc' dir='ltr'><strong>διεταξάμην.</strong></span> <span class='ocrx_word' id='word_1_700' title='bbox 3005 4942 3146 5006; x_wconf 83' lang='grc' dir='ltr'><strong>Τοὺς</strong></span> <span class='ocrx_word' id='word_1_701' title='bbox 3175 4943 3511 5005; x_wconf 77' lang='grc' dir='ltr'><strong>ἐπισκόπους</strong></span> <span class='ocrx_word' id='word_1_702' title='bbox 3556 4940 3734 5005; x_wconf 80' lang='grc' dir='ltr'><strong>οὕτως</strong></span> 
     </span>
    </p>
   </div>
   <div class='ocr_carea' id='block_1_101' title="bbox 2148 5033 3735 5107">
    <p class='ocr_par' dir='ltr' id='par_1_101' title="bbox 2148 5033 3735 5107">
     <span class='ocr_line' id='line_1_101' title="bbox 2148 5033 3735 5107; baseline 0 -19"><span class='ocrx_word' id='word_1_703' title='bbox 2148 5035 2385 5090; x_wconf 76' lang='grc' dir='ltr'><strong>ἐνταῦθα</strong></span> <span class='ocrx_word' id='word_1_704' title='bbox 2416 5053 2601 5107; x_wconf 81' lang='grc' dir='ltr'><strong>φησιν,</strong></span> <span class='ocrx_word' id='word_1_705' title='bbox 2633 5036 2709 5099; x_wconf 86' lang='grc' dir='ltr'>ὡς</span> <span class='ocrx_word' id='word_1_706' title='bbox 2742 5036 2837 5089; x_wconf 75' lang='grc' dir='ltr'><strong>καὶ</strong></span> <span class='ocrx_word' id='word_1_707' title='bbox 2868 5037 2925 5086; x_wconf 76' lang='grc' dir='ltr'><strong>ἐν</strong></span> <span class='ocrx_word' id='word_1_708' title='bbox 2954 5036 3023 5105; x_wconf 82' lang='grc' dir='ltr'><strong>τῇ</strong></span> <span class='ocrx_word' id='word_1_709' title='bbox 3052 5035 3187 5103; x_wconf 77' lang='grc' dir='ltr'><strong>πρὸς</strong></span> <span class='ocrx_word' id='word_1_710' title='bbox 3227 5034 3518 5105; x_wconf 81' lang='grc' dir='ltr'><strong>Τιμόθεον.</strong></span> <span class='ocrx_word' id='word_1_711' title='bbox 3565 5033 3735 5088; x_wconf 76' lang='grc' dir='ltr'><strong>Κατὰ</strong></span> 
     </span>
    </p>
   </div>
   <div class='ocr_carea' id='block_1_102' title="bbox 2143 5125 3729 5199">
    <p class='ocr_par' dir='ltr' id='par_1_102' title="bbox 2143 5125 3729 5199">
     <span class='ocr_line' id='line_1_102' title="bbox 2143 5125 3729 5199; baseline -0.003 -18"><span class='ocrx_word' id='word_1_712' title='bbox 2143 5130 2353 5194; x_wconf 70' lang='grc' dir='ltr'><strong>πόλεις</strong></span> <span class='ocrx_word' id='word_1_713' title='bbox 2379 5127 2437 5180; x_wconf 82' lang='grc' dir='ltr'>δέ</span> <span class='ocrx_word' id='word_1_714' title='bbox 2468 5145 2654 5199; x_wconf 82' lang='grc' dir='ltr'><strong>φησιν.</strong></span> <span class='ocrx_word' id='word_1_715' title='bbox 2687 5127 2763 5181; x_wconf 86' lang='grc' dir='ltr'><strong>Ού</strong></span> <span class='ocrx_word' id='word_1_716' title='bbox 2793 5126 2901 5196; x_wconf 84' lang='grc' dir='ltr'><strong>γὰρ</strong></span> <span class='ocrx_word' id='word_1_717' title='bbox 2924 5125 3177 5179; x_wconf 80' lang='grc' dir='ltr'><strong>ἐϐούλετο</strong></span> <span class='ocrx_word' id='word_1_718' title='bbox 3217 5128 3398 5179; x_wconf 83' lang='grc' dir='ltr'><strong>πᾶσαν</strong></span> <span class='ocrx_word' id='word_1_719' title='bbox 3436 5125 3533 5197; x_wconf 83' lang='grc' dir='ltr'><strong>τὴν</strong></span> <span class='ocrx_word' id='word_1_720' title='bbox 3564 5125 3729 5195; x_wconf 80' lang='grc' dir='ltr'><strong>νῆσον</strong></span> 
     </span>
    </p>
   </div>
   <div class='ocr_carea' id='block_1_103' title="bbox 2141 5218 3731 5292">
    <p class='ocr_par' dir='ltr' id='par_1_103' title="bbox 2141 5218 3731 5292">
     <span class='ocr_line' id='line_1_103' title="bbox 2141 5218 3731 5292; baseline -0.001 -19"><span class='ocrx_word' id='word_1_721' title='bbox 2141 5221 2535 5292; x_wconf 71' lang='grc' dir='ltr'><strong>ἐπιτετράφθαι</strong></span> <span class='ocrx_word' id='word_1_722' title='bbox 2566 5220 2668 5286; x_wconf 74' lang='grc' dir='ltr'><strong>ἐνὶ,</strong></span> <span class='ocrx_word' id='word_1_723' title='bbox 2701 5219 2817 5273; x_wconf 84' lang='grc' dir='ltr'>ἀλλ’</span> <span class='ocrx_word' id='word_1_724' title='bbox 2845 5218 3085 5288; x_wconf 77' lang='grc' dir='ltr'><strong>ἑκάστην</strong></span> <span class='ocrx_word' id='word_1_725' title='bbox 3136 5218 3295 5272; x_wconf 89' lang='grc' dir='ltr'><strong>πόλιν</strong></span> <span class='ocrx_word' id='word_1_726' title='bbox 3332 5219 3461 5272; x_wconf 84' lang='grc' dir='ltr'><strong>ἴδιον</strong></span> <span class='ocrx_word' id='word_1_727' title='bbox 3489 5218 3731 5287; x_wconf 78' lang='grc' dir='ltr'><strong>ποιμένα.</strong></span> 
     </span>
    </p>
   </div>
   <div class='ocr_carea' id='block_1_104' title="bbox 2141 5311 3725 5384">
    <p class='ocr_par' dir='ltr' id='par_1_104' title="bbox 2141 5311 3725 5384">
     <span class='ocr_line' id='line_1_104' title="bbox 2141 5311 3725 5384; baseline -0.003 -17"><span class='ocrx_word' id='word_1_728' title='bbox 2141 5313 2308 5384; x_wconf 80' lang='grc' dir='ltr'><strong>ἔχειν.</strong></span> <span class='ocrx_word' id='word_1_729' title='bbox 2332 5312 2490 5367; x_wconf 77' lang='grc' dir='ltr'><strong>Οὕτω</strong></span> <span class='ocrx_word' id='word_1_730' title='bbox 2516 5313 2627 5382; x_wconf 83' lang='grc' dir='ltr'><strong>γὰρ</strong></span> <span class='ocrx_word' id='word_1_731' title='bbox 2651 5312 2745 5365; x_wconf 77' lang='grc' dir='ltr'><strong>καὶ</strong></span> <span class='ocrx_word' id='word_1_732' title='bbox 2774 5313 2803 5365; x_wconf 86' lang='grc' dir='ltr'><strong>ό</strong></span> <span class='ocrx_word' id='word_1_733' title='bbox 2830 5311 2990 5374; x_wconf 86' lang='grc' dir='ltr'><strong>πόνος</strong></span> <span class='ocrx_word' id='word_1_734' title='bbox 3022 5312 3375 5382; x_wconf 77' lang='grc' dir='ltr'><strong>κουφότερος,</strong></span> <span class='ocrx_word' id='word_1_735' title='bbox 3408 5311 3504 5366; x_wconf 78' lang='grc' dir='ltr'><strong>καὶ</strong></span> <span class='ocrx_word' id='word_1_736' title='bbox 3527 5312 3560 5382; x_wconf 77' lang='grc' dir='ltr'>ἡ</span> <span class='ocrx_word' id='word_1_737' title='bbox 3596 5311 3725 5363; x_wconf 77' lang='grc' dir='ltr'><strong>ἐπιο</strong></span> 
     </span>
    </p>
   </div>
   <div class='ocr_carea' id='block_1_105' title="bbox 2144 5403 2769 5476">
    <p class='ocr_par' dir='ltr' id='par_1_105' title="bbox 2144 5403 2769 5476">
     <span class='ocr_line' id='line_1_105' title="bbox 2144 5403 2769 5476; baseline 0 -19"><span class='ocrx_word' id='word_1_738' title='bbox 2144 5405 2338 5476; x_wconf 81' lang='grc' dir='ltr'><strong>μέλεια</strong></span> <span class='ocrx_word' id='word_1_739' title='bbox 2371 5403 2769 5474; x_wconf 82' lang='grc' dir='ltr'><strong>ἀκριϐεστέρα.</strong></span> 
     </span>
    </p>
   </div>
   <div class='ocr_carea' id='block_1_106' title="bbox 2216 5495 3720 5568">
    <p class='ocr_par' dir='ltr' id='par_1_106' title="bbox 2216 5495 3720 5568">
     <span class='ocr_line' id='line_1_106' title="bbox 2216 5495 3720 5568; baseline -0.003 -15"><span class='ocrx_word' id='word_1_740' title='bbox 2216 5498 2289 5553; x_wconf 81' lang='lat' dir='ltr'><strong>El</strong></span> <span class='ocrx_word' id='word_1_741' title='bbox 2324 5498 2415 5563; x_wconf 82' lang='grc' dir='ltr'><strong>τίς</strong></span> <span class='ocrx_word' id='word_1_742' title='bbox 2457 5498 2631 5552; x_wconf 79' lang='grc' dir='ltr'><strong>ἐστιν</strong></span> <span class='ocrx_word' id='word_1_743' title='bbox 2679 5497 3075 5568; x_wconf 76' lang='grc' dir='ltr'><strong>ἀνέγκλητος.</strong></span> <span class='ocrx_word' id='word_1_744' title='bbox 3099 5498 3162 5552; x_wconf 86' lang='grc' dir='ltr'><strong>Εἰ</strong></span> <span class='ocrx_word' id='word_1_745' title='bbox 3196 5496 3531 5568; x_wconf 77' lang='grc' dir='ltr'><strong>κατηγορίας</strong></span> <span class='ocrx_word' id='word_1_746' title='bbox 3566 5495 3720 5553; x_wconf 81' lang='grc' dir='ltr'><strong>ἐλεύ-</strong></span> 
     </span>
    </p>
   </div>
   <div class='ocr_carea' id='block_1_107' title="bbox 2145 5587 3725 5663">
    <p class='ocr_par' dir='ltr' id='par_1_107' title="bbox 2145 5587 3725 5663">
     <span class='ocr_line' id='line_1_107' title="bbox 2145 5587 3725 5663; baseline 0.001 -20"><span class='ocrx_word' id='word_1_747' title='bbox 2145 5591 2303 5663; x_wconf 85' lang='grc' dir='ltr'><strong>Θερον</strong></span> <span class='ocrx_word' id='word_1_748' title='bbox 2338 5587 2438 5661; x_wconf 73' lang='grc' dir='ltr'><strong>ἐχῃ</strong></span> <span class='ocrx_word' id='word_1_749' title='bbox 2463 5588 2555 5643; x_wconf 76' lang='grc' dir='ltr'><strong>τὸν</strong></span> <span class='ocrx_word' id='word_1_750' title='bbox 2586 5587 2726 5659; x_wconf 83' lang='grc' dir='ltr'><strong>βίον,</strong></span> <span class='ocrx_word' id='word_1_751' title='bbox 2757 5592 2807 5642; x_wconf 84' lang='grc' dir='ltr'><strong>εἰ</strong></span> <span class='ocrx_word' id='word_1_752' title='bbox 2849 5590 3041 5661; x_wconf 76' lang='grc' dir='ltr'><strong>μηδεὶς</strong></span> <span class='ocrx_word' id='word_1_753' title='bbox 3066 5589 3364 5645; x_wconf 78' lang='grc' dir='ltr'><strong>ἐπελάϐετο</strong></span> <span class='ocrx_word' id='word_1_754' title='bbox 3397 5592 3497 5662; x_wconf 81' lang='grc' dir='ltr'><strong>τῆς</strong></span> <span class='ocrx_word' id='word_1_755' title='bbox 3522 5589 3725 5660; x_wconf 59' lang='grc' dir='ltr'><strong>διαγωρ</strong></span> 
     </span>
    </p>
   </div>
   <div class='ocr_carea' id='block_1_108' title="bbox 1794 5773 2359 5839">
    <p class='ocr_par' dir='ltr' id='par_1_108' title="bbox 1794 5773 2359 5839">
     <span class='ocr_line' id='line_1_108' title="bbox 1794 5773 2359 5839; baseline 0.004 -4"><span class='ocrx_word' id='word_1_756' title='bbox 1794 5773 2004 5836; x_wconf 80' lang='lat' dir='ltr'><strong>Variae</strong></span> <span class='ocrx_word' id='word_1_757' title='bbox 2027 5773 2359 5839; x_wconf 84' lang='lat' dir='ltr'><strong>lectiones.</strong></span> 
     </span>
    </p>
   </div>
   <div class='ocr_carea' id='block_1_109' title="bbox 520 5870 2863 5953">
    <p class='ocr_par' dir='ltr' id='par_1_109' title="bbox 520 5870 2863 5953">
     <span class='ocr_line' id='line_1_109' title="bbox 520 5870 2863 5953; baseline 0.005 -28"><span class='ocrx_word' id='word_1_758' title='bbox 520 5870 567 5903; x_wconf 81' lang='lat'>“</span> <span class='ocrx_word' id='word_1_759' title='bbox 597 5871 708 5926; x_wconf 75' lang='grc' dir='ltr'><strong>ἰδοὺ</strong></span> <span class='ocrx_word' id='word_1_760' title='bbox 744 5873 837 5927; x_wconf 68' lang='grc' dir='ltr'><strong>καὶ</strong></span> <span class='ocrx_word' id='word_1_761' title='bbox 864 5874 931 5926; x_wconf 79' lang='grc' dir='ltr'><strong>ἐκ</strong></span> <span class='ocrx_word' id='word_1_762' title='bbox 961 5871 1151 5927; x_wconf 83' lang='grc' dir='ltr'><strong>τούτου</strong></span> <span class='ocrx_word' id='word_1_763' title='bbox 1191 5890 1264 5929; x_wconf 90' lang='lat' dir='ltr'><strong>m.</strong></span> <span class='ocrx_word' id='word_1_764' title='bbox 1344 5877 1390 5909; x_wconf 80' lang='lat'><strong>“</strong></span> <span class='ocrx_word' id='word_1_765' title='bbox 1412 5879 1677 5949; x_wconf 86' lang='grc' dir='ltr'><strong>ταραχαῖς</strong></span> <span class='ocrx_word' id='word_1_766' title='bbox 1715 5878 1942 5949; x_wconf 80' lang='grc' dir='ltr'><strong>μυρίαις</strong></span> <span class='ocrx_word' id='word_1_767' title='bbox 1976 5880 2072 5935; x_wconf 71' lang='grc' dir='ltr'><strong>καὶ</strong></span> <span class='ocrx_word' id='word_1_768' title='bbox 2101 5879 2355 5953; x_wconf 84' lang='grc' dir='ltr'><strong>θορύϐοις</strong></span> <span class='ocrx_word' id='word_1_769' title='bbox 2377 5895 2430 5938; x_wconf 90' lang='lat' dir='ltr'><strong>o.</strong></span> <span class='ocrx_word' id='word_1_770' title='bbox 2509 5881 2553 5915; x_wconf 82' lang='grc'><strong>⁸⁷</strong></span> <span class='ocrx_word' id='word_1_771' title='bbox 2584 5880 2783 5945; x_wconf 79' lang='grc' dir='ltr'><strong>πόνους</strong></span> <span class='ocrx_word' id='word_1_772' title='bbox 2807 5896 2863 5937; x_wconf 83' lang='grc' dir='ltr'><strong>ο..</strong></span> 
     </span>
    </p>
   </div>
  </div>
