4078 6426
459 426 568 494 153

1271 430 1678 493 EXPOSITIO
1708 434 1788 495 IN
1831 436 2073 498 EPIST.
2115 437 2216 497 AD
2250 436 2518 499 TITUM.
2558 461 2630 474 --
2658 439 2821 504 CAP.
2859 439 2912 501 Ι.

3619 438 3723 506 154

458 562 596 601 ποτε
616 544 683 598 ἐκ
708 544 820 598 τῶν
856 542 1133 616 Ἑλλήνων
1161 544 1333 617 ἤγαγε
1376 548 1702 620 μαρτυρίαν,
1738 550 1832 602 καὶ
1886 550 2047 601 ἐπαι-

2154 549 2269 612 hic,
2324 564 2549 604 cumam
2597 565 2663 604 ex
2716 551 2922 607 Graecis
2976 548 3350 607 testimonium
3412 552 3722 620 protulerit.

457 639 548 691 νεῖ
563 635 749 706 αὐτὴν,
778 634 878 689 καὶ
911 635 1087 690 ταῦτα
1102 635 1177 710 μὴ
1208 637 1389 701 καλῶς
1423 638 1692 709 ἔχουσανς
1734 639 1853 692 Ἔτι
1875 657 1934 693 τε
1965 641 2046 704 τίς

459 731 689 785 δταῧτα
724 730 1006 803 είρηκὼςς
1059 734 1118 787 '0
1174 732 1277 805 μὲν
1323 732 1416 789 οὖν
1471 735 1710 808 εἰρηκὼς
1768 737 2050 808 Ἐπιμενί-

461 822 565 893 δης
585 825 752 889 ἐστὶν,
793 825 852 877 ἑν
878 826 995 888 τοῖς
1019 824 1256 893 μάλιστα
1278 826 1386 879 τῶν
1413 828 1545 897 παρ’
1591 821 1824 898 Ἕλλησί
1866 830 2047 898 σοφῶν

461 912 745 983 θειασμοῖς
776 913 872 967 καὶ
903 914 1371 987 ἀποτροπιασμοὶξ
1396 921 1695 989 προσέχων,
1722 924 1816 977 καὶ
1851 938 2046 992 μαντι-

463 1003 575 1072 κὴν
598 1004 771 1058 δοκῶν
798 1006 1126 1077 κατορθοῦν.
1151 1002 1322 1072 Οὗτος
1343 1005 1437 1065 οὖν
1470 1012 1615 1083 ὀρῶν
1639 1015 1765 1076 τοὺς
1821 1016 2047 1085 Κρῆτας

461 1095 637 1163 τάφον
656 1096 1029 1168 δειμαμένους
1056 1100 1134 1169 τῷ
1171 1101 1279 1165 Διῒ,
1337 1103 1432 1155 καὶ
1490 1105 1769 1174 τιμῶντας
1819 1107 1895 1170 ὡς
1949 1108 2045 1161 ἕνα

462 1185 577 1238 τῶν
600 1187 923 1260 ἀνθρώπων,
954 1189 1196 1260 ὡσπερεὶ
1224 1193 1475 1264 ζηλώσας
1505 1196 1648 1267 ὑπὲρ
1700 1197 1793 1252 τοῦ
1841 1200 2042 1254 οἰκείου

461 1277 626 1341 Θεοῦ,
656 1279 878 1334 τοιαῦτα
912 1281 1051 1354 πρὸς
1077 1284 1183 1355 τὸν]
1209 1285 1306 1339 Δία
1324 1289 1503 1341 ποιεῖ·
1532 1290 1595 1343 Οἱ
1615 1291 1741 1344 τάδε
1773 1292 1869 1345 καὶ
1918 1295 2043 1348 τάδε

458 1367 618 1434 ὄντες
635 1369 872 1443 Κρῆτες,
900 1372 1109 1445 τύμϐον
1145 1393 1229 1430 σοι
1257 1377 1595 1451 ὲδομήσαντο
1628 1398 1641 1412 ·
1681 1382 1753 1438 Σὺ
1780 1383 1828 1436 δ’
1851 1386 1914 1438 οὐ
1950 1386 2046 1441 θά-

459 1475 578 1527 νες,
610 1462 732 1516 ἐσσὶ
759 1463 869 1533 γὰρ
898 1465 1005 1518 αἰεί
1031 1467 1100 1520 τ’.
1132 1465 1316 1540 Ταύτῃ
1351 1473 1416 1541 τῇ
1447 1474 1640 1542 χρήσει
1688 1474 1783 1528 νῦν
1830 1478 1858 1530 6
1892 1477 2042 1532 Παῦ-

459 1551 559 1618 λος
584 1560 999 1628 προσμαρτυρεῖ
1023 1558 1300 1630 ἀλήθειαν.
1348 1564 1473 1627 Πῶς
1515 1561 1610 1619 οὖν
1653 1566 1813 1621 τοῦτο
1855 1572 2043 1638 ποιεῖς

462 1646 514 1699 ει
577 1645 689 1719 γὰρ
723 1648 942 1719 ἀληθῶς
988 1650 1225 1723 εἴρηται,
1247 1653 1342 1708 καὶ
1390 1655 1419 1708 6
1470 1657 1606 1719 Ζεὺς
1645 1658 2042 1731 ἆραιάθὰνατός

463 1735 634 1790 ἐστιν.
676 1736 819 1790 Ἀλλ’
847 1740 907 1792 οὐ
932 1741 1070 1811 πρὸς
1098 1741 1259 1796 τοῦτο
1294 1740 1512 1815 βλέπων
1542 1743 1668 1801 εἷπε
1696 1749 1799 1822 τὴν
1835 1770 2043 1824 μαρτυ-

464 1828 595 1900 ρῗαν
622 1828 823 1901 ἀληθῆ,
858 1831 976 1885 ἀλλ’
998 1833 1078 1886 ὅτι
1111 1834 1351 1905 ψεύστας
1381 1839 1472 1890 καὶ
1501 1839 1668 1894 τᾶλλα
1713 1842 1841 1906 τοὺς
1892 1846 2043 1916 Κρῆ-

461 1936 568 1982 τας
591 1920 841 1977 ἐκάλεσε.
867 1923 978 1976 Καὶ
1000 1924 1086 1988 τίς
1110 1925 1271 1996 χρεία
1324 1928 1643 2002 Ἑλληνικῆς
1687 1937 1993 2008 μαρτυρίας
2025 1954 2041 2005 ;

461 2014 719 2070 Μάλιστα
742 2016 917 2081 οὕτως
953 2020 1152 2085 αὐτοὺς
1189 2023 1503 2096 ὲνέτρεπεν,
1529 2028 1742 2083 οἴκοθεν
1764 2030 1863 2102 τὴν
1900 2048 2044 2103 μαρ-

462 2106 663 2176 τυρίαν
696 2108 795 2179 τῆς
821 2108 1037 2181 ὕϐρεως
1063 2113 1157 2167 καὶ
1188 2115 1254 2168 ὲκ
1275 2114 1386 2170 τῶν
1412 2118 1560 2172 ίδίων
1588 2121 1774 2184 αὐτοῖς
1801 2123 2044 2192 προϐάλ-

463 2197 597 2254 λων.
628 2197 802 2255 Εἴωθε
835 2200 893 2255 δὲ
922 2203 1086 2257 τοῦτο
1115 2208 1289 2260 ποιεῖν
1324 2208 1354 2260 6
1411 2209 1646 2278 Παῦλος,
1704 2213 1895 2285 ὥσπερ
1953 2216 2048 2270 καὶ

465 2291 587 2353 τοῖς
619 2289 927 2361 ⁹Δθηνιιίοις
955 2294 1066 2349 ἀπὸ
1102 2296 1200 2350 τοῦ
1234 2298 1477 2369 Ἀράτου
1496 2301 1745 2374 διελέχθη
1781 2320 1795 2333 ·
1831 2304 1869 2359 ἃ
1902 2305 2046 2359 ἐκεῖ-

464 2399 556 2445 νος
616 2382 695 2453 τῷ
730 2384 1067 2459 ψευδωνύμῳ
1131 2390 1250 2461 Θεῷ
1298 2392 1376 2462 τῷ
1422 2392 1507 2447 Διῒ
1547 2396 1845 2467 ἐπιτίθησι,
1874 2398 2047 2453 ταῦτα

463 2475 630 2539 αὐτὸς
656 2477 732 2547 τῷ
761 2477 956 2548 ἀληθεῖ
982 2481 1101 2551 θεῷ
1132 2483 1533 2555 ἐπιμαρτυρῶν
1556 2501 1571 2517 ο
1601 2487 1726 2540 ἐπεὶ
1754 2488 1849 2540 καὶ
1906 2489 2046 2558 μᾶλο-

464 2569 562 2623 λον
602 2570 712 2624 ἀπὸ
772 2572 881 2625 τῶν
937 2573 1157 2627 οἰκείων
1216 2577 1660 2647 ἐπιστομίζονται
1692 2597 1706 2611 ·
1735 2579 1927 2652 ὥσπερ
1950 2581 2048 2635 καὶ

464 2662 583 2724 τοῖς
611 2660 889 2727 Ἰουδαίοις
921 2664 1010 2716 ἀεὶ
1045 2663 1153 2717 ἀπὸ
1177 2663 1287 2718 τῶν
1346 2667 1645 2738 προφητῶν
1713 2668 2046 2738 διαλέγεται,

465 2752 567 2805 καὶ
620 2753 720 2807 οὐκ
755 2755 864 2808 ἀπὸ
915 2754 1025 2809 τῶν
1076 2756 1450 2826 Εὖαγγελίων.
1506 2760 1678 2813 Τοῦτο
1707 2762 1803 2814 καὶ
1845 2763 1873 2815 6
1916 2761 2047 2826 Θεὸς

467 2851 633 2912 ποιεί,
666 2851 933 2916 ἑκάστους
956 2851 1064 2907 ἀπὸ
1086 2853 1194 2907 τῶν
1220 2855 1402 2919 αὐτοῖς
1428 2856 1676 2927 συνήθων
1702 2858 1797 2910 καὶ
1818 2874 2046 2911 πιστευ-

467 2940 686 3012 ομένων
736 2943 1122 3011 ἐφελκόμενος,
1159 2939 1271 3000 οἷον
1297 2933 1424 3010 sui};
1458 2949 1666 3017 μάγους
1695 2948 1763 3001 δι’
1793 2949 2044 3021 ἀστέρος,

463 3034 559 3087 τὸν
600 3034 773 3088 Σαοὺλ
798 3035 888 3089 διὰ
916 3035 1015 3108 τῆς
1048 3038 1507 3110 ἑγγαστριμύθου,
1544 3041 1731 3112 ἐπειδὴ
1762 3043 1897 3112 αὐτῇ
1931 3042 2049 3095 ἐπί-

467 3141 695 3180 στευσεν
717 3128 921 3191 ἐκεῖνος
957 3144 974 3160 ο
1004 3128 1100 3181 καὶ
1122 3130 1247 3193 τοὺς
1273 3131 1496 3199 μάντεις
1513 3132 1623 3186 ἀπὸ
1644 3134 1753 3187 τῶν
1782 3134 1924 3204 βοῶν
1942 3135 2049 3191 τῶν

466 3218 748 3289 συρόντων
775 3220 877 3291 τὴν
932 3220 1169 3275 κιϐωτόν
1211 3239 1226 3255 ο

468 3312 718 3382 μάντεις,
768 3313 886 3368 ἀλλ’
933 3314 1043 3369 ἀπὸ
1100 3315 1209 3369 τῶν
1262 3318 1481 3372 οἰκείων
1532 3320 1820 3390 στομάτων
1851 3322 2052 3385 αὐτοὺς

465 3406 706 3475 ἐλέγχει.
751 3407 861 3461 Καὶ
920 3409 1013 3462 τὸν
1078 3409 1305 3480 Βαλαὰμ
1356 3415 1635 3483 συγχωρεῖ
1687 3413 1933 3483 εὐλογεῖν
1957 3415 2053 3470 καὶ

468 3497 864 3571 προφητεύειν.
907 3499 1083 3554 Εῖωοε
1114 3502 1227 3573 γὰρ
1252 3504 1340 3556 ἀεὶ
1392 3506 1855 3573 συγκαταϐαίνειν
1916 3508 2053 3579 πρὸς

467 3591 572 3663 τὴν
593 3592 749 3663 ἡμῶν
778 3592 1067 3662 ὠφέλειαν.
1104 3596 1229 3657 Πῶς
1255 3594 1349 3648 οὖν
1373 3596 1402 3648 6
1429 3597 1686 3668 Χριστὸς,
1735 3601 1832 3653 καὶ
1889 3600 2053 3665 αὐτὸς

467 3679 628 3748 οὗτος
658 3686 688 3737 6
715 3686 927 3749 Παῦλος
953 3686 1192 3742 ἐκώλυον
1229 3689 1357 3752 τοὺς
1409 3689 1670 3761 δαίμονας
1725 3692 1911 3746 λαλεῖν
1958 3694 2054 3747 καὶ

471 3779 772 3848 μαρτυρεῖν
795 3780 1016 3844 αὑτοῖςς
1050 3780 1174 3832 Ὀτι
1200 3780 1268 3833 τὰ
1303 3782 1508 3852 σημεῖα
1550 3781 1711 3836 ἱκανὰ
1737 3778 1879 3861 ἦσαν
1930 3784 2053 3838 πεί-

472 3873 614 3935 θειν,
649 3872 743 3923 καὶ
770 3871 933 3935 αὐτὸς
954 3872 1150 3926 ἑαυτὸν
1175 3872 1205 3924 6
1234 3872 1481 3944 Χριστὸς
1505 3874 1775 3945 ἐκήρυττε
1816 3877 1913 3929 καὶ
1952 3877 2056 3947 ἦρε

470 3982 586 4021 κει.
608 3966 716 4018 Καὶ
739 3966 791 4019 οἱ
817 3966 1073 4037 δαίμονες
1099 3966 1157 4020 δὲ
1181 3968 1301 4038 οὐχὶ
1320 3970 1754 4041 προσεκυνοῦντο
1772 3970 1840 4035 ⁷³,
1862 3970 1925 4023 οὐ
1947 3972 2056 4043 γὰρ

470 4057 698 4111 εἴδωλον
726 4054 794 4130 ἦν
825 4059 887 4112 τὸ
936 4058 1330 4130 φθεγγόμενον.
1385 4060 1486 4115 Διὰ
1544 4061 1704 4115 τοῦτο
1750 4061 2056 4116 κωλύονται

473 4148 682 4203 λαλεῖν.

548 4395 630 4449 Δι’
660 4392 736 4461 ἢν
753 4393 952 4447 αίτίίιν
973 4393 1187 4465 ἔλεγχε
1205 4393 1428 4461 αὐτοὺς
1444 4393 1778 4465 ἀποτόμως.
1814 4395 2057 4469 Ἐπειδὴ,

2150 642 2721 711 commendaveritque
2780 643 2987 707 isthuc,
3053 644 3356 713 praesertim
3418 658 3540 698 cunt
3615 660 3727 697 non

2154 741 2298 786 recte
2323 731 2519 786 habeat
2540 732 2796 798 ?Adbaec,
2842 734 2967 804 quis
3028 735 3132 788 ista
3162 734 3725 805 dixerit?Certequt-

2149 822 2269 875 dem
2306 824 2399 893 qui
2450 824 2556 878 ista
2597 825 2756 892 dixit,
2832 825 3184 897 Epimenides
3213 834 3317 891 est,
3383 827 3724 896 sapientissi-

2150 930 2273 969 mus
2313 914 2457 984 apud
2515 914 2734 971 Crtecos
2791 915 3102 985 judicatus,
3155 918 3587 975 divinationibus
3619 934 3723 968 nu-

2148 1006 2468 1076 minnmqne
2487 1008 2890 1076 placationibus
2912 1009 3261 1074 incumbens,
3284 1008 3725 1077 vaticinandique

2150 1110 2376 1150 mttnere
2426 1097 2632 1153 clarus.
2697 1097 2800 1153 llic
2854 1114 2988 1153 sane
3038 1116 3163 1153 cum
3224 1098 3724 1159 animadverteret,

2145 1185 2438 1242 Cretenses
2460 1185 2579 1243 Ιονί
2604 1189 2954 1259 sepulchrum
2971 1190 3331 1258 erstruxisse,
3352 1202 3515 1260 atque
3546 1191 3728 1244 colere

2150 1291 2277 1351 cum
2310 1285 2573 1349 tanquam
2624 1279 2940 1333 mortalium
3011 1281 3351 1349 quempiam,
3375 1294 3471 1334 ceu
3501 1279 3728 1333 aemulam

2148 1369 2297 1425 tiuue
2336 1385 2606 1427 accensus
2648 1386 2749 1442 pro
2807 1372 2911 1427 deo
2968 1386 3070 1426 suo
3095 1371 3429 1441 patrio,haec
3476 1372 3530 1424 itt
3580 1369 3727 1424 Jovis

2147 1462 2380 1533 gratiam
2405 1466 2651 1519 carmina
2683 1464 2931 1519 condidit
2973 1484 2986 1520 :
3015 1466 3311 1521 Cretenses
3359 1464 3450 1534 qui
3497 1464 3634 1517 tales
3663 1477 3726 1515 ac

2146 1554 2283 1610 tales
2312 1562 2463 1619 sunt,
2494 1554 2547 1609 hi
2579 1562 2972 1611 exstruxerunt
3004 1556 3099 1610 tibi
3133 1555 3398 1631 tumulum
3438 1572 3451 1607 :
3481 1552 3632 1623 atqui
3670 1560 3735 1603 tu

2147 1660 2255 1702 non
2296 1661 2356 1701 es
2408 1654 2683 1713 mortuus,
2714 1654 2773 1700 ιιι
2798 1646 2945 1702 enim
2990 1661 3207 1717 semper
3239 1660 3321 1701 es.
3367 1642 3483 1701 Hoc
3528 1658 3737 1698 oram-

2156 1738 2270 1793 lum
2318 1737 2523 1793 Paulus
2556 1753 2705 1793 nunc
2759 1754 2950 1793 verum
2994 1752 3118 1793 esse
3169 1745 3417 1791 testatur.
3462 1736 3531 1788 At
3576 1748 3725 1798 vero,

2146 1830 2240 1901 qui
2274 1828 2421 1886 istud
2460 1828 2635 1885 facit?
2688 1844 2817 1883 nam
2875 1829 2931 1886 si-
2979 1844 3107 1884 vere
3163 1827 3371 1883 dictum
3434 1834 3533 1886 est.
3606 1834 3723 1899 tum
3772 1878 3773 1881 η

2146 1920 2357 1991 Jupiter
2386 1920 2715 1976 immortalis
2754 1928 2860 1975 est.
2892 1920 3055 1990 Atqui
3093 1934 3200 1973 non
3250 1917 3357 1970 huc
3394 1915 3723 1984 respiciens,

2149 2027 2339 2067 verum
2369 2026 2492 2067 esse
2514 2012 2652 2066 dixit
2684 2011 3081 2075 testimonium,
3116 2009 3210 2064 sed
3261 2008 3388 2077 quia
3436 2004 3728 2060 Cretenses

2157 2102 2453 2159 mendaces
2477 2102 2692 2172 aliaque
2722 2100 3034 2172 appellavit.
3091 2099 3223 2165 Quae
3253 2094 3379 2152 vero
3405 2094 3579 2151 Graeci
3641 2104 3727 2150 te-

2147 2193 2393 2252 stimonii
2433 2202 2520 2250 est
2544 2191 2953 2248 commoditas?
2997 2190 3292 2245 Maximum
3341 2188 3417 2243 ita
3469 2186 3727 2242 ruborem

2151 2286 2234 2342 eis
2297 2286 2508 2355 injecit,
2570 2284 2789 2355 injuria:
2862 2298 3053 2339 eorum
3111 2297 3175 2337 ex
3237 2280 3541 2336 domestico
3607 2287 3733 2331 rate

2151 2387 2529 2444 testimonium
2610 2384 2748 2454 ipsis
2831 2380 3142 2454 proterens.
3196 2379 3497 2436 Consuevit
3542 2384 3724 2431 autem

2150 2477 2254 2533 ltoc
2280 2491 2444 2547 agere
2492 2474 2715 2541 Paulus,
2779 2472 3243 2545 quemadmodum
3274 2481 3328 2526 et
3373 2468 3729 2524 Atheniensi-

2148 2569 2252 2625 bus
2297 2584 2362 2624 es
2412 2567 2583 2624 Arato
2643 2566 2927 2632 disseruit,
2989 2578 3109 2639 qua:
3150 2563 3240 2619 ille
3275 2560 3395 2616 Jovi
3434 2561 3535 2615 deo
3587 2556 3730 2612 falso

2148 2659 2297 2713 dicto
2350 2657 2626 2723 attribuit,
2653 2656 2768 2710 haec
2809 2656 2928 2724 ipse
2973 2654 3039 2709 ad
3064 2668 3250 2708 rerum
3312 2650 3480 2705 Deum
3511 2646 3676 2703 refert
3713 2664 3727 2700 :

2147 2743 2588 2816 quandoquidem
2644 2750 2698 2796 et
2736 2742 2919 2797 acrius
2967 2739 3084 2795 suis
3124 2737 3368 2808 ipsorum
3400 2733 3731 2790 testimoniis

2149 2838 2522 2894 obstrunntur
2588 2852 2602 2888 :
2659 2830 3121 2904 quemadmodum
3194 2838 3248 2884 ct
3336 2842 3462 2882 cum
3527 2823 3732 2878 Judzeis

2150 2937 2414 3001 perpetuo
2438 2943 2504 2983 ex
2554 2926 2845 2998 prophetis
2876 2924 3140 2995 disputat,
3174 2937 3284 2977 non
3307 2937 3374 2976 ex
3398 2918 3729 2989 Evangeliis.

2151 3020 2300 3076 Idem
2330 3027 2388 3074 ct
2438 3018 2581 3074 Deus
2646 3016 2803 3081 facit,
2846 3031 2942 3086 per
2973 3022 3235 3070 consueta
3273 3012 3374 3067 sibi
3432 3020 3486 3063 et
3525 3008 3731 3063 credita

2151 3111 2378 3184 quosvis
2400 3110 2720 3177 attraltens;
2759 3119 2818 3162 ttt
2841 3121 3027 3178 magos
3042 3122 3136 3175 per
3170 3105 3380 3160 stellam
3401 3104 3466 3165 ⁵³,
3512 3101 3730 3154 Saulem
3796 3174 3802 3180 _

1289 3224 1389 3294 οὐχ
1441 3224 1524 3279 ὅτι
1588 3216 1961 3297 ἀληθεύουσιν
1997 3232 2049 3283 oi

2155 3220 2253 3275 per
2287 3204 2548 3259 feminam
2583 3202 2650 3233 “’
2695 3202 2990 3273 pylhencm
3024 3201 3078 3253 in
3140 3212 3201 3253 se
3257 3197 3570 3254 habentem,
3603 3191 3731 3261 quia

2155 3296 2283 3351 huic
2330 3295 2548 3350 feminae
2568 3293 2659 3349 ille
2697 3292 2859 3346 ﬁdem
2891 3287 3186 3344 adhibebat
3217 3303 3232 3339 :
3260 3295 3316 3340 et
3333 3292 3484 3338 vates
3517 3280 3736 3335 abobus

2153 3404 2275 3459 qua:
2291 3402 2473 3442 arcam
2498 3385 2825 3440 trahebant:
2848 3398 2957 3437 non
2988 3380 3131 3449 quod
3164 3393 3351 3432 verum
3382 3377 3736 3445 loquerentur

2154 3488 2328 3546 vates,
2363 3481 2461 3536 sed
2490 3494 2588 3534 eos
2615 3492 2680 3533 ex
2724 3477 2971 3547 ipsorum
3018 3488 3112 3528 ore
3174 3470 3378 3541 arguit.
3427 3466 3727 3529 Praeterea,

2156 3573 2477 3629 Bilaamum
2536 3570 2870 3627 benedicere
2909 3578 2963 3622 ct
2995 3565 3324 3637 prophetare
3365 3560 3632 3632 permittit
3666 3557 3734 3611 ⁵³.

2157 3667 2460 3725 Consuevit
2529 3665 2676 3720 enim
2721 3677 2940 3732 semper
2996 3660 3062 3713 ad
3136 3666 3383 3712 nostram
3447 3653 3735 3706 utilitatem

2156 3760 2619 3818 condescendere.
2677 3755 2779 3821 Qui
2822 3755 2991 3825 igitur
3042 3751 3318 3813 Christus,
3368 3755 3426 3801 et
3489 3745 3581 3799 hic
3622 3744 3737 3810 ipse

2158 3853 2365 3911 Paulus
2390 3847 3049 3922 prohibebantdwmones
3077 3841 3252 3910 loqui,
3272 3854 3336 3893 ac
3361 3835 3737 3892 testimonimn

2158 3944 2327 4016 629
2358 3942 2465 3998 sibi
2499 3938 2721 3996 dicere?
2762 3935 2902 4003 Quia
2934 3935 3090 4003 signa
3127 3930 3261 3986 salis
3283 3935 3444 3983 erant
3498 3925 3566 3979 ad
3614 3939 3739 3993 per-

2161 4036 2526 4099 suadendum,
2575 4039 2631 4087 et
2656 4031 2776 4101 ipse
2826 4026 3080 4084 Christus
3107 4023 3350 4093 scipsum
3377 4017 3735 4090 praedicabat,

2160 4130 2325 4200 idque
2351 4127 2486 4182 satis
2518 4121 2848 4178 crat.Porro
2869 4118 3147 4174 daemnues
3172 4131 3280 4171 non
3322 4110 3693 4180 adorabantpr
3721 4127 3736 4174 ;

2163 4236 2269 4276 non
2285 4220 2429 4273 enim
2454 4216 2662 4272 idolum
2690 4220 2810 4270 erat
2841 4206 2986 4283 quod
3028 4208 3354 4280 loquebatur
3384 4223 3399 4262 :
3429 4204 3633 4259 ideirco
3661 4202 3741 4255 iu-

2159 4310 2254 4382 qni
2291 4308 2679 4380 prohibentur.

2233 4399 2400 4455 Vsus.
2468 4398 2555 4452 15.
2612 4395 2785 4461 Quam
2841 4392 2904 4447 ob
2949 4404 3167 4445 causam
3207 4387 3417 4454 increpa
3457 4399 3545 4437 eos
3588 4380 3738 4435 dure.

477 4491 643 4560 φηςι,
674 4486 763 4540 καὶ
787 4486 1021 4558 ψεῦσταί
1063 4486 1221 4553 εἰσιν,
1266 4487 1406 4559 ὅπερ
1434 4488 1550 4542 ἐστὶ
1591 4489 1921 4560 δολιότητος,
1961 4494 2059 4548 καὶ

2162 4493 2303 4559 Quia
2359 4490 2657 4553 mendaces
2711 4497 2866 4550 sunt,
2908 4482 3055 4552 quod
3113 4485 3197 4533 est
3231 4471 3639 4534 fraudulentia',
3687 4479 3742 4523 et

478 4579 849 4649 ἀναίσχυντοι,
884 4577 980 4629 καὶ
1017 4576 1444 4648 γαστρίμαργοι,
1489 4576 1720 4648 σφοδροῦ
1762 4572 1948 4642 αὐτοῖς
1980 4581 2062 4634 δεῖ

2166 4584 2512 4655 impudentes
2563 4590 2620 4636 et
2656 4572 3026 4648 gastrimargi,
3094 4584 3235 4635 opus
3286 4567 3487 4620 habent
3530 4561 3640 4616 acri
3687 4570 3741 4614 ct

478 4670 579 4726 καὶ
613 4668 911 4741 πληκτικοῦ
968 4667 1152 4738 λόγου,
1187 4670 1311 4723 ἐπεὶ
1350 4671 1384 4741 ἡ
1433 4670 1680 4741 πραότης
1708 4671 1930 4737 τούτους
1960 4674 2059 4727 οὐκ

476 4764 704 4834 ὠφελεῖ.
745 4763 833 4827 Ὠς
884 4761 991 4834 γὰρ
1040 4763 1070 4817 6
1118 4762 1208 4815 τὸν
1258 4762 1475 4834 ἐπιεικῆ
1511 4762 1784 4835 πλήττων,
1822 4766 2058 4836 ἀναιρεῖ,

2166 4683 2490 4749 penetrante
2541 4684 2838 4728 sermone:
2877 4680 3003 4721 nam
3051 4657 3413 4717 mansuetudo
3460 4655 3601 4725 apud
3647 4669 3742 4707 eus

2164 4748 2302 4825 nihil
2354 4766 2593 4838 proﬁcit.
2662 4758 3134 4830 Quemadmodum
3205 4754 3348 4809 enim
3412 4751 3504 4821 qui
3556 4748 3745 4802 mitem

477 4856 656 4920 οὕτως
689 4855 717 4908 6
748 4855 841 4908 τὸν
880 4852 1075 4924 ἀναιδῆ
1108 4853 1444 4920 κολακεύων,
1477 4854 1805 4925 διαφθείρει,
1850 4857 1925 4929 μὴ
1954 4857 2060 4914 ὲῶν

2165 4861 2350 4917 acrius
2378 4860 2561 4924 feriat,
2606 4857 2789 4928 perdit
2828 4867 2952 4909 eum
2983 4868 2997 4905 :
3032 4850 3112 4907 sic
3141 4848 3233 4919 qui
3287 4842 3588 4915 impudenti
3617 4839 3741 4893 adu-

479 4948 780 5017 ἐπιγνῶναι
812 4946 1028 5002 ἑαυτόν.
1087 4946 1352 5000 Ἐνταῦθα
1378 4946 1457 5010 δὲ,
1487 4947 1547 4999 οὒ
1572 4948 1696 5010 τοὺς
1723 4947 2058 5021 ἀλλοτρίους,

478 5042 672 5112 φησὶν,
705 5038 842 5093 ἀλλὰ
866 5038 1104 5103 οἰκείους
1140 5038 1221 5092 δεῖ
1240 5038 1509 5110 ἐλέγχειν.

554 5225 678 5279 Ἵνα
722 5224 1080 5296 ὑγιαίνωσιν
1108 5223 1178 5277 ἐν
1210 5223 1284 5292 τῇ
1331 5223 1554 5290 πίστει,
1601 5224 1687 5294 μὴ
1722 5224 2059 5295 προσέχον-

2166 4955 2311 5009 latnr
2383 4967 2511 5006 eum
2569 4946 2896 5017 corrumpit,
2957 4943 3202 5013 scipsum
3290 4949 3589 5008 agnoscere
3634 4946 3744 4986 non

2165 5046 2510 5119 permittens.
2538 5042 2637 5098 Hic
2665 5050 2843 5096 autem
2888 5053 2996 5094 non
3056 5036 3290 5102 alienos,
3341 5030 3436 5088 sed
3493 5024 3744 5100 proprios

2165 5136 2475 5210 arguendos
2512 5150 2638 5191 esse
2668 5134 2826 5189 dicit.

2243 5208 2310 5285 Ut
2334 5229 2453 5283 sani
2481 5228 2587 5283 sint
2618 5227 2669 5280 in
2702 5224 2829 5296 ﬁde,
2866 5240 2970 5278 non
3021 5218 3342 5276 attendentes
3378 5210 3622 5267 Iudaici;
3655 5208 3745 5279 [a-

476 5334 583 5383 τες
624 5314 982 5382 Ἰουδαϊκοῖς
1006 5316 1237 5386 μύθοις.
1284 5317 1429 5387 ’Δρα
1457 5315 1617 5370 τοῦτο
1660 5315 1839 5386 ὑγεία,
1867 5317 1928 5370 τὸ
1957 5335 2063 5388 μη-

2168 5321 2329 5375 bulis.
2369 5319 2591 5374 Sauitas
2621 5319 2790 5388 igitur
2816 5322 2920 5381 est,
2954 5313 3090 5369 nihil
3121 5307 3512 5368 adulterinum,
3568 5315 3748 5372 neque

474 5410 569 5467 δὲν
610 5408 761 5463 νόθον
793 5407 933 5480 μηδὲ
964 5407 1249 5479 ἀλλότριον
1279 5409 1600 5479 ἐπεισάγειν
1637 5410 1704 5480 τῇ
1741 5410 1953 5463 πίστει’
1985 5408 2063 5474 ὡς

473 5502 604 5571 τόγε
633 5500 826 5555 ἑαυτὸν
885 5499 1215 5555 ὑποϐάλλειν
1263 5500 1344 5571 τῷ
1394 5500 1565 5573 νόμῳ,
1616 5501 1679 5555 οὐ
1727 5501 2061 5573 θαῤῥοῦντός

548 5640 596 5673 ⁸³
609 5640 801 5698 Matth.
825 5656 891 5697 ιι.

999 5641 1067 5673 ⁶²⁶
1100 5641 1117 5695 l
1149 5639 1287 5711 Reg.
1312 5656 1470 5697 ινιιι.
1548 5642 1594 5675 ⁸³
1622 5642 1785 5698 Num.
1820 5658 1976 5709 xxrn,
2005 5643 2094 5699 24.

2168 5413 2406 5469 alienum
2440 5410 2565 5467 ﬁdei
2599 5406 3032 5479 superinducere
3060 5420 3075 5457 :
3112 5409 3170 5457 ut
3205 5400 3448 5470 scipsum
3471 5393 3747 5465 subjicere

2169 5505 2297 5577 legi,
2329 5520 2438 5561 non
2465 5511 2549 5560 est
2572 5503 2693 5573 ejus
2731 5500 2824 5573 qui
2858 5498 2981 5555 ﬁdei
3007 5493 3252 5562 conﬁdit,
3275 5506 3374 5547 ceu
3407 5486 3476 5544 ad
3513 5485 3743 5542 salutem

1826 5757 2029 5821 Varie)
2067 5757 2394 5821 lectiones.

552 5887 599 5923 ’⁸
619 5886 719 5959 ζῇς
739 5884 854 5957 γάρ
887 5882 977 5936 ἀεί
1005 5898 1058 5939 ο·
1135 5884 1183 5919 ⁷³
1214 5886 1648 5957 προσκυνοῦντες
1679 5904 1732 5943 o.
