4078 6428
420 331 541 420 ibi»

1248 332 1659 412 'Exrosrrto
1696 350 1776 410 1N
1814 347 2053 408 EPIST.
2093 350 2195 409 AD
2219 349 2485 411 TITUM.
2526 372 2589 383 —
2618 348 2777 409 CAP.
2814 347 2927 408 ιιι.

3606 348 3709 416 166

425 460 578 515 κακὰ
620 455 1163 531 παρεσκευασμένοι,
1215 448 1365 510 οὗτοι
1411 454 1703 509 ἀπειθοῦσι
1764 457 1886 517 ταῖς
1934 455 2029 524 ἁρ-

2150 465 2301 523 sunt,
2337 455 2412 508 illi
2445 454 2855 524 magistratibus
2891 452 3114 507 minime
3150 462 3360 524 parent.
3389 453 3483 509 Vel
3528 457 3708 526 parati

428 556 577 621 χαῖς.
623 552 697 604 Ἦ
748 550 844 602 καὶ
895 549 984 601 ὅτι
1039 549 1251 619 ἕτοιμοι
1301 548 1571 610 ἔστωσαν,
1636 546 1727 601 ἵνα
1767 546 1904 617 πρὸς
1953 546 2022 600 τὰ.

430 640 577 695 καλὰ
600 638 916 703 πείθωνται,
954 638 1037 710 μὴ
1068 638 1206 710 πρὸς
1243 637 1522 702 ἀσέϐειαν,
1551 636 1587 708 ἢ
1606 636 1743 690 ἄλλο
1769 654 1823 690 τι
1851 637 2021 707 ψυχο-

431 733 659 796 ϐλαὸἑς.

502 827 754 896 Μηδένα
775 824 1195 895 βλασφημεῖν,
1222 822 1492 893 ἀμάχους
1521 816 1696 885 εἶναι,
1720 819 2019 885 ἐπιεικεῖς.

434 922 561 973 Κᾶν
602 919 789 983 κακῶς
823 920 1043 990 πράττῃ
1081 935 1165 980 τις
1191 954 1207 980 ,
1250 915 1389 987 μηδὲ
1446 914 1637 967 τοῦτον
1681 912 2019 983 βλασφὴμει,

432 1011 712 1073 τουτέστι,
742 1009 818 1081 μὴ
846 1009 1100 1079 λοιδόρει.
1148 1006 1408 1077 Καθαρδν
1438 1005 1547 1075 γὰρ
1588 1000 1727 1058 εἶναι
1755 1003 1835 1056 δεῖ
1868 1000 2024 1072 ἡμῶν

432 1103 498 1156 τὸ
554 1101 734 1173 στόμα
788 1101 898 1155 ἀπὸ
945 1099 1237 1170 λοιδορίας.
1295 1097 1421 1151 Εἴτε
1467 1096 1577 1167 γὰρ
1621 1094 1830 1165 ἀληθής
1878 1095 2026 1147 ἐστιν

433 1194 606 1266 αὕτη,
634 1194 734 1264 οὐχ
766 1192 924 1264 ⁴ἡμῶν
944 1191 1004 1246 τὸ
1028 1191 1260 1262 κρίνειν,
1286 1188 1399 1242 εἴτε
1425 1188 1651 1258 ψευδής.
1686 1186 1830 1256 Ὅρα
1859 1185 2027 1248 πόσος

434 1290 464 1341 ό
494 1287 766 1345 κίνδυνος.
1307 1281 1311 1284 ’

508 1378 724 1434 Πᾶσαι·
747 1373 1250 1446 ἐνδεικνυμένους
1287 1375 1595 1444 πραότητα
1620 1371 1772 1440 πρὸς
1792 1370 2025 1437 πάντας

426 1470 813 1539 ἀνθρώπους.
858 1470 970 1522 Καὶ
1003 1467 1295 1531 Ἰουδαίους
1320 1466 1414 1519 καὶ
1444 1463 1742 1535 Ἕλληνας,
1785 1464 1879 1518 καὶ
1924 1480 2026 1535 μο-

434 1561 681 1633 χθηροὺς
706 1560 800 1613 καὶ
828 1556 1175 1621 ἄδικοῦντας.

504 1650 693 1724 τεμεν
727 1651 839 1723 γάρ
885 1667 1033 1705 ποτε
1078 1650 1180 1705 καὶ
1209 1648 1382 1720 ἡμεῖς
1432 1649 1675 1717 ἀνόητοι
1699 1688 1713 1712 ,
1743 1646 2023 1711 ἀπειθεῖς,

2126 547 2240 601 sint
2274 558 2334 602 ut
2361 546 2427 600 ad
2454 548 2594 601 bona
2636 545 2942 608 ﬂectantur,
2977 560 3086 599 non
3129 543 3194 598 ad
3229 546 3588 618 impietatem,
3611 555 3710 603 aut

2126 638 2356 707 aliquod
2381 638 2530 693 aliud
2563 637 2710 707 quod
2737 637 2936 699 animai
2970 645 3188 692 noceat.

2197 806 2361 863 Vens.
2388 808 2443 862 2.
2475 807 2752 862 Neminem
2772 809 3155 879 blasphemare,
3175 828 3278 865 non
3301 813 3555 883 litigiosus
3570 830 3703 879 esse,

2123 899 2214 953 sed
2265 898 2547 953 modestos.
2594 899 2817 955 Etiamsi
2865 903 2990 970 quis
3050 904 3191 957 male
3229 903 3412 968 faciat,
3456 922 3523 959 ne
3581 921 3705 960 eum

2126 989 2470 1057 blasphema,
2498 989 2551 1043 id
2573 997 2678 1053 est,
2704 1006 2812 1044 non
2847 992 3178 1046 conviciare.
3208 991 3434 1062 Oportet
3468 995 3613 1047 extim
3639 1009 3705 1049 os

2128 1064 2381 1134 nostrum
2435 1093 2580 1135 esse.
2616 1093 2812 1148 purum
2859 1094 2888 1133 a
2928 1082 3202 1138 convicio.
3267 1081 3402 1136 Nam
3454 1085 3569 1138 sive
3600 1085 3707 1140 hoc

2125 1185 2320 1225 verum
2345 1170 2438 1234 sit,
2472 1169 2589 1226 sive
2613 1168 2836 1234 falsum,
2872 1186 2979 1226 non
3010 1181 3095 1228 est
3138 1184 3390 1228 nostrum
3427 1174 3702 1243 judicare.

2124 1262 2262 1319 Vide
2291 1271 2555 1332 quantum
2580 1262 2758 1316 subsit
2789 1264 3039 1331 periculi.

2206 1356 2427 1413 Omnem
2490 1355 2822 1409 ostendentes
2877 1355 3337 1411 mansuetudinem
3398 1358 3467 1410 ad
3522 1372 3704 1413 omnes

2126 1447 2386 1502 homines.
2440 1445 2661 1502 Judzeus
2705 1453 2759 1501 et
2787 1445 3034 1513 Graecos,
3096 1448 3397 1503 sceleratos
3445 1457 3500 1502 et
3556 1448 3705 1520 inju-

2128 1543 2262 1596 rios.

2202 1632 2370 1687 Vens.
2397 1633 2452 1687 5.
2482 1630 2717 1686 Eramus
2744 1632 2886 1687 enim
2920 1630 3213 1700 aliquando
3253 1639 3303 1684 et
3329 1647 3423 1685 nos
3449 1631 3705 1700 insipien-

436 1723 840 1812 πλανώμενοι,
871 1740 1269 1806 δουλεύοντες
1292 1738 1633 1808 ἐπιθυμίαις
1658 1736 1756 1791 καὶ
1781 1734 2029 1805 ἡδοναῖς

2132 1733 2227 1789 tes,
2256 1723 2633 1790 inobedientes,
2665 1734 2925 1789 errantes,
2953 1724 3233 1779 servientes
3255 1723 3527 1778 desideriis
3549 1733 3599 1778 et
3619 1739 3709 1778 vo-

430 1804 765 1901 ποικίλαις.
824 1804 913 1889 Ἕν
939 1833 1041 1904 μὲν
1067 1835 1136 1903 τῇ
1173 1804 1311 1901 πρὸς
1346 1804 1669 1902 Κορινθίους
1694 1827 1742 1860 δι
1777 1804 1887 1882 ἀπὸ
1912 1826 2023 1882 τῶν

2128 1816 2422 1886 luptatibus
2447 1815 2634 1869 variis.
2674 1813 2735 1870 In
2778 1813 3022 1885 Epistola
3052 1814 3271 1885 quidem
3296 1815 3364 1870 ad
3390 1816 3708 1872 Corinthios

443 1928 753 1998 μελλόντων
782 1927 959 1997 φοϐεῖ,
1004 1925 1144 1979 ὥστε
1195 1924 1270 1997 μὴ
1300 1924 1532 1996 κρίνειν,
1563 1923 1738 1992 λέγων
1763 1938 1777 1953 ο
1841 1921 1903 1974 '0
1929 1918 2026 1991 δο-

436 2018 567 2071 κῶν
624 2016 896 2082 ἑστάναι,
955 2017 1238 2081 βλεπέτω
1283 2015 1371 2085 μὴ
1428 2014 1632 2083 πέσῃο
1686 2012 1924 2067 ἐνταῦθα
1967 2011 2025 2065 δὲ

438 2112 552 2165 ἀπὸ
579 2111 691 2165 τῶν
716 2109 1101 2181 παρελθόντων
1125 2108 1605 2180 σωφρονεστέρους
1635 2108 1801 2170 ποιεῖ,
1825 2105 2021 2174 λέγων’

437 2204 535 2273 Mr;
578 2199 910 2271 λοιδορῶμεν
958 2198 1192 2266 ἄλλους,
1244 2198 1435 2269 ἐπειδὴ
1490 2199 1584 2253 καὶ
1645 2197 1801 2251 αὐτοὶ
1857 2195 2026 2267 χείρω

436 2293 766 2363 ἡμάρτομεν
793 2273 985 2346 πάλαι.
1024 2292 1092 2344 Ὀ
1132 2292 1230 2345 καὶ
1259 2292 1289 2344 ό
1314 2289 1519 2362 λῃστὴς
1548 2289 1686 2361 πρὸς
1711 2287 1805 2342 τὸν
1836 2288 2025 2357 ἓτερον

436 2384 645 2458 λῃστὴν
690 2383 878 2451 ἔλεγεν
899 2399 912 2410 ·
957 2382 1090 2436 ὀτι
1118 2381 1190 2435 ἐν
1221 2378 1302 2446 τῷ
1331 2379 1497 2446 αὐτῷ
1542 2379 1781 2450 κρίματι
1810 2377 2020 2447 ἐσμεν.

437 2478 579 2531 Πότε
607 2476 666 2530 δὲ
697 2476 915 2546 ἀνόητοι
941 2470 1120 2546 ἦμεν;
1155 2473 1267 2546 Πρὸ
1302 2471 1564 2545 Χριστοῦ.
1601 2472 1727 2535 Πῶς
1765 2470 1877 2543 γὰρ
1922 2469 2024 2524 οὐκ

438 2566 698 2638 ἁνοησία,
727 2567 787 2620 τὺ
806 2568 919 2629 τοῖς
950 2564 1217 2630 τοιούτοις
1268 2558 1748 2637 θεοῖς’)ατρεύεινς
1785 2561 2018 2632 Ἄνθρω-

440 2658 719 2725 ποθυτεῖν,
757 2657 877 2720 πῶς
902 2657 965 2710 οὐ
997 2656 1173 2728 πλάνη
1218 2657 1488 2728 μεγίστης
1533 2655 1671 2712 ἀλλὰ
1695 2646 1792 2707 καὶ
1831 2651 2024 2717 ἐπιου-

442 2752 600 2821 pias;
650 2749 933 2811 ποικίλαις
962 2747 1012 2781 ⁸⁸
1059 2749 1152 2803 καὶ
1204 2748 1423 2819 ἡδοναῖς
1471 2745 1847 2816 ὲδουλεύομεν.
1907 2744 2024 2796 Ἐν-

440 2839 619 2893 ταῦθα
647 2840 1081 2912 ἀρρενογαμίας,
1125 2839 1219 2895 καὶ
1261 2836 1672 2910 μητρογαμίας,
1716 2836 1811 2889 καὶ
1863 2833 2023 2888 ἀδελ-

440 2934 727 3003 φογαμίας
753 2931 885 2998 νόει,
916 2934 1013 2985 καὶ
1039 2932 1137 2996 τὰς
1165 2930 1335 2996 ἄλλας
1363 2930 1704 3004 ἀκαθαρσίας
1725 2944 1741 2960 ο
1766 2929 2026 2992 ποικίλως

441 3022 555 3094 γὰρ
591 3021 874 3087 ἐνέπαιξεν
912 3023 942 3076 ό
966 3020 1214 3087 διὰόολος
1236 3023 1389 3094 ἡμῖν.

2125 1923 2156 1962 a
2185 1909 2386 1963 l'uturis
2408 1915 2601 1974 terret,
2634 1916 2694 1962 ut
2726 1921 2834 1961 non
2859 1906 3135 1978 judicent,
3159 1908 3413 1978 inquiens
3451 1927 3464 1963 :
3502 1909 3608 1975 Qui
3652 1925 3709 1963 se

2126 1999 2401 2054 existimat
2452 2008 2618 2064 stare,
2670 1998 2844 2053 videat
2890 2014 2952 2053 ne
3000 1998 3158 2052 cadat
3195 1999 3240 2031 "
3311 2012 3355 2053 τ’
3384 1999 3474 2054 Ιιίο
3514 2014 3646 2054 vero
3675 2014 3705 2052 a

2126 2090 2422 2162 praeteritis
2464 2091 2922 2161 temperantiores
2958 2090 3156 2152 reddit,
3192 2090 3380 2145 dicens
3419 2108 3432 2144 :
3463 2088 3542 2146 Ne
3572 2105 3707 2146 con-

2126 2184 2394 2238 viciemur
2420 2182 2565 2248 aliis,
2612 2180 3061 2252 quandoquidem
3098 2190 3153 2237 et
3179 2182 3285 2252 ipsi
3314 2197 3414 2237 nos
3445 2183 3573 2236 olim
3611 2196 3707 2250 pe-

2121 2272 2213 2345 jus
2242 2271 2656 2344 peccaverimus
2690 2272 2878 2342 :quod
2903 2278 2958 2327 et.
2985 2271 3126 2326 latro
3173 2273 3239 2325 ad
3272 2271 3504 2325 alterum
3530 2273 3706 2326 latro-

2126 2379 2252 2419 nem
2329 2363 2548 2419 dicebat
2575 2377 2590 2422 :
2622 2363 2887 2429 Quoniam
2934 2364 2990 2417 in
3047 2366 3226 2417 cadent
3272 2363 3709 2419 condemnatione

2126 2473 2310 2511 sumus
2337 2457 2406 2510 ⁷⁸.
2431 2455 2662 2523 Quando
2682 2466 2864 2510 autem
2890 2456 3215 2527 insipientes
3254 2471 3476 2513 eramus
3500 2458 3525 2510 ?
3565 2460 3708 2512 Ante

2126 2546 2409 2603 Christum
2444 2555 2653 2601 natum.
2687 2546 2976 2613 Quomodo
2999 2547 3144 2601 enim
3174 2561 3283 2601 non
3325 2548 3560 2603 stultitia
3591 2556 3708 2602 erat

2129 2639 2443 2710 huiusmodi
2467 2638 2630 2710 635
2655 2638 2762 2694 diis
2798 2628 3002 2693 servire
3026 2639 3050 2691 ?
3081 2637 3270 2693 Nonne
3294 2640 3567 2695 maximus
3590 2647 3708 2695 erat

2128 2744 2287 2785 error
2343 2730 2597 2785 homines
2637 2729 2990 2784 sacriﬁcare?
3028 2728 3340 2794 Quinetiam
3386 2730 3708 2800 cupiditati-

2127 2821 2230 2877 bus
2263 2830 2317 2876 et
2344 2821 2515 2876 variis
2583 2822 2965 2891 voluptatibus
3015 2821 3410 2877 serviebamus.
3450 2820 3552 2877 Hic
3593 2836 3709 2877 ma-

2128 2913 2313 2970 sculas
2336 2913 2576 2982 nuptias,
2607 2920 2661 2968 et
2692 2929 2816 2969 cum
2843 2921 3015 2968 matre
3039 2924 3092 2968 et
3121 2929 3245 2969 cum
3273 2928 3466 2968 sorore
3493 2928 3709 2969 connu-

2129 3008 2219 3063 bia
2252 3014 2561 3078 perpetrata
2588 3005 2849 3075 intelligo,
2873 3006 3118 3077 aliasque
3147 3005 3495 3077 impuritates
3517 3023 3532 3063 :
3555 3007 3710 3063 varie

2128 3114 2364 3170 namque
2395 3097 2554 3154 nobis
2586 3097 2757 3153 illusit
2785 3097 3059 3152 diabolus.

527 3193 636 3248 Ἐν
693 3194 874 3261 κακίᾳ
940 3193 1040 3247 καί
1104 3195 1305 3264 φθόνῳ
1356 3192 1665 3264 διάγοντες
1710 3193 2022 3263 στυγητοί,

2199 3164 2598 3244 Ιη-ηιαίὶιὶα-ει
2636 3188 2842 3241 invidia
2904 3198 3133 3258 agentes,
3185 3187 3427 3250 odibiles.
3479 3188 3711 3244 odientes

438 3283 771 3356 μισοῦντες
787 3284 836 3316 ⁵⁸
861 3283 1201 3353 ἀλλήλους.
1239 3283 1339 3338 Ἐν
1359 3289 1537 3350 κακίᾳ
1556 3285 1652 3338 καὶ
1677 3285 1879 3353 φθόνῳ
1897 3283 2025 3338 διά-

439 3393 679 3449 γοντες,
705 3376 977 3442 τουτέστι,
1025 3377 1364 3448 μνησικακίᾳ
1396 3377 1491 3430 καὶ
1522 3374 1700 3447 φθόνῳ
1725 3376 2028 3448 διατρίϐον-

439 3486 535 3533 τες
567 3468 677 3534 ἀεὶ,
711 3468 809 3523 καὶ
836 3462 948 3522 οἷον
978 3466 1092 3537 βίον
1119 3468 1294 3523 ταῦτα
1317 3466 1541 3538 ἔχοντες
1560 3483 1574 3497 °
1608 3468 1732 3521 ὅθεν
1766 3471 1860 3522 καὶ
1885 3467 2026 3532 ἄξιοι

445 3562 641 3630 μίσους
686 3556 851 3632 ἦμεν,
876 3559 951 3624 ώε,
973 3559 1235 3629 ἀλλήλους
1273 3558 1581 3629 μισοῦντες.
1608 3559 1848 3625 Εἰκότως
1876 3578 1891 3592 υ
1917 3561 2027 3614 ἀπὸ

436 3653 541 3707 τοῦ
579 3652 779 3723 φθόνου
809 3652 921 3724 γὰρ
949 3650 1047 3705 καὶ
1070 3650 1132 3705 τὸ
1161 3653 1340 3722 μῖσος.

516 3825 661 3876 Ὅτε
688 3821 755 3875 δὲ
782 3822 822 3889 ἡ
850 3821 1196 3891 χρηστότης
1251 3822 1351 3875 καί
1377 3821 1416 3888 ἠ
1464 3823 1878 3891 φιλανθρωπία
1924 3823 2029 3876 ἐπ-

445 3917 639 3986 έρανε
685 3912 790 3968 τοῦ
820 3911 1099 3982 Σωτῆρος
1132 3912 1302 3982 ἡμῶν
1355 3913 1524 3968 Θεοῦ.
1580 3913 1709 3967 Ὅτε
1736 3913 2026 3985 ὲσαρκώθη

438 4007 649 4080 δηλαδὴ
677 4009 705 4060 ό
725 4005 1059 4075 Μονογενὴς,
1090 4005 1187 4058 καὶ
1212 4006 1347 4077 ἡμῖν
1376 4003 1660 4075 ὡμοιώθη.
1714 4028 1725 4037 -

518 4183 646 4236 Οὐκ
663 4179 731 4244 ἐξ
760 4178 950 4248 ἔργων
972 4174 1092 4231 τῶν
1121 4175 1192 4230 ἐν
1209 4174 1594 4245 δικαιοσύνῃ,
1624 4170 1712 4229 ὧν
1734 4173 2024 4243 ἐποιήσα-

435 4290 561 4344 μεν
593 4270 788 4341 ἡμεῖς,
826 4268 988 4323 ἀλλὰ
1010 4267 1161 4322 κατὰ
1207 4267 1314 4322 τὸν
1367 4267 1555 4322 αὑτοῦ
1588 4266 1766 4322 ἔλεον
1788 4269 2028 4323 ἔσωσεν

440 4360 627 4431 ἡμᾶς.
650 4360 891 4414 Ἔσωσεν
922 4361 1092 4429 ἡμᾶς,
1122 4358 1224 4412 οὐκ
1253 4357 1317 4423 ἐξ
1340 4356 1518 4429 ἔργων
1543 4350 1618 4413 ὧν
1651 4360 1987 4428 ἐποιήσαμεν
2008 4377 2021 4390 ·

444 4454 573 4508 ἀντὶ
594 4451 710 4518 τοῦ,
736 4449 859 4505 οὔτε
883 4450 1223 4519 ἐποιήσαμεν
1252 4447 1392 4521 ἔργα
1418 4448 1769 4520 δικαιοσύνης
1785 4449 1854 4514 ⁸⁷,
1889 4449 2014 4503 οὔτε

441 4507 735 4609 ἐσώθηρν
759 4540 824 4592 ὲκ
849 4507 1229 4605 τούτων,έλλὰ
1259 4507 1458 4592 ἰδ-πᾶν
1484 4539 1517 4610 ἠ
1552 4507 2020 4610 ἀγαθότ-ηςοὺτοῦ
2055 4507 2098 4563 D

442 4632 696 4703 ἐποίησε.

513 4723 623 4778 Διὰ
647 4722 912 4790 λουτροῦ
942 4722 1414 4793 παλιγγενεσίας
1439 4723 1542 4778 καὶ
1566 4724 2024 4794 ἀνακαινώσεως

440 4815 792 4883 Πνεύματος
812 4813 1007 4881 ἁγίου,
1040 4809 1112 4871 οὗ
1135 4815 1381 4883 ἐξέχεεν
1405 4815 1499 4884 ἐφ’
1528 4815 1687 4885 ημᾶς
1715 4820 2025 4886 πλουσίως

440 4907 547 4962 διὰ
597 4907 802 4974 Ἰησοῦ
824 4907 1085 4977 Χριστοῦ
1117 4907 1225 4962 τοῦ
1253 4906 1527 4977 Σωτῆρος
1578 4910 1767 4979 ἡμῶν.
1822 4910 2021 4983 Βιὸαὶ,

440 5002 526 5052 ὅτι
557 4998 726 5062 οὕτως
746 4994 891 5069 ἦμεν
918 5000 977 5051 ὲν
1002 5001 1068 5068 τῇ
1094 4998 1261 5069 κακίᾳ
1287 4998 1713 5070 βεϐαπτισμένοι
1734 5045 1749 5069 ,
1785 5003 1859 5067 ὡς
1890 5004 2026 5076 μηδὲ

436 5091 703 5145 δύνασθαι
731 5090 1097 5162 καθαρθῆναι,
1126 5091 1242 5144 ἀλλ’
1291 5093 1703 5164 ἁναγεννὴσεως
1741 5094 2023 5167 δεηθῆναι.

438 5182 618 5237 Τοῦτο
642 5183 754 5253 γὰρ
782 5186 815 5254 ἡ
852 5182 1251 5251 παλιγγενεσία
1311 5184 1410 5238 καὶ
1438 5184 1805 5251 ἀνακαίνισις,
1837 5188 1871 5257 ή
1905 5189 2026 5243 δευ-

434 5278 578 5349 τέρα
630 5276 909 5347 γέννησις,
964 5276 1059 5330 καὶ
1113 5275 1209 5329 νέα
1238 5276 1457 5339 πλάσις.
1483 5278 1695 5350 Ὥσπερ
1716 5279 1827 5350 γὰρ
1843 5281 2023 5338 οίκίαν

507 5435 605 5490 “l
638 5434 774 5493 Cor.
811 5452 871 5504 ι,
908 5435 996 5492 12.
1111 5437 1157 5469 ⁷ο
1188 5436 1324 5495 Luc.
1356 5455 1513 5507 mn,
1555 5440 1644 5497 40.

2129 3284 2372 3339 invicem.
2409 3280 2474 3336 In
2506 3279 2718 3337 malitia
2752 3287 2802 3333 et
2851 3279 3053 3333 inuidia
3088 3289 3319 3349 agentes,
3371 3279 3474 3335 hoc
3506 3289 3610 3347 est,
3646 3281 3705 3336 in

2128 3371 2387 3429 vindicta:
2421 3372 2720 3443 cupiditate
2759 3380 2813 3428 et
2838 3369 3069 3427 invidia
3105 3379 3507 3434 Commorantes
3561 3385 3710 3426 sem-

2130 3481 2248 3537 per,
2273 3481 2338 3521 ac
2364 3466 2532 3520 veluti
2566 3468 2731 3519 vitam
2786 3466 2841 3520 in
2871 3466 2938 3521 iis
2978 3464 3266 3531 habentes,
3304 3462 3449 3522 :tude
3481 3469 3534 3516 et
3582 3462 3712 3516 odio

2128 3553 2278 3624 digni
2304 3568 2545 3618 eramus,
2583 3555 2843 3624 quoniam
2871 3570 2972 3610 nos
2999 3554 3231 3609 invicem
3258 3555 3386 3610 odio
3408 3566 3706 3625 proseque-

2129 3643 2345 3699 bamur.
2367 3644 2537 3716 quue
2564 3660 2673 3701 non
2701 3647 2974 3703 immerito
3000 3664 3015 3700 :
3042 3661 3166 3701 nam
3195 3662 3259 3702 ex
3290 3648 3493 3704 invidia
3520 3648 3704 3720 odium

2128 3734 2393 3810 nascitur.

2202 3822 2367 3879 Vens.
2397 3825 2447 3879 4.
2495 3822 2626 3878 Cum
2655 3836 2830 3879 autem
2862 3827 3159 3897 benignitas
3192 3837 3242 3883 et
3271 3830 3580 3882 humanitas
3612 3844 3709 3897 ap-

2127 3915 2307 3981 paruit
2368 3913 2663 3970 Servatoris
2739 3922 2909 3972 nostri
2972 3920 3092 3974 Dei.
3159 3920 3390 3988 Quando
3446 3921 3705 3995 incarna-

2129 4014 2217 4060 tus
2267 4014 2355 4059 est
2418 4006 2668 4063 videlicet
2746 4009 3092 4081 Unigcnitus,
3157 4013 3429 4084 nobisque
3482 4014 3705 4068 assimi-

2128 4097 2293 4152 latus.

2209 4191 2369 4248 Vens.
2397 4194 2450 4248 5.
2492 4192 2614 4247 Non
2647 4210 2713 4248 ea:
2743 4197 2986 4266 operibus
3033 4198 3286 4265 justitiw,
3335 4215 3452 4269 qua:
3485 4199 3704 4268 fecimus

2130 4298 2248 4348 nos,
2295 4282 2387 4338 sed
2418 4285 2705 4338 secundum
2758 4302 2912 4341 suam
2946 4287 3365 4342 misericordiam
3402 4289 3576 4343 salvos
3602 4296 3703 4343 nos

2130 4374 2274 4442 fecit.
2310 4374 2503 4429 Salvos
2546 4390 2649 4429 nos
2680 4373 2831 4440 fecit,
2864 4391 2975 4429 non
3003 4390 3067 4431 es
3104 4377 3361 4446 operibus
3395 4391 3518 4447 quae
3567 4376 3704 4432 feci-

2128 4480 2253 4521 mus
2282 4480 2297 4518 :
2330 4465 2436 4520 hoc
2458 4474 2566 4530 est,
2593 4482 2771 4536 neque
2800 4464 3032 4521 fecimus
3056 4481 3222 4537 Opera
3242 4467 3494 4536 justitize,
3526 4483 3705 4539 neque

2130 4572 2227 4626 per
2261 4557 2378 4612 haec
2398 4558 2706 4611 conservati
2730 4571 2944 4622 sumus,
2971 4556 3067 4613 sed
3090 4556 3308 4612 bonitas
3331 4557 3505 4628 ipsius
3529 4569 3700 4614 totum

2134 4658 2357 4717 operata
2388 4658 2491 4703 est.

2199 4734 2307 4790 Per
2338 4736 2610 4791 lavacrum
2657 4737 3067 4806 regenerationis
3109 4746 3159 4791 et
3193 4737 3546 4792 renovationis
3576 4735 3704 4802 Spi-

2133 4828 2270 4882 ritus
2294 4830 2490 4895 sancti,
2515 4828 2567 4882 6.
2613 4829 2778 4893 Quem
2819 4828 3008 4896 e/fudit
3041 4829 3096 4883 in
3132 4846 3225 4883 nos
3250 4828 3457 4884 abunde
3484 4844 3576 4897 per
3605 4829 3701 4884 Je-

2131 4938 2248 4976 sum
2278 4920 2549 4975 Christum
2583 4920 2915 4981 Servatorem
2945 4936 3204 4975 nostrum.
3238 4922 3283 4977 0
3314 4938 3428 4977 rem
3471 4921 3700 4976 mirabi-

2131 5011 2235 5067 lem
2267 5013 2281 5065 !
2321 5011 2468 5066 Adeo
2494 5011 2645 5065 vitiis
2686 5027 2906 5069 eramus
2960 5012 3228 5075 immersi,
3289 5020 3346 5065 ut
3385 5026 3453 5065 ne
3480 5012 3700 5080 purgari

2135 5104 2357 5173 quidem
2417 5119 2729 5175 possemus.
2766 5104 2862 5160 sed
2922 5120 3061 5173 opus
3122 5102 3222 5158 fuit
3265 5104 3697 5172 regeneratione.

2130 5194 2264 5248 Nam
2292 5196 2636 5266 regeneratio
2671 5206 2725 5248 et
2754 5195 3042 5250 renovatio
3096 5194 3392 5251 secundam
3443 5192 3711 5265 nativita-j

2130 5295 2240 5343 tem
2312 5302 2620 5358 novamque
2656 5286 3038 5342 formationem
3069 5284 3401 5356 signiﬁcant.
3456 5281 3525 5339 Ut
3552 5282 3698 5340 enim

1793 5605 1993 5667 Variae
2028 5606 2361 5672 lectiones.

507 5760 556 5795 ⁸⁵
585 5758 841 5823 Γαλάτας
868 5773 920 5815 ο.

1026 5759 1072 5793 ⁸⁸
1105 5763 1370 5832 μεγάλαις
1409 5779 1465 5822 0.
1540 5765 1586 5801 “
1623 5773 1842 5842 μισητοὶ
1873 5773 2196 5843 στυγοῦντες
2219 5792 2274 5832 o.
2347 5777 2389 5809 “’
2418 5776 2553 5849 ἔργα
2580 5775 2705 5842 ἄξια
2735 5775 3072 5843 δικαιώσεως
3098 5792 3173 5834 m-
