4080 6416
519 434 623 516 iis

1440 440 2025 509 THEOPHYLACTI
2057 438 2469 501 BULGARLE
2509 435 2869 497 ARCHIEP.

3675 419 3779 483 180

520 576 662 630 nere,
688 574 744 618 ut
772 580 865 627 pro
897 570 945 618 te
973 563 1102 617 mihi
1142 563 1471 618 ministraret
1503 561 1558 614 in
1598 556 1819 615 vinculis
1863 554 2093 621 Evange-

2212 552 2299 603 ἵνα
2349 549 2499 617 ὑπὲρ
2551 546 2668 601 σοῦ
2702 563 2803 615 μοι
2833 540 3085 609 διακονῇ
3117 540 3187 593 ἐν
3213 537 3340 604 τοῖς
3386 532 3635 605 δεσμοῖς
3674 533 3786 588 τοῦ

519 648 601 712 lii.
633 657 1020 712 Animadverte
1057 656 1405 726 sapientiam,
1445 651 1720 723 quomodo
1753 650 1807 704 in
1855 649 1971 703 heri
2006 647 2084 700 lo-

518 752 642 802 cum
689 743 1084 818 propemodum
1123 746 1303 816 ipsum
1361 743 1650 799 conatituit
1678 757 1691 793 :
1721 755 1871 802 nam,
1906 747 1963 790 ut
1995 751 2091 805 pro

518 837 587 903 te,
622 839 821 909 inquit,
850 839 981 892 mihi
1016 837 1369 890 ministraret.
1401 832 1652 890 Ostendit
1676 832 1856 887 autem
1894 839 1953 883 Se
1996 829 2095 881 do-

520 929 653 983 mini
688 929 976 984 utilitatem
1011 928 1168 983 velle.
1209 926 1262 981 Si
1295 926 1441 980 enim
1472 933 1564 978 tua
1613 923 1844 978 interest
1872 929 1930 974 ut
1961 918 2094 971 mihi

519 1022 770 1087 servias,
804 1023 921 1092 ipse
952 1029 1132 1076 autem
1174 1019 1252 1073 tui
1305 1018 1430 1073 loco
1473 1016 1621 1072 istud
1661 1014 1851 1080 iaciat,
1882 1012 2094 1067 lucrum

518 1122 666 1168 certe
695 1111 821 1168 inde
848 1113 943 1167 tibi
975 1098 1208 1169 accedit.

588 1202 754 1276 644
780 1204 950 1258 Vens.
995 1203 1078 1259 M.
1117 1202 1245 1259 Sine
1267 1202 1493 1259 consilio
1520 1211 1698 1256 autem
1729 1206 1817 1254 tuo
1845 1198 1979 1252 nihil
2010 1214 2100 1252 vo-

519 1286 598 1350 lui
645 1295 838 1365 facere.
897 1294 1002 1350 Per
1053 1297 1158 1351 hoc
1206 1296 1373 1351 etiam
1433 1293 1669 1350 maxime
1723 1286 2099 1345 Philemonem

517 1386 743 1443 emollit.
787 1382 892 1443 Res
943 1388 1090 1444 enim
1143 1387 1265 1444 erat
1313 1386 1608 1442 admodum
1642 1384 2002 1440 necessaria:
2046 1383 2101 1436 in

519 1477 757 1535 vinculis
785 1479 957 1544 enim,
997 1478 1175 1548 iisque
1207 1484 1431 1548 prepter
1462 1476 1658 1542 Deum,
1686 1475 1786 1544 ipsi
1817 1475 2102 1530 ministra-

519 1564 677 1625 turus
708 1579 847 1634 erat,
881 1578 1124 1625 attamen
1168 1579 1366 1640 praeter
1403 1569 1523 1640 ejus
1554 1569 1886 1625 sententiam
1919 1565 2104 1622 facere

520 1663 720 1718 noluit.
764 1662 1036 1727 Quocirca
1063 1661 1338 1732 quomodo
1368 1661 1417 1717 ei
1448 1677 1556 1716 non
1591 1668 1674 1717 est
1703 1659 1958 1715 donanda
1990 1660 2106 1714 haec

519 1756 718 1825 gratia,
747 1755 843 1825 qui
877 1770 1001 1810 cum
1037 1762 1222 1824 posset
1252 1753 1336 1810 vel
1362 1752 1483 1809 sine
1513 1752 1632 1824 ipso
1661 1766 1781 1808 eam
1810 1749 1912 1819 sibi
1947 1756 2108 1803 usur'

522 1860 674 1915 pare,
707 1845 944 1899 noluerit
972 1845 1191 1900 tamen?

556 1968 559 1971 ν
593 1933 686 1990 Uti
709 1954 772 1990 ne
798 1936 934 1990 velut
967 1952 1031 1989 ex
1053 1938 1361 1991 necessitate
1384 1935 1575 1990 bonum
1608 1943 1757 1988 tuum
1796 1936 1955 1995 esset,
2007 1930 2099 1985 sed

520 2028 899 2083 voluntarium.
937 2028 1054 2085 Non
1092 2029 1229 2084 dixit
1260 2048 1273 2084 :
1302 2027 1379 2083 Ex
1417 2028 1768 2093 necessitate,
1796 2026 1913 2089 sed,
1952 2022 2104 2078 Velut

519 2138 583 2179 ea:
611 2133 961 2191 necessitate;
1025 2122 1249 2195 perinde
1292 2124 1450 2194 quasi
1503 2120 1608 2178 hoc
1642 2122 1829 2177 dicat:
1874 2118 2101 2173 Etiamsi

522 2226 718 2287 prater
739 2218 907 2272 animi
940 2217 1020 2272 tui
1051 2218 1380 2272 sententiam
1413 2216 1546 2272 eum
1575 2213 1948 2276 retinuissem,
1974 2223 2105 2267 vere

521 2310 742 2381 quidem
795 2318 847 2366 te
901 2325 1007 2365 non
1061 2309 1505 2365 contristassem.
1561 2304 1867 2360 Videbatur
1918 2312 2100 2357 tamen

524 2404 801 2475 plerisque
839 2401 987 2475 quod
1038 2418 1105 2457 ex
1160 2401 1486 2457 necessitate
1533 2406 1588 2455 et
1624 2398 1675 2453 te
1728 2397 1905 2451 invito
1956 2395 2102 2449 istud

522 2499 886 2568 contingeret.
919 2494 1076 2552 Nunc
1108 2495 1291 2565 itaque
1316 2491 1483 2549 malui
1513 2501 1563 2546 ut
1592 2491 1740 2546 nulla
1776 2490 1986 2544 ratione
2017 2487 2103 2541 in-

524 2589 893 2644 voluntarium
920 2588 1195 2659 aliquibus
1224 2585 1523 2650 videretur,
1551 2582 1646 2640 sed
1685 2582 1912 2637 indubio
1940 2595 2105 2650 spon-

523 2682 764 2736 laneum.

592 2769 761 2837 Vens.
800 2772 889 2826 i5.
921 2769 1177 2825 Forsitan
1205 2770 1340 2824 enim
1373 2765 1490 2824 ideo
1521 2765 1763 2821 discessit
1799 2760 1871 2817 ad
1895 2762 2102 2817 horum.

523 2860 567 2915 0
602 2860 926 2931 sapientiam
958 2859 1145 2915 Pauli!
1178 2859 1313 2914 Cum
1349 2858 1491 2914 enim
1521 2856 1818 2914 Onesimus
1856 2871 1921 2910 ex
1956 2854 2104 2909 frau-

525 2949 749 3005 dulenta
775 2956 956 3006 mente
987 2948 1239 3019 fugisset,
1270 2947 1484 3003 invertit
1516 2948 1627 3017 jam
1661 2945 1865 3001 Paulus
1892 2946 2102 3017 iugam,

525 3042 686 3113 quasi
734 3050 957 3112 propter
1017 3042 1283 3109 majorem
1337 3041 1628 3096 utilitatem
1683 3039 1825 3096 facta
1882 3041 2100 3097 luisset.

530 3121 738 3191 Forsan
769 3132 940 3198 enim,
987 3122 1187 3204 inquit,
1221 3146 1287 3189 ex
1321 3133 1505 3189 divina
1551 3132 1896 3204 providentia
1947 3126 2101 3203 fugit.

2198 635 2590 714 Εὐαγγελίου.
2648 641 2792 711 Ὅρα
2832 637 3047 705 σοφίαν,
3084 635 3204 699 ⁸πῶς
3251 633 3397 687 κατὰ
3451 630 3649 701 μικρὸν
3702 631 3786 691 εἰς

2196 736 2287 789 τὸν
2318 734 2481 787 τόπον
2530 730 2626 785 τοῦ
2652 729 2917 785 δεσπότου
2934 729 2980 761 ⁹⁹
3027 724 3191 779 αὐτὸν
3243 717 3788 799 κατέστησινσξἽνα

2197 824 2328 895 γὰρ,
2363 824 2549 892 φησὶν,
2570 819 2721 889 ὑπὲρ
2747 818 2865 875 σοῦ
2882 835 2983 887 μοι
3009 812 3281 882 διακονῇ.
3324 813 3578 865 Δείκνυσι
3609 809 3665 862 δὲ
3687 808 3786 862 καὶ

2198 918 2281 973 ὅτι
2312 917 2373 969 τὸ
2407 914 2504 968 τοῦ
2532 913 2795 967 δεσπότου
2831 908 3109 981 συμφέρον
3150 905 3427 978 βούλεται.
3465 902 3530 956 Ei
3557 901 3666 970 γὰρ
3691 902 3784 965 σὺ,

2201 1009 2356 1080 φησὶ,
2389 1006 2686 1079 χρεωστεῖς
2728 1004 2788 1057 τδ
2812 1002 3081 1056 διακονεῖν
3110 1016 3219 1070 μοι,
3252 990 3410 1060 οὗτος
3441 995 3496 1049 δὲ
3524 994 3644 1048 ἀντὶ
3685 992 3785 1046 σοῦ

2200 1101 2359 1155 τοῦτο
2390 1100 2553 1160 ποιεῖ,
2592 1098 2656 1151 σὺ
2691 1082 3012 1168 κερδαίνεις.

2271 1192 2462 1259 Χωρὶς
2513 1189 2582 1244 δὲ
2650 1187 2762 1257 τῆς
2821 1184 2943 1255 σῆς
3003 1185 3240 1254 γνώμης
3292 1181 3477 1237 οὐδὲν
3507 1174 3789 1250 ἠθέλησά

2202 1283 2474 1353 ποιῆσαι.
2506 1281 2616 1335 Καὶ
2657 1279 2747 1334 διὰ
2771 1277 2959 1332 τούτου
2996 1275 3231 1346 μάλιστα
3259 1273 3788 1345 καταμαλάσσειτδν

2203 1377 2502 1445 Φιλήμονα,
2537 1373 2785 1444 Πρᾶγμα
2812 1369 2931 1440 ,γὰρ
2964 1367 3140 1430 οὕτως
3186 1367 3520 1434 ειναγκαῐον⁶
3561 1367 3620 1418 ἐν
3666 1365 3797 1419 δεσ-

2209 1470 2329 1538 μοῖς
2363 1467 2496 1538 γὰρ,
2543 1465 2638 1519 καὶ
2686 1463 2899 1525 τούτοις
2938 1461 3080 1532 ὑπὲρ
3120 1459 3216 1512 τοῦ
3246 1459 3403 1523 Θεοῦ,
3436 1458 3629 1528 ἔμελλε
3666 1446 3793 1512 διαί

2207 1563 2404 1624 κονεῖν,
2433 1560 2583 1629 ὅμως
2615 1554 2769 1628 παρὰ
2804 1554 3035 1625 γνώμην
3082 1551 3247 1606 αὑτοῦ
3280 1551 3507 1620 ποιῆσαι
3530 1550 3631 1605 οὐκ
3655 1550 3793 1621 ηθέ-

2206 1653 2393 1724 λησεν.
2422 1650 2586 1704 Ὥστε
2622 1650 2742 1713 πῶς
2773 1648 2833 1702 ού
2881 1646 3152 1718 προσήκει
3182 1643 3366 1697 δοῦναι
3396 1645 3496 1717 τὴν
3521 1645 3680 1717 χάριν
3709 1643 3795 1714 τῷ

2208 1743 2493 1814 δυναμένῳ
2548 1743 2647 1814 μὲν
2692 1740 2788 1794 καὶ
2838 1738 3014 1811 χωρὶς
3053 1736 3220 1790 αὑτοῦ
3284 1734 3491 1807 ταύτην
3544 1735 3797 1806 καρποῦ-

2212 1835 2356 1898 σθαι,
2382 1835 2457 1905 μὴ
2485 1833 2773 1903 θελήσαντι
2799 1824 2891 1895 δές

2278 1898 2414 1980 Ἵνα
2445 1898 2544 1992 ’μὴ
2597 1898 2678 1987 ὧι,-
2727 1918 2856 1974 κατ’
2909 1917 3183 1987 ἀνάγκην
3215 1916 3282 1970 τὸ
3329 1908 3556 1985 ἀγαθόν
3585 1927 3701 1967 σου
3724 1898 3793 1984 ᾖ,

2205 2017 2366 2074 ἀλλὰ
2390 2017 2471 2082 ὡς
2502 2014 2650 2070 κατὰ
2675 2006 2981 2067 ἑκούσιον.
3014 2011 3128 2062 Οὐκ
3156 2004 3299 2072 εἷπε,
3329 2006 3492 2060 Κατὰ
3515 2005 3795 2074 ἀνάγκην.

2205 2110 2343 2178 ἀλλ’,
2381 2111 2477 2176 Ὠς
2506 2107 2659 2164 κατὰ
2686 2104 2979 2174 ἀνάγκην,
3009 2101 3210 2155 ὡσανεὶ
3242 2099 3401 2153 τοῦτο
3453 2098 3657 2168 λέγων,
3684 2100 3777 2152 ὅτι

2204 2204 2319 2257 Καὶ
2352 2201 2503 2273 παρὰ
2539 2200 2768 2270 γνώμην
2798 2214 2891 2250 σου
2920 2194 3168 2264 κατέχων
3198 2191 3411 2255 τοῦτον,
3436 2191 3651 2259 ἀληθῶς
3687 2192 3801 2261 μὲν

2205 2296 2307 2350 οὐκ
2335 2295 2569 2349 ἐλύπουν
2619 2309 2679 2346 σε
2699 2310 2713 2323 ·
2746 2288 3001 2359 ἐφαίνετο
3023 2286 3079 2340 δὲ
3114 2287 3265 2354 ὅμως
3299 2285 3412 2345 τοῖς
3444 2281 3680 2347 πολλοῖς,
3704 2284 3800 2336 ὅτι

2207 2391 2366 2447 Κατὰ
2397 2391 2642 2460 ἀνάγκην
2697 2388 2793 2442 καὶ
2844 2382 3071 2447 ἄκοντάς
3125 2399 3220 2436 σου
3258 2380 3492 2450 γίνεται.
3533 2376 3649 2431 Νῦν
3693 2374 3800 2429 οῦν

2206 2483 2429 2553 εἱλόμην
2480 2481 2681 2550 μᾶλλον
2738 2477 2798 2531 τὸ
2855 2475 2992 2547 μηδὲ
3040 2473 3179 2536 ὅλως
3216 2472 3327 2525 τισὶ
3392 2471 3571 2525 δοκεῖν
3629 2464 3802 2520 τοῦτο

2206 2578 2483 2643 ἀκούσιον,
2512 2574 2627 2630 ἀλλ’
2648 2572 2895 2628 ἑκούσιον
2929 2568 3341 2641 ἀναμφιϐόλως.

2282 2748 2444 2833 Τάχα
2482 2758 2593 2833 γὰρ
2633 2758 2733 2813 διὰ
2765 2757 2945 2812 τοῦτο
2970 2753 3268 2823 ἐχωρίσθη
3300 2748 3450 2819 πρὸς
3475 2746 3656 2815 ὤραν.
3688 2744 3803 2799 Βα-

2208 2858 2300 2912 6αὶ
2325 2857 2424 2928 τῆς
2457 2854 2651 2924 σοφίας
2675 2869 2686 2881 ·
2723 2847 2913 2921 ἐπειδὴ
2933 2848 3043 2920 γὰρ
3078 2846 3367 2917 Ὀνήσιμος
3407 2841 3515 2896 ἀπὸ
3544 2839 3802 2909 κακούρ-

2206 2967 2305 3019 γου
2328 2948 2555 3018 γνώμης
2588 2944 2779 3012 ἔφυγε,
2815 2937 3184 3011 μεταστρέφει
3216 2933 3430 2995 Παῦλος
3465 2930 3564 3001 τὴν
3585 2928 3804 3019 φυγὴν,

2208 3042 2284 3105 ὡς
2312 3038 2450 3110 πρὸς
2482 3034 2760 3106 συμφέρον
2783 3028 3104 3100 γενομένην.
3123 3025 3277 3095 Τάχα
3301 3022 3432 3094 γὰρ,
3463 3019 3618 3091 φησὶ,
3648 3018 3803 3071 κατὰ
3863 3066 3871 3075 ,

2209 3133 2363 3186 θείαν
2403 3125 2720 3197 οἰκο-,ομίαν
2748 3124 2973 3192 ἔφυγεν.
3022 3116 3299 3186 Εύφήμως
3345 3114 3401 3167 δὲ
3432 3114 3528 3167 καὶ
3552 3110 3652 3182 τὴν
3689 3125 3805 3179 φυδ

532 3216 667 3282 Leni
698 3232 881 3281 autem
914 3224 1175 3296 loquendi
1203 3224 1366 3280 modo
1402 3201 1585 3295 fugam
1614 3224 1981 3280 secessionem
2010 3201 2105 3293 ap-

2212 3222 2312 3294 γὴν
2345 3217 2625 3292 χωρισμὸν
2653 3215 2830 3279 καλεῖ,
2850 3214 2939 3267 ἵνα
2972 3211 3048 3281 μὴ
3091 3208 3170 3280 τῷ
3198 3205 3425 3276 ὀνόματι
3466 3204 3569 3271 τῆς

528 3318 715 3389 pellat,
763 3333 834 3375 ne
884 3316 1025 3389 fuga:
1069 3319 1295 3374 nomine
1332 3294 1521 3372 herum
1568 3316 1883 3372 exacerbet.
1938 3315 2105 3371 Porro

2212 3313 2494 3385 παροξύνῃ
2539 3311 2633 3364 τὸν
2672 3307 2962 3375 δεσπότην.
2985 3303 3096 3358 Καὶ
3120 3303 3177 3354 ὲν
3208 3299 3285 3370 τῷ
3316 3297 3591 3353 συστεῖλαι
3622 3294 3677 3347 δὲ
3700 3294 3805 3347 τὴν

527 3385 650 3463 eum
683 3385 899 3478 tempus
927 3385 1223 3473 contrahit,
1251 3407 1386 3462 iram
1406 3409 1568 3463 etiam
1604 3406 1778 3463 sedat.
1806 3408 1888 3462 Ad
1920 3408 2105 3461 horam

2212 3405 2423 3478 χρόνον,
2451 3402 2614 3457 παύει
2651 3401 2748 3474 τὴν
2778 3398 2981 3468 ὀργήν“
3006 3394 3163 3463 Πρὸς
3210 3390 3377 3460 ὤραν
3424 3390 3555 3459 γὰρ,
3600 3385 3802 3478 φησιν,

528 3500 696 3565 enim,
730 3477 930 3571 inquit,
962 3500 1197 3555 secessit.
1230 3499 1442 3555 Pariter
1470 3507 1652 3554 autem
1705 3499 1938 3558 indicat.
1964 3498 2105 3567 quod

2212 3477 2529 3566 ἐχωρίσθη.
2568 3484 2720 3561 Ἀμα
2760 3489 2817 3542 δὲ
2847 3487 2942 3542 καὶ
2971 3485 3264 3548 δείκνυσιν,
3317 3482 3402 3536 ὅτι
3446 3481 3569 3571 ὅσον
3601 3477 3815 3549 χρόνον

528 3600 736 3663 quanto
767 3566 1016 3661 tempore
1046 3606 1169 3647 cum
1190 3578 1361 3645 Paulo
1386 3589 1588 3655 fuerat,
1612 3578 1918 3645 Philemoni
1947 3566 2105 3645 etiam

2216 3589 2354 3659 μετὰ
2376 3585 2587 3640 Παύλου
2617 3578 2707 3654 ἦν,
2734 3580 2996 3651 Φιλήμονι
3021 3578 3210 3648 συνῆν.
3251 3574 3466 3628 Ἐκεῖνο
3486 3566 3589 3663 ὀὖν
3627 3570 3805 3663 μόνον

531 3654 805 3739 servierit.
840 3654 940 3738 lllo
968 3682 1137 3753 igitur
1178 3689 1421 3752 tempore
1452 3654 1662 3735 tantum
1706 3680 1903 3744 abluit,
1936 3696 2105 3750 quan-

2212 3654 2381 3747 ἀπῆν,
2420 3675 2544 3728 ὅσον
2572 3670 2676 3742 πρὸ
2705 3669 2799 3721 τοῦ
2829 3664 3195 3735 συγγενέσθαι
3238 3663 3315 3733 τῷ
3365 3657 3564 3728 Παύλῳ
3584 3654 3809 3753 ’.τοῦτο

530 3781 643 3829 tum
679 3773 1022 3843 consumpsit
1053 3775 1373 3843 priusquam
1405 3773 1471 3827 ad
1504 3771 1735 3827 Paulum
1769 3773 2108 3842 perveniret:

531 3865 635 3921 hoc
682 3874 863 3921 autem
911 3867 1169 3937 exiguum
1227 3868 1366 3930 erat,
1413 3880 1476 3920 ac
1533 3867 1682 3920 velut
1741 3864 1902 3920 unica
1952 3865 2108 3921 hora.

531 3954 775 4014 Proinde
806 3956 853 4014 si
898 3957 1167 4013 remissus
1205 3957 1301 4014 abs
1334 3967 1384 4012 te
1418 3957 1553 4011 mihi
1585 3955 1846 4028 deinceps
1885 3959 2111 4025 serviat,

533 4049 712 4119 cogita
741 4048 891 4102 illum
920 4047 1128 4103 servire
1159 4048 1278 4102 tibi.

607 4140 677 4195 Ut
713 4150 967 4196 wternum
1010 4138 1166 4195 illum
1197 4141 1473 4210 reciperes.
1514 4137 1627 4197 Hoc
1654 4149 1757 4209 εει,
1790 4141 1994 4198 fruaris
2023 4158 2108 4196 eo.

603 4338 772 4393 Vens.
814 4339 901 4395 16.
942 4336 1064 4391 Non
1110 4350 1269 4401 porro
1306 4343 1363 4389 ut
1395 4352 1621 4401 servum,
1670 4339 1763 4392 sed
1791 4354 1955 4407 supra
2003 4353 2115 4392 ser-

533 4447 676 4491 vum.
716 4429 939 4499 fratrem
974 4427 1242 4489 dilectum,
1280 4428 1512 4482 maxime
1537 4428 1688 4491 mihi,
1714 4442 1912 4498 quanto
1940 4439 2115 4482 autem

533 4522 702 4592 magis
734 4518 830 4573 tibi
876 4527 927 4573 et
960 4518 1015 4573 in
1047 4533 1207 4571 carne
1244 4525 1292 4571 et
1324 4518 1379 4571 in
1399 4516 1624 4571 Domino
1649 4518 1673 4572 ?
1702 4517 1785 4573 Ad
1812 4518 2001 4584 multa,
2028 4518 2113 4570 iu-

534 4615 693 4684 quit,
747 4612 953 4684 profuit
1019 4609 1197 4682 fuga:
1251 4625 1349 4680 pro
1395 4611 1529 4665 hora
1575 4611 1881 4665 enim'una
1943 4610 2114 4665 habes

535 4706 713 4775 ipsum
746 4713 1092 4775 perpetuum.
1133 4707 1209 4758 Ac
1245 4704 1501 4759 universa
1527 4702 1748 4769 quidem
1779 4703 1889 4754 vita
1931 4702 2112 4756 homi-

537 4797 623 4850 nis
648 4801 900 4864 respectu
938 4793 1128 4848 πιογηὶ
1164 4793 1300 4848 nihil
1342 4800 1468 4853 est:
1501 4782 1674 4846 multo
1705 4798 1889 4845 autem
1937 4793 2113 4860 magis

536 4885 681 4955 fuga:
720 4892 977 4954 tempus;
1013 4894 1125 4938 tum
1158 4899 1256 4953 pro
1301 4899 1462 4937 servo
1508 4883 1756 4945 fratrem,
1804 4898 1902 4951 pro
1933 4882 2112 4936 inutili

537 4980 798 5037 dilectum
829 4996 844 5034 :
882 4985 933 5034 et
969 4980 1023 5032 in
1049 4995 1227 5044 carne,
1259 4979 1361 5034 hoc
1389 4984 1495 5041 est,
1533 4976 1828 5032 mundanis
1863 4975 2117 5032 ministe-

537 5076 635 5130 riis
674 5074 898 5144 dignum
930 5071 1023 5143 qui
1060 5050 1339 5141 diligatur,
1365 5078 1425 5125 ut
1449 5068 1544 5139 qui
1568 5083 1632 5123 ea
1671 5083 1867 5124 curare
1901 5070 2108 5140 possit:

536 5178 592 5224 et
622 5168 676 5222 in
703 5165 967 5229 Domino,
1000 5166 1104 5220 hoc
1125 5171 1210 5220 est
1237 5163 1293 5218 in
1322 5162 1487 5218 rebus
1509 5159 1912 5229 spiritualibus.

606 5341 773 5395 Vens.
811 5332 896 5395 1'1.
940 5337 999 5395 Si
1032 5355 1153 5409 ergo
1184 5338 1341 5391 habes
1372 5353 1453 5391 me
1483 5335 1702 5398 socium,
1735 5339 1941 5401 suscipe
1960 5335 2111 5389 illum

541 5430 675 5484 sicut
706 5447 805 5484 me.
839 5428 953 5483 Hoc
979 5435 1085 5494 est,
1120 5427 1166 5482 si
1203 5426 1390 5482 eadem
1422 5439 1636 5480 mecum
1667 5425 1873 5479 sentire
1901 5433 1951 5478 te
1982 5439 2118 5478 con-

541 5521 735 5586 literis,
768 5520 915 5576 haud
944 5536 1105 5577 secus
1130 5532 1193 5573 ac
1226 5531 1311 5572 me
1332 5518 1483 5571 illum
1517 5517 1760 5586 suscipe.
1806 5514 1977 5582 Quem
2008 5533 2114 5571 non

543 5618 595 5670 lu
624 5616 946 5671 sententiam
979 5630 1134 5671 suam
1170 5608 1508 5670 induxisset?
1533 5609 1655 5682 quis
1677 5608 1821 5664 enim
1851 5608 2118 5663 noluisset

543 5696 770 5763 Paulum
803 5706 1131 5776 suscipere?

612 5916 658 5959 θ’
698 5923 777 5990 τῷ
809 5922 1050 5991 δεσπότη
1088 5939 1163 5977 m.

2211 3767 2267 3820 δὲ
2294 3743 2498 3833 ὀλίγον,
2528 3762 2626 3815 καὶ
2664 3753 2777 3813 οἷον
2804 3756 2923 3827 ὦρα
2957 3757 3076 3825 μία.
3101 3754 3267 3807 Ὥστε
3299 3752 3397 3805 xal.
3419 3748 3528 3804 ἀπὸ
3548 3743 3641 3799 τοῦ
3670 3743 3801 3810 νῦν,

2213 3859 2262 3911 εἰ
2304 3856 2428 3925 ἐμοὶ
2457 3852 2711 3907 συνέσται
2750 3847 3079 3911 ἀποσταλεὶς
3112 3844 3267 3916 παρὰ
3305 3840 3422 3907 σοῦ,
3445 3836 3662 3908 λογίζου
3709 3835 3803 3889 σοι

2215 3952 2453 4007 συνεῖναι
2483 3949 2667 4004 αὐτόν.

2286 4125 2424 4187 Ἵνα
2461 4128 2702 4183 αἰώνιον
2758 4121 2947 4178 αὐτὸν
3005 4116 3256 4188 ἀπέχῃς.
3312 4110 3623 4177 Τουτέστιν,
3653 4108 3805 4162 ἁπο-

2213 4224 2404 4296 λαύῃς.

2280 4293 2495 4370 oaxen
2522 4312 2602 4377 ὡς
2630 4308 2877 4369 δοῦλον,
2899 4306 3039 4359 ἀλλ’
3066 4303 3221 4371 ὑπὲρ
3259 4299 3504 4360 δυῡλον,
3531 4293 3810 4362 ἀδελφὸν

2216 4403 2547 4478 ἀγαπητὸν,
2575 4400 2845 4471 μάλιστα
2875 4396 3026 4465 ἐμοὶ,
3060 4394 3231 4457 πόσῳ
3279 4389 3348 4443 δὲ
3393 4386 3634 4459 μᾶλλόν
3674 4399 3806 4478 σοι,

2218 4474 2317 4553 καὶ
2347 4499 2416 4550 ἐν
2445 4494 2624 4562 σαρκὶ
2663 4490 2761 4545 καὶ
2797 4490 2867 4542 ἐν
2923 4487 3140 4555 Κυρίῳ.
3190 4483 3333 4552 Πρὸς
3377 4478 3568 4541 πολλὰ,
3607 4474 3835 4549 φησὶνη

2217 4590 2502 4659 ὠφέλησεν
2556 4587 2589 4655 ἡ
2643 4584 2834 4654 φυγήο
2890 4580 3013 4633 ἀντὶ
3060 4579 3172 4646 γὰρ
3213 4568 3363 4645 ὥρας
3421 4573 3572 4641 μιᾶς,
3656 4568 3811 4659 ἔχεις

2222 4657 2656 4738 αύτδν-αἱώνιον.
2691 4675 2846 4731 Καὶὸ
2881 4673 2991 4734 πᾶς
3030 4670 3127 4740 μὲν
3153 4668 3263 4738 γὰρ
3292 4666 3405 4734 βίος
3447 4661 3543 4716 τοῦ
3590 4657 3812 4728 ἀνθρὼ-

2222 4794 2349 4838 που,
2380 4773 2454 4836 ὡς
2490 4772 2628 4843 πρὸς
2656 4770 2750 4821 τὸν
2779 4766 2975 4832 αἰῶνα,
2997 4763 3151 4817 οὐδέν
3191 4762 3308 4814 ἐστι
3329 4774 3341 4787 ·
3369 4755 3551 4827 πολλῷ
3576 4753 3631 4806 δὲ
3666 4750 3813 4822 μᾶλ-

2222 4870 2313 4922 λον
2343 4869 2371 4921 ὁ
2399 4868 2497 4936 τῆς
2530 4864 2707 4935 φυγῆς
2750 4860 2944 4931 καιρός
2967 4872 2980 4886 ·
3022 4857 3115 4911 καὶ
3173 4854 3294 4908 ἀντὶ
3324 4851 3511 4906 δούλου
3550 4846 3810 4915 ἀδελφὸν,

2224 4960 2345 5016 ἀντὶ
2381 4959 2655 5029 ἀχρήστου
2702 4950 2986 5022 ἀγαπητόν
3023 4965 3033 4977 ·
3066 4946 3161 5001 καὶ
3203 4948 3273 4998 ἐν
3299 4942 3501 5010 σαρκὶ,
3527 4938 3809 5001 τουτέστι,

2227 5050 2319 5104 καὶ
2346 5050 2403 5101 ἐν
2430 5050 2546 5110 ταῖς
2580 5036 2873 5113 κοσμικαῖς
2911 5035 3245 5108 ὑπηρεσίαις
3274 5035 3424 5099 ἄξιον
3453 5029 3808 5098 ἀγαπᾶσθαι,

2228 5145 2303 5206 ὡς
2336 5138 2775 5210 θεραπευτικὸν,
2816 5133 2912 5187 καὶ
2965 5133 3029 5186 ἐν
3071 5129 3287 5197 Κυρίῳ,
3322 5125 3571 5178 τουτέστι
3616 5123 3713 5175 καὶ
3746 5123 3813 5176 ἐν

2221 5238 2342 5299 ταῖς
2367 5231 2779 5303 πνευματικαῖς.

2290 5294 2356 5380 Et
2389 5294 2611 5394 mir-ue
2668 5323 2827 5390 ἔχεις
2878 5316 3184 5375 κοινωνὸν,
3219 5294 3569 5378 προσλαϐοῦ
3619 5304 3816 5359 αὐτὸν

2224 5424 2305 5489 ὡς
2334 5419 2459 5490 ἐμέ.
2490 5415 2802 5474 Τουτέστιν,
2837 5411 2887 5463 ει
2920 5409 2989 5462 τὰ
3020 5405 3160 5460 αὑτά
3209 5421 3297 5476 μοι
3346 5403 3564 5474 φρονεῖν
3599 5397 3814 5467 ὠμολόο

2226 5519 2420 5585 γηὶτας,
2457 5512 2533 5575 ὡς
2563 5513 2583 5562 ἐ
2595 5509 2662 5581 μὲ
2691 5504 2839 5570 δέξαι
2871 5502 3055 5557 αὐτόν.
3092 5498 3228 5552 Τίνα
3252 5498 3351 5550 οὐκ
3386 5496 3452 5550 ἂν
3489 5492 3809 5547 κατεδυσώ-

2226 5584 2405 5675 «res;
2440 5603 2536 5667 Τίς
2578 5599 2688 5672 γὰρ
2730 5598 2832 5653 οὐκ
2881 5595 2947 5651 ἂν
2979 5592 3206 5664 ἐθέλησε
3258 5588 3472 5646 Παῦλον
3509 5584 3813 5660 προσδέξα-

2226 5700 2380 5766 σἿαις

1861 5814 2053 5879 Varize
2078 5812 2416 5877 lectiones.
