4080 6440
459 390 564 473 183

1416 403 1995 464 THEOPHYLAGTI
2026 405 2435 465 BULGARIIE
2466 406 2826 467 ARCHIEP.

3627 400 3730 465 184

453 519 644 590 ptivus
680 514 848 589 δάε
877 521 1065 571 autem
1096 522 1204 582 est,
1248 515 1450 586 inquit,
1479 531 1590 570 non
1631 515 1704 573 ob
1738 516 2040 571 humanum

2151 516 2249 588 τῷ.
2277 516 2729 587 Συνσιχμάλωτος
2753 517 2810 571 δέ
2836 516 3190 586 ἐστι,“φησὶν,
3224 517 3287 569 οὐ
3319 515 3408 570 διά
3443 532 3496 568 τι
3528 513 3738 584 ἀνδροῖν

454 611 742 680 quiddam,
777 608 874 665 sed
922 617 1151 679 propter
1197 607 1477 664 Christum
1510 607 1724 675 J‘esum,
1754 608 2037 681 Evangelii

455 702 680 759 nomine
710 698 942 755 adversa
970 699 1307 770 perpetiens.

390 843 412 868 ς
529 790 814 847 Vnns.24.
857 789 1102 857 Marcus,
1150 789 1520 856 Aristarchus,
1567 792 1784 857 Demus,
1836 792 2034 860 Lucas,

456 886 733 954 adjutores
761 885 883 944 mei.
917 887 1118 942 Demas
1154 887 1390 957 primum
1426 886 1660 956 insignis
1685 896 1822 951 erat,
1848 894 2039 957 utpote

458 979 550 1031 cui
598 977 703 1032 hoc
749 975 1130 1032 testimonium
1185 975 1276 1030 bic
1331 976 1692 1043 adscribitur,
1753 977 1899 1048 quod
1965 978 2039 1032 sit

459 1069 616 1124 Panli
644 1069 866 1138 adjutor
895 1084 909 1121 :
938 1077 1125 1139 postea
1151 1083 1282 1124 vero
1319 1069 1388 1123 ad
1420 1069 1694 1140 ignaviam
1729 1070 1980 1139 relapsus
2005 1085 2035 1124 a

456 1160 631 1213 Paulo
685 1160 936 1225 descivit,
992 1157 1220 1228 perinde
1265 1173 1332 1214 ac
1374 1160 1430 1214 in
1461 1158 1705 1229 Epistola
1749 1159 1819 1215 ad
1847 1159 2034 1215 Timo-

458 1252 646 1306 theum
677 1250 881 1307 Paulus
918 1251 1140 1318 scribit,
1167 1265 1290 1322 quae
1320 1252 1512 1321 procul
1536 1252 1701 1307 dubio
1728 1252 1832 1308 hac
1856 1262 2040 1323 poste-

455 1324 572 1395 rio‘i‘
599 1349 724 1396 est:
756 1337 954 1395 Demus
992 1341 1132 1395 enim
1169 1356 1251 1395 me
1283 1340 1520 1410 reliquit,
1552 1339 1730 1396 Lucas
1776 1352 1855 1397 est
1892 1343 2036 1398 solus

456 1433 662 1486 mecum
690 1432 783 1486 η’.
820 1431 924 1498 Qui
956 1431 1122 1502 igitur
1152 1440 1464 1501 postremus
1485 1432 1572 1487 hic
1600 1433 1899 1489 collocatur
1926 1434 2038 1490 Lu-

457 1536 579 1586 cas,
616 1521 828 1591 primus
850 1521 1068 1576 tandem
1090 1523 1338 1577 omnium
1361 1520 1542 1578 factus
1567 1532 1673 1591 est,
1697 1540 1820 1580 cum
1843 1524 2038 1581 Demas

461 1612 780 1669 defecisset.
817 1615 973 1670 Adeo
996 1629 1104 1670 non
1138 1625 1360 1686 oportet
1406 1618 1719 1687 quempiam
1762 1617 2039 1673 conlidere

434 1707 590 1773 ‘sibi,
622 1706 717 1763 sed
741 1705 833 1777 qui
858 1714 989 1773 stat,
1020 1706 1200 1762 videat
1232 1723 1303 1764 ne
1325 1707 1507 1765 cadat.
1533 1707 1670 1765 Cum
1694 1709 1828 1764 istos
1855 1710 2040 1780 appel-

460 1795 536 1848 lat
562 1793 935 1865 coadjntores,
973 1795 1217 1850 ostendit
1270 1795 1420 1866 quod
1454 1796 1546 1852 Isti
1588 1798 1751 1852 etiam
1787 1813 1895 1852 una
1931 1814 2042 1853 me-

2148 625 2323 675 πινον,
2356 607 2492 661 ἀλλὰ
2530 608 2616 662 διὰ
2669 608 2762 662 τὸν
2792 606 3031 678 Χριστδνν
3102 608 3331 676 Ἰησοῦν,
3376 621 3735 673 συγκακοπα-

2147 698 2257 752 θῶν
2283 699 2426 769 ὑπὲρ
2457 698 2552 751 τοῦ
2579 697 2931 767 Εὐαγγελίου.
3402 768 3409 775 ἡ

2211 787 2477 856 Μάρκοςὸ
2505 786 2919 857 Ἀρίσταρχός,
2959 786 3181 857 Δημᾶς,
3212 785 3470 852 Λουκᾶς,
3499 778 3558 840 οἱ
3583 801 3741 839 συν-

2142 881 2305 948 εργοι
2323 898 2463 950 μου.
2500 883 2558 934 '0
2592 883 2783 951 Δημᾶς
2810 881 2910 953 τὴν
2956 881 3057 952 μὲν
3099 881 3274 952 ἀρχὴν
3319 880 3603 949 εὐδόκιμος
3644 874 3739 948 ἦν,

2141 970 2428 1042 ὡσπεροῦν
2458 972 2551 1025 καὶ
2580 971 2818 1026 ἐνταῦθα
2843 976 3207 1045 μαρτυρεῖται
3242 972 3318 1037 ὡς
3349 971 3564 1025 Παύλου
3600 988 3731 1023 συν-

2140 1063 2330 1135 εργός)
2371 1063 2598 1135 ὕστερον
2632 1063 2690 1118 δὲ
2725 1064 3050 1136 ρᾳθυμήσας
3090 1065 3302 1132 ἀπέστη
3355 1063 3450 1117 τοῦ
3500 1062 3739 1124 Παύλου,

2144 1155 2335 1226 ὥσπερ
2363 1155 2428 1226 δὴ
2454 1156 2550 1209 καὶ
2592 1156 2652 1211 ὲν
2698 1158 2766 1227 τῇ
2798 1155 2936 1227 πρὸς
2966 1155 3234 1225 Τιμόθεον
3269 1154 3557 1222 Ἐπιστολῇ
3593 1153 3706 1233 γρά
3726 1180 3740 1190 -

2142 1264 2232 1319 cpe:
2263 1246 2496 1313 Παῦλος,
2535 1245 2739 1318 ὑστέρᾳ
2774 1247 3059 1320 προδήλως
3099 1246 3305 1316 ταύτης
3346 1243 3508 1316 οὔσῃ·
3539 1240 3745 1312 Δημᾶς

2140 1339 2253 1410 γάρ
2273 1357 2351 1409 με
2379 1338 2757 1409 ἐγκατέλιπε,
2787 1338 3027 1406 Λουκᾶς
3053 1339 3184 1393 ἐστι
3209 1338 3400 1408 μόνος
3414 1336 3538 1404 μετ’
3563 1332 3741 1404 ἐμοῦ.

2154 1420 2212 1488 ’0
2237 1431 2543 1496 τελευταῖος
2570 1427 2664 1486 οὖν
2704 1432 2938 1488 ἐνταῦθα
2984 1431 3209 1505 ταχθεὶς
3261 1431 3497 1493 Λουκᾶς,
3545 1430 3746 1497 γέγονε

2143 1523 2361 1594 πρῶτος
2402 1523 2642 1586 πάντως,
2674 1523 2770 1577 τοῦ
2815 1524 2986 1594 Δημᾶ
3037 1523 3397 1586 ἀποστάντος.
3439 1519 3629 1583 Οὕτως
3671 1520 3740 1573 οὐ

2141 1615 2224 1670 δεῖ
2246 1631 2368 1668 τινα
2394 1612 2621 1687 Θαρῤεῖν
2649 1614 2853 1686 ἐαυτῷ,
2895 1615 3031 1671 ἀλλὰ
3045 1615 3136 1669 τὸν
3166 1615 3457 1685 ἱστάμενον
3490 1612 3743 1684 βλέπειν,

2146 1707 2222 1778 μὴ
2250 1708 2415 1783 πέοῃι
2445 1708 2732 1779 Συνεργοὶ
2761 1706 2818 1760 δὲ
2852 1707 3043 1774 εἰπὼν,
3071 1708 3344 1761 δείκνυσιν
3385 1706 3468 1760 ὅτι
3497 1704 3612 1759 Καὶ
3642 1695 3747 1756 οῦ-

2149 1814 2233 1854 τοι
2264 1802 2360 1855 σὺν
2379 1802 2505 1871 ἐμοὶ
2541 1799 2926 1872 παρακαλοῦσί
2951 1816 3034 1866 σε,
3079 1799 3175 1853 καὶ
3217 1798 3367 1866 ἄξιος
3389 1796 3457 1851 ἂν
3482 1794 3599 1866 εἴης
3621 1792 3750 1846 δοῦ-

460 1887 587 1962 eum
611 1892 827 1954 rogant,
856 1899 923 1939 ac
948 1893 1029 1939 tot
1066 1885 1342 1955 tantisque
1376 1885 1574 1941 merito
1603 1887 1905 1957 gratiﬁcari
1945 1888 2042 1943 de-

2151 1910 2241 1946 ναι
2279 1895 2393 1956 τοῖς
2422 1891 2698 1955 τοσούτοις
2741 1891 2842 1962 τὴν
2867 1891 3047 1962 χάριν.
3094 1891 3263 1962 Ὅρᾷς
3303 1889 3448 1943 πόσα
3493 1883 3747 1956 ὠφελού-

461 1959 580 2029 bes.
634 1973 1041 2032 Animadvertis
1082 1983 1352 2045 quantum
1402 1977 1578 2033 simus
1629 1977 1804 2048 adjuti
1836 1995 1900 2031 ex
1942 1978 2045 2034 hac

461 2080 586 2135 quae
664 2065 848 2122 brevis
919 2074 975 2122 et
1035 2069 1328 2139 perspicua
1404 2070 1690 2125 videbatur
1754 2070 2045 2141 Epistola?

462 2157 701 2213 Proinde
728 2158 915 2214 nullus
950 2157 1250 2230 Scriptura:
1285 2158 1442 2217 locus
1486 2161 1862 2232 inexploratus
1901 2179 2043 2234 pra:-

461 2250 853 2306 termittendus
909 2258 1016 2315 est,
1050 2266 1243 2306 verum
1284 2266 1351 2306 ex
1384 2252 1665 2317 omnibus,
1713 2262 1770 2308 ut
1804 2269 1928 2324 quae
1950 2271 2045 2324 per

465 2338 736 2410 Spiritum
767 2341 878 2396 sint
911 2349 1192 2404 enarrata,
1230 2342 1537 2410 spiritualis
1587 2345 1810 2414 quidam
1847 2362 2045 2404 sensus

468 2430 840 2501 inquirendus
866 2440 973 2488 est.
1001 2431 1322 2489 Paracletus
1349 2445 1530 2490 autem
1564 2437 1659 2506 qui
1695 2438 1800 2494 ista
1830 2438 2048 2495 locu-tus

466 2528 592 2585 est,
661 2521 731 2576 iis
785 2522 879 2591 qui
928 2530 1077 2577 recte
1140 2532 1393 2593 quaerunt
1460 2526 1750 2596 quaesitum
1803 2528 2049 2586 invenire

466 2615 696 2669 omnino
741 2613 914 2675 dabit.
942 2614 986 2667 A
1031 2629 1145 2685 quo
1188 2624 1243 2671 et
1277 2630 1379 2672 nos
1417 2616 1733 2684 illuminati,
1767 2619 1834 2675 ad
1876 2619 2047 2676 divini

468 2722 595 2762 cum
643 2695 797 2762 verbi
842 2716 955 2761 tum
1006 2707 1133 2762 vita;
1182 2709 1470 2764 veritatem
1505 2725 1722 2781 semper
1755 2710 2044 2781 ducamur,

468 2814 649 2870 neque
692 2798 849 2854 vanis
878 2798 1231 2870 opinionibus
1268 2799 1496 2868 subditi,
1548 2817 1728 2872 neque
1757 2804 2047 2860 mendacio

469 2886 771 2957 Voluptatis
816 2887 1110 2944 mundanae
1159 2890 1391 2945 inescati
1419 2908 1434 2947 :
1459 2901 1517 2948 et
1553 2893 1648 2962 qui
1676 2894 1820 2950 servi
1850 2910 2046 2953 sumus

472 2991 576 3033 nos
619 2977 773 3049 ipsos
820 2994 918 3049 per
952 2978 1112 3036 ﬁdem
1146 2990 1203 3037 et
1232 2981 1488 3040 virtutem
1531 2986 1799 3052 ingenuos
1848 2988 2048 3043 redda-

476 3083 604 3124 mus
634 3086 648 3124 :
685 3069 896 3125 domini
925 3085 1075 3138 vero,
1106 3086 1230 3126 cum
1275 3087 1468 3130 servos
1512 3086 1736 3132 nostros
1764 3079 2048 3137 videamus

476 3166 701 3217 sanctos
722 3166 779 3215 et
805 3162 1104 3232 apostolos,
1137 3163 1462 3221 studeamus
1482 3181 1590 3222 non
1630 3169 1807 3224 multo
1832 3170 2048 3242 ignobi-

475 3251 645 3306 liores
690 3250 801 3309 illis
845 3251 1085 3311 inveniri
1116 3255 1171 3310 in
1212 3270 1382 3326 regno
1426 3257 1664 3326 Domini,
1696 3260 1790 3331 qui
1829 3270 2050 3332 propter

478 3359 582 3400 nos
620 3344 787 3400 etiam
826 3356 1019 3402 serius
1041 3350 1319 3419 apparuit,
1350 3348 1558 3406 Christi
1578 3353 1691 3407 veri
1719 3353 1810 3408 Dei
1849 3357 2049 3411 nostri.

2150 1986 2291 2053 μεϐα
2326 1986 2390 2038 ἐκ
2430 1986 2530 2053 τῆς
2570 1984 2829 2056 βραχείας
2856 1983 3061 2053 ταύτης
3108 1984 3204 2036 καὶ
3242 1979 3449 2051 σαφοῦς
3478 1977 3750 2046 δοκούσης

2161 2077 2485 2149 Ἐπιστολῆς
2505 2094 2522 2144 ;
2556 2076 2742 2140 Οὕτως
2771 2076 2878 2146 ἄρα
2901 2076 3055 2130 οὐδὲν
3079 2076 3186 2129 τῶν
3213 2075 3314 2145 τῆς
3337 2074 3561 2146 Γραφῆς
3584 2069 3751 2134 ἀνεξ-

2148 2175 2374 2227 έταστον
2397 2174 2479 2225 δεῖ
2500 2171 2849 2235 καταλιπεῖι,
2905 2170 3021 2224 ἀλλ’
3053 2172 3118 2223 ὲκ
3161 2170 3401 2227 πάντων.
3458 2167 3534 2228 ὼς
3573 2163 3753 2217 [hexi-

2150 2282 2283 2336 ματι
2315 2264 2681 2335 λαληθέντων,
2726 2262 3011 2333 ἐπιζητεῖν
3050 2260 3421 2333 πνευματικόν
3450 2276 3570 2314 τινα
3608 2257 3751 2311 νοῦν

2147 2359 2244 2412 καὶ
2290 2356 2585 2425 ὠφέλιμον.
2628 2356 2854 2418 Πάντως
2897 2355 2954 2409 δὲ
2981 2356 3009 2408 ὁ
3048 2353 3223 2407 ταῦτα
3275 2351 3515 2422 λαλήσας
3550 2350 3749 2418 Παρά-

2148 2450 2345 2520 κλητος
2366 2446 2528 2501 δώσει
2555 2449 2671 2510 τοῖς
2694 2446 2877 2511 καλῶς
2902 2445 3126 2517 ζητοῦσι
3147 2443 3246 2498 τοῦ
3272 2443 3608 2514 ζητουμένου
3637 2441 3752 2510 τὴν

2148 2538 2387 2609 εὕρεσιν.
2430 2529 2634 2607 ’Υφόἶι
2665 2539 2761 2591 καὶ
2789 2538 2952 2607 ἡμεῖς
2986 2535 3370 2605 φωτιζόμενοι.
3410 2529 3752 2602 ὁδηγοίμεθοι

2147 2632 2234 2686 ἀεὶ
2268 2631 2405 2702 πρὸς
2427 2630 2527 2700 τὴν
2549 2630 2808 2701 ἀλήθειαν
2831 2629 2924 2683 τοῦ
2950 2630 3093 2684 κατὰ
3120 2628 3254 2682 Θεὸν
3283 2628 3445 2696 λόγου
3473 2627 3568 2680 καὶ
3592 2626 3748 2696 βίου,

2152 2725 2290 2794 μήτε
2323 2721 2693 2792 ψευδοδοξίαις
2725 2722 3085 2792 ὑπαγόμενοι,
3134 2720 3273 2792 μήτε
3302 2720 3382 2790 τῷ
3410 2717 3600 2789 ψεύδει
3635 2718 3751 2781 τῆς

2146 2812 2241 2868 τοῦ
2276 2813 2482 2883 κόσμου
2532 2812 2726 2883 ἡδονῆς
2771 2811 3149 2883 δελεαζόμενοι
3180 2830 3195 2846 ·
3238 2813 3332 2866 καὶ
3379 2811 3433 2864 οἱ
3467 2816 3525 2862 τε
3560 2808 3752 2863 δοῦλοι.

2151 2903 2381 2967 ἑαυτοὺς
2418 2902 2510 2956 διὰ
2550 2902 2650 2973 τῆς
2691 2902 2930 2965 πίστεως
2962 2903 3183 2974 καὶτῆς
3223 2903 3426 2973 ἀρετῆς
3462 2898 3754 2967 ἔξευγενί-

2150 2996 2359 3064 ζοιμέν,
2394 2995 2448 3047 οἴ
2474 3011 2534 3047 τε
2564 2994 2822 3048 δεσπόται
2856 2994 3076 3059 δούλους
3120 2994 3359 3066 ὁρῶντες
3408 2992 3600 3061 ἁγίους
3643 2991 3755 3044 καὶ

2149 3086 2502 3150 ἀποστόλους,
2540 3084 2936 3157 σπουδάζοιμεν
2969 3087 3047 3158 μὴ
3084 3085 3264 3158 πολλῷ
3302 3083 3509 3139 τούτων
3541 3084 3753 3154 ἀτιμό-

2152 3195 2300 3247 τεροι
2339 3176 2634 3248 εὑρεθῆναι
2670 3180 2729 3231 ἐν
2761 3181 2828 3249 τῇ
2871 3178 3119 3249 βασιλείᾳ
3154 3176 3251 3231 τοῦ
3293 3178 3587 3241 Δεσπότου,
3639 3176 3751 3229 καὶ

2151 3267 2220 3323 δι’
2247 3267 2395 3338 ἡμᾶς
2424 3265 2609 3319 δούλου
2637 3268 2918 3336 φανέντος,
2946 3266 3182 3338 Χριστοῦ
3212 3266 3306 3320 τοῦ
3324 3264 3576 3335 ἀληθινοῦ
3598 3263 3749 3318 Θεοῦ

2160 3360 2345 3430 ἡμῶν.
2399 3354 2472 3431 τῼ
2532 3361 2565 3430 ἡ
2604 3358 2749 3424 δόξα,
2783 3360 2879 3414 καὶ
2911 3359 2973 3413 τὸ
3008 3360 3233 3430 κράτος,
3280 3357 3375 3411 καὶ
3411 3360 3445 3430 ἡ
3472 3357 3607 3429 τιμὴ
3640 3357 3749 3412 νῦν

475 3434 579 3494 Cui
601 3439 802 3511 gloria,
831 3451 888 3497 et
907 3444 1174 3514 potestas,
1200 3452 1256 3501 et
1289 3445 1466 3500 honor
1489 3460 1635 3502 nunc
1657 3452 1712 3502 et
1733 3460 1969 3518 semper,
1999 3459 2042 3505 el

2150 3456 2245 3510 καὶ
2273 3454 2380 3520 ἀεὶ,
2422 3452 2518 3508 καὶ
2546 3455 2628 3516 εἰς
2657 3453 2789 3518 τοὺς
2825 3453 3029 3517 αιῶνας
3066 3451 3178 3509 τῶν
3205 3451 3441 3507 αἰώνων.
3482 3451 3679 3523 Ἀμήν⁴

475 3537 534 3588 in
565 3534 766 3589 smeula
796 3536 1147 3593 saeculorum.
1179 3536 1375 3595 Amen.

1778 3682 1781 3687 ι
1844 3665 1876 3686 λι
1883 3677 1891 3686 ι

562 3682 634 3728 ’ν
676 3692 720 3749 ιι
750 3692 899 3752 Tim.»
923 3709 1000 3763 ιν,
1044 3684 1102 3754 9‘.
