4080 6416
546 388 650 454 187

1452 394 2029 456 TllEOi‘HYLACTI
2058 352 2485 457 .BULGARLE
2528 390 2886 457 MICHIEP.

3700 392 3800 457 198

541 519 639 557 nas
668 502 736 556 ad
768 502 863 556 hoc
891 502 1151 556 excitans.
1193 501 1257 556 Et
1282 490 1497 574 quando
1524 521 1641 558 cum
1670 505 1827 559 Petro
1854 504 2116 572 praedica-

2227 503 2319 558 καὶ
2374 504 2729 576 Μακεδόνας
2774 507 2863 570 εις
2912 503 3090 559 τοῦτο
3138 500 3462 573 διεγείρων.
3504 506 3613 560 Kal
3654 511 3801 576 πρὸς

543 595 736 649 tionem
791 593 1065 655 diviserat,
1134 594 1318 663 ﬁdeles
1394 594 1646 650 Hebra'os
1706 612 1963 665 pauperes
2030 596 2121 663 qui

548 687 935 754 Hierosolymis
965 695 1114 739 erant
1144 703 1448 742 communes
1479 689 1627 755 facit.
1669 688 1983 743 Necessario
2020 691 2122 758 igi-

543 786 631 829 tur
658 778 773 830 istis
797 776 1004 836 scribit.
1038 788 1096 830 ut
1126 794 1213 831 eos
1234 777 1352 846 jam
1383 778 1558 829 animo
1585 778 1910 832 concidentes
1931 794 2122 832 conso-

543 868 696 920 letur.
733 867 872 921 Nam
895 868 1259 938 afﬂictionibus
1293 888 1324 923 a
1378 868 1761 924 contribalibus
1801 872 1912 924 suis
1951 871 2122 926 illatis

544 956 831 1009 admodum
868 958 1092 1027 confecti
1119 969 1293 1021 erant,
1337 961 1519 1030 quippe
1557 962 1648 1031 qui
1687 977 1785 1015 suo
1822 963 1946 1031 jure
1989 961 2125 1018 Hie—

543 1049 828 1118 rosolymis
854 1050 1113 1110 vivebant.
1150 1059 1408 1119 potestate
1435 1052 1536 1106 sibi
1565 1052 1714 1122 facta
1748 1052 2032 1122 judicandi
2072 1063 2125 1108 et

544 1140 597 1192 in
626 1157 889 1195 carcerem
926 1142 1168 1195 trahendi
1206 1159 1543 1214 quoscunque
1572 1146 1782 1204 vellent.
1814 1145 1930 1201 Hoc
1961 1147 2123 1201 etiam

542 1233 654 1299 ipse
712 1234 937 1294 indicat.
987 1234 1078 1288 ubi
1100 1237 1176 1288 ait
1205 1253 1224 1290 :
1260 1256 1278 1287 ι
1308 1235 1583 1291 Demissas
1614 1254 1808 1293 manus
1840 1249 1893 1293 et
1943 1240 2123 1294 soluta

541 1336 717 1390 genua
746 1324 940 1391 erigite
963 1325 1033 1379 ".
1074 1343 1094 1377 ι
1132 1323 1266 1380 Cum
1296 1324 1631 1384 enimludtei
1658 1340 1854 1392 essent,
1889 1346 1951 1383 ac
1976 1328 2124 1383 didi-

541 1414 738 1468 cissent
791 1416 1022 1485 majores
1069 1434 1194 1472 suos
1239 1421 1587 1487 praesentibus
1621 1422 1770 1475 bonis
1818 1437 1930 1476 esse
1973 1437 2120 1486 usos,

542 1506 695 1560 ralde
749 1509 929 1562 animo
985 1510 1353 1576 concidebant,
1391 1521 1447 1565 ut
1478 1514 1569 1581 qui
1604 1514 1836 1567 nondum
1890 1515 2124 1568 assecuti

540 1607 712 1651 essent
738 1599 1140 1655 relaxationem.
1182 1600 1465 1671 Propterea
1493 1604 1663 1658 multa
1700 1604 1765 1659 de
1810 1606 1917 1674 ﬁde
1946 1606 1998 1659 in
2024 1607 2123 1659 hac

545 1686 790 1756 Epistola
821 1691 1077 1757 disputat,
1105 1708 1166 1745 ac
1190 1692 1253 1746 de
1276 1695 1474 1748 sanctis
1508 1696 1600 1765 qui
1626 1711 1659 1748 α
1685 1696 1895 1750 condito
1927 1695 2122 1749 mundo

547 1782 787 1849 luerunt,
831 1798 923 1835 nec
949 1793 1127 1837 tamen
1157 1784 1412 1840 bonorum
1444 1803 1599 1841 nsunt
1629 1797 1754 1842 sunt
1789 1788 1984 1857 adepti,
2014 1790 2123 1845 duo

543 1888 672 1926 sane
698 1890 758 1927 as
786 1889 942 1928 ruens
976 1892 993 1927 :
1026 1892 1187 1929 unum
1230 1878 1462 1948 quidem,
1507 1882 1687 1934 omnia
1724 1896 1842 1952 quat
1870 1882 2122 1935 accidant

542 1982 789 2035 generose
820 1967 1036 2032 ferenda
1066 1980 1179 2024 esse
1226 1987 1246 2034 ;
1288 1972 1535 2039 alterum,
1570 1975 1783 2028 omnino
1814 1984 2125 2044 exspectan-

542 2058 667 2111 dam
697 2076 813 2114 esse
853 2065 1356 2130 compensationem.
1393 2064 1515 2120 Non
1547 2068 1685 2121 enim
1723 2068 1947 2137 negliget
1983 2068 2121 2122 Deus

549 2160 761 2206 sanctos
780 2162 926 2215 suos,
964 2167 1093 2224 quos
1125 2173 1156 2209 a
1183 2157 1378 2211 stucqu
1406 2157 1612 2213 habuit.
1665 2149 1850 2227 itaque
1884 2168 1996 2212 tum
2029 2174 2122 2215 vos

541 2259 745 2312 quoque
798 2245 1084 2311 recipietis.
1141 2248 1312 2301 Multa
1365 2259 1543 2302 autem
1586 2250 1717 2304 dicit
1756 2251 1820 2305 de
1866 2249 2043 2305 Veteri
2073 2259 2125 2306 et

547 2332 598 2386 Ν
606 2345 701 2389 ouo
741 2335 1103 2403 Testamento,
1134 2340 1461 2409 ostenditque
1492 2342 1652 2411 legem
1684 2358 1785 2396 non
1821 2360 1977 2411 porro
2012 2360 2124 2398 esse

543 2435 765 2492 ratam;
793 2442 915 2480 nam
943 2429 1042 2481 etsi
1077 2429 1328 2498 templum
1361 2432 1533 2485 adhuc
1572 2433 1769 2497 stabat,
1801 2435 2003 2488 indicat
2037 2445 2126 2488 ta-

543 2534 660 2571 men
684 2519 823 2588 quod
860 2522 930 2572 ad
975 2528 1176 2587 tempus
1222 2534 1386 2592 usque
1430 2524 1646 2594 aliquod
1673 2527 1742 2580 sit
1780 2527 2123 2593 duraturum,

543 2617 786 2661 nostram
817 2620 993 2664 autem
1016 2612 1319 2681 religionem
1359 2629 1473 2668 esse
1505 2632 1699 2670 veram.
1723 2614 1919 2671 Scribit
1948 2630 2124 2674 autem

545 2698 853 2769 Epistolam
874 2703 1013 2758 hanc
1046 2720 1111 2759 ea:
1157 2704 1346 2761 Italia.
1377 2706 1665 2778 Antiquior
1698 2719 1871 2762 autem
1911 2711 2015 2765 ista
2045 2721 2123 2765 est

541 2807 606 2845 ea
627 2809 788 2863 quam
807 2796 875 2847 ad
912 2795 1239 2851 Timotheum
1271 2798 1479 2853 scribit.
1516 2798 1662 2853 Nam
1688 2801 1743 2853 in
1773 2800 1867 2853 illa
1896 2802 2126 2857 ostendit

543 2884 702 2950 ﬁnem
725 2886 827 2941 sibi
846 2888 969 2943 vita:
995 2888 1290 2945 imminere.
1346 2910 1363 2943 ι
1402 2891 1514 2961 Ego
1547 2892 1716 2958 enim,
1769 2894 1962 2962 inquit,
2007 2895 2122 2963 jam

545 2975 779 3043 deli-hor,
828 2994 891 3034 ac
940 2988 1153 3051 tempus
1203 2983 1565 3038 resolutionis
1606 3001 1739 3040 mete
1774 2984 1944 3042 i'nstnt
1975 2988 2045 3041 ".
2099 3006 2118 3040 ι

548 3065 612 3120 In
643 3068 742 3123 hac
762 3080 936 3124 autem
959 3072 1224 3141 promittit
1245 3073 1478 3129 Hebrwis
1509 3074 1648 3143 quod
1670 3076 1781 3146 ipse
1812 3078 1878 3129 sit
1916 3078 2125 3133 risurus

544 3174 631 3212 οἰ
655 3175 674 3213 :
700 3160 1027 3230 Cagnoscite
1076 3164 1253 3229 enim,
1286 3165 1478 3234 inquit.
1515 3162 1738 3220 fratrem
1770 3164 2118 3223 Timotheum
2148 3189 2195 3252 ς

543 3250 827 3305 dimissum
867 3267 882 3305 :
926 3269 1050 3308 cum
1083 3271 1214 3325 quo,
1264 3257 1308 3311 si
1350 3257 1585 3313 celerius
1640 3258 1874 3323 venerit,
1926 3260 2124 3316 videbo

545 3357 646 3396 vos
678 3342 744 3395 ⁷⁷⁸.
784 3341 1088 3400 Verisimile
1108 3357 1186 3401 est
1214 3360 1387 3402 autem
1414 3349 1510 3402 hoc
1542 3350 1823 3404 accidisse.
1841 3349 2122 3406 Biennium

543 3436 682 3488 enim
708 3433 887 3490 Romae
908 3439 1109 3492 vinctus
1131 3438 1370 3494 detentus
1393 3452 1489 3507 est,
1512 3440 1699 3496 deinde
1739 3443 1988 3497 dimissus
2007 3454 2121 3509 est,

541 3530 985 3598 quemadmodum
1020 3544 1070 3586 et
1102 3533 1209 3603 ipse
1244 3533 1446 3587 indicat
1494 3535 1669 3588 dicens
1709 3546 1729 3587 :
1797 3551 1814 3585 t
1851 3535 1906 3588 In
1946 3535 2123 3605 prima

546 3634 664 3673 mea
687 3620 1006 3678 defensioue
1040 3640 1201 3678 nemo
1242 3624 1371 3679 mihi
1413 3624 1567 3680 aﬂ‘uit
1594 3626 1637 3657 ⁷⁷
1669 3646 1681 3680 :
1727 3645 1745 3677 ι
1798 3632 1866 3691 et,
1903 3644 1922 3676 ι
1959 3625 2122 3679 Libe-

546 3718 700 3763 ratus
721 3725 839 3763 sutn
862 3727 923 3764 ex
948 3728 1039 3766 ore
1076 3712 1273 3777 leonis,
1311 3733 1330 3765 ι
1376 3713 1607 3768 Neronis
1634 3715 1894 3770 videlicet.
1929 3714 2127 3768 Deinde

542 3796 599 3848 in
658 3796 947 3866 Hispanias
997 3804 1284 3874 profectus,
1352 3806 1501 3860 illinc
1551 3808 1805 3876 fortassis
1874 3806 2123 3862 llebrwos

544 3888 687 3946 risit.
720 3908 783 3945 ac
816 3890 1036 3949 Romam
1083 3908 1268 3967 postea
1314 3901 1493 3963 rediit,
1527 3900 1739 3970 quando
1768 3910 1816 3955 et
1847 3917 1879 3955 a
1913 3898 2125 3955 Nerone

542 3980 785 4037 sublatus
823 3998 921 4040 est.

2223 595 2331 648 τὸν
2361 570 2585 663 ῨΙέτρον
2613 594 2679 649 τὸ
2703 570 2989 664 κήρυγμα
3024 570 3394 664 διελόμενος,
3419 595 3561 663 τοὺς
3587 597 3659 650 ἐν
3692 570 3801 652 ἶῙεὲ

2216 686 2543 755 ρουσαλὴμ
2590 686 2848 751 πιστοὺς
2894 687 3205 754 Ἐϐραίους
3247 686 3512 753 πένητας
3560 690 3802 756 κοινοὺς

2223 777 2496 831 ποιεῖται.
2539 778 2903 846 Ἀναγκαίως
2931 771 3045 833 οὖν
3077 779 3313 844 τούτοις
3349 779 3579 848 γράφει,
3616 796 3803 850 παρα-

2220 869 2599 938 μυθούμενος
2627 870 2849 936 αὐτοὺς
2868 871 3351 935 καταπίπτοντας
3380 888 3395 903 ·
3429 870 3662 939 σφόδρα
3692 877 3801 941 γὰρ

2226 955 2392 1029 ἦσαν
2433 960 2916 1031 τεταριχευμένοι
2947 960 3076 1027 ταῖς
3121 961 3279 1028 παρὰ
3308 960 3426 1014 τῶν
3457 960 3622 1015 ἰδίων
3649 979 3803 1030 συμ-

2224 1047 2505 1118 φυλετῶν
2527 1047 2890 1114 κακώσεσιν,
2923 1050 3029 1105 ἅτε
3049 1051 3148 1103 καὶ
3178 1051 3716 1120 αὐτονομουμένων
3735 1053 3805 1104 ἐν

2236 1142 2691 1210 Ἰεροσολύμοις,
2739 1140 2838 1195 καὶ
2889 1140 3185 1203 ἐξουσίαν
3232 1140 3498 1208 ἐχόντων
3540 1141 3639 1194 καὶ
3676 1142 3804 1208 κρί-

2222 1252 2354 1290 νειν
2382 1235 2483 1288 καὶ
2514 1231 2868 1304 φυλιικίζειν
2895 1233 3006 1299 οὒς
3031 1232 3109 1287 ἂν
3134 1233 3425 1288 ἐθέλοιεν.
3479 1233 3590 1287 Καὶ
3626 1234 3803 1311 τοῦτο

2222 1329 2292 1382 δέ
2316 1328 2500 1394 αὐτὸς
2525 1327 2801 1396 ἐμφαίνει
2831 1325 3029 1394 λέγων
3048 1342 3063 1356 ’
3102 1341 3122 1376 ι
3163 1324 3275 1388 Τὰς
3305 1325 3646 1393 παρειμένας
3685 1327 3804 1394 χεῖ-

2229 1438 2348 1489 ρας,
2399 1420 2493 1473 καὶ
2523 1419 2592 1473 τὰ
2640 1416 3067 1489 παραλελυμένα
3118 1417 3325 1484 γόνατα
3361 1415 3727 1485 ἀνορθώσατε.
3779 1434 3797 1467 ι

2225 1514 2356 1567 Ἀτε
2404 1512 2515 1581 γὰρ
2559 1510 2833 1566 Ἰουδαῖοι
2873 1507 3068 1574 ὄντες,
3123 1506 3219 1560 καὶ
3266 1506 3564 1577 μαθόντες
3612 1505 3701 1559 ὅτι
3751 1508 3806 1559 οι

2223 1605 2479 1673 πατέρες
2531 1600 2730 1656 αὐτῶν
2772 1600 2933 1669 παρὰ
2980 1598 3171 1664 πόδας
3218 1596 3649 1664 ἀπελάμϐανον
3670 1597 3691 1627 ⁵
3732 1595 3808 1675 τὰ

2223 1697 2436 1766 ἀγαθὰ,
2468 1694 2706 1764 σφόδρα
2743 1694 3134 1754 κατέπιπτον,
3177 1690 3260 1756 ὡς
3303 1688 3485 1758 μήπω
3517 1689 3809 1757 τυχόντες

2225 1784 2510 1854 ἀνέσεως.
2558 1787 2657 1841 Διὸ
2691 1785 2791 1840 καὶ
2826 1784 3027 1840 πολλὰ
3071 1781 3206 1852 περὶ
3241 1783 3502 1847 πίστεως
3541 1779 3811 1850 διαλέγε-

2224 1898 2319 1935 ται
2350 1881 2419 1934 ἐν
2442 1880 2628 1947 ταύτῃ
2666 1875 2742 1946 τῇ
2780 1873 3127 1944 Ἐπιστολῇ,
3161 1872 3262 1929 καὶ
3308 1872 3430 1927 τῶν
3473 1873 3543 1937 ἐξ
3590 1870 3810 1938 αἰῶνος

2224 1975 2428 2046 ἁγίων,
2488 1973 2569 2040 ὡς
2613 1971 2794 2041 μήπω
2843 1969 3277 2025 ἀπολαϐόν-των
3317 1966 3389 2020 τὰ
3429 1964 3641 2035 ἀγαθὰ,
3694 1964 3811 2019 δύο

2224 2060 2712 2123 κατασκευάζων
2764 2060 2835 2114 ἐν
2886 2060 3025 2129 μὲν,
3072 2058 3139 2113 τὸ
3188 2057 3319 2111 δεῖν
3354 2058 3559 2127 φέρειν
3606 2057 3812 2109 πάντα

2222 2157 2511 2224 γενναίως
2544 2154 3071 2225 τὰξσυμπίπτοντα
3089 2168 3105 2184 ο
3126 2151 3331 2218 ἕτερον
3357 2149 3446 2212 δὲ,
3473 2150 3538 2203 τὸ
3566 2148 3810 2215 πάντως

2225 2244 2578 2318 προσδοκᾶν
2629 2246 2745 2313 τὴν
2799 2242 3075 2314 ἀμοιϐήν.
3139 2244 3221 2297 οὐ
3284 2241 3397 2311 γὰρ
3454 2244 3811 2309 περιόψεται

2225 2343 2441 2409 Κύριος
2490 2339 2633 2405 τοὺς
2664 2338 2765 2393 ἀπ’
2794 2337 3014 2403 αἰῶνος
3051 2337 3258 2407 ἁγίους
3281 2351 3295 2365 '
3333 2334 3491 2388 ὥστε
3523 2336 3658 2388 τότε
3702 2333 3811 2387 καὶ

2223 2432 2393 2503 ὑμεῖς
2422 2430 2842 2500 ἀπολήψεσθε.
2876 2429 3137 2484 Ποιεῖτιιι
3166 2428 3234 2481 δέ
3264 2428 3463 2483 πολὺν
3495 2430 3685 2497 ,λόγον
3704 2426 3811 2481 καὶ

2225 2526 2357 2594 περὶ
2393 2523 2502 2593 τῆς
2530 2515 2815 2588 Πωαιᾶς,
2871 2521 2970 2574 καί
3027 2519 3162 2587 περὶ
3218 2517 3325 2586 τῆς
3383 2518 3649 2586 Καινῆς.
3703 2517 3812 2572 καὶ

2225 2616 2500 2672 δείκνυσι
2530 2615 2640 2670 τὸν
2668 2616 2857 2683 νόμον
2891 2613 3091 2668 οὐκέτι
3124 2613 3379 2682 σεμνόνο
3421 2608 3474 2666 ει
3506 2610 3617 2680 γὰρ
3644 2611 3745 2664 καὶ
3779 2609 3814 2664 δ

2224 2708 2372 2774 ναὸς
2417 2706 2506 2760 ἔτι
2556 2704 2970 2771 συνειστήκει,
3018 2705 3156 2759 ἀλλ’
3199 2700 3315 2759 οὖν
3363 2704 3679 2756 σινίττεται
3713 2700 3813 2755 ὅτι

2226 2799 2366 2868 ἄχρι
2420 2797 2630 2865 καιροῦ
2685 2796 2858 2851 ἔσται
2898 2796 3095 2861 τινὸς,
3145 2795 3244 2850 καὶ
3291 2794 3380 2849 ὅτι
3430 2793 3504 2849 τὰ
3551 2794 3817 2863 ἡμέτερα

2225 2888 2449 2959 ἀληθῆ.
2476 2888 2701 2959 Γράφει
2730 2889 2798 2943 δὲ
2830 2887 2945 2957 τὴν
2973 2886 3343 2955 Ἐπιστολὴν
3377 2884 3494 2943 ἀπὸ
3524 2887 3811 2954 Ἰταλίας.

2226 2980 2605 3049 Πρεσὸυτέρα
2620 2981 2689 3033 δὲ
2719 2979 2872 3047 αὕτη
2904 2979 3014 3047 τῆς
3042 2979 3194 3048 πρὸς
3230 2979 3506 3048 Τιμόθεον
3530 2979 3815 3033 Ἐπιστο-

2226 3072 2365 3139 λῆς.
2418 3072 2521 3127 Ἐν
2550 3071 2752 3138 ἐκείνῃ
2779 3068 2898 3139 μὲν
2929 3071 3041 3139 γὰρ
3076 3069 3452 3124 ἐνδείκνυται
3499 3067 3587 3121 ὅτι
3632 3066 3817 3134 τέλος

2227 3165 2351 3235 ἔχει
2378 3162 2540 3230 αὐτῷ
2584 3165 2623 3233 ἡ
2671 3162 2805 3229 ζωή.
2842 3181 2861 3215 ι
2884 3162 3026 3232 Ἐγὼ
3056 3162 3165 3233 γὰρ
3190 3161 3313 3232 ήδη,
3347 3161 3523 3231 φησὶ,
3572 3159 3812 3213 σπένδο-

2232 3275 2351 3327 μαι,
2386 3258 2482 3310 καὶ
2510 3261 2537 3309 ὁ
2570 3253 2759 3326 καιρὸς
2778 3254 2879 3323 τῆς
2912 3255 3052 3323 ἐμῆς
3084 3250 3400 3314 ἀναλύσεως
3433 3252 3762 3320 ἐφέστηκεν.
3786 3268 3807 3302 s

2241 3346 2338 3399 Ἐν
2383 3345 2569 3411 ταύτῃ
2611 3343 2679 3397 δὲ
2717 3342 3149 3411 ἐπαγγέλλεται
3203 3339 3329 3406 τοῖς
3370 3340 3679 3407 Ἑϐραίοις.
3717 3339 3817 3392 ὅτι

2228 3436 2440 3505 ὄψεται
2465 3437 2707 3501 αὐτούς.
2746 3453 2766 3487 ι
2804 3435 3107 3488 Γινώσκετε
3148 3433 3279 3503 γὰρ,
3315 3431 3487 3502 φησι,
3532 3432 3622 3484 τὸν
3653 3430 3814 3483 ἀδελ-

2230 3531 2330 3601 φὸν
2380 3528 2650 3600 Τιμόθεον
2709 3526 3155 3596 ἀπολελυμένον*
3212 3524 3332 3594 μεθ’
3376 3518 3458 3584 οὗ,
3496 3521 3591 3576 ἐὰν
3620 3524 3815 3592 τάχιον

2228 3622 2479 3693 ἔρχηται,
2511 3614 2712 3690 ὄψομαι
2744 3620 2909 3686 ὑμᾶς.
2952 3636 2969 3670 ι
3004 3613 3180 3682 Εὶιιὸς
3211 3615 3280 3669 δέ
3308 3615 3483 3670 τοῦτο
3527 3615 3812 3680 ἐκϐῆναι.

2230 3715 2338 3772 Καὶ
2364 3713 2475 3784 γὰρ
2508 3713 2618 3767 δύο
2639 3711 2758 3779 μὲν
2784 3710 2886 3776 ἐτη
2928 3709 3224 3777 ἐποίησεν
3251 3708 3322 3760 ἐν
3362 3706 3544 3775 Ῥώμῃ
3571 3704 3821 3773 δεδεμέ-

2230 3826 2356 3874 νος,
2411 3802 2540 3861 εἶτα
2590 3804 2828 3873 ἀφείθη,
2865 3798 3184 3870 ὠσπεροῦν
3229 3800 3326 3852 καὶ
3377 3797 3559 3862 αὐτὸς
3606 3795 3814 3865 δηλοῖ,

2229 3899 2456 3968 λέγων·
2497 3915 2514 3948 ι
2566 3895 2655 3948 Ἐν
2692 3896 2756 3965 τῇ
2800 3892 2993 3964 πρώτῃ
3044 3907 3146 3962 μου
3192 3888 3459 3959 ἀπολογίᾳ
3497 3886 3670 3948 οὐδείς
3721 3901 3816 3956 μοι

2238 3988 2721 4061 συμπαρεγένετο·
2765 4002 2784 4036 ι
2830 3984 2953 4044 καὶ,
2996 4002 3014 4034 ι
3065 3979 3372 4053 Ἐρῤύσθην
3419 3980 3484 4031 ὲκ
3543 3977 3817 4047 στόματος

540 4068 776 4139 ἶἐξοντεοζ,
821 4096 838 4127 ι
898 4080 1002 4132 τοῦ
1056 4081 1326 4148 Νέρωνος
1368 4080 1654 4153 δηλαδή.
1716 4082 1858 4139 Εἶτα
1903 4086 1989 4150 εὶς
2043 4083 2151 4149 τὰς
2179 4082 2449 4147 Σπιινίιις
2503 4077 2733 4139 ἐλθὼν,
2816 4075 3047 4129 ἐκεῖθεν
3104 4072 3253 4139 ἴσως
3308 4067 3431 4125 εἶδε
3490 4069 3587 4123 καὶ
3667 4068 3818 4133 τοὺς

558 4165 886 4233 Ἐϐραίους,
930 4166 1056 4223 εἶτα
1080 4175 1167 4238 εὶς
1204 4173 1434 4244 Ῥώμην
1461 4171 1650 4245 ἦλθεν
1673 4172 1869 4242 αὖθις,
1900 4175 1996 4228 ὅτε
2021 4176 2114 4227 καὶ
2156 4175 2273 4229 ὑπὸ
2313 4165 2586 4241 Νέρωνος
2621 4167 2907 4236 ἀνῃρέθη.

621 4302 852 4362 "Hebr.
883 4323 980 4372 xu,
1017 4311 1100 4366 12.
1176 4312 1221 4348 ⁷⁵
1255 4312 1295 4368 ll
1315 4314 1458 4370 Tim.
1489 4330 1564 4381 IV,
1591 4315 1647 4369 ϐ.
1720 4315 1768 4347 ⁷⁸
1834 4315 2001 4371 llebt‘.
2051 4331 2172 4379 sui,
2207 4314 2304 4369 23.
2376 4312 2420 4345 ⁷⁷
2470 4310 2515 4365 ll
2543 4307 2686 4364 Tim.
2740 4324 2815 4373 tv,
2862 4305 2951 4360 Hi.

1898 4430 2098 4492 Variae
2127 4430 2462 4493 lectiones.

621 4523 643 4554 '
669 4522 943 4580 ἀπέλαϐον
976 4541 1029 4583 ο.

952 4846 2082 5015 'I‘HEOPHYLACTI
2208 4891 3359 5010 COMMENTARIUS

1605 5125 1690 5187 ΙΝ
1730 5123 2165 5188 EPISTOLAM
2189 5126 2294 5185 AD
2354 5122 2762 5185 HEBR/EOS.

1189 5427 1422 5490 CAPUT
1465 5432 1505 5489 ι.

621 5551 793 5624 65.9
818 5548 984 5605 Vens.
1002 5551 1046 5606 i.
1072 5548 1455 5618 Multifariam,
1491 5547 1783 5616 multisque
1816 5546 1986 5599 modis
2006 5544 2135 5597 olim

557 5642 699 5700 Deus
733 5647 936 5698 locutus
953 5643 1261 5711 patribusin
1284 5642 1570 5712 prophetis.
1598 5639 1737 5705 Quia
1768 5639 1950 5693 nillit-ti
1986 5638 2138 5690 malis

560 5738 972 5793 arbitrabantur
1020 5752 1079 5790 se
1126 5737 1346 5791 relictos
1389 5750 1513 5789 csse
1544 5749 1574 5786 ιι
1613 5733 1740 5795 Deo,
1780 5746 1955 5800 neque
2005 5730 2139 5784 adeo

559 5848 622 5886 se
655 5832 732 5885 illi
765 5846 909 5883 cura:
936 5844 1057 5884 esse
1091 5836 1149 5883 ut
1184 5830 1418 5898 majores
1452 5826 1694 5898 ipsorum
1726 5824 1962 5889 fuerant,
2000 5823 2140 5878 Pau-

2138 5304 2210 5316 ῃ

2884 5426 3134 5479 ΚΕΦᾹΛ.
3177 5428 3255 5479 A'.

2316 5542 2687 5611 Πολυμερῶς,
2711 5539 2807 5595 καὶ
2842 5542 3236 5607 πολυτρόπως
3267 5540 3449 5594 πάλαι
3481 5542 3513 5593 ὀ
3553 5540 3695 5605 Θεὸς
3716 5536 3833 5593 .la-

2246 5637 2446 5703 λήσας
2478 5634 2601 5699 τοῖς
2630 5631 2931 5701 πατράσιν
2958 5632 3028 5685 ἐν
3046 5632 3171 5697 τοῖς
3196 5630 3550 5699 προφήταις.
3598 5627 3832 5700 Ἐπειδὴ

2249 5725 2755 5796 ταλαιπωρούμενοι
2797 5724 2902 5780 ὑπὸ
2939 5723 3048 5778 τῶν
3079 5722 3291 5789 κακῶν,
3326 5720 3559 5792 ἡγοῦντο
3593 5719 3834 5783 ἑαυτοὺς

2250 5820 2849 5892 ἐγκαταλελειμμὲνους
2882 5819 2988 5873 ὑπὸ
3020 5818 3114 5873 τοῦ
3154 5818 3312 5886 θεοῦ,
3345 5818 3439 5874 καὶ
3470 5817 3569 5888 οὐχ
3592 5818 3667 5881 ὡς
3697 5816 3835 5880 τοὺς
