4080 6456
449 459 546 524 191

1394 458 1978 525 THEOPHYLACTI
2021 465 2270 525 BULGA
2280 467 2436 528 RLE
2475 469 2709 529 AllClIi
2722 470 2835 532 EP.

3615 471 3723 534 1le

448 577 612 643 dsit,
655 575 760 630 Per
791 591 963 645 quem.
989 573 1148 630 Pater
1179 573 1327 629 enim
1365 574 1579 628 videtur
1612 573 1814 641 facere,
1849 584 1907 630 ut
1937 577 2028 646 qui

2140 581 2164 632 ὁ
2201 580 2287 632 τὸν
2320 582 2623 651 ποιήσαντα
2661 582 2791 637 Υἱὸν
2827 584 3119 653 γεννήσας.
3186 585 3294 637 Καὶ
3345 586 3629 651 Σαὸέλλιος
3661 589 3724 641 δὲ

454 677 733 723 creantem
765 665 961 720 Filium
995 666 1296 736 generavit.
1335 664 1611 721 Sabellius
1646 667 1772 722 hinc
1817 669 2033 734 feritur,

447 775 576 813 cum
613 760 733 813 duas
762 758 852 812 hic
883 754 1141 812 Personae
1171 756 1615 812 introducuntur.
1641 756 1844 813 Paulus
1871 760 2034 814 etiam

452 854 863 909 Samosatensis
890 853 1090 907 lethale
1118 853 1318 906 vulnus
1345 854 1585 923 accipit,
1618 854 1712 923 qui
1761 865 2034 909 recentem

458 945 678 998 dicebat
732 942 952 1009 Flli'llll,
986 952 1039 998 et
1084 958 1148 997 cx
1191 941 1360 996 Maria
1408 944 1635 999 duxisse
1676 945 2031 1015 principium.

449 1034 720 1089 Praeterea
745 1043 798 1088 et
831 1034 994 1089 Arius
1036 1034 1138 1088 hoc
1171 1034 1288 1086 loco
1326 1032 1625 1102 trajicitur.
1657 1045 2034 1089 verumtamen

452 1144 565 1184 non
621 1144 796 1197 usque
852 1128 1038 1181 adeo:
1075 1126 1444 1195 apprehendit
1491 1128 1636 1182 enim
1708 1128 1879 1190 istud,
1936 1128 2036 1183 Per

452 1242 627 1295 quem,
682 1240 784 1279 ceu
832 1222 1100 1276 auxilium
1133 1222 1433 1291 quoddam,
1476 1221 1674 1277 Filium
1719 1207 2038 1281 ministrum

452 1333 576 1373 esse
610 1316 910 1372 allirmans.
943 1315 1012 1370 At
1040 1329 1171 1370 vero
1197 1330 1319 1384 quae
1344 1324 1651 1385 sequuntur
1679 1318 1858 1387 ipsum
1893 1320 2039 1388 peri-

451 1420 632 1465 munt.
1222 1393 1227 1399 ⁸

523 1502 627 1569 Qui
658 1502 877 1556 σωκ-δίε
912 1501 1164 1569 splendor
1193 1500 1399 1571 gloria.
1432 1498 1513 1555 Ad
1540 1501 1721 1572 ipsum
1754 1503 2033 1574 fastigium

451 1606 645 1647 eorum
681 1609 803 1662 quae
834 1592 901 1647 de
925 1592 1063 1647 Fillo
1100 1594 1392 1665 magniﬁce
1432 1595 1808 1665 praedicantur
1843 1612 2038 1651 ascen-

457 1687 561 1751 dit,
608 1694 663 1740 et
696 1684 885 1754 gloriae
933 1684 1284 1753 splendorem
1344 1685 1527 1755 ipsum
1587 1685 1766 1740 dicit:
1816 1695 1874 1741 ut
1932 1689 2037 1745 hoc

457 1778 663 1841 discas,
702 1778 849 1846 quod
877 1776 943 1830 sit
975 1783 1041 1832 ex
1073 1777 1194 1848 ipso
1215 1818 1230 1843 ,
1262 1776 1409 1847 quod
1442 1778 1561 1833 sine
1590 1779 1868 1849 passione,
1890 1780 2037 1851 quod

455 1885 522 1925 eo
547 1885 654 1922 non
682 1868 993 1929 imminuto.
1022 1869 1170 1938 quod
1194 1870 1439 1939 ejusdem
1464 1871 1536 1925 sit
1563 1870 1902 1934 substantias,
1932 1873 2035 1927 hoc

452 1967 558 2022 est,
586 1957 767 2012 lumen
804 1973 868 2011 ex
900 1958 1129 2012 lumine.
1152 1957 1287 2013 Nam
1312 1959 1522 2013 animas
1548 1966 1771 2015 nostras
1791 1961 1881 2016 ille
1907 1961 2037 2017 illu-v

462 2049 709 2111 minarit,
744 2062 810 2102 ac
842 2046 1059 2102 Patrem
1094 2048 1210 2119 ipse
1238 2048 1526 2116 expressit.
1549 2048 1843 2120 Propterea
1871 2052 2036 2107 etiam

453 2141 592 2195 divit
628 2158 642 2192 :
686 2138 797 2209 Fgo
826 2156 945 2193 sum
993 2139 1089 2193 lux
1128 2140 1398 2204 mundi",
1454 2142 1716 2210 quoniam
1757 2143 1922 2199 simul
1967 2145 2036 2200 ab

456 2241 665 2290 a~tcrno
695 2245 821 2284 cum
866 2230 984 2300 ipso
1015 2230 1251 2286 lucebat.
1299 2231 1434 2287 Nam
1481 2233 1740 2302 splendor
1773 2250 1880 2289 una
1909 2250 2034 2290 eum

453 2338 512 2378 re
565 2323 682 2393 ipsa
733 2337 854 2391 qua:
901 2323 1248 2392 splendorem
1317 2324 1544 2391 emittit,
1594 2325 1849 2381 collucet.
1892 2324 2030 2381 Nam

447 2429 626 2483 neque
654 2413 735 2467 sol
773 2413 892 2468 sine
930 2414 1222 2484 splendore
1278 2429 1517 2483 unquam
1546 2417 1822 2485 apparuit,
1859 2433 2037 2487 neque

448 2497 613 2556 Pater
637 2504 962 2566 intelligitur
990 2505 1110 2560 sine
1141 2503 1303 2559 Filio.
1341 2505 1571 2572 Quando
1612 2508 1777 2576 igitur
1799 2508 2036 2565 Arianos

453 2592 650 2646 audias
690 2593 963 2657 dicentes,
992 2594 1047 2648 Si
1075 2610 1142 2648 ex
1180 2595 1344 2652 Patre
1373 2595 1570 2660 Filius,
1602 2599 1878 2667 posterior
1904 2615 2036 2669 ergo

450 2691 539 2737 est
574 2685 737 2740 Patre
771 2704 785 2741 :
823 2686 1095 2755 responde
1125 2688 1207 2743 eis
1231 2728 1246 2752 ,
1279 2686 1628 2758 splendorem
1679 2704 1711 2744 a
1737 2690 1853 2745 sole
1890 2706 2033 2759 esse,

449 2789 550 2829 nec
600 2786 779 2832 tamen
820 2792 886 2833 eo
922 2780 1283 2849 posteriorem
1315 2794 1439 2836 esse
1493 2799 1507 2834 :
1561 2780 1726 2836 simul
1767 2781 1911 2837 enim
1953 2785 2035 2840 sol

446 2881 573 2921 emn
607 2884 711 2925 suo
750 2870 1043 2939 splendore
1065 2870 1515 2941 deprehenditur.

523 2961 593 3014 Et
619 2963 796 3030 ﬁgura
823 2961 1138 3015 substantiae
1159 2959 1298 3026 eius.
1330 2963 1470 3018 Cum
1504 2964 1734 3021 dixisset
1781 2968 2035 3037 splendo-

451 3067 594 3117 rem,
621 3066 685 3106 ac
712 3060 1002 3123 pr0pterea
1030 3052 1232 3108 Filium
1264 3052 1409 3108 Patri
1440 3067 1865 3125 cozcternum,et
1887 3063 2037 3131 ejus-

452 3146 577 3201 dem
607 3159 732 3200 cnm
764 3144 959 3200 eodem
990 3147 1245 3200 essentiae
1271 3155 1786 3215 commonstrasset,
1815 3167 2032 3221 rursus,

2136 669 2388 723 ἐντεῦθεν
2424 672 2744 740 πλήττεται,
2773 674 2871 727 ἆτὲ
2901 675 2996 729 δύο
3035 676 3386 731 ὑποστάσεων
3425 680 3724 748 εἰσαγομέ-

2136 778 2262 816 νων.
2305 764 2415 816 Καὶ
2452 765 2670 831 Παῦλος
2701 769 2758 822 δὲ
2789 771 2818 822 ὁ
2861 769 3215 839 Σαμοσατεὺς
3244 772 3467 839 καιρίαν
3505 773 3725 842 λαμσὰ-

2138 869 2219 905 νει
2270 855 2510 927 πληγὴν,
2545 858 2604 922 ὃς
2646 861 2965 933 πρόσφατον
3010 860 3164 929 ἔλεγε
3197 861 3288 915 τὸν
3318 862 3468 927 Υἰὸν,
3519 866 3612 938 καὶ
3657 867 3725 917 ἐκ

2137 944 2359 1014 Μαρίας
2385 946 2711 1018 ἀρξάμενον.
2758 950 2868 1001 Καὶ
2907 950 3129 1020 ΙἈρειος
3168 949 3225 1002 δὲ
3259 951 3356 1003 σὺν
3383 950 3560 1020 τούτῳ
3591 952 3725 1020 βάλ-

2137 1036 2286 1089 λεται
2319 1037 2439 1107 μὲν,
2494 1039 2635 1108 πλὴν
2660 1040 2779 1094 ἀλλ’
2803 1040 2865 1094 οὑ
2894 1042 3171 1106 τοσοῦτον,
3205 1042 3583 1121 ὲπιδρᾴττεται
3606 1043 3724 1114 γὰρ

2135 1125 2255 1190 τοῦ,
2315 1127 2398 1179 Δι’
2433 1124 2529 1193 οὗ,
2572 1129 2648 1192 ὼς
2696 1128 3044 1199 βοηθήματος
3087 1144 3255 1191 τινος,
3305 1129 3576 1198 ὑπουργὸν
3626 1130 3724 1183 τὸν

2138 1218 2268 1273 Υίὸν
2295 1218 2490 1289 λέγων.
2523 1221 2604 1275 Τά
2650 1221 2834 1290 μέντοι
2871 1222 3071 1292 ἐφεξῆς
3103 1220 3267 1275 αὑτὸν
3299 1220 3643 1277 Θανατούσιν.

2214 1500 2321 1565 Ὀζι
2352 1498 2438 1553 ὢν
2490 1500 2861 1569 ἀπαύγασμα
2892 1490 3020 1566 τῆς¹
3050 1496 3263 1567 δόξης.
3335 1498 3454 1553 Ἐπ’
3481 1492 3612 1553 αὐτὸ
3657 1499 3727 1552 τὸ

2136 1586 2272 1660 ὖιιος
2299 1592 2467 1663 ἀνέϐη
2493 1595 2514 1625 ⁸
2546 1592 2648 1661 τῆς
2679 1592 2813 1662 περὶ
2851 1591 2947 1646 τοῦ
2991 1591 3120 1645 Υίοῢ
3161 1591 3588 1662 μεγαληγορίας,
3622 1594 3726 1645 καὶ

2135 1683 2479 1754 ἀπαύγασμα
2528 1683 2690 1737 αὐτὸν
2732 1685 2883 1752 λέγει
2932 1683 3126 1754 δόξης·
3170 1685 3257 1737 ἵνα
3304 1684 3466 1737 τοῦτο
3514 1684 3722 1755 μάθῃς,

2134 1775 2219 1829 ὅτι
2263 1772 2323 1840 ἐξ
2352 1775 2543 1842 αὑτοῦ,
2575 1775 2658 1828 ὅτι
2693 1773 2947 1841 ἀπαθῶς,
2980 1775 3063 1828 ὅτι
3112 1774 3174 1828 οὑ
3212 1774 3561 1845 μειωθέντος,
3594 1765 3727 1829 οὑδὲ

2139 1866 2554 1931 ἐλαττωθέντος,
2591 1866 2675 1919 ὃτι
2713 1865 2815 1935 τῆς
2848 1866 3020 1936 αὐτῆς
3052 1865 3263 1930 οὐσίας,
3300 1866 3566 1934 τουτέστι,
3601 1866 3728 1934 φῶς

2141 1957 2204 2010 ἐκ
2237 1957 2430 2024 φωτός.
2488 1955 2600 2009 Καὶ
2627 1955 2738 2027 γὰρ
2790 1956 2884 2009 καὶ
2911 1957 3012 2020 τὰς
3050 1955 3326 2026 ἡμετέρας
3352 1955 3531 2026 ψυχὰς
3571 1957 3729 2026 ἐφώ-

2137 2066 2276 2114 τισε,
2326 2048 2422 2102 καὶ
2454 2048 2547 2110 τὸν
2583 2049 2803 2120 Πατέρα
2833 2048 2996 2112 αὐτὸς
3026 2050 3293 2120 ὲσήμανε.
3329 2049 3421 2103 Διὸ
3467 2050 3561 2103 καὶ
3598 2049 3729 2102 ἐλε-

2137 2155 2267 2209 γενο
2310 2138 2456 2209 Ἐγώ
2483 2142 2602 2207 ειμι
2630 2140 2697 2194 τὸ
2730 2139 2856 2208 φῶς
2890 2140 2997 2194 τοῦ
3030 2141 3286 2209 κόσμου,
3318 2141 3399 2193 ὅτι
3432 2139 3728 2202 συναϊδίως

2137 2230 2290 2301 αὐτῷ
2322 2232 2824 2301 συνεμφαινόμενος
2849 2246 2864 2262 ’
2895 2231 2989 2284 καὶ
3021 2230 3131 2300 γὰρ
3168 2230 3229 2284 τὸ
3268 2230 3610 2299 ἀπαύγασμα
3638 2230 3730 2301 τῷ

2137 2322 2510 2391 ἀπαυγάζοντι
2547 2322 2992 2393 συνεμφαίνεται.
3032 2322 3169 2376 Οὔτε
3201 2324 3311 2393 γὰρ
3347 2323 3499 2392 ἥλιος
3525 2322 3728 2394 ὡράθη

2138 2419 2270 2470 ποτὲ
2302 2418 2471 2487 χωρὶς
2503 2416 2960 2486 ἀπαυγάσματος,
2991 2415 3115 2470 οὕτε
3156 2418 3347 2485 Πατὴρ
3373 2409 3571 2469 νᾰείται
3605 2432 3757 2485 χω-ν

2141 2507 2225 2578 pl;
2268 2508 2421 2562 Υίοῦ.
2451 2509 2622 2562 Ὅταν
2652 2503 2746 2562 οὖν
2774 2508 3018 2580 ἀκούσῃς
3052 2508 3163 2561 τῶν
3200 2506 3496 2577 Ἀρειανῶν
3530 2506 3729 2574 λεγόν-

2137 2615 2247 2651 των
2279 2599 2361 2653 ὅτι
2387 2600 2449 2653 Εἰ
2480 2601 2543 2652 ὲκ
2574 2599 2791 2670 Πατρδς
2820 2599 2849 2650 ὁ
2881 2598 3034 2664 Υἱὸς,
3064 2599 3250 2653 λοιπὸν
3267 2597 3492 2666 ὕστερος
3514 2596 3681 2650 αὑτοῦ
3704 2613 3726 2629 ο

2139 2690 2351 2754 ἀντίθες
2380 2694 2582 2756 αὑτοῖς,
2613 2692 2695 2745 ὅτι
2726 2693 2833 2745 Καὶ
2857 2691 2916 2743 τὸ
2949 2690 3292 2760 ἀπαύγασμα
3326 2692 3390 2744 ἐκ
3416 2690 3510 2743 τοῦ
3540 2690 3725 2760 ἡλίου,

2138 2786 2236 2839 καὶ
2265 2786 2364 2855 οὐχ
2394 2782 2618 2854 ὕστερον
2649 2783 2817 2838 αὑτοῦ
2838 2800 2852 2816 ’
2888 2783 3003 2855 ἅμα
3032 2783 3140 2854 γὰρ
3177 2783 3352 2854 ἥλιος,
3384 2784 3500 2852 ἅμα
3536 2780 3729 2836 ἀπαύ-

2140 2890 2351 2943 γασμα.

2209 2965 2318 3020 Καὶ
2347 2961 2659 3034 χαρακτὴρ
2703 2960 2803 3030 τῆς
2838 2960 3233 3026 ὑποστάσεως
3274 2959 3481 3014 αὐτοῦ.
3533 2959 3730 3012 Εἰπὼν

2136 3059 2500 3127 ἀπαύγασμα,
2541 3054 2638 3108 καὶ
2685 3054 2774 3108 διὰ
2828 3053 2988 3106 τοῦτο
3038 3051 3100 3104 τὸ
3164 3050 3301 3120 πρὸς
3356 3050 3446 3104 τὸν
3497 3050 3728 3121 Πατέρα

2136 3150 2425 3221 ὀμοούσιον
2473 3150 2571 3202 καὶ
2628 3145 2898 3201 συναῖδιον
2948 3143 3127 3210 δείξας
3181 3141 3274 3195 τοῦ
3324 3141 3477 3204 Υὶοῦ,
3534 3138 3724 3207 αὖθις,

447 3237 576 3307 quia
611 3236 869 3306 splendor
898 3236 1204 3292 substantia
1232 3246 1405 3301 caret,
1438 3239 1729 3309 curatjam
1780 3243 2034 3299 absurdi-

2140 3241 2327 3311 ἐπειδὴ
2379 3241 2442 3295 τὸ
2494 3240 2839 3309 ἀπαύγασμα
2874 3234 3247 3291 ἀνυπόστατόν
3277 3230 3321 3266 ¹⁰
3367 3236 3505 3297 ἐστι,
3557 3232 3729 3302 Θερα-

448 3336 618 3382 tatem
647 3342 768 3397 quae
795 3327 865 3383 ab
900 3328 1009 3383 isto
1035 3329 1289 3399 exemplo
1333 3329 1514 3401 colligi
1566 3334 1763 3401 potuit,
1796 3350 1865 3389 ne
1888 3335 2035 3390 Mar-

451 3419 591 3475 cello
629 3427 684 3474 et
713 3419 957 3475 Sabellio
980 3421 1070 3475 hic
1100 3422 1254 3476 locus
1281 3422 1645 3492 relinquatur,
1671 3426 1764 3495 qui
1783 3427 2040 3483 dicebant

363 3560 379 3566 -
451 3527 564 3566 non
618 3527 742 3567 esse
805 3510 1007 3567 Filium
1061 3513 1116 3567 in
1179 3514 1399 3584 propria
1451 3530 1685 3584 persona
1736 3518 2039 3577 etaPatre

453 3603 748 3658 distincta.
772 3602 913 3659 Dicit
934 3618 1065 3674 ergo
1099 3622 1112 3658 :
1152 3605 1218 3659 Et
1242 3607 1415 3676 ﬁgura
1440 3607 1751 3665 substantia:
1775 3611 1889 3674 eius
1918 3621 1996 3668 est
2017 3631 2037 3669 :

454 3697 558 3749 hoe
583 3706 689 3757 est,
725 3696 1188 3763 quemadmodum
1212 3698 1372 3770 651
1401 3698 1561 3754 Pater
1590 3700 1646 3755 in
1667 3716 1766 3756 sua
1802 3718 2036 3773 persona

453 3788 792 3849 subsistens.
824 3787 1034 3843 nullius
1061 3789 1290 3843 alterius
1323 3790 1531 3860 indiget
1547 3792 1612 3847 ad
1633 3794 1717 3847 sui
1748 3788 2040 3863 perfectio-

447 3893 602 3947 nem,
647 3880 731 3936 sic
774 3888 830 3935 et
871 3878 1065 3936 Filius.
1097 3881 1396 3953 Postquam
1451 3885 1599 3939 enim
1640 3887 1959 3942 ostenderat
1987 3888 2039 3943 ei

447 3972 658 4025 nullam
721 3986 848 4028 esse
904 3972 1460 4042 dissimilitudinem,
1523 3977 1807 4046 proprium
1873 3979 2038 4035 etiam

449 4062 615 4131 primi
645 4063 977 4132 exentplaris
997 4064 1373 4119 characterem
1395 4081 1520 4121 esse
1545 4082 1639 4137 per
1667 4068 1784 4122 lucc
1808 4069 2038 4124 demon-

450 4163 597 4210 strat
623 4154 948 4224 Apostolus.
980 4154 1282 4210 Character
1301 4157 1448 4211 enim
1490 4159 1637 4213 aliud
1668 4158 1931 4228 quiddam
1956 4169 2041 4216 est

445 4247 522 4303 ab
572 4246 903 4316 archetypo,
944 4256 1004 4301 ut
1044 4245 1138 4316 qui
1175 4247 1294 4317 ipse
1348 4263 1446 4317 per
1487 4263 1548 4304 se
1589 4251 1879 4318 subsistat,
1921 4251 2042 4308 sine

454 4337 567 4393 ullo
597 4348 784 4392 tamen
808 4336 1133 4393 discrimine
1159 4349 1450 4409 pr0totypo
1493 4339 1710 4397 similis.
1742 4341 2040 4414 Gregorius

446 4442 632 4486 autem
665 4429 946 4501 Nyssenus
986 4429 1065 4484 ait
1098 4445 1112 4483 :
1152 4429 1624 4496 Quemadmodum
1655 4447 1751 4503 per
1781 4436 2040 4506 splendo-

451 4536 567 4577 rem
613 4521 1010 4576 counexionem
1055 4521 1177 4592 ejus
1212 4521 1498 4584 indicavit,
1542 4523 1624 4579 sic
1646 4539 1742 4596 per
1776 4525 2031 4598 ﬁguram,

449 4627 663 4671 natura!
696 4614 1088 4685 a'qualitatem.
1119 4614 1228 4680 Qui
1274 4616 1422 4670 enim
1456 4617 1728 4687 suppositi
1767 4620 2042 4689 magnitu-
2075 4609 2115 4663 ί)

444 4707 636 4761 dinem
690 4705 877 4759 animo
910 4707 1164 4776 concepit
1197 4721 1294 4776 per
1321 4706 1599 4764 visibilem
1632 4709 2035 4780 characterem,

448 4800 677 4853 ontnino
734 4797 1065 4853 metiebatur
1131 4798 1312 4869 ipsmn
1375 4800 1719 4870 suppositum
1768 4820 1782 4856 :
1854 4818 2038 4873 neque

451 4885 599 4940 enim
622 4886 967 4956 suppositum
998 4888 1214 4942 excellit
1230 4888 1541 4950 character.
1564 4906 1633 4945 ne
1667 4892 1742 4946 sit
1764 4892 1885 4948 sine
1902 4895 2038 4949 sub-

450 4979 727 5045 sistentia,
782 4987 1057 5049 quatenus
1112 4982 1348 5036 excellat
1398 4997 1414 5036 :
1471 4999 1648 5053 neque
1693 4989 2037 5056 suppositum

452 5070 633 5139 majus
664 5079 749 5126 est
774 5070 1098 5128 charactere
1127 5115 1142 5139 ,
1175 5074 1383 5144 alioqui
1415 5089 1624 5144 partem
1656 5078 1806 5133 illam
1837 5080 2035 5134 chara-

451 5162 624 5218 cteris
676 5170 958 5232 expertem
1021 5163 1251 5220 haberet
1311 5183 1324 5220 :
1388 5168 1847 5238 quemadmodum
1912 5188 2034 5225 cum

450 5255 584 5310 alibi
606 5255 740 5311 dicit
772 5253 970 5310 Filium
997 5256 1051 5310 in
1086 5255 1260 5311 forma
1295 5256 1386 5313 Dei
1411 5275 1557 5324 esse,
1592 5261 1696 5316 ltoc
1722 5263 1902 5330 ipsum
1933 5279 2035 5319 nos

452 5345 760 5416 intelligere
789 5350 940 5411 velit,
970 5364 1168 5419 nempe
1203 5366 1297 5418 per
1328 5351 1556 5407 formam
1589 5354 1833 5424 quidem,
1868 5357 2041 5427 hypa-

454 5438 632 5492 stasin
663 5457 680 5504 ;
731 5456 830 5510 per
858 5442 1233 5499 characterem
1262 5453 1444 5500 autem
1470 5486 1484 5511 ,
1531 5446 1817 5501 Dominum
1855 5451 1947 5518 qui
1983 5450 2038 5504 in

455 5528 576 5601 ipsa
597 5531 863 5587 cernitur.
904 5533 1315 5591 Commonstrat
1349 5544 1531 5593 autem
1582 5541 1809 5596 onlnino
1840 5538 2037 5596 Filium

530 5707 579 5741 ⁸⁸
608 5706 769 5765 Joan.
825 5723 945 5775 vm,
999 5709 1088 5766 12.

2140 3334 2297 3388 πεύει
2325 3333 2386 3387 τὸ
2419 3335 2484 3386 ὲκ
2525 3331 2621 3385 τοῦ
2656 3328 3056 3399 ὑποδείγματως
3084 3326 3304 3389 ἄτοπον,
3353 3326 3442 3379 ἵνα
3476 3324 3552 3395 μὴ
3577 3324 3729 3398 λάϐῃ

2140 3429 2323 3501 χώραν
2346 3426 2665 3499 Μάρκελλος
2704 3425 2800 3477 καὶ
2832 3421 3145 3487 Σαῦέλλιος,
3190 3419 3240 3472 οἳ
3277 3418 3486 3486 ἔλεγον,
3531 3419 3605 3488 μὴ
3642 3413 3729 3470 εἷ-

2139 3540 2226 3576 ναι
2257 3521 2346 3575 τδν
2371 3520 2499 3574 Υίὸν
2527 3520 2588 3572 ὲν
2623 3516 2735 3588 ἰδίᾳ
2781 3513 3080 3568 ὑποστάσει
3129 3510 3283 3584 παρά
3326 3511 3420 3564 τὸν
3476 3511 3727 3580 Πατέρα.

2139 3615 2311 3685 Φησὶν
2336 3611 2428 3667 οὖν
2450 3628 2465 3643 ·
2496 3610 2604 3669 Καὶ
2631 3608 2936 3680 χαρακτὴρ
2964 3606 3075 3676 τῆς
3102 3605 3500 3670 ὑποστάσεως
3532 3604 3728 3659 αὐτοῦ

2139 3705 2332 3768 ἐστιν,
2384 3699 2518 3768 οἷον,
2555 3702 2746 3772 ὥσπερ
2792 3700 2944 3754 ἐστὶν
2972 3698 3139 3761 αὑτὸς
3170 3695 3538 3758 ὲνυπόστατος
3569 3695 3731 3749 οὐδε-

2142 3798 2231 3860 νὸς
2258 3796 2513 3867 δεόμενος
2552 3796 2635 3857 είς
2667 3794 2969 3859 τελείωσιν,
3018 3791 3163 3845 οὕτω
3200 3789 3299 3844 καὶ
3325 3792 3353 3844 ὁ
3389 3789 3540 3852 Υἱός.
3567 3791 3731 3844 Μετά

2140 3890 2250 3961 γὰρ
2281 3889 2342 3943 τὸ
2392 3887 2667 3943 δεικνύναι
2721 3885 2783 3940 τὸ
2840 3882 3300 3954 ἀπαράλλακτον,
3351 3881 3432 3935 ἔτι
3478 3882 3576 3935 καὶ
3630 3883 3732 3937 τὸν

2145 3980 2421 4046 ἰδιάζοντα
2456 3978 2785 4051 χαρακτῆρα
2812 3975 2908 4031 τοῦ
2955 3973 3316 4047 πρωτοτύπου
3362 3971 3733 4027 δείκνυσιδιὲι

2141 4074 2353 4136 τούτων
2394 4074 2423 4127 ὁ
2487 4069 2831 4133 Ἀπόστολος.
2873 4068 2936 4123 '0
2986 4067 3095 4138 γὰρ
3128 4064 3418 4137 χαρακτὴρ
3450 4063 3608 4125 ἄλλος
3639 4080 3729 4127 τις

2145 4166 2263 4219 ἐστὶ
2292 4162 2445 4239 παρά
2485 4162 2547 4215 τὸ
2583 4160 2960 4234 πρωτότυπον,
3001 4158 3077 4220 ὡς
3110 4155 3360 4225 ὑφεστὼς
3392 4154 3555 4217 αὐτὸς
3599 4152 3729 4208 καθ’

2144 4258 2360 4322 ἑαυτὸν,
2407 4253 2602 4317 ἐοικὼς
2654 4253 2757 4322 μέν
2786 4268 2871 4304 τοι
2908 4248 3350 4320 ἀπαραλλάκτως
3385 4245 3465 4314 τῷ
3509 4261 3730 4315 πρωτο-

2142 4348 2317 4415 τύπῳ.
2365 4348 2422 4399 '0
2471 4344 2529 4398 δὲ
2576 4342 2800 4413 Νύσσης
2854 4340 3176 4413 Γρηγόριος.
3215 4334 3429 4407 Ὥσπερ
3484 4337 3572 4390 διά
3627 4336 3728 4388 τοῦ

2145 4438 2600 4508 ἁπαυγὰσματος,
2627 4435 2782 4504 φησὶ,
2815 4432 2879 4486 τδ
2923 4430 3161 4500 συναφὲς
3195 4429 3419 4493 ἔδειξεν,
3459 4425 3602 4481 οὔτω
3633 4427 3731 4481 διὰ

2144 4532 2238 4585 τοῦ
2282 4529 2630 4601 χαρακτῆρος
2659 4525 2720 4579 τὸ
2768 4526 3095 4579 ἰσοστάσιον.
3154 4522 3213 4574 Ὀ
3244 4522 3354 4590 γὰρ
3399 4520 3461 4572 τὸ
3496 4520 3728 4590 μέγεθος

2143 4625 2244 4695 τῆς
2298 4620 2651 4680 ὑποστάσεως
2701 4617 2759 4669 ἐν
2794 4617 2870 4686 νῷ
2922 4613 3127 4679 λαϐὼν,
3183 4613 3259 4684 τῷ
3311 4611 3729 4681 ὲπιφαινομένῳ

2141 4714 2454 4787 χαρακτῆρι
2512 4710 2730 4771 πάντως
2813 4707 3032 4776 ἐμέτρει
3099 4705 3191 4758 καὶ
3244 4705 3343 4774 τὴν
3404 4704 3727 4758 ὑπόστασιν.

2142 4805 2279 4860 Οὔτε
2315 4803 2423 4873 γὰρ
2479 4798 2738 4870 ὑπερέχει
2787 4801 2886 4869 τῆς
2937 4796 3288 4857 ὑποστάσεως
3329 4798 3356 4846 ὁ
3412 4796 3726 4863 χαρακτὴρ,

2143 4899 2230 4951 ἵνα
2267 4896 2341 4967 μὴ
2369 4892 2743 4952 ἀνυπόστατος
2777 4886 2832 4963 ᾗ,
2868 4888 3005 4941 καοὸ
3037 4886 3328 4955 ὑπερέχει·
3366 4882 3491 4936 οὔτε
3524 4886 3556 4954 ὴ
3589 4884 3731 4937 ὑπό-

2143 5004 2333 5050 στασις
2376 4983 2575 5037 πλείων
2634 4980 2751 5033 ἐστὶ
2820 4979 2915 5033 τοῦ
2967 4980 3351 5051 χαρακτῆρος’
3410 4970 3447 5046 ἦ
3496 4978 3604 5042 γὰρ
3660 4974 3730 5027 ἂν

2144 5077 2627 5149 ἁχαρακτήριστον
2655 5074 2770 5145 ἔχοι
2802 5074 2978 5124 ἐκεῖνο
3007 5072 3067 5123 τὸ
3091 5070 3287 5139 μέροςο
3321 5066 3608 5137 ὼσπεροῦν
3634 5069 3732 5121 καὶ

2146 5171 2381 5242 ἀλλαχοῦ
2412 5170 2607 5235 λέγων,
2648 5167 2739 5220 τὸν
2786 5164 2915 5217 Υἱὸν
2949 5166 3005 5216 ἐν
3053 5162 3234 5233 μορφῇ
3267 5160 3401 5213 Θεοῦ
3435 5161 3726 5232 ὑπάρχειν,

2147 5265 2283 5319 αὐτὸ
2315 5263 2475 5316 τοῦτο
2508 5259 2722 5314 δίδωσιν
2779 5259 2910 5327 ἡμῖν
2957 5258 3182 5331 ἐννοεῖν,
3226 5253 3443 5323 μορφὴν
3479 5251 3597 5323 μὲν,
3628 5250 3729 5322 τὴν

2147 5358 2451 5411 ὑπόστασιν
2471 5394 2485 5417 ,
2531 5352 2859 5423 χαρακτῆρα
2891 5350 2947 5400 δὲ
2974 5349 3066 5402 τὸν
3103 5346 3305 5417 Κύριον
3335 5347 3392 5399 ὲν
3418 5346 3555 5415 αὑτῇ
3594 5343 3730 5395 θεω-

2152 5448 2436 5521 ρούμενον.
2466 5445 2720 5496 Δείκνυσι
2763 5440 2819 5493 δὲ
2883 5438 3100 5501 πάντως
3128 5437 3188 5490 τὸ
3217 5436 3354 5507 πρὸς
3387 5435 3479 5488 τὸν
3508 5434 3729 5504 Πατέρα

2152 5539 2443 5612 ἰσόμετρον
2472 5535 2566 5590 τοῦ
2593 5533 2747 5589 Υίοῦ.
2783 5533 2862 5604 Τῇ
2908 5531 3018 5603 γὰρ
3069 5532 3249 5603 μορφῇ
3292 5530 3324 5599 ή
3374 5528 3466 5583 τοῦ
3514 5527 3726 5597 Πατρὸς

1816 5806 2014 5870 νοτία)
2044 5807 2378 5870 lectiones.

526 5899 552 5939 δ
578 5906 858 5962 ἀναϐαίνει
899 5923 952 5961 οι
1043 5906 1086 5940 ¹⁰
1116 5906 1335 5962 ἐνυπὸτ.
1378 5922 1430 5961 οι
