4080 6410
343 333 453 396 1⁸33

1066 330 1472 396 EXPOSI'I‘IO
1505 329 1589 391 IN
1629 328 1872 390 EPIST.
1896 330 1997 389 AD
2038 331 2438 394 HEBR/EOS.
2473 360 2542 371 -
2583 335 2746 397 CAP.
2786 336 2835 395 Ι.

3521 332 3624 398 194

343 445 711 519 μεγαλειότης
760 446 1153 517 ὲνθξωρεϊται,
1200 440 1439 512 οὐδαμοῦ
1477 440 1652 509 αὐτῆς
1701 439 1941 509 ὑπερπί-

2044 454 2165 495 csse
2192 440 2338 495 Patri
2364 442 2650 512 zequalem.
2676 442 2735 497 ln
2772 442 2947 498 forma
2977 441 3123 497 enim
3152 441 3336 499 Patris
3369 443 3631 513 majestas

342 555 561 593 πτουσα
585 555 603 568 ⁸
633 532 671 607 ἦ
723 537 832 608 γὰρ
860 537 930 590 ἂν
955 538 1204 609 ἄμορφον
1258 534 1345 603 εἴη
1371 531 1465 586 καὶ
1492 530 1727 591 ἀκαλλὲς
1749 528 1812 581 τὸ
1835 526 1940 593 ἔξω

338 629 447 695 τῆς
492 625 713 699 μορφῆς
750 627 974 692 πῖπτον,
1008 626 1149 690 ὅπερ
1178 621 1383 675 ἄτοπον
1420 620 1550 689 περὶ
1583 618 1680 676 τοῦ
1729 616 1941 688 Πατρδς

343 722 573 775 ἐννοεῖν.
636 723 699 774 El
752 721 809 774 δὲ
855 718 1099 781 τοσαύτη
1155 714 1303 769 ἐστὶν
1349 715 1383 784 ἡ
1428 712 1793 784 μεγαλειότης
1842 711 1939 765 τοῦ

345 813 587 882 Πατρδς,
622 813 722 883 ὅση
745 812 839 865 καὶ
861 814 895 883 η
932 807 1138 881 μορφὴ,
1171 808 1200 860 ὁ
1240 805 1297 859 δὲ
1323 803 1610 876 χαρακτὴρ
1652 805 1941 873 ίσὸμετρος

343 907 418 975 τῇ
457 886 641 974 πβρφῇ
667 919 683 935 ⁸
713 902 826 973 ἔχοι
874 904 944 957 ἂν
990 901 1087 954 καὶ
1128 901 1157 952 ὁ
1212 895 1498 967 χαρακτὴρ
1537 896 1806 964 τοσαύτην
1840 896 1940 963 τὴν

351 996 775 1068 μεγαλειότητα,
823 998 925 1066 ὅση
958 997 1024 1066 τῇ
1086 993 1272 1065 μορφῇ
1318 990 1414 1045 τοῦ
1461 990 1599 1044 θεοῦ
1651 991 1938 1061 ἐνθεωρεῖ-

348 1106 465 1142 ται.

421 1180 629 1248 Φέρων
668 1197 734 1235 τε
773 1179 846 1234 τὰ
871 1181 1070 1236 πάντα
1105 1182 1186 1246 τῷ
1227 1182 1453 1251 ῥήματι
1485 1178 1599 1247 τῆς
1625 1177 1940 1246 δυνάμεως

350 1273 564 1328 αὐτοῦ.
606 1274 669 1324 '0
714 1271 908 1341 πρώην
944 1272 1419 1343 ὑποδραττόμενος
1470 1270 1588 1333 τοῦ,
1657 1269 1731 1322 δι’
1766 1264 1840 1325 οὗ
1873 1270 1936 1332 ¹¹,

353 1364 455 1418 καὶ
481 1364 560 1426 ὡς
610 1362 886 1433 ὑπουργὸν
916 1363 1082 1416 αὐτὸν
1112 1362 1285 1426 τιθεὶς
1304 1404 1320 1428 ,
1354 1362 1521 1416 ἄκουε
1545 1362 1661 1423 νῦν.
1700 1362 1748 1414 εί
1781 1359 1941 1419 δύνα-

354 1473 451 1511 σαι
474 1457 742 1519 συνεῖναι,
767 1454 884 1517 πῶς
908 1452 1147 1508 ἐνταῦθα
1174 1455 1391 1508 δίδωσιν
1417 1457 1445 1508 ὁ
1478 1453 1691 1516 Παῦλος
1723 1452 1800 1523 τῷ
1823 1451 1939 1522 Υίῷ

346 1548 455 1617 τὴν
513 1545 828 1599 αύθεντέαν.
870 1546 989 1599 υύκ
1039 1542 1161 1599 εἷπε
1215 1546 1296 1609 δὲ,
1351 1545 1538 1614 Φέρων
1583 1546 1650 1613 τῇ
1687 1543 1936 1613 δυνάμει,

348 1640 512 1704 ἀλλὰ,
552 1636 633 1704 τῷ
649 1636 873 1706 ῥήματι
901 1636 1014 1705 τῆς
1048 1637 1380 1707 δυνάμεως,
1411 1635 1683 1699 τουτέστι,
1739 1634 1819 1705 τῷ
1846 1635 1938 1702 γέο

355 1746 521 1798 μοντι
584 1727 872 1798 δυνάμεως
902 1727 981 1797 τῷ
1010 1727 1237 1782 δυνατὸν
1292 1727 1458 1781 αὐτὸν
1511 1725 1802 1782 δεικνύντι.
1845 1725 1935 1790 Ὠς

349 1822 465 1891 γὰρ
494 1819 678 1886 λέγεις
699 1820 795 1872 καὶ
824 1819 916 1873 τὸν
935 1820 1160 1891 Πατέρα
1193 1821 1371 1875 εἰπεῖν
1392 1835 1408 1850 ·
1432 1818 1756 1887 Γενηθήτω
1782 1816 1931 1887 ςρῶς,

350 1913 453 1967 καὶ
481 1912 722 1982 ἐγένετο
745 1910 873 1981 φῶς
891 1927 905 1940 ·
938 1911 1084 1967 οὕτω
1113 1913 1210 1967 καὶ
1234 1913 1264 1966 δ
1289 1912 1422 1976 Υἱδς
1448 1913 1658 1983 ῥήματι
1687 1911 1844 1981 φέρει
1866 1911 1935 1964 τὰ

351 2005 563 2066 πάντα,
596 2003 869 2067 τουτέστι,
905 2004 1169 2076 κυϐερνᾷ,
1210 2006 1594 2076 συγκρατευί.
1630 2003 1849 2058 Μᾶλλον
1877 2002 1933 2055 δι

354 2098 553 2168 μεῖζον
567 2096 662 2150 τοῦ
689 2096 1040 2166 παραγαγεῖν
1065 2096 1136 2151 τὰ
1161 2095 1360 2161 πάντα,
1373 2095 1436 2149 τὸ
1456 2093 1934 2160 διαστασιάζοντα,

351 2190 451 2243 καὶ
472 2191 556 2251 εἰς
585 2188 648 2241 τὸ
677 2187 756 2259 μὴ
808 2183 948 2241 εἶναι
983 2186 1247 2258 μέλλοντα
1290 2187 1649 2259 προχωρῆσαι
1693 2203 1938 2257 συγκρα-

349 2282 489 2334 τεῖν.
540 2278 656 2332 Καὶ
711 2279 813 2332 οὐκ
863 2274 1009 2343 εἷπε,
1053 2278 1369 2350 κυϐερνῶν,
1398 2278 1556 2344 ἀλλὰ,
1614 2277 1828 2348 φέρων,
1872 2282 1937 2332 ὲκ

354 2371 684 2441 μεταφορᾶς
725 2369 838 2423 τῶν
888 2367 1142 2441 δακτύλῳ
1174 2387 1228 2424 τι
1256 2370 1613 2425 ποιούντων¹³
1668 2370 1937 2426 κινεῖσθαι

352 2464 453 2519 καὶ
505 2461 934 2531 μεταφέρεσθαι.
996 2463 1102 2515 ’Τὸν
1147 2462 1257 2533 γὰρ
1281 2460 1599 2533 τηλικοῦτον
1626 2461 1789 2531 ὄγκον
1838 2462 1939 2533 τῆς

354 2554 592 2616 κτίσεως
619 2553 713 2607 τὸν
747 2554 1093 2626 σπέρμεγαν,
1119 2553 1196 2616 ὡς
1225 2555 1379 2608 οὐδὲν
1398 2554 1563 2617 αὐτὸς
1582 2554 1938 2620 διαϐαστάζει

355 2645 452 2698 καὶ
478 2645 627 2715 λόγῳ
654 2645 803 2715 μόνῳ
829 2644 1010 2699 πάντα
1046 2644 1355 2716 δυναμένῳ.
1394 2646 1471 2700 Ού
1508 2647 1616 2714 γὰρ
1656 2647 1814 2720 ψιλὸν
1844 2648 1940 2702 ἐπὶ

354 2733 496 2787 Θεοῦ
524 2736 585 2787 τὸ
606 2736 783 2805 ῥῆμα,
808 2736 884 2799 ὡς
903 2737 991 2805 ἐφ’
1016 2736 1193 2805 ἡμῶν.
1215 2731 1348 2791 Εἶτα
1376 2736 1647 2792 τοσούτων
1671 2738 1940 2808 αἱρέσεων

357 2826 822 2894 ἀνατρεπομένων
847 2828 904 2879 ἐν
936 2826 1240 2897 προοιμίοις
1258 2826 1421 2891 εὐθὺς
1445 2828 1547 2898 τῆς
1594 2829 1938 2899 Ἐπιστολῆς,

360 2916 478 2979 πῶς
504 2916 749 2986 τολμῶσί
771 2934 914 2980 τινες
940 2917 1155 2972 ἀθετεῖν
1190 2919 1386 2991 αὐτὴν,
1416 2919 1494 2983 ὡς
1525 2919 1602 2991 μὴ
1639 2919 1719 2991 τῷ
1742 2921 1942 2993 Παύλῳ

359 3011 770 3080 προσήκουσαν,
800 3012 1100 3082 τεκμήριον
1123 3009 1216 3064 τδν
1246 3012 1574 3082 χαρακτῆρα
1596 3013 1694 3083 τῆς
1723 3013 1940 3084 γραφῆς

2043 532 2523 599 animadvertitur,
2538 549 2880 604 nequaquam
2905 535 3080 604 ipsam
3096 547 3468 604 exsuperans:
3493 536 3633 589 alio-

2041 625 2135 695 qui
2167 626 2403 683 informe
2426 637 2597 694 esset,
2631 639 2686 684 et
2710 629 3125 700 pulchritudine
3151 641 3373 685 vacaret
3402 630 3454 685 id
3481 630 3629 699 quod

2042 716 2275 772 formam
2303 720 2618 786 excederet,
2650 720 2702 774 id
2730 720 2878 790 quod
2898 719 2967 775 de
2984 720 3143 775 Patre
3167 721 3406 790 cogitare
3432 721 3631 773 ahsur-

2043 810 2169 863 dum
2200 819 2305 865 cst.
2340 809 2396 864 Si
2429 819 2609 866 autem
2637 820 2784 866 tanta
2808 820 2895 867 est
2918 811 3182 880 majestas
3203 809 3404 874 Patris,
3426 818 3630 879 quanta

2040 909 2095 954 et
2155 901 2327 954 forma
2376 910 2481 967 est,
2536 903 2824 957 character
2869 910 3054 957 autem
3102 903 3334 972 aequalis
3382 911 3467 956 est
3525 901 3631 970 ipsi

2043 990 2231 1046 formae
2308 1010 2320 1046 :
2392 992 2617 1048 habebit
2688 995 2854 1048 etiam
2937 1002 3144 1048 tantam
3215 992 3630 1063 amplitudinem

2040 1082 2348 1142 character.
2378 1094 2580 1151 quanta
2611 1084 2665 1137 in
2700 1084 2791 1139 Dei
2825 1084 3000 1139 forma
3033 1099 3157 1141 esse
3196 1084 3558 1154 conspicitur.

2024 1176 2029 1181 '
2111 1168 2350 1227 Portam
2374 1175 2557 1227 omnia
2594 1174 2749 1228 verba
2784 1175 3032 1242 potentia:
3061 1190 3195 1228 sum.
3236 1172 3321 1228 Tu
3371 1175 3465 1243 qui
3520 1187 3632 1228 non

2043 1265 2119 1319 ita
2153 1265 2370 1335 pridem
2400 1266 2817 1335 apprehendens
2852 1265 3027 1331 Istud,
3055 1264 3162 1319 Per
3205 1280 3382 1334 quem,
3446 1262 3630 1334 ipsum

2042 1362 2303 1425 tanquam
2337 1356 2661 1410 ministrum
2701 1355 3110 1419 constituebas,
3137 1354 3262 1408 audi
3311 1354 3423 1423 jam
3460 1369 3631 1419 nunc,

2040 1449 2088 1504 si
2116 1449 2423 1520 intelligere
2457 1458 2636 1518 potes,
2666 1448 2946 1518 quomodo
2967 1448 3056 1501 hic
3077 1446 3218 1501 Filio
3245 1448 3632 1502 auctoritatem

2043 1540 2273 1595 tribuat.
2309 1539 2426 1595 Non
2447 1540 2587 1595 dixit
2622 1549 2830 1603 autem,
2897 1539 3132 1594 Portans
3181 1539 3449 1609 potentia,
3509 1538 3632 1602 sed,

2040 1631 2472 1700 verbopotentite,
2500 1633 2603 1688 hoc
2631 1642 2737 1698 est,
2769 1633 2914 1703 quod
2946 1633 3212 1688 refertum
3243 1643 3329 1688 est
3361 1631 3631 1703 potentia,

2040 1726 2188 1797 quod
2220 1726 2400 1796 ipsum
2432 1734 2711 1796 potentem
2746 1741 2872 1782 esse
2900 1726 3104 1797 arguit.
3138 1724 3373 1781 Perinde
3390 1739 3629 1795 namque

2043 1829 2103 1874 ut
2135 1820 2217 1876 ais
2252 1818 2470 1875 Patrem
2503 1818 2712 1874 dixisse
2748 1837 2762 1874 :
2810 1818 2932 1872 Fint
2966 1818 3081 1882 ινα,
3119 1828 3168 1873 et
3204 1818 3350 1886 facta
3375 1827 3455 1873 est
3485 1817 3627 1872 luat:

2037 1911 2121 1967 sic
2157 1920 2213 1966 et
2238 1910 2414 1966 Filius
2444 1911 2615 1966 verbo
2635 1918 2813 1981 gestat
2847 1909 3056 1973 omnia,
3096 1909 3149 1964 id
3178 1916 3286 1977 est,
3337 1909 3632 1983 gubernat,

2037 2004 2321 2057 continet:
2354 2003 2466 2059 imo
2496 2003 2678 2071 majus
2708 2010 2815 2069 est,
2877 2000 3231 2065 dissidentia,
3282 2009 3340 2057 et
3389 2000 3459 2056 ad
3519 2016 3633 2056 non

2037 2110 2163 2150 esse
2186 2095 2432 2159 abitura,
2464 2096 2754 2151 continere
2789 2104 2845 2150 et
2873 2109 3229 2160 conservare,
3256 2107 3422 2163 quam
3444 2095 3633 2148 omnia

2039 2188 2368 2255 producere.
2406 2187 2518 2243 Nec
2582 2187 2744 2252 dixit,
2802 2186 3153 2251 Guliernans,
3215 2186 3334 2250 sed,
3389 2194 3632 2254 portans,

2039 2291 2256 2347 sumpta
2287 2280 2610 2348 metaphora
2638 2279 2708 2334 ab
2728 2279 2798 2335 iis
2826 2280 2919 2349 qui
2948 2278 3123 2350 digito
3154 2277 3365 2332 faciunt
3386 2285 3444 2331 ut
3471 2276 3636 2346 quid-

2040 2385 2208 2440 quam
2284 2380 2575 2426 moveatur
2630 2369 3134 2440 transferaturque.
3209 2368 3341 2423 Tale
3395 2382 3636 2437 namque

2043 2471 2375 2535 tantumque
2400 2465 2619 2535 pondus
2649 2471 3032 2519 creaturarum
3059 2463 3226 2518 veluti
3287 2462 3428 2516 nihil
3459 2469 3632 2526 esset,

2039 2555 2162 2626 ipse
2184 2556 2268 2612 vel
2291 2557 2411 2613 solo
2441 2557 2606 2611 verbo
2636 2557 2781 2626 quod
2804 2556 2988 2610 omnia
3017 2563 3218 2625 potest,
3241 2554 3481 2624 bajulat.
3515 2553 3633 2608 Non

2040 2649 2185 2702 enim
2208 2645 2644 2718 perindeexigua
2676 2663 2764 2703 res
2785 2648 2946 2703 estin
2965 2646 3078 2701 Deo
3106 2646 3418 2709 verhum,ut
3451 2647 3504 2698 in
3534 2662 3634 2698 nu-

2041 2738 2150 2795 bis.
2218 2740 2289 2794 At
2332 2739 2555 2794 interim
2601 2753 2727 2793 cum
2777 2747 2854 2794 tot
2908 2737 3142 2792 haereses
3177 2737 3231 2791 in
3265 2736 3493 2791 exordio
3521 2744 3635 2789 sta-

2042 2832 2141 2885 tim
2165 2830 2334 2901 hujus
2357 2830 2619 2902 Epistolae
2641 2832 2754 2887 sint
2794 2846 3024 2895 eversa},
3061 2831 3342 2901 quomodo
3382 2830 3634 2885 nonnulli

2046 2922 2190 2977 lianc
2211 2922 2547 2994 Epistulam,
2568 2931 2829 2994 tanquam
2857 2920 3028 2977 Paulo
3058 2938 3167 2977 non
3191 2924 3633 2990 convenientem,

2044 3013 2278 3081 rejiccre
2329 3013 2558 3079 audent,
2626 3015 2863 3084 hujusce
2920 3012 3024 3070 rei'
3056 3014 3318 3069 indicium
3371 3013 3635 3070 facientes

358 3104 683 3173 ποιούμενοι
712 3102 1172 3174 παρηλλαγμένον
1201 3104 1294 3158 τοῦ
1323 3105 1435 3158 τῶν
1464 3106 1642 3161 ἄλλων
1686 3107 1938 3161 Ἐπιστο-

2046 3112 2171 3182 styli
2209 3110 2612 3177 characterem,
2649 3119 2842 3181 utpote
2872 3125 2903 3165 a
2925 3109 3143 3166 caeteris
3175 3111 3351 3181 ipsius
3370 3109 3635 3180 Epistolis

357 3193 509 3262 15w;
547 3195 697 3253 Ἔδει
721 3194 834 3266 γὰρ
858 3194 1059 3258 αὐτοὺς
1087 3195 1339 3258 συνιδεῖν.
1373 3197 1457 3250 ὄτι
1494 3197 1559 3250 τὸ
1586 3198 1873 3267 μεγαλεῖον
1896 3199 1940 3239 ι’*

355 3286 472 3341 τῶν
502 3288 818 3357 νοημάτων,
855 3287 952 3343 καὶ
981 3288 1018 3357 ἡ
1059 3287 1457 3360 ἀναντίρῤητος
1477 3288 1527 3320 ¹¹
1546 3289 1730 3344 αὐτῶν
1763 3290 1940 3361 ἰσχὺς,

355 3382 508 3444 τινος
538 3381 708 3433 ἄλλου
730 3381 765 3451 ῆ
794 3380 1034 3453 Παύλου,
1077 3382 1173 3434 τοῦ
1203 3381 1295 3436 τὸν
1331 3382 1570 3452 Χριστὸν
1597 3382 1815 3452 ἔχοντος
1854 3384 1944 3437 λαο

358 3473 564 3527 λούπα
592 3476 653 3526 ἑν
683 3473 904 3542 ἑαυτῷ;
937 3474 1000 3526 El
1028 3473 1085 3526 δὲ
1115 3473 1209 3526 τὸν
1258 3475 1586 3544 χαρακτῆρα
1641 3474 1944 3531 σκάνδαλον

356 3564 625 3629 τίθενται,
656 3564 979 3634 μαθέτωσαν
1001 3566 1086 3619 ὃτι
1112 3560 1323 3630 Παῦλος
1347 3567 1446 3637 μὲν
1461 3567 1707 3639 Ἐϐραΐδι
1727 3568 1944 3641 γλώττῃ

357 3658 462 3723 τὴν
482 3656 806 3728 Ἐπιστολὴν
835 3658 1232 3730 ὑπηγόρευσεν,
1255 3658 1351 3712 ἅτε
1374 3659 1511 3730 πρὸς
1539 3661 1827 3732 Ἐϐραίους
1852 3662 1945 3718 τὸν

359 3748 525 3816 λόγον
550 3749 875 3818 ποιούμενος
895 3765 911 3779 ·
945 3750 1026 3812 εἰς
1054 3749 1112 3803 δὲ
1142 3749 1243 3821 τὴν
1274 3749 1506 3804 Ἐλλάδα
1536 3753 1831 3821 μετετέθη,
1866 3753 1946 3816 ὡς

364 3841 468 3910 μέν
492 3857 660 3905 τινες,
686 3839 791 3893 ὑπὸ
816 3841 1025 3906 Λουκᾶ,
1059 3840 1136 3904 ὡς
1175 3840 1235 3894 δὲ
1262 3840 1395 3905 ξνιοί
1430 3859 1620 3912 φασιν,
1658 3844 1766 3897 ὑπὸ
1789 3845 1943 3912 Κλή-

364 3947 587 4003 μεντος,
651 3925 712 3986 οὗ
757 3931 822 4002 δὴ
875 3930 973 3985 καὶ
1025 3931 1228 3999 μᾶλλον
1274 3932 1438 3998 σώζει
1469 3933 1564 3986 τὸν
1592 3934 1942 4003 χαρακτῆρα.

364 4025 601 4090 Ὀμοιον
630 4021 726 4075 οὖν
751 4040 804 4075 τι
831 4023 1273 4094 πλημμελοῦσιν,
1311 4022 1388 4086 ὡς
1422 4024 1622 4089 εἰπεῖν,
1659 4025 1708 4077 oi
1734 4023 1946 4094 ταύτην

360 4112 769 4182 ἀφαιρούμενοι
783 4111 1022 4177 Παύλου,
1041 4111 1231 4185 ὥσπερ
1247 4112 1313 4165 ἂν
1332 4113 1381 4165 εἰ
1402 4110 1615 4171 Παῦλον
1635 4109 1947 4189 ἀφηροῦντο

365 4201 639 4270 Χριστοῦ.

460 4383 546 4436 Δι’
613 4379 829 4435 ἑαυτοῦ
902 4381 1276 4452 καθαρισμὸν
1348 4383 1760 4454 ποιησάμενος
1825 4384 1946 4439 τῶν

2044 3202 2321 3259 diversum
2352 3202 2376 3256 ?
2429 3202 2581 3258 Istud
2620 3204 2767 3258 enim
2798 3216 2897 3257 eos
2925 3201 3278 3257 considerare
3320 3200 3634 3271 Oportebat,

2042 3295 2188 3364 quod
2223 3303 2585 3365 conceptuum
2603 3293 2768 3365 652
2785 3293 3066 3363 majestas,
3097 3294 3452 3363 ipsorumque
3467 3291 3637 3347 robur

2045 3388 2132 3442 cui
2177 3386 2490 3442 contradici
2525 3401 2635 3441 non
2669 3386 2861 3455 possit,
2908 3400 3017 3440 non
3044 3399 3168 3441 esse
3190 3385 3417 3441 alterius
3469 3401 3633 3455 quam

2046 3478 2222 3543 Pauli,
2284 3477 2565 3533 Christum
2620 3478 2678 3532 in
2764 3493 2887 3533 sese
2971 3478 3284 3548 loquentem
3358 3476 3633 3537 habentis.

2045 3568 2201 3636 Quod
2268 3570 2316 3625 si
2374 3570 2601 3624 omnino
2660 3568 2824 3638 hujus
2851 3567 3107 3638 Epistolte
3143 3567 3384 3623 dictione
3457 3551 3636 3622 uiten-

2045 3662 2268 3727 dantur,
2322 3663 2578 3718 noverint
2636 3662 2931 3733 Epistolam
3008 3664 3158 3718 hanc.
3210 3677 3241 3716 a
3322 3662 3494 3716 Paulo
3524 3660 3635 3716 Hc-

2048 3755 2233 3809 braica
2269 3754 2451 3824 lingua
2486 3754 2868 3808 concinnatam
2901 3768 3046 3816 esse,
3080 3762 3141 3807 ut
3170 3754 3265 3823 qui
3293 3753 3538 3807 Hebraeis
3579 3755 3633 3808 in

2049 3845 2151 3899 hac
2174 3845 2291 3913 ipsa
2326 3844 2643 3913 loqueretur
2672 3860 2686 3896 :
2716 3842 2770 3896 in
2818 3841 3066 3897 Graecam
3132 3857 3264 3897 vero
3331 3842 3571 3912 linguam
3602 3859 3632 3897 a

2047 3933 2648 4005 Luca,utquibusdam
2704 3934 2907 4004 placet,
2981 3935 3355 3998 translatam;
3411 3934 3518 4000 vel,
3576 3945 3636 3990 ut

2046 4028 2137 4082 alii
2169 4027 2435 4090 sentiunt,
2462 4041 2493 4081 a
2527 4025 2830 4088 Clemente,
2863 4025 3028 4098 cujus
3079 4026 3281 4098 stylqu
3304 4026 3487 4096 potius
3541 4043 3635 4083 re-

2047 4120 2208 4174 tinet.
2246 4117 2437 4173 Simile
2470 4118 2642 4188 igitur
2667 4117 2938 4189 quiddam
2980 4119 3330 4189 delinquunt,
3360 4128 3421 4174 ut
3448 4119 3521 4174 ita
3544 4121 3634 4175 di-

2046 4225 2191 4274 cam,
2224 4211 2320 4280 qui
2352 4211 2495 4265 hanc
2535 4210 2840 4282 Epistolam
2872 4213 3047 4267 Paulo
3094 4211 3375 4281 auferunt,
3407 4214 3636 4284 perinde

2046 4316 2111 4357 ac
2133 4303 2180 4358 si
2211 4301 2442 4356 Paulum
2484 4315 2515 4355 a
2546 4300 2771 4357 Christo
2791 4301 3136 4360 divellerent.

2119 4391 2226 4447 Per
2255 4394 2486 4462 seipsttm
2505 4392 2871 4463 purgationem
2898 4393 3099 4461 faciens
3147 4403 3484 4462 peccatorum
3535 4413 3636 4450 κο-

364 4472 672 4542 ἁμαρτιῶν
698 4471 883 4540 ἡμῶν.
934 4471 1118 4525 Εἰπὼν
1167 4474 1300 4542 περὶ
1353 4474 1446 4531 τοῦ
1501 4476 1791 4544 μεγαλείου
1847 4478 1941 4546 τῆς

2048 4495 2303 4538 urorum.
2334 4456 2473 4539 Cum
2502 4456 2723 4539 locutus
2746 4456 2988 4539 esset'de
3046 4456 3339 4553 majestate
3385 4486 3640 4542 divinita-

369 4566 631 4634 θεότητος
661 4563 761 4616 τοῦ
788 4565 987 4631 Λόγου,
1033 4562 1182 4632 λέγει
1210 4564 1399 4621 λοιπὸν
1448 4567 1543 4619 καὶ
1573 4568 1701 4638 περὶ
1730 4568 1828 4638 τῆς
1861 4567 1949 4621 διὰ

368 4658 581 4727 σαρκὸς
610 4659 689 4720 εἰς
720 4655 1042 4727 ἀνθρώπους
1075 4656 1244 4710 αὐτοῦ
1283 4657 1615 4727 κηδεμονίας
1638 4675 1654 4690 ο
1704 4659 1734 4712 ὂ
1766 4659 1949 4726 πολλῷ

372 4749 568 4817 μεῖζον
586 4746 685 4801 τοῦ
710 4758 895 4816 φερειν
915 4749 986 4802 τὰ
1013 4747 1334 4804 πάντα.Δύο
1358 4749 1415 4811 δὲ
1444 4749 1657 4820 τίθησιν
1690 4751 1947 4816 ἐνταῦθα,

365 4842 435 4895 τό
457 4857 520 4893 τε
565 4838 863 4911 καθαρίσαι
908 4839 1020 4893 τῶν
1057 4841 1341 4913 ἁμαρτιῶν
1387 4844 1557 4912 ἡμᾶς,
1611 4843 1706 4897 καὶ
1744 4842 1826 4908 τὸ,
1879 4843 1949 4896 δι’

367 4929 573 4984 ἑαυτοῦ
612 4929 771 4982 τοῦτο
797 4929 1027 4999 ποιῆσαι
1047 4946 1062 4961 ο
1111 4930 1207 4983 καὶ⁸
1235 4930 1503 5002 πολλαχοῦ
1545 4932 1604 4985 ὲν
1639 4926 1816 5002 τούτῳ
1855 4948 1946 4985 σε-

370 5023 638 5095 μνύνεται
678 5020 758 5091 τῷ
807 5020 875 5081 δι’
911 5020 1081 5081 αὑτοῦ
1127 5025 1222 5084 τοῦ
1266 5024 1398 5081 Υιοῦ
1447 5025 1609 5079 τοῦτο
1667 5025 1945 5093 γενέσθαι.

366 5116 472 5169 Διὰ
500 5114 595 5167 τοῦ
623 5110 862 5182 σταυροῦ
906 5114 1033 5183 γὰρ.
1073 5116 1168 5171 καὶ
1213 5114 1310 5168 τοῦ
1366 5115 1622 5182 θανάτου,
1670 5108 1733 5169 οὗ
1782 5116 1947 5180 αὐτὸς

369 5207 613 5278 ὑπέστη,
663 5207 993 5279 ἐκαθάρισεν
1024 5208 1193 5278 ἡμᾶς.
1247 5208 1309 5260 οὺ
1354 5202 1516 5277 μόνον
1558 5206 1633 5270 ὡς
1659 5206 1949 5263 ἀποθανὼν

368 5300 517 5371 ὑπὲρ
550 5303 652 5372 τῆς
679 5300 841 5371 ἡμῶν
870 5298 1149 5371 ἁμαρτίας
1175 5301 1205 5353 ὁ
1242 5299 1652 5371 ἀναμάρτητος,
1702 5299 1798 5353 καὶ
1826 5300 1950 5364 δοὺς

369 5391 548 5462 δίκην,
580 5393 651 5464 ἦν
676 5394 777 5448 οὐκ
807 5390 1044 5460 ὤφειλεν
1080 5390 1267 5456 αὐτὸς,
1299 5393 1395 5445 καὶ
1430 5391 1600 5455 λύσας
1643 5391 1744 5462 τὴν
1784 5391 1950 5459 φύσιν

368 5485 553 5551 ἁπλῶς
592 5485 699 5555 τῆς
740 5484 837 5537 ἐπὶ
871 5485 943 5553 τῇ
984 5482 1078 5536 τοῦ
1129 5483 1303 5554 Ἀδὲμ
1333 5484 1582 5555 ἁμαρτίᾳ
1611 5482 1944 5554 καταδίκης⁶

2049 4574 2121 4630 tis
2156 4571 2344 4639 Verbi,
2386 4573 2648 4644 deinceps
2687 4572 2756 4627 de
2793 4586 2930 4626 cura
2967 4572 3143 4642 ipsius
3199 4587 3364 4644 quam
3416 4574 3472 4629 in
3537 4575 3638 4630 In»

2049 4666 2227 4720 mines
2285 4678 2384 4735 per
2441 4677 2667 4718 carnem
2735 4661 2901 4734 gerit,
2949 4662 3196 4727 disserit,
3250 4663 3396 4734 quod
3458 4667 3637 4721 multo

2051 4755 2229 4824 majus
2259 4764 2364 4817 est,
2404 4769 2569 4822 quam
2618 4752 2765 4823 quod
2785 4752 2968 4807 omnia
3017 4754 3315 4808 sustineat.
3377 4752 3496 4808 Duo
3529 4768 3632 4808 au-

2049 4854 2156 4901 tem
2188 4845 2278 4901 hic
2311 4847 2490 4916 ponit,
2520 4854 2634 4899 tum
2670 4844 2816 4914 quod
2853 4843 3133 4898 mundarit
3171 4860 3274 4901 nos
3303 4859 3334 4900 a
3368 4847 3636 4917 peccatis,

2056 4948 2170 4992 tum
2195 4934 2343 5008 quod
2373 4953 2468 5005 per
2500 4938 2746 5009 seipsum
2780 4937 2883 4991 hoc
2917 4935 3109 4991 fecerit
3137 4955 3151 4991 :
3176 4946 3232 4994 et
3285 4939 3475 4995 multis
3500 4940 3637 4995 locis

2056 5030 2112 5084 in
2164 5031 2269 5086 hoc
2296 5030 2568 5101 gloriatur
2594 5030 2743 5102 quod
2771 5045 2869 5100 per
2897 5030 3099 5085 Filium
3125 5032 3306 5101 ipsum
3347 5031 3497 5087 istud
3544 5033 3630 5085 l'a-

2055 5131 2207 5178 ctum
2231 5123 2324 5178 sit.
2359 5121 2496 5177 Nam
2530 5137 2628 5193 per
2680 5136 2899 5178 crucem
2937 5130 2992 5180 et
3018 5132 3250 5178 mortem
3298 5137 3462 5193 quam
3518 5123 3637 5192 ipse

2056 5214 2342 5279 sustinuit,
2374 5214 2627 5285 purgavit
2652 5229 2773 5282 nos,
2822 5231 2931 5271 non
2962 5215 3137 5271 solum
3176 5215 3320 5285 quod
3384 5224 3636 5272 mortuus

2057 5306 2130 5360 sit
2181 5322 2281 5377 pro
2308 5317 2533 5375 peccato
2569 5315 2778 5371 nostra,
2811 5322 2981 5379 quum
3035 5307 3152 5376 ipse
3203 5305 3350 5360 omni
3410 5318 3634 5376 peccazu

2053 5406 2298 5461 vacaret,
2329 5396 2590 5467 quodque
2626 5411 2820 5466 pcenas
2872 5397 3041 5453 luerit
3089 5395 3293 5465 quibus
3349 5396 3466 5466 ipse
3522 5412 3632 5452 non

2052 5496 2173 5543 erat
2200 5490 2494 5556 obnoxius,
2523 5504 2587 5544 ac
2621 5491 2858 5546 solveret
2885 5496 3140 5543 naturam
3196 5503 3316 5559 quae
3367 5490 3637 5560 simplici-

1738 5601 1939 5663 νει-ιω
1977 5601 2320 5667 lectiones.

423 5705 463 5782 ιΑί
497 5704 569 5759 δι’
597 5699 764 5782 ficii,
782 5695 906 5759 καὶ,
927 5694 1023 5748 τοῦ
1053 5696 1182 5751 Υἱοῦ
1203 5713 1257 5755 o.
1302 5723 1311 5730 -
1340 5700 1382 5732 “
1410 5705 1695 5771 συγκροτεῖ
1720 5718 1772 5758 o.
1852 5702 1896 5733 “
1923 5702 2218 5761 κινούντων
2248 5707 2341 5762 καὶ
2373 5707 2673 5765 ποιούντων
2696 5709 3086 5782 περιφέρεσθαι
3113 5726 3165 5767 o.
3246 5712 3288 5751 ³³
3326 5708 3550 5781 μέγεθος
3575 5722 3630 5764 0.

354 5776 400 5817 υ
422 5770 922 5845 ἀνανταγώνιστος
954 5779 1012 5820 0.
