4080 6434
407 336 512 401 197

1138 339 1548 403 EXI‘OSITIO
1570 340 1654 404 IN
1694 342 1934 406 EPIST.
1970 347 2071 407 AD
2094 348 2490 411 HEBRJ‘ZOS.
2528 377 2599 388 -
2637 354 2795 417 CAP.
2842 358 2893 420 Ι.

3578 372 3597 436 1
3612 376 3679 438 98

399 446 671 518 ληφθεῖσα
722 446 889 515 cpias;
945 449 1027 513 τὸ,
1062 449 1209 514 Υἱὸς,
1245 450 1416 521 ὄνομα
1448 451 1510 506 τὸ
1568 455 1813 524 γνήσιον,
1875 456 1904 509 ὃ
1962 459 1985 509 ὁ

2095 460 2393 529 genuinum
2426 460 2547 517 Filii
2574 479 2799 530 nomen.
2833 468 2978 538 quod
3013 469 3246 531 Verbum
3308 477 3410 547 ipsi
3469 492 3680 538 natura:

401 536 625 601 ἑνωθεὶς
657 538 798 610 αὐτῇ
864 538 1045 606 Λόγος
1072 534 1241 612 εἶχεν,
1280 541 1749 614 ἐκληρονόμησεν,
1806 544 1902 600 ἆτε
1933 548 1990 600 ὲν

398 628 599 699 ἐκείνῳ
621 628 912 683 {amotam
935 645 949 659 '
976 630 1112 687 καθὸ
1146 633 1237 684 καὶ
1266 633 1295 685 ὁ
1326 631 1558 702 ἄγγελος
1584 629 1707 687 εἶπε
1733 652 1748 666 ’
1783 635 1889 689 Καὶ
1920 636 1987 688 τι)

399 722 782 791 γεννώμενον
827 722 1023 790 ἄγνον,
1075 724 1446 791 κληθήσεται
1495 727 1627 795 Υιὸς
1672 727 1858 782 Θεοῦ’
1894 728 1988 781 καὶ

399 813 570 867 πάλιν
589 829 602 842 ·
637 814 851 867 Ἔσται
876 813 947 867 δὲ
963 812 1175 883 μέγας,
1199 815 1298 868 καὶ
1338 815 1482 882 Υἱὸς
1524 816 1809 887 Ὑψίστου
1840 821 1989 884 κλη-

400 906 675 972 θήσεται.
716 904 899 958 Τοῦτο
924 906 981 959 δὲ
1013 907 1189 968 οὐδεὶς
1216 906 1327 959 τῶν
1355 908 1625 976 ἀγγέλων.
1683 908 1751 963 Εἰ
1804 907 1860 961 δὲ
1893 908 1987 964 καί

397 1015 551 1061 τινες
608 998 720 1051 τῶν
782 998 1013 1052 δικαίων
1052 998 1157 1051 υἱοὶ
1206 997 1343 1051 θεοῦ
1368 1039 1383 1063 ,
1415 998 1550 1052 ἀλλὰ
1577 999 1783 1071 χάριτιο
1816 1000 1909 1053 ἐπὶ
1930 999 1988 1058 δὲ

399 1090 497 1142 τοῦ
525 1087 763 1157 Χριστοῦ
796 1088 894 1161 οὐχ
935 1088 1128 1153 οὕτως,
1168 1087 1285 1145 ἀλλ’
1316 1090 1655 1162 ὑποστατικῇ
1692 1090 1985 1160 ταυτότητι

401 1184 438 1254 ἠ
458 1182 660 1254 Υίότης
688 1180 767 1252 τῷ
790 1182 1206 1253 προσ-λήμματι.

476 1391 667 1444 Ὀτιιν
691 1388 763 1444 δὲ
782 1388 970 1445 πάλιν
994 1388 1288 1459 εἰσαγάγῃ
1332 1387 1438 1441 τὸν
1476 1389 1863 1457 Πρωτότοκον
1897 1389 1987 1455 εὶς

406 1483 522 1551 τὴν
548 1479 914 1552 οἰκουμένην
936 1522 951 1546 ,
982 1478 1168 1551 λέγει.
1229 1479 1288 1533 Ὀ
1335 1479 1435 1550 μὲν
1464 1479 1702 1549 Χριστὸς
1744 1479 1845 1552 τὴν
1896 1479 1987 1533 ἐν·

404 1588 613 1643 σαρκον
640 1569 810 1624 αὐτοῦ
834 1568 1139 1641 παρουσίαν
1169 1567 1348 1633 ἔξοδον
1372 1569 1548 1635 καλεῖ,
1564 1569 1638 1631 ὡς
1664 1570 1791 1624 ὅταν
1812 1569 1983 1639 λέγει·

413 1664 709 1730 Ἐξῆλθεν
754 1665 787 1717 δ
842 1661 1111 1729 σπείρων
1139 1661 1246 1716 τοῦ
1272 1661 1581 1729 σπείρειν·
1628 1663 1721 1716 καὶ
1780 1660 1943 1715 πᾶλιν
1966 1677 1982 1693 ο

412 1758 565 1827 ἐγὼ
586 1758 656 1811 ἐι
678 1757 784 1812 τοῦ
804 1755 1035 1825 Πατρός
1052 1755 1336 1824 ἐξῆλθον.
1359 1756 1469 1809 Καὶ
1492 1755 1556 1825 δὴ
1584 1753 1987 1821 εἰκότως-,Ἔξω

398 1851 514 1921 γὰρ
542 1846 690 1920 ἦμεν
742 1847 838 1903 τοῦ
890 1846 1050 1912 Θεοῦ.
1101 1848 1196 1903 καὶ
1251 1845 1489 1914 ἐξελθὼν
1536 1848 1670 1923 πρὸς
1705 1848 1856 1918 ἡμᾶς
1908 1845 1985 1910 ὡς

402 1940 676 2009 πρέσϐυς,
715 1941 809 1995 καὶ
832 1941 1126 2013 ὁμιλήσας,
1173 1944 1268 1995 καὶ
1298 1940 1634 2013 καθαρίσας,
1665 1938 1983 2011 ἀποκατήλ-

399 2033 533 2100 λαξε
558 2031 643 2103 τῷ
672 2032 913 2087 Βασιλεῖ.
953 2032 1015 2087 '0
1037 2032 1094 2085 δὲ
1127 2032 1340 2097 Παῦλος
1376 2031 1583 2087 εἴσοδον
1631 2031 1834 2104 ταύτην
1886 2030 1984 2086 νῦν

398 2125 684 2195 ὀνομάζει,
718 2125 830 2178 ἀπὸ
864 2127 1181 2196 μεταφορᾶς
1207 2124 1320 2179 τῶν
1346 2125 1836 2198 κληρονομούντων
1884 2124 1984 2178 καὶ

398 2217 574 2287 νομὴν
601 2215 1145 2285 παραλαμϐανόντων
1173 2218 1269 2269 καὶ
1310 2215 1507 2286 κτῆσίν
1535 2232 1677 2269 τινα.
1724 2215 1801 2268 To
1845 2214 1979 2286 γὰρ,

397 2305 723 2376 acerrim.
751 2305 913 2359 τοῦτο
943 2306 1225 2375 σημαίνει,
1274 2306 1404 2364 ὅταν
1446 2307 1733 2378 ἑγχειρίσῃ
1758 2306 1838 2378 τῷ
1865 2305 1982 2377 Υἱῷ

399 2399 504 2471 τὴν
535 2399 872 2471 οἰκουμένην
896 2401 925 2452 ὁ
954 2401 1164 2472 Πατήρ.
1197 2400 1332 2453 Τότε
1360 2399 1471 2471 γὰρ
1519 2402 1791 2471 ἐκτήσατο
1811 2399 1985 2471 αὐτὴν

404 2490 672 2554 ἑκουσίως
704 2492 1099 2559 ὕποταγείσαν,
1122 2492 1212 2546 ὅτε
1245 2492 1340 2545 καὶ
1374 2489 1648 2561 ἐγνώσθη.
1683 2491 1983 2563 Είσάγεται

401 2582 459 2637 δὲ
492 2583 594 2635 οὐκ
620 2582 820 2649 ἄλλως,
845 2581 965 2636 ἀλλ’
998 2584 1058 2636 ἐν
1088 2582 1275 2654 σαρκί.
1304 2580 1393 2646 Ὧς
1421 2582 1531 2655 γὰρ
1554 2581 1690 2646 Θεδς
1724 2584 1907 2659 Λόγος
1924 2584 1985 2638 ἐν

405 2672 486 2743 τῷ
513 2674 710 2745 κόσμῳ
738 2669 830 2745 ἧν,
878 2674 973 2727 καὶ
1005 2674 1034 2729 ὀ
1062 2673 1267 2745 κόσμος
1315 2673 1384 2728 δι’
1411 2672 1577 2727 αὑτοῦ
1600 2673 1836 2743 ἐγένετο.
1881 2674 1986 2728 Τδν

406 2766 631 2837 Πατέρα
654 2767 712 2821 δὲ
735 2769 883 2821 ποιεῖ
905 2769 1276 2837 εἰσαγαγόντα
1307 2768 1400 2822 τὸν
1430 2768 1586 2833 Υίδν,
1617 2769 1705 2823 ἵνα
1737 2767 1988 2838 εὐπαρά-

402 2859 598 2913 δεκτον
632 2861 842 2934 ποιήσῃ
872 2861 966 2914 τὶν
1003 2861 1182 2929 λόγον.
1225 2861 1284 2916 '0
1315 2862 1374 2916 δὲ
1405 2862 1628 2932 Νύσσης
1656 2863 1984 2934 Γρηγόριος,

405 2953 503 3005 καὶ
532 2953 563 3005 ὁ
594 2953 655 3006 ὲν
702 2952 883 3021 ἁγίοις
929 2952 1198 3016 Κύριλλος
1249 2950 1426 3016 οὕτως
1464 2952 1697 3022 ινόησαν
1742 2952 1828 3017 τὸ,
1863 2953 1987 3005 εισ-

404 3044 676 3114 σταγεῖν,
713 3044 798 3098 δτι
832 3043 939 3114 πρὸ
988 3043 1090 3114 μὲν
1122 3045 1223 3114 τῆς
1257 3043 1590 3115 σαρκώσεως
1624 3043 1776 3097 οὐδὲν
1803 3043 1987 3097 κοινὸν

2094 550 2308 606 unitum
2339 551 2592 619 habebat,
2628 554 2993 626 ltzereditavit,
3049 563 3256 633 quippe
3285 581 3409 636 quae
3462 568 3515 623 in
3578 572 3674 625 illo

2093 639 2359 695 subsistat
2398 659 2415 699 :
2453 644 2914 712 quemadmodum
2972 663 3026 706 et
3079 657 3308 725 angelus
3353 659 3492 714 dixit
3535 680 3550 716 :
3611 663 3681 718 Et

2091 731 2230 801 quod
2256 743 2507 788 nascetur
2556 749 2823 804 sanctum,
2847 742 3121 798 vocabitur
3173 746 3347 803 Filius
3400 751 3497 806 Dei
3516 753 3598 819 ἰς
3625 767 3683 810 et

2094 819 2292 875 iterum
2325 838 2338 875 :
2367 822 2486 876 Erit
2509 833 2686 879 autem
2715 845 2961 900 magnus,
2990 843 3040 887 et
3077 833 3256 891 Filius
3288 839 3554 896 Altissimi
3586 860 3681 899 uo-

2091 910 2320 966 cabitur.
2371 913 2485 969 lloc
2521 927 2700 972 autem
2752 921 2957 976 nemini
3016 927 3335 993 angelorum
3398 936 3677 990 convenit.

2093 998 2316 1057 Etiamsi
2376 1017 2558 1061 autem
2603 1006 2881 1076 justorum
2947 1015 3169 1084 quidam
3220 1030 3350 1075 sunt
3414 1024 3505 1079 lilii
3555 1024 3675 1092 Dei,

2091 1093 2261 1162 gratia
2294 1103 2474 1150 tamen
2504 1109 2635 1154 sunt
2666 1117 2681 1166 ;
2719 1111 2773 1154 at
2811 1119 2939 1158 vero
2962 1121 3085 1160 eum
3126 1108 3348 1167 Christo
3409 1129 3533 1170 sese
3591 1133 3679 1173 res

2090 1186 2249 1238 aliter
2274 1186 2439 1242 habet
2467 1228 2482 1254 ,
2515 1190 2607 1244 sed
2640 1191 2691 1243 in
2720 1192 3058 1263 hypostatica
3082 1198 3385 1267 identitate,
3416 1202 3537 1260 Filii
3575 1223 3679 1263 n0-

2091 1291 2214 1331 men
2247 1279 2403 1332 carni
2453 1293 2750 1351 assumptac
2781 1286 3014 1341 inditum
3037 1300 3140 1346 est.

2160 1365 2328 1425 Vens.
2351 1370 2403 1425 6.
2435 1370 2638 1427 lterum
2660 1386 2835 1431 autent
2869 1394 2988 1432 cum
3017 1381 3316 1439 introduxit
3343 1388 3674 1461 Primogeni-

2090 1470 2203 1517 tum
2234 1465 2289 1519 in
2321 1467 2495 1523 orbem
2522 1478 2697 1535 terrea,
2716 1471 2870 1526 dicit.
2907 1473 3162 1534 Christus
3196 1494 3329 1536 sane
3379 1484 3677 1540 adventum

2090 1570 2251 1611 suum
2285 1558 2338 1612 in
2364 1574 2534 1616 carne
2565 1562 2774 1617 exitum
2834 1574 3017 1630 vocat,
3061 1578 3119 1622 ut
3165 1585 3288 1624 cum
3353 1573 3431 1627 ait
3465 1591 3479 1628 :
3520 1578 3671 1630 Exiit

2089 1648 2183 1718 qui
2207 1648 2457 1715 seminat,
2488 1651 2748 1707 seminare
2779 1652 2848 1717 ⁸⁵,
2884 1662 2939 1710 et
2973 1655 3171 1711 iterum
3206 1676 3221 1714 :
3277 1658 3390 1731 Ego
3439 1680 3472 1716 a
3515 1663 3679 1722 Patre

2090 1739 2248 1795 exivi.
2279 1740 2448 1810 quue
2469 1756 2580 1797 non
2611 1743 2931 1803 immerito:
2969 1763 3092 1807 nam
3119 1757 3275 1809 extra
3322 1751 3491 1809 Deum
3548 1771 3677 1812 rra-

2090 1845 2232 1895 mus,
2265 1846 2330 1887 ac
2357 1848 2613 1903 egressus
2637 1835 2703 1890 ad
2731 1853 2830 1892 nos
2863 1839 3028 1894 veluti
3092 1841 3327 1912 legatus,
3370 1855 3426 1900 et
3488 1848 3679 1903 nobis-

2086 1937 2212 1977 cum
2252 1935 2635 1993 conversatus,
2675 1944 2891 1999 nosque
2930 1933 3231 2000 mundans,
3292 1940 3676 1995 reconciliavit

2090 2010 2248 2085 Regi.
2292 2012 2362 2069 At
2384 2030 2515 2071 vero
2543 2017 2750 2072 Paulus
2779 2018 3028 2075 eumdem
3085 2023 3371 2079 introitum
3401 2042 3548 2083 nunc
3576 2044 3679 2084 ne-

2085 2106 2285 2173 minat,
2320 2122 2417 2178 per
2451 2110 2827 2180 metaphoram
2862 2121 3132 2183 sumptam
3162 2117 3232 2170 ab
3265 2116 3333 2171 iis
3372 2119 3468 2188 qui
3503 2118 3662 2175 hiare-

2085 2197 2311 2254 ditatem
2351 2199 2579 2266 adeunt,
2631 2210 2728 2256 aut
2759 2202 2944 2257 dotem
2978 2205 3219 2274 aliquam
3279 2208 3399 2263 sive
3447 2224 3675 2280 posses-

2084 2289 2295 2346 sionem
2324 2292 2625 2362 accipiunt.
2652 2291 2768 2348 Hoc
2790 2295 2935 2350 enim
2994 2297 3289 2367 signiﬁcat,
3347 2302 3674 2369 introduxit,

2084 2382 2307 2451 quando
2350 2381 2514 2438 Pater
2549 2392 2816 2440 terrarum
2868 2386 3055 2442 orbem
3095 2387 3231 2444 Filio
3284 2390 3676 2450 tradiditJ‘um

2085 2475 2227 2530 enim
2267 2474 2447 2546 ipsum
2479 2477 2745 2548 possedit,
2798 2479 3292 2554 voluntarie655
3345 2484 3675 2556 subjectum,

2085 2567 2378 2638 quandoet
2408 2570 2629 2640 agnitus
2659 2571 3185 2639 erat.lntroducitur
3215 2583 3397 2633 autem
3433 2593 3541 2632 non
3572 2577 3677 2631 ali-

2092 2668 2177 2716 ter
2204 2675 2368 2731 quam
2395 2662 2451 2716 in
2479 2677 2664 2717 carne.
2696 2661 2832 2717 Nam
2863 2673 2920 2718 ut
2947 2662 3089 2719 Deus
3120 2663 3361 2721 Verbum
3392 2668 3445 2723 in
3471 2672 3678 2728 munde

2086 2761 2226 2816 erat,
2255 2759 2308 2807 et
2333 2752 2575 2809 mundus
2595 2768 2692 2824 per
2718 2754 2896 2824 ipsum
2920 2754 3098 2812 factus
3121 2768 3227 2812 cst.
3250 2756 3464 2813 Patrem
3494 2769 3676 2816 autem

2085 2841 2219 2897 facit
2275 2844 2627 2900 introducere
2669 2844 2870 2901 Filium
2907 2886 2922 2913 ,
2948 2855 3008 2901 ut
3037 2858 3251 2920 gratum
3277 2848 3443 2906 faciat
3464 2865 3677 2907 sermo-

2090 2947 2242 2989 nem.
2275 2932 2575 3005 Gregorius
2605 2945 2787 2992 autem
2819 2935 3101 3009 Nysscnus
3125 2954 3192 2995 ac
3247 2940 3408 2997 divus
3438 2942 3678 3015 Cyrillus

2088 3025 2189 3091 sic,
2226 3025 2584 3091 introducere,
2612 3027 3028 3091 intellexerunt.
3051 3044 3246 3101 nempe
3268 3031 3416 3102 quod
3443 3041 3569 3089 ante
3593 3033 3679 3088 ia-

403 3134 520 3207 εἷχε
543 3137 684 3208 πρὸς
711 3135 809 3207 τὴν
836 3135 1037 3198 κτίσιν,
1065 3134 1160 3191 ἆτε
1199 3136 1332 3200 Θεὸς
1389 3135 1465 3189 ὢν
1498 3135 1742 3206 ἄσαρκος
1767 3152 1783 3167 ο
1805 3136 1895 3189 ὅτε
1933 3135 1985 3190 δὲ

2093 3116 2470 3172 carnationem
2496 3116 2634 3172 nihil
2663 3132 2960 3174 commune
2993 3118 3372 3176 habebatcum
3400 3131 3675 3191 creatura,

401 3230 723 3300 ὲσαρκὼθη.
773 3228 895 3283 τότε
949 3230 1290 3300 κοινωνήσας
1340 3231 1407 3299 τῇ
1462 3228 1664 3293 κτίσει,
1722 3228 1861 3283 καθὸ
1922 3228 1984 3283 τὸ

401 3322 628 3379 κτητὸν
650 3322 866 3393 ἥνωσεν
909 3319 1115 3393 ιαυτῷ,
1172 3319 1495 3394 εἰσαχθῆναι
1520 3320 1741 3391 λέγεται
1775 3323 1856 3385 εἰς
1884 3320 1984 3393 τὴν

400 3414 605 3471 κτίσιν.

473 3594 585 3650 Eat
624 3594 1235 3662 προσκυνησάτωσαν
1260 3589 1425 3657 αὑτῷ
1472 3590 1696 3658 πάντες
1740 3589 1985 3661 ἄγγελοι

406 3688 680 3760 Θεοῦ.Τῷ
710 3686 850 3759 μετὰ
870 3685 1075 3759 σαρκδς
1096 3684 1318 3758 δηλαδή.
1344 3682 1598 3743 Δείκνυσι
1622 3681 1680 3735 δὲ
1704 3679 1986 3739 κάνταῦθα

407 3784 517 3852 ὅσῳ
542 3782 836 3852 κρείττων,
865 3781 962 3834 καὶ
987 3779 1071 3833 δτι
1096 3778 1207 3847 ὅσῳ
1234 3776 1506 3845 δεσπότης
1537 3772 1770 3828 δούλων·
1803 3772 1880 3835 ὡς
1918 3771 1984 3826 ἂν

406 3877 463 3928 εί
484 3890 568 3936 τις
596 3876 676 3935 εἰς
711 3872 890 3926 οἰκίαν
920 3872 1237 3939 είσαγαγών
1277 3863 1432 3931 τίνα,
1463 3868 1593 3931 τοὺς
1633 3864 1985 3942 προεστῶτας

408 3966 577 4038 αὐτῆς
609 3963 816 4027 εὐθέως
845 3960 1066 4017 κελεύει
1096 3961 1427 4033 προσκυνεῖν
1453 3958 1628 4030 αὐτῷ.

480 4147 588 4203 Καὶ
626 4145 777 4215 πρὸς
813 4144 934 4213 μὲν
958 4140 1104 4208 τοὺς
1139 4139 1441 4210 ἀγγέλους
1470 4138 1635 4209 λέγει
1661 4153 1675 4168 ·
1721 4137 1776 4191 '0
1800 4137 1988 4192 ποιῶν·

402 4238 581 4319 τοὺςΙ
600 4236 900 4307 ἀγγέλους
951 4231 1140 4288 αὑτοῦ
1179 4230 1515 4300 πνεύματα,
1541 4227 1644 4282 καί
1692 4227 1838 4289 τοὺς
1864 4230 1986 4282 λει-

403 4318 700 4401 τουργοὺς
753 4327 943 4386 αὑτοῦ
992 4325 1183 4397 πυρὸς
1231 4325 1451 4393 φλόγα.
1487 4321 1617 4375 Ἰδοὺ
1664 4320 1699 4390 ἠ
1752 4318 1986 4389 μεγίστη

402 4423 670 4494 διαφορὰ,
698 4422 783 4475 ὅτι
812 4421 863 4475 οἱ
900 4418 999 4489 μὲν
1030 4415 1262 4483 κτιστοὶ,
1292 4417 1322 4469 ὁ
1346 4414 1404 4473 δὲ
1431 4413 1710 4473 ἅκτιστος.
1745 4412 1819 4464 Τὸ
1851 4411 1983 4483 γὰρ,

2094 3213 2154 3260 ut
2188 3208 2283 3278 qui
2321 3206 2463 3266 Deus
2500 3217 2647 3265 esset
2667 3224 2835 3266 carne
2855 3225 3096 3278 vacans;
3129 3212 3351 3282 quando
3389 3229 3522 3270 vero
3551 3229 3678 3269 car-

2092 3313 2220 3354 nem
2261 3303 2581 3372 assumpsit,
2626 3312 2743 3357 tum
2760 3305 3188 3364 communicans
3207 3313 3497 3373 creaturae,
3537 3322 3676 3378 qua-

2094 3382 2257 3449 tenus
2277 3392 2331 3448 id
2356 3393 2503 3464 quod
2551 3405 2798 3451 creatum
2843 3405 2963 3452 erat
3018 3397 3123 3456 sibi
3176 3398 3379 3467 univit,
3430 3399 3679 3456 introdu-

2092 3492 2216 3540 ctus
2240 3485 2443 3545 essein
2475 3496 2788 3542 creaturam
2820 3487 3053 3544 dicitur.

2164 3575 2235 3631 Et
2273 3576 2495 3634 adorent
2516 3593 2633 3633 eum
2665 3594 2845 3634 omnes
2867 3579 3046 3652 angeli
3070 3579 3172 3636 Dei
3200 3581 3273 3637 ⁸⁸.
3304 3582 3439 3639 Eum
3468 3583 3678 3645 scilicet

2091 3667 2187 3737 qui
2215 3683 2439 3725 carnem
2469 3670 2794 3741 assumpsit.
2823 3670 3038 3729 iudicat
3084 3683 3267 3743 autem
3328 3675 3418 3731 hic
3470 3687 3678 3747 quanto

2092 3759 2165 3814 sit
2213 3759 2351 3829 ipsis
2412 3761 2789 3828 prestantior,
2847 3773 3057 3833 quanto
3104 3766 3356 3822 videlicet
3413 3766 3677 3825 Dominus

2093 3850 2270 3905 servis
2300 3858 2384 3905 est
2421 3851 2637 3920 potior:
2663 3852 2832 3906 veluti
2858 3857 2905 3911 si
2936 3855 3062 3924 quis
3086 3856 3139 3909 in
3168 3857 3391 3910 domum
3422 3857 3678 3914 introdu-

2096 3955 2231 3997 cens
2260 3942 2597 4013 quempiam,
2622 3944 2887 4015 praesides
2947 3947 3069 4017 ejus
3106 3944 3259 4003 illico
3308 3949 3499 4019 jubeat
3545 3951 3679 4007 ado-

2091 4049 2216 4089 rare
2246 4035 2449 4104 ipsum.

2163 4124 2330 4183 Vens.
2357 4126 2408 4181 7.
2466 4126 2537 4181 Et
2566 4127 2870 4200 adaugelos
2917 4132 3127 4202 quidem
3155 4133 3283 4189 dicit
3319 4148 3342 4189 .'
3381 4135 3488 4202 Qui
3545 4135 3679 4207 facit

2092 4220 2310 4289 angelos
2355 4236 2480 4275 suos
2539 4223 2782 4292 spiritus,
2846 4233 2899 4278 et
2947 4226 3219 4282 ministros
3250 4244 3373 4283 suos
3398 4228 3677 4299 ﬂammam

2092 4313 2229 4383 ignis
2261 4313 2330 4369 ".
2363 4315 2441 4369 En
2473 4317 2771 4371 maximum
2802 4316 3129 4386 discrimen,
3163 4323 3422 4390 quoniam
3447 4323 3524 4378 illi
3554 4324 3679 4394 qui-

2094 4407 2216 4463 dem
2257 4416 2389 4463 sunt
2437 4409 2627 4476 creati,
2660 4409 2751 4464 hic
2803 4426 2935 4466 vero
2992 4412 3292 4469 increatus.
3342 4413 3479 4469 Nam
3531 4417 3676 4485 quod

404 4489 622 4579 ποιιῖηλ,
650 4513 750 4582 τὴν
777 4514 842 4565 ἐκ
867 4508 965 4565 τοῦ
993 4507 1069 4581 μὴ
1096 4506 1253 4569 ὄντος
1275 4506 1357 4569 είς
1396 4501 1458 4556 τὸ
1478 4499 1619 4557 εἶναι
1644 4501 1985 4571 παραγωγὴν

2096 4499 2173 4554 ait
2210 4539 2226 4565 ,
2290 4498 2396 4566 Qui
2417 4499 2571 4569 facit,
2612 4501 2890 4573 signiﬁcat
2913 4516 2979 4555 ex
3010 4517 3119 4557 non
3149 4518 3274 4558 esse
3302 4504 3370 4560 ad
3399 4519 3523 4561 esse
3547 4522 3678 4578 pro-

405 4604 586 4675 δηλοῖ.
634 4602 711 4656 οὐ
746 4600 886 4672 πρὸς
928 4597 1195 4665 ἀγγέλους
1243 4594 1301 4649 δὲ
1350 4593 1549 4665 μόνους
1600 4592 1663 4646 τὸ
1709 4590 1989 4663 ἰξαίρετον

406 4693 702 4768 {laudm
727 4693 822 4745 καὶ
850 4690 987 4763 πρὸς
1012 4690 1192 4742 πᾶσαν
1211 4686 1313 4758 τὴν
1334 4685 1716 4757 λειτωργικὴν
1736 4684 1985 4754 δύναμιν.

406 4793 526 4844 οὐχ
557 4785 683 4842 εἷπε
706 4787 790 4852 δὲ,
817 4786 1083 4853 Ποιήσας,
1110 4781 1272 4844 ἀλλὰ,
1301 4778 1521 4845 ποιῶν,
1550 4779 1823 4843 τουτέστι,
1848 4796 1976 4833 συν-

401 4882 597 4954 τηρῶν
622 4881 704 4951 τῷ
731 4878 901 4948 λόγῳ,
941 4875 1063 4929 καθ’
1094 4874 1154 4928 ὃν
1186 4873 1458 4942 ἐγένοντο.
1495 4871 1751 4929 Τοιοῦτον
1789 4872 1885 4926 καὶ
1923 4872 1987 4926 τὸ

402 4973 563 5043 παρὰ
585 4972 664 5042 τῷ
690 4963 1009 5036 Εὐαγγελὶῳ
1027 4981 1043 4995 ⁸
1077 4964 1140 5018 Ὃ
1167 4962 1371 5031 Πατήρ
1387 4979 1507 5034 μου
1526 4962 1638 5031 ἕως
1657 4962 1789 5033 ἄρτι
1816 4962 1986 5034 emti-

404 5064 588 5129 ζεται,
629 5060 905 5122 τουτέστι,
934 5057 1150 5127 συνέχει
1175 5056 1247 5109 τὰ
1272 5055 1622 5126 γεγενημένα
1669 5057 1764 5108 καὶ
1811 5055 1986 5127 ἐξειρ-

401 5156 665 5227 γασμένα
698 5154 826 5224 ήδη,
858 5150 954 5204 καὶ
980 5148 1268 5221 φυλάσσει,
1299 5146 1375 5211 ὡς
1403 5145 1861 5220 ὲξειργάσθησαν.

474 5337 638 5406 Πρὸς
674 5332 747 5387 δὲ
776 5331 887 5385 τὸν
926 5330 1094 5383 Υιόνο
1134 5326 1199 5381 '0
1223 5325 1439 5395 θρόνος
1471 5338 1614 5389 σου,
1651 5326 1685 5378 ό
1710 5323 1876 5390 Θεὸς,
1907 5327 1997 5390 εἰς

400 5432 506 5487 τὸν
534 5426 733 5484 αἰῶνα
757 5422 869 5479 τοῦ
894 5419 1129 5484 αἰῶνος.
1154 5419 1218 5471 οι
1250 5416 1351 5487 μὲν
1391 5414 1635 5485 ἄγγελοι,
1678 5416 1833 5485 φησὶ,
1875 5415 1994 5470 κτί-

395 5538 583 5593 σματα
616 5517 723 5573 καὶ
754 5508 1045 5581 ποιήματα
1067 5526 1081 5540 ·
1109 5506 1241 5580 περὶ
1271 5504 1451 5559 αὐτῶν
1498 5504 1607 5576 γὰρ
1633 5504 1852 5575 εἴρηται
1907 5504 1990 5569 τὸ,

2096 4591 2436 4647 ductionem.
2495 4589 2615 4646 Non
2704 4600 2887 4647 autem
2940 4592 3119 4662 quoad
3177 4595 3400 4665 angelos
3459 4605 3676 4662 tantum

2097 4684 2474 4742 excellentiam
2510 4686 2696 4746 habet.
2752 4702 2941 4742 verum
2995 4689 3161 4745 etiam
3222 4690 3399 4760 quoad
3457 4706 3674 4748 omnem

2101 4773 2510 4829 ministrantem
2540 4774 2825 4832 virtutem.
2854 4773 2973 4831 Non
3001 4776 3142 4833 dixit
3168 4786 3351 4833 autem
3391 4796 3407 4834 :
3457 4779 3562 4847 Qui
3600 4780 3677 4836 fe-

2097 4866 2361 4930 cit:sed,
2440 4866 2549 4932 Qui
2574 4866 2729 4937 facit,
2783 4869 2885 4925 hoc
2944 4876 3049 4934 est,
3113 4884 3450 4927 conservans
3502 4873 3674 4929 verbo

2092 4970 2192 5026 per
2248 4955 2396 5026 quod
2434 4957 2564 5013 tacti
2621 4967 2770 5013 sunt.
2817 4958 3262 5030 Hujusmodi'est
3314 4963 3459 5033 quod
3507 4974 3564 5019 et
3620 4966 3676 5023 in

2096 5045 2392 5118 Evangelia
2426 5048 2606 5105 dicit:
2673 5049 2839 5106 Pater
2890 5068 3037 5107 meus
3078 5070 3240 5125 usque
3290 5056 3445 5111 modo
3484 5071 3675 5125 apera-

2096 5147 2185 5194 tur
2212 5138 2259 5172 ⁸⁸
2293 5180 2308 5204 ,
2344 5140 2448 5196 hoc
2470 5149 2576 5209 est,
2607 5143 2851 5197 continet
2881 5158 3006 5214 qua:
3041 5143 3181 5199 facta
3204 5154 3355 5210 sunt,
3378 5153 3433 5201 et
3458 5145 3673 5213 etiecta,

2094 5240 2150 5287 et
2175 5233 2421 5288 custodit
2447 5234 2671 5305 perinde
2704 5249 2769 5287 ac
2794 5235 2932 5289 facta
2958 5245 3108 5290 sunt.

2164 5323 2330 5384 Vitas.
2359 5325 2412 5380 8.
2458 5326 2538 5379 Ad
2567 5324 2762 5379 Filium
2796 5333 2972 5379 autem
3007 5325 3293 5381 :Thromts
3326 5338 3471 5393 tuus,
3508 5328 3672 5393 Deus,

2092 5414 2147 5467 in
2175 5414 2429 5468 swculum
2480 5414 2681 5467 sa'culi.
2710 5412 2901 5485 Angeli
2962 5414 3223 5484 quidem,
3266 5417 3467 5487 inquit,
3520 5435 3676 5475 orca.

2096 5511 2232 5557 tura:
2256 5511 2385 5557 sunt
2416 5508 2472 5556 et
2500 5517 2665 5571 opera
2697 5518 2711 5556 :
2770 5501 2839 5558 de
2891 5502 3027 5570 ipsis
3082 5506 3229 5558 enim
3289 5505 3497 5561 dictum
3537 5519 3620 5563 est
3655 5529 3672 5567 ι

399 5592 457 5671 ’0
478 5609 709 5669 ποιῶν.
755 5605 821 5659 '0
854 5602 918 5656 δι
950 5599 1083 5662 Υἱὸς
1116 5598 1178 5652 οὐ
1212 5595 1419 5666 κτίσμα
1466 5595 1649 5649 ἐστίν’
1696 5594 1821 5648 οὐδὲ
1884 5595 1985 5667 γὰρ

2106 5593 2213 5658 Qui
2240 5594 2394 5664 facit.
2425 5592 2597 5649 Filius
2658 5606 2839 5650 autem
2893 5610 3002 5650 non
3071 5604 3154 5673 est
3198 5608 3489 5655 creatura:
3556 5617 3670 5662 non

445 5806 495 5843 ut
553 5803 707 5861 Luc.
756 5812 795 5860 ι,
863 5790 958 5847 55.
1038 5789 1440 5856 "Matth.mt,
1476 5786 1528 5840 5.
1604 5787 1654 5820 ³⁸
1681 5787 1832 5843 Psal.
1879 5801 1980 5842 xcv

2096 5823 2110 5839 .
2189 5785 2233 5819 ⁸⁷
2268 5781 2413 5841 Psal.
2464 5798 2583 5852 cm,
2627 5785 2682 5843 4.
2758 5786 2805 5819 ⁸⁸
2830 5782 2990 5842 Joau.
3035 5785 3207 5849 v.17.
