4080 6420
295 398 399 461 SOI

1073 387 1478 453 EXPOSITIO
1509 385 1591 450 ΙΝ
1624 386 1862 448 EPIST.
1895 387 1994 447 AD
2018 386 2412 448 HEBRxEOS.
2460 411 2522 421 -
2552 388 2714 448 CAP.
2759 387 2810 450 Ι.

3485 388 3597 452 2ίὲ

295 511 530 567 ἀνωθεν.
560 505 733 562 Τοῦτο
759 506 819 560 δὲ
845 507 941 560 καὶ
969 506 1115 560 κατὰ
1147 503 1360 559 Παύλου
1380 503 1474 556 τοῦ
1505 503 1892 573 Σαμοσατέως,

2011 501 2328 557 novissimis
2356 503 2720 570 temporibus,
2753 501 2984 569 scdjam
3037 501 3168 558 olim
3212 519 3241 558 a
3294 503 3585 578 principio.

298 601 586 674 παριστῶν
624 600 699 663 ὥς
721 600 820 652 καὶ
852 599 964 670 πρὸ
999 598 1100 669 τῆς
1140 597 1359 665 Μαρίας
1395 597 1425 648 ὁ
1454 595 1708 667 Χριστὸς,
1740 594 1798 659 ὅς
1829 611 1892 662 γε

297 697 397 749 καὶ
427 692 772 763 Δημιουργδς
793 691 898 762 τῆς
925 688 1158 752 κτίσεὼς
1175 691 1292 742 ἐστι
1313 705 1327 720 ο
1357 687 1450 741 καὶ
1473 687 1616 740 κατὰ
1651 685 1889 755 Ἀρείου,

296 785 398 838 τοῦ
457 783 735 854 ὑπουργὸν
758 779 946 842 αὑτὸν,
983 779 1184 850 μᾶλλον
1209 777 1267 832 δὲ
1294 777 1528 852 ὄργανον
1589 774 1892 842 ποιοῦντος,

298 878 439 930 διότι
495 875 753 944 ἀνωτέρω
799 873 1036 944 ἐλέχθηο
1090 871 1170 924 Δι’
1199 865 1272 926 οὗ
1327 869 1427 924 καὶ
1485 868 1621 935 τοὺς
1674 868 1896 934 αἰῶνας

299 969 623 1034 ἐποίησεν.
663 966 796 1019 Ἰδοὺ
822 965 933 1035 γὰρ
964 962 1201 1017 ἐνταῦθα
1228 961 1390 1024 αὐτὸς
1417 959 1644 1030 κτίστης
1671 959 1890 1027 εἰσάγε-

302 1078 420 1116 ται.
446 1059 593 1129 Ὅρα
611 1056 670 1110 δὲ
693 1058 807 1119 πῶς
842 1054 1252 1126 συμπλέκονται
1281 1053 1309 1106 ὁ
1332 1051 1464 1122 περὶ
1493 1049 1596 1120 τῆς
1631 1049 1891 1103 ἀκτίστου

307 1152 529 1221 ςθύσεως
588 1149 768 1217 λόγος,
801 1149 898 1201 καὶ
919 1149 948 1201 ὁ
969 1147 1066 1217 τῆς
1103 1145 1441 1215 οἰκονομίας,
1481 1143 1577 1198 καὶ
1607 1140 1740 1194 ποτε
1795 1140 1894 1212 μὲν

309 1243 485 1314 ὑψηλὰ
511 1241 579 1294 δι’
610 1239 850 1311 ἐκείνην,
871 1240 1002 1294 ποτὲ
1037 1239 1094 1292 δὲ
1122 1237 1354 1292 ταπεινὰ
1374 1237 1461 1290 διὰ
1490 1235 1718 1305 ταύτην.

2005 594 2183 664 Atque
2212 593 2360 650 istud
2389 595 2554 650 etiam
2581 603 2666 650 est
2691 604 2886 651 contra
2932 594 3161 650 l'auhun
3224 599 3584 656 Satnosateu-

2006 701 2144 740 sem.
2167 684 2414 740 Affirmat
2435 687 2582 741 enim
2604 685 2884 742 Christum
2909 695 3034 743 ante
3059 687 3332 760 Virginem
3359 690 3587 747 Mariam

2006 777 2201 841 fuisse,
2235 778 2441 850 quippe
2470 779 2564 848 qui
2625 792 2895 835 creaturae
2951 780 3022 836 sit
3083 780 3312 850 Opifex:
3371 799 3586 840 necnon

2006 879 2198 925 contra
2237 873 2454 933 Atium.
2484 873 2577 940 qui
2627 875 2804 942 ipsum
2861 873 3202 938 ministrum,
3258 876 3342 930 vel
3403 879 3590 947 potius

2009 961 2434 1018 instrumentum
2493 961 2748 1028 faciebat,
2808 977 2875 1018 eo
2909 965 3054 1034 quod
3098 982 3264 1036 supra
3331 969 3586 1024 dixerat:

2010 1049 2112 1104 Per
2141 1068 2292 1122 quem
2322 1061 2371 1106 et
2402 1053 2601 1107 sa'eala
2626 1052 2772 1121 fecit.
2799 1051 2938 1108 Ecce
2957 1055 3102 1109 enim
3128 1056 3217 1110 hic
3238 1075 3336 1113 ceu
3371 1071 3590 1115 creator

2007 1143 2401 1198 introducitur.
2457 1141 2699 1198 Observa
2733 1153 2916 1197 autem
2970 1148 3245 1214 quomodo
3293 1164 3475 1206 sermo
3520 1155 3589 1206 de

2009 1235 2250 1290 inereata
2285 1244 2505 1300 natura,
2540 1236 2690 1291 etde
2717 1235 3134 1305 dispensatione
3187 1253 3374 1296 mutuo
3431 1259 3588 1299 com-

316 1337 566 1406 plicetur,
593 1344 760 1407 atque
787 1334 864 1388 uti
897 1334 1035 1388 alias
1079 1332 1336 1388 sublimia
1386 1337 1613 1401 propter
1637 1326 2004 1390 divinitatem,
2048 1327 2189 1382 alias
2246 1345 2374 1385 vero
2432 1329 2662 1386 humilia
2719 1342 2944 1404 prepter
3003 1334 3403 1392 humanitatem
3461 1353 3589 1407 pro-

309 1433 590 1486 feruntur.
630 1461 646 1502 ρ

368 1526 548 1581 Αὐτοὶ
576 1523 1071 1590 ἀπολοῦνται,σὺ
1093 1523 1160 1577 δὲ
1189 1523 1508 1594 διαμένεις,
1540 1523 1639 1576 καὶ
1669 1521 1780 1575 πάι
1795 1536 1895 1586 τες

301 1620 385 1685 ὡς
419 1617 660 1685 induor
725 1616 1251 1685 παλαιωθήσονται
1280 1631 1296 1648 ο
1340 1615 1438 1668 καί
1473 1614 1616 1668 ὡσεὶ
1667 1613 1899 1681 περιϐόὲ

303 1715 488 1763 ,ιαιον
514 1707 743 1774 ἑλίξεις
801 1706 1049 1773 αὐτοὺς,
1117 1705 1216 1760 καὶ
1259 1703 1778 1775 ἀλλαγήσονταιί
1809 1701 1894 1756 σὺ

301 1802 374 1854 δὲ
404 1802 439 1854 ὀ
468 1799 660 1866 αὐτὸς
700 1795 777 1864 εἴ,
826 1799 926 1852 καί
977 1797 1049 1851 τὰ
1074 1797 1178 1864 ἐτη
1208 1813 1327 1852 σου
1367 1797 1481 1850 οὐκ
1509 1795 1891 1864 ἐκλείψουσι.

305 1892 514 1956 Μεῖζον
546 1909 600 1945 τι
630 1891 731 1961 τῆς
785 1889 1153 1961 δημιουργίας
1194 1888 1435 1960 ᾐνίξατο,
1465 1888 1565 1959 τὴν
1623 1903 1897 1958 μετασχηο
1935 1869 1975 1922 Β

310 1986 538 2053 μάτισιν
563 1983 662 2036 τοῦ
695 1981 924 2052 κόσμου.
967 1980 1392 2051 ’Δλλαγήσονται
1427 1980 1536 2049 γὰρ
1575 1980 1754 2032 πάντα
1789 1978 1898 2032 ἀπὸ

305 2079 405 2148 τῆς
468 2077 680 2149 φθορᾶς
742 2078 822 2139 είς
877 2073 1210 2146 ἀφθαρσίαν,
1277 2075 1369 2127 καὶ
1423 2072 1597 2136 οὕτως
1637 2069 1896 2136 εὐκόλως,

304 2171 498 2236 ὥσπερ
534 2170 601 2222 ἂν
637 2169 690 2222 εί
718 2185 802 2230 τις
827 2166 1178 2238 περιϐόλαιον
1239 2165 1428 2232 ἐλίξει.
1489 2166 1552 2219 Et
1583 2164 1638 2217 δὲ
1671 2165 1771 2235 τὴν
1805 2165 1900 2217 ἐπὶ

304 2263 368 2314 τὸ
403 2260 622 2330 βέλτιον
662 2254 1143 2332 μετασχημιὴισιν
1169 2257 1264 2311 καὶ
1311 2257 1676 2329 δημιουργίαν
1722 2255 1898 2319 οὕτως

307 2351 548 2415 εὐκόλως
600 2351 917 2421 ἐργάζεται,
959 2353 1051 2404 ἐπὶ
1085 2350 1184 2421 τῆς
1209 2349 1493 2413 ἐλάττονος
1525 2349 1890 2420 δημιουργίας

309 2443 502 2514 ἑτέρου
527 2442 739 2509 eodm;
776 2440 1108 2513 Παραμυθία
1133 2439 1190 2494 δὲ
1211 2440 1272 2493 οὐ
1304 2457 1480 2512 μικρα
1517 2442 1631 2502 τοῖς
1661 2438 1898 2493 ἐνταῦθα

311 2536 677 2605 κακουμένοις
715 2536 950 2598 πιστοῖς,
981 2531 1044 2585 τὸ
1075 2531 1280 2600 γνῶναι
1315 2531 1397 2586 ὃτι
1437 2532 1538 2585 οὐκ
1565 2530 1719 2586 ἔσται
1755 2529 1900 2584 οὕτω

315 2628 380 2681 τὰ
404 2629 737 2699 πράγματα,
771 2625 909 2680 ἀλλὰ
938 2625 1245 2697 μεταϐολὴν
1267 2623 1521 2696 λήψεται.
1557 2624 1670 2678 Καὶ
1689 2623 1773 2678 ὅτι
1804 2623 1898 2676 ὑπ’

315 2719 499 2773 αὐτῶν
523 2719 964 2790 θεραπευόμενος
995 2717 1149 2788 μένει
1185 2714 1295 2780 ζῶν
1333 2715 1428 2769 καὶ
1473 2715 1786 2780 διαπαντός.
1827 2715 1902 2769 Τὰ

313 2813 423 2885 γὰρ
450 2814 560 2882 ἐτη
588 2832 706 2869 σου
739 2816 851 2868 οὐκ
879 2813 1263 2882 ἐπιλείψουσι.

389 2993 546 3060 Πρὸς
578 2992 716 3044 τίνα
740 2989 808 3043 δὲ
832 2987 953 3044 τῶν
1007 2989 1280 3060 ἀγγέλων
1325 2988 1534 3060 εῖρηκέ
1564 3003 1710 3044 ποτε
1732 3004 1746 3019 ⁸
1783 2988 1901 3044 Κά-

314 3087 425 3138 θου
455 3085 526 3138 ἐκ
551 3082 769 3147 δεξιῶν
809 3100 952 3154 μου,
981 3083 1091 3149 ἕως
1121 3082 1198 3136 ἂν
1223 3081 1304 3137 Οῶ
1331 3082 1472 3148 τοὺς
1497 3082 1754 3152 ἐχθρούς
1783 3097 1902 3136 σου

315 3175 660 3232 ὑποπόδιον
698 3175 820 3230 τῶν
876 3172 1082 3230 ποδῶν
1135 3191 1252 3229 σου
1265 3190 1286 3239 ;
1323 3173 1455 3228 Ἰδοὺ
1507 3175 1672 3229 πάλιν
1705 3174 1904 3237 αὐτοὺς

315 3267 731 3340 παραθαρῤύνει
754 3284 769 3300 ·
802 3269 919 3335 εῐγε
961 3266 1208 3338 μέλλοιεν
1227 3267 1274 3319 οἱ
1303 3251 1488 3337 ἐχθροὶ
1512 3266 1691 3319 αὐτῶν
1726 3267 1898 3336 ἡττη-

311 3357 601 3427 θήσεσθαι,
632 3358 730 3411 καὶ
759 3359 808 3410 οἱ
830 3357 1021 3428 ἐχθροὶ
1063 3357 1245 3411 αὐτῶν
1295 3359 1343 3409 oi
1389 3357 1544 3410 αὐτοὶ
1569 3349 1701 3410 ὦσιν
1723 3357 1770 3410 ol
1804 3358 1896 3410 καὶ

309 3451 457 3506 κατὰ
509 3450 606 3504 τοῦ
658 3449 921 3520 Χριστοῦ.
953 3450 1068 3521 Οὐχ
1090 3449 1165 3514 ὡς
1204 3448 1297 3503 τοῦ
1330 3448 1463 3502 Υἱοῦ
1490 3448 1546 3502 δὲ
1575 3448 1899 3503 ἀδυνατοῦν-

311 3560 427 3607 τος,
468 3542 499 3595 ὁ
530 3541 718 3612 Πατὴρ
767 3541 987 3609 λέγεται
1019 3540 1342 3595 ὑποτάττειν
1372 3541 1498 3604 τοὺς
1557 3539 1790 3611 ἐχθρούς
1815 3556 1830 3569 ⁸
1869 3541 1899 3594 ὀ

314 3637 425 3708 γὰρ
461 3635 680 3706 μέλλων
718 3637 835 3687 ius?
869 3633 1078 3706 κρίνειν
1122 3633 1275 3700 Υἱὸς,
1307 3630 1489 3704 πολλῷ
1545 3631 1748 3702 μᾶλλον
1797 3617 1902 3686 ὧδε

318 3728 384 3780 ἂν
408 3725 793 3780 ἀνταπέδωκεν
827 3725 1012 3788 αὐτοῖς
1036 3739 1050 3755 ·
1085 3723 1201 3776 ἀλλ’
1229 3723 1315 3778 ἵνα
1343 3724 1443 3796 τὴν
1471 3725 1638 3794 τιμὴν
1662 3724 1754 3776 τοῦ
1787 3723 1902 3777 Πα-

314 3818 441 3890 τρδς
476 3818 616 3889 προς
646 3817 738 3870 τὸν
769 3816 896 3869 Υίὸν
930 3815 1098 3886 δείξῃ.
1139 3815 1213 3868 Τὸ
1234 3815 1344 3885 γὰρ
1370 3815 1462 3868 τὸν
1508 3815 1728 3886 Πατέρα
1750 3813 1904 3887 ὀργί-

314 3909 507 3974 ζεσθαι
551 3910 668 3972 τοῖς
716 3907 930 3979 ἐχθροῖς
952 3906 1047 3960 :06
1100 3906 1253 3975 Υίοῦ,
1291 3907 1409 3972 πῶς
1432 3906 1493 3960 οὐ
1537 3905 1745 3977 τιμῆς;
1786 3906 1903 3969 πῶς

311 4005 376 4056 o6
413 4001 617 4072 πολλῆς
679 4001 816 4072 πρὸς
871 4001 964 4053 τὸν
1002 3999 1128 4054 Υίὺν
1170 4000 1427 4070 ἀγάπηςς
1461 3995 1690 4068 Εἴρηται
1721 3998 1778 4050 δὲ
1809 4001 1904 4050 καὶ

313 4094 378 4145 ἐν
429 4095 501 4164 τῇ
561 4091 700 4164 πρὸς
771 4091 1096 4163 Κορινθίους
1140 4090 1334 4165 πρώτῃ
1385 4088 1722 4160 πλατύτερον
1773 4087 1905 4159 ’περὶ⁷

315 4187 526 4258 ταύτης
552 4185 656 4256 τῆς
679 4184 992 4256 περικοπῆς
1017 4201 1031 4215 ·
1065 4185 1160 4238 καί
1193 4183 1347 4257 ζήτει
1384 4184 1452 4238 τὰ
1477 4185 1594 4239 ἐκεῖ
1615 4199 1904 4254 παραγρα-

319 4277 512 4346 (θέντα.

395 4445 546 4516 οὐχι
575 4445 801 4512 πάντες
824 4446 941 4500 εἱσι
969 4446 1347 4514 λειτουργικὰ
1365 4447 1676 4515 πνεύματα
1700 4445 1905 4514 πρὸς-⁸⁷

318 4537 661 4602 διακονίαν,
696 4538 1198 4608 ἀποστελλόμενα
1231 4536 1328 4592 διὰ
1388 4537 1530 4604 τοὺς
1566 4538 1910 4608 μέλλοντας
1944 4583 1986 4638 D

323 4629 733 4700 κληρονομεῖν
783 4631 1127 4698 σωτηρίαν;
1167 4630 1419 4701 Ἐπαίρει
1464 4629 1533 4684 τὰ
1583 4631 1906 4702 φρονήματα

323 4723 434 4776 τῶν
465 4721 781 4794 ἀκροατῶν,
811 4722 1026 4786 δεικνὺς
1058 4722 1261 4791 πολλὴν
1302 4721 1434 4793 περὶ
1466 4723 1614 4792 ἡμᾶς
1647 4721 1740 4775 τοῦ
1769 4721 1906 4774 Θεοῦ

324 4814 423 4884 τὴν
453 4813 809 4884 κηδεμονίαν·
830 4815 946 4884 είγι
973 4815 1068 4867 καὶ
1098 4813 1366 4882 ἀγγέλους
1387 4813 1515 4876 τοὺς
1538 4813 1910 4884 ὑπερέχοντας

324 4904 488 4976 ἡμῶν
521 4903 681 4969 ιταξε
704 4905 972 4958 διακονεῖν
1000 4905 1068 4958 τὰ
1095 4906 1232 4977 πρὸς
1251 4904 1528 4975 σωτηρίαν
1547 4904 1727 4975 ἡμῶν.
1754 4906 1915 4958 Δοκεῖ

318 4999 380 5051 δὲ
420 4997 523 5050 καὶ
560 4998 698 5068 πρός
731 5014 882 5062 τινας
915 4997 1296 5052 ἀποτείνεσθαι
1323 5000 1437 5061 τοῖς
1461 4999 1714 5068 ἀγγέλοις
1737 5014 1911 5068 προσ-

322 5088 557 5158 έχοντας
589 5103 603 5116 ·
641 5089 876 5158 μάλιστα
916 5087 978 5141 δὲ
1013 5089 1110 5141 καὶ
1156 5089 1291 5158 πρὸς
1324 5085 1521 5152 αὐτοὺς
1557 5088 1766 5150 πάντας
1785 5088 1914 5151 τοὺς

334 5180 660 5251 Ἐϐραίους,
717 5181 1160 5252 προστετηκότας
1191 5180 1270 5251 τῷ
1312 5181 1386 5234 δι’
1405 5181 1654 5249 ἀγγέλων
1704 5179 1912 5234 δοθέντι

324 5272 498 5342 νόμῳ,
541 5274 640 5326 καὶ
689 5275 810 5336 ταῖς
859 5275 918 5326 έν
970 5273 1150 5342 τούτῳ
1191 5271 1373 5325 αὐτῶν
1439 5269 1758 5334 διακονίαις,
1818 5269 1914 5323 καὶ

329 5364 691 5435 προτιθέντας
743 5363 969 5428 τούτους
1017 5362 1282 5432 Χριστοῦ.
1325 5363 1418 5435 Μὴ
1468 5359 1564 5416 οὖν
1611 5361 1912 5434 προσέχετε

321 5455 556 5524 τούτοις,
589 5454 781 5527 φησιν’
804 5456 961 5510 αὐτοὶ
987 5453 1098 5526 γὰρ
1109 5453 1561 5525 ὀμόδουλοιήμῶν
1585 5455 1742 5508 εἰσιν.
1765 5453 1912 5525 Ὅρα

425 5644 474 5678 ’³
509 5644 660 5702 Psal.
690 5659 806 5710 crs,
839 5643 894 5696 8.
959 5657 967 5662 ·

2081 1515 2245 1572 Vsus.
2279 1517 2368 1582 ll,
2404 1517 2490 1572 l2.
2531 1516 2646 1589 Ipsi
2676 1521 2941 1588 peribunt,
2979 1530 3036 1574 tu
3078 1530 3252 1576 autem
3289 1535 3586 1590 permaneas.

2004 1621 2053 1667 et
2124 1625 2302 1665 omnes
2366 1620 2423 1664 ut
2479 1611 2846 1666 vestimentum
2901 1622 3216 1668 veterascent
3261 1627 3279 1666 :
3341 1624 3390 1667 et
3444 1617 3585 1668 t-elut

2004 1701 2258 1754 amictum
2279 1709 2443 1755 certes
2469 1717 2578 1766 eos,
2603 1711 2654 1756 et
2704 1702 3085 1757 mutabuntur:
3137 1714 3196 1758 tu
3227 1714 3400 1758 autem
3451 1708 3587 1760 idem

2004 1795 2112 1860 ipse
2135 1809 2214 1859 es,
2265 1802 2315 1847 et
2353 1794 2481 1847 anni
2521 1795 2598 1846 tui
2651 1810 2755 1849 non
2811 1794 3076 1864 deﬁcient.
3119 1796 3294 1866 Maius
3325 1799 3586 1868 quiddam

2003 1901 2168 1957 quam
2201 1885 2272 1941 sit
2301 1887 2530 1951 creatio,
2561 1886 2649 1940 hic
2673 1887 2852 1942 innuit
2879 1890 3199 1958 Apostolus,
3229 1891 3587 1962 transfigura-

2001 1981 2206 2034 tionem
2234 1978 2488 2033 videlicet
2520 1979 2730 2033 mundi.
2773 1979 3131 2036 Mutabuntur
3183 1983 3330 2038 enim
3389 1986 3578 2040 omnia

2005 2086 2034 2123 a
2096 2067 2458 2138 corruptione
2513 2067 2568 2121 in
2638 2067 3276 2139 iucorruptibilitatem:
3331 2082 3386 2128 et
3440 2073 3584 2128 adeo

2002 2162 2183 2230 facile,
2232 2161 2360 2216 utsi
2399 2161 2525 2230 quis
2557 2161 2846 2214 amictum-
2877 2162 3296 2218 eircumvolvat.
3349 2167 3503 2231 Quod
3536 2169 3582 2221 si

2003 2246 2459 2318 permutationem
2510 2245 2655 2300 illam
2699 2247 2753 2301 in
2817 2246 2984 2318 656
3038 2250 3256 2316 melius,
3294 2261 3350 2306 et
3393 2257 3583 2309 mundi

2004 2337 2338 2394 creationem
2372 2337 2509 2391 adeo
2549 2334 2708 2390 facile
2739 2345 3036 2406 Operatur,
3089 2340 3143 2392 iu
3195 2341 3394 2397 minori
3421 2359 3586 2413 opere

2002 2432 2232 2486 alterius
2262 2429 2578 2497 indigebat?
2631 2429 2801 2486 Porro
2857 2430 3003 2485 haud
3057 2447 3250 2502 parum
3299 2436 3588 2491 solamiuis

2004 2525 2209 2596 praebet
2246 2523 2500 2579 fidelibus
2534 2524 2589 2577 in
2620 2523 2727 2580 hoc
2783 2525 2988 2578 mundo
3030 2527 3332 2595 Oppressis,
3369 2529 3588 2583 novisse

2005 2633 2093 2672 res
2127 2631 2232 2671 non
2268 2617 2344 2670 ita
2381 2623 2656 2686 perpetuo
2685 2607 3005 2683 duraturus,
3039 2629 3298 2672 cznterum
3328 2628 3589 2688 accepto-

2006 2725 2095 2763 ras
2126 2710 2527 2764 mutationem:
2563 2714 2618 2764 et
2644 2709 2791 2779 quod
2821 2709 2869 2764 is
2901 2725 3063 2779 quem
3123 2709 3224 2780 ipsi
3271 2711 3485 2772 colunt,
3529 2711 3585 2764 in

2009 2800 2404 2870 sempiternum
2459 2809 2785 2870 permanet,
2852 2815 3180 2872 semperque
3243 2801 3394 2857 vivit.
3445 2802 3589 2856 Αιιηὶ

2005 2893 2150 2948 enim
2178 2893 2254 2946 tui
2285 2909 2386 2946 non
2415 2892 2677 2962 deﬁcient.

2077 2981 2246 3038 Vens.
2306 2985 2392 3038 l3.
2463 2983 2546 3036 Ad
2599 2999 2750 3053 quem
2827 2991 3004 3038 autem
3075 2985 3388 3055 angelorum
3447 2987 3590 3041 dixit

2009 3073 2338 3144 eliquando:
2373 3072 2508 3129 Sede
2531 3091 2564 3128 α
2596 3075 2796 3129 dextris
2826 3075 2976 3140 meis,
3001 3076 3176 3145 quoad
3210 3093 3370 3147 usque
3396 3092 3591 3147 ponam

2011 3166 2256 3220 inimicos
2293 3176 2408 3220 ιιιοι
2439 3165 2948 3235 ﬂabellum-pedum
3002 3169 3323 3222 tuorum"?
3360 3169 3437 3224 En
3461 3185 3589 3223 rur~

2015 3273 2113 3312 sus
2147 3261 2392 3313 animum
2426 3260 2534 3316 illis
2564 3260 2745 3315 addit:
2780 3259 3050 3330 siquidem
3095 3262 3337 3316 futurum
3376 3272 3495 3318 crat
3529 3273 3592 3317 ut

2013 3352 2251 3422 ipsorum
2287 3353 2472 3407 hostes
2507 3360 3013 3422 prosternercntur,
3039 3362 3090 3409 et
3120 3355 3364 3425 ipsorum
3399 3356 3588 3412 hostes

2013 3444 2178 3499 iidem
2217 3454 2403 3500 essent
2461 3446 2555 3516 qui
2625 3455 2679 3500 et
2733 3444 2955 3502 Christo
3014 3447 3462 3504 adversarentur.
3523 3451 3594 3503 At

2013 3549 2144 3588 vero
2177 3551 2288 3589 non
2322 3543 2588 3605 tanquam
2626 3533 2800 3590 Filius
2855 3537 3184 3592 imbecillior
3232 3547 3400 3603 esset,
3435 3538 3594 3594 ideo-

2012 3642 2117 3696 que
2173 3627 2277 3681 l:oc
2336 3643 2444 3682 nou
2515 3629 2734 3697 possit,
2792 3626 2956 3682 Pater
3027 3628 3233 3683 dicitur
3307 3631 3584 3700 subjicere

2013 3718 2199 3772 hostes
2237 3735 2249 3770 :
2297 3717 2471 3772 Filius
2505 3719 2653 3772 enim
2677 3719 2770 3789 qui
2799 3719 2871 3773 ibi
2902 3720 3253 3788 iudicaturus
3281 3728 3383 3783 est,
3419 3722 3594 3775 multo

2015 3811 2192 3878 magis
2223 3809 2312 3862 hic
2346 3809 2479 3878 ipsis
2507 3810 2802 3877 retribuet,
2835 3825 3027 3865 vermn
3079 3822 3138 3866 ut
3189 3814 3441 3867 ostendat
3478 3829 3589 3882 quo

2015 3901 2222 3954 honore
2256 3898 2418 3954 Pater
2469 3898 2666 3953 Filium
2725 3911 3114 3972 prosequatur.
3174 3901 3391 3957 Patrem
3446 3904 3592 3958 enim

2016 3992 2176 4046 irasci
2211 3991 2461 4046 hostibus
2493 3990 2640 4057 Filii,
2673 3994 2950 4063 quomodo
2999 4010 3108 4049 non
3164 3997 3325 4050 cedat
3382 3996 3434 4050 in
3472 4001 3592 4067 glo-

2017 4086 2154 4138 riam
2183 4083 2350 4138 Filii?
2398 4085 2674 4154 quomodo
2737 4102 2843 4139 non
2908 4087 2980 4142 sit
3014 4103 3225 4157 magna:
3281 4088 3334 4142 in
3391 4087 3591 4144 Filium

2015 4176 2331 4231 dilectionis
2378 4177 2735 4248 symbolum?
2796 4176 3012 4233 Dictum
3061 4187 3244 4233 autem
3279 4187 3362 4235 est
3420 4179 3597 4238 fusius

2020 4271 2122 4323 hac
2152 4269 2217 4324 dc
2251 4284 2308 4322 re
2336 4267 2390 4322 in
2419 4269 2604 4338 priore
2629 4269 2694 4322 ad
2745 4269 3100 4326 Corinthios:
3143 4287 3265 4344 qua:
3319 4272 3430 4328 illic
3465 4289 3597 4346 ergo

2017 4362 2274 4408 auuotata
2298 4363 2447 4420 sunt,
2481 4356 2722 4425 require.

2094 4445 2259 4499 Vsus.
2292 4446 2376 4501 M.
2419 4444 2610 4500 Nonne
2637 4462 2816 4501 omnes
2851 4457 2974 4502 sunt
3003 4449 3452 4504 administrator-ii
3479 4453 3594 4520 spi-

2018 4539 2175 4600 ritus,
2208 4539 2262 4589 in
2286 4539 2634 4591 ministerium
2694 4539 2844 4592 missi
2889 4549 3104 4608 propter
3143 4556 3232 4594 eos
3283 4542 3373 4610 qui
3422 4542 3564 4596 luere

2019 4618 2235 4680 ditatem
2261 4629 2469 4698 capient
2498 4629 2731 4682 salutis?
2777 4631 3104 4686 Auditorum
3147 4639 3361 4686 mentes
3407 4633 3592 4703 erigit,

2020 4721 2299 4790 ingentem
2326 4719 2423 4775 Dei
2447 4737 2573 4792 erga
2601 4737 2699 4776 nos
2729 4737 2920 4775 curam
2951 4723 3005 4776 in
3034 4723 3274 4778 medium
3300 4739 3594 4795 promens:

2017 4813 2461 4883 quandoquidem
2493 4815 2718 4884 angelos
2748 4815 2907 4869 nobis
2931 4805 3352 4872 exclllcutiores
3372 4817 3598 4872 ordina-

2021 4906 2111 4971 rit,
2141 4913 2200 4958 ut
2225 4903 2529 4957 inserviant
2553 4905 2710 4960 nobis
2737 4904 2791 4957 in
2817 4905 2980 4959 rebus
3009 4904 3075 4956 ad
3096 4908 3328 4962 salutem
3355 4918 3597 4963 nostram

2017 4995 2442 5067 pertinentibus.
2501 4995 2728 5049 Videtur
2765 5006 2946 5051 autem
3005 4999 3272 5069 quosdam
3321 4999 3598 5070 perstrin-

2018 5104 2169 5160 gere,
2207 5089 2300 5158 qui
2339 5088 2550 5160 angelis
2579 5089 2769 5143 intenti
2829 5099 3009 5155 etant,
3065 5093 3412 5160 potissimum
3466 5107 3599 5146 vero

2020 5179 2170 5247 ipsos
2234 5177 2487 5233 Hebraeos
2544 5180 2598 5232 in
2670 5179 2989 5234 universum
3048 5197 3265 5246 oumes,
3317 5183 3409 5252 qui
3465 5182 3595 5252 legi,

2024 5276 2216 5338 utpote
2263 5281 2363 5337 per
2407 5267 2632 5337 angelos
2686 5267 2942 5333 traditze,
3010 5285 3312 5340 eorumque
3380 5272 3432 5325 in
3489 5271 3595 5327 ista

2022 5361 2342 5416 ministeriis
2373 5359 2733 5427 inhaerebant,
2768 5361 2906 5418 adeo
2935 5370 2995 5417 ut.
3033 5361 3135 5418 bus
3160 5363 3324 5418 etiam
3378 5363 3600 5420 Clitistu

2025 5453 2342 5524 praeferant.
2384 5450 2460 5506 Ne
2503 5452 2670 5524 igitur
2716 5453 2874 5524 ipsis.
2923 5455 3124 5525 inquit,
3176 5457 3371 5512 intenti
3437 5459 3597 5514 sitis:

1745 5727 1946 5792 Variaa
1987 5725 2318 5794 lectiones.

386 5846 532 5915 ίῖεές
564 5864 598 5903 ο

603 5888 931 6003 ῬΑΤιιοι.
968 5925 1090 5986 Gtt.
1131 5923 1376 5988 CXXV.
