  <div class='ocr_page' id='page_1' title='image "/cluster/home/n/w/nwhite01/storage/ocr_20150623/125:no.3/coo.31924054870302/111.png"; bbox 0 0 4080 6412; ppageno 0'>
   <div class='ocr_carea' id='block_1_1' title="bbox 435 343 539 404">
    <p class='ocr_par' dir='ltr' id='par_1_1' title="bbox 435 343 539 404">
     <span class='ocr_line' id='line_1_1' title="bbox 435 343 539 404; baseline 0.019 -2"><span class='ocrx_word' id='word_1_1' title='bbox 435 343 539 404; x_wconf 76' lang='grc' dir='ltr'><strong>ΞΟἸ</strong></span> 
     </span>
    </p>
   </div>
   <div class='ocr_carea' id='block_1_2' title="bbox 1384 337 2780 412">
    <p class='ocr_par' dir='ltr' id='par_1_2' title="bbox 1384 337 2780 412">
     <span class='ocr_line' id='line_1_2' title="bbox 1384 337 2780 412; baseline 0.009 -12"><span class='ocrx_word' id='word_1_2' title='bbox 1384 339 1958 402; x_wconf 74' lang='lat' dir='ltr'><strong>THEOPHYLACTI</strong></span> <span class='ocrx_word' id='word_1_3' title='bbox 1990 337 2402 406; x_wconf 71' lang='lat' dir='ltr'><strong>BULGARUE</strong></span> <span class='ocrx_word' id='word_1_4' title='bbox 2429 350 2780 412; x_wconf 76' lang='lat' dir='ltr'><strong>.‘lRCIIlEP.</strong></span> 
     </span>
    </p>
   </div>
   <div class='ocr_carea' id='block_1_3' title="bbox 3586 353 3689 416">
    <p class='ocr_par' dir='ltr' id='par_1_3' title="bbox 3586 353 3689 416">
     <span class='ocr_line' id='line_1_3' title="bbox 3586 353 3689 416; baseline 0 0"><span class='ocrx_word' id='word_1_5' title='bbox 3586 353 3689 416; x_wconf 70' lang='lat'><strong>208</strong></span> 
     </span>
    </p>
   </div>
   <div class='ocr_carea' id='block_1_4' title="bbox 434 452 2003 538">
    <p class='ocr_par' dir='ltr' id='par_1_4' title="bbox 434 452 2003 524">
     <span class='ocr_line' id='line_1_4' title="bbox 434 452 2003 524; baseline -0.001 -16"><span class='ocrx_word' id='word_1_6' title='bbox 434 456 526 524; x_wconf 89' lang='lat' dir='ltr'><strong>qui</strong></span> <span class='ocrx_word' id='word_1_7' title='bbox 565 452 899 508; x_wconf 73' lang='lat' dir='ltr'><strong>charismata</strong></span> <span class='ocrx_word' id='word_1_8' title='bbox 933 452 1219 516; x_wconf 83' lang='lat' dir='ltr'><strong>haberent,</strong></span> <span class='ocrx_word' id='word_1_9' title='bbox 1246 453 1350 509; x_wconf 88' lang='lat' dir='ltr'><strong>ista</strong></span> <span class='ocrx_word' id='word_1_10' title='bbox 1387 469 1513 507; x_wconf 73' lang='lat' dir='ltr'><strong>vero</strong></span> <span class='ocrx_word' id='word_1_11' title='bbox 1536 453 1803 509; x_wconf 76' lang='lat' dir='ltr'><strong>defecisse</strong></span> <span class='ocrx_word' id='word_1_12' title='bbox 1841 467 2003 521; x_wconf 85' lang='lat' dir='ltr'><strong>prop-</strong></span> 
     </span>
    </p>
   </div>
   <div class='ocr_carea' id='block_1_5' title="bbox 2104 452 3686 538">
    <p class='ocr_par' dir='ltr' id='par_1_5' title="bbox 2109 456 3686 538">
     <span class='ocr_line' id='line_1_5' title="bbox 2109 456 3686 538; baseline 0.01 -28"><span class='ocrx_word' id='word_1_13' title='bbox 2109 456 2291 511; x_wconf 77' lang='grc' dir='ltr'>αὑτῶν</span> <span class='ocrx_word' id='word_1_14' title='bbox 2326 460 2616 532; x_wconf 82' lang='grc' dir='ltr'>νωθρεὶαν.</span> <span class='ocrx_word' id='word_1_15' title='bbox 2642 465 2760 518; x_wconf 82' lang='grc' dir='ltr'>Ἵνα</span> <span class='ocrx_word' id='word_1_16' title='bbox 2793 463 2976 518; x_wconf 76' lang='grc' dir='ltr'>τοίνυν</span> <span class='ocrx_word' id='word_1_17' title='bbox 2997 464 3465 538; x_wconf 72' lang='grc' dir='ltr'>παραμυθήσηται</span> <span class='ocrx_word' id='word_1_18' title='bbox 3489 469 3686 534; x_wconf 75' lang='grc' dir='ltr'>αὐτοὺς</span> 
     </span>
    </p>
   </div>
   <div class='ocr_carea' id='block_1_6' title="bbox 433 543 2006 616">
    <p class='ocr_par' dir='ltr' id='par_1_6' title="bbox 433 543 2006 616">
     <span class='ocr_line' id='line_1_6' title="bbox 433 543 2006 616; baseline -0.002 -15"><span class='ocrx_word' id='word_1_19' title='bbox 433 554 517 601; x_wconf 89' lang='lat' dir='ltr'><strong>ter</strong></span> <span class='ocrx_word' id='word_1_20' title='bbox 545 561 734 601; x_wconf 90' lang='lat' dir='ltr'><strong>eorum</strong></span> <span class='ocrx_word' id='word_1_21' title='bbox 770 553 1072 615; x_wconf 74' lang='lat' dir='ltr'><strong>torporem.</strong></span> <span class='ocrx_word' id='word_1_22' title='bbox 1100 544 1175 600; x_wconf 82' lang='lat' dir='ltr'><strong>Ut</strong></span> <span class='ocrx_word' id='word_1_23' title='bbox 1203 545 1370 616; x_wconf 80' lang='lat' dir='ltr'><strong>igitur</strong></span> <span class='ocrx_word' id='word_1_24' title='bbox 1398 560 1494 600; x_wconf 86' lang='lat' dir='ltr'><strong>eos</strong></span> <span class='ocrx_word' id='word_1_25' title='bbox 1526 545 1580 599; x_wconf 91' lang='lat' dir='ltr'><strong>in</strong></span> <span class='ocrx_word' id='word_1_26' title='bbox 1613 545 1720 599; x_wconf 84' lang='lat' dir='ltr'><strong>hoc</strong></span> <span class='ocrx_word' id='word_1_27' title='bbox 1754 543 2006 599; x_wconf 80' lang='lat' dir='ltr'><strong>console-</strong></span> 
     </span>
    </p>
   </div>
   <div class='ocr_carea' id='block_1_7' title="bbox 451 634 2006 707">
    <p class='ocr_par' dir='ltr' id='par_1_7' title="bbox 451 634 2006 707">
     <span class='ocr_line' id='line_1_7' title="bbox 451 634 2006 707; baseline -0.003 -15"><span class='ocrx_word' id='word_1_28' title='bbox 451 650 582 694; x_wconf 89' lang='lat' dir='ltr'><strong>tur:</strong></span> <span class='ocrx_word' id='word_1_29' title='bbox 624 637 1073 702; x_wconf 77' lang='lat' dir='ltr'><strong>Distiiliutiones,</strong></span> <span class='ocrx_word' id='word_1_30' title='bbox 1114 637 1314 707; x_wconf 88' lang='lat' dir='ltr'><strong>inquit,</strong></span> <span class='ocrx_word' id='word_1_31' title='bbox 1367 635 1606 707; x_wconf 76' lang='lat' dir='ltr'><strong>Spiritus</strong></span> <span class='ocrx_word' id='word_1_32' title='bbox 1634 636 1789 706; x_wconf 77' lang='lat' dir='ltr'><strong>juxta</strong></span> <span class='ocrx_word' id='word_1_33' title='bbox 1834 634 2006 704; x_wconf 89' lang='lat' dir='ltr'><strong>ipsius</strong></span> 
     </span>
    </p>
   </div>
   <div class='ocr_carea' id='block_1_8' title="bbox 435 727 2006 799">
    <p class='ocr_par' dir='ltr' id='par_1_8' title="bbox 435 727 2006 799">
     <span class='ocr_line' id='line_1_8' title="bbox 435 727 2006 799; baseline -0.001 -17"><span class='ocrx_word' id='word_1_34' title='bbox 435 731 771 785; x_wconf 79' lang='lat' dir='ltr'><strong>voluntatem</strong></span> <span class='ocrx_word' id='word_1_35' title='bbox 808 730 966 783; x_wconf 77' lang='lat' dir='ltr'><strong>facta:</strong></span> <span class='ocrx_word' id='word_1_36' title='bbox 1008 739 1176 795; x_wconf 90' lang='lat' dir='ltr'><strong>sunt;</strong></span> <span class='ocrx_word' id='word_1_37' title='bbox 1235 729 1350 799; x_wconf 90' lang='lat' dir='ltr'><strong>ipse</strong></span> <span class='ocrx_word' id='word_1_38' title='bbox 1410 728 1561 783; x_wconf 84' lang='lat' dir='ltr'><strong>novit</strong></span> <span class='ocrx_word' id='word_1_39' title='bbox 1618 727 1750 798; x_wconf 89' lang='lat' dir='ltr'><strong>quid</strong></span> <span class='ocrx_word' id='word_1_40' title='bbox 1808 729 2006 797; x_wconf 86' lang='lat' dir='ltr'><strong>cuique</strong></span> 
     </span>
    </p>
   </div>
   <div class='ocr_carea' id='block_1_9' title="bbox 433 819 2003 890">
    <p class='ocr_par' dir='ltr' id='par_1_9' title="bbox 433 819 2003 890">
     <span class='ocr_line' id='line_1_9' title="bbox 433 819 2003 890; baseline -0.004 -13"><span class='ocrx_word' id='word_1_41' title='bbox 433 823 728 887; x_wconf 78' lang='lat' dir='ltr'><strong>conducat,</strong></span> <span class='ocrx_word' id='word_1_42' title='bbox 753 821 942 890; x_wconf 82' lang='lat' dir='ltr'><strong>sicque</strong></span> <span class='ocrx_word' id='word_1_43' title='bbox 974 821 1175 876; x_wconf 85' lang='lat' dir='ltr'><strong>donum</strong></span> <span class='ocrx_word' id='word_1_44' title='bbox 1197 834 1369 874; x_wconf 76' lang='lat' dir='ltr'><strong>suum</strong></span> <span class='ocrx_word' id='word_1_45' title='bbox 1394 819 1645 889; x_wconf 83' lang='lat' dir='ltr'><strong>partitur</strong></span> <span class='ocrx_word' id='word_1_46' title='bbox 1664 828 1718 873; x_wconf 89' lang='lat' dir='ltr'><strong>et</strong></span> <span class='ocrx_word' id='word_1_47' title='bbox 1750 819 2003 887; x_wconf 85' lang='lat' dir='ltr'><strong>gratiam.</strong></span> 
     </span>
    </p>
   </div>
   <div class='ocr_carea' id='block_1_10' title="bbox 433 911 2003 985">
    <p class='ocr_par' dir='ltr' id='par_1_10' title="bbox 433 911 2003 985">
     <span class='ocr_line' id='line_1_10' title="bbox 433 911 2003 985; baseline -0.006 -15"><span class='ocrx_word' id='word_1_48' title='bbox 433 916 586 985; x_wconf 71' lang='lat' dir='ltr'><strong>Saepe</strong></span> <span class='ocrx_word' id='word_1_49' title='bbox 616 916 687 970; x_wconf 89' lang='lat' dir='ltr'><strong>ob</strong></span> <span class='ocrx_word' id='word_1_50' title='bbox 717 915 986 985; x_wconf 83' lang='lat' dir='ltr'><strong>impuram</strong></span> <span class='ocrx_word' id='word_1_51' title='bbox 1011 914 1174 967; x_wconf 85' lang='lat' dir='ltr'><strong>vitam</strong></span> <span class='ocrx_word' id='word_1_52' title='bbox 1205 912 1403 982; x_wconf 79' lang='lat' dir='ltr'><strong>aliquis</strong></span> <span class='ocrx_word' id='word_1_53' title='bbox 1425 927 1535 967; x_wconf 85' lang='lat' dir='ltr'><strong>non</strong></span> <span class='ocrx_word' id='word_1_54' title='bbox 1553 913 1752 982; x_wconf 84' lang='lat' dir='ltr'><strong>occipit</strong></span> <span class='ocrx_word' id='word_1_55' title='bbox 1776 911 2003 977; x_wconf 80' lang='lat' dir='ltr'><strong>donum;</strong></span> 
     </span>
    </p>
   </div>
   <div class='ocr_carea' id='block_1_11' title="bbox 433 1003 2003 1074">
    <p class='ocr_par' dir='ltr' id='par_1_11' title="bbox 433 1003 2003 1074">
     <span class='ocr_line' id='line_1_11' title="bbox 433 1003 2003 1074; baseline -0.001 -16"><span class='ocrx_word' id='word_1_56' title='bbox 433 1021 496 1062; x_wconf 88' lang='lat' dir='ltr'><strong>ac</strong></span> <span class='ocrx_word' id='word_1_57' title='bbox 536 1021 728 1060; x_wconf 89' lang='lat' dir='ltr'><strong>rursus</strong></span> <span class='ocrx_word' id='word_1_58' title='bbox 753 1005 842 1060; x_wconf 90' lang='lat' dir='ltr'><strong>cui</strong></span> <span class='ocrx_word' id='word_1_59' title='bbox 869 1019 1003 1074; x_wconf 88' lang='lat' dir='ltr'><strong>pura</strong></span> <span class='ocrx_word' id='word_1_60' title='bbox 1033 1013 1116 1058; x_wconf 89' lang='lat' dir='ltr'><strong>est</strong></span> <span class='ocrx_word' id='word_1_61' title='bbox 1144 1003 1275 1067; x_wconf 75' lang='lat' dir='ltr'><strong>vita,</strong></span> <span class='ocrx_word' id='word_1_62' title='bbox 1307 1019 1451 1073; x_wconf 70' lang='lat' dir='ltr'><strong>saepe</strong></span> <span class='ocrx_word' id='word_1_63' title='bbox 1485 1005 1616 1059; x_wconf 90' lang='lat' dir='ltr'><strong>item</strong></span> <span class='ocrx_word' id='word_1_64' title='bbox 1642 1020 1751 1058; x_wconf 92' lang='lat' dir='ltr'><strong>non</strong></span> <span class='ocrx_word' id='word_1_65' title='bbox 1781 1004 2003 1071; x_wconf 89' lang='lat' dir='ltr'><strong>accipit,</strong></span> 
     </span>
    </p>
   </div>
   <div class='ocr_carea' id='block_1_12' title="bbox 431 1095 2004 1166">
    <p class='ocr_par' dir='ltr' id='par_1_12' title="bbox 431 1095 2004 1166">
     <span class='ocr_line' id='line_1_12' title="bbox 431 1095 2004 1166; baseline -0.003 -13"><span class='ocrx_word' id='word_1_66' title='bbox 431 1115 502 1154; x_wconf 92' lang='lat' dir='ltr'><strong>ne</strong></span> <span class='ocrx_word' id='word_1_67' title='bbox 533 1097 842 1154; x_wconf 88' lang='lat' dir='ltr'><strong>atlollatur:</strong></span> <span class='ocrx_word' id='word_1_68' title='bbox 901 1096 1134 1166; x_wconf 82' lang='lat' dir='ltr'><strong>ideoque</strong></span> <span class='ocrx_word' id='word_1_69' title='bbox 1187 1095 1491 1152; x_wconf 71' lang='lat' dir='ltr'><strong>[inutilibus</strong></span> <span class='ocrx_word' id='word_1_70' title='bbox 1537 1104 1606 1150; x_wconf 62' lang='grc' dir='ltr'>κει</span> <span class='ocrx_word' id='word_1_71' title='bbox 1659 1095 2004 1166; x_wconf 75' lang='lat' dir='ltr'><strong>simplicibus</strong></span> 
     </span>
    </p>
   </div>
   <div class='ocr_carea' id='block_1_13' title="bbox 431 1187 944 1259">
    <p class='ocr_par' dir='ltr' id='par_1_13' title="bbox 431 1187 944 1259">
     <span class='ocr_line' id='line_1_13' title="bbox 431 1187 944 1259; baseline -0.01 -15"><span class='ocrx_word' id='word_1_72' title='bbox 431 1189 612 1259; x_wconf 80' lang='lat' dir='ltr'><strong>potius</strong></span> <span class='ocrx_word' id='word_1_73' title='bbox 647 1187 944 1242; x_wconf 88' lang='lat' dir='ltr'><strong>dabantur.</strong></span> 
     </span>
    </p>
   </div>
   <div class='ocr_carea' id='block_1_14' title="bbox 517 1270 2005 1350">
    <p class='ocr_par' dir='ltr' id='par_1_14' title="bbox 517 1270 2005 1350">
     <span class='ocr_line' id='line_1_14' title="bbox 517 1270 2005 1350; baseline -0.002 -20"><span class='ocrx_word' id='word_1_74' title='bbox 517 1270 679 1333; x_wconf 74' lang='lat' dir='ltr'><strong>Vens.</strong></span> <span class='ocrx_word' id='word_1_75' title='bbox 743 1279 797 1334; x_wconf 87' lang='grc'><strong>5.</strong></span> <span class='ocrx_word' id='word_1_76' title='bbox 869 1279 993 1332; x_wconf 85' lang='grc' dir='ltr'>Νοιι</span> <span class='ocrx_word' id='word_1_77' title='bbox 1062 1280 1201 1333; x_wconf 87' lang='lat' dir='ltr'><strong>enim</strong></span> <span class='ocrx_word' id='word_1_78' title='bbox 1253 1279 1474 1350; x_wconf 79' lang='lat' dir='ltr'><strong>angelis</strong></span> <span class='ocrx_word' id='word_1_79' title='bbox 1543 1277 1764 1348; x_wconf 74' lang='lat' dir='ltr'><strong>subjecit</strong></span> <span class='ocrx_word' id='word_1_80' title='bbox 1828 1275 2005 1332; x_wconf 83' lang='lat' dir='ltr'><strong>orbem</strong></span> 
     </span>
    </p>
   </div>
   <div class='ocr_carea' id='block_1_15' title="bbox 426 1365 2005 1439">
    <p class='ocr_par' dir='ltr' id='par_1_15' title="bbox 426 1365 2005 1439">
     <span class='ocr_line' id='line_1_15' title="bbox 426 1365 2005 1439; baseline -0.002 -18"><span class='ocrx_word' id='word_1_81' title='bbox 426 1367 594 1439; x_wconf 73' lang='lat'><strong>659</strong></span> <span class='ocrx_word' id='word_1_82' title='bbox 667 1378 817 1424; x_wconf 78' lang='lat' dir='ltr'><strong>terra:</strong></span> <span class='ocrx_word' id='word_1_83' title='bbox 874 1371 1138 1437; x_wconf 75' lang='lat' dir='ltr'><strong>[ultu-um.</strong></span> <span class='ocrx_word' id='word_1_84' title='bbox 1191 1369 1585 1423; x_wconf 86' lang='lat' dir='ltr'><strong>Dcmonstrans</strong></span> <span class='ocrx_word' id='word_1_85' title='bbox 1643 1367 1824 1422; x_wconf 83' lang='lat' dir='ltr'><strong>adhuc</strong></span> <span class='ocrx_word' id='word_1_86' title='bbox 1883 1365 2005 1420; x_wconf 86' lang='lat' dir='ltr'><strong>Filii</strong></span> 
     </span>
    </p>
   </div>
   <div class='ocr_carea' id='block_1_16' title="bbox 428 1456 2003 1529">
    <p class='ocr_par' dir='ltr' id='par_1_16' title="bbox 428 1456 2003 1529">
     <span class='ocr_line' id='line_1_16' title="bbox 428 1456 2003 1529; baseline 0.001 -19"><span class='ocrx_word' id='word_1_87' title='bbox 428 1457 832 1521; x_wconf 77' lang='lat' dir='ltr'><strong>excellentiam,</strong></span> <span class='ocrx_word' id='word_1_88' title='bbox 885 1473 993 1528; x_wconf 86' lang='lat' dir='ltr'><strong>qua</strong></span> <span class='ocrx_word' id='word_1_89' title='bbox 1047 1458 1272 1529; x_wconf 85' lang='lat' dir='ltr'><strong>angelos</strong></span> <span class='ocrx_word' id='word_1_90' title='bbox 1317 1467 1657 1527; x_wconf 78' lang='lat' dir='ltr'><strong>exsuperat:</strong></span> <span class='ocrx_word' id='word_1_91' title='bbox 1719 1456 1835 1511; x_wconf 83' lang='lat' dir='ltr'><strong>Non</strong></span> <span class='ocrx_word' id='word_1_92' title='bbox 1894 1456 2003 1520; x_wconf 87' lang='lat' dir='ltr'><strong>his.</strong></span> 
     </span>
    </p>
   </div>
   <div class='ocr_carea' id='block_1_17' title="bbox 431 1548 2004 1619">
    <p class='ocr_par' dir='ltr' id='par_1_17' title="bbox 431 1548 2004 1619">
     <span class='ocr_line' id='line_1_17' title="bbox 431 1548 2004 1619; baseline 0 -17"><span class='ocrx_word' id='word_1_93' title='bbox 431 1550 633 1617; x_wconf 89' lang='lat' dir='ltr'><strong>inquit,</strong></span> <span class='ocrx_word' id='word_1_94' title='bbox 689 1549 928 1619; x_wconf 83' lang='lat' dir='ltr'><strong>subjecit</strong></span> <span class='ocrx_word' id='word_1_95' title='bbox 988 1559 1262 1604; x_wconf 87' lang='lat' dir='ltr'><strong>terrarum</strong></span> <span class='ocrx_word' id='word_1_96' title='bbox 1321 1549 1533 1612; x_wconf 90' lang='lat' dir='ltr'><strong>orbem,</strong></span> <span class='ocrx_word' id='word_1_97' title='bbox 1598 1548 1683 1604; x_wconf 84' lang='lat' dir='ltr'><strong>vel</strong></span> <span class='ocrx_word' id='word_1_98' title='bbox 1741 1548 2004 1603; x_wconf 86' lang='lat' dir='ltr'><strong>mundum</strong></span> 
     </span>
    </p>
   </div>
   <div class='ocr_carea' id='block_1_18' title="bbox 430 1638 2005 1711">
    <p class='ocr_par' dir='ltr' id='par_1_18' title="bbox 430 1638 2005 1711">
     <span class='ocr_line' id='line_1_18' title="bbox 430 1638 2005 1711; baseline 0.001 -18"><span class='ocrx_word' id='word_1_99' title='bbox 430 1643 604 1706; x_wconf 82' lang='lat' dir='ltr'><strong>hunc,</strong></span> <span class='ocrx_word' id='word_1_100' title='bbox 639 1644 733 1698; x_wconf 87' lang='lat' dir='ltr'><strong>sed</strong></span> <span class='ocrx_word' id='word_1_101' title='bbox 771 1641 932 1698; x_wconf 86' lang='lat' dir='ltr'><strong>Filio.</strong></span> <span class='ocrx_word' id='word_1_102' title='bbox 972 1641 1249 1696; x_wconf 85' lang='lat' dir='ltr'><strong>Futurum</strong></span> <span class='ocrx_word' id='word_1_103' title='bbox 1276 1650 1458 1696; x_wconf 87' lang='lat' dir='ltr'><strong>autem</strong></span> <span class='ocrx_word' id='word_1_104' title='bbox 1485 1641 1642 1705; x_wconf 86' lang='lat' dir='ltr'><strong>dicit,</strong></span> <span class='ocrx_word' id='word_1_105' title='bbox 1667 1639 1797 1711; x_wconf 87' lang='lat' dir='ltr'><strong>quia</strong></span> <span class='ocrx_word' id='word_1_106' title='bbox 1831 1638 2005 1695; x_wconf 89' lang='lat' dir='ltr'><strong>Filius</strong></span> 
     </span>
    </p>
   </div>
   <div class='ocr_carea' id='block_1_19' title="bbox 2110 551 3690 630">
    <p class='ocr_par' dir='ltr' id='par_1_19' title="bbox 2110 551 3690 630">
     <span class='ocr_line' id='line_1_19' title="bbox 2110 551 3690 630; baseline 0.009 -29"><span class='ocrx_word' id='word_1_107' title='bbox 2110 551 2214 602; x_wconf 84' lang='grc' dir='ltr'><strong>κάν</strong></span> <span class='ocrx_word' id='word_1_108' title='bbox 2241 551 2436 622; x_wconf 81' lang='grc' dir='ltr'>τούτῳ,</span> <span class='ocrx_word' id='word_1_109' title='bbox 2467 556 2631 624; x_wconf 76' lang='grc' dir='ltr'>φησὶν</span> <span class='ocrx_word' id='word_1_110' title='bbox 2692 557 2775 609; x_wconf 85' lang='grc' dir='ltr'>ὅτι</span> <span class='ocrx_word' id='word_1_111' title='bbox 2811 558 2859 610; x_wconf 79' lang='lat' dir='ltr'><strong>0i</strong></span> <span class='ocrx_word' id='word_1_112' title='bbox 2907 558 3171 628; x_wconf 72' lang='grc' dir='ltr'>μερισμοὶ</span> <span class='ocrx_word' id='word_1_113' title='bbox 3229 559 3324 611; x_wconf 82' lang='grc' dir='ltr'><strong>τοῦ</strong></span> <span class='ocrx_word' id='word_1_114' title='bbox 3374 560 3690 630; x_wconf 77' lang='grc' dir='ltr'>[Ινεῦματος</span> 
     </span>
    </p>
   </div>
   <div class='ocr_carea' id='block_1_20' title="bbox 2109 640 3689 716">
    <p class='ocr_par' dir='ltr' id='par_1_20' title="bbox 2109 640 3689 716">
     <span class='ocr_line' id='line_1_20' title="bbox 2109 640 3689 716; baseline 0.01 -26"><span class='ocrx_word' id='word_1_115' title='bbox 2109 640 2249 692; x_wconf 85' lang='grc' dir='ltr'>κατὰ</span> <span class='ocrx_word' id='word_1_116' title='bbox 2297 641 2397 711; x_wconf 80' lang='grc' dir='ltr'>τὴν</span> <span class='ocrx_word' id='word_1_117' title='bbox 2458 645 2624 698; x_wconf 78' lang='grc' dir='ltr'>αὐτοῦ</span> <span class='ocrx_word' id='word_1_118' title='bbox 2682 645 2902 716; x_wconf 77' lang='grc' dir='ltr'><strong>θέλησιν</strong></span> <span class='ocrx_word' id='word_1_119' title='bbox 2962 647 3233 716; x_wconf 83' lang='grc' dir='ltr'>γίνονται.</span> <span class='ocrx_word' id='word_1_120' title='bbox 3285 649 3458 713; x_wconf 73' lang='grc' dir='ltr'>Αὐτὸς</span> <span class='ocrx_word' id='word_1_121' title='bbox 3496 647 3605 704; x_wconf 82' lang='grc' dir='ltr'>οἵδε</span> <span class='ocrx_word' id='word_1_122' title='bbox 3637 653 3689 706; x_wconf 79' lang='grc' dir='ltr'><strong>τί</strong></span> 
     </span>
    </p>
   </div>
   <div class='ocr_carea' id='block_1_21' title="bbox 2109 733 3685 813">
    <p class='ocr_par' dir='ltr' id='par_1_21' title="bbox 2109 733 3685 813">
     <span class='ocr_line' id='line_1_21' title="bbox 2109 733 3685 813; baseline 0.009 -30"><span class='ocrx_word' id='word_1_123' title='bbox 2109 733 2324 804; x_wconf 80' lang='grc' dir='ltr'>ἑκάστῳ</span> <span class='ocrx_word' id='word_1_124' title='bbox 2356 736 2648 808; x_wconf 76' lang='grc' dir='ltr'><strong>συμφέρει,</strong></span> <span class='ocrx_word' id='word_1_125' title='bbox 2691 739 2788 793; x_wconf 76' lang='grc' dir='ltr'><strong>καὶ</strong></span> <span class='ocrx_word' id='word_1_126' title='bbox 2811 738 2953 793; x_wconf 81' lang='grc' dir='ltr'>οὔτω</span> <span class='ocrx_word' id='word_1_127' title='bbox 2981 740 3344 813; x_wconf 76' lang='grc' dir='ltr'>καταμερίζει</span> <span class='ocrx_word' id='word_1_128' title='bbox 3375 743 3475 812; x_wconf 84' lang='grc' dir='ltr'><strong>τὴν</strong></span> <span class='ocrx_word' id='word_1_129' title='bbox 3502 745 3685 813; x_wconf 73' lang='grc' dir='ltr'>χάριν.</span> 
     </span>
    </p>
   </div>
   <div class='ocr_carea' id='block_1_22' title="bbox 2109 825 3688 908">
    <p class='ocr_par' dir='ltr' id='par_1_22' title="bbox 2109 825 3688 908">
     <span class='ocr_line' id='line_1_22' title="bbox 2109 825 3688 908; baseline 0.009 -31"><span class='ocrx_word' id='word_1_130' title='bbox 2109 825 2378 890; x_wconf 74' lang='grc' dir='ltr'><strong>Πολλάκις</strong></span> <span class='ocrx_word' id='word_1_131' title='bbox 2407 828 2476 882; x_wconf 84' lang='grc' dir='ltr'><strong>δι’</strong></span> <span class='ocrx_word' id='word_1_132' title='bbox 2509 831 2820 902; x_wconf 72' lang='grc' dir='ltr'><strong>ἀκάθαρτον</strong></span> <span class='ocrx_word' id='word_1_133' title='bbox 2879 833 2995 904; x_wconf 80' lang='grc' dir='ltr'>βίον</span> <span class='ocrx_word' id='word_1_134' title='bbox 3019 834 3080 886; x_wconf 82' lang='grc' dir='ltr'><strong>οὐ</strong></span> <span class='ocrx_word' id='word_1_135' title='bbox 3127 834 3395 904; x_wconf 77' lang='grc' dir='ltr'>λαμϐάνει</span> <span class='ocrx_word' id='word_1_136' title='bbox 3415 853 3498 900; x_wconf 86' lang='grc' dir='ltr'><strong>τις</strong></span> <span class='ocrx_word' id='word_1_137' title='bbox 3529 840 3688 908; x_wconf 77' lang='grc' dir='ltr'>χάρι-</span> 
     </span>
    </p>
   </div>
   <div class='ocr_carea' id='block_1_23' title="bbox 2108 919 3690 997">
    <p class='ocr_par' dir='ltr' id='par_1_23' title="bbox 2108 919 3690 997">
     <span class='ocr_line' id='line_1_23' title="bbox 2108 919 3690 997; baseline 0.009 -28"><span class='ocrx_word' id='word_1_138' title='bbox 2108 931 2243 986; x_wconf 77' lang='grc' dir='ltr'>σμα·</span> <span class='ocrx_word' id='word_1_139' title='bbox 2270 919 2530 984; x_wconf 81' lang='grc' dir='ltr'><strong>πολλάκις</strong></span> <span class='ocrx_word' id='word_1_140' title='bbox 2574 922 2690 993; x_wconf 77' lang='grc' dir='ltr'>βίον</span> <span class='ocrx_word' id='word_1_141' title='bbox 2719 923 2960 994; x_wconf 76' lang='grc' dir='ltr'>καθαρὸν</span> <span class='ocrx_word' id='word_1_142' title='bbox 3012 924 3152 996; x_wconf 81' lang='grc' dir='ltr'>έχων</span> <span class='ocrx_word' id='word_1_143' title='bbox 3182 927 3242 980; x_wconf 78' lang='grc' dir='ltr'>οὖ</span> <span class='ocrx_word' id='word_1_144' title='bbox 3271 927 3558 997; x_wconf 70' lang='grc' dir='ltr'>λαμϐάνει,</span> <span class='ocrx_word' id='word_1_145' title='bbox 3599 930 3690 983; x_wconf 70' lang='grc' dir='ltr'>ἵνα</span> 
     </span>
    </p>
   </div>
   <div class='ocr_carea' id='block_1_24' title="bbox 2112 1007 3686 1088">
    <p class='ocr_par' dir='ltr' id='par_1_24' title="bbox 2112 1007 3686 1088">
     <span class='ocr_line' id='line_1_24' title="bbox 2112 1007 3686 1088; baseline 0.008 -29"><span class='ocrx_word' id='word_1_146' title='bbox 2112 1007 2187 1076; x_wconf 84' lang='grc' dir='ltr'>μὴ</span> <span class='ocrx_word' id='word_1_147' title='bbox 2215 1009 2452 1081; x_wconf 77' lang='grc' dir='ltr'>ἐπαρθῇ.</span> <span class='ocrx_word' id='word_1_148' title='bbox 2475 1012 2566 1065; x_wconf 79' lang='grc' dir='ltr'><strong>Διὸ</strong></span> <span class='ocrx_word' id='word_1_149' title='bbox 2593 1014 2686 1066; x_wconf 82' lang='grc' dir='ltr'>καὶ</span> <span class='ocrx_word' id='word_1_150' title='bbox 2711 1015 2824 1078; x_wconf 84' lang='grc' dir='ltr'>τοῖς</span> <span class='ocrx_word' id='word_1_151' title='bbox 2856 1018 3136 1079; x_wconf 78' lang='grc' dir='ltr'>ταπεινοῖς</span> <span class='ocrx_word' id='word_1_152' title='bbox 3161 1017 3258 1068; x_wconf 69' lang='grc' dir='ltr'><strong>καὶ</strong></span> <span class='ocrx_word' id='word_1_153' title='bbox 3287 1016 3516 1087; x_wconf 66' lang='grc' dir='ltr'>ἀφελέσι</span> <span class='ocrx_word' id='word_1_154' title='bbox 3547 1020 3686 1088; x_wconf 79' lang='grc' dir='ltr'>μᾶλ-</span> 
     </span>
    </p>
   </div>
   <div class='ocr_carea' id='block_1_25' title="bbox 2109 1096 2487 1155">
    <p class='ocr_par' dir='ltr' id='par_1_25' title="bbox 2109 1096 2487 1155">
     <span class='ocr_line' id='line_1_25' title="bbox 2109 1096 2487 1155; baseline 0.016 -6"><span class='ocrx_word' id='word_1_155' title='bbox 2109 1096 2199 1151; x_wconf 84' lang='grc' dir='ltr'><strong>λον</strong></span> <span class='ocrx_word' id='word_1_156' title='bbox 2234 1098 2487 1155; x_wconf 81' lang='grc' dir='ltr'>ἐδίδοντο,</span> 
     </span>
    </p>
   </div>
   <div class='ocr_carea' id='block_1_26' title="bbox 2175 1281 3688 1359">
    <p class='ocr_par' dir='ltr' id='par_1_26' title="bbox 2175 1281 3688 1359">
     <span class='ocr_line' id='line_1_26' title="bbox 2175 1281 3688 1359; baseline 0.009 -29"><span class='ocrx_word' id='word_1_157' title='bbox 2175 1281 2260 1333; x_wconf 90' lang='grc' dir='ltr'>Οὑ</span> <span class='ocrx_word' id='word_1_158' title='bbox 2317 1281 2428 1350; x_wconf 75' lang='grc' dir='ltr'>γὰρ</span> <span class='ocrx_word' id='word_1_159' title='bbox 2485 1281 2765 1352; x_wconf 58' lang='grc' dir='ltr'>ἀγγέλοις</span> <span class='ocrx_word' id='word_1_160' title='bbox 2826 1286 3091 1353; x_wconf 79' lang='grc' dir='ltr'><strong>ὑπέταξε</strong></span> <span class='ocrx_word' id='word_1_161' title='bbox 3137 1287 3255 1358; x_wconf 76' lang='grc' dir='ltr'>τὴν</span> <span class='ocrx_word' id='word_1_162' title='bbox 3325 1291 3688 1359; x_wconf 64' lang='grc' dir='ltr'>οἰκουμένην</span> 
     </span>
    </p>
   </div>
   <div class='ocr_carea' id='block_1_27' title="bbox 2108 1368 3690 1450">
    <p class='ocr_par' dir='ltr' id='par_1_27' title="bbox 2108 1368 3690 1450">
     <span class='ocr_line' id='line_1_27' title="bbox 2108 1368 3690 1450; baseline 0.009 -30"><span class='ocrx_word' id='word_1_163' title='bbox 2108 1368 2223 1436; x_wconf 81' lang='grc' dir='ltr'>τὴν</span> <span class='ocrx_word' id='word_1_164' title='bbox 2249 1369 2625 1436; x_wconf 80' lang='grc' dir='ltr'>μέλλουσαν.</span> <span class='ocrx_word' id='word_1_165' title='bbox 2687 1375 2810 1428; x_wconf 84' lang='grc' dir='ltr'>Ἔτι</span> <span class='ocrx_word' id='word_1_166' title='bbox 2863 1377 2964 1447; x_wconf 74' lang='grc' dir='ltr'><strong>τὴν</strong></span> <span class='ocrx_word' id='word_1_167' title='bbox 3010 1379 3147 1449; x_wconf 83' lang='grc' dir='ltr'>πρὸς</span> <span class='ocrx_word' id='word_1_168' title='bbox 3223 1381 3349 1443; x_wconf 66' lang='grc' dir='ltr'>τοὺς</span> <span class='ocrx_word' id='word_1_169' title='bbox 3420 1382 3690 1450; x_wconf 77' lang='grc' dir='ltr'><strong>ἀγγέλους</strong></span> 
     </span>
    </p>
   </div>
   <div class='ocr_carea' id='block_1_28' title="bbox 2109 1462 3691 1542">
    <p class='ocr_par' dir='ltr' id='par_1_28' title="bbox 2109 1462 3691 1542">
     <span class='ocr_line' id='line_1_28' title="bbox 2109 1462 3691 1542; baseline 0.009 -29"><span class='ocrx_word' id='word_1_170' title='bbox 2109 1462 2384 1534; x_wconf 76' lang='grc' dir='ltr'>ὑπεροχὴν</span> <span class='ocrx_word' id='word_1_171' title='bbox 2441 1463 2533 1517; x_wconf 76' lang='grc' dir='ltr'>τοῦ</span> <span class='ocrx_word' id='word_1_172' title='bbox 2593 1466 2723 1518; x_wconf 87' lang='grc' dir='ltr'><strong>Υἱοῦ</strong></span> <span class='ocrx_word' id='word_1_173' title='bbox 2767 1468 3006 1535; x_wconf 77' lang='grc' dir='ltr'>δεικνὺς,</span> <span class='ocrx_word' id='word_1_174' title='bbox 3067 1472 3233 1542; x_wconf 74' lang='grc' dir='ltr'>φησὶν</span> <span class='ocrx_word' id='word_1_175' title='bbox 3262 1467 3346 1525; x_wconf 78' lang='grc' dir='ltr'>ὅτι</span> <span class='ocrx_word' id='word_1_176' title='bbox 3379 1475 3440 1527; x_wconf 79' lang='grc' dir='ltr'>οὐ</span> <span class='ocrx_word' id='word_1_177' title='bbox 3473 1475 3691 1540; x_wconf 76' lang='grc' dir='ltr'>τούτοις</span> 
     </span>
    </p>
   </div>
   <div class='ocr_carea' id='block_1_29' title="bbox 2110 1555 3688 1640">
    <p class='ocr_par' dir='ltr' id='par_1_29' title="bbox 2110 1555 3688 1640">
     <span class='ocr_line' id='line_1_29' title="bbox 2110 1555 3688 1640; baseline 0.006 -33"><span class='ocrx_word' id='word_1_178' title='bbox 2110 1555 2344 1621; x_wconf 76' lang='grc' dir='ltr'>ὑπέταξε</span> <span class='ocrx_word' id='word_1_179' title='bbox 2395 1558 2494 1628; x_wconf 81' lang='grc' dir='ltr'><strong>τὴν</strong></span> <span class='ocrx_word' id='word_1_180' title='bbox 2538 1562 2888 1634; x_wconf 76' lang='grc' dir='ltr'>οἰκουμένην,</span> <span class='ocrx_word' id='word_1_181' title='bbox 2937 1564 3055 1635; x_wconf 78' lang='grc' dir='ltr'>ήτοι</span> <span class='ocrx_word' id='word_1_182' title='bbox 3106 1566 3205 1633; x_wconf 77' lang='grc' dir='ltr'>τὴν</span> <span class='ocrx_word' id='word_1_183' title='bbox 3251 1567 3431 1620; x_wconf 79' lang='grc' dir='ltr'>κτίσιν</span> <span class='ocrx_word' id='word_1_184' title='bbox 3462 1567 3688 1640; x_wconf 77' lang='grc' dir='ltr'>ταύτην,</span> 
     </span>
    </p>
   </div>
   <div class='ocr_carea' id='block_1_30' title="bbox 2109 1646 3692 1730">
    <p class='ocr_par' dir='ltr' id='par_1_30' title="bbox 2109 1646 3692 1730">
     <span class='ocr_line' id='line_1_30' title="bbox 2109 1646 3692 1730; baseline 0.009 -31"><span class='ocrx_word' id='word_1_185' title='bbox 2109 1646 2244 1700; x_wconf 63' lang='grc' dir='ltr'>ἀλλὰ</span> <span class='ocrx_word' id='word_1_186' title='bbox 2276 1649 2354 1719; x_wconf 78' lang='grc' dir='ltr'>τῷ</span> <span class='ocrx_word' id='word_1_187' title='bbox 2377 1649 2514 1722; x_wconf 75' lang='grc' dir='ltr'>Υἱῷ.</span> <span class='ocrx_word' id='word_1_188' title='bbox 2543 1651 2866 1708; x_wconf 86' lang='grc' dir='ltr'>Μέλλουσαν</span> <span class='ocrx_word' id='word_1_189' title='bbox 2891 1655 2948 1708; x_wconf 84' lang='grc' dir='ltr'>δὲ</span> <span class='ocrx_word' id='word_1_190' title='bbox 2974 1657 3146 1726; x_wconf 76' lang='grc' dir='ltr'>αὐτήν</span> <span class='ocrx_word' id='word_1_191' title='bbox 3181 1675 3337 1728; x_wconf 80' lang='grc' dir='ltr'>φησι,</span> <span class='ocrx_word' id='word_1_192' title='bbox 3372 1659 3507 1712; x_wconf 85' lang='grc' dir='ltr'>διότι</span> <span class='ocrx_word' id='word_1_193' title='bbox 3529 1663 3557 1714; x_wconf 84' lang='grc' dir='ltr'><strong>ό</strong></span> <span class='ocrx_word' id='word_1_194' title='bbox 3589 1662 3692 1730; x_wconf 81' lang='grc' dir='ltr'><strong>μὲν</strong></span> 
     </span>
    </p>
   </div>
   <div class='ocr_carea' id='block_1_31' title="bbox 429 1731 2003 1822">
    <p class='ocr_par' dir='ltr' id='par_1_31' title="bbox 429 1731 2000 1806">
     <span class='ocr_line' id='line_1_31' title="bbox 429 1731 2000 1806; baseline -0.001 -19"><span class='ocrx_word' id='word_1_195' title='bbox 429 1733 524 1789; x_wconf 87' lang='lat' dir='ltr'><strong>Dei</strong></span> <span class='ocrx_word' id='word_1_196' title='bbox 559 1749 778 1806; x_wconf 89' lang='lat' dir='ltr'><strong>semper</strong></span> <span class='ocrx_word' id='word_1_197' title='bbox 803 1744 936 1796; x_wconf 86' lang='lat' dir='ltr'><strong>erat,</strong></span> <span class='ocrx_word' id='word_1_198' title='bbox 973 1733 1124 1789; x_wconf 86' lang='lat' dir='ltr'><strong>orbis</strong></span> <span class='ocrx_word' id='word_1_199' title='bbox 1157 1749 1286 1788; x_wconf 88' lang='lat' dir='ltr'><strong>vero</strong></span> <span class='ocrx_word' id='word_1_200' title='bbox 1323 1743 1592 1788; x_wconf 87' lang='lat' dir='ltr'><strong>terrarum</strong></span> <span class='ocrx_word' id='word_1_201' title='bbox 1650 1731 2000 1802; x_wconf 88' lang='lat' dir='ltr'><strong>producendu</strong></span> 
     </span>
    </p>
   </div>
   <div class='ocr_carea' id='block_1_32' title="bbox 2104 1731 3693 1822">
    <p class='ocr_par' dir='ltr' id='par_1_32' title="bbox 2113 1737 3693 1822">
     <span class='ocr_line' id='line_1_32' title="bbox 2113 1737 3693 1822; baseline 0.011 -34"><span class='ocrx_word' id='word_1_202' title='bbox 2113 1737 2237 1802; x_wconf 81' lang='grc' dir='ltr'>Υἱὸς</span> <span class='ocrx_word' id='word_1_203' title='bbox 2290 1738 2383 1791; x_wconf 83' lang='grc' dir='ltr'>τοῦ</span> <span class='ocrx_word' id='word_1_204' title='bbox 2415 1739 2550 1793; x_wconf 81' lang='grc' dir='ltr'>Θεοῦ</span> <span class='ocrx_word' id='word_1_205' title='bbox 2581 1737 2648 1812; x_wconf 78' lang='grc' dir='ltr'>ἦν</span> <span class='ocrx_word' id='word_1_206' title='bbox 2673 1743 2781 1807; x_wconf 73' lang='grc' dir='ltr'>ἀεὶ,</span> <span class='ocrx_word' id='word_1_207' title='bbox 2815 1743 2955 1816; x_wconf 64' lang='grc' dir='ltr'>αὕτη</span> <span class='ocrx_word' id='word_1_208' title='bbox 2979 1745 3036 1799; x_wconf 83' lang='grc' dir='ltr'><strong>δὲ</strong></span> <span class='ocrx_word' id='word_1_209' title='bbox 3083 1746 3279 1816; x_wconf 79' lang='grc' dir='ltr'>ἔμελλε</span> <span class='ocrx_word' id='word_1_210' title='bbox 3304 1749 3580 1818; x_wconf 81' lang='grc' dir='ltr'>γενέσθαι,</span> <span class='ocrx_word' id='word_1_211' title='bbox 3611 1752 3693 1822; x_wconf 78' lang='grc' dir='ltr'>μὴ</span> 
     </span>
    </p>
   </div>
   <div class='ocr_carea' id='block_1_33' title="bbox 427 1808 2003 1912">
    <p class='ocr_par' dir='ltr' id='par_1_33' title="bbox 427 1823 1970 1897">
     <span class='ocr_line' id='line_1_33' title="bbox 427 1823 1970 1897; baseline -0.001 -19"><span class='ocrx_word' id='word_1_212' title='bbox 427 1832 568 1890; x_wconf 90' lang='lat' dir='ltr'><strong>erat,</strong></span> <span class='ocrx_word' id='word_1_213' title='bbox 603 1828 697 1897; x_wconf 90' lang='lat' dir='ltr'><strong>qui</strong></span> <span class='ocrx_word' id='word_1_214' title='bbox 758 1835 919 1880; x_wconf 77' lang='lat' dir='ltr'><strong>antea</strong></span> <span class='ocrx_word' id='word_1_215' title='bbox 957 1826 1213 1882; x_wconf 72' lang='lat' dir='ltr'><strong>videlicet</strong></span> <span class='ocrx_word' id='word_1_216' title='bbox 1261 1841 1369 1880; x_wconf 91' lang='lat' dir='ltr'><strong>non</strong></span> <span class='ocrx_word' id='word_1_217' title='bbox 1433 1825 1632 1879; x_wconf 81' lang='lat' dir='ltr'><strong>fuerat.</strong></span> <span class='ocrx_word' id='word_1_218' title='bbox 1692 1823 1970 1890; x_wconf 80' lang='lat' dir='ltr'><strong>Quantum</strong></span> 
     </span>
    </p>
   </div>
   <div class='ocr_carea' id='block_1_34' title="bbox 2104 1808 3690 1912">
    <p class='ocr_par' dir='ltr' id='par_1_34' title="bbox 2106 1808 3690 1912">
     <span class='ocr_line' id='line_1_34' title="bbox 2106 1808 3690 1912; baseline 0.011 -33"><span class='ocrx_word' id='word_1_219' title='bbox 2106 1823 2243 1882; x_wconf 77' lang='grc' dir='ltr'>οὖσα</span> <span class='ocrx_word' id='word_1_220' title='bbox 2295 1830 2561 1902; x_wconf 68' lang='grc' dir='ltr'>πρότερον</span> <span class='ocrx_word' id='word_1_221' title='bbox 2604 1808 3032 1906; x_wconf 34' lang='grc' dir='ltr'><strong>⁷δηλαδήίὌξιον</strong></span> <span class='ocrx_word' id='word_1_222' title='bbox 3079 1808 3173 1891; x_wconf 77' lang='grc' dir='ltr'><strong>οὔν</strong></span> <span class='ocrx_word' id='word_1_223' title='bbox 3212 1808 3476 1912; x_wconf 70' lang='grc' dir='ltr'>πρὸςτήν</span> <span class='ocrx_word' id='word_1_224' title='bbox 3517 1808 3690 1897; x_wconf 46' lang='grc' dir='ltr'>ἀίδιον</span> 
     </span>
    </p>
   </div>
   <div class='ocr_carea' id='block_1_35' title="bbox 432 1913 2001 1984">
    <p class='ocr_par' dir='ltr' id='par_1_35' title="bbox 432 1913 2001 1984">
     <span class='ocr_line' id='line_1_35' title="bbox 432 1913 2001 1984; baseline 0.001 -17"><span class='ocrx_word' id='word_1_225' title='bbox 432 1916 602 1984; x_wconf 81' lang='lat' dir='ltr'><strong>igitur</strong></span> <span class='ocrx_word' id='word_1_226' title='bbox 667 1915 867 1970; x_wconf 84' lang='lat' dir='ltr'><strong>attinet</strong></span> <span class='ocrx_word' id='word_1_227' title='bbox 925 1915 991 1970; x_wconf 85' lang='lat' dir='ltr'><strong>ad</strong></span> <span class='ocrx_word' id='word_1_228' title='bbox 1041 1915 1430 1984; x_wconf 83' lang='lat' dir='ltr'><strong>sempiternam</strong></span> <span class='ocrx_word' id='word_1_229' title='bbox 1501 1913 1626 1968; x_wconf 78' lang='lat' dir='ltr'><strong>Filii</strong></span> <span class='ocrx_word' id='word_1_230' title='bbox 1681 1914 2001 1978; x_wconf 84' lang='lat' dir='ltr'><strong>essentiam,</strong></span> 
     </span>
    </p>
   </div>
   <div class='ocr_carea' id='block_1_36' title="bbox 425 2007 1004 2064">
    <p class='ocr_par' dir='ltr' id='par_1_36' title="bbox 425 2007 1004 2064">
     <span class='ocr_line' id='line_1_36' title="bbox 425 2007 1004 2064; baseline 0 -2"><span class='ocrx_word' id='word_1_231' title='bbox 425 2008 578 2063; x_wconf 85' lang='lat' dir='ltr'><strong>orbis</strong></span> <span class='ocrx_word' id='word_1_232' title='bbox 609 2007 828 2064; x_wconf 84' lang='lat' dir='ltr'><strong>futurus</strong></span> <span class='ocrx_word' id='word_1_233' title='bbox 866 2018 1004 2062; x_wconf 89' lang='lat' dir='ltr'><strong>erat.</strong></span> 
     </span>
    </p>
   </div>
   <div class='ocr_carea' id='block_1_37' title="bbox 496 2097 2000 2174">
    <p class='ocr_par' dir='ltr' id='par_1_37' title="bbox 496 2097 2000 2174">
     <span class='ocr_line' id='line_1_37' title="bbox 496 2097 2000 2174; baseline -0.001 -22"><span class='ocrx_word' id='word_1_234' title='bbox 496 2098 575 2152; x_wconf 87' lang='lat' dir='ltr'><strong>De</strong></span> <span class='ocrx_word' id='word_1_235' title='bbox 599 2115 700 2168; x_wconf 86' lang='lat' dir='ltr'><strong>quo</strong></span> <span class='ocrx_word' id='word_1_236' title='bbox 744 2100 1030 2171; x_wconf 63' lang='lat' dir='ltr'><strong>loguinmr.</strong></span> <span class='ocrx_word' id='word_1_237' title='bbox 1059 2100 1172 2155; x_wconf 80' lang='lat' dir='ltr'><strong>[loc</strong></span> <span class='ocrx_word' id='word_1_238' title='bbox 1192 2107 1308 2163; x_wconf 82' lang='lat' dir='ltr'><strong>est,</strong></span> <span class='ocrx_word' id='word_1_239' title='bbox 1361 2098 1429 2154; x_wconf 90' lang='lat' dir='ltr'><strong>de</strong></span> <span class='ocrx_word' id='word_1_240' title='bbox 1480 2113 1590 2169; x_wconf 86' lang='lat' dir='ltr'><strong>quo</strong></span> <span class='ocrx_word' id='word_1_241' title='bbox 1635 2113 1804 2174; x_wconf 78' lang='lat' dir='ltr'><strong>supra</strong></span> <span class='ocrx_word' id='word_1_242' title='bbox 1853 2097 2000 2152; x_wconf 79' lang='lat' dir='ltr'><strong>dixi-</strong></span> 
     </span>
    </p>
   </div>
   <div class='ocr_carea' id='block_1_38' title="bbox 427 2189 2004 2261">
    <p class='ocr_par' dir='ltr' id='par_1_38' title="bbox 427 2189 2004 2261">
     <span class='ocr_line' id='line_1_38' title="bbox 427 2189 2004 2261; baseline -0.002 -17"><span class='ocrx_word' id='word_1_243' title='bbox 427 2206 581 2256; x_wconf 85' lang='lat' dir='ltr'><strong>mus,</strong></span> <span class='ocrx_word' id='word_1_244' title='bbox 634 2191 770 2245; x_wconf 83' lang='lat' dir='ltr'><strong>Cum</strong></span> <span class='ocrx_word' id='word_1_245' title='bbox 812 2191 1107 2246; x_wconf 79' lang='lat' dir='ltr'><strong>introducit</strong></span> <span class='ocrx_word' id='word_1_246' title='bbox 1159 2191 1578 2261; x_wconf 72' lang='lat' dir='ltr'><strong>primogenitum</strong></span> <span class='ocrx_word' id='word_1_247' title='bbox 1606 2190 1660 2242; x_wconf 86' lang='lat' dir='ltr'><strong>in</strong></span> <span class='ocrx_word' id='word_1_248' title='bbox 1690 2189 1867 2244; x_wconf 87' lang='lat' dir='ltr'><strong>orbem</strong></span> <span class='ocrx_word' id='word_1_249' title='bbox 1902 2199 2004 2243; x_wconf 87' lang='lat' dir='ltr'><strong>ter-</strong></span> 
     </span>
    </p>
   </div>
   <div class='ocr_carea' id='block_1_39' title="bbox 427 2281 2005 2352">
    <p class='ocr_par' dir='ltr' id='par_1_39' title="bbox 427 2281 2005 2352">
     <span class='ocr_line' id='line_1_39' title="bbox 427 2281 2005 2352; baseline -0.001 -17"><span class='ocrx_word' id='word_1_250' title='bbox 427 2299 523 2336; x_wconf 79' lang='lat' dir='ltr'><strong>na.</strong></span> <span class='ocrx_word' id='word_1_251' title='bbox 556 2281 631 2336; x_wconf 82' lang='lat' dir='ltr'><strong>Ne</strong></span> <span class='ocrx_word' id='word_1_252' title='bbox 660 2283 833 2352; x_wconf 80' lang='lat' dir='ltr'><strong>igitur</strong></span> <span class='ocrx_word' id='word_1_253' title='bbox 864 2282 1030 2335; x_wconf 88' lang='lat' dir='ltr'><strong>alium</strong></span> <span class='ocrx_word' id='word_1_254' title='bbox 1070 2283 1260 2337; x_wconf 87' lang='lat' dir='ltr'><strong>orbem</strong></span> <span class='ocrx_word' id='word_1_255' title='bbox 1311 2281 1555 2351; x_wconf 86' lang='lat' dir='ltr'><strong>inquirat</strong></span> <span class='ocrx_word' id='word_1_256' title='bbox 1599 2297 1753 2336; x_wconf 90' lang='lat' dir='ltr'><strong>mens</strong></span> <span class='ocrx_word' id='word_1_257' title='bbox 1799 2291 1890 2335; x_wconf 84' lang='lat' dir='ltr'><strong>tua</strong></span> <span class='ocrx_word' id='word_1_258' title='bbox 1913 2296 2005 2336; x_wconf 85' lang='lat' dir='ltr'><strong>se-</strong></span> 
     </span>
    </p>
   </div>
   <div class='ocr_carea' id='block_1_40' title="bbox 425 2370 2002 2442">
    <p class='ocr_par' dir='ltr' id='par_1_40' title="bbox 425 2370 2002 2442">
     <span class='ocr_line' id='line_1_40' title="bbox 425 2370 2002 2442; baseline -0.001 -15"><span class='ocrx_word' id='word_1_259' title='bbox 425 2376 612 2428; x_wconf 86' lang='lat' dir='ltr'><strong>ducta.</strong></span> <span class='ocrx_word' id='word_1_260' title='bbox 652 2372 909 2427; x_wconf 77' lang='lat' dir='ltr'><strong>Nonnulli</strong></span> <span class='ocrx_word' id='word_1_261' title='bbox 939 2382 1120 2426; x_wconf 90' lang='lat' dir='ltr'><strong>autem</strong></span> <span class='ocrx_word' id='word_1_262' title='bbox 1158 2387 1262 2442; x_wconf 84' lang='lat' dir='ltr'><strong>per</strong></span> <span class='ocrx_word' id='word_1_263' title='bbox 1335 2371 1578 2426; x_wconf 79' lang='lat' dir='ltr'><strong>futurum</strong></span> <span class='ocrx_word' id='word_1_264' title='bbox 1606 2370 1823 2438; x_wconf 88' lang='lat' dir='ltr'><strong>orbem,</strong></span> <span class='ocrx_word' id='word_1_265' title='bbox 1852 2371 2002 2426; x_wconf 80' lang='lat' dir='ltr'><strong>lutu-</strong></span> 
     </span>
    </p>
   </div>
   <div class='ocr_carea' id='block_1_41' title="bbox 425 2462 2004 2534">
    <p class='ocr_par' dir='ltr' id='par_1_41' title="bbox 425 2462 2004 2534">
     <span class='ocr_line' id='line_1_41' title="bbox 425 2462 2004 2534; baseline -0.001 -14"><span class='ocrx_word' id='word_1_266' title='bbox 425 2482 546 2520; x_wconf 90' lang='lat' dir='ltr'><strong>rnm</strong></span> <span class='ocrx_word' id='word_1_267' title='bbox 590 2464 855 2519; x_wconf 88' lang='lat' dir='ltr'><strong>mundum</strong></span> <span class='ocrx_word' id='word_1_268' title='bbox 903 2465 1291 2519; x_wconf 79' lang='lat' dir='ltr'><strong>intellexerunt</strong></span> <span class='ocrx_word' id='word_1_269' title='bbox 1329 2480 1345 2521; x_wconf 86' lang='lat'><strong>:</strong></span> <span class='ocrx_word' id='word_1_270' title='bbox 1409 2463 1481 2517; x_wconf 85' lang='lat' dir='ltr'><strong>De</strong></span> <span class='ocrx_word' id='word_1_271' title='bbox 1511 2479 1636 2532; x_wconf 85' lang='lat' dir='ltr'><strong>quo,</strong></span> <span class='ocrx_word' id='word_1_272' title='bbox 1671 2462 1866 2534; x_wconf 91' lang='lat' dir='ltr'><strong>inquit,</strong></span> <span class='ocrx_word' id='word_1_273' title='bbox 1903 2477 2004 2518; x_wconf 86' lang='lat' dir='ltr'><strong>nos</strong></span> 
     </span>
    </p>
   </div>
   <div class='ocr_carea' id='block_1_42' title="bbox 423 2551 2003 2622">
    <p class='ocr_par' dir='ltr' id='par_1_42' title="bbox 423 2551 2003 2622">
     <span class='ocr_line' id='line_1_42' title="bbox 423 2551 2003 2622; baseline -0.001 -14"><span class='ocrx_word' id='word_1_274' title='bbox 423 2555 649 2609; x_wconf 89' lang='lat' dir='ltr'><strong>omnino</strong></span> <span class='ocrx_word' id='word_1_275' title='bbox 679 2552 966 2622; x_wconf 73' lang='lat' dir='ltr'><strong>loquimur.</strong></span> <span class='ocrx_word' id='word_1_276' title='bbox 1009 2551 1146 2606; x_wconf 84' lang='lat' dir='ltr'><strong>Tum</strong></span> <span class='ocrx_word' id='word_1_277' title='bbox 1176 2553 1323 2606; x_wconf 89' lang='lat' dir='ltr'><strong>enim</strong></span> <span class='ocrx_word' id='word_1_278' title='bbox 1357 2552 1534 2620; x_wconf 83' lang='lat' dir='ltr'><strong>angeli</strong></span> <span class='ocrx_word' id='word_1_279' title='bbox 1570 2559 1626 2605; x_wconf 91' lang='lat' dir='ltr'><strong>ut</strong></span> <span class='ocrx_word' id='word_1_280' title='bbox 1657 2551 1802 2607; x_wconf 68' lang='lat' dir='ltr'><strong>servi</strong></span> <span class='ocrx_word' id='word_1_281' title='bbox 1836 2554 2003 2607; x_wconf 86' lang='lat' dir='ltr'><strong>assis-</strong></span> 
     </span>
    </p>
   </div>
   <div class='ocr_carea' id='block_1_43' title="bbox 425 2642 1557 2714">
    <p class='ocr_par' dir='ltr' id='par_1_43' title="bbox 425 2642 1557 2714">
     <span class='ocr_line' id='line_1_43' title="bbox 425 2642 1557 2714; baseline -0.003 -14"><span class='ocrx_word' id='word_1_282' title='bbox 425 2654 574 2714; x_wconf 85' lang='lat' dir='ltr'><strong>tent;</strong></span> <span class='ocrx_word' id='word_1_283' title='bbox 605 2645 781 2701; x_wconf 86' lang='lat' dir='ltr'><strong>Filius</strong></span> <span class='ocrx_word' id='word_1_284' title='bbox 814 2654 996 2700; x_wconf 84' lang='lat' dir='ltr'><strong>autem</strong></span> <span class='ocrx_word' id='word_1_285' title='bbox 1037 2643 1290 2714; x_wconf 77' lang='lat' dir='ltr'><strong>utjudex</strong></span> <span class='ocrx_word' id='word_1_286' title='bbox 1325 2642 1557 2698; x_wconf 81' lang='lat' dir='ltr'><strong>sedebit.</strong></span> 
     </span>
    </p>
   </div>
   <div class='ocr_carea' id='block_1_44' title="bbox 493 2827 2002 2900">
    <p class='ocr_par' dir='ltr' id='par_1_44' title="bbox 493 2827 2002 2900">
     <span class='ocr_line' id='line_1_44' title="bbox 493 2827 2002 2900; baseline -0.004 -14"><span class='ocrx_word' id='word_1_287' title='bbox 493 2831 660 2886; x_wconf 73' lang='lat' dir='ltr'><strong>Vens.</strong></span> <span class='ocrx_word' id='word_1_288' title='bbox 688 2829 744 2896; x_wconf 87' lang='lat'><strong>6,</strong></span> <span class='ocrx_word' id='word_1_289' title='bbox 773 2830 825 2884; x_wconf 86' lang='grc'>7.</span> <span class='ocrx_word' id='word_1_290' title='bbox 868 2827 1208 2898; x_wconf 78' lang='lat' dir='ltr'><strong>Testiﬁcatus</strong></span> <span class='ocrx_word' id='word_1_291' title='bbox 1236 2838 1314 2884; x_wconf 85' lang='lat' dir='ltr'><strong>est</strong></span> <span class='ocrx_word' id='word_1_292' title='bbox 1358 2836 1532 2883; x_wconf 83' lang='lat' dir='ltr'><strong>autem</strong></span> <span class='ocrx_word' id='word_1_293' title='bbox 1561 2829 1779 2900; x_wconf 74' lang='lat' dir='ltr'><strong>quidam</strong></span> <span class='ocrx_word' id='word_1_294' title='bbox 1807 2827 2002 2882; x_wconf 82' lang='lat' dir='ltr'><strong>alicubi</strong></span> 
     </span>
    </p>
   </div>
   <div class='ocr_carea' id='block_1_45' title="bbox 423 2915 2002 2988">
    <p class='ocr_par' dir='ltr' id='par_1_45' title="bbox 423 2915 2002 2988">
     <span class='ocr_line' id='line_1_45' title="bbox 423 2915 2002 2988; baseline -0.001 -16"><span class='ocrx_word' id='word_1_295' title='bbox 423 2923 600 2976; x_wconf 86' lang='lat' dir='ltr'><strong>dicens</strong></span> <span class='ocrx_word' id='word_1_296' title='bbox 625 2933 642 2972; x_wconf 93' lang='lat'><em>:</em></span> <span class='ocrx_word' id='word_1_297' title='bbox 668 2919 812 2987; x_wconf 80' lang='lat' dir='ltr'><strong>Quid</strong></span> <span class='ocrx_word' id='word_1_298' title='bbox 841 2931 920 2974; x_wconf 84' lang='lat' dir='ltr'><strong>est</strong></span> <span class='ocrx_word' id='word_1_299' title='bbox 950 2919 1104 2972; x_wconf 87' lang='lat' dir='ltr'><strong>homo</strong></span> <span class='ocrx_word' id='word_1_300' title='bbox 1136 2918 1273 2988; x_wconf 88' lang='lat' dir='ltr'><strong>quod</strong></span> <span class='ocrx_word' id='word_1_301' title='bbox 1298 2934 1498 2972; x_wconf 82' lang='lat' dir='ltr'><strong>memor</strong></span> <span class='ocrx_word' id='word_1_302' title='bbox 1527 2935 1580 2972; x_wconf 77' lang='lat' dir='ltr'><strong>es</strong></span> <span class='ocrx_word' id='word_1_303' title='bbox 1601 2918 1869 2987; x_wconf 81' lang='lat' dir='ltr'><strong>ejus?ant</strong></span> <span class='ocrx_word' id='word_1_304' title='bbox 1904 2915 2002 2971; x_wconf 89' lang='lat' dir='ltr'><strong>Fi-</strong></span> 
     </span>
    </p>
   </div>
   <div class='ocr_carea' id='block_1_46' title="bbox 425 3007 2001 3080">
    <p class='ocr_par' dir='ltr' id='par_1_46' title="bbox 425 3007 2001 3080">
     <span class='ocr_line' id='line_1_46' title="bbox 425 3007 2001 3080; baseline -0.004 -14"><span class='ocrx_word' id='word_1_305' title='bbox 425 3015 526 3067; x_wconf 87' lang='lat' dir='ltr'><strong>lius</strong></span> <span class='ocrx_word' id='word_1_306' title='bbox 553 3011 808 3077; x_wconf 78' lang='lat' dir='ltr'><strong>hominis,</strong></span> <span class='ocrx_word' id='word_1_307' title='bbox 853 3011 1102 3080; x_wconf 83' lang='lat' dir='ltr'><strong>quoniam</strong></span> <span class='ocrx_word' id='word_1_308' title='bbox 1159 3011 1342 3064; x_wconf 72' lang='lat' dir='ltr'><strong>visitas</strong></span> <span class='ocrx_word' id='word_1_309' title='bbox 1378 3011 1546 3064; x_wconf 78' lang='lat' dir='ltr'><strong>eum?</strong></span> <span class='ocrx_word' id='word_1_310' title='bbox 1607 3007 1854 3062; x_wconf 79' lang='lat' dir='ltr'><strong>Minuisti</strong></span> <span class='ocrx_word' id='word_1_311' title='bbox 1883 3025 2001 3062; x_wconf 86' lang='lat' dir='ltr'><strong>eum</strong></span> 
     </span>
    </p>
   </div>
   <div class='ocr_carea' id='block_1_47' title="bbox 422 3101 2002 3173">
    <p class='ocr_par' dir='ltr' id='par_1_47' title="bbox 422 3101 2002 3173">
     <span class='ocr_line' id='line_1_47' title="bbox 422 3101 2002 3173; baseline -0.003 -15"><span class='ocrx_word' id='word_1_312' title='bbox 422 3107 582 3173; x_wconf 83' lang='lat' dir='ltr'><strong>paulo</strong></span> <span class='ocrx_word' id='word_1_313' title='bbox 610 3105 781 3157; x_wconf 84' lang='lat' dir='ltr'><strong>minus</strong></span> <span class='ocrx_word' id='word_1_314' title='bbox 808 3101 876 3156; x_wconf 88' lang='lat' dir='ltr'><strong>ab</strong></span> <span class='ocrx_word' id='word_1_315' title='bbox 920 3104 1118 3172; x_wconf 77' lang='lat' dir='ltr'><strong>angelis</strong></span> <span class='ocrx_word' id='word_1_316' title='bbox 1144 3117 1160 3155; x_wconf 89' lang='lat'><strong><em>:</em></strong></span> <span class='ocrx_word' id='word_1_317' title='bbox 1184 3102 1366 3172; x_wconf 79' lang='lat' dir='ltr'><strong>gloria</strong></span> <span class='ocrx_word' id='word_1_318' title='bbox 1408 3110 1456 3155; x_wconf 81' lang='lat' dir='ltr'><strong>et</strong></span> <span class='ocrx_word' id='word_1_319' title='bbox 1508 3101 1706 3155; x_wconf 81' lang='lat' dir='ltr'><strong>honore</strong></span> <span class='ocrx_word' id='word_1_320' title='bbox 1730 3101 2002 3155; x_wconf 78' lang='lat' dir='ltr'><strong>coronasli</strong></span> 
     </span>
    </p>
   </div>
   <div class='ocr_carea' id='block_1_48' title="bbox 423 3162 2073 3264">
    <p class='ocr_par' dir='ltr' id='par_1_48' title="bbox 423 3162 2073 3264">
     <span class='ocr_line' id='line_1_48' title="bbox 423 3162 2073 3264; baseline -0.001 -14"><span class='ocrx_word' id='word_1_321' title='bbox 423 3212 564 3261; x_wconf 84' lang='lat' dir='ltr'><strong>eum,</strong></span> <span class='ocrx_word' id='word_1_322' title='bbox 605 3205 651 3250; x_wconf 88' lang='lat' dir='ltr'><strong>et</strong></span> <span class='ocrx_word' id='word_1_323' title='bbox 683 3197 859 3248; x_wconf 84' lang='lat' dir='ltr'><strong>omnia</strong></span> <span class='ocrx_word' id='word_1_324' title='bbox 891 3195 1163 3264; x_wconf 80' lang='lat' dir='ltr'><strong>subjecisti</strong></span> <span class='ocrx_word' id='word_1_325' title='bbox 1199 3193 1297 3248; x_wconf 88' lang='lat' dir='ltr'><strong>sub</strong></span> <span class='ocrx_word' id='word_1_326' title='bbox 1320 3192 1544 3264; x_wconf 81' lang='lat' dir='ltr'><strong>pedibus</strong></span> <span class='ocrx_word' id='word_1_327' title='bbox 1579 3193 1713 3262; x_wconf 83' lang='lat' dir='ltr'><strong>ejus.</strong></span> <span class='ocrx_word' id='word_1_328' title='bbox 1750 3191 1870 3248; x_wconf 83' lang='lat' dir='ltr'><strong>Non</strong></span> <span class='ocrx_word' id='word_1_329' title='bbox 1904 3208 2000 3248; x_wconf 72' lang='grc' dir='ltr'><strong>οι·</strong></span> <span class='ocrx_word' id='word_1_330' title='bbox 2025 3162 2073 3225; x_wconf 72' lang='lat' dir='ltr'>c</span> 
     </span>
    </p>
   </div>
   <div class='ocr_carea' id='block_1_49' title="bbox 424 3286 2003 3360">
    <p class='ocr_par' dir='ltr' id='par_1_49' title="bbox 424 3286 2003 3360">
     <span class='ocr_line' id='line_1_49' title="bbox 424 3286 2003 3360; baseline -0.003 -16"><span class='ocrx_word' id='word_1_331' title='bbox 424 3290 591 3360; x_wconf 81' lang='lat' dir='ltr'><strong>plicat</strong></span> <span class='ocrx_word' id='word_1_332' title='bbox 610 3305 806 3345; x_wconf 83' lang='lat' dir='ltr'><strong>nomen</strong></span> <span class='ocrx_word' id='word_1_333' title='bbox 833 3291 1094 3353; x_wconf 88' lang='lat' dir='ltr'><strong>auctoris,</strong></span> <span class='ocrx_word' id='word_1_334' title='bbox 1121 3289 1250 3358; x_wconf 89' lang='lat' dir='ltr'><strong>quia</strong></span> <span class='ocrx_word' id='word_1_335' title='bbox 1279 3289 1523 3358; x_wconf 81' lang='lat' dir='ltr'><strong>disputat</strong></span> <span class='ocrx_word' id='word_1_336' title='bbox 1544 3303 1668 3342; x_wconf 88' lang='lat' dir='ltr'><strong>cum</strong></span> <span class='ocrx_word' id='word_1_337' title='bbox 1687 3286 2003 3358; x_wconf 85' lang='lat' dir='ltr'><strong>Scriptura-</strong></span> 
     </span>
    </p>
   </div>
   <div class='ocr_carea' id='block_1_50' title="bbox 425 3381 2003 3453">
    <p class='ocr_par' dir='ltr' id='par_1_50' title="bbox 425 3381 2003 3453">
     <span class='ocr_line' id='line_1_50' title="bbox 425 3381 2003 3453; baseline -0.003 -16"><span class='ocrx_word' id='word_1_338' title='bbox 425 3399 544 3439; x_wconf 86' lang='lat' dir='ltr'><strong>rum</strong></span> <span class='ocrx_word' id='word_1_339' title='bbox 577 3384 785 3453; x_wconf 80' lang='lat' dir='ltr'><strong>gnaris.</strong></span> <span class='ocrx_word' id='word_1_340' title='bbox 815 3381 939 3438; x_wconf 68' lang='lat' dir='ltr'><strong>llaec</strong></span> <span class='ocrx_word' id='word_1_341' title='bbox 972 3393 1158 3437; x_wconf 83' lang='lat' dir='ltr'><strong>autem</strong></span> <span class='ocrx_word' id='word_1_342' title='bbox 1187 3383 1371 3436; x_wconf 85' lang='lat' dir='ltr'><strong>omnia</strong></span> <span class='ocrx_word' id='word_1_343' title='bbox 1411 3381 1712 3451; x_wconf 83' lang='lat' dir='ltr'><strong>generatim</strong></span> <span class='ocrx_word' id='word_1_344' title='bbox 1761 3381 1829 3436; x_wconf 87' lang='lat' dir='ltr'><strong>de</strong></span> <span class='ocrx_word' id='word_1_345' title='bbox 1881 3381 2003 3434; x_wconf 89' lang='lat' dir='ltr'><strong>uni-</strong></span> 
     </span>
    </p>
   </div>
   <div class='ocr_carea' id='block_1_51' title="bbox 425 3473 2028 3544">
    <p class='ocr_par' dir='ltr' id='par_1_51' title="bbox 425 3473 2028 3544">
     <span class='ocr_line' id='line_1_51' title="bbox 425 3473 2028 3544; baseline -0.001 -15"><span class='ocrx_word' id='word_1_346' title='bbox 425 3492 582 3532; x_wconf 78' lang='lat' dir='ltr'><strong>versa</strong></span> <span class='ocrx_word' id='word_1_347' title='bbox 611 3477 850 3530; x_wconf 83' lang='lat' dir='ltr'><strong>humana</strong></span> <span class='ocrx_word' id='word_1_348' title='bbox 878 3483 1079 3530; x_wconf 85' lang='lat' dir='ltr'><strong>natura</strong></span> <span class='ocrx_word' id='word_1_349' title='bbox 1127 3475 1273 3529; x_wconf 87' lang='lat' dir='ltr'><strong>dicta</strong></span> <span class='ocrx_word' id='word_1_350' title='bbox 1325 3482 1476 3539; x_wconf 90' lang='lat' dir='ltr'><strong>sunt,</strong></span> <span class='ocrx_word' id='word_1_351' title='bbox 1509 3473 1789 3544; x_wconf 86' lang='lat' dir='ltr'><strong>speciatim</strong></span> <span class='ocrx_word' id='word_1_352' title='bbox 1820 3481 2028 3528; x_wconf 62' lang='lat' dir='ltr'><strong>tamen-</strong></span> 
     </span>
    </p>
   </div>
   <div class='ocr_carea' id='block_1_52' title="bbox 422 3561 2000 3634">
    <p class='ocr_par' dir='ltr' id='par_1_52' title="bbox 422 3561 2000 3634">
     <span class='ocr_line' id='line_1_52' title="bbox 422 3561 2000 3634; baseline -0.004 -12"><span class='ocrx_word' id='word_1_353' title='bbox 422 3567 643 3622; x_wconf 81' lang='lat' dir='ltr'><strong>Christo</strong></span> <span class='ocrx_word' id='word_1_354' title='bbox 716 3566 1019 3621; x_wconf 84' lang='lat' dir='ltr'><strong>secundum</strong></span> <span class='ocrx_word' id='word_1_355' title='bbox 1069 3565 1462 3619; x_wconf 85' lang='lat' dir='ltr'><strong>humanitatem</strong></span> <span class='ocrx_word' id='word_1_356' title='bbox 1511 3563 1802 3634; x_wconf 71' lang='lat' dir='ltr'><strong>quadrent.</strong></span> <span class='ocrx_word' id='word_1_357' title='bbox 1866 3561 2000 3616; x_wconf 78' lang='lat' dir='ltr'><strong>Nam</strong></span> 
     </span>
    </p>
   </div>
   <div class='ocr_carea' id='block_1_53' title="bbox 427 3653 2003 3732">
    <p class='ocr_par' dir='ltr' id='par_1_53' title="bbox 427 3653 2003 3732">
     <span class='ocr_line' id='line_1_53' title="bbox 427 3653 2003 3732; baseline -0.001 -24"><span class='ocrx_word' id='word_1_358' title='bbox 427 3653 598 3732; x_wconf 82' lang='lat' dir='ltr'><strong>Filius</strong></span> <span class='ocrx_word' id='word_1_359' title='bbox 657 3653 750 3709; x_wconf 87' lang='lat' dir='ltr'><strong>Dei</strong></span> <span class='ocrx_word' id='word_1_360' title='bbox 789 3655 1082 3708; x_wconf 83' lang='lat' dir='ltr'><strong>humanam</strong></span> <span class='ocrx_word' id='word_1_361' title='bbox 1117 3661 1394 3717; x_wconf 74' lang='lat' dir='ltr'><strong>naturam,</strong></span> <span class='ocrx_word' id='word_1_362' title='bbox 1435 3669 1556 3724; x_wconf 71' lang='lat' dir='ltr'><strong>qua:</strong></span> <span class='ocrx_word' id='word_1_363' title='bbox 1577 3654 1714 3709; x_wconf 84' lang='lat' dir='ltr'><strong>nihil</strong></span> <span class='ocrx_word' id='word_1_364' title='bbox 1745 3662 1883 3718; x_wconf 86' lang='lat' dir='ltr'><strong>erat,</strong></span> <span class='ocrx_word' id='word_1_365' title='bbox 1917 3655 2003 3707; x_wconf 71' lang='lat' dir='ltr'><strong>vi-</strong></span> 
     </span>
    </p>
   </div>
   <div class='ocr_carea' id='block_1_54' title="bbox 426 3744 1999 3816">
    <p class='ocr_par' dir='ltr' id='par_1_54' title="bbox 426 3744 1999 3816">
     <span class='ocr_line' id='line_1_54' title="bbox 426 3744 1999 3816; baseline 0.004 -18"><span class='ocrx_word' id='word_1_366' title='bbox 426 3744 612 3799; x_wconf 82' lang='lat' dir='ltr'><strong>sitavit</strong></span> <span class='ocrx_word' id='word_1_367' title='bbox 641 3763 654 3799; x_wconf 92' lang='lat'><strong>:</strong></span> <span class='ocrx_word' id='word_1_368' title='bbox 693 3761 801 3816; x_wconf 90' lang='lat' dir='ltr'><strong>qua</strong></span> <span class='ocrx_word' id='word_1_369' title='bbox 839 3757 1145 3814; x_wconf 87' lang='lat' dir='ltr'><strong>assumpta,</strong></span> <span class='ocrx_word' id='word_1_370' title='bbox 1179 3747 1393 3816; x_wconf 86' lang='lat' dir='ltr'><strong>sibique</strong></span> <span class='ocrx_word' id='word_1_371' title='bbox 1426 3748 1599 3814; x_wconf 84' lang='lat' dir='ltr'><strong>unita,</strong></span> <span class='ocrx_word' id='word_1_372' title='bbox 1658 3749 1877 3806; x_wconf 89' lang='lat' dir='ltr'><strong>cunctis</strong></span> <span class='ocrx_word' id='word_1_373' title='bbox 1900 3766 1999 3806; x_wconf 86' lang='lat' dir='ltr'><strong>su-</strong></span> 
     </span>
    </p>
   </div>
   <div class='ocr_carea' id='block_1_55' title="bbox 426 3824 1472 3905">
    <p class='ocr_par' dir='ltr' id='par_1_55' title="bbox 426 3824 1472 3905">
     <span class='ocr_line' id='line_1_55' title="bbox 426 3824 1472 3905; baseline 0.004 -16"><span class='ocrx_word' id='word_1_374' title='bbox 426 3835 603 3905; x_wconf 83' lang='lat' dir='ltr'><strong>perior</strong></span> <span class='ocrx_word' id='word_1_375' title='bbox 625 3824 714 3892; x_wconf 26' lang='lat' dir='ltr'><strong>“est</strong></span> <span class='ocrx_word' id='word_1_376' title='bbox 745 3835 1180 3894; x_wconf 88' lang='lat' dir='ltr'><strong>demonstratus.</strong></span> <span class='ocrx_word' id='word_1_377' title='bbox 1470 3845 1472 3848; x_wconf 84' lang='lat'>&#39;</span> 
     </span>
    </p>
   </div>
   <div class='ocr_carea' id='block_1_56' title="bbox 495 4027 2002 4104">
    <p class='ocr_par' dir='ltr' id='par_1_56' title="bbox 495 4027 2002 4104">
     <span class='ocr_line' id='line_1_56' title="bbox 495 4027 2002 4104; baseline 0.006 -22"><span class='ocrx_word' id='word_1_378' title='bbox 495 4027 656 4084; x_wconf 65' lang='lat' dir='ltr'><strong>Vens.</strong></span> <span class='ocrx_word' id='word_1_379' title='bbox 680 4029 734 4084; x_wconf 88' lang='lat'><strong>8.</strong></span> <span class='ocrx_word' id='word_1_380' title='bbox 753 4027 814 4082; x_wconf 90' lang='lat' dir='ltr'><strong>In</strong></span> <span class='ocrx_word' id='word_1_381' title='bbox 830 4045 888 4084; x_wconf 88' lang='lat' dir='ltr'><strong>eo</strong></span> <span class='ocrx_word' id='word_1_382' title='bbox 909 4032 1049 4084; x_wconf 89' lang='lat' dir='ltr'><strong>enim</strong></span> <span class='ocrx_word' id='word_1_383' title='bbox 1070 4033 1208 4102; x_wconf 67' lang='lat' dir='ltr'><strong>quod</strong></span> <span class='ocrx_word' id='word_1_384' title='bbox 1232 4033 1410 4087; x_wconf 84' lang='lat' dir='ltr'><strong>omnia</strong></span> <span class='ocrx_word' id='word_1_385' title='bbox 1428 4035 1476 4088; x_wconf 85' lang='lat' dir='ltr'><strong>ei</strong></span> <span class='ocrx_word' id='word_1_386' title='bbox 1497 4034 1741 4104; x_wconf 82' lang='lat' dir='ltr'><strong>subjecit,</strong></span> <span class='ocrx_word' id='word_1_387' title='bbox 1767 4037 1900 4092; x_wconf 81' lang='lat' dir='ltr'><strong>nihil</strong></span> <span class='ocrx_word' id='word_1_388' title='bbox 1921 4038 2002 4091; x_wconf 87' lang='lat' dir='ltr'><strong>di-</strong></span> 
     </span>
    </p>
   </div>
   <div class='ocr_carea' id='block_1_57' title="bbox 420 4121 1997 4191">
    <p class='ocr_par' dir='ltr' id='par_1_57' title="bbox 420 4121 1997 4191">
     <span class='ocr_line' id='line_1_57' title="bbox 420 4121 1997 4191; baseline 0.008 -18"><span class='ocrx_word' id='word_1_389' title='bbox 420 4121 564 4174; x_wconf 80' lang='lat' dir='ltr'><strong>misit</strong></span> <span class='ocrx_word' id='word_1_390' title='bbox 583 4139 685 4176; x_wconf 83' lang='lat' dir='ltr'><strong>non</strong></span> <span class='ocrx_word' id='word_1_391' title='bbox 707 4121 997 4191; x_wconf 80' lang='lat' dir='ltr'><strong>subjectum</strong></span> <span class='ocrx_word' id='word_1_392' title='bbox 1015 4125 1064 4178; x_wconf 87' lang='lat' dir='ltr'><strong>ei</strong></span> <span class='ocrx_word' id='word_1_393' title='bbox 1087 4140 1105 4178; x_wconf 89' lang='lat'><strong><em>:</em></strong></span> <span class='ocrx_word' id='word_1_394' title='bbox 1126 4142 1262 4178; x_wconf 83' lang='lat' dir='ltr'><strong>nunc</strong></span> <span class='ocrx_word' id='word_1_395' title='bbox 1282 4136 1460 4180; x_wconf 85' lang='lat' dir='ltr'><strong>autem</strong></span> <span class='ocrx_word' id='word_1_396' title='bbox 1493 4129 1726 4183; x_wconf 84' lang='lat' dir='ltr'><strong>nondum</strong></span> <span class='ocrx_word' id='word_1_397' title='bbox 1762 4130 1997 4185; x_wconf 78' lang='lat' dir='ltr'><strong>uidemus</strong></span> 
     </span>
    </p>
   </div>
   <div class='ocr_carea' id='block_1_58' title="bbox 2107 1919 3478 2003">
    <p class='ocr_par' dir='ltr' id='par_1_58' title="bbox 2107 1919 3478 2003">
     <span class='ocr_line' id='line_1_58' title="bbox 2107 1919 3478 2003; baseline 0.012 -32"><span class='ocrx_word' id='word_1_398' title='bbox 2107 1919 2343 1993; x_wconf 79' lang='grc' dir='ltr'>ὓπαρξιν</span> <span class='ocrx_word' id='word_1_399' title='bbox 2371 1922 2467 1975; x_wconf 78' lang='grc' dir='ltr'>τοῦ</span> <span class='ocrx_word' id='word_1_400' title='bbox 2500 1922 2651 1989; x_wconf 80' lang='grc' dir='ltr'><strong>Υἱοῦ,</strong></span> <span class='ocrx_word' id='word_1_401' title='bbox 2688 1925 2962 1994; x_wconf 81' lang='grc' dir='ltr'>μέλλουσα</span> <span class='ocrx_word' id='word_1_402' title='bbox 2993 1921 3061 1998; x_wconf 79' lang='grc' dir='ltr'>ἦν</span> <span class='ocrx_word' id='word_1_403' title='bbox 3093 1929 3126 1998; x_wconf 81' lang='grc' dir='ltr'><strong>ή</strong></span> <span class='ocrx_word' id='word_1_404' title='bbox 3152 1931 3478 2003; x_wconf 72' lang='grc' dir='ltr'>οἰκουμένη.</span> 
     </span>
    </p>
   </div>
   <div class='ocr_carea' id='block_1_59' title="bbox 2175 2099 3696 2185">
    <p class='ocr_par' dir='ltr' id='par_1_59' title="bbox 2175 2099 3696 2185">
     <span class='ocr_line' id='line_1_59' title="bbox 2175 2099 3696 2185; baseline 0.007 -29"><span class='ocrx_word' id='word_1_405' title='bbox 2175 2103 2316 2171; x_wconf 73' lang='grc' dir='ltr'>Περὶ</span> <span class='ocrx_word' id='word_1_406' title='bbox 2361 2099 2437 2175; x_wconf 81' lang='grc' dir='ltr'>ἧς</span> <span class='ocrx_word' id='word_1_407' title='bbox 2467 2105 2796 2175; x_wconf 63' lang='grc' dir='ltr'>λαλοῦμεν.</span> <span class='ocrx_word' id='word_1_408' title='bbox 2835 2108 3116 2175; x_wconf 85' lang='grc' dir='ltr'>Τουτέστι,</span> <span class='ocrx_word' id='word_1_409' title='bbox 3145 2111 3274 2182; x_wconf 77' lang='grc' dir='ltr'>περὶ</span> <span class='ocrx_word' id='word_1_410' title='bbox 3317 2105 3384 2183; x_wconf 77' lang='grc' dir='ltr'>ἧς</span> <span class='ocrx_word' id='word_1_411' title='bbox 3431 2113 3696 2185; x_wconf 79' lang='grc' dir='ltr'>ἀνωτέρω</span> 
     </span>
    </p>
   </div>
   <div class='ocr_carea' id='block_1_60' title="bbox 2105 2195 3694 2272">
    <p class='ocr_par' dir='ltr' id='par_1_60' title="bbox 2105 2195 3694 2272">
     <span class='ocr_line' id='line_1_60' title="bbox 2105 2195 3694 2272; baseline 0.008 -25"><span class='ocrx_word' id='word_1_412' title='bbox 2105 2195 2332 2265; x_wconf 81' lang='grc' dir='ltr'>εἴπομεν</span> <span class='ocrx_word' id='word_1_413' title='bbox 2375 2196 2487 2263; x_wconf 84' lang='grc' dir='ltr'>ὅτι,</span> <span class='ocrx_word' id='word_1_414' title='bbox 2521 2198 2708 2252; x_wconf 80' lang='grc' dir='ltr'>Ὅταν</span> <span class='ocrx_word' id='word_1_415' title='bbox 2733 2201 3026 2270; x_wconf 72' lang='grc' dir='ltr'><strong>εἰσαγάγῃ</strong></span> <span class='ocrx_word' id='word_1_416' title='bbox 3059 2204 3166 2255; x_wconf 78' lang='grc' dir='ltr'>τὸν</span> <span class='ocrx_word' id='word_1_417' title='bbox 3194 2206 3574 2271; x_wconf 80' lang='grc' dir='ltr'>πρωτότοκον</span> <span class='ocrx_word' id='word_1_418' title='bbox 3603 2209 3694 2272; x_wconf 86' lang='grc' dir='ltr'>εις</span> 
     </span>
    </p>
   </div>
   <div class='ocr_carea' id='block_1_61' title="bbox 2103 2285 3696 2364">
    <p class='ocr_par' dir='ltr' id='par_1_61' title="bbox 2103 2285 3696 2364">
     <span class='ocr_line' id='line_1_61' title="bbox 2103 2285 3696 2364; baseline 0.009 -27"><span class='ocrx_word' id='word_1_419' title='bbox 2103 2285 2221 2354; x_wconf 79' lang='grc' dir='ltr'>τὴν</span> <span class='ocrx_word' id='word_1_420' title='bbox 2246 2289 2630 2358; x_wconf 75' lang='grc' dir='ltr'>οἰκουμένην.</span> <span class='ocrx_word' id='word_1_421' title='bbox 2663 2289 2755 2362; x_wconf 75' lang='grc' dir='ltr'><strong>Μὴ</strong></span> <span class='ocrx_word' id='word_1_422' title='bbox 2803 2289 2900 2344; x_wconf 82' lang='grc' dir='ltr'><strong>οὖν</strong></span> <span class='ocrx_word' id='word_1_423' title='bbox 2950 2291 3120 2362; x_wconf 80' lang='grc' dir='ltr'>ἄλλην</span> <span class='ocrx_word' id='word_1_424' title='bbox 3175 2295 3502 2364; x_wconf 72' lang='grc' dir='ltr'>ἐπιζητείτω</span> <span class='ocrx_word' id='word_1_425' title='bbox 3535 2309 3631 2350; x_wconf 85' lang='grc' dir='ltr'><strong>σου</strong></span> <span class='ocrx_word' id='word_1_426' title='bbox 3663 2301 3696 2352; x_wconf 85' lang='grc' dir='ltr'>ὁ</span> 
     </span>
    </p>
   </div>
   <div class='ocr_carea' id='block_1_62' title="bbox 2105 2376 3692 2461">
    <p class='ocr_par' dir='ltr' id='par_1_62' title="bbox 2105 2376 3692 2461">
     <span class='ocr_line' id='line_1_62' title="bbox 2105 2376 3692 2461; baseline 0.009 -33"><span class='ocrx_word' id='word_1_427' title='bbox 2105 2376 2229 2442; x_wconf 81' lang='grc' dir='ltr'>νοῦς</span> <span class='ocrx_word' id='word_1_428' title='bbox 2269 2379 2761 2451; x_wconf 73' lang='grc' dir='ltr'>ἀποπλανώμενος.</span> <span class='ocrx_word' id='word_1_429' title='bbox 2806 2383 2964 2446; x_wconf 84' lang='grc' dir='ltr'>Τινὲς</span> <span class='ocrx_word' id='word_1_430' title='bbox 2992 2383 3072 2451; x_wconf 79' lang='grc' dir='ltr'><strong>δὲ,</strong></span> <span class='ocrx_word' id='word_1_431' title='bbox 3101 2385 3410 2454; x_wconf 80' lang='grc' dir='ltr'>μέλλουσαν</span> <span class='ocrx_word' id='word_1_432' title='bbox 3435 2389 3692 2461; x_wconf 68' lang='grc' dir='ltr'>οἰκουμέο</span> 
     </span>
    </p>
   </div>
   <div class='ocr_carea' id='block_1_63' title="bbox 2105 2467 3686 2552">
    <p class='ocr_par' dir='ltr' id='par_1_63' title="bbox 2105 2467 3686 2552">
     <span class='ocr_line' id='line_1_63' title="bbox 2105 2467 3686 2552; baseline 0.009 -30"><span class='ocrx_word' id='word_1_433' title='bbox 2105 2487 2224 2539; x_wconf 87' lang='grc' dir='ltr'>νην,</span> <span class='ocrx_word' id='word_1_434' title='bbox 2253 2472 2346 2524; x_wconf 77' lang='grc' dir='ltr'>τὸν</span> <span class='ocrx_word' id='word_1_435' title='bbox 2393 2473 2655 2542; x_wconf 78' lang='grc' dir='ltr'>ἐσόμενον</span> <span class='ocrx_word' id='word_1_436' title='bbox 2685 2475 2890 2544; x_wconf 78' lang='grc' dir='ltr'>κόσμον</span> <span class='ocrx_word' id='word_1_437' title='bbox 2920 2476 3150 2546; x_wconf 76' lang='grc' dir='ltr'>ἐνόησαν</span> <span class='ocrx_word' id='word_1_438' title='bbox 3170 2492 3184 2505; x_wconf 94' lang='grc'><strong>·</strong></span> <span class='ocrx_word' id='word_1_439' title='bbox 3210 2479 3347 2547; x_wconf 78' lang='grc' dir='ltr'>Περὶ</span> <span class='ocrx_word' id='word_1_440' title='bbox 3372 2476 3472 2547; x_wconf 83' lang='grc' dir='ltr'><strong>οὗ,</strong></span> <span class='ocrx_word' id='word_1_441' title='bbox 3500 2467 3686 2552; x_wconf 57' lang='grc' dir='ltr'>φησὶν,</span> 
     </span>
    </p>
   </div>
   <div class='ocr_carea' id='block_1_64' title="bbox 2104 2561 3689 2640">
    <p class='ocr_par' dir='ltr' id='par_1_64' title="bbox 2104 2561 3689 2640">
     <span class='ocr_line' id='line_1_64' title="bbox 2104 2561 3689 2640; baseline 0.009 -27"><span class='ocrx_word' id='word_1_442' title='bbox 2104 2563 2137 2614; x_wconf 89' lang='grc' dir='ltr'><strong>ό</strong></span> <span class='ocrx_word' id='word_1_443' title='bbox 2171 2561 2291 2630; x_wconf 85' lang='grc' dir='ltr'>πᾶς</span> <span class='ocrx_word' id='word_1_444' title='bbox 2339 2567 2524 2633; x_wconf 73' lang='grc' dir='ltr'>λόγος</span> <span class='ocrx_word' id='word_1_445' title='bbox 2566 2565 2729 2635; x_wconf 70' lang='grc' dir='ltr'>ἡμῖν.</span> <span class='ocrx_word' id='word_1_446' title='bbox 2765 2568 2898 2620; x_wconf 83' lang='grc' dir='ltr'>Τότε</span> <span class='ocrx_word' id='word_1_447' title='bbox 2945 2570 3053 2637; x_wconf 84' lang='grc' dir='ltr'>γὰρ</span> <span class='ocrx_word' id='word_1_448' title='bbox 3093 2570 3144 2622; x_wconf 75' lang='grc' dir='ltr'><strong>οἱ</strong></span> <span class='ocrx_word' id='word_1_449' title='bbox 3187 2572 3295 2638; x_wconf 73' lang='grc' dir='ltr'><strong>¹μὲν</strong></span> <span class='ocrx_word' id='word_1_450' title='bbox 3361 2571 3581 2640; x_wconf 72' lang='grc' dir='ltr'>ἄγγελοι</span> <span class='ocrx_word' id='word_1_451' title='bbox 3613 2575 3689 2638; x_wconf 86' lang='grc' dir='ltr'>ὼς</span> 
     </span>
    </p>
   </div>
   <div class='ocr_carea' id='block_1_65' title="bbox 2104 2657 3687 2734">
    <p class='ocr_par' dir='ltr' id='par_1_65' title="bbox 2104 2657 3687 2734">
     <span class='ocr_line' id='line_1_65' title="bbox 2104 2657 3687 2734; baseline 0.006 -24"><span class='ocrx_word' id='word_1_452' title='bbox 2104 2657 2280 2712; x_wconf 69' lang='grc' dir='ltr'>δοῦλοι</span> <span class='ocrx_word' id='word_1_453' title='bbox 2323 2659 2806 2730; x_wconf 65' lang='grc' dir='ltr'>παραστήσονται·</span> <span class='ocrx_word' id='word_1_454' title='bbox 2855 2661 2882 2714; x_wconf 82' lang='grc' dir='ltr'><strong>ό</strong></span> <span class='ocrx_word' id='word_1_455' title='bbox 2933 2661 2989 2714; x_wconf 83' lang='grc' dir='ltr'><strong>δὲ</strong></span> <span class='ocrx_word' id='word_1_456' title='bbox 3022 2661 3146 2727; x_wconf 75' lang='grc' dir='ltr'>Υἱὸς</span> <span class='ocrx_word' id='word_1_457' title='bbox 3195 2663 3390 2734; x_wconf 77' lang='grc' dir='ltr'>κριτὴς</span> <span class='ocrx_word' id='word_1_458' title='bbox 3439 2665 3687 2720; x_wconf 77' lang='grc' dir='ltr'>καθεδεῖ-</span> 
     </span>
    </p>
   </div>
   <div class='ocr_carea' id='block_1_66' title="bbox 2104 2768 2214 2805">
    <p class='ocr_par' dir='ltr' id='par_1_66' title="bbox 2104 2768 2214 2805">
     <span class='ocr_line' id='line_1_66' title="bbox 2104 2768 2214 2805; baseline 0.009 -1"><span class='ocrx_word' id='word_1_459' title='bbox 2104 2768 2214 2805; x_wconf 85' lang='grc' dir='ltr'>ται.</span> 
     </span>
    </p>
   </div>
   <div class='ocr_carea' id='block_1_67' title="bbox 2174 2841 3690 2916">
    <p class='ocr_par' dir='ltr' id='par_1_67' title="bbox 2174 2841 3690 2916">
     <span class='ocr_line' id='line_1_67' title="bbox 2174 2841 3690 2916; baseline 0.007 -23"><span class='ocrx_word' id='word_1_460' title='bbox 2174 2841 2608 2910; x_wconf 82' lang='grc' dir='ltr'>Διεμαρτύρατο</span> <span class='ocrx_word' id='word_1_461' title='bbox 2653 2841 2720 2896; x_wconf 80' lang='grc' dir='ltr'>δέ</span> <span class='ocrx_word' id='word_1_462' title='bbox 2766 2843 2890 2898; x_wconf 79' lang='grc' dir='ltr'><strong>πού</strong></span> <span class='ocrx_word' id='word_1_463' title='bbox 2944 2861 3056 2909; x_wconf 89' lang='grc' dir='ltr'>τις,</span> <span class='ocrx_word' id='word_1_464' title='bbox 3105 2845 3337 2916; x_wconf 75' lang='grc' dir='ltr'>λέγων’</span> <span class='ocrx_word' id='word_1_465' title='bbox 3405 2847 3471 2902; x_wconf 82' lang='lat' dir='ltr'><strong>Tl</strong></span> <span class='ocrx_word' id='word_1_466' title='bbox 3517 2849 3690 2903; x_wconf 81' lang='grc' dir='ltr'>ἐστιν</span> 
     </span>
    </p>
   </div>
   <div class='ocr_carea' id='block_1_68' title="bbox 2103 2932 3685 3010">
    <p class='ocr_par' dir='ltr' id='par_1_68' title="bbox 2103 2932 3685 3010">
     <span class='ocr_line' id='line_1_68' title="bbox 2103 2932 3685 3010; baseline 0.004 -22"><span class='ocrx_word' id='word_1_467' title='bbox 2103 2932 2418 3002; x_wconf 79' lang='grc' dir='ltr'>ἄνθρωπος</span> <span class='ocrx_word' id='word_1_468' title='bbox 2450 2934 2537 2987; x_wconf 83' lang='grc' dir='ltr'>ὅτι</span> <span class='ocrx_word' id='word_1_469' title='bbox 2581 2935 2898 3006; x_wconf 70' lang='grc' dir='ltr'>μιμνήσκῃ</span> <span class='ocrx_word' id='word_1_470' title='bbox 2941 2936 3128 2991; x_wconf 77' lang='grc' dir='ltr'>αὑτοῦ</span> <span class='ocrx_word' id='word_1_471' title='bbox 3151 2953 3172 3002; x_wconf 86' lang='grc'><em>;</em></span> <span class='ocrx_word' id='word_1_472' title='bbox 3198 2939 3236 3006; x_wconf 79' lang='grc' dir='ltr'>ἢ</span> <span class='ocrx_word' id='word_1_473' title='bbox 3273 2939 3401 3005; x_wconf 66' lang='grc' dir='ltr'><strong>Υἱὸς</strong></span> <span class='ocrx_word' id='word_1_474' title='bbox 3457 2941 3685 3010; x_wconf 79' lang='grc' dir='ltr'><strong>ἀνθρώ-</strong></span> 
     </span>
    </p>
   </div>
   <div class='ocr_carea' id='block_1_69' title="bbox 2105 3027 3692 3099">
    <p class='ocr_par' dir='ltr' id='par_1_69' title="bbox 2105 3027 3692 3099">
     <span class='ocr_line' id='line_1_69' title="bbox 2105 3027 3692 3099; baseline 0.005 -20"><span class='ocrx_word' id='word_1_475' title='bbox 2105 3041 2246 3093; x_wconf 85' lang='grc' dir='ltr'>που,</span> <span class='ocrx_word' id='word_1_476' title='bbox 2301 3027 2389 3080; x_wconf 86' lang='grc' dir='ltr'>ὄτι</span> <span class='ocrx_word' id='word_1_477' title='bbox 2431 3027 2764 3096; x_wconf 77' lang='grc' dir='ltr'>ἐπισκέπτῃ</span> <span class='ocrx_word' id='word_1_478' title='bbox 2803 3030 3024 3092; x_wconf 85' lang='grc' dir='ltr'>αὐτόν;</span> <span class='ocrx_word' id='word_1_479' title='bbox 3064 3031 3446 3099; x_wconf 82' lang='grc' dir='ltr'>Ἠλὰττωσας</span> <span class='ocrx_word' id='word_1_480' title='bbox 3497 3035 3692 3088; x_wconf 78' lang='grc' dir='ltr'>αὐτὸν</span> 
     </span>
    </p>
   </div>
   <div class='ocr_carea' id='block_1_70' title="bbox 2102 3119 3692 3196">
    <p class='ocr_par' dir='ltr' id='par_1_70' title="bbox 2102 3119 3692 3196">
     <span class='ocr_line' id='line_1_70' title="bbox 2102 3119 3692 3196; baseline 0.005 -26"><span class='ocrx_word' id='word_1_481' title='bbox 2102 3120 2303 3191; x_wconf 78' lang='grc' dir='ltr'>βραχύ</span> <span class='ocrx_word' id='word_1_482' title='bbox 2335 3136 2386 3172; x_wconf 85' lang='grc' dir='ltr'><strong>τι</strong></span> <span class='ocrx_word' id='word_1_483' title='bbox 2410 3119 2547 3187; x_wconf 82' lang='grc' dir='ltr'>παρ’</span> <span class='ocrx_word' id='word_1_484' title='bbox 2573 3121 2872 3190; x_wconf 67' lang='grc' dir='ltr'>ἀγγέλους</span> <span class='ocrx_word' id='word_1_485' title='bbox 2893 3137 2906 3154; x_wconf 88' lang='lat'><strong>&#39;</strong></span> <span class='ocrx_word' id='word_1_486' title='bbox 2933 3121 3080 3190; x_wconf 80' lang='grc' dir='ltr'><strong>δόξῃ</strong></span> <span class='ocrx_word' id='word_1_487' title='bbox 3121 3123 3220 3176; x_wconf 78' lang='grc' dir='ltr'>καὶ</span> <span class='ocrx_word' id='word_1_488' title='bbox 3259 3124 3400 3194; x_wconf 72' lang='grc' dir='ltr'>τιμῇ</span> <span class='ocrx_word' id='word_1_489' title='bbox 3422 3126 3692 3196; x_wconf 71' lang='grc' dir='ltr'>ἐστεφά-</span> 
     </span>
    </p>
   </div>
   <div class='ocr_carea' id='block_1_71' title="bbox 2107 3205 3693 3285">
    <p class='ocr_par' dir='ltr' id='par_1_71' title="bbox 2107 3205 3693 3285">
     <span class='ocr_line' id='line_1_71' title="bbox 2107 3205 3693 3285; baseline 0.004 -16"><span class='ocrx_word' id='word_1_490' title='bbox 2107 3231 2307 3280; x_wconf 82' lang='grc' dir='ltr'>νωσας</span> <span class='ocrx_word' id='word_1_491' title='bbox 2349 3205 2831 3272; x_wconf 69' lang='grc' dir='ltr'>αί·τόν⁶’πάντα</span> <span class='ocrx_word' id='word_1_492' title='bbox 2890 3216 3196 3285; x_wconf 74' lang='grc' dir='ltr'><strong>ὑπέταξας</strong></span> <span class='ocrx_word' id='word_1_493' title='bbox 3247 3220 3528 3274; x_wconf 80' lang='grc' dir='ltr'>ὑποκάτω</span> <span class='ocrx_word' id='word_1_494' title='bbox 3563 3220 3693 3275; x_wconf 84' lang='grc' dir='ltr'>τῶν</span> 
     </span>
    </p>
   </div>
   <div class='ocr_carea' id='block_1_72' title="bbox 2105 3305 3690 3382">
    <p class='ocr_par' dir='ltr' id='par_1_72' title="bbox 2105 3305 3690 3382">
     <span class='ocr_line' id='line_1_72' title="bbox 2105 3305 3690 3382; baseline 0.006 -23"><span class='ocrx_word' id='word_1_495' title='bbox 2105 3305 2310 3360; x_wconf 81' lang='grc' dir='ltr'><strong>ποδῶν</strong></span> <span class='ocrx_word' id='word_1_496' title='bbox 2334 3307 2540 3362; x_wconf 80' lang='grc' dir='ltr'>αὐτοῦ.</span> <span class='ocrx_word' id='word_1_497' title='bbox 2571 3308 2645 3362; x_wconf 78' lang='grc' dir='ltr'><strong>Οὐ</strong></span> <span class='ocrx_word' id='word_1_498' title='bbox 2674 3309 2822 3378; x_wconf 82' lang='grc' dir='ltr'>λέγει</span> <span class='ocrx_word' id='word_1_499' title='bbox 2846 3309 2908 3363; x_wconf 79' lang='grc' dir='ltr'>τὸ</span> <span class='ocrx_word' id='word_1_500' title='bbox 2955 3309 3128 3382; x_wconf 77' lang='grc' dir='ltr'>ὄνομα</span> <span class='ocrx_word' id='word_1_501' title='bbox 3167 3314 3259 3366; x_wconf 79' lang='grc' dir='ltr'>τοῦ</span> <span class='ocrx_word' id='word_1_502' title='bbox 3289 3313 3555 3382; x_wconf 72' lang='grc' dir='ltr'>εἰπόντος,</span> <span class='ocrx_word' id='word_1_503' title='bbox 3588 3316 3690 3369; x_wconf 68' lang='grc' dir='ltr'>ὅτε</span> 
     </span>
    </p>
   </div>
   <div class='ocr_carea' id='block_1_73' title="bbox 2107 3399 3692 3476">
    <p class='ocr_par' dir='ltr' id='par_1_73' title="bbox 2107 3399 3692 3476">
     <span class='ocr_line' id='line_1_73' title="bbox 2107 3399 3692 3476; baseline 0.007 -26"><span class='ocrx_word' id='word_1_504' title='bbox 2107 3399 2244 3470; x_wconf 84' lang='grc' dir='ltr'>πρὸς</span> <span class='ocrx_word' id='word_1_505' title='bbox 2276 3401 2648 3470; x_wconf 77' lang='grc' dir='ltr'>ἐπιστήμονας</span> <span class='ocrx_word' id='word_1_506' title='bbox 2680 3401 2792 3454; x_wconf 80' lang='grc' dir='ltr'><strong>τῶν</strong></span> <span class='ocrx_word' id='word_1_507' title='bbox 2819 3402 3052 3473; x_wconf 81' lang='grc' dir='ltr'>Γραφῶν</span> <span class='ocrx_word' id='word_1_508' title='bbox 3071 3405 3474 3476; x_wconf 83' lang='grc' dir='ltr'>διαλεγόμενος.</span> <span class='ocrx_word' id='word_1_509' title='bbox 3499 3406 3692 3462; x_wconf 83' lang='grc' dir='ltr'>Ταῦτα</span> 
     </span>
    </p>
   </div>
   <div class='ocr_carea' id='block_1_74' title="bbox 2103 3490 3689 3572">
    <p class='ocr_par' dir='ltr' id='par_1_74' title="bbox 2103 3490 3689 3572">
     <span class='ocr_line' id='line_1_74' title="bbox 2103 3490 3689 3572; baseline 0.006 -29"><span class='ocrx_word' id='word_1_510' title='bbox 2103 3490 2160 3544; x_wconf 82' lang='grc' dir='ltr'>δὲ</span> <span class='ocrx_word' id='word_1_511' title='bbox 2187 3491 2368 3545; x_wconf 81' lang='grc' dir='ltr'>πάντα</span> <span class='ocrx_word' id='word_1_512' title='bbox 2394 3493 2488 3546; x_wconf 78' lang='grc' dir='ltr'>καὶ</span> <span class='ocrx_word' id='word_1_513' title='bbox 2515 3496 2593 3557; x_wconf 85' lang='grc' dir='ltr'>εἰς</span> <span class='ocrx_word' id='word_1_514' title='bbox 2635 3493 2734 3566; x_wconf 82' lang='grc' dir='ltr'><strong>τὴν</strong></span> <span class='ocrx_word' id='word_1_515' title='bbox 2756 3495 2940 3564; x_wconf 80' lang='grc' dir='ltr'>κοινὴν</span> <span class='ocrx_word' id='word_1_516' title='bbox 2974 3499 3072 3566; x_wconf 75' lang='grc' dir='ltr'><strong>μὲν</strong></span> <span class='ocrx_word' id='word_1_517' title='bbox 3102 3498 3498 3570; x_wconf 82' lang='grc' dir='ltr'>ἀνθρωπότητα</span> <span class='ocrx_word' id='word_1_518' title='bbox 3526 3502 3689 3572; x_wconf 72' lang='grc' dir='ltr'>εἴρη-</span> 
     </span>
    </p>
   </div>
   <div class='ocr_carea' id='block_1_75' title="bbox 2103 3582 3690 3664">
    <p class='ocr_par' dir='ltr' id='par_1_75' title="bbox 2103 3582 3690 3664">
     <span class='ocr_line' id='line_1_75' title="bbox 2103 3582 3690 3664; baseline 0.007 -29"><span class='ocrx_word' id='word_1_519' title='bbox 2103 3599 2214 3648; x_wconf 86' lang='grc' dir='ltr'>ται,</span> <span class='ocrx_word' id='word_1_520' title='bbox 2239 3582 2574 3654; x_wconf 79' lang='grc' dir='ltr'>κυριώτερον</span> <span class='ocrx_word' id='word_1_521' title='bbox 2607 3585 2652 3638; x_wconf 82' lang='grc' dir='ltr'><strong>δ’</strong></span> <span class='ocrx_word' id='word_1_522' title='bbox 2711 3587 2860 3654; x_wconf 79' lang='grc' dir='ltr'>ὅμως</span> <span class='ocrx_word' id='word_1_523' title='bbox 2906 3588 3201 3658; x_wconf 82' lang='grc' dir='ltr'>ἁρμόσειεν</span> <span class='ocrx_word' id='word_1_524' title='bbox 3243 3591 3310 3644; x_wconf 81' lang='grc' dir='ltr'><strong>ἂν</strong></span> <span class='ocrx_word' id='word_1_525' title='bbox 3345 3591 3424 3662; x_wconf 81' lang='grc' dir='ltr'>τῷ</span> <span class='ocrx_word' id='word_1_526' title='bbox 3459 3593 3690 3664; x_wconf 82' lang='grc' dir='ltr'>Χριστῷ</span> 
     </span>
    </p>
   </div>
   <div class='ocr_carea' id='block_1_76' title="bbox 2106 3675 3691 3748">
    <p class='ocr_par' dir='ltr' id='par_1_76' title="bbox 2106 3675 3691 3748">
     <span class='ocr_line' id='line_1_76' title="bbox 2106 3675 3691 3748; baseline 0.006 -18"><span class='ocrx_word' id='word_1_527' title='bbox 2106 3675 2246 3730; x_wconf 80' lang='grc' dir='ltr'><strong>καῖά</strong></span> <span class='ocrx_word' id='word_1_528' title='bbox 2278 3677 2479 3746; x_wconf 83' lang='grc' dir='ltr'>σάρκα.</span> <span class='ocrx_word' id='word_1_529' title='bbox 2521 3678 2632 3731; x_wconf 80' lang='grc' dir='ltr'><strong>Καὶ</strong></span> <span class='ocrx_word' id='word_1_530' title='bbox 2661 3679 2770 3748; x_wconf 85' lang='grc' dir='ltr'>γὰρ</span> <span class='ocrx_word' id='word_1_531' title='bbox 2807 3681 2835 3732; x_wconf 85' lang='grc' dir='ltr'>ὁ</span> <span class='ocrx_word' id='word_1_532' title='bbox 2869 3679 2996 3742; x_wconf 72' lang='grc' dir='ltr'>Υἱὸς</span> <span class='ocrx_word' id='word_1_533' title='bbox 3029 3680 3124 3734; x_wconf 83' lang='grc' dir='ltr'>τοῦ</span> <span class='ocrx_word' id='word_1_534' title='bbox 3156 3681 3290 3735; x_wconf 77' lang='grc' dir='ltr'><strong>Θεοῦ</strong></span> <span class='ocrx_word' id='word_1_535' title='bbox 3331 3683 3485 3736; x_wconf 80' lang='grc' dir='ltr'>οὐδὲν</span> <span class='ocrx_word' id='word_1_536' title='bbox 3518 3683 3691 3739; x_wconf 77' lang='grc' dir='ltr'>οὖσαν</span> 
     </span>
    </p>
   </div>
   <div class='ocr_carea' id='block_1_77' title="bbox 2103 3768 3691 3844">
    <p class='ocr_par' dir='ltr' id='par_1_77' title="bbox 2103 3768 3691 3844">
     <span class='ocr_line' id='line_1_77' title="bbox 2103 3768 3691 3844; baseline 0.004 -23"><span class='ocrx_word' id='word_1_537' title='bbox 2103 3771 2204 3841; x_wconf 78' lang='grc' dir='ltr'>τὴν</span> <span class='ocrx_word' id='word_1_538' title='bbox 2227 3769 2603 3840; x_wconf 75' lang='grc' dir='ltr'>ιὰνυρωπίνην</span> <span class='ocrx_word' id='word_1_539' title='bbox 2628 3768 2792 3837; x_wconf 81' lang='grc' dir='ltr'>φύσιν</span> <span class='ocrx_word' id='word_1_540' title='bbox 2847 3770 3216 3839; x_wconf 70' lang='grc' dir='ltr'>ιπεσκέψατο,</span> <span class='ocrx_word' id='word_1_541' title='bbox 3251 3773 3342 3826; x_wconf 76' lang='grc' dir='ltr'><strong>καὶ</strong></span> <span class='ocrx_word' id='word_1_542' title='bbox 3378 3773 3691 3844; x_wconf 73' lang='grc' dir='ltr'>προσλαϐό-</span> 
     </span>
    </p>
   </div>
   <div class='ocr_carea' id='block_1_78' title="bbox 2106 3845 3691 3939">
    <p class='ocr_par' dir='ltr' id='par_1_78' title="bbox 2106 3845 3691 3939">
     <span class='ocr_line' id='line_1_78' title="bbox 2106 3845 3691 3939; baseline 0.002 -22"><span class='ocrx_word' id='word_1_543' title='bbox 2106 3879 2266 3934; x_wconf 88' lang='grc' dir='ltr'>μενος</span> <span class='ocrx_word' id='word_1_544' title='bbox 2297 3863 2488 3934; x_wconf 85' lang='grc' dir='ltr'>αὐτὴν,</span> <span class='ocrx_word' id='word_1_545' title='bbox 2535 3864 2629 3916; x_wconf 80' lang='grc' dir='ltr'>καὶ</span> <span class='ocrx_word' id='word_1_546' title='bbox 2662 3845 2871 3928; x_wconf 74' lang='grc' dir='ltr'>ἒνώσας</span> <span class='ocrx_word' id='word_1_547' title='bbox 2916 3865 3119 3935; x_wconf 79' lang='grc' dir='ltr'>ἑαυτῷ,</span> <span class='ocrx_word' id='word_1_548' title='bbox 3157 3866 3376 3920; x_wconf 79' lang='grc' dir='ltr'>πάντων</span> <span class='ocrx_word' id='word_1_549' title='bbox 3412 3866 3691 3939; x_wconf 58' lang='grc' dir='ltr'>ἀνάπηρος</span> 
     </span>
    </p>
   </div>
   <div class='ocr_carea' id='block_1_79' title="bbox 2102 3955 2341 4026">
    <p class='ocr_par' dir='ltr' id='par_1_79' title="bbox 2102 3955 2341 4026">
     <span class='ocr_line' id='line_1_79' title="bbox 2102 3955 2341 4026; baseline 0.013 -19"><span class='ocrx_word' id='word_1_550' title='bbox 2102 3955 2341 4026; x_wconf 74' lang='grc' dir='ltr'><strong>ἐδείχθη.</strong></span> 
     </span>
    </p>
   </div>
   <div class='ocr_carea' id='block_1_80' title="bbox 2184 4046 3691 4117">
    <p class='ocr_par' dir='ltr' id='par_1_80' title="bbox 2184 4046 3691 4117">
     <span class='ocr_line' id='line_1_80' title="bbox 2184 4046 3691 4117; baseline 0.004 -17"><span class='ocrx_word' id='word_1_551' title='bbox 2184 4049 2288 4101; x_wconf 82' lang='grc' dir='ltr'>Ἐν</span> <span class='ocrx_word' id='word_1_552' title='bbox 2316 4047 2426 4117; x_wconf 76' lang='grc' dir='ltr'>γὰρ</span> <span class='ocrx_word' id='word_1_553' title='bbox 2458 4047 2538 4113; x_wconf 84' lang='grc' dir='ltr'>τῷ</span> <span class='ocrx_word' id='word_1_554' title='bbox 2578 4047 2872 4114; x_wconf 80' lang='grc' dir='ltr'>ὑποτάξαι</span> <span class='ocrx_word' id='word_1_555' title='bbox 2911 4046 3073 4114; x_wconf 85' lang='grc' dir='ltr'>αὐτῷ</span> <span class='ocrx_word' id='word_1_556' title='bbox 3123 4049 3194 4103; x_wconf 85' lang='grc' dir='ltr'>τὰ</span> <span class='ocrx_word' id='word_1_557' title='bbox 3231 4052 3448 4116; x_wconf 81' lang='grc' dir='ltr'>πάντα,</span> <span class='ocrx_word' id='word_1_558' title='bbox 3499 4049 3691 4106; x_wconf 79' lang='grc' dir='ltr'><strong>οὐδὲν</strong></span> 
     </span>
    </p>
   </div>
   <div class='ocr_carea' id='block_1_81' title="bbox 2101 4138 3688 4212">
    <p class='ocr_par' dir='ltr' id='par_1_81' title="bbox 2101 4138 3688 4212">
     <span class='ocr_line' id='line_1_81' title="bbox 2101 4138 3688 4212; baseline 0.003 -18"><span class='ocrx_word' id='word_1_559' title='bbox 2101 4138 2338 4209; x_wconf 66' lang='grc' dir='ltr'>ἀφῆκεν</span> <span class='ocrx_word' id='word_1_560' title='bbox 2369 4141 2531 4205; x_wconf 83' lang='grc' dir='ltr'>αὐτῷ</span> <span class='ocrx_word' id='word_1_561' title='bbox 2562 4143 2988 4196; x_wconf 80' lang='grc' dir='ltr'>ἀνυπότακτον</span> <span class='ocrx_word' id='word_1_562' title='bbox 3010 4160 3024 4175; x_wconf 73' lang='grc' dir='ltr'><strong>ο</strong></span> <span class='ocrx_word' id='word_1_563' title='bbox 3063 4142 3182 4197; x_wconf 86' lang='grc' dir='ltr'>νῦν</span> <span class='ocrx_word' id='word_1_564' title='bbox 3235 4143 3304 4196; x_wconf 79' lang='grc' dir='ltr'><em>δὲ</em></span> <span class='ocrx_word' id='word_1_565' title='bbox 3332 4145 3498 4198; x_wconf 83' lang='grc' dir='ltr'>οὔπω</span> <span class='ocrx_word' id='word_1_566' title='bbox 3540 4143 3688 4212; x_wconf 68' lang='grc' dir='ltr'>ὀρῶ-</span> 
     </span>
    </p>
   </div>
   <div class='ocr_carea' id='block_1_82' title="bbox 334 4396 2001 4475">
    <p class='ocr_par' dir='ltr' id='par_1_82' title="bbox 334 4396 2001 4475">
     <span class='ocr_line' id='line_1_82' title="bbox 334 4396 2001 4475; baseline 0.004 -21"><span class='ocrx_word' id='word_1_567' title='bbox 334 4399 336 4401; x_wconf 73' lang='grc'><em>’</em></span> <span class='ocrx_word' id='word_1_568' title='bbox 417 4399 558 4454; x_wconf 84' lang='lat' dir='ltr'><strong>dicis</strong></span> <span class='ocrx_word' id='word_1_569' title='bbox 620 4396 787 4453; x_wconf 87' lang='lat' dir='ltr'><strong>Deum</strong></span> <span class='ocrx_word' id='word_1_570' title='bbox 817 4399 999 4453; x_wconf 84' lang='lat' dir='ltr'><strong>omnia</strong></span> <span class='ocrx_word' id='word_1_571' title='bbox 1039 4399 1362 4469; x_wconf 84' lang='lat' dir='ltr'><strong>subjecisse,</strong></span> <span class='ocrx_word' id='word_1_572' title='bbox 1385 4416 1509 4457; x_wconf 90' lang='lat' dir='ltr'><strong>cum</strong></span> <span class='ocrx_word' id='word_1_573' title='bbox 1540 4418 1644 4460; x_wconf 87' lang='lat' dir='ltr'><strong>nos</strong></span> <span class='ocrx_word' id='word_1_574' title='bbox 1673 4407 2001 4475; x_wconf 61' lang='lat' dir='ltr'><strong>persecutio.</strong></span> 
     </span>
    </p>
   </div>
   <div class='ocr_carea' id='block_1_83' title="bbox 419 4215 2003 4308">
    <p class='ocr_par' dir='ltr' id='par_1_83' title="bbox 419 4215 1997 4286">
     <span class='ocr_line' id='line_1_83' title="bbox 419 4215 1997 4286; baseline 0.005 -18"><span class='ocrx_word' id='word_1_575' title='bbox 419 4215 466 4268; x_wconf 85' lang='lat' dir='ltr'><strong>ei</strong></span> <span class='ocrx_word' id='word_1_576' title='bbox 491 4216 668 4268; x_wconf 86' lang='lat' dir='ltr'><strong>omnia</strong></span> <span class='ocrx_word' id='word_1_577' title='bbox 702 4215 958 4283; x_wconf 81' lang='lat' dir='ltr'><strong>subjecta.</strong></span> <span class='ocrx_word' id='word_1_578' title='bbox 991 4215 1128 4283; x_wconf 86' lang='lat' dir='ltr'><strong>Quia</strong></span> <span class='ocrx_word' id='word_1_579' title='bbox 1154 4219 1634 4286; x_wconf 88' lang='lat' dir='ltr'><strong>persccutionibus</strong></span> <span class='ocrx_word' id='word_1_580' title='bbox 1665 4221 1742 4277; x_wconf 92' lang='lat' dir='ltr'><strong>illi</strong></span> <span class='ocrx_word' id='word_1_581' title='bbox 1773 4222 1997 4278; x_wconf 81' lang='lat' dir='ltr'><strong>obnoxii</strong></span> 
     </span>
    </p>
   </div>
   <div class='ocr_carea' id='block_1_84' title="bbox 2104 4215 3689 4308">
    <p class='ocr_par' dir='ltr' id='par_1_84' title="bbox 2104 4234 3689 4308">
     <span class='ocr_line' id='line_1_84' title="bbox 2104 4234 3689 4308; baseline 0.002 -21"><span class='ocrx_word' id='word_1_582' title='bbox 2104 4250 2215 4303; x_wconf 85' lang='grc' dir='ltr'><strong>μεν</strong></span> <span class='ocrx_word' id='word_1_583' title='bbox 2239 4234 2312 4287; x_wconf 81' lang='grc' dir='ltr'>τὰ</span> <span class='ocrx_word' id='word_1_584' title='bbox 2330 4234 2527 4288; x_wconf 84' lang='grc' dir='ltr'>πάντα</span> <span class='ocrx_word' id='word_1_585' title='bbox 2555 4237 2602 4266; x_wconf 77' lang='grc'>³³</span> <span class='ocrx_word' id='word_1_586' title='bbox 2633 4234 3105 4304; x_wconf 76' lang='grc' dir='ltr'>ὑποτεταγμένα.</span> <span class='ocrx_word' id='word_1_587' title='bbox 3145 4237 3365 4308; x_wconf 77' lang='grc' dir='ltr'>Ἐπειδὴ</span> <span class='ocrx_word' id='word_1_588' title='bbox 3398 4235 3689 4291; x_wconf 79' lang='grc' dir='ltr'>ἐδιώκοντο</span> 
     </span>
    </p>
   </div>
   <div class='ocr_carea' id='block_1_85' title="bbox 420 4307 2003 4398">
    <p class='ocr_par' dir='ltr' id='par_1_85' title="bbox 420 4307 2000 4384">
     <span class='ocr_line' id='line_1_85' title="bbox 420 4307 2000 4384; baseline 0.005 -22"><span class='ocrx_word' id='word_1_589' title='bbox 420 4314 594 4370; x_wconf 83' lang='lat' dir='ltr'><strong>erant,</strong></span> <span class='ocrx_word' id='word_1_590' title='bbox 621 4320 686 4362; x_wconf 82' lang='lat' dir='ltr'><strong>ac</strong></span> <span class='ocrx_word' id='word_1_591' title='bbox 735 4307 965 4362; x_wconf 74' lang='lat' dir='ltr'><strong>adversa</strong></span> <span class='ocrx_word' id='word_1_592' title='bbox 1011 4308 1378 4377; x_wconf 84' lang='lat' dir='ltr'><strong>patiebantur,</strong></span> <span class='ocrx_word' id='word_1_593' title='bbox 1414 4325 1482 4366; x_wconf 89' lang='lat' dir='ltr'><strong>ne</strong></span> <span class='ocrx_word' id='word_1_594' title='bbox 1534 4312 1803 4384; x_wconf 85' lang='lat' dir='ltr'><strong>objiciant</strong></span> <span class='ocrx_word' id='word_1_595' title='bbox 1845 4333 1859 4370; x_wconf 91' lang='lat'><strong>:</strong></span> <span class='ocrx_word' id='word_1_596' title='bbox 1893 4314 2000 4381; x_wconf 85' lang='lat' dir='ltr'><strong>Qui</strong></span> 
     </span>
    </p>
   </div>
   <div class='ocr_carea' id='block_1_86' title="bbox 2104 4307 3682 4398">
    <p class='ocr_par' dir='ltr' id='par_1_86' title="bbox 2104 4321 3682 4398">
     <span class='ocr_line' id='line_1_86' title="bbox 2104 4321 3682 4398; baseline 0.002 -18"><span class='ocrx_word' id='word_1_597' title='bbox 2104 4321 2271 4393; x_wconf 74' lang='grc' dir='ltr'>οὗτοι,</span> <span class='ocrx_word' id='word_1_598' title='bbox 2301 4327 2398 4381; x_wconf 72' lang='grc' dir='ltr'><strong>καὶ</strong></span> <span class='ocrx_word' id='word_1_599' title='bbox 2429 4328 2616 4391; x_wconf 80' lang='grc' dir='ltr'>κακῶς</span> <span class='ocrx_word' id='word_1_600' title='bbox 2642 4326 2904 4396; x_wconf 78' lang='grc' dir='ltr'>ἔπασχον,</span> <span class='ocrx_word' id='word_1_601' title='bbox 2939 4328 3026 4382; x_wconf 82' lang='grc' dir='ltr'><strong>ἵνα</strong></span> <span class='ocrx_word' id='word_1_602' title='bbox 3061 4331 3138 4398; x_wconf 85' lang='grc' dir='ltr'>μὴ</span> <span class='ocrx_word' id='word_1_603' title='bbox 3178 4331 3397 4383; x_wconf 76' lang='grc' dir='ltr'>εἴπωσι·</span> <span class='ocrx_word' id='word_1_604' title='bbox 3427 4331 3551 4394; x_wconf 84' lang='grc' dir='ltr'>Πῶς</span> <span class='ocrx_word' id='word_1_605' title='bbox 3588 4331 3682 4382; x_wconf 89' lang='grc' dir='ltr'>λέ-</span> 
     </span>
    </p>
   </div>
   <div class='ocr_carea' id='block_1_87' title="bbox 2102 4422 3682 4495">
    <p class='ocr_par' dir='ltr' id='par_1_87' title="bbox 2102 4422 3682 4495">
     <span class='ocr_line' id='line_1_87' title="bbox 2102 4422 3682 4495; baseline -0.001 -19"><span class='ocrx_word' id='word_1_606' title='bbox 2102 4441 2220 4491; x_wconf 87' lang='grc' dir='ltr'>γεις</span> <span class='ocrx_word' id='word_1_607' title='bbox 2249 4425 2332 4477; x_wconf 82' lang='grc' dir='ltr'>ὅτι</span> <span class='ocrx_word' id='word_1_608' title='bbox 2363 4426 2541 4478; x_wconf 79' lang='grc' dir='ltr'>πάντα</span> <span class='ocrx_word' id='word_1_609' title='bbox 2565 4423 2853 4492; x_wconf 81' lang='grc' dir='ltr'>ὑπέταξεν,</span> <span class='ocrx_word' id='word_1_610' title='bbox 2889 4425 3024 4477; x_wconf 83' lang='grc' dir='ltr'>ὅπου</span> <span class='ocrx_word' id='word_1_611' title='bbox 3058 4442 3121 4493; x_wconf 89' lang='grc' dir='ltr'><strong>γε</strong></span> <span class='ocrx_word' id='word_1_612' title='bbox 3157 4426 3316 4495; x_wconf 75' lang='grc' dir='ltr'>ἡμεῖς</span> <span class='ocrx_word' id='word_1_613' title='bbox 3346 4422 3682 4493; x_wconf 83' lang='grc' dir='ltr'>διωκόμεθα,</span> 
     </span>
    </p>
   </div>
   <div class='ocr_carea' id='block_1_88' title="bbox 421 4493 2003 4586">
    <p class='ocr_par' dir='ltr' id='par_1_88' title="bbox 421 4493 1994 4566">
     <span class='ocr_line' id='line_1_88' title="bbox 421 4493 1994 4566; baseline 0.004 -19"><span class='ocrx_word' id='word_1_614' title='bbox 421 4509 544 4548; x_wconf 88' lang='lat' dir='ltr'><strong>nem</strong></span> <span class='ocrx_word' id='word_1_615' title='bbox 577 4493 871 4564; x_wconf 83' lang='lat' dir='ltr'><strong>patiamur,</strong></span> <span class='ocrx_word' id='word_1_616' title='bbox 897 4502 1060 4564; x_wconf 89' lang='lat' dir='ltr'><strong>atque</strong></span> <span class='ocrx_word' id='word_1_617' title='bbox 1096 4495 1440 4566; x_wconf 78' lang='lat' dir='ltr'><strong>exagitetnur</strong></span> <span class='ocrx_word' id='word_1_618' title='bbox 1489 4497 1688 4554; x_wconf 84' lang='lat' dir='ltr'><strong>misere</strong></span> <span class='ocrx_word' id='word_1_619' title='bbox 1720 4499 1790 4553; x_wconf 87' lang='lat' dir='ltr'><strong>ab</strong></span> <span class='ocrx_word' id='word_1_620' title='bbox 1819 4500 1994 4554; x_wconf 83' lang='lat' dir='ltr'><strong>hosti-</strong></span> 
     </span>
    </p>
   </div>
   <div class='ocr_carea' id='block_1_89' title="bbox 2104 4493 3686 4586">
    <p class='ocr_par' dir='ltr' id='par_1_89' title="bbox 2104 4493 3686 4586">
     <span class='ocr_line' id='line_1_89' title="bbox 2104 4493 3686 4586; baseline -0.003 -18"><span class='ocrx_word' id='word_1_621' title='bbox 2104 4513 2490 4584; x_wconf 64' lang='lat' dir='ltr'><strong>btsiauw&#39;peea</strong></span> <span class='ocrx_word' id='word_1_622' title='bbox 2517 4515 2670 4583; x_wconf 77' lang='grc' dir='ltr'>παρὰ</span> <span class='ocrx_word' id='word_1_623' title='bbox 2687 4515 2731 4546; x_wconf 80' lang='grc'>³³</span> <span class='ocrx_word' id='word_1_624' title='bbox 2748 4514 2855 4567; x_wconf 84' lang='grc' dir='ltr'><strong>τῶν</strong></span> <span class='ocrx_word' id='word_1_625' title='bbox 2879 4514 3086 4586; x_wconf 74' lang='grc' dir='ltr'>ἐχθρῶν</span> <span class='ocrx_word' id='word_1_626' title='bbox 3113 4493 3316 4578; x_wconf 72' lang='grc' dir='ltr'>αὐτοῦς</span> <span class='ocrx_word' id='word_1_627' title='bbox 3358 4511 3498 4566; x_wconf 78' lang='grc' dir='ltr'>ὥστε</span> <span class='ocrx_word' id='word_1_628' title='bbox 3524 4511 3686 4565; x_wconf 84' lang='grc' dir='ltr'>οὔπω</span> 
     </span>
    </p>
   </div>
   <div class='ocr_carea' id='block_1_90' title="bbox 419 4583 2003 4676">
    <p class='ocr_par' dir='ltr' id='par_1_90' title="bbox 419 4583 1994 4656">
     <span class='ocr_line' id='line_1_90' title="bbox 419 4583 1994 4656; baseline 0.008 -20"><span class='ocrx_word' id='word_1_629' title='bbox 419 4584 524 4638; x_wconf 86' lang='lat' dir='ltr'><strong>bus</strong></span> <span class='ocrx_word' id='word_1_630' title='bbox 550 4583 761 4652; x_wconf 82' lang='lat' dir='ltr'><strong>ipsius?</strong></span> <span class='ocrx_word' id='word_1_631' title='bbox 809 4583 994 4654; x_wconf 81' lang='lat' dir='ltr'><strong>Itaque</strong></span> <span class='ocrx_word' id='word_1_632' title='bbox 1032 4583 1278 4639; x_wconf 88' lang='lat' dir='ltr'><strong>nondum</strong></span> <span class='ocrx_word' id='word_1_633' title='bbox 1334 4586 1570 4656; x_wconf 87' lang='lat' dir='ltr'><strong>subjecti</strong></span> <span class='ocrx_word' id='word_1_634' title='bbox 1631 4599 1762 4643; x_wconf 89' lang='lat' dir='ltr'><strong>sunt</strong></span> <span class='ocrx_word' id='word_1_635' title='bbox 1796 4591 1868 4656; x_wconf 90' lang='lat' dir='ltr'><strong>ei,</strong></span> <span class='ocrx_word' id='word_1_636' title='bbox 1898 4595 1994 4649; x_wconf 89' lang='lat' dir='ltr'><strong>sed</strong></span> 
     </span>
    </p>
   </div>
   <div class='ocr_carea' id='block_1_91' title="bbox 2104 4583 3681 4676">
    <p class='ocr_par' dir='ltr' id='par_1_91' title="bbox 2104 4583 3681 4676">
     <span class='ocr_line' id='line_1_91' title="bbox 2104 4583 3681 4676; baseline -0.002 -18"><span class='ocrx_word' id='word_1_637' title='bbox 2104 4583 2480 4675; x_wconf 71' lang='grc' dir='ltr'>ὑπετάγησαν,</span> <span class='ocrx_word' id='word_1_638' title='bbox 2509 4607 2604 4659; x_wconf 75' lang='grc' dir='ltr'>καὶ</span> <span class='ocrx_word' id='word_1_639' title='bbox 2628 4606 2844 4676; x_wconf 80' lang='grc' dir='ltr'>ἀπατᾷς</span> <span class='ocrx_word' id='word_1_640' title='bbox 2877 4583 3057 4675; x_wconf 62' lang='grc' dir='ltr'>ήμᾶςο</span> <span class='ocrx_word' id='word_1_641' title='bbox 3087 4605 3177 4658; x_wconf 81' lang='grc' dir='ltr'><strong>διὰ</strong></span> <span class='ocrx_word' id='word_1_642' title='bbox 3197 4604 3374 4659; x_wconf 82' lang='grc' dir='ltr'>ταῦτα</span> <span class='ocrx_word' id='word_1_643' title='bbox 3401 4600 3495 4658; x_wconf 81' lang='grc' dir='ltr'><strong>οὖν</strong></span> <span class='ocrx_word' id='word_1_644' title='bbox 3521 4621 3681 4674; x_wconf 78' lang='grc' dir='ltr'>φησιο</span> 
     </span>
    </p>
   </div>
   <div class='ocr_carea' id='block_1_92' title="bbox 419 4676 2003 4770">
    <p class='ocr_par' dir='ltr' id='par_1_92' title="bbox 419 4676 1996 4750">
     <span class='ocr_line' id='line_1_92' title="bbox 419 4676 1996 4750; baseline 0.007 -21"><span class='ocrx_word' id='word_1_645' title='bbox 419 4676 628 4746; x_wconf 82' lang='lat' dir='ltr'><strong>decipis</strong></span> <span class='ocrx_word' id='word_1_646' title='bbox 658 4690 758 4730; x_wconf 84' lang='lat' dir='ltr'><strong>nos</strong></span> <span class='ocrx_word' id='word_1_647' title='bbox 794 4691 808 4728; x_wconf 90' lang='lat'><strong>:</strong></span> <span class='ocrx_word' id='word_1_648' title='bbox 841 4687 1148 4745; x_wconf 86' lang='lat' dir='ltr'><strong>propterea,</strong></span> <span class='ocrx_word' id='word_1_649' title='bbox 1187 4677 1388 4747; x_wconf 87' lang='lat' dir='ltr'><strong>inquit,</strong></span> <span class='ocrx_word' id='word_1_650' title='bbox 1418 4694 1486 4734; x_wconf 92' lang='lat' dir='ltr'><strong>ne</strong></span> <span class='ocrx_word' id='word_1_651' title='bbox 1509 4682 1864 4750; x_wconf 81' lang='lat' dir='ltr'><strong>tumultuare,</strong></span> <span class='ocrx_word' id='word_1_652' title='bbox 1900 4701 1996 4742; x_wconf 90' lang='lat' dir='ltr'><strong>ne-</strong></span> 
     </span>
    </p>
   </div>
   <div class='ocr_carea' id='block_1_93' title="bbox 2104 4676 3682 4770">
    <p class='ocr_par' dir='ltr' id='par_1_93' title="bbox 2104 4697 3682 4770">
     <span class='ocr_line' id='line_1_93' title="bbox 2104 4697 3682 4770; baseline -0.001 -18"><span class='ocrx_word' id='word_1_653' title='bbox 2104 4699 2192 4769; x_wconf 79' lang='grc' dir='ltr'>Μὴ</span> <span class='ocrx_word' id='word_1_654' title='bbox 2228 4697 2481 4770; x_wconf 79' lang='grc' dir='ltr'>θορυὸοὗ,</span> <span class='ocrx_word' id='word_1_655' title='bbox 2518 4699 2654 4768; x_wconf 78' lang='grc' dir='ltr'><strong>μηδὲ</strong></span> <span class='ocrx_word' id='word_1_656' title='bbox 2687 4698 3050 4770; x_wconf 67' lang='grc' dir='ltr'>μικροψύχειο</span> <span class='ocrx_word' id='word_1_657' title='bbox 3085 4698 3269 4768; x_wconf 84' lang='grc' dir='ltr'>μέλλει</span> <span class='ocrx_word' id='word_1_658' title='bbox 3296 4697 3404 4768; x_wconf 82' lang='grc' dir='ltr'>γὰρ</span> <span class='ocrx_word' id='word_1_659' title='bbox 3439 4698 3682 4752; x_wconf 78' lang='grc' dir='ltr'>ὑποτάτ-</span> 
     </span>
    </p>
   </div>
   <div class='ocr_carea' id='block_1_94' title="bbox 416 4767 1996 4839">
    <p class='ocr_par' dir='ltr' id='par_1_94' title="bbox 416 4767 1996 4839">
     <span class='ocr_line' id='line_1_94' title="bbox 416 4767 1996 4839; baseline 0.006 -16"><span class='ocrx_word' id='word_1_660' title='bbox 416 4785 524 4839; x_wconf 87' lang='lat' dir='ltr'><strong>que</strong></span> <span class='ocrx_word' id='word_1_661' title='bbox 547 4767 910 4836; x_wconf 81' lang='lat' dir='ltr'><strong>pusillanimis</strong></span> <span class='ocrx_word' id='word_1_662' title='bbox 937 4775 1100 4824; x_wconf 86' lang='lat' dir='ltr'><strong>esto:</strong></span> <span class='ocrx_word' id='word_1_663' title='bbox 1139 4768 1386 4824; x_wconf 76' lang='lat' dir='ltr'><strong>futurum</strong></span> <span class='ocrx_word' id='word_1_664' title='bbox 1420 4779 1505 4826; x_wconf 85' lang='lat' dir='ltr'><strong>est</strong></span> <span class='ocrx_word' id='word_1_665' title='bbox 1535 4774 1683 4828; x_wconf 88' lang='lat' dir='ltr'><strong>enim</strong></span> <span class='ocrx_word' id='word_1_666' title='bbox 1719 4783 1776 4828; x_wconf 86' lang='lat' dir='ltr'><strong>ut</strong></span> <span class='ocrx_word' id='word_1_667' title='bbox 1811 4778 1996 4832; x_wconf 85' lang='lat' dir='ltr'><strong>omnia</strong></span> 
     </span>
    </p>
   </div>
   <div class='ocr_carea' id='block_1_95' title="bbox 416 4845 1993 4939">
    <p class='ocr_par' dir='ltr' id='par_1_95' title="bbox 416 4845 1993 4939">
     <span class='ocr_line' id='line_1_95' title="bbox 416 4845 1993 4939; baseline 0.006 -23"><span class='ocrx_word' id='word_1_668' title='bbox 416 4862 520 4932; x_wconf 88' lang='lat' dir='ltr'><strong>ipsi</strong></span> <span class='ocrx_word' id='word_1_669' title='bbox 535 4858 916 4929; x_wconf 84' lang='lat' dir='ltr'><strong>subjiciantur.</strong></span> <span class='ocrx_word' id='word_1_670' title='bbox 938 4845 1386 4932; x_wconf 70' lang='lat' dir='ltr'><strong>Propter-caenim</strong></span> <span class='ocrx_word' id='word_1_671' title='bbox 1400 4863 1679 4935; x_wconf 85' lang='lat' dir='ltr'><strong>Scriptura</strong></span> <span class='ocrx_word' id='word_1_672' title='bbox 1693 4868 1833 4924; x_wconf 82' lang='lat' dir='ltr'><strong>dixit</strong></span> <span class='ocrx_word' id='word_1_673' title='bbox 1847 4871 1993 4939; x_wconf 91' lang='lat' dir='ltr'><strong>quod</strong></span> 
     </span>
    </p>
   </div>
   <div class='ocr_carea' id='block_1_96' title="bbox 415 4953 1995 5025">
    <p class='ocr_par' dir='ltr' id='par_1_96' title="bbox 415 4953 1995 5025">
     <span class='ocr_line' id='line_1_96' title="bbox 415 4953 1995 5025; baseline 0.006 -16"><span class='ocrx_word' id='word_1_674' title='bbox 415 4953 746 5017; x_wconf 81' lang='lat' dir='ltr'><strong>subdiderit,</strong></span> <span class='ocrx_word' id='word_1_675' title='bbox 791 4953 937 5022; x_wconf 90' lang='lat' dir='ltr'><strong>quod</strong></span> <span class='ocrx_word' id='word_1_676' title='bbox 997 4953 1220 5008; x_wconf 89' lang='lat' dir='ltr'><strong>omnino</strong></span> <span class='ocrx_word' id='word_1_677' title='bbox 1264 4966 1590 5012; x_wconf 84' lang='lat' dir='ltr'><strong>eventurum</strong></span> <span class='ocrx_word' id='word_1_678' title='bbox 1643 4969 1752 5025; x_wconf 87' lang='lat' dir='ltr'><strong>est,</strong></span> <span class='ocrx_word' id='word_1_679' title='bbox 1774 4963 1995 5018; x_wconf 86' lang='lat' dir='ltr'><strong>etiamsi</strong></span> 
     </span>
    </p>
   </div>
   <div class='ocr_carea' id='block_1_97' title="bbox 418 5048 1990 5125">
    <p class='ocr_par' dir='ltr' id='par_1_97' title="bbox 418 5048 1990 5125">
     <span class='ocr_line' id='line_1_97' title="bbox 418 5048 1990 5125; baseline 0.006 -23"><span class='ocrx_word' id='word_1_680' title='bbox 418 5048 661 5102; x_wconf 88' lang='lat' dir='ltr'><strong>nondum</strong></span> <span class='ocrx_word' id='word_1_681' title='bbox 711 5048 1027 5116; x_wconf 82' lang='lat' dir='ltr'><strong>contigerit,</strong></span> <span class='ocrx_word' id='word_1_682' title='bbox 1066 5049 1225 5118; x_wconf 86' lang='lat' dir='ltr'><strong>quasi</strong></span> <span class='ocrx_word' id='word_1_683' title='bbox 1279 5049 1392 5119; x_wconf 89' lang='lat' dir='ltr'><strong>jam</strong></span> <span class='ocrx_word' id='word_1_684' title='bbox 1438 5053 1705 5120; x_wconf 80' lang='lat' dir='ltr'><strong>evenerit,</strong></span> <span class='ocrx_word' id='word_1_685' title='bbox 1761 5069 1990 5125; x_wconf 88' lang='lat' dir='ltr'><strong>ponens.</strong></span> 
     </span>
    </p>
   </div>
   <div class='ocr_carea' id='block_1_98' title="bbox 417 5139 1991 5213">
    <p class='ocr_par' dir='ltr' id='par_1_98' title="bbox 417 5139 1991 5213">
     <span class='ocr_line' id='line_1_98' title="bbox 417 5139 1991 5213; baseline 0.007 -20"><span class='ocrx_word' id='word_1_686' title='bbox 417 5139 496 5196; x_wconf 85' lang='lat' dir='ltr'><strong>Ne</strong></span> <span class='ocrx_word' id='word_1_687' title='bbox 541 5140 708 5211; x_wconf 76' lang='lat' dir='ltr'><strong>igitur</strong></span> <span class='ocrx_word' id='word_1_688' title='bbox 746 5155 978 5196; x_wconf 71' lang='lat' dir='ltr'><strong>mwreas</strong></span> <span class='ocrx_word' id='word_1_689' title='bbox 1015 5141 1174 5210; x_wconf 87' lang='lat' dir='ltr'><strong>quasi</strong></span> <span class='ocrx_word' id='word_1_690' title='bbox 1201 5144 1394 5196; x_wconf 87' lang='lat' dir='ltr'><strong>acerba</strong></span> <span class='ocrx_word' id='word_1_691' title='bbox 1439 5145 1663 5213; x_wconf 87' lang='lat' dir='ltr'><strong>patiaris</strong></span> <span class='ocrx_word' id='word_1_692' title='bbox 1705 5149 1991 5204; x_wconf 89' lang='lat' dir='ltr'><strong>:nondum</strong></span> 
     </span>
    </p>
   </div>
   <div class='ocr_carea' id='block_1_99' title="bbox 420 5234 1992 5310">
    <p class='ocr_par' dir='ltr' id='par_1_99' title="bbox 420 5234 1992 5310">
     <span class='ocr_line' id='line_1_99' title="bbox 420 5234 1992 5310; baseline 0.006 -22"><span class='ocrx_word' id='word_1_693' title='bbox 420 5235 608 5299; x_wconf 81' lang='lat' dir='ltr'><strong>omnia</strong></span> <span class='ocrx_word' id='word_1_694' title='bbox 641 5234 920 5303; x_wconf 85' lang='lat' dir='ltr'><strong>superavit</strong></span> <span class='ocrx_word' id='word_1_695' title='bbox 952 5234 1289 5303; x_wconf 67' lang='lat' dir='ltr'><strong>praedicatio,</strong></span> <span class='ocrx_word' id='word_1_696' title='bbox 1329 5238 1573 5292; x_wconf 90' lang='lat' dir='ltr'><strong>nondum</strong></span> <span class='ocrx_word' id='word_1_697' title='bbox 1600 5249 1813 5310; x_wconf 85' lang='lat' dir='ltr'><strong>tempus</strong></span> <span class='ocrx_word' id='word_1_698' title='bbox 1838 5242 1992 5298; x_wconf 90' lang='lat' dir='ltr'><strong>adest</strong></span> 
     </span>
    </p>
   </div>
   <div class='ocr_carea' id='block_1_100' title="bbox 418 5323 1988 5396">
    <p class='ocr_par' dir='ltr' id='par_1_100' title="bbox 418 5323 1988 5396">
     <span class='ocr_line' id='line_1_100' title="bbox 418 5323 1988 5396; baseline 0.008 -18"><span class='ocrx_word' id='word_1_699' title='bbox 418 5337 473 5378; x_wconf 88' lang='lat' dir='ltr'><strong>ut</strong></span> <span class='ocrx_word' id='word_1_700' title='bbox 495 5323 1140 5395; x_wconf 79' lang='lat' dir='ltr'><strong>perfectesubjiciantur;</strong></span> <span class='ocrx_word' id='word_1_701' title='bbox 1162 5327 1718 5396; x_wconf 81' lang='lat' dir='ltr'><strong>subjicienturtameu</strong></span> <span class='ocrx_word' id='word_1_702' title='bbox 1741 5336 1988 5390; x_wconf 89' lang='lat' dir='ltr'><strong>omnino.</strong></span> 
     </span>
    </p>
   </div>
   <div class='ocr_carea' id='block_1_101' title="bbox 487 5418 1993 5495">
    <p class='ocr_par' dir='ltr' id='par_1_101' title="bbox 487 5418 1993 5495">
     <span class='ocr_line' id='line_1_101' title="bbox 487 5418 1993 5495; baseline 0.007 -23"><span class='ocrx_word' id='word_1_703' title='bbox 487 5419 652 5473; x_wconf 74' lang='lat' dir='ltr'><strong>Vens.</strong></span> <span class='ocrx_word' id='word_1_704' title='bbox 669 5419 721 5473; x_wconf 89' lang='lat'><strong>9.</strong></span> <span class='ocrx_word' id='word_1_705' title='bbox 737 5418 875 5472; x_wconf 86' lang='lat' dir='ltr'><strong>Eum</strong></span> <span class='ocrx_word' id='word_1_706' title='bbox 894 5428 1089 5485; x_wconf 80' lang='lat' dir='ltr'><strong>autem,</strong></span> <span class='ocrx_word' id='word_1_707' title='bbox 1116 5421 1205 5488; x_wconf 86' lang='lat' dir='ltr'><strong>qui</strong></span> <span class='ocrx_word' id='word_1_708' title='bbox 1224 5421 1430 5474; x_wconf 85' lang='lat' dir='ltr'><strong>modico</strong></span> <span class='ocrx_word' id='word_1_709' title='bbox 1453 5439 1612 5491; x_wconf 82' lang='lat' dir='ltr'><strong>quam</strong></span> <span class='ocrx_word' id='word_1_710' title='bbox 1631 5426 1804 5495; x_wconf 84' lang='lat' dir='ltr'><strong>angeli</strong></span> <span class='ocrx_word' id='word_1_711' title='bbox 1822 5429 1993 5484; x_wconf 85' lang='lat' dir='ltr'><strong>mino-</strong></span> 
     </span>
    </p>
   </div>
   <div class='ocr_carea' id='block_1_102' title="bbox 422 5510 1988 5586">
    <p class='ocr_par' dir='ltr' id='par_1_102' title="bbox 422 5510 1988 5586">
     <span class='ocr_line' id='line_1_102' title="bbox 422 5510 1988 5586; baseline 0.006 -22"><span class='ocrx_word' id='word_1_712' title='bbox 422 5519 575 5564; x_wconf 81' lang='lat' dir='ltr'><strong>ratus</strong></span> <span class='ocrx_word' id='word_1_713' title='bbox 613 5519 710 5576; x_wconf 86' lang='lat' dir='ltr'><strong>est,</strong></span> <span class='ocrx_word' id='word_1_714' title='bbox 727 5510 959 5567; x_wconf 78' lang='lat' dir='ltr'><strong>videmus</strong></span> <span class='ocrx_word' id='word_1_715' title='bbox 986 5510 1191 5579; x_wconf 82' lang='lat' dir='ltr'><strong>Jesum,</strong></span> <span class='ocrx_word' id='word_1_716' title='bbox 1216 5524 1429 5582; x_wconf 80' lang='lat' dir='ltr'><strong>propter</strong></span> <span class='ocrx_word' id='word_1_717' title='bbox 1444 5519 1746 5583; x_wconf 81' lang='lat' dir='ltr'><strong>passionem</strong></span> <span class='ocrx_word' id='word_1_718' title='bbox 1778 5525 1988 5586; x_wconf 85' lang='lat' dir='ltr'><strong>mortis,</strong></span> 
     </span>
    </p>
   </div>
   <div class='ocr_carea' id='block_1_103' title="bbox 2099 4784 3677 4862">
    <p class='ocr_par' dir='ltr' id='par_1_103' title="bbox 2099 4784 3677 4862">
     <span class='ocr_line' id='line_1_103' title="bbox 2099 4784 3677 4862; baseline -0.002 -19"><span class='ocrx_word' id='word_1_719' title='bbox 2099 4789 2288 4843; x_wconf 85' lang='grc' dir='ltr'>τεσθαι</span> <span class='ocrx_word' id='word_1_720' title='bbox 2319 4788 2471 4861; x_wconf 86' lang='grc' dir='ltr'>αὑτῷ</span> <span class='ocrx_word' id='word_1_721' title='bbox 2490 4793 2556 4844; x_wconf 80' lang='grc' dir='ltr'>τὰ</span> <span class='ocrx_word' id='word_1_722' title='bbox 2583 4791 2782 4844; x_wconf 76' lang='grc' dir='ltr'>πάντα.</span> <span class='ocrx_word' id='word_1_723' title='bbox 2802 4790 2902 4843; x_wconf 86' lang='grc' dir='ltr'><strong>Διὰ</strong></span> <span class='ocrx_word' id='word_1_724' title='bbox 2916 4789 3074 4843; x_wconf 81' lang='grc' dir='ltr'>τοῦτο</span> <span class='ocrx_word' id='word_1_725' title='bbox 3099 4789 3208 4861; x_wconf 86' lang='grc' dir='ltr'>γὰρ</span> <span class='ocrx_word' id='word_1_726' title='bbox 3238 4793 3272 4860; x_wconf 84' lang='grc' dir='ltr'><strong>ή</strong></span> <span class='ocrx_word' id='word_1_727' title='bbox 3291 4789 3479 4862; x_wconf 83' lang='grc' dir='ltr'>Γραφὴ</span> <span class='ocrx_word' id='word_1_728' title='bbox 3500 4784 3677 4853; x_wconf 73' lang='grc' dir='ltr'>εἶπεν,</span> 
     </span>
    </p>
   </div>
   <div class='ocr_carea' id='block_1_104' title="bbox 2100 4883 3680 4957">
    <p class='ocr_par' dir='ltr' id='par_1_104' title="bbox 2100 4883 3680 4957">
     <span class='ocr_line' id='line_1_104' title="bbox 2100 4883 3680 4957; baseline -0.001 -19"><span class='ocrx_word' id='word_1_729' title='bbox 2100 4886 2183 4938; x_wconf 85' lang='grc' dir='ltr'>ὅτι</span> <span class='ocrx_word' id='word_1_730' title='bbox 2227 4883 2518 4951; x_wconf 80' lang='grc' dir='ltr'>Ὑπέταξε,</span> <span class='ocrx_word' id='word_1_731' title='bbox 2545 4884 2606 4936; x_wconf 77' lang='grc' dir='ltr'>τὸ</span> <span class='ocrx_word' id='word_1_732' title='bbox 2632 4885 2851 4948; x_wconf 82' lang='grc' dir='ltr'>πάντως</span> <span class='ocrx_word' id='word_1_733' title='bbox 2893 4883 3288 4957; x_wconf 80' lang='grc' dir='ltr'>ὲκῦησόμενον,</span> <span class='ocrx_word' id='word_1_734' title='bbox 3318 4885 3365 4937; x_wconf 77' lang='grc' dir='ltr'><strong>ει</strong></span> <span class='ocrx_word' id='word_1_735' title='bbox 3389 4886 3482 4938; x_wconf 81' lang='grc' dir='ltr'>καὶ</span> <span class='ocrx_word' id='word_1_736' title='bbox 3510 4885 3680 4954; x_wconf 84' lang='grc' dir='ltr'>μήπω</span> 
     </span>
    </p>
   </div>
   <div class='ocr_carea' id='block_1_105' title="bbox 2101 4974 3682 5046">
    <p class='ocr_par' dir='ltr' id='par_1_105' title="bbox 2101 4974 3682 5046">
     <span class='ocr_line' id='line_1_105' title="bbox 2101 4974 3682 5046; baseline 0.001 -20"><span class='ocrx_word' id='word_1_737' title='bbox 2101 4976 2338 5042; x_wconf 80' lang='grc' dir='ltr'>ἐγένετο,</span> <span class='ocrx_word' id='word_1_738' title='bbox 2380 4977 2455 5038; x_wconf 86' lang='grc' dir='ltr'><strong>ὡς</strong></span> <span class='ocrx_word' id='word_1_739' title='bbox 2486 4975 2795 5045; x_wconf 58' lang='lat' dir='ltr'><strong>egissem,-</strong></span> <span class='ocrx_word' id='word_1_740' title='bbox 2822 4977 3055 5029; x_wconf 82' lang='grc' dir='ltr'>τιθεῖσα.</span> <span class='ocrx_word' id='word_1_741' title='bbox 3083 4975 3168 5046; x_wconf 84' lang='grc' dir='ltr'><strong>Μὴ</strong></span> <span class='ocrx_word' id='word_1_742' title='bbox 3205 4977 3384 5029; x_wconf 78' lang='grc' dir='ltr'>τοίνυν</span> <span class='ocrx_word' id='word_1_743' title='bbox 3421 4974 3682 5045; x_wconf 85' lang='grc' dir='ltr'>ἀδημόνει</span> 
     </span>
    </p>
   </div>
   <div class='ocr_carea' id='block_1_106' title="bbox 2100 5061 3681 5135">
    <p class='ocr_par' dir='ltr' id='par_1_106' title="bbox 2100 5061 3681 5135">
     <span class='ocr_line' id='line_1_106' title="bbox 2100 5061 3681 5135; baseline 0.001 -21"><span class='ocrx_word' id='word_1_744' title='bbox 2100 5061 2176 5123; x_wconf 85' lang='grc' dir='ltr'>ὼς</span> <span class='ocrx_word' id='word_1_745' title='bbox 2218 5065 2445 5131; x_wconf 82' lang='grc' dir='ltr'>πάσχων</span> <span class='ocrx_word' id='word_1_746' title='bbox 2505 5063 2723 5125; x_wconf 55' lang='grc' dir='ltr'>κακῶς</span> <span class='ocrx_word' id='word_1_747' title='bbox 2771 5062 2926 5116; x_wconf 85' lang='grc' dir='ltr'>οὔπω</span> <span class='ocrx_word' id='word_1_748' title='bbox 2973 5063 3192 5116; x_wconf 83' lang='grc' dir='ltr'>πάντων</span> <span class='ocrx_word' id='word_1_749' title='bbox 3236 5063 3560 5135; x_wconf 82' lang='grc' dir='ltr'>περιγέγονε</span> <span class='ocrx_word' id='word_1_750' title='bbox 3617 5062 3681 5116; x_wconf 81' lang='grc' dir='ltr'><strong>τὸ</strong></span> 
     </span>
    </p>
   </div>
   <div class='ocr_carea' id='block_1_107' title="bbox 2101 5152 3679 5225">
    <p class='ocr_par' dir='ltr' id='par_1_107' title="bbox 2101 5152 3679 5225">
     <span class='ocr_line' id='line_1_107' title="bbox 2101 5152 3679 5225; baseline 0.001 -19"><span class='ocrx_word' id='word_1_751' title='bbox 2101 5155 2383 5224; x_wconf 87' lang='grc' dir='ltr'>κήρυγμα,</span> <span class='ocrx_word' id='word_1_752' title='bbox 2419 5152 2577 5207; x_wconf 86' lang='grc' dir='ltr'>οὔπω</span> <span class='ocrx_word' id='word_1_753' title='bbox 2606 5153 2797 5225; x_wconf 84' lang='grc' dir='ltr'>καιρὸς</span> <span class='ocrx_word' id='word_1_754' title='bbox 2843 5153 3030 5208; x_wconf 77' lang='grc' dir='ltr'>τέλεον</span> <span class='ocrx_word' id='word_1_755' title='bbox 3079 5155 3438 5224; x_wconf 83' lang='grc' dir='ltr'>ὑποταγῆναι,</span> <span class='ocrx_word' id='word_1_756' title='bbox 3472 5154 3679 5207; x_wconf 70' lang='lat' dir='ltr'><strong>bno-ca-</strong></span> 
     </span>
    </p>
   </div>
   <div class='ocr_carea' id='block_1_108' title="bbox 2097 5248 2848 5320">
    <p class='ocr_par' dir='ltr' id='par_1_108' title="bbox 2097 5248 2848 5320">
     <span class='ocr_line' id='line_1_108' title="bbox 2097 5248 2848 5320; baseline 0 -20"><span class='ocrx_word' id='word_1_757' title='bbox 2097 5249 2362 5318; x_wconf 86' lang='grc' dir='ltr'>γήσονται</span> <span class='ocrx_word' id='word_1_758' title='bbox 2394 5248 2578 5320; x_wconf 90' lang='grc' dir='ltr'>μέντοι</span> <span class='ocrx_word' id='word_1_759' title='bbox 2609 5248 2848 5312; x_wconf 84' lang='grc' dir='ltr'>πάντως.</span> 
     </span>
    </p>
   </div>
   <div class='ocr_carea' id='block_1_109' title="bbox 2179 5428 3680 5502">
    <p class='ocr_par' dir='ltr' id='par_1_109' title="bbox 2179 5428 3680 5502">
     <span class='ocr_line' id='line_1_109' title="bbox 2179 5428 3680 5502; baseline -0.005 -14"><span class='ocrx_word' id='word_1_760' title='bbox 2179 5436 2288 5488; x_wconf 82' lang='grc' dir='ltr'><strong>Τὸν</strong></span> <span class='ocrx_word' id='word_1_761' title='bbox 2315 5433 2383 5487; x_wconf 81' lang='grc' dir='ltr'><strong>δὲ</strong></span> <span class='ocrx_word' id='word_1_762' title='bbox 2409 5432 2612 5501; x_wconf 77' lang='grc' dir='ltr'>,βραχύ</span> <span class='ocrx_word' id='word_1_763' title='bbox 2642 5449 2699 5486; x_wconf 90' lang='grc' dir='ltr'><strong>τι</strong></span> <span class='ocrx_word' id='word_1_764' title='bbox 2744 5432 2880 5501; x_wconf 81' lang='grc' dir='ltr'>παρ’</span> <span class='ocrx_word' id='word_1_765' title='bbox 2926 5431 3224 5502; x_wconf 72' lang='grc' dir='ltr'>ἀγγέλους</span> <span class='ocrx_word' id='word_1_766' title='bbox 3254 5428 3680 5500; x_wconf 76' lang='grc' dir='ltr'>ἠλαττωμένον</span> 
     </span>
    </p>
   </div>
   <div class='ocr_carea' id='block_1_110' title="bbox 2095 5521 3691 5598">
    <p class='ocr_par' dir='ltr' id='par_1_110' title="bbox 2095 5521 3691 5598">
     <span class='ocr_line' id='line_1_110' title="bbox 2095 5521 3691 5598; baseline -0.004 -17"><span class='ocrx_word' id='word_1_767' title='bbox 2095 5527 2409 5598; x_wconf 77' lang='grc' dir='ltr'>,βλέπομεν</span> <span class='ocrx_word' id='word_1_768' title='bbox 2451 5525 2716 5593; x_wconf 84' lang='grc' dir='ltr'>Ἰησοῦν,</span> <span class='ocrx_word' id='word_1_769' title='bbox 2762 5524 2860 5578; x_wconf 82' lang='grc' dir='ltr'><strong>διὰ</strong></span> <span class='ocrx_word' id='word_1_770' title='bbox 2911 5524 2976 5578; x_wconf 85' lang='grc' dir='ltr'>τὸ</span> <span class='ocrx_word' id='word_1_771' title='bbox 3009 5522 3252 5594; x_wconf 80' lang='grc' dir='ltr'>πάθημα</span> <span class='ocrx_word' id='word_1_772' title='bbox 3283 5523 3388 5578; x_wconf 90' lang='grc' dir='ltr'><strong>τοῦ</strong></span> <span class='ocrx_word' id='word_1_773' title='bbox 3416 5521 3691 5576; x_wconf 71' lang='grc' dir='ltr'>θανάτου</span> 
     </span>
    </p>
   </div>
   <div class='ocr_carea' id='block_1_111' title="bbox 1767 5675 2322 5744">
    <p class='ocr_par' dir='ltr' id='par_1_111' title="bbox 1767 5675 2322 5744">
     <span class='ocr_line' id='line_1_111' title="bbox 1767 5675 2322 5744; baseline 0.013 -9"><span class='ocrx_word' id='word_1_774' title='bbox 1767 5675 1851 5738; x_wconf 85' lang='lat' dir='ltr'><strong>Va</strong></span> <span class='ocrx_word' id='word_1_775' title='bbox 1863 5679 1968 5742; x_wconf 64' lang='lat' dir='ltr'><strong>ria:</strong></span> <span class='ocrx_word' id='word_1_776' title='bbox 1991 5679 2322 5744; x_wconf 81' lang='lat' dir='ltr'><strong>lectiones.</strong></span> 
     </span>
    </p>
   </div>
   <div class='ocr_carea' id='block_1_112' title="bbox 489 5793 1680 5865">
    <p class='ocr_par' dir='ltr' id='par_1_112' title="bbox 489 5793 1680 5865">
     <span class='ocr_line' id='line_1_112' title="bbox 489 5793 1680 5865; baseline 0.01 -20"><span class='ocrx_word' id='word_1_777' title='bbox 489 5793 532 5824; x_wconf 79' lang='lat'>”</span> <span class='ocrx_word' id='word_1_778' title='bbox 564 5793 778 5865; x_wconf 65' lang='grc' dir='ltr'>ὁρῶμεν</span> <span class='ocrx_word' id='word_1_779' title='bbox 802 5793 950 5865; x_wconf 79' lang='grc' dir='ltr'>αὐτῷ</span> <span class='ocrx_word' id='word_1_780' title='bbox 971 5795 1038 5848; x_wconf 76' lang='grc' dir='ltr'><strong>τὰ</strong></span> <span class='ocrx_word' id='word_1_781' title='bbox 1074 5796 1249 5860; x_wconf 75' lang='grc' dir='ltr'>πάντα</span> <span class='ocrx_word' id='word_1_782' title='bbox 1283 5815 1355 5852; x_wconf 86' lang='grc' dir='ltr'>ιιι.</span> <span class='ocrx_word' id='word_1_783' title='bbox 1434 5803 1478 5834; x_wconf 80' lang='grc'><strong>³³</strong></span> <span class='ocrx_word' id='word_1_784' title='bbox 1503 5802 1604 5856; x_wconf 78' lang='grc' dir='ltr'>ὑπὸ</span> <span class='ocrx_word' id='word_1_785' title='bbox 1629 5818 1680 5857; x_wconf 92' lang='grc' dir='ltr'>ο.</span> 
     </span>
    </p>
   </div>
  </div>
