4080 6418
416 405 557 472 ’211

1380 419 1955 480 THEOPHYLACTI
1991 419 2402 482 BULGARI/E
2431 421 2787 482 ARCHIEP.

3601 415 3710 479 212

460 519 600 575 Filio
628 522 966 588 conveniret,
999 523 1144 579 Patri
1175 538 1285 580 non
1318 536 1707 599 apponeretur.
1745 528 1901 584 Disce
1928 543 2027 583 au-

2139 528 2251 601 Υἱῷ
2281 530 2560 601 προσῆκον
2591 529 2759 600 μόνῳ,
2811 526 2887 599 τῷ
2920 526 3096 598 Πατρὶ
3143 524 3511 596 προσετίθετο.
3551 526 3617 579 Τί
3653 525 3714 579 δὲ

459 622 567 666 tem
594 613 721 687 quid
745 614 1036 685 signiﬁcat,
1060 633 1152 687 per
1166 634 1338 689 quem.
1379 618 1517 687 Quia
1551 620 1790 692 dixerat,
1820 631 2032 690 propter

458 722 608 762 auem
671 707 851 762 omnia
904 749 917 763 .
981 723 1050 764 ne
1132 710 1423 782 quisquam
1493 713 1792 768 absurdum
1868 714 2032 783 quid-

460 794 601 861 piam
655 793 1014 869 intelligeret,
1066 800 1225 871 661
1288 803 1444 870 quasi
1491 803 1751 860 omnibus
1787 805 1905 874 ipse
1956 805 2035 859 in-

459 886 703 957 digeret,
764 890 1208 961 quandoquidem
1264 900 1319 947 et
1384 895 1740 963 praepositio.
1796 907 2030 965 propter,

458 978 565 1033 tale
603 980 860 1049 quiddam
912 983 1204 1053 signiﬁcet,
1253 984 1418 1041 veluti
1475 986 1520 1042 si
1569 987 1842 1053 dicamus,
1896 989 2033 1043 Pro-

460 1080 577 1138 pter
642 1071 914 1128 hominem
983 1075 1247 1145 producta
1312 1085 1398 1134 est
1473 1089 1766 1145 creatura,
1808 1081 2032 1148 intulit,

455 1177 547 1228 per
585 1179 757 1233 quem,
795 1164 1161 1236 interpretans
1202 1168 1335 1225 illud
1372 1181 1591 1241 propter
1612 1188 1789 1243 quem,
1849 1174 1929 1230 sic
1952 1174 2034 1228 in-

457 1252 1018 1327 telligendum,quasi
1073 1274 1170 1329 per
1198 1259 1405 1332 ipsum,
1467 1261 1569 1318 hoc
1607 1272 1714 1330 est,
1774 1265 1843 1320 ab
1916 1266 2035 1335 ipso

453 1344 598 1399 facta
623 1347 734 1401 sint
757 1349 963 1405 omnia.
996 1349 1155 1419 llunc
1187 1353 1253 1408 ad
1298 1353 1520 1411 modum
1552 1356 1721 1427 igitur
1743 1366 1796 1412 et
1830 1358 1898 1414 de
1946 1357 2033 1414 Fi-

455 1436 528 1492 lio
554 1437 599 1493 si
636 1437 871 1507 dicatur,
904 1456 997 1509 per
1027 1459 1204 1515 quem,
1227 1444 1415 1517 accipe
1447 1462 1565 1516 pro,
1593 1463 1623 1502 a
1657 1465 1790 1519 quo.

528 1530 636 1595 Qui
661 1533 856 1588 multo:
902 1535 1043 1603 ﬁlios
1071 1537 1126 1590 in
1164 1537 1390 1609 gloriam
1417 1541 1734 1607 adduxerat,
1762 1552 2032 1599 auctorem

457 1622 650 1679 salutis
671 1642 852 1680 eorum
875 1642 968 1696 per
995 1631 1297 1698 passionem
1332 1650 1714 1705 consummare.
1746 1634 1942 1692 Adhuc
1967 1636 2034 1691 il-

459 1716 584 1781 lius,
634 1716 818 1774 Gloria
875 1729 925 1775 et
970 1721 1169 1778 honore
1216 1729 1488 1781 coronasti
1547 1744 1690 1794 eum,
1743 1729 2033 1785 'mcminit.

457 1808 615 1874 Quod
677 1817 859 1866 autem
924 1814 1020 1882 ait,
1053 1822 1138 1871 est
1164 1816 1433 1884 ejusmodi
1470 1837 1483 1872 :
1516 1816 1670 1886 Quod
1726 1819 2033 1891 benignita-

460 1910 567 1955 tem
633 1916 789 1958 suam
818 1901 1024 1969 decuit,
1086 1906 1140 1961 id
1173 1906 1335 1964 Pater
1362 1908 1511 1972 fecit,
1538 1925 1663 1965 cum
1695 1911 2027 1982 primogeni-

461 1999 573 2045 tum
622 1992 872 2049 omnium
935 1996 1196 2063 ﬁliorum,
1267 1998 1361 2069 qui
1444 2000 1631 2070 gloriae
1705 2001 1826 2069 ejus
1910 2016 2037 2071 par-

460 2083 656 2154 ticipes
696 2085 864 2141 futuri
910 2098 1089 2154 erant,
1142 2089 1431 2147 clariorem
1483 2102 1537 2148 et
1601 2092 2033 2164 splendidiorem

460 2176 717 2234 munibus
744 2182 1197 2237 commonstravit
1228 2196 1323 2252 per
1344 2183 1653 2253 passiones,
1682 2172 1739 2239 ut
1779 2187 2038 2242 ostendat

459 2267 624 2323 etiam
660 2269 783 2325 aliis
810 2272 1085 2340 quomodo
1115 2273 1188 2328 sit
1213 2275 1560 2332 certandum.
1596 2274 1905 2346 Principem
1936 2292 2037 2332 au-

462 2370 569 2415 tem
600 2361 793 2420 salutis
811 2365 1064 2433 appellat.
1085 2366 1187 2422 hoc
1212 2375 1316 2430 est,
1343 2375 1644 2425 auctorem.
1672 2368 1913 2424 Observa
1943 2385 2040 2423 aui

464 2460 569 2504 tem
591 2461 852 2520 quantum
888 2453 961 2509 sit
983 2453 1279 2511 discrimen
1304 2473 1319 2511 :
1349 2457 1467 2527 ipse
1487 2459 1633 2513 enim
1656 2458 1827 2515 Filius
1851 2466 1957 2524 est,
1986 2467 2039 2514 et

465 2558 564 2599 nos
596 2542 688 2597 ﬁlii
716 2560 909 2601 sumus
937 2564 951 2600 :
983 2548 1078 2603 sed
1110 2548 1227 2618 ipse
1257 2549 1477 2619 quidem
1530 2550 1717 2608 salvos
1741 2551 1895 2613 facit.
1934 2566 2035 2606 nos

463 2650 591 2690 vero
624 2636 757 2691 salvi
808 2636 1084 2694 efﬁcimur
1122 2641 1708 2714 :conjungimuripsi,
1761 2653 1814 2700 et
1841 2660 2037 2700 rursus

462 2742 802 2797 separamur.
850 2729 952 2786 Per
982 2730 1113 2786 illud
1139 2732 1283 2802 quod
1316 2734 1414 2798 ait,
1449 2733 1554 2799 Qui
1586 2736 1778 2790 multos
1807 2736 1950 2805 ﬁlios
1981 2736 2037 2791 iu

459 2816 687 2884 gloriam
741 2817 1058 2885 adduxerat,
1097 2819 1204 2890 ipsi
1260 2823 1771 2879 communicamus:
1838 2840 1932 2895 per
1966 2824 2037 2879 is-

463 2908 557 2963 tud
589 2923 739 2969 vero.
784 2909 1065 2966 Auctorem
1094 2913 1286 2967 salutis
1327 2914 1587 2985 ipsorum,
1650 2916 1920 2974 distamus
1969 2918 2038 2972 al)

468 2998 611 3067 ipso.
631 3001 870 3056 Observa
901 3011 1082 3059 autem
1117 3004 1444 3061 alﬁictiones
1466 3022 1588 3062 esse
1614 3010 2040 3063 consummatio-

465 3104 586 3143 nem
606 3096 660 3142 et
692 3104 913 3144 causam
946 3091 1140 3149 salutis
1174 3111 1186 3148 :
1220 3103 1276 3149 et
1328 3095 1419 3162 qui
1445 3109 1544 3164 pro
1598 3097 1853 3165 quopiam
1899 3098 2040 3167 pati-

463 3188 572 3245 tur,
604 3195 712 3234 non
771 3180 923 3236 illum
954 3183 1130 3239 solum
1193 3183 1437 3253 adjuvat,
1477 3201 1663 3240 verum
1703 3186 1867 3241 etiam
1921 3186 2036 3257 ipse

463 3271 666 3325 clarior
722 3272 974 3328 redditur
1009 3283 1063 3330 et
1130 3274 1446 3347 perfectior.
1498 3275 2038 3333 Consummationem

462 3372 642 3418 autem
701 3362 791 3419 hic
849 3364 1093 3435 intellige
1136 3366 1365 3437 gloriam
1406 3382 1514 3438 qua
1539 3368 1875 3440 gloriﬁcatus
1905 3376 1989 3424 est
2022 3388 2036 3424 :

401 3494 415 3505 .
463 3465 629 3524 atque
668 3455 811 3511 hanc
840 3456 1140 3513 secundum
1170 3458 1564 3515 humanitatem
1632 3461 1890 3533 intellige.
1942 3460 2040 3517 Vel

462 3545 607 3616 quod
639 3549 959 3603 naturaliter
1000 3549 1220 3621 quidem
1281 3550 1516 3608 habebat
1566 3554 1815 3624 gloriam,
1874 3562 2039 3610 caete-

466 3654 584 3691 rum
616 3640 793 3707 quoad
825 3654 926 3697 nos
949 3639 1215 3712 inglorius
1237 3651 1376 3712 erat,
1411 3652 1602 3714 utpote
1656 3660 1764 3700 non
1799 3645 2036 3716 agnitus.

464 3731 533 3784 At
567 3746 697 3785 vero
718 3746 842 3788 cum
894 3741 1018 3803 post
1039 3749 1256 3790 crucem
1323 3736 1577 3806 cognitus
1603 3744 1654 3792 et
1705 3737 2041 3807 gloriﬁcatus

464 3820 649 3888 fuerit,
686 3824 934 3893 accipere
959 3823 1161 3880 dicitur
1189 3825 1441 3895 gloriam,
1466 3844 1629 3897 quam
1678 3845 1803 3884 cum
1844 3840 2039 3885 natura

465 3913 720 3977 habebat,
747 3923 896 3971 certe
927 3931 956 3970 a
988 3915 1146 3973 nobis
1178 3916 1419 3981 delatum
1456 3934 1589 3980 non
1620 3919 1831 3975 habuit.
1875 3919 2042 3978 Divus

464 4014 645 4059 autem
674 4003 910 4076 Cyrillus
940 4006 1327 4074 perfectionem
1356 4009 1824 4068 immortalitatem
1881 4012 2038 4080 dicit,

464 4110 587 4164 quae
620 4095 839 4165 quidem
886 4095 1124 4164 Christo,
1153 4110 1422 4169 quatenus
1446 4109 1567 4156 erat
1600 4102 1784 4169 homo,
1817 4104 1986 4160 defuit
2024 4124 2039 4161 :

465 4187 758 4258 complevit
797 4195 979 4243 autem
1035 4188 1178 4245 hanc
1232 4190 1337 4262 ipsi
1369 4191 1535 4247 Pater
1561 4209 1655 4262 per
1678 4197 2041 4251 resurrectio-

467 4293 611 4332 nem.
638 4277 932 4348 Postquam
957 4280 1101 4335 cnim
1129 4284 1452 4347 resurrexit,
1487 4301 1591 4339 non
1626 4302 1789 4357 porro
1816 4288 1868 4343 in
1915 4306 2039 4345 eum

467 4384 613 4424 mors
656 4369 989 4425 dominatur.
1021 4370 1160 4438 Quin
1209 4380 1263 4429 et
1318 4376 1624 4432 universam
1686 4381 2039 4437 naturamin

466 4462 584 4531 ipso
606 4462 710 4517 hac
733 4461 1069 4532 perfectione
1101 4464 1356 4534 dignatus
1397 4474 1502 4525 est.

532 4551 701 4610 Vens.
742 4554 828 4608 ll.
856 4554 960 4621 Qui
988 4557 1128 4610 enim
1157 4558 1481 4629 sanctiﬁcat,
1534 4571 1584 4615 et
1613 4564 1702 4634 qui
1728 4566 2040 4637 sautificau-
2066 4582 2120 4642 D

465 4657 572 4709 tur,
602 4662 669 4701 ex
701 4664 806 4699 auo
864 4664 1061 4703 omnes.
1112 4648 1188 4703 En
1229 4665 1424 4707 rursus
1484 4651 1689 4709 indicat
1766 4674 1869 4714 nos
1922 4673 2046 4714 esse

463 4735 663 4792 fratres
689 4736 917 4805 Christi,
946 4746 1210 4811 tantoque
1245 4740 1473 4800 allectos
1501 4744 1731 4803 honore.
1776 4750 1882 4815 Qui
1906 4753 2045 4805 enim

463 4830 791 4899 sanctiﬁcat.
824 4829 925 4884 hoc
951 4840 1057 4893 est,
1091 4831 1382 4903 Christus;
1409 4846 1456 4892 et
1491 4838 1582 4909 qui
1611 4826 2045 4910 sanctiﬁcautur,

462 4920 566 4973 hoc
589 4930 697 4984 est,
757 4934 877 4983 nos,
911 4937 975 4975 ea:
1006 4938 1109 4976 uno
1149 4940 1349 4989 omnes,
1377 4926 1477 4981 hoc
1504 4937 1604 4993 est,
1644 4943 1709 4984 ex
1750 4931 1909 4988 Patre
1942 4950 1957 4986 :
1992 4939 2048 4987 at

462 5013 552 5067 ille
580 5012 797 5082 quidem
831 5022 883 5066 ut
917 5030 1212 5083 germanus
1248 5014 1440 5081 Filius,
1468 5029 1521 5073 ct
1552 5036 1615 5075 ex
1649 5022 1764 5091 ipsa
1793 5024 2048 5080 substan-

462 5105 536 5158 tia
569 5102 748 5160 Patris
782 5121 798 5158 :
836 5120 935 5160 nos
972 5116 1154 5162 autem
1215 5109 1381 5165 veluti
1430 5121 1716 5166 creaturae.
1781 5115 2045 5170 Animad-

464 5206 613 5251 verte
636 5205 815 5253 autem
847 5199 1221 5255 excellentiam
1247 5196 1539 5273 quamdam
1564 5205 1646 5260 vel
1682 5205 1735 5261 in
1757 5205 1891 5273 ipsis
1921 5208 2042 5263 dic-

466 5287 725 5345 tionibus.
755 5289 847 5344 Ille
875 5291 1200 5356 sanctiﬁcat,
1231 5309 1334 5350 nos
1364 5304 1546 5351 autem
1603 5298 2036 5357 sanctiﬁcamur.

464 5374 699 5434 Proinde
721 5392 777 5436 et
806 5381 1062 5440 identitas
1087 5392 1172 5439 est
1196 5393 1250 5440 et
1288 5387 1632 5443 excellentia.

534 5469 759 5538 Propter
778 5490 930 5544 quant
961 5492 1179 5531 causam
1209 5493 1309 5531 uou
1333 5479 1592 5534 erubescit
1622 5482 1816 5550 fratres
1837 5501 1924 5540 eos
1949 5503 2039 5540 vo-

348 5554 356 5567 '
462 5579 603 5616 cure.
640 5561 752 5618 l'loc
774 5564 933 5619 etiam
962 5567 1016 5621 in
1043 5569 1162 5624 loco
1183 5568 1347 5641 562
1373 5573 1752 5629 excellentiam
1784 5578 2035 5633 observa.

2137 623 2395 693 σημαίνει
2426 622 2507 688 τδ,
2537 620 2613 674 δι’
2642 617 2739 687 οὖ,
2775 618 3038 691 μάνθανε.
3083 616 3303 688 Ἐπειδὴ
3343 611 3487 681 εἶπε,
3519 615 3595 670 δι’
3640 616 3719 671 ὃν

2134 711 2207 767 τὰ
2227 711 2446 778 πάντα,
2488 711 2576 764 ἴνα
2609 711 2684 782 μή
2712 727 2798 773 τις
2822 708 3026 765 ἄτοπόν
3059 724 3114 761 τι
3135 707 3386 777 ὲννοὴσῃ,
3420 706 3502 759 ὄτι
3540 706 3716 759 δεῖται

2134 807 2244 861 τῶν
2270 807 2487 861 πάντων
2521 804 2716 867 αὐτὸς·
2748 805 2781 874 ἡ
2809 802 2941 873 γὰρ,
2972 800 3090 867 διὰ,
3124 799 3383 871 πρόθεσις
3412 799 3507 852 καὶ
3533 798 3713 852 τοιοῦ-

2134 899 2227 954 τόν
2245 916 2297 952 τι
2332 897 2609 969 σημαίνει,
2635 895 2708 960 ὡς
2732 896 2860 949 ὅταν
2886 896 3150 965 εἴπωμεν,
3170 874 3280 946 lsi
3306 891 3396 944 τὸν
3426 890 3717 960 ἄνθρωπον

2137 989 2450 1062 παρήχθηὴ
2492 989 2699 1051 κτίσις·
2743 988 2991 1056 ἐπήγαγε
3016 985 3098 1050 τὸ,
3138 984 3216 1038 δι’
3250 978 3347 1047 οὗ,
3391 980 3712 1053 ἑρμηνεύων

2134 1085 2218 1139 ὃτι
2260 1083 2342 1147 τὸ,
2370 1082 2444 1138 δι’
2475 1081 2566 1146 ὃν,
2608 1079 2751 1135 οὕτω
2784 1079 2915 1144 νόει,
2945 1079 3023 1141 ὡς
3071 1076 3140 1131 δι’
3180 1074 3368 1142 αὐτοῦ,
3409 1073 3711 1137 τουτέστιν,

2138 1172 2229 1228 ὑπ’
2259 1170 2423 1226 αὐτοῦ
2448 1171 2756 1241 γενομένων
2780 1167 3018 1223 πάντων.
3034 1167 3198 1221 Ὥστε
3226 1164 3321 1219 καὶ
3348 1164 3440 1218 ἐπὶ
3463 1163 3556 1218 τοῦ
3581 1163 3715 1216 Υίοῦ

2136 1270 2265 1321 ὅταν
2292 1266 2517 1336 λέγηται
2544 1264 2629 1329 τὸ,
2654 1261 2729 1317 δι’
2760 1256 2857 1325 οὗ,
2880 1260 3024 1314 οὕτω
3053 1259 3211 1313 τοῦτο
3240 1258 3421 1329 δέχου,
3444 1256 3566 1312 ἀντὶ
3592 1254 3713 1323 τοῦ,

2137 1358 2228 1425 ὑφ’
2256 1349 2341 1413 οὗ.

2210 1539 2494 1605 Πολλοὺς
2534 1536 2705 1603 viain;
2761 1538 2848 1603 εἰς
2888 1533 3079 1600 δόξαν
3117 1532 3440 1601 ἀγαγόντα,
3471 1529 3580 1583 τὸν
3614 1527 3721 1597 ἁρ-

2137 1633 2332 1703 χηγὸν
2374 1631 2483 1700 τῆς
2514 1629 2815 1697 σωτηρίας
2841 1624 3041 1682 αὐτῶν
3087 1623 3184 1679 διὰ
3217 1619 3580 1691 παθημάτων
3618 1617 3718 1672 τέ-

2136 1724 2405 1780 λειῶσαι.
2438 1721 2560 1777 Ἔτι
2589 1720 2707 1788 τοῦ,
2743 1719 2901 1787 Δόεῃ
2937 1718 3038 1773 καί
3084 1714 3226 1786 τιμῇ
3260 1713 3719 1782 ἐστεφάνωσας,

2138 1816 2339 1886 ἔχεται.
2376 1816 2442 1869 Ὀ
2482 1814 2537 1868 δὲ
2583 1813 2731 1880 λέγει
2765 1809 3008 1866 τοιοῦτόν
3040 1809 3222 1861 ἐστιν’
3258 1805 3446 1870 ’Ἄξιον
3496 1802 3596 1873 τῆς
3629 1819 3716 1871 cp;-

2137 1906 2487 1981 λανθρωπίας
2513 1908 2558 1939 ³⁷
2588 1905 2755 1960 αὑτοῦ
2788 1902 3090 1969 πεποίηκεν
3116 1903 3145 1954 6
3177 1898 3387 1969 Πατὴρ,
3431 1896 3522 1949 τὸν
3560 1911 3719 1966 πρω-

2135 2001 2361 2054 τότοκον
2386 1998 2605 2053 πάντων
2635 1995 2743 2050 τῶν
2779 1994 2912 2047 υἱῶν
2942 1992 3051 2046 τῶν
3082 1991 3387 2063 μελλόντων
3410 1986 3720 2042 ἀπολαῦσαι

2138 2092 2240 2161 τῆς
2286 2090 2447 2161 δόξης
2481 2088 2686 2154 αὐτοῦ’,
2744 2085 3129 2158 λαμπρότερον
3173 2083 3391 2138 πάντων
3433 2079 3724 2145 ἀποδείξας

2138 2181 2228 2235 διὰ
2255 2180 2618 2250 παθημάτων,
2652 2168 2739 2232 ἵνα
2772 2177 2924 2249 δείξῃ
2972 2176 3069 2229 καὶ
3098 2176 3211 2238 τοῖς
3248 2173 3429 2237 ἄλλοις
3461 2172 3612 2235 ὅπως
3639 2170 3725 2223 δεῖ

2139 2273 2343 2328 ἀθλεῖν.
2388 2273 2492 2326 Τὸν
2524 2271 2769 2343 ἀρχηγὸν
2793 2268 2849 2322 δὲ
2881 2267 2982 2338 τῆς
3013 2265 3309 2337 σωτηρίας,
3333 2262 3601 2329 τουτέστι,
3628 2261 3724 2315 τὸν

2139 2365 2334 2420 αἴτιον.
2364 2364 2511 2435 Ὅρα
2538 2362 2594 2416 δὲ
2630 2364 2754 2416 ὅσον
2796 2360 2858 2415 τδ
2894 2359 3079 2431 μέσον·
3114 2358 3212 2411 καὶ
3250 2350 3406 2418 οὗτος
3440 2354 3593 2421 Υίδς,
3624 2353 3725 2412 καὶ

2146 2460 2310 2530 ἡμεῖς
2341 2455 2450 2510 υίοί
2475 2473 2488 2487 ·
2523 2455 2640 2509 ἀλλ’
2668 2455 2697 2507 6
2734 2453 2835 2524 μὲν
2864 2452 2962 2506 καὶ
3006 2449 3189 2515 σώζει,
3222 2450 3386 2519 ἡμεῖς
3429 2447 3487 2501 δὲ
3537 2447 3726 2512 σωζό-

2144 2550 2322 2621 μεθαο
2383 2545 2772 2616 συνατπόμεθα
2823 2542 2997 2612 αὐτῷ,
3031 2542 3124 2595 καὶ
3179 2540 3343 2596 πάλιν
3374 2538 3725 2610 διὶστάμεθα.

2140 2639 2420 2706 Πολλοὺς
2452 2636 2622 2704 υἱοὺς
2646 2639 2734 2703 είς
2764 2634 2954 2699 δόξαν
2985 2634 3306 2703 ἀγαγόντα,
3327 2636 3502 2702 τούτῳ
3529 2647 3720 2685 κοινω-

2139 2728 2230 2784 νοὖ
2240 2745 2358 2798 μεν·
2394 2729 2504 2781 Τὸν
2531 2724 2800 2795 ἀρχηγὸν
2826 2721 2938 2791 τῆς
2962 2719 3268 2788 σωτηρίας
3289 2715 3510 2780 αὐτῶν,
3546 2715 3726 2783 τούτῳ

2139 2820 2486 2891 διϊστὰμεθα.
2529 2816 2844 2888 Σημείωσαι
2869 2815 2947 2879 δὲ,
2988 2814 3069 2869 ὅτι
3098 2810 3378 2874 τελείωσις
3424 2809 3493 2864 τὰ
3536 2808 3725 2880 παθή-

2144 2929 2312 2986 ματα,
2343 2909 2440 2964 καὶ
2472 2908 2624 2963 αἴτια
2675 2906 2951 2975 σωτηρίας
2972 2921 2988 2937 ’
3040 2904 3134 2959 καὶ
3160 2904 3243 2957 ὅτι
3281 2905 3311 2956 6
3357 2900 3545 2956 παθὼν
3580 2898 3727 2971 ὑπέρ

2140 3022 2307 3069 τινος,
2339 3004 2440 3058 οὐκ
2489 3003 2696 3055 ἐκεῖνον
2750 2999 2952 3070 ὠφελεί
2989 2997 3176 3069 μόνον,
3220 2996 3357 3050 ἀλλὰ
3411 2995 3506 3049 καὶ
3557 2993 3725 3054 αὐτὸς

2140 3095 2524 3168 λαμπρότερος
2562 3092 2773 3162 γίνεται
2806 3090 2900 3144 καὶ
2943 3088 3301 3158 τελειότερος.
3342 3086 3632 3141 Τελείωσιν
3665 3084 3729 3148 δε

2066 3217 2110 3276 c
2143 3187 2384 3243 ἐνταῦθα
2411 3186 2540 3251 νόει,
2569 3185 2670 3253 τὴν
2713 3183 2871 3248 δόξαν
2912 3181 2980 3253 ἢν
3031 3178 3294 3276 ἔδοξά.σᾴοη
3321 3193 3335 3208 ·
3390 3177 3484 3230 καὶ
3517 3174 3726 3276 ταύτην

2142 3282 2285 3336 κατὰ
2305 3281 2367 3334 τὸ
2411 3277 2752 3350 ἀνθρώπινον
2804 3274 3066 3344 ὲκδέχουσ
3132 3270 3165 3343 ἢ
3209 3271 3292 3325 ὅτι
3345 3266 3590 3339 φυσικῶς
3625 3266 3731 3337 μὲν

2141 3368 2254 3443 εἶχε
2276 3372 2375 3442 τὴν
2402 3370 2580 3436 δόξαν,
2607 3368 2749 3440 πλὴν
2778 3368 2901 3423 ὅσον
2922 3366 2985 3418 τδ
3014 3364 3099 3433 ἐφ’
3127 3365 3261 3435 ἡμῖν
3288 3361 3475 3427 ἄδοξος
3505 3355 3595 3431 ἦν,
3623 3359 3726 3413 ἆτε

2145 3465 2223 3535 μὴ
2272 3462 2801 3531 ὲπιγινωσκόμενος.
2864 3457 3020 3512 Ἐπεὶ
3074 3456 3132 3509 δὲ
3177 3454 3319 3525 μετὰ
3357 3454 3448 3507 τὸν
3491 3449 3730 3521 σταυρὸν

2149 3554 2402 3626 ἐγνώσθη
2452 3554 2545 3608 καὶ
2584 3550 2871 3620 ἐδοξάσθη,
2907 3547 3237 3622 προσλαϐεῖν
3279 3545 3495 3613 λέγεται
3543 3542 3729 3606 δόξαν,

2141 3649 2208 3719 ῆν
2252 3649 2393 3718 ἔχων
2422 3645 2691 3717 φυσικῶς,
2731 3642 2867 3715 παρ’
2908 3641 3065 3713 ἡμῶν
3106 3639 3237 3710 γοῦν
3271 3638 3372 3692 οὐκ
3403 3633 3514 3708 εἶχε
3558 3651 3728 3705 προσ-

2141 3740 2421 3812 αγομένην
2451 3739 2499 3771 ³⁸
2529 3736 2698 3810 αὐτῷ.
2740 3737 2800 3790 '0
2831 3736 2888 3790 δὲ
2923 3734 3080 3804 ἅγιος
3113 3732 3403 3804 Κύριλλος,
3443 3728 3730 3783 τελείωσιν

2141 3835 2243 3904 τὴν
2273 3831 2574 3888 ἀθανασίαν
2604 3829 2793 3902 φησιν,
2833 3828 2957 3899 ἥτις
2994 3826 3240 3880 ἐνέλειπε
3269 3823 3368 3896 μὲν
3397 3821 3475 3893 τῷ
3504 3818 3730 3892 Χριστῷ

2143 3925 2265 3979 καθ’
2295 3924 2325 3978 δ
2376 3923 2695 3996 ἄνθρωπος·
2746 3920 3107 3991 ἀνεπλήρωσε
3156 3917 3215 3970 δὲ
3259 3914 3465 3985 ταύτην
3505 3912 3654 3983 αὐτῷ
3699 3914 3732 3966 6
3806 3966 3813 3974 ,

2144 4018 2336 4091 Πατὴρ
2404 4017 2497 4070 διὰ
2562 4016 2662 4086 τῆς
2724 4013 3101 4074 ἀναστάσεως.
3166 4009 3521 4070 ’Λναστάντος
3578 4005 3728 4074 γὰρ,

2144 4110 2374 4174 θάνατος
2432 4105 2598 4161 αὑτοῦ
2648 4105 2834 4159 οὐκέτι
2904 4102 3173 4177 κυριεύει.
3230 4100 3341 4155 Καὶ
3415 4100 3597 4153 πᾶσαν
3662 4094 3726 4148 δὲ

2142 4204 2241 4273 τὴν
2277 4201 2437 4272 φύσιν
2478 4202 2536 4254 ὲν
2591 4198 2742 4269 αὐτῷ
2791 4195 2997 4267 ταύτης
3039 4194 3139 4266 τῆς
3177 4190 3508 4254 τελειώσεως
3558 4186 3728 4260 ἡξίω-

2146 4312 2262 4349 σεν.

2221 4568 2296 4620 ’Ὀ
2334 4582 2400 4620 τε
2428 4565 2537 4636 γὰρ
2560 4563 2833 4635 ἁγιάζων,
2865 4562 2963 4617 καὶ
2996 4565 3052 4619 σί
3080 4560 3470 4633 ἁγιαζόμενοι,
3495 4560 3566 4625 ἐξ
3592 4559 3736 4625 ἑνὸς

2146 4658 2393 4725 πάντες.
2444 4657 2576 4712 Ἰδοὺ
2625 4656 2790 4710 πάλιν
2840 4654 3000 4709 τοῦτο
3050 4654 3347 4719 δείκνυσιν,
3382 4654 3465 4707 ὅτι
3511 4651 3735 4721 ἀδελφοὶ

2096 4776 2115 4797 ο
2147 4749 2390 4821 Χριστοῦ
2426 4751 2618 4819 ἐσμεν,
2654 4747 2748 4802 καὶ
2785 4746 2929 4802 οὕτω
2962 4746 3325 4816 τετιμήμεθα.
3389 4745 3462 4799 Ὅ
3506 4760 3573 4797 τε
3620 4743 3736 4811 γὰρ

2145 4841 2417 4912 ἁγιάζων,
2445 4842 2602 4917 φησὶ,
2633 4841 2935 4907 τουτέστιν,
2961 4840 2989 4893 6
3024 4838 3279 4910 Χριστὸς,
3299 4835 3399 4891 καί
3423 4839 3477 4891 οι
3503 4835 3737 4905 ἁγιαζό-

2141 4951 2339 5004 μενοι.
2380 4934 2683 4997 τουτέστιν,
2718 4933 2904 5005 ἡμεῖς,
2928 4931 2997 4997 ἐξ
3017 4930 3157 4996 ἑνὸς
3180 4929 3425 4994 πάντες,
3454 4927 3729 4991 τουτέστι,

2151 5025 2241 5080 τοῦ
2283 5025 2519 5096 Πατρός.
2568 5021 2709 5077 Ἀλλ’
2739 5026 2767 5078 6
2803 5025 2922 5094 μὲν,
2978 5022 3053 5084 ὡς
3095 5021 3317 5091 γνήσιος
3363 5017 3492 5079 Υἱὸς
3528 5016 3624 5068 καὶ⁵
3671 5015 3735 5081 ἐξ

2149 5119 2319 5189 αὐτῆς
2346 5120 2444 5188 τῆς
2487 5117 2676 5180 οὐσίας
2710 5115 2806 5169 τοῦ
2840 5114 3083 5186 Πατρός·
3117 5114 3278 5183 ἡμεῖς
3308 5109 3389 5174 δὲ,
3431 5109 3731 5178 κτίσμασι-α.

2152 5209 2295 5280 Ὅρα
2312 5211 2368 5265 δὲ
2385 5212 2444 5264 ὲν
2473 5210 2663 5272 αὑταῖς
2694 5210 2814 5271 ταῖς
2837 5204 3014 5273 λέξεσι
3033 5204 3131 5275 τὴν
3156 5201 3452 5273 ὑπεροχήν.
3492 5201 3735 5263 Ἐκεῖνος

2130 5290 2393 5371 (ἁγιάζει,
2417 5303 2581 5374 ἡμεῖς
2611 5300 2669 5355 δὲ
2704 5298 3068 5370 ἁγιαζόμεθα.
3103 5297 3269 5349 Ὥστε
3301 5295 3396 5348 καὶ
3438 5292 3732 5361 ταυτότης,

2151 5397 2247 5449 καὶ
2279 5394 2544 5465 ὑπεροχή.
3763 5447 3767 5450 .

2218 5484 2301 5538 Δι’
2362 5484 2443 5552 ἣν
2497 5482 2737 5547 aletur,
2788 5481 2901 5536 οὐκ
2948 5479 3375 5546 ἐπαισχύνεται
3422 5470 3732 5541 ἀδελφοὺς

2144 5577 2367 5644 αὐτοὺς
2393 5578 2624 5632 καλεῖν.
2657 5576 2802 5647 Ὅρα
2832 5571 3112 5628 κάνταῦθα
3141 5569 3241 5641 τὴν
3281 5566 3579 5638 ὑπεροχήν.
3629 5563 3733 5619 Διὰ

1819 5756 2017 5821 Varia:
2042 5756 2377 5821 lectiones.

560 5849 602 5878 ’π
643 5844 948 5917 φιλοτιμίας
975 5864 1025 5905 0.
1103 5852 1148 5884 ³⁸
1168 5853 1545 5925 καταγομένην
1577 5873 1627 5909 υ.
