4080 6416
521 375 630 436 215

1433 379 2006 442 THEOPHYLACTI
2047 382 2460 444 BULGARIJE
2485 385 2837 444 ARCHIEP.

3683 383 3791 448 2H3

526 491 754 561 primam
820 487 967 544 illam
1072 487 1498 547 inobedientiam
1559 493 1812 550 homines
1883 508 2105 565 peccare

2229 497 2449 566 Ἐπειδὴ
2485 497 2593 568 γὰρ
2625 500 2964 570 ἁμαρτάνειν
3012 498 3186 552 ἐποίει
3229 499 3357 562 τοὺς
3379 497 3696 568 ἀνθρώπους
3725 502 3790 552 ἐκ

525 581 674 647 fecit,
727 580 843 651 ipse
895 581 996 635 fuit
1031 583 1126 651 qui
1182 592 1412 638 mortem
1460 584 1728 650 condidit,
1784 585 1902 653 ipsa
1941 584 2106 640 veluti

527 673 694 728 milite
767 688 832 729 ac
903 672 1138 732 fortibus
1209 677 1377 730 armis
1479 677 1743 732 adversus
1809 676 2104 731 lmmanam

526 775 776 819 naturam
843 775 1022 821 utens.
1060 765 1174 824 liae
1227 768 1344 838 ipsa
1403 769 1567 840 igitur
1627 769 1885 826 Christus
1939 769 2103 824 etiam

526 872 657 912 usus
722 865 809 912 est
875 858 1144 914 adversus
1206 859 1382 913 illum.
1451 859 1606 926 Quod
1669 875 1858 915 revera
1925 861 2107 914 multa:

525 948 779 1016 potentia:
833 963 898 1002 ac
972 949 1250 1019 sapientiae
1321 951 1460 1012 fuit,
1549 950 1806 1021 jugulare
1892 951 2103 1008 hostem

526 1041 593 1095 iis
666 1043 856 1106 armis,
909 1041 1108 1112 quibus
1173 1042 1293 1112 ipse
1362 1043 1565 1100 multos
1627 1043 2105 1115 jugulabat.Qui-

525 1137 650 1188 dam
697 1144 878 1190 autem
929 1136 1007 1190 sic
1052 1135 1488 1193 intellexerunt:
1547 1137 1684 1192 Eum
1730 1137 1824 1208 qui
1874 1137 2109 1194 habebat

525 1242 830 1300 peccatum,
861 1232 1138 1300 inquiunt,
1169 1231 1276 1288 hoc
1326 1241 1435 1298 est,
1465 1233 1745 1289 diabolum
1780 1252 1794 1288 :
1823 1242 2107 1305 peceatum

521 1321 666 1375 enim
707 1333 789 1376 est
819 1320 1087 1376 fortitudo
1125 1322 1404 1392 roburque
1438 1325 1653 1378 mortis.
2003 1387 2006 1390 _

594 1413 755 1469 Vens.
796 1414 882 1469 15.
931 1415 996 1468 Et
1033 1415 1281 1470 liberaret
1314 1433 1400 1471 eos
1425 1417 1516 1488 qui
1558 1419 1745 1471 timore
1775 1418 1962 1472 mortis
2016 1432 2107 1486 per

523 1515 692 1558 totam
745 1505 908 1559 vitam
946 1507 1166 1560 obnoxii
1229 1517 1383 1562 erant
1435 1509 1700 1564 servituti.
1742 1506 1859 1562 Hoc
1883 1518 1989 1573 est,
2048 1514 2110 1564 ut

523 1597 782 1653 liberaret
811 1599 1084 1660 homines,
1118 1600 1212 1669 qui
1245 1600 1389 1654 servi
1425 1608 1585 1656 erant
1643 1602 1854 1668 mortis,
1889 1609 2103 1656 metue-

527 1689 771 1759 bantque
804 1691 908 1746 sibi
943 1690 1011 1746 ab
1043 1707 1133 1758 ea,
1170 1691 1360 1762 illique
1389 1693 1614 1750 obnoxii
1641 1701 1820 1760 erant,
1861 1694 1966 1748 hoc
1995 1703 2103 1760 est,

521 1779 728 1836 detenti
754 1783 1020 1838 servitute
1045 1800 1167 1854 qua:
1188 1785 1291 1838 sub
1313 1785 1429 1855 ipsa
1455 1792 1595 1847 erat,
1623 1795 1681 1839 ut
1715 1800 1835 1854 qua:
1859 1785 2100 1840 nondum

2211 589 2309 660 τῆς
2361 588 2590 662 πρώτης
2645 592 2864 662 ἐκείνης
2914 594 3225 662 παρακοῆς,
3265 591 3429 653 αὐτὸς
3484 585 3554 660 ἦν
3616 591 3645 643 ὁ
3697 591 3793 643 τδν

2212 679 2444 734 θάνατον
2479 681 2917 752 δημιουργήσας,
2948 682 3141 752 ὥσπερ
3168 680 3273 734 τινί
3310 680 3618 752 στρατιώτῃ
3643 679 3790 749 αὐτῷ

2213 773 2308 826 καὶ
2351 773 2504 845 ὅπλῳ
2537 775 2745 845 ἰσχυρῷ
2775 775 3059 845 χρώμενος
3114 772 3258 826 κατά
3299 773 3398 842 τῆς
3447 773 3793 842 ἀνθρωπίνης

2215 866 2453 934 φύσεως.
2497 866 2686 937 Τούτῳ
2714 866 2807 920 οὖν
2837 865 2988 937 αὐτῷ
3013 867 3041 920 ὁ
3092 865 3327 937 Χριστὸς
3367 866 3646 936 ἐχρήσατο
3671 866 3792 917 κατ’

2211 957 2405 1012 αὐτοῦ.
2449 960 2514 1011 ‘0
2567 959 2661 1012 καὶ
2697 957 2776 1026 τῷ
2831 957 2946 1011 δντι
2985 955 3190 1026 πολλῆς
3227 956 3513 1026 δυνάμεως
3565 956 3660 1010 καὶ
3707 972 3794 1008 σο-

2213 1049 2366 1119 φίας,
2401 1049 2462 1102 τὸ
2495 1048 2698 1118 σφάξαι
2726 1049 2817 1102 τὸν
2845 1045 3038 1118 ἐχθρὸν
3070 1047 3161 1100 διά
3192 1045 3286 1099 τοῦ
3317 1045 3484 1099 ὅπλου
3512 1037 3556 1112 ᾧ
3587 1043 3791 1105 ἐκεῖνος

2212 1141 2443 1204 πολλοὺς
2498 1139 2795 1209 ἐσφαττεν.
2845 1138 3008 1202 Τινὲς
3060 1139 3119 1192 δὲ
3171 1137 3345 1201 οὕτως
3378 1137 3608 1208 ἐνόησαν
3639 1153 3655 1168 ο
3691 1136 3794 1188 Τὸν

2213 1233 2408 1303 ἔχοντα
2434 1232 2500 1296 ³²,
2543 1232 2700 1303 φασὶ,
2731 1233 2830 1299 τὴν
2875 1232 3177 1302 ἁμαρτίαν,
3227 1228 3514 1291 τουτέστι,
3545 1227 3636 1282 τὸν
3676 1227 3793 1280 διά-

2213 1324 2394 1387 ϐολον,
2421 1324 2544 1393 ἥτις
2574 1324 2692 1376 ἐστὶ
2725 1323 2928 1395 κράτος
2960 1324 3056 1378 κει)⁸
3088 1323 3242 1390 ἰσχὺς
3266 1319 3361 1374 τοῦ
3395 1318 3650 1372 Θανάτου.

2281 1414 2391 1468 Καὶ
2439 1413 2766 1482 ἀπαλλάξῃ
2823 1414 3074 1478 τούτους
3104 1400 3108 1402 ’
3135 1411 3269 1466 ὅσοι
3332 1410 3494 1478 φόϐῳ
3533 1405 3795 1462 θανάτου

2211 1505 2308 1559 διὰ
2372 1505 2599 1570 παντὸς
2653 1505 2760 1560 τοῦ
2827 1502 2935 1573 ζῇν
2995 1504 3198 1571 ἔνοχοι
3261 1497 3425 1572 ἦσαν
3484 1498 3793 1562 δουλείας.

2211 1595 2526 1658 Τουτέστιν,
2581 1595 2669 1648 ἵνα
2720 1594 3065 1666 ἐλευθερώσῃ
3120 1595 3249 1656 τοὺς
3283 1590 3629 1662 ἀνθρώπους,
3677 1591 3794 1643 ὅσοι

2211 1682 2391 1736 δοῦλοι
2422 1679 2562 1753 ἦσαν
2600 1682 2696 1736 τοῦ
2737 1683 2996 1746 θανάτου,
3029 1684 3123 1736 καὶ
3155 1681 3450 1751 ἐφοϐοῦντο
3475 1680 3662 1740 αὐτὸν,
3705 1679 3798 1732 καὶ

2213 1774 2390 1846 ἔνοχοι
2437 1775 2588 1846 αύτῷ
2614 1771 2775 1847 ἦσαν,
2807 1777 3112 1842 τουτέστιν,
3149 1775 3576 1845 ἐγκατεχόμενοι
3601 1774 3667 1842 τῇ
3705 1770 3797 1824 ὑπ’

522 1879 643 1924 erat
684 1872 968 1927 destructa
1008 1893 1023 1930 :
1070 1875 1154 1929 vel
1188 1875 1318 1944 quia
1354 1877 1409 1931 in
1431 1876 1630 1932 timore
1664 1877 1926 1932 continuo
1958 1877 2103 1932 vive-

2211 1844 2376 1921 αὐτὸν
2421 1844 2659 1939 δουλείᾳ,
2720 1868 2816 1922 ἅτε
2877 1869 3102 1938 μηδέπω
3177 1844 3576 1921 καταλυθέντι’
3633 1865 3669 1936 ἢ
3717 1864 3798 1919 ὅτι

524 1964 657 2018 bant
698 1965 862 2034 prisci
900 1967 1181 2033 mortales,
1211 1983 1429 2039 semper
1457 1984 1580 2024 sese
1628 1986 1753 2026 mox
1806 1971 2104 2028 morituros

521 2066 926 2127 exspectantes.
991 2075 1056 2116 ac
1114 2077 1226 2132 pra:
1285 2062 1393 2119 ista
1425 2061 1718 2120 formidine
1765 2065 1974 2122 nullius
2011 2081 2105 2121 vo-

523 2149 748 2218 luptatis
810 2164 1037 2205 sensum
1092 2151 1346 2222 accipere
1412 2160 1732 2223 potuerunt.
1790 2153 1901 2210 Hoc
1957 2157 2102 2210 enim

522 2239 896 2310 adumbravit,
931 2258 1056 2298 cum
1089 2243 1228 2299 dixit
1261 2263 1275 2300 :
1313 2243 1420 2300 Per
1457 2256 1624 2300 totam
1653 2248 1839 2301 vitam.
1871 2246 2104 2302 Obnoxii

525 2331 717 2403 itaque
767 2341 929 2389 erant
963 2336 1237 2402 servituti,
1270 2337 1378 2392 hoc
1406 2348 1512 2403 est,
1549 2354 1766 2408 semper
1817 2339 2104 2404 timebant,

524 2437 624 2476 ceu
679 2424 822 2478 servi
854 2424 1139 2480 dominum
1166 2441 1445 2497 asperum,
1472 2427 1649 2497 ipsam
1695 2438 1950 2494 mortem,
1981 2428 2105 2483 nul-

525 2516 633 2568 lam
669 2517 829 2586 plane
850 2516 1185 2586 voluptatem
1218 2535 1249 2574 e
1274 2535 1334 2575 re
1354 2521 1535 2589 aliqua
1558 2521 1936 2590 percipieutes.
1964 2521 2106 2578 Hinc

525 2620 656 2660 vero
692 2607 909 2677 collige,
963 2610 1108 2678 quod
1151 2609 1199 2666 is
1234 2611 1330 2681 qui
1373 2621 1604 2666 mortem
1634 2613 1850 2677 metuit,
1911 2628 2108 2683 expers

525 2707 610 2752 est
640 2698 908 2755 libertatis
939 2703 1296 2772 omniumque
1322 2717 1536 2758 servus.
1577 2705 1770 2764 Porro.
1797 2705 1943 2760 istud
1974 2705 2109 2760 tide-

527 2790 672 2844 libus
719 2787 935 2848 aﬂlictis
995 2803 1080 2847 cst
1131 2793 1372 2858 solatio:
1432 2793 1704 2863 siquidem
1749 2794 1827 2848 illi
1889 2795 1996 2848 acti
2052 2802 2107 2848 et

524 2886 842 2941 carceribus
893 2889 1190 2960 mancipati
1228 2889 1456 2945 liberius
1493 2904 1559 2944 ac
1591 2888 1892 2959 jucundius
1917 2889 2107 2944 vivunt

525 2990 691 3042 quam
733 2976 794 3040 ii,
816 2975 906 3046 qui
943 2978 1073 3032 olim
1107 2979 1340 3034 summis
1377 2979 1429 3033 in
1461 2979 1676 3034 deliciis
1709 2981 1876 3034 vitam
1905 2981 2108 3036 ducere

525 3065 884 3135 videbantur,
942 3070 1162 3139 quando
1207 3072 1421 3142 vigebat
1479 3089 1626 3130 mors
1673 3083 1728 3129 et
1765 3075 1911 3129 vires
1977 3091 2108 3131 snas

2210 1962 2362 2032 φόϐῳ
2415 1962 2656 2031 διηνεκεῖ
2710 1963 2950 2028 συνέζων
3000 1964 3050 2016 οἱ
3121 1962 3288 2015 πάλαι
3341 1959 3661 2031 ἀνθρωττοι,
3713 1959 3799 2012 ἀεὶ

2208 2053 2569 2122 τεθνήξεσθαι
2607 2053 3044 2124 προσδοκῶντες,
3096 2053 3188 2106 καὶ
3229 2053 3318 2107 διά
3348 2053 3443 2105 τδν
3475 2049 3639 2119 φόϐον
3671 2047 3798 2101 τοῦ-

2205 2161 2299 2197 τον
2354 2145 2611 2215 οὐδεμιᾶς
2676 2145 2870 2216 ἡδονῆς
2929 2146 3184 2216 αἴσθησιν
3253 2143 3439 2198 λαϐεῖν
3509 2141 3795 2212 ἠδύναντο.

2214 2235 2386 2288 Τοῦτο
2422 2235 2533 2305 γὰρ
2596 2235 2866 2307 ᾐνίξατον
2903 2234 3003 2290 διὰ
3036 2233 3262 2301 παντὸς
3305 2234 3412 2289 τοῦ
3442 2232 3568 2300 ζῇν.
3601 2232 3796 2285 εἰπών.

2213 2330 2430 2399 Ἔνοχοι
2461 2328 2555 2382 οὖν
2586 2323 2728 2400 ἦσαν
2759 2327 3034 2392 δουλείας,
3087 2327 3398 2391 τουτέστιν,
3427 2326 3515 2380 ἀεὶ
3543 2324 3662 2394 έτρε
3674 2341 3797 2394 μον,

2207 2421 2285 2485 ὡς
2341 2421 2517 2475 δοῦλοι
2565 2421 2836 2489 δεσπότην
2890 2420 3110 2493 πικρὸν,
3151 2419 3240 2472 τὸν
3277 2419 3531 2482 θάνατον,
3576 2416 3797 2479 οὐδενὸς

2208 2513 2574 2576 ἀπολαύοντες
2604 2511 2864 2583 τερπνοῦ.
2901 2513 3184 2582 Συνάγαγε
3217 2512 3263 2544 ³³
3291 2511 3350 2566 δὲ
3394 2509 3670 2573 ἐντεῦθεν,
3718 2509 3799 2563 ὅτι

2208 2606 2236 2658 ὁ
2267 2605 2498 2660 θάνατον
2551 2604 2825 2670 δεδοικὼς,
2879 2605 3236 2676 ἀνελεύθερος
3269 2603 3363 2657 καὶ
3404 2602 3622 2656 πάντων
3673 2599 3802 2653 δοῦ-

2207 2698 2318 2762 λος.
2383 2698 2741 2770 Παράκλησις
2789 2699 2885 2752 καὶ
2934 2697 3093 2752 τοῦτο
3151 2699 3265 2761 τοῖς
3312 2695 3654 2766 θλιϐομένοις
3711 2711 3801 2747 πι-

2212 2793 2380 2854 στοῖς,
2432 2789 2546 2859 εἴγε
2595 2791 2644 2844 οἱ
2691 2791 3045 2860 ἐλαυνόμενοι
3103 2789 3198 2844 νῦν
3255 2789 3353 2844 καὶ
3407 2786 3800 2858 δεσμούμενοι,

2208 2878 2640 2950 ὲλευθερώτερον
2687 2880 2937 2948 διάγουσι
2983 2880 3081 2935 καὶ
3131 2879 3279 2950 ἥδιον
3308 2879 3419 2933 τῶν
3466 2877 3638 2932 πάλαι
3666 2893 3806 2946 τρυ-

2210 2973 2317 3042 φᾷν
2341 2972 2661 3036 δοκούντων,
2701 2974 2790 3026 ὅτε
2827 2974 3011 3044 ἴσχυεν
3045 2975 3073 3026 ὁ
3107 2971 3362 3035 θάνατος.
3420 2970 3656 3024 Ἐκεῖνοι
3703 2968 3803 3038 μὲν

2210 3064 2319 3135 γὰρ
2350 3062 2428 3133 τῷ
2464 3063 2613 3135 φόϐῳ
2656 3064 2751 3118 τοῦ
2807 3065 3039 3120 θανάτου
3101 3063 3552 3134 κατασειόμενοι,
3611 3058 3800 3115 δοῦλοι

528 3157 834 3214 obtinebat.
888 3157 1024 3214 Nam
1084 3160 1158 3215 illi
1203 3161 1398 3218 mortis
1450 3170 1600 3216 metu
1643 3162 1930 3222 concussi.
1989 3177 2105 3218 ser-

2213 3149 2354 3225 ἦσαν
2375 3171 2386 3184 ·
2421 3157 2578 3227 ὑμεῖς
2607 3157 2665 3212 δὲ
2696 3156 2888 3212 τούτου
2919 3157 3295 3228 ἀπηλλάγητε.

528 3252 580 3305 vi
652 3261 810 3308 erant
879 3269 894 3308 :
965 3268 1064 3308 vos
1135 3261 1320 3311 autem
1408 3253 1476 3308 ab
1529 3269 1596 3310 eo
1674 3262 1822 3310 metu
1890 3253 2108 3309 liberati

527 3356 683 3400 CSUS.

609 3431 769 3488 Vens.
833 3432 920 3488 i6.
976 3431 1255 3504 Nusquam
1291 3434 1432 3488 enim
1478 3434 1694 3504 angelos
1742 3435 2105 3505 apprehendit.

532 3525 645 3579 tloc
699 3533 803 3588 est,
852 3540 959 3578 non
989 3523 1306 3594 angelorum
1343 3533 1596 3580 naturam
1647 3527 1970 3597 assumpsit,
2011 3542 2110 3582 ne-

528 3627 636 3682 que
665 3628 784 3668 eam
825 3613 1078 3682 gestavit.
1125 3613 1239 3670 Hoc
1283 3625 1465 3669 autem
1493 3617 1720 3670 multam
1747 3632 1873 3688 erga
1917 3618 2110 3672 huma-

531 3718 662 3755 num
731 3719 903 3775 genus
951 3705 1276 3760 cltaritatem
1329 3705 1422 3760 Dei
1465 3706 1690 3763 indicat.
1743 3707 1898 3773 Quod
1962 3709 2106 3775 enim

530 3797 778 3866 angelis,
848 3797 1062 3868 inquit,
1127 3814 1233 3854 non
1332 3800 1596 3863 donavit,
1683 3803 1786 3857 hoe
1867 3801 2109 3856 homini-

530 3891 631 3942 hus
694 3887 864 3955 dedit,
937 3897 996 3943 ut
1055 3905 1120 3944 ex
1182 3892 1428 3961 ipsarum
1485 3900 1679 3954 natura
1752 3908 1977 3948 carnem
2027 3908 2110 3948 as-

526 3989 786 4034 sumeret.

599 4070 702 4127 Sed
733 4088 907 4126 semen
946 4073 1174 4128 Abrahae
1204 4073 1552 4142 reprehendit.
1583 4073 1701 4130 Non
1729 4075 1888 4140 dixit,
1919 4091 2107 4132 susce-

529 4162 628 4231 pit.
678 4159 774 4214 sed
807 4159 1170 4226 apprehendit,
1195 4168 1256 4212 ut
1293 4161 1553 4214 ostendat
1610 4161 1756 4230 quod
1810 4161 2106 4234 fugientem

531 4257 780 4304 naturam
821 4257 1088 4313 nostram,
1131 4257 1186 4304 et
1251 4249 1469 4320 longius
1514 4260 1780 4306 remotam
1821 4253 2107 4309 insecutus

529 4341 624 4407 sit,
657 4349 711 4396 et
772 4347 1122 4395 antevertens
1175 4340 1617 4410 apprehenderit,
1675 4343 2108 4416 complexusque

530 4433 624 4498 sit,
661 4430 765 4488 sibi
801 4431 1021 4497 unicus,
1056 4445 1121 4486 ac
1150 4431 1351 4486 sistens
1407 4431 1582 4501 ipsam
1613 4448 1642 4486 a
1683 4433 1810 4505 toga
1857 4451 1964 4506 qua
2022 4437 2092 4491 ab

2320 3433 2403 3486 Οὐ
2481 3432 2592 3502 γὰρ
2679 3432 2880 3499 δήπου
2953 3432 3226 3503 ἀγγέλων
3311 3428 3796 3500 ἐπιλαμϐάνεται.

2214 3526 2524 3590 Τουτὲστιν,
2555 3525 2616 3578 ού
2653 3525 2754 3594 τῆς
2801 3525 2912 3579 τῶν
2964 3527 3216 3594 ἀγγέλων
3249 3523 3463 3594 φύσεως
3506 3520 3796 3592 ἐδράξατο,

2212 3614 2333 3667 ούδέ
2362 3614 2567 3685 ταύτην
2600 3616 2850 3685 ἐφόρεσε.
2901 3615 3072 3668 Τοῦτο
3105 3614 3162 3668 δέ
3193 3615 3292 3686 τὴν
3323 3613 3526 3683 πολλὴν
3562 3612 3702 3682 πρὶς
3741 3610 3800 3662 τὺ

2212 3704 2552 3775 ἀνθρώπινον
2583 3705 2744 3772 γένος
2796 3706 3020 3775 ἀγάπην
3049 3705 3145 3759 τοῦ
3193 3705 3330 3759 Θεοῦ
3383 3703 3680 3756 δείκνυσιν.
3728 3701 3795 3753 Ὃ

2211 3799 2322 3870 γὰρ
2359 3799 2636 3867 ἀγγέλοις,
2652 3799 2836 3870 φησὶν,
2853 3798 2951 3852 οὐκ
2970 3799 3288 3868 ἐχαρίσατο,
3309 3795 3468 3849 τοῦτο
3488 3792 3798 3864 ἀνθρώποις

2212 3892 2435 3959 δέδωκε,
2459 3893 2541 3956 τὸ,
2569 3891 2629 3958 ἐξ
2656 3892 2838 3946 αὐτῶν
2872 3891 3053 3964 σάρκα
3081 3889 3511 3961 προσλαϐέσθαι.

2296 4074 2472 4129 Ἀλλὰ
2545 4076 2889 4143 σπέρματος
2981 4074 3239 4141 Ἀϐραὰμ
3307 4069 3794 4140 ἐπιλαμϐάνεται.

2215 4164 2330 4218 Οὐκ
2348 4160 2521 4228 εἶπεν,
2542 4165 3000 4229 άνέλαὸεν,⁹Αλλ’,
3021 4163 3511 4234 ἐπιλαμϐάνεται,
3535 4163 3621 4217 ἵνα
3646 4162 3800 4233 δείξῃ

2212 4258 2297 4312 ὅτι
2332 4256 2644 4326 φεύγουσαν
2677 4257 2778 4328 τὴν
2811 4257 2974 4327 φύσιν
3009 4257 3167 4328 ἡμῶν
3192 4297 3208 4322 ,
3261 4257 3356 4311 καὶ
3389 4254 3798 4326 μακρυνθεῖσαν

2213 4348 2402 4415 ἐδίωξε
2431 4365 2444 4380 ·
2501 4349 2597 4402 καὶ
2653 4348 2867 4417 φθάσας
2911 4348 3211 4402 ἐπελάϐετο
3254 4347 3448 4417 αὐτῆς,
3482 4348 3578 4406 καὶ
3613 4362 3799 4417 περιε-

2213 4442 2398 4512 πλάκη
2431 4439 2638 4503 ἐνώσας
2678 4440 2895 4510 ἐαυτῷ,
2952 4442 3048 4494 καὶ
3084 4441 3291 4510 στήσας
3335 4439 3504 4511 αὐτὴν
3554 4439 3654 4509 τῆς
3702 4437 3798 4492 ἀπ’

528 4525 649 4595 ipso
697 4521 962 4594 fugiebat.
1011 4521 1131 4576 Non
1168 4521 1308 4576 dixit
1375 4531 1579 4588 autem,
1633 4532 1884 4580 naturam
1932 4526 2105 4582 homi-

2216 4535 2384 4590 αὑτοῦ
2453 4534 2654 4603 φυγῆς.
2726 4534 2845 4589 Ούκ
2890 4531 3011 4588 εἷπε
3067 4535 3161 4599 δὲ,
3204 4533 3425 4597 Φύσεως
3469 4531 3795 4602 ἀνθρώπων,

529 4633 684 4684 num,
713 4615 811 4672 sed
864 4631 1039 4670 semen
1091 4614 1323 4668 Abrahae
1345 4628 1365 4667 :
1392 4617 1589 4686 partim
1628 4617 1846 4687 quidem
1876 4619 2107 4689 cupiens

527 4725 625 4765 eos
695 4707 971 4768 attollere,
1035 4720 1100 4759 ac
1145 4709 1364 4777 generis
1426 4707 1668 4778 ipsorum
1757 4710 2105 4781 splendorem

527 4805 984 4860 commonstrare,
1017 4803 1074 4852 et
1097 4797 1336 4866 quodin
1395 4798 1499 4854 hoc
1529 4800 1638 4855 sint
1694 4801 1952 4869 gentibus
2006 4816 2105 4856 cx-

528 4889 900 4950 cellentiores,
936 4897 1214 4957 quatenus
1242 4904 1305 4942 ex
1343 4889 1477 4958 ipsis
1516 4898 1603 4946 est
1632 4889 1920 4948 Dominus.
1947 4891 2109 4947 Sem-

527 4999 627 5053 per
647 4981 792 5037 enim
825 4979 983 5050 ipsis,
1024 4980 1117 5035 ubi
1173 4981 1310 5034 citra
1363 4981 1626 5036 otTensam
1685 4982 1834 5050 licet,
1895 4982 2106 5054 gratiﬁ-

527 5085 686 5132 eatur
720 5094 734 5130 :
763 5075 960 5146 partim
1018 5091 1148 5130 vero
1225 5075 1651 5144 promissionem
1681 5076 1762 5131 eis
1796 5077 1864 5131 ad
1893 5091 2104 5132 memo-

524 5168 663 5223 riam
713 5180 1020 5222 revocans:
1056 5165 1168 5220 Tibi
1232 5176 1281 5220 et
1329 5167 1515 5221 semini
1561 5177 1652 5220 tuo
1703 5166 1842 5221 dabo
1907 5178 2105 5224 terram

524 5261 658 5314 hanc
675 5261 740 5312 θ’.

594 5348 941 5422 miluus.
976 5349 1062 5401 i7.
1101 5345 1248 5402 Unde
1271 5347 1485 5402 debebat
1505 5365 1597 5417 per
1627 5349 1805 5404 omnia
1839 5353 2100 5421 [ratribus

525 5444 836 5498 assimilari.
870 5441 1007 5508 Quia
1041 5440 1242 5509 placuit
1283 5441 1331 5494 ei
1393 5441 1559 5496 semel
1599 5451 1842 5496 nostram
1900 5459 2098 5514 appre-

633 5629 676 5658 "
707 5626 842 5684 Gen.
875 5644 997 5692 xm,
1036 5631 1118 5685 15.

2210 4627 2366 4690 ἀλλὰ,
2402 4625 2745 4696 σπέρματος
2790 4627 3097 4696 Ἀϐραάμ·
3154 4626 3272 4696 ἆμα
3321 4625 3418 4696 μὲν
3466 4625 3794 4696 βουλόμενος

2210 4719 2409 4782 αὐτοὺς
2443 4720 2670 4788 ἐπᾶραι,
2715 4721 2807 4772 καὶ
2855 4719 3029 4784 δεῖξαι
3072 4719 3134 4772 τὸ
3173 4721 3331 4788 γένος
3375 4719 3554 4772 αὐτῶν
3589 4718 3795 4787 τίμιον,

2211 4811 2308 4867 καὶ
2339 4814 2421 4865 ὅτι
2450 4811 2612 4864 πλέον
2642 4809 2826 4881 ἔχουσι
2856 4812 2964 4864 τῶν
3000 4812 3230 4866 ἐθνικῶν
3261 4814 3321 4866 ἐν
3360 4811 3556 4882 τούτῳ,
3591 4809 3728 4864 καθὸ
3749 4808 3795 4840 ³⁸

2212 4903 2274 4968 ἐξ
2323 4903 2504 4956 αὐτῶν
2542 4905 2570 4956 ὁ
2601 4903 2805 4976 Κύριος
2830 4920 2844 4933 ·
2888 4904 2976 4958 ἀεὶ
3005 4905 3110 4974 γάρ
3137 4903 3424 4974 χαρίζεται
3472 4903 3677 4964 αὐτοῖς,
3736 4901 3796 4952 ἐν

2215 4987 2295 5056 οἷς
2321 4991 2497 5055 οὐδεὶς
2527 4992 2862 5063 βλάπτεται*
2903 4992 3022 5063 ἅμα
3067 4993 3125 5046 δὲ
3177 4995 3270 5047 καὶ
3310 4993 3408 5062 τῆς
3458 4990 3797 5058 ἐπαγγελίας

2219 5088 2655 5156 ἀναμιμνήσκων
2687 5085 2904 5149 αὐτοὺς,
2955 5085 3040 5136 ὅτι
3089 5083 3191 5138 Σοὶ
3237 5084 3335 5137 καὶ
3367 5081 3448 5148 τῷ
3493 5081 3796 5151 σπέρματι

2212 5195 2330 5234 σου
2357 5178 2530 5232 δώσω
2560 5175 2676 5244 τὴν
2713 5175 2830 5246 γῆν
2860 5176 3108 5243 ταύτην.

2289 5357 2467 5410 ’Ὅθεν
2486 5355 2704 5425 ὤφειλε
2729 5354 2880 5410 κατὰ
2909 5355 3109 5410 πάντα
3141 5355 3264 5422 τοῖς
3298 5353 3584 5424 ἀδελφοῖς
3635 5356 3798 5423 ὁμοι-

2215 5449 2459 5518 ωθῆναι.
2531 5449 2785 5519 Ἐπειδὴ,
2849 5450 3050 5521 φησὶν,
3114 5449 3264 5515 ἅπαξ
3321 5449 3650 5514 κατεδέξατο
3694 5446 3796 5516 τῆς

1885 5730 2085 5792 Variae
2123 5731 2452 5793 lectiones.

598 5818 640 5848 ³’
683 5818 882 5893 ἐλοςιὺν
913 5837 966 5876 ο.
1047 5819 1090 5858 ³³
1113 5820 1266 5887 eivs;
1297 5837 1346 5877 ο.
1426 5826 1468 5859 ³⁸
1500 5826 1688 5882 καθότι
1717 5844 1770 5883 ο.
