4080 6428
294 347 401 409 2⁵5

1057 345 1464 408 ΕΧΡΟΞῙΤῘΟ
1502 345 1584 407 IN
1612 346 1848 407 EPIST.
1886 347 2409 412 ADHEBR/EOS.
2450 375 2517 386 -
2551 350 2710 414 CAP.
2741 353 2854 415 ΙΠ.

3487 355 3589 416 Ξεϐ

364 463 467 514 ἐν
487 458 568 524 τῷ
589 456 938 527 ἀποστῆναι
955 457 1084 513 ἀπὸ
1117 458 1267 512 Θεοῦ
1291 458 1530 525 ζῶντος.
1553 458 1764 522 ’Ἄλλως
1799 459 1896 531 γάε

2090 462 2156 516 Ut
2185 464 2394 533 deﬁciat
2425 483 2456 520 a
2495 466 2603 521 Deo
2627 468 2844 522 vivente.
2870 466 2989 522 Non
3011 467 3156 523 enim
3189 464 3350 523 aliter
3373 469 3584 525 invenit.

292 554 395 622 οὐχ
417 553 668 621 sapiant.
698 550 941 620 πάροδον
997 552 1032 620 ὴ
1079 550 1330 616 ἀπιστία,
1366 551 1412 603 εἰ
1464 551 1541 622 μὴ
1576 551 1791 622 ἀποστῇ
1814 567 1896 614 τις

2006 553 2218 610 aditum
2262 557 2660 622 incredulitas,
2710 558 2816 614 nisi
2870 559 2994 628 quis
3049 575 3078 612 a
3136 559 3246 614 Deo
3290 560 3586 616 desciscat.

294 648 408 699 ἀπὸ
431 644 598 699 Θεοῦ.
633 645 778 707 Ἕως
817 645 932 716 γὰρ
974 645 1042 699 ἂν
1077 643 1396 717 ᾖὲχόμενος
1457 643 1553 700 τοῦ
1594 643 1754 712 Θεοῦ,
1807 644 1901 697 καὶ

298 738 586 800 πεποιθὼς
611 737 701 791 ἐπ’
731 736 909 808 αὐτῷ,
933 737 1011 802 ὡς
1038 739 1211 793 πάντα
1237 737 1546 809 δυναμένῳ,
1574 735 1725 789 οὐδὲν
1751 737 1901 806 ἠγεῖ-

295 847 390 884 ται
429 829 721 883 ἀδύνατον.

381 1007 576 1065 Ἀλλὰ
597 1008 1003 1077 ,παρακαλεῖτε
1023 1007 1282 1074 ἑαυτοὺς
1305 1008 1434 1061 καθ’
1460 1005 1733 1073 ἑκάστην
1753 1005 1898 1074 ὴμέ-

293 1117 435 1168 par,
464 1100 643 1168 ἄχρις
679 1095 753 1154 οὗ
784 1098 853 1152 τὸ
901 1098 1168 1168 σήμερον
1218 1097 1513 1151 καλεῖται.
1568 1097 1896 1157 Τουτέστιν,

303 1192 642 1261 οἰκοδομεῖτε
690 1191 980 1256 ἀλλήλους,
1017 1191 1112 1243 καὶ
1168 1189 1591 1260 ὐποστηρίζετε,
1636 1187 1775 1241 ὥστε
1824 1187 1899 1258 μὴ

310 1288 514 1337 πεσεῖν.
539 1283 603 1336 Εἰ
627 1283 686 1336 δὲ
715 1285 808 1335 καὶ
834 1283 976 1355 πέσῃ
1035 1299 1142 1348 τις,
1183 1281 1500 1350 διοροοῦσοε
1547 1279 1712 1332 αὐτὸν
1737 1279 1900 1349 ἄχρις

308 1372 371 1428 οὗ
397 1375 461 1446 ζῇ
486 1393 500 1406 υ
526 1374 689 1427 τοῦτο
711 1376 824 1444 γὰρ
871 1374 1023 1443 δηλοί
1078 1373 1162 1438 τὸ,
1202 1373 1377 1442 ἄχρις
1401 1367 1474 1428 οὗ
1499 1371 1562 1424 τὸ
1591 1367 1862 1440 σήμερον
1881 1387 1897 1402 ο

303 1469 458 1530 ἐλπὶς
485 1470 595 1536 γάρ
626 1469 767 1520 ἐστι.
804 1467 1056 1519 Μάλιστα
1079 1465 1181 1536 μὲν
1210 1464 1325 1528 οὖν,
1363 1463 1496 1534 μηδὲ
1527 1462 1667 1514 ἔστω
1701 1460 1896 1532 καρδία

303 1559 523 1628 πονηρά
551 1557 611 1610 ἐν
642 1575 751 1610 τινι
779 1573 791 1586 ·
826 1557 878 1609 εἰ
905 1556 960 1609 δὲ
988 1557 1085 1611 καὶ
1109 1557 1342 1624 γένοιτο,
1367 1558 1444 1626 μὴ
1471 1557 1550 1620 εὶς
1583 1556 1898 1622 ἀπόγνωσιν

301 1652 574 1717 πιπτέτω,
605 1651 746 1706 ἀλλά
770 1650 1144 1722 παρακαλεῖτε
1186 1651 1351 1704 αὐτὸν
1402 1649 1446 1681 ⁸⁸
1504 1649 1599 1703 καὶ
1651 1647 1898 1719 ἀναλαμ-

299 1743 522 1798 Stiuas.

372 1840 514 1892 ,ινα
535 1835 628 1906 μὴ
663 1835 1030 1905 σκληρυνθῇ
1083 1853 1172 1902 τις
1223 1835 1294 1901 ἐξ
1341 1835 1510 1906 ὑμῶν
1549 1835 1750 1905 ἀπάτη
1789 1833 1899 1902 τῆς

300 1927 621 1995 ἁμαρτίας.
673 1926 992 1990 Τουτέστιν,
1023 1927 1115 1982 ἵνα
1167 1926 1243 1997 μὴ
1284 1929 1349 1980 ὲκ
1381 1928 1484 1998 τῆς
1534 1926 1902 1996 ἀπογνώσεως

303 2022 382 2082 εἰς
406 2019 676 2088 πώρωσιν
704 2017 853 2091 ἔλθῃ,
882 2019 979 2071 καὶ
1030 2019 1248 2081 ἀνίατος
1315 2019 1496 2092 μείνῃ.
1539 2020 1750 2090 Ὥσπερ
1790 2019 1901 2088 γὰρ

302 2114 367 2165 τὰ
395 2111 794 2182 πεπωρωμένα
824 2112 1052 2182 σώματα
1084 2112 1178 2166 καὶ
1212 2112 1426 2182 σκληρά
1459 2111 1560 2164 οὐκ
1602 2113 1740 2165 εἴκει
1776 2113 1899 2175 ταῖς

300 2206 408 2259 τῶν
469 2206 680 2276 ἰατρῶν
738 2203 968 2274 χερσίνο
1036 2202 1182 2257 οὕτω
1218 2204 1312 2256 καὶ
1360 2207 1415 2258 αἱ
1477 2204 1900 2274 σκληρυνοεῖσαι

300 2298 471 2367 ψυχαὶ
504 2299 610 2350 οὐκ
665 2297 877 2350 εἴκουσι
924 2296 1004 2367 τῷ
1030 2296 1173 2367 λόγῳ
1195 2295 1290 2349 τοῦ
1343 2294 1503 2349 Θεοῦ.
1555 2295 1798 2367 ’Δπάτην
1841 2294 1899 2348 δὲ

305 2390 586 2460 ἁμαρτίας
614 2389 790 2452 καλεῖ,
826 2388 860 2458 ἢ
892 2389 994 2458 τὴν
1026 2390 1244 2459 ἀπάτην
1300 2387 1394 2442 τοῦ
1422 2386 1692 2450 διαϐόλου,
1738 2403 1896 2440 τουτ-

303 2483 440 2546 tm,
471 2482 536 2536 τὸ
577 2483 657 2553 μὴ
698 2482 941 2546 ἐλπίζειν
997 2483 1080 2534 ὅτι
1135 2480 1288 2535 ἔσται
1323 2480 1702 2544 ἀνταπόδοσις,
1731 2478 1765 2548 ἢ
1796 2481 1896 2550 τὴν

307 2575 664 2645 ἀναλγησίαν.
685 2575 760 2627 Τὸ
779 2576 889 2645 γὰρ
913 2573 1118 2642 λέγειν,
1137 2573 1220 2627 ὅτι
1233 2573 1434 2626 Λοιπὸν
1452 2571 1601 2637 ἅπαξ
1621 2573 1891 2643 ἥμαρτον,

304 2672 402 2722 οὐκ
467 2669 583 2739 ἔχω
646 2667 894 2731 ἐλπίδας,
950 2665 1137 2737 ἀπάτη
1162 2664 1332 2727 ὅντως
1391 2665 1543 2718 ἐστὶν
1592 2664 1891 2734 ἁμαρτιας.

316 2761 614 2817 ’Δπατῶσα
646 2761 758 2830 γὰρ
780 2761 816 2828 ἡ
840 2759 1108 2829 ἁμαρτία,
1136 2755 1384 2828 καὶπρὸς
1405 2756 1605 2828 ἑαυτὴν
1639 2756 1893 2809 ἐπισπω-

307 2861 468 2927 μένη,
496 2853 728 2908 τοιαῦτα
755 2851 1069 2922 λογίζεσθαι
1104 2852 1268 2915 ποιεῖ,
1297 2849 1439 2902 κατὰ
1467 2849 1530 2902 τὸ
1562 2847 1850 2918 εἰρημένων
1876 2863 1890 2876 '

318 2949 573 3015 ’Δσεσὴς
615 2949 705 3012 εις
723 2945 922 3010 βάθος
948 2941 1152 2998 κακῶν
1169 2940 1473 3012 ἐμπεσὼν,
1509 2938 1890 3009 καταφρονεῖ.

315 3041 372 3095 ’0
409 3041 468 3094 es
513 3037 900 3109 καταφρονῶν,
957 3035 1080 3088 οὐδὲ
1123 3033 1400 3087 πιστεύειν
1445 3033 1722 3102 ἀνέχεται.
1803 3032 1890 3093 ἘΞ

302 3133 576 3204 ἁμαρτιας
599 3131 710 3202 ἄρα
746 3131 774 3200 ἢ
803 3121 1240 3183 ἀπιστία.Εἷπον
1271 3128 1402 3196 γὰρ,
1428 3124 1619 3196 φησὶν,
1650 3125 1732 3179 ὅτι
1771 3126 1894 3179 Οὐκ
1920 3137 1964 3200 C
2000 3125 2075 3178 nit
2104 3125 2152 3184 ⁸.

302 3226 512 3293 ὄψεται
541 3223 783 3291 Κύριος,
817 3221 962 3275 οὐδὲ
982 3220 1244 3285 συνήσει
1275 3222 1308 3273 ό
1342 3219 1486 3284 Θεὸς
1503 3218 1613 3273 τοῦ
1668 3218 1892 3273 Ἰακώϐ.

302 3319 407 3372 Καὶ
429 3316 597 3369 πάλιν
617 3330 631 3344 ·
662 3310 810 3367 Εἷπε
854 3311 963 3380 γὰρ
989 3311 1059 3363 ἐν
1088 3309 1298 3379 καρδίᾳ
1327 3309 1537 3375 αὑτοῦ,
1567 3311 1689 3364 Οὐκ
1723 3308 1888 3377 ἐδιζη-

298 3411 474 3478 deos
491 3427 504 3440 '
535 3409 658 3474 καὶ,
700 3405 1134 3476 Ἔπιλέλησται
1195 3407 1230 3460 ό
1279 3403 1423 3469 Θεός
1440 3418 1453 3432 ·
1501 3403 1598 3458 καὶ
1634 3403 1735 3457 ὅσα
1779 3419 1895 3457 τοι-

295 3516 458 3557 αντα.

367 3683 634 3750 κάτοχοι
662 3678 776 3750 τὰρ
793 3678 1127 3748 γεγόναμεν
1145 3673 1252 3730 τοῦ
1273 3673 1550 3744 Χριστοῦ.
1579 3673 1814 3728 Τουτέστ
1823 3691 1890 3738 ιν,

299 3777 358 3829 ἓν
382 3773 690 3844 ιγενόμεθα
728 3774 889 3843 ἡμεῖς
919 3771 1014 3824 καὶ
1043 3767 1208 3831 αὑτός
1231 3782 1244 3795 '
1280 3766 1375 3820 καὶ
1408 3766 1553 3820 οὕτω
1589 3765 1894 3838 μετέχομεν

304 3865 494 3930 αὑτοῦ,
528 3865 610 3927 ὡς
633 3863 795 3934 σῶμα
824 3860 1090 3930 κεφαλῆς.
1136 3857 1402 3912 Ἐνταῦοα
1440 3857 1498 3911 δὲ
1543 3857 1765 3920 ἐλπίδας
1799 3859 1897 3910 αὑ-

316 3961 420 4020 τίείς
441 3958 738 4025 ἐκτίθησιν,
768 3955 975 4008 ὼτανεὶ
1000 3951 1172 4006 ταῦτα
1205 3950 1380 4020 λέγων
1404 3966 1418 3980 ·
1468 3949 1526 4003 '0
1555 3948 1729 4012 οὕτως
1759 3950 1896 4017 ἀγα-

307 4055 496 4122 πήσας
540 4053 713 4122 ἡμᾶς,
763 4048 907 4102 ὥστε
966 4047 1060 4099 καὶ
1105 4044 1265 4114 σῶμα
1308 4041 1478 4097 αὑτοῦ
1525 4041 1770 4111 ποιῆσαι,
1792 4042 1894 4094 οὐκ

301 4148 458 4200 idest.
511 4145 658 4215 ἡμᾶς
710 4139 1104 4213 ἀπορῤαγῆναι
1159 4135 1354 4200 αὑτοῦ,
1387 4137 1482 4188 ἐὰν
1537 4133 1697 4205 μόνον
1731 4136 1894 4204 ἡμεῖς

301 4241 571 4310 θέλωμεν.
596 4239 750 4308 ’Δμα
776 4235 834 4289 δὲ
863 4236 961 4288 καὶ
988 4234 1165 4286 έκεῖνο
1187 4230 1481 4285 αἰνίττεται
1508 4228 1569 4281 τὸ
1603 4227 1894 4299 εἰρημένον

297 4332 525 4404 ἑτέρωθι
554 4349 569 4362 ·
607 4333 674 4385 ει
703 4327 1087 4398 ὑπομένομεν
1108 4365 1124 4390 ,
1154 4325 1253 4377 καὶ
1293 4320 1889 4391 συμϐασιλεύσομεν.

297 4425 422 4477 τῶν
445 4421 634 4477 αὐτῶν
653 4421 761 4490 γὰρ
794 4417 1119 4489 μετέχοντες
1151 4413 1290 4478 νῦν,
1339 4407 1415 4466 ὧν
1442 4416 1537 4466 καὶ
1574 4413 1603 4465 ὁ
1632 4411 1886 4482 Χριστὸς,

295 4517 404 4568 τὼν
434 4513 675 4584 θλίψεων
729 4509 954 4581 δηλαδὴ,
989 4505 1384 4575 σπουδάσωμεν
1430 4503 1524 4557 καὶ
1561 4503 1685 4556 τότε
1717 4518 1889 4574 μετα·-

299 4609 450 4676 σιεῖν
475 4606 582 4674 τῆς
617 4604 798 4673 δόξης-

382 4787 641 4854 Ὲᾶνκερ
669 4785 787 4854 τὴν
822 4783 1022 4853 ἀρχὴν
1050 4781 1162 4852 τῆς
1202 4777 1603 4845 ὑποστάσεως
1639 4778 1899 4844 ,ϐεϐαίαν

299 4882 704 4950 γατάσκωμεν
729 4877 905 4948 μέχρι
937 4876 1174 4942 τέλους.
1213 4872 1500 4937 Τουτέστι,
1558 4872 1658 4942 τὴν
1693 4872 1896 4925 πίστιν

291 4975 362 5026 δι’
401 4973 580 5041 αὐτῆς
609 4970 722 5039 γὰρ
747 4970 1064 5038 ὑπέστημεν
1108 4965 1202 5020 καὶ
1231 4962 1583 5034 οὐσιὼθημεν
1605 4961 1891 5034 τὴνίθειαν

294 5068 395 5118 xz".
417 5062 806 5133 πνευματικὴν
860 5060 1144 5122 οὖσιωσιν,
1193 5058 1289 5112 καὶ
1342 5055 1728 5126 ἀναγέννησιν.
1779 5055 1892 5107 Καὶ

297 5155 541 5211 ἐνταῦθα
563 5153 622 5206 δὲ
675 5153 736 5205 τὸ
791 5149 956 5222 μέχρι
991 5149 1177 5212 τέλους
1208 5147 1405 5218 στῆναι
1463 5143 1697 5216 βεὸαιως
1732 5145 1792 5197 ὲν
1821 5146 1887 5214 τῇ

300 5249 481 5301 πίστει
510 5245 754 5298 ἀπαιτεῖ.

381 5339 484 5390 Ἐν
508 5332 588 5400 τῷ
613 5333 905 5402 λέγεσθαι
920 5348 936 5363 ο
982 5328 1253 5399 Σήμερον
1274 5327 1384 5384 ἐὰν
1409 5327 1520 5397 τῆς
1541 5324 1749 5398 φωνῆς
1779 5326 1888 5380 αὑ-

299 5429 404 5484 τοῦ
428 5429 755 5496 ἀκούσητε,
773 5423 864 5495 μὴ
884 5423 1276 5492 σκληρύνητε
1300 5421 1404 5488 τὰς
1427 5420 1676 5489 καρδίας
1695 5417 1884 5489 ὑμῶν,

409 5608 432 5640 ³
467 5613 628 5670 Prov.
669 5627 837 5677 svnt,
866 5609 924 5664 5.
995 5562 1374 5675 “Psalacm,
1411 5609 1463 5664 7.
1541 5610 1562 5640 °
1593 5608 1736 5664 Psal.
1784 5623 1859 5674 Ix,
1896 5604 1986 5662 5-1.

1923 4481 1966 4535 D

2003 645 2273 712 Quamdiu
2330 647 2476 702 enim
2564 648 2765 718 aliquis
2843 648 2952 704 Deo
3021 650 3345 714 adllatserit,
3426 661 3590 721 atque

2010 735 2068 790 in
2131 736 2309 806 ipsum
2380 753 2531 808 spent
2590 753 2744 792 suam
2823 740 3147 803 collocarit.
3210 753 3465 812 tanquam
3534 743 3586 796 iu

2007 843 2134 883 eum
2188 829 2280 897 qui
2315 829 2500 883 omnia
2533 830 2730 898 possit,
2786 830 2918 885 nihil
2982 831 3282 886 arbitratur
3333 833 3588 903 impossi-

2005 921 2135 976 bile.

2078 1010 2245 1066 Vens.
2286 1003 2371 1066 13.
2412 1011 2605 1067 Verum
2629 1013 2995 1069 adltortamiui
3022 1015 3250 1084 vosipsos
3276 1032 3370 1086 per
3399 1015 3584 1087 singu-

2002 1103 2080 1157 los
2103 1104 2235 1164 dies.
2266 1103 2430 1158 donec
2460 1106 2611 1160 Itodie
2641 1118 2880 1161 vocatur.
2927 1106 3040 1163 Hoc
3070 1117 3174 1174 est,
3197 1108 3462 1163 aedifieate
3489 1125 3587 1162 vos

2003 1203 2214 1260 mutuo,
2249 1209 2304 1251 et
2351 1201 2679 1252 conﬁrmato
2732 1214 2796 1254 ac
2846 1199 3060 1267 t‘ulcite,
3120 1217 3186 1256 ne
3233 1202 3466 1257 cadatis.
3529 1201 3606 1264 εἰ,

2002 1284 2128 1354 quis
2157 1293 2341 1339 autem
2365 1287 2648 1348 ceciderit,
2685 1288 2945 1357 corrigite
3012 1292 3190 1360 ipsum
3232 1290 3412 1361 quoad
3438 1292 3588 1347 vixe-

2002 1373 2109 1440 rit;
2147 1373 2250 1428 hoc
2275 1375 2420 1429 enim
2456 1376 2727 1446 signiﬁcat
2762 1380 2906 1448 quod
2955 1383 3030 1433 ait
3059 1423 3073 1445 ,
3103 1381 3278 1435 Donec
3313 1381 3465 1436 hodie
3496 1399 3585 1435 r0-

2001 1476 2178 1520 catur.
2213 1466 2352 1536 Spes
2393 1468 2539 1521 enim
2569 1481 2840 1539 superest.
2872 1470 3106 1527 Maxime
3138 1489 3267 1528 vero
3316 1489 3414 1528 cor
3459 1489 3586 1543 pra-

1999 1573 2125 1612 vum
2152 1557 2316 1612 alicui
2349 1575 2454 1613 non
2500 1559 2629 1612 ins-it
2659 1559 2791 1614 :Sin
2815 1559 3000 1627 fuerit,
3031 1581 3097 1617 ne
3129 1563 3288 1618 cadat
3322 1572 3574 1633 pr0ptcr-

1999 1667 2062 1706 ca
2107 1651 2160 1706 in
2185 1651 2650 1724 desperationem,
2681 1669 2872 1709 verum
2922 1655 3289 1710 adhortamini
3318 1658 3495 1728 ipsum
3525 1664 3580 1712 et

2003 1747 2291 1816 suscipite.

2085 1840 2152 1894 Ut
2182 1857 2284 1894 non
2317 1839 2601 1896 iuduretur
2621 1843 2738 1913 quis
2783 1856 2847 1897 ex
2880 1842 3022 1897 vobis
3079 1841 3304 1910 fallacia
3359 1845 3583 1912 peccati.

2004 1930 2119 1985 lloc
2147 1939 2254 1996 est,
2287 1946 2355 1986 ne
2379 1947 2446 1986 ex
2493 1933 2875 2003 desperatione
2910 1935 2964 1987 in
2997 1921 3429 1988 excmcatiouem
3489 1949 3583 1986 ve-

2005 2023 2144 2090 niat,
2173 2034 2224 2078 ot
2252 2022 2454 2078 callum
2508 2023 2756 2090 inducat,
2789 2033 2953 2096 atque
2993 2026 3316 2081 insnuabilis
3345 2034 3583 2080 maneat.

2002 2112 2475 2181 Quemadmodum
2527 2117 2675 2170 enim
2729 2131 2960 2186 corpora
3035 2118 3302 2173 obdurata
3364 2119 3428 2176 et!
3464 2134 3586 2188 qua:

2001 2208 2205 2262 callum
2282 2206 2657 2275 induxerunt,
2745 2211 3084 2265 medicorum
3147 2210 3400 2264 manibus
3471 2222 3583 2263 non

2000 2296 2204 2352 cedunt
2237 2311 2256 2352 :
2287 2297 2435 2352 hunc
2467 2297 2533 2351 ad
2571 2297 2791 2352 modum
2822 2297 3094 2352 indurata:
3134 2300 3331 2351 animae
3353 2311 3460 2350 non
3491 2311 3584 2350 re-

1999 2387 2135 2443 dunt
2161 2389 2325 2443 verbo
2357 2388 2470 2444 Dei.
2502 2387 2797 2444 Fallaciam
2825 2398 3006 2444 autem
3036 2389 3243 2460 peccati
3276 2397 3456 2452 vocat,
3499 2389 3585 2441 \‘cl

1999 2481 2382 2550 deceptiouem
2418 2481 2648 2543 diaboli,
2678 2481 2972 2547 nimirum,
3033 2497 3146 2536 non
3179 2496 3403 2550 sperare
3436 2481 3584 2534 futu-

2000 2583 2116 2625 ram
2150 2571 2601 2633 retributionem,
2637 2571 2718 2625 vel
2762 2569 3146 2627 indolentiam.
3177 2572 3368 2626 Dicere
3392 2571 3537 2626 enim
3567 2608 3583 2632 ,

1998 2664 2232 2719 Prorsus
2254 2665 2501 2734 relapsus
2523 2678 2645 2718 sum
2673 2663 2936 2734 deinceps
2988 2664 3040 2717 in
3074 2669 3380 2732 peccatum,
3435 2662 3582 2714 nulla

1998 2757 2132 2812 mihi
2164 2772 2291 2827 spes
2330 2756 2505 2811 venire
2540 2773 2554 2810 :
2597 2770 2787 2810 revera
2846 2767 2930 2810 εει
2984 2755 3193 2824 pet-cati
3256 2756 3578 2822 impostuta.

1998 2850 2291 2904 Peccatum
2353 2851 2502 2902 enim
2557 2848 2686 2903 dum
2746 2847 2951 2917 decipit
3019 2857 3072 2900 et
3104 2852 3170 2900 ad
3206 2861 3264 2900 se
3293 2847 3582 2917 pertrahil,

1997 2941 2122 2994 talia
2165 2942 2408 3012 cositare
2433 2940 2581 3002 facit,
2609 2939 2764 3010 juxta
2793 2939 2844 2993 id
2877 2938 3023 3008 quod
3061 2938 3272 2993 dictum
3311 2947 3436 2993 est:
3474 2937 3584 2991 Im-

1996 3031 2112 3097 pius
2145 3047 2264 3084 cum
2296 3031 2350 3083 iu
2371 3029 2710 3100 profundum
2742 3029 3008 3082 malorum
3043 3029 3310 3093 inciderit,
3343 3037 3584 3083 contem-

2247 3122 2349 3190 Qui
2384 3131 2562 3178 autem
2595 3122 2916 3188 contemnit,
2955 3123 2999 3176 is
3026 3137 3202 3190 neque
3233 3121 3459 3176 credere
3493 3137 3586 3173 su-

2000 3220 2192 3274 stinet.
2246 3217 2325 3270 Ex
2371 3223 2600 3287 peccato
2653 3215 2821 3286 igitur
2876 3213 3262 3268 incredulitas.
3322 3211 3583 3266 Dixerunt

1997 3311 2146 3366 enim
2188 3329 2201 3364 :
2243 3307 2364 3362 Non
2390 3307 2582 3362 videbit
2617 3307 2897 3370 Dominus,
2931 3322 3093 3375 neque
3142 3306 3400 3376 intelliget
3440 3304 3582 3358 Deus

1995 3398 2240 3458 Iacob“.
2278 3402 2340 3457 Et
2365 3417 2562 3457 rursus
2600 3401 2788 3456 :Dixit
2814 3402 2952 3455 enim
2977 3403 3032 3455 iu
3071 3402 3228 3455 corde
3279 3417 3398 3466 suo,
3457 3400 3578 3454 Non

1996 3494 2235 3564 exquiret
2261 3494 2280 3523 ⁸
2313 3509 2328 3546 :
2362 3502 2437 3558 et,
2475 3493 2684 3547 Oblitus
2714 3505 2790 3546 est
2818 3492 2981 3556 Deus,
3008 3501 3060 3547 et
3087 3507 3426 3564 quaecunque
3455 3499 3585 3547 sunt

1998 3586 2334 3656 hujusmodi.

2070 3676 2236 3734 Vens.
2269 3678 2356 3733 H.
2397 3677 2690 3746 Participes
2721 3677 2862 3732 enim
2908 3675 3114 3732 Christi
3156 3678 3328 3746 eﬂ'ecti
3374 3692 3581 3731 sumus.

1998 3767 2113 3823 Hoc
2136 3777 2240 3834 est,
2264 3783 2432 3822 unum
2460 3768 2586 3821 facti
2620 3782 2812 3822 sumus
2842 3781 2944 3822 nos
2973 3776 3030 3822 et
3065 3769 3181 3836 ipse
3215 3787 3230 3822 :
3266 3775 3318 3821 et
3353 3768 3432 3823 sic
3457 3782 3581 3836 par-

1996 3860 2293 3928 ticipaums
2322 3858 2462 3926 ejus,
2500 3866 2557 3910 ut
2588 3873 2796 3926 corpus
2827 3857 3048 3926 capitis.
3083 3855 3185 3911 llic
3214 3865 3397 3911 autem
3425 3873 3580 3928 spem

1995 3950 2076 4004 eis
2129 3949 2278 4014 facit,
2332 3947 2562 4018 perinde
2592 3947 2750 4018 quasi
2802 3947 2882 4003 sic
2918 3945 3064 4002 dicat
3102 3963 3117 4001 :
3155 3947 3256 4014 Qui
3318 3963 3418 4004 nos
3445 3947 3582 4003 adeo

1995 4039 2208 4105 dilexit,
2249 4047 2307 4093 ut
2360 4053 2459 4094 nos
2519 4054 2678 4093 suum
2736 4053 2939 4108 corpus
2975 4033 3201 4100 faceret,
3242 4037 3387 4093 haud
3437 4038 3582 4094 sim-t

1996 4146 2100 4185 nos
2125 4149 2151 4182 a
2183 4145 2241 4185 se
2274 4129 2484 4193 divelli,
2522 4131 2568 4184 si
2623 4128 2784 4183 modo
2823 4128 2992 4201 669
3031 4145 3133 4185 nos
3185 4131 3432 4186 velimus.
3493 4131 3581 4186 Si-

1995 4220 2109 4275 mul
2147 4229 2328 4274 autem
2354 4227 2409 4274 et
2440 4219 2572 4273 illud
2603 4218 2766 4274 tacite
2793 4220 3027 4284 indicat,
3060 4219 3208 4291 quod
3237 4221 3345 4276 alio
3371 4221 3426 4276 iu
3458 4222 3580 4276 loco

1995 4312 2202 4367 dictum
2245 4322 2329 4366 est
2368 4327 2382 4364 :
2433 4308 2494 4365 Si
2529 4310 2858 4364 sustinueriu
2881 4325 2966 4373 us,
3028 4320 3076 4365 et
3118 4315 3579 4382 conregnabimus.

1995 4403 2452 4472 Quandoquidem
2484 4403 2628 4458 enim
2663 4404 2986 4458 earumdem
3019 4405 3320 4458 etiamnum
3357 4407 3579 4476 partici-

1997 4514 2092 4570 pes
2118 4514 2334 4562 sumus,
2369 4512 2600 4567 quarum
2626 4505 2678 4550 et
2705 4496 2984 4559 Christus,
3018 4496 3376 4552 alllictionum
3413 4499 3574 4554 vidc-

1996 4593 2143 4658 licet,
2199 4592 2522 4649 studeamus
2573 4592 2738 4647 etiam
2797 4599 2910 4645 tum
2969 4600 3256 4647 consortes
3303 4607 3426 4650 esse
3462 4595 3579 4666 glo-

1997 4685 2113 4739 riae.

2069 4775 2130 4832 Si
2161 4787 2340 4830 tamen
2390 4775 2606 4830 initium
2646 4775 2965 4830 substantia:
2997 4775 3066 4827 ad
3095 4773 3250 4844 ﬂuent
3281 4791 3444 4846 usque
3481 4776 3579 4846 θῖνα

2001 4883 2146 4922 mum
2178 4871 2524 4923 retineamus.
2562 4866 2676 4923 lloc
2709 4879 2817 4933 ρει,
2851 4867 3035 4922 ﬁdem.
3089 4866 3193 4922 Per
3223 4868 3398 4938 ipsam
3426 4871 3574 4925 enim

2001 4961 2380 5023 subsistimus,
2414 4967 2470 5015 et
2516 4959 2700 5014 divina
2731 4969 2944 5013 necnon
3005 4959 3274 5028 spirituali
3335 4965 3575 5017 essentia

2000 5051 2214 5106 fundati
2247 5067 2466 5118 sumus,
2495 5059 2662 5122 atque
2681 5048 3112 5120 regenerationc.
3147 5047 3245 5105 llic
3272 5053 3459 5122 itaque
3488 5052 3580 5106 ﬁr-

1997 5147 2160 5200 miter
2201 5144 2268 5198 ad
2300 5145 2460 5199 ﬁllt‘lll
2513 5159 2688 5215 usque
2737 5143 2792 5196 in
2855 5143 2957 5197 lide
3001 5144 3297 5213 persistere
3336 5146 3503 5216 exigit
3543 5162 3573 5198 a

1997 5238 2179 5292 nobis.

2073 5326 2238 5383 Vens.
2277 5328 2365 5383 15.
2395 5327 2530 5382 Dum
2561 5327 2786 5392 dicitur,
2818 5325 2994 5381 Hodie
3037 5328 3084 5382 si
3124 5342 3297 5381 vocem
3327 5326 3443 5396 ejus
3473 5345 3576 5380 att-

1995 5419 2224 5488 dieritis,
2244 5421 2406 5476 nolite
2427 5420 2692 5477 obdurare
2708 5419 2871 5474 corda
2907 5430 3098 5483 uestra,
3125 5418 3574 5488 quemadmodum

1669 5705 1867 5767 Varite
1896 5701 2225 5766 lectiones.

371 5821 417 5854 ”
439 5823 728 5884 §autou;..
