4080 6416
548 378 654 442 2.27

1374 315 1978 432 ’TI-IEOPHYLACTI
2013 358 2429 425 BULGARIE
2455 358 2813 420 ARCHIEP.

3706 357 3815 420 ἓξὲξ

553 494 608 543 in
643 485 1068 542 exacerbatione.
1137 481 1436 540 Confirmat
1479 479 1751 550 quomodo
1799 478 2026 543 dixerit,
2066 493 2120 529 αι

2241 471 2321 536 ὡς
2350 471 2420 524 ἐν
2460 469 2539 534 τῷ
2574 467 3073 537 παραπικρασμῷ.
3108 465 3526 531 Κατασκευάζει
3559 465 3673 532 πῶς
3697 465 3819 522 εἷπε

549 579 708 648 ﬁnem
743 593 929 646 usque,
958 587 1012 631 et
1039 576 1142 631 hoc
1168 572 1532 644 signiﬁcatur,
1569 569 1764 639 inquit,
1788 584 1905 638 per,
1937 565 2129 622 Hodie.

551 671 688 723 Nam
745 669 928 729 hodie,
972 682 1190 736 semper
1237 677 1362 731 est;
1397 663 1539 719 sicut
1579 676 1743 730 supra
1786 661 1924 714 dixit
1969 677 1982 714 :
2020 661 2133 714 Ad-

550 759 840 813 hortamini
879 776 965 812 vos
1000 771 1205 824 mutuo,
1230 757 1394 810 donec
1423 753 1576 806 hodie
1606 761 1842 806 vocatur.
1867 751 1961 805 Vel
1984 750 2128 821 quod

555 852 732 920 magis
775 849 1116 920 probandum
1147 857 1250 910 est,
1285 855 1470 916 utpote
1503 863 1531 899 a
1568 846 1694 900 divo
1728 845 2126 914 Cbrysostomo

549 941 780 1004 dictum,
826 941 1162 1011 hyperbaton
1203 945 1289 992 est
1331 955 1345 992 :
1401 934 1540 989 Dum
1600 935 1821 1000 dicitur,
1880 934 2049 988 Hodie
2084 933 2132 986 si

548 1047 722 1085 vocem
761 1033 874 1098 ejus
940 1030 1244 1096 audieritis,
1309 1037 1415 1082 etc.
1473 1027 1753 1080 timeamus
1811 1041 1872 1079 ne
1910 1024 2123 1094 quando

551 1123 734 1174 relicta
771 1119 1120 1188 promissione
1161 1119 1204 1182 ⁷,
1268 1127 1322 1172 ει
1377 1131 1498 1188 qua:
1558 1116 1817 1183 deinceps
1877 1127 2122 1182 sequun-

547 1220 658 1265 tur.

623 1303 787 1356 Vsus.
842 1300 927 1355 16.
982 1299 1218 1366 Quidam
1264 1299 1404 1353 enim
1465 1295 1740 1351 audientes
1785 1295 2131 1349 exacerbave-

545 1403 692 1446 runt.
749 1393 972 1449 Audita.
1031 1391 1234 1460 inquit,
1273 1389 1637 1460 promissione
1689 1389 1805 1452 Dei,
1840 1387 2126 1450 nimirum,

549 1485 699 1537 Dabo
727 1483 885 1536 vobis
941 1492 1145 1536 terram
1183 1480 1647 1544 Cbananmorum,
1714 1493 1822 1532 non
1859 1476 2126 1530 adhibue-

543 1583 672 1627 runt
701 1574 749 1628 ei
789 1573 970 1635 tidem,
999 1583 1257 1626 caeterum
1289 1578 1689 1641 exasperarunt
1719 1568 1887 1623 Deum
1913 1581 2009 1637 per
2036 1565 2123 1620 in-

543 1665 948 1718 credulitatem.
986 1661 1180 1718 Videte
1228 1665 1394 1734 igitur
1444 1679 1511 1718 ne
1565 1673 1616 1717 et
1672 1676 1772 1717 vos
1833 1659 2122 1730 promissis

543 1773 654 1810 non
691 1757 956 1811 credatis.
997 1756 1117 1811 Non
1146 1759 1289 1811 enim
1336 1755 1580 1825 proderit
1611 1755 1766 1809 vobis
1793 1752 1984 1808 audire
2035 1767 2126 1808 so—

2243 563 2324 629 τδ,
2356 561 2531 631 μέχρι
2562 561 2777 626 τέλους
2800 575 2812 588 ·
2840 559 2934 614 καί
2965 576 3155 630 φησιν,
3186 561 3268 614 ὅτι
3292 561 3450 614 τοῦτο
3479 560 3734 630 δηλοῦται
3762 562 3821 614 ἐν

2241 655 2319 726 τῷ
2353 654 2630 723 λέγεσθαι,
2657 653 2944 722 σήμερον.
2981 651 3056 706 Τδ
3083 655 3194 723 γὰρ
3243 656 3502 724 σήμερον,
3524 655 3608 706 ἀεί
3631 655 3780 707 ἐστιν
3805 671 3821 684 ο

2244 746 2432 818 ὥσπερ
2461 747 2556 800 καὶ
2584 745 2841 816 ἀνωτέρω
2872 739 3017 798 εἶπεσ
3049 743 3456 812 Παρακαλεῖτε
3483 743 3822 812 ἀλλήλους,

2241 839 2418 909 ἄχρις
2445 835 2517 895 οὗ
2573 839 2639 892 τὸ
2692 838 2961 908 σήμερον
2990 835 3278 892 καλεῖται.
3306 837 3398 900 Ἢ,
3441 835 3471 888 ὃ
3499 837 3590 888 καὶ
3620 834 3824 905 μᾶλλον

2243 933 2547 1003 ἐγκριτέον,
2579 931 2821 1002 ὡςπαρὰ
2844 929 2940 983 τοῦ
2995 931 3054 984 ὲν
3105 929 3284 997 ἁγίοις
3338 928 3585 981 Ἰωάννου
3633 927 3846 998 ῥηθὲν..

2242 1031 2364 1083 καθ’
2396 1029 2705 1100 ὑπερϐατόν
2726 1030 2872 1081 ἐστιν
2905 1044 2920 1059 '
2960 1027 3066 1081 Ἐν
3095 1025 3174 1090 τῷ
3203 1024 3503 1093 λέγεσθαι,
3554 1022 3827 1092 Σήμερον

2243 1120 2352 1172 ἐὰν
2373 1117 2483 1187 τῆς
2504 1117 2711 1188 φωνῆς
2737 1117 3058 1183 ἀκούσητε,
3088 1115 3183 1168 καὶ
3206 1116 3275 1168 τὰ
3296 1113 3445 1183 ἑξῆς,
3471 1111 3825 1182 φοϐηθῶμεν

2227 1209 2466 1276 μήποτε
2490 1205 3014 1275 καταλειπομένης
3039 1205 3424 1273 ἐπαγγελίας,
3452 1203 3548 1256 καὶ
3573 1204 3642 1255 τὰ
3667 1203 3821 1270 ἑξῆς.

2297 1299 2481 1366 ηΤινὲς
2510 1299 2622 1368 γὰρ
2679 1299 3056 1364 ἀκούσαντες
3103 1297 3572 1366 παρεπίκραναν,
3631 1295 3827 1347 ’Λκού-

2243 1408 2459 1455 σαντες,
2493 1390 2652 1461 φησὶ,
2681 1391 2780 1459 τῆς
2811 1390 3146 1458 ἐπαγγελίας
3186 1388 3281 1441 τοῦ
3320 1387 3478 1451 Θεοῦ,
3529 1388 3611 1440 ὅτι
3653 1385 3828 1439 Δώσω

2238 1484 2366 1551 ὑμῖν
2391 1481 2490 1554 τὴν
2523 1482 2624 1550 γῆν
2650 1481 2761 1534 τῶν
2807 1481 3152 1546 Χαναναίων,
3183 1481 3512 1550 ἠπίστησαν,
3555 1480 3650 1532 καὶ
3675 1495 3825 1549 παρ-

2235 1572 2539 1643 επίκραναν
2571 1572 2661 1627 τὸν
2688 1573 2822 1626 Θεὸν
2850 1573 2936 1626 διὰ
2957 1575 3056 1644 τὴν
3107 1571 3388 1626 ἀπιστίαν.
3449 1568 3682 1623 Βλέπετε
3723 1564 3827 1622 οὖν

2241 1666 2315 1736 μὴ
2344 1667 2438 1719 καὶ
2476 1666 2637 1736 ὑμεῖς
2691 1666 3032 1737 ἀπιστήσητε
3082 1667 3195 1729 τοῖς
3251 1663 3707 1735 ἐπηγγελμένας.
3743 1661 3826 1714 Οὐ

2234 1757 2345 1826 γὰρ
2383 1755 2656 1825 ὠφελήσει
2682 1756 2826 1826 ὑμᾶς
2867 1755 2928 1808 τὸ
2966 1755 3198 1808 ἀκοῦσαι
3225 1755 3408 1824 μόνον,
3463 1754 3560 1807 ἐὰν
3606 1752 3682 1824 μὴ
3723 1751 3828 1806 καὶ

543 1849 677 1911 lum,
716 1849 816 1902 nisi
859 1859 913 1902 et
943 1846 1295 1903 credideritis
1333 1865 1348 1902 :
1383 1847 1612 1918 perinde
1666 1861 1731 1900 ac
1776 1859 1952 1916 neque
2010 1846 2120 1902 illis

2232 1847 2590 1917 πιστεύσητε.
2614 1849 2826 1918 Ὥσπερ
2847 1848 2968 1900 οὐδὲ
3004 1847 3249 1910 ἐκείνους
3278 1845 3565 1916 ὠφέλησεν
3589 1846 3621 1916 ἡ
3652 1846 3826 1915 ἀκοὴ,

543 1939 754 2008 profuit
833 1940 1056 1993 auditus
1121 1957 1135 1993 :
1207 1941 1337 2008 quin
1415 1939 1602 2009 potius
1665 1939 1735 1992 ob
1797 1938 1848 1992 id
1914 1939 2121 2009 justius

541 2032 894 2099 interierunt,
938 2032 1198 2102 quoniam
1255 2030 1350 2086 Dci
1387 2031 1736 2087 sermonibus
1783 2045 1893 2085 non
1943 2030 2122 2085 credi~

538 2122 759 2178 derunt.

611 2212 717 2266 Sed
747 2231 850 2266 non
885 2214 1120 2267 universi
1143 2214 1234 2283 qui
1265 2212 1491 2283 profecti
1521 2223 1644 2268 sunt
1671 2214 1735 2267 ab
1773 2213 2010 2286 ﬁgypto
2030 2230 2124 2284 per

538 2301 783 2372 Moysen.
815 2303 984 2358 Calcb
1017 2305 1162 2357 enim
1194 2315 1250 2358 et
1308 2303 1470 2359 Jesus
1524 2320 1633 2358 non
1667 2304 1889 2358 fuerunt
1945 2307 2124 2361 incre-

539 2395 687 2448 duli:
717 2410 833 2448 eam
866 2395 935 2448 ob
970 2409 1195 2450 causam
1225 2398 1464 2452 assecuti
1507 2406 1636 2451 sunt
1667 2396 2117 2467 promissionem,

539 2487 887 2556 ingressique
916 2496 1045 2542 sunt
1078 2487 1130 2541 in
1166 2487 1541 2544 Palaestinam.

614 2576 773 2632 Vsus.
812 2578 896 2633 i7.
942 2578 1144 2644 Quibus
1170 2588 1347 2634 autem
1379 2581 1628 2650 ,infeusus
1665 2591 1742 2635 est
1767 2562 2124 2653 quadragitita

539 2669 694 2722 annis
719 2671 744 2722 ?
773 2686 945 2723 nonne
971 2671 1036 2724 iis
1068 2671 1158 2740 qui
1186 2683 1554 2740 peccaverant,
1583 2691 1806 2744 quarunt
1863 2677 2124 2730 cadavera

531 2769 806 2830 prostrata
852 2771 975 2815 sunt
1036 2762 1091 2836 in
1145 2764 1413 2820 deserto?
1463 2763 1568 2820 Per
1636 2766 2120 2840 interrogationem

536 2867 849 2908 sermonem
909 2855 1067 2918 texit,
1111 2870 1222 2924 quo
1253 2855 1458 2910 clarior
1511 2857 1607 2922 sit,
1659 2859 1955 2928 minusque
1987 2876 2123 2916 con-

537 2943 885 2999 tradictionis
942 2945 1159 3000 habeat.
1248 2947 1713 3018 lnterrogatioues
1783 2967 2017 3020 namque
2067 2953 2121 3008 in

538 3035 811 3091 confessis
835 3045 999 3106 atque
1030 3038 1200 3094 certis
1225 3049 1526 3108 ponuntur.
1558 3039 1823 3112 Proponit
1859 3050 2038 3098 autem
2070 3053 2124 3099 et

2225 1939 2362 1994 ἀλλὰ
2403 1939 2614 2010 μᾶλλον
2660 1939 2751 1993 διὰ
2806 1939 2968 1993 τοῦτο
3007 1937 3288 1995 ἀπώλοντο
3331 1937 3696 2010 δικαιότερον,
3733 1939 3828 1993 ὅτι

2225 2033 2360 2086 Θεοῦ
2388 2033 2568 2102 λόγοις
2599 2032 2928 2104 ἠπίστησαν.

2291 2212 2455 2268 ’Ἀλλ’
2487 2215 2561 2268 οὐ
2597 2213 2828 2279 πάντες
2879 2215 2934 2267 οἱ
2979 2212 3334 2278 ἐξελθόντες
3397 2212 3468 2278 ἐξ
3513 2213 3828 2280 Αἰγύπτου

2223 2303 2323 2359 διὰ
2345 2303 2666 2368 Μωῦσέως.
2700 2303 2760 2358 '0
2779 2306 2888 2376 γὰρ
2914 2303 3093 2358 Kell-.6
3117 2303 3214 2358 καὶ
3241 2302 3448 2374 Ἰησοῦς
3463 2305 3563 2357 οὐκ
3580 2304 3827 2374 ἠπίστη-

2227 2415 2346 2452 σαν.
2378 2397 2469 2451 Διὸ
2494 2397 2589 2452 καὶ
2615 2396 2807 2468 ἔτυχον
2833 2399 2878 2432 ⁸³
2908 2397 3008 2469 τῆς
3048 2397 3405 2467 ἐπαγγελίας,
3439 2399 3536 2452 καὶ
3565 2398 3828 2468 εἰσῆλθεν

2227 2491 2307 2553 εἰς
2342 2490 2732 2558 Παλαιστίνην.

2301 2581 2427 2635 Τίσι
2457 2579 2525 2635 δὲ
2551 2579 2937 2650 προσώχθισα
2966 2582 3448 2650 τεσσαράκοντα
3481 2583 3584 2650 ἄτη
3608 2599 3627 2647 ;
3665 2584 3825 2652 Οὐχὶ

2227 2671 2350 2738 τοῖς
2381 2672 2826 2742 ἁμαρτήσασιν,
2875 2669 2966 2726 ὧν
3024 2673 3095 2729 τὰ
3145 2672 3311 2728 κῶλα
3354 2674 3583 2729 ἔπεσον
3630 2675 3700 2728 ἐν
3740 2675 3825 2744 τῇ

2225 2763 2622 2833 ἐρήμῳ;Κατ’
2651 2765 2924 2838 ἐρώτησιν
2969 2769 3205 2820 ποιεῖται
3243 2767 3338 2820 τὸν
3381 2767 3573 2836 λόγον,
3625 2767 3714 2821 διὰ
3759 2773 3827 2823 τὸ

2228 2855 2568 2927 σαφέστερον
2594 2857 2688 2910 καὶ
2714 2857 3261 2929 ἀναντιῤῥητότερον.
3291 2857 3373 2912 Τὰ
3394 2859 3501 2928 γὰρ
3531 2859 3651 2912 κατ’
3679 2859 3829 2926 ἐρώ-

2225 2963 2408 3018 τησιν,
2445 2948 2540 3001 ἐπὶ
2567 2947 2677 3000 τῶν
2715 2947 3172 3018 ὁμολογουμένων
3211 2946 3472 3002 τίθενται.
3517 2948 3827 3020 Προτιοησι

2225 3039 2283 3093 δὲ
2309 3041 2406 3093 καὶ
2429 3038 2530 3110 τὴν
2549 3039 2847 3110 τιμωρίαν.
2914 3041 3151 3092 Ἐπεσον
3205 3040 3339 3110 γὰρ,
3369 3039 3524 3110 φησι,
3559 3039 3630 3093 τὰ
3665 3040 3826 3094 κῶλα

546 3139 788 3194 ρωιιεπι.
842 3125 1126 3181 Prostrata
1179 3130 1510 3194 suntenim,
1543 3129 1742 3200 inquit,
1794 3131 1850 3184 iu
1906 3135 2120 3188 deserto

2232 3132 2412 3186 αὐτῶν
2453 3132 2512 3184 ὲν
2565 3134 2632 3202 τῇ
2681 3133 2895 3202 ἐρήμῳ,
2933 3131 3203 3197 τουτέστι,
3236 3132 3306 3184 τὰ
3347 3132 3562 3202 μεγάλα
3586 3132 3684 3185 καὶ
3711 3150 3828 3204 μη-

537 3217 785 3286 ipsorum
840 3217 1013 3285 κῶλα,
1044 3219 1152 3275 hoc
1195 3229 1302 3288 est,
1362 3235 1558 3290 magna
1609 3221 1836 3280 iunioris
1872 3238 2024 3280 ossa.
2076 3225 2120 3281 A

2234 3227 2382 3295 ριαϊα
2407 3225 2563 3279 ὀστᾶ.
2607 3195 2997 3296 ..μέρους
3047 3222 3104 3277 δὲ
3150 3195 3219 3278 τὰ
3261 3195 3360 3278 δλσὶ
3406 3195 3636 3293 σώματα
3690 3195 3822 3294 {81's,-

538 3317 695 3378 parte
729 3319 912 3364 autem
953 3320 1062 3365 tota
1095 3325 1331 3381 corpora
1365 3313 1721 3382 signitiiavit.

614 3400 782 3458 Vsus.
819 3402 1028 3467 18,19.
1075 3403 1283 3470 Quibus
1329 3415 1510 3460 autem
1558 3408 1767 3474 juravit
1818 3426 1923 3464 non
1951 3410 2121 3463 intre-

536 3502 686 3546 turos
741 3497 796 3547 in
854 3495 1086 3565 requiem
1145 3513 1344 3564 suam,
1409 3499 1516 3554 nisi
1560 3500 1673 3553 illis
1725 3502 1816 3571 qui
1857 3503 2122 3563 increduli

537 3585 805 3652 fuerunt?
838 3586 906 3640 Et
935 3589 1170 3645 videmus
1225 3592 1366 3658 quod
1416 3609 1520 3648 non
1572 3603 1858 3659 potuerunt
1897 3597 2120 3650 introire

531 3685 750 3743 propter
800 3677 1257 3736 incredulitatem.
1292 3679 1462 3737 Paulo
1517 3693 1643 3740 ante
1678 3685 1839 3752 dixit,
1901 3687 1968 3741 iis
2029 3687 2120 3757 qui

533 3780 880 3834 peccaverant
908 3786 926 3824 :
956 3787 1104 3826 nunc
1135 3781 1342 3838 autem,
1379 3775 1446 3829 iis
1467 3776 1558 3846 qui
1602 3791 1707 3832 non
1755 3777 2115 3833 crediderunt.

534 3855 770 3912 Videtur
829 3859 1001 3930 igitur
1060 3862 1308 3919 indicare
1358 3863 1616 3921 ﬁdelibus
1675 3867 1797 3923 istis
1852 3867 2116 3934 llcbrazis,

535 3949 685 4012 quod
717 3950 769 4004 in
792 3952 897 4005 alia
923 3953 1091 4008 etiam
1128 3961 1356 4024 peccata
1410 3973 1517 4012 non
1558 3959 1718 4027 pauci
1757 3973 1949 4014 eorum
2006 3962 2118 4016 sint

534 4039 696 4108 lapsi,
739 4035 939 4110 praeter
964 4044 1478 4110 pusillanimitatem
1509 4058 1564 4102 et
1585 4047 1899 4103 futurorum
1928 4051 2112 4105 incre-

531 4131 842 4185 dulitatem.
892 4135 1058 4205 670
1109 4135 1371 4193 Videmus
1422 4139 1611 4209 igitur,
1667 4141 1813 4210 quod
1871 4141 2116 4198 inﬁdeles

536 4238 645 4275 non
681 4223 792 4278 sint
833 4224 1071 4295 ingressi
1129 4228 1182 4282 in
1225 4231 1496 4300 requiem,
1534 4231 1636 4286 hoc
1680 4239 1787 4296 est,
1825 4232 1898 4288 ob
1927 4233 2114 4288 oculos

532 4313 693 4371 nobis
723 4317 900 4386 posita
934 4330 1095 4374 estet
1121 4321 1174 4375 in
1205 4320 1460 4377 confesso
1482 4324 1684 4393 peccati
1717 4339 1898 4395 poena.

1133 4447 1512 4520 carurivn

599 4561 763 4616 Vnus.
806 4562 858 4617 l.
898 4564 1192 4621 Timeamus
1222 4583 1346 4639 ergo
1371 4573 1646 4641 nequando
1681 4575 1868 4628 relicta
1898 4576 2111 4644 pollici—

533 4656 730 4708 tatione
759 4654 1064 4709 introeundi
1097 4659 1151 4712 in
1185 4663 1414 4731 requiem
1446 4665 1585 4733 ejus.
1635 4665 1734 4721 llic
1767 4676 1852 4722 est
1882 4668 2118 4723 redditio

532 4744 696 4806 illius.
725 4745 866 4800 Dum
892 4747 1310 4820 dicitur,§Hodie
1331 4756 1378 4809 si
1401 4772 1574 4810 vocem
1593 4758 1707 4826 ejus
1735 4760 2040 4825 audieritis,
2063 4768 2116 4813 et

531 4850 652 4902 qua!
679 4847 985 4907 sequuntur
1021 4858 1037 4895 :
1063 4842 1371 4904 metuamus
1405 4864 1474 4903 ne
1502 4859 1556 4904 et
1582 4851 1740 4906 nobis
1761 4853 1952 4907 eadem
1984 4866 2117 4906 con-

2227 3320 2365 3371 λωσε
2376 3358 2389 3372 .

2303 3410 2432 3462 Τίσι
2454 3409 2522 3463 δὲ
2549 3411 2750 3480 ὤμοσε
2779 3416 2864 3484 μὴ
2898 3419 3356 3473 εἰσελεύσεσθαι
3382 3420 3468 3483 εὶς
3498 3416 3611 3483 τὴν
3638 3413 3826 3468 κατά-

2224 3512 2456 3552 παυσιν
2481 3502 2691 3569 αὐτοῦ,
2723 3507 2776 3559 ει
2789 3506 2877 3574 μὴ
2915 3507 3038 3574 τοῖς
3067 3509 3436 3576 ἀπειθήσασι
3463 3522 3481 3569 ;
3522 3504 3627 3559 Καὶ
3660 3504 3824 3569 ﬁas-

2223 3607 2415 3660 πομεν
2446 3593 2537 3648 ὅτι
2598 3597 2711 3651 οὐκ
2765 3599 3168 3669 ἠδυνήθησαν
3220 3599 3516 3654 εἰσελθεῖν
3553 3597 3652 3652 διὰ
3697 3597 3823 3662 τὴν

2222 3683 2532 3741 ἀπιστίαν.
2573 3688 2856 3761 Ἀνωτέρω
2886 3693 3005 3762 μὲν,
3038 3691 3483 3762 ἁμαρτήσασιν,
3516 3685 3638 3743 εῐπε
3659 3706 3672 3720 ·
3713 3688 3819 3742 νῦν

2221 3777 2298 3841 δὲ,
2335 3778 2766 3845 ἀπειθήσασιν.
2797 3785 3016 3838 Ἔοικεν
3068 3785 3160 3838 οὖν
3211 3785 3544 3838 αἰνίττεσθαι
3585 3785 3698 3847 τοῖς
3749 3783 3818 3846 ἐξ

2235 3865 2504 3940 Ἐϐραίων
2522 3870 2734 3934 τούτοις
2770 3875 3003 3941 πιστοῖς,
3026 3875 3106 3929 ὅτι
3140 3876 3236 3928 καὶ
3252 3877 3330 3939 εἰς
3353 3874 3518 3938 ἄλλας
3532 3875 3818 3946 ἁμαρτίας

2222 3960 2409 4013 πολλοὶ
2446 3961 2629 4016 αὐτῶν
2658 3963 3069 4028 ὲξωλέσθαινον,
3103 3967 3241 4036 μετὰ
3280 3966 3376 4020 τοῦ
3410 3967 3506 4020 καὶ
3540 3965 3818 4036 μικροψυ-

2222 4055 2337 4122 χεῖν
2361 4054 2455 4108 καὶ
2512 4056 2766 4113 ἀπιστεῖν
2791 4060 2906 4123 τοῖς
2941 4058 3249 4129 μέλλουσιν.
3281 4061 3344 4114 Οἱ
3379 4060 3560 4113 τοίνυν
3575 4059 3818 4127 ἀπειθή-

2223 4164 2440 4214 σαντες,
2480 4149 2754 4220 βλέπομεν
2801 4151 2884 4204 ὅτι
2940 4155 3042 4206 οὐκ
3069 4151 3355 4223 εἰσῆλθον·
3383 4152 3652 4215 τουτέστι,
3697 4152 3813 4221 πρὸ

2219 4239 2514 4307 ὀφθαλμῶν
2574 4243 2707 4312 ἡμῖν
2774 4247 2889 4298 ἐστι
2964 4245 3059 4299 καὶ
3105 4246 3526 4317 ὡμολογημένον
3579 4245 3642 4299 τὸ
3705 4245 3816 4315 τῆς

2221 4333 2494 4405 ἁμαρτίας
2535 4334 2826 4405 ἐπιτίμιον.

2817 4467 3069 4522 ΚΕΦΛΛ.
3111 4470 3182 4522 Δ’.
3233 4495 3242 4504 ·

2293 4583 2649 4652 Φοϐηθῶμεν
2681 4578 2795 4640 οὖν
2816 4585 3051 4653 μήποτε
3089 4587 3607 4657 καταλειπομένης
3631 4587 3813 4656 ἐπαγ-

2222 4673 2430 4742 γελίας
2490 4676 2790 4728 εἰσελθεῖν
2845 4680 2934 4744 εἱς
2987 4678 3102 4743 τὴν
3165 4677 3552 4732 κατάπαυσιν
3594 4677 3808 4734 αὐτοῦ.

2233 4764 2501 4820 Ἐνταῦθα
2535 4769 2566 4834 ἡ
2601 4767 2863 4832 ἀπόδοσις
2891 4769 3008 4833 τοῦ,
3028 4769 3130 4823 Ἔν
3173 4770 3255 4836 τῷ
3275 4770 3580 4841 λέγεσθαι,
3613 4771 3814 4839 Σήμε-

2209 4872 2328 4922 ρον
2355 4857 2464 4911 ὲὰν
2491 4857 2602 4926 τῆς
2639 4860 2845 4929 φωνῆς
2866 4861 3054 4917 αὑτοῦ
3083 4863 3406 4932 ἀκούσητε,
3439 4867 3534 4918 καὶ
3562 4865 3629 4918 τὰ
3654 4863 3804 4932 ἑξῆς·

532 4926 765 4996 tiugant.
799 4929 1096 5000 Caeterum,
1142 4938 1309 5006 Ergo,
1358 4939 1483 4995 ideo
1517 4943 1756 5010 positum
1801 4956 1906 5006 est,
1960 4946 2106 5013 quod

2232 4947 2546 5020 ιιοϐηθῶμεν
2575 4926 2770 5022 μήπως
2796 4926 2892 5007 παὶ
2943 4955 3075 5023 ἡμῖν
3103 4955 3171 5007 τὰ
3211 4926 3355 5008 αὐτὰ
3389 4926 3592 5026 συμϐῇ.
3621 4926 3804 5021 Τὸ-

531 5017 750 5088 longius
780 5021 852 5076 sit
877 5023 1042 5078 dilata
1066 5027 1266 5094 oratio,
1299 5031 1618 5101 priusquam
1652 5033 1886 5089 redditio
1913 5050 2106 5106 seque-

530 5119 702 5165 retur.

613 5200 868 5258 Videatur
893 5207 1088 5278 aliquis
1108 5209 1307 5266 deesse.
1335 5212 1448 5268 lloc
1469 5223 1573 5277 est,
1596 5230 1664 5269 ne
1691 5231 1802 5286 quo
1823 5219 1984 5272 modo
2013 5219 2107 5275 de-

531 5291 698 5360 ﬁciat,
733 5312 799 5350 ac
830 5301 1126 5356 frustretur
1159 5303 1409 5370 ingressu
1448 5307 1499 5361 in
1532 5308 1776 5378 requiem
1809 5309 1950 5366 hanc
1983 5327 2110 5381 pro-

535 5385 782 5441 missam.
814 5389 1140 5449 llilariorem
1169 5403 1352 5452 autem
1388 5408 1442 5454 et
1475 5400 1656 5457 minus
1680 5400 1964 5458 molestam
1989 5419 2118 5459 ora-

602 5555 623 5586 ⁷
651 5555 816 5613 llcbr.
852 5577 924 5628 μ’,
952 5563 1006 5620 ’5.

2221 5036 2357 5109 οὖν,
2382 5041 2539 5114 ὲτὲοη
2561 5044 2652 5098 διὰ
2681 5045 2740 5100 τὸ
2761 5046 2849 5098 διὰ
2885 5047 3099 5119 μακροῦ
3126 5047 3480 5103 ἀποδεδόσθαι
3503 5049 3595 5102 τὸν
3621 5048 3806 5116 λόγον,
3868 5093 3872 5097 .

2215 5133 2614 5204 ὲπαναλήψεως
2644 5139 2968 5209 γενομένης.

2285 5225 2443 5294 Δοκῇ
2487 5244 2579 5292 τις
2607 5229 3034 5299 ὑστερηκέναιο
3079 5231 3364 5299 Τουτέστι,
3420 5235 3615 5304 μήπως
3645 5235 3806 5288 ὑστε-

2219 5318 2364 5390 ρήσῃ
2392 5321 2487 5372 καὶ
2511 5321 2819 5393 ἀπολειφθῇ
2856 5321 2951 5374 τοῦ
2982 5322 3247 5378 εἰσελθεῖν
3274 5327 3354 5388 εἰς
3389 5325 3488 5396 τὴν
3513 5326 3804 5380 κατάπαυ-

2218 5423 2304 5459 σιν
2353 5408 2557 5480 ταύτην
2598 5409 2697 5482 τὴν
2752 5413 3192 5487 ἐπηγγελμένην.
3228 5415 3579 5487 Ἱλαρώτερον
3609 5416 3666 5470 δὲ
3703 5417 3804 5470 καὶ

1912 5694 2110 5756 Variae
2143 5694 2470 5761 lectiones.

604 5773 648 5804 '9
681 5774 947 5846 ἐπέτυχον
986 5792 1038 5831 0.
