  <div class='ocr_page' id='page_1' title='image "/cluster/home/n/w/nwhite01/storage/ocr_20150623/125:no.3/coo.31924054870302/123.png"; bbox 0 0 4080 6412; ppageno 0'>
   <div class='ocr_carea' id='block_1_1' title="bbox 461 349 560 412">
    <p class='ocr_par' dir='ltr' id='par_1_1' title="bbox 461 349 560 412">
     <span class='ocr_line' id='line_1_1' title="bbox 461 349 560 412; baseline 0 -2"><span class='ocrx_word' id='word_1_1' title='bbox 461 349 560 412; x_wconf 73' lang='lat'><strong>231</strong></span> 
     </span>
    </p>
   </div>
   <div class='ocr_carea' id='block_1_2' title="bbox 1345 353 2761 416">
    <p class='ocr_par' dir='ltr' id='par_1_2' title="bbox 1345 353 2761 416">
     <span class='ocr_line' id='line_1_2' title="bbox 1345 353 2761 416; baseline 0.003 -4"><span class='ocrx_word' id='word_1_2' title='bbox 1345 353 1920 413; x_wconf 69' lang='lat' dir='ltr'><strong>TlIEOi’lIYLACTI</strong></span> <span class='ocrx_word' id='word_1_3' title='bbox 1955 353 2366 414; x_wconf 66' lang='lat' dir='ltr'><strong>BULGARIAE</strong></span> <span class='ocrx_word' id='word_1_4' title='bbox 2401 355 2761 416; x_wconf 79' lang='lat' dir='ltr'><strong>ARCHIEP.</strong></span> 
     </span>
    </p>
   </div>
   <div class='ocr_carea' id='block_1_3' title="bbox 3622 356 3736 419">
    <p class='ocr_par' dir='ltr' id='par_1_3' title="bbox 3622 356 3736 419">
     <span class='ocr_line' id='line_1_3' title="bbox 3622 356 3736 419; baseline -0.018 -1"><span class='ocrx_word' id='word_1_5' title='bbox 3622 356 3736 419; x_wconf 68' lang='grc'><strong>222</strong></span> 
     </span>
    </p>
   </div>
   <div class='ocr_carea' id='block_1_4' title="bbox 467 460 2042 540">
    <p class='ocr_par' dir='ltr' id='par_1_4' title="bbox 467 460 2042 534">
     <span class='ocr_line' id='line_1_4' title="bbox 467 460 2042 534; baseline 0.006 -26"><span class='ocrx_word' id='word_1_6' title='bbox 467 464 541 512; x_wconf 77' lang='lat' dir='ltr'><strong>vit</strong></span> <span class='ocrx_word' id='word_1_7' title='bbox 569 460 867 529; x_wconf 80' lang='lat' dir='ltr'><strong>quominus</strong></span> <span class='ocrx_word' id='word_1_8' title='bbox 921 463 1152 534; x_wconf 85' lang='lat' dir='ltr'><strong>posthac</strong></span> <span class='ocrx_word' id='word_1_9' title='bbox 1184 461 1448 518; x_wconf 89' lang='lat' dir='ltr'><strong>introitus</strong></span> <span class='ocrx_word' id='word_1_10' title='bbox 1476 463 1528 516; x_wconf 89' lang='lat' dir='ltr'><strong>in</strong></span> <span class='ocrx_word' id='word_1_11' title='bbox 1571 473 1767 517; x_wconf 88' lang='lat' dir='ltr'><strong>terram</strong></span> <span class='ocrx_word' id='word_1_12' title='bbox 1809 467 2042 533; x_wconf 87' lang='lat' dir='ltr'><strong>promis-</strong></span> 
     </span>
    </p>
   </div>
   <div class='ocr_carea' id='block_1_5' title="bbox 2146 460 3737 540">
    <p class='ocr_par' dir='ltr' id='par_1_5' title="bbox 2154 467 3737 540">
     <span class='ocr_line' id='line_1_5' title="bbox 2154 467 3737 540; baseline 0.003 -22"><span class='ocrx_word' id='word_1_13' title='bbox 2154 467 2415 539; x_wconf 78' lang='grc' dir='ltr'><strong>λεχθῆναι</strong></span> <span class='ocrx_word' id='word_1_14' title='bbox 2444 469 2490 499; x_wconf 83' lang='grc'><strong>⁷²</strong></span> <span class='ocrx_word' id='word_1_15' title='bbox 2553 469 2647 522; x_wconf 68' lang='grc' dir='ltr'><strong>καὶ</strong></span> <span class='ocrx_word' id='word_1_16' title='bbox 2710 467 2806 540; x_wconf 77' lang='grc' dir='ltr'><strong>τὴν</strong></span> <span class='ocrx_word' id='word_1_17' title='bbox 2872 469 2948 531; x_wconf 72' lang='grc' dir='ltr'><strong>εἰς</strong></span> <span class='ocrx_word' id='word_1_18' title='bbox 2981 468 3080 538; x_wconf 80' lang='grc' dir='ltr'><strong>τὴν</strong></span> <span class='ocrx_word' id='word_1_19' title='bbox 3129 468 3230 536; x_wconf 77' lang='grc' dir='ltr'><strong>γῆν</strong></span> <span class='ocrx_word' id='word_1_20' title='bbox 3269 467 3365 538; x_wconf 78' lang='grc' dir='ltr'><em>τῆς</em></span> <span class='ocrx_word' id='word_1_21' title='bbox 3403 467 3737 538; x_wconf 79' lang='grc' dir='ltr'><strong>ἐπαγγελίας</strong></span> 
     </span>
    </p>
   </div>
   <div class='ocr_carea' id='block_1_6' title="bbox 464 552 2048 625">
    <p class='ocr_par' dir='ltr' id='par_1_6' title="bbox 464 552 2048 625">
     <span class='ocr_line' id='line_1_6' title="bbox 464 552 2048 625; baseline 0.004 -20"><span class='ocrx_word' id='word_1_22' title='bbox 464 552 639 607; x_wconf 85' lang='lat' dir='ltr'><strong>sionis</strong></span> <span class='ocrx_word' id='word_1_23' title='bbox 686 554 849 608; x_wconf 87' lang='lat' dir='ltr'><strong>etiam</strong></span> <span class='ocrx_word' id='word_1_24' title='bbox 883 556 1160 612; x_wconf 72' lang='lat' dir='ltr'><strong>diceretur</strong></span> <span class='ocrx_word' id='word_1_25' title='bbox 1191 555 1411 625; x_wconf 84' lang='lat' dir='ltr'><strong>requies</strong></span> <span class='ocrx_word' id='word_1_26' title='bbox 1445 571 1461 610; x_wconf 85' lang='lat'><strong>:</strong></span> <span class='ocrx_word' id='word_1_27' title='bbox 1491 555 1571 610; x_wconf 92' lang='lat' dir='ltr'><strong>sic</strong></span> <span class='ocrx_word' id='word_1_28' title='bbox 1617 556 1728 624; x_wconf 86' lang='lat' dir='ltr'><strong>jam</strong></span> <span class='ocrx_word' id='word_1_29' title='bbox 1765 555 1897 609; x_wconf 86' lang='lat' dir='ltr'><strong>nihil</strong></span> <span class='ocrx_word' id='word_1_30' title='bbox 1924 572 2048 625; x_wconf 83' lang='lat' dir='ltr'><strong>pro-</strong></span> 
     </span>
    </p>
   </div>
   <div class='ocr_carea' id='block_1_7' title="bbox 466 644 2044 717">
    <p class='ocr_par' dir='ltr' id='par_1_7' title="bbox 466 644 2044 717">
     <span class='ocr_line' id='line_1_7' title="bbox 466 644 2044 717; baseline 0.002 -20"><span class='ocrx_word' id='word_1_31' title='bbox 466 644 618 699; x_wconf 91' lang='lat' dir='ltr'><strong>hibet</strong></span> <span class='ocrx_word' id='word_1_32' title='bbox 651 655 772 714; x_wconf 88' lang='lat' dir='ltr'><strong>post</strong></span> <span class='ocrx_word' id='word_1_33' title='bbox 824 647 966 703; x_wconf 90' lang='lat' dir='ltr'><strong>hanc</strong></span> <span class='ocrx_word' id='word_1_34' title='bbox 1022 665 1216 708; x_wconf 86' lang='lat' dir='ltr'><strong>rursus</strong></span> <span class='ocrx_word' id='word_1_35' title='bbox 1256 648 1500 717; x_wconf 86' lang='lat' dir='ltr'><strong>requiem</strong></span> <span class='ocrx_word' id='word_1_36' title='bbox 1553 647 1736 701; x_wconf 85' lang='lat' dir='ltr'><strong>vocari</strong></span> <span class='ocrx_word' id='word_1_37' title='bbox 1783 646 2044 713; x_wconf 73' lang='lat' dir='ltr'><strong>futuram,</strong></span> 
     </span>
    </p>
   </div>
   <div class='ocr_carea' id='block_1_8' title="bbox 466 739 2045 808">
    <p class='ocr_par' dir='ltr' id='par_1_8' title="bbox 466 739 2045 808">
     <span class='ocr_line' id='line_1_8' title="bbox 466 739 2045 808; baseline 0.003 -19"><span class='ocrx_word' id='word_1_38' title='bbox 466 753 690 807; x_wconf 78' lang='lat' dir='ltr'><strong>regnum</strong></span> <span class='ocrx_word' id='word_1_39' title='bbox 720 740 977 796; x_wconf 75' lang='lat' dir='ltr'><strong>videlicet</strong></span> <span class='ocrx_word' id='word_1_40' title='bbox 1001 741 1288 806; x_wconf 75' lang='lat' dir='ltr'><strong>cmlorum,</strong></span> <span class='ocrx_word' id='word_1_41' title='bbox 1321 740 1375 794; x_wconf 90' lang='lat' dir='ltr'><strong>in</strong></span> <span class='ocrx_word' id='word_1_42' title='bbox 1403 740 1545 808; x_wconf 91' lang='lat' dir='ltr'><strong>quod</strong></span> <span class='ocrx_word' id='word_1_43' title='bbox 1580 739 1616 792; x_wconf 90' lang='lat' dir='ltr'><strong>ii</strong></span> <span class='ocrx_word' id='word_1_44' title='bbox 1649 739 1742 808; x_wconf 91' lang='lat' dir='ltr'><strong>qui</strong></span> <span class='ocrx_word' id='word_1_45' title='bbox 1790 754 1898 793; x_wconf 87' lang='lat' dir='ltr'><strong>non</strong></span> <span class='ocrx_word' id='word_1_46' title='bbox 1929 757 2045 794; x_wconf 69' lang='lat' dir='ltr'><strong>cre-</strong></span> 
     </span>
    </p>
   </div>
   <div class='ocr_carea' id='block_1_9' title="bbox 461 829 1308 901">
    <p class='ocr_par' dir='ltr' id='par_1_9' title="bbox 461 829 1308 901">
     <span class='ocr_line' id='line_1_9' title="bbox 461 829 1308 901; baseline 0.004 -21"><span class='ocrx_word' id='word_1_47' title='bbox 461 829 744 898; x_wconf 87' lang='lat' dir='ltr'><strong>diderunt,</strong></span> <span class='ocrx_word' id='word_1_48' title='bbox 771 847 882 885; x_wconf 90' lang='lat' dir='ltr'><strong>non</strong></span> <span class='ocrx_word' id='word_1_49' title='bbox 907 832 1308 901; x_wconf 71' lang='lat' dir='ltr'><strong>ingredientur.</strong></span> 
     </span>
    </p>
   </div>
   <div class='ocr_carea' id='block_1_10' title="bbox 536 919 2044 989">
    <p class='ocr_par' dir='ltr' id='par_1_10' title="bbox 536 919 2044 989">
     <span class='ocr_line' id='line_1_10' title="bbox 536 919 2044 989; baseline 0 -15"><span class='ocrx_word' id='word_1_50' title='bbox 536 919 705 977; x_wconf 70' lang='lat' dir='ltr'><strong>Vens.</strong></span> <span class='ocrx_word' id='word_1_51' title='bbox 732 923 764 976; x_wconf 85' lang='lat'><strong>6</strong></span> <span class='ocrx_word' id='word_1_52' title='bbox 795 924 849 978; x_wconf 85' lang='lat'><strong>8.</strong></span> <span class='ocrx_word' id='word_1_53' title='bbox 895 923 1163 989; x_wconf 84' lang='lat' dir='ltr'><strong>Quoniam</strong></span> <span class='ocrx_word' id='word_1_54' title='bbox 1211 938 1334 989; x_wconf 87' lang='lat' dir='ltr'><strong>ergo</strong></span> <span class='ocrx_word' id='word_1_55' title='bbox 1378 931 1611 988; x_wconf 83' lang='lat' dir='ltr'><strong>superest</strong></span> <span class='ocrx_word' id='word_1_56' title='bbox 1642 921 1864 974; x_wconf 88' lang='lat' dir='ltr'><strong>introire</strong></span> <span class='ocrx_word' id='word_1_57' title='bbox 1887 937 2044 989; x_wconf 78' lang='lat' dir='ltr'><strong>quos-</strong></span> 
     </span>
    </p>
   </div>
   <div class='ocr_carea' id='block_1_11' title="bbox 461 1011 2045 1086">
    <p class='ocr_par' dir='ltr' id='par_1_11' title="bbox 461 1011 2045 1086">
     <span class='ocr_line' id='line_1_11' title="bbox 461 1011 2045 1086; baseline -0.001 -23"><span class='ocrx_word' id='word_1_58' title='bbox 461 1011 590 1086; x_wconf 77' lang='lat' dir='ltr'><strong>dam</strong></span> <span class='ocrx_word' id='word_1_59' title='bbox 645 1014 698 1065; x_wconf 87' lang='lat' dir='ltr'><strong>in</strong></span> <span class='ocrx_word' id='word_1_60' title='bbox 732 1015 905 1078; x_wconf 81' lang='lat' dir='ltr'><strong>illam,</strong></span> <span class='ocrx_word' id='word_1_61' title='bbox 941 1023 990 1067; x_wconf 88' lang='lat' dir='ltr'><strong>et</strong></span> <span class='ocrx_word' id='word_1_62' title='bbox 1028 1015 1089 1076; x_wconf 91' lang='lat' dir='ltr'><strong>ii,</strong></span> <span class='ocrx_word' id='word_1_63' title='bbox 1139 1011 1328 1083; x_wconf 81' lang='lat' dir='ltr'><strong>quibus</strong></span> <span class='ocrx_word' id='word_1_64' title='bbox 1366 1011 1632 1078; x_wconf 76' lang='lat' dir='ltr'><strong>prioribus</strong></span> <span class='ocrx_word' id='word_1_65' title='bbox 1668 1013 2045 1064; x_wconf 88' lang='lat' dir='ltr'><strong>annnntiatum</strong></span> 
     </span>
    </p>
   </div>
   <div class='ocr_carea' id='block_1_12' title="bbox 459 1100 2046 1171">
    <p class='ocr_par' dir='ltr' id='par_1_12' title="bbox 459 1100 2046 1171">
     <span class='ocr_line' id='line_1_12' title="bbox 459 1100 2046 1171; baseline 0 -17"><span class='ocrx_word' id='word_1_66' title='bbox 459 1110 560 1161; x_wconf 82' lang='lat' dir='ltr'><strong>est,</strong></span> <span class='ocrx_word' id='word_1_67' title='bbox 622 1120 723 1156; x_wconf 89' lang='lat' dir='ltr'><strong>non</strong></span> <span class='ocrx_word' id='word_1_68' title='bbox 780 1104 1123 1168; x_wconf 84' lang='lat' dir='ltr'><strong>introierunt,</strong></span> <span class='ocrx_word' id='word_1_69' title='bbox 1182 1111 1397 1171; x_wconf 86' lang='lat' dir='ltr'><strong>propter</strong></span> <span class='ocrx_word' id='word_1_70' title='bbox 1431 1100 1896 1166; x_wconf 82' lang='lat' dir='ltr'><strong>incredulitatem,</strong></span> <span class='ocrx_word' id='word_1_71' title='bbox 1949 1103 2046 1154; x_wconf 86' lang='lat' dir='ltr'><strong>ite-</strong></span> 
     </span>
    </p>
   </div>
   <div class='ocr_carea' id='block_1_13' title="bbox 459 1189 2047 1262">
    <p class='ocr_par' dir='ltr' id='par_1_13' title="bbox 459 1189 2047 1262">
     <span class='ocr_line' id='line_1_13' title="bbox 459 1189 2047 1262; baseline 0.001 -20"><span class='ocrx_word' id='word_1_72' title='bbox 459 1206 573 1242; x_wconf 85' lang='lat' dir='ltr'><strong>rum</strong></span> <span class='ocrx_word' id='word_1_73' title='bbox 603 1194 846 1245; x_wconf 84' lang='lat' dir='ltr'><strong>terminat</strong></span> <span class='ocrx_word' id='word_1_74' title='bbox 871 1195 1009 1246; x_wconf 83' lang='lat' dir='ltr'><strong>diem</strong></span> <span class='ocrx_word' id='word_1_75' title='bbox 1048 1191 1330 1262; x_wconf 79' lang='lat' dir='ltr'><strong>quemdam</strong></span> <span class='ocrx_word' id='word_1_76' title='bbox 1361 1206 1380 1244; x_wconf 91' lang='lat'><em>:</em></span> <span class='ocrx_word' id='word_1_77' title='bbox 1416 1189 1612 1255; x_wconf 85' lang='lat' dir='ltr'><strong>Hodie,</strong></span> <span class='ocrx_word' id='word_1_78' title='bbox 1661 1191 1712 1244; x_wconf 90' lang='lat' dir='ltr'><strong>in</strong></span> <span class='ocrx_word' id='word_1_79' title='bbox 1746 1190 1916 1244; x_wconf 78' lang='lat' dir='ltr'><strong>David</strong></span> <span class='ocrx_word' id='word_1_80' title='bbox 1963 1192 2047 1243; x_wconf 87' lang='lat' dir='ltr'><strong>di-</strong></span> 
     </span>
    </p>
   </div>
   <div class='ocr_carea' id='block_1_14' title="bbox 457 1281 2046 1352">
    <p class='ocr_par' dir='ltr' id='par_1_14' title="bbox 457 1281 2046 1352">
     <span class='ocr_line' id='line_1_14' title="bbox 457 1281 2046 1352; baseline 0.001 -19"><span class='ocrx_word' id='word_1_81' title='bbox 457 1285 640 1348; x_wconf 81' lang='lat' dir='ltr'><strong>cendo,</strong></span> <span class='ocrx_word' id='word_1_82' title='bbox 669 1293 785 1352; x_wconf 81' lang='lat' dir='ltr'><strong>post</strong></span> <span class='ocrx_word' id='word_1_83' title='bbox 815 1294 1021 1336; x_wconf 87' lang='lat' dir='ltr'><strong>tantum</strong></span> <span class='ocrx_word' id='word_1_84' title='bbox 1062 1284 1333 1352; x_wconf 86' lang='lat' dir='ltr'><strong>temporis,</strong></span> <span class='ocrx_word' id='word_1_85' title='bbox 1373 1281 1812 1351; x_wconf 85' lang='lat' dir='ltr'><strong>quemadmodum</strong></span> <span class='ocrx_word' id='word_1_86' title='bbox 1847 1282 2046 1334; x_wconf 83' lang='lat' dir='ltr'><strong>dictum</strong></span> 
     </span>
    </p>
   </div>
   <div class='ocr_carea' id='block_1_15' title="bbox 457 1372 2048 1443">
    <p class='ocr_par' dir='ltr' id='par_1_15' title="bbox 457 1372 2048 1443">
     <span class='ocr_line' id='line_1_15' title="bbox 457 1372 2048 1443; baseline 0.001 -17"><span class='ocrx_word' id='word_1_87' title='bbox 457 1385 536 1426; x_wconf 83' lang='lat' dir='ltr'><strong>est</strong></span> <span class='ocrx_word' id='word_1_88' title='bbox 577 1389 594 1428; x_wconf 91' lang='lat'><strong><em>:</em></strong></span> <span class='ocrx_word' id='word_1_89' title='bbox 629 1373 808 1428; x_wconf 82' lang='lat' dir='ltr'><strong>llodie</strong></span> <span class='ocrx_word' id='word_1_90' title='bbox 838 1377 884 1428; x_wconf 88' lang='lat' dir='ltr'><strong>si</strong></span> <span class='ocrx_word' id='word_1_91' title='bbox 919 1391 1093 1429; x_wconf 77' lang='lat' dir='ltr'><strong>rorem</strong></span> <span class='ocrx_word' id='word_1_92' title='bbox 1115 1375 1230 1443; x_wconf 84' lang='lat' dir='ltr'><strong>ejus</strong></span> <span class='ocrx_word' id='word_1_93' title='bbox 1257 1373 1563 1437; x_wconf 81' lang='lat' dir='ltr'><strong>audieritis,</strong></span> <span class='ocrx_word' id='word_1_94' title='bbox 1592 1373 1754 1426; x_wconf 83' lang='lat' dir='ltr'><strong>nolite</strong></span> <span class='ocrx_word' id='word_1_95' title='bbox 1783 1372 2048 1428; x_wconf 85' lang='lat' dir='ltr'><strong>obdurare</strong></span> 
     </span>
    </p>
   </div>
   <div class='ocr_carea' id='block_1_16' title="bbox 456 1465 2041 1538">
    <p class='ocr_par' dir='ltr' id='par_1_16' title="bbox 456 1465 2041 1538">
     <span class='ocr_line' id='line_1_16' title="bbox 456 1465 2041 1538; baseline -0.001 -20"><span class='ocrx_word' id='word_1_96' title='bbox 456 1465 620 1519; x_wconf 82' lang='lat' dir='ltr'><strong>corda</strong></span> <span class='ocrx_word' id='word_1_97' title='bbox 652 1476 846 1520; x_wconf 77' lang='lat' dir='ltr'><strong>vestra.</strong></span> <span class='ocrx_word' id='word_1_98' title='bbox 883 1465 1027 1519; x_wconf 79' lang='lat' dir='ltr'><strong>Nam</strong></span> <span class='ocrx_word' id='word_1_99' title='bbox 1059 1467 1106 1520; x_wconf 86' lang='lat' dir='ltr'><strong>si</strong></span> <span class='ocrx_word' id='word_1_100' title='bbox 1135 1467 1209 1519; x_wconf 83' lang='lat' dir='ltr'><strong>eis</strong></span> <span class='ocrx_word' id='word_1_101' title='bbox 1240 1465 1398 1519; x_wconf 80' lang='lat' dir='ltr'><strong>Jesus</strong></span> <span class='ocrx_word' id='word_1_102' title='bbox 1423 1465 1652 1534; x_wconf 78' lang='lat' dir='ltr'><strong>requiem</strong></span> <span class='ocrx_word' id='word_1_103' title='bbox 1685 1466 2041 1538; x_wconf 66' lang='lat' dir='ltr'><strong>pra&#39;stitisset,</strong></span> 
     </span>
    </p>
   </div>
   <div class='ocr_carea' id='block_1_17' title="bbox 2152 559 3737 632">
    <p class='ocr_par' dir='ltr' id='par_1_17' title="bbox 2152 559 3737 632">
     <span class='ocr_line' id='line_1_17' title="bbox 2152 559 3737 632; baseline 0 -18"><span class='ocrx_word' id='word_1_104' title='bbox 2152 561 2360 615; x_wconf 77' lang='grc' dir='ltr'><strong>εἴσοδον</strong></span> <span class='ocrx_word' id='word_1_105' title='bbox 2381 578 2396 595; x_wconf 78' lang='grc' dir='ltr'><strong>ο</strong></span> <span class='ocrx_word' id='word_1_106' title='bbox 2429 562 2600 625; x_wconf 79' lang='grc' dir='ltr'><em>οὕτως</em></span> <span class='ocrx_word' id='word_1_107' title='bbox 2622 562 2745 615; x_wconf 71' lang='grc' dir='ltr'><strong>οὐδὲ</strong></span> <span class='ocrx_word' id='word_1_108' title='bbox 2775 560 2870 614; x_wconf 80' lang='grc' dir='ltr'><strong>νῦν</strong></span> <span class='ocrx_word' id='word_1_109' title='bbox 2907 561 3107 614; x_wconf 80' lang='grc' dir='ltr'><strong>κωλύει</strong></span> <span class='ocrx_word' id='word_1_110' title='bbox 3141 561 3282 632; x_wconf 77' lang='grc' dir='ltr'><strong>μετὰ</strong></span> <span class='ocrx_word' id='word_1_111' title='bbox 3344 559 3548 631; x_wconf 86' lang='grc' dir='ltr'><strong>ταύτην</strong></span> <span class='ocrx_word' id='word_1_112' title='bbox 3577 561 3737 615; x_wconf 82' lang='grc' dir='ltr'><strong>πάλιν</strong></span> 
     </span>
    </p>
   </div>
   <div class='ocr_carea' id='block_1_18' title="bbox 2149 653 3735 726">
    <p class='ocr_par' dir='ltr' id='par_1_18' title="bbox 2149 653 3735 726">
     <span class='ocr_line' id='line_1_18' title="bbox 2149 653 3735 726; baseline 0 -18"><span class='ocrx_word' id='word_1_113' title='bbox 2149 657 2496 711; x_wconf 81' lang='grc' dir='ltr'><strong>κατάπαυσιν</strong></span> <span class='ocrx_word' id='word_1_114' title='bbox 2519 655 2786 726; x_wconf 82' lang='grc' dir='ltr'><strong>κληθῆναι</strong></span> <span class='ocrx_word' id='word_1_115' title='bbox 2811 654 2912 725; x_wconf 82' lang='grc' dir='ltr'><strong>τὴν</strong></span> <span class='ocrx_word' id='word_1_116' title='bbox 2968 653 3293 724; x_wconf 85' lang='grc' dir='ltr'><strong>μέλλουσαν,</strong></span> <span class='ocrx_word' id='word_1_117' title='bbox 3337 654 3440 723; x_wconf 85' lang='grc' dir='ltr'><strong>τὴν</strong></span> <span class='ocrx_word' id='word_1_118' title='bbox 3481 655 3588 706; x_wconf 80' lang='grc' dir='ltr'><strong>τῶν</strong></span> <span class='ocrx_word' id='word_1_119' title='bbox 3639 655 3735 708; x_wconf 88' lang='grc' dir='ltr'><strong>οὑ-</strong></span> 
     </span>
    </p>
   </div>
   <div class='ocr_carea' id='block_1_19' title="bbox 2151 747 3737 819">
    <p class='ocr_par' dir='ltr' id='par_1_19' title="bbox 2151 747 3737 819">
     <span class='ocr_line' id='line_1_19' title="bbox 2151 747 3737 819; baseline -0.001 -19"><span class='ocrx_word' id='word_1_120' title='bbox 2151 747 2332 818; x_wconf 83' lang='grc' dir='ltr'><em>ρανῶν</em></span> <span class='ocrx_word' id='word_1_121' title='bbox 2359 765 2501 819; x_wconf 80' lang='grc' dir='ltr'><strong>φημι</strong></span> <span class='ocrx_word' id='word_1_122' title='bbox 2531 747 2830 817; x_wconf 83' lang='grc' dir='ltr'><strong>βασιλείαν,</strong></span> <span class='ocrx_word' id='word_1_123' title='bbox 2859 749 2941 810; x_wconf 77' lang='grc' dir='ltr'><strong>εἰς</strong></span> <span class='ocrx_word' id='word_1_124' title='bbox 2982 747 3048 818; x_wconf 76' lang='grc' dir='ltr'><strong>ἢν</strong></span> <span class='ocrx_word' id='word_1_125' title='bbox 3075 749 3124 800; x_wconf 91' lang='grc' dir='ltr'><strong>οἱ</strong></span> <span class='ocrx_word' id='word_1_126' title='bbox 3167 747 3572 813; x_wconf 69' lang='grc' dir='ltr'><strong>ἀπιστήσαντες</strong></span> <span class='ocrx_word' id='word_1_127' title='bbox 3635 747 3737 799; x_wconf 84' lang='grc' dir='ltr'><strong>ούκ</strong></span> 
     </span>
    </p>
   </div>
   <div class='ocr_carea' id='block_1_20' title="bbox 2149 839 2573 893">
    <p class='ocr_par' dir='ltr' id='par_1_20' title="bbox 2149 839 2573 893">
     <span class='ocr_line' id='line_1_20' title="bbox 2149 839 2573 893; baseline 0.005 -2"><span class='ocrx_word' id='word_1_128' title='bbox 2149 839 2573 893; x_wconf 75' lang='grc' dir='ltr'><strong>εἰσελεύσονται.</strong></span> 
     </span>
    </p>
   </div>
   <div class='ocr_carea' id='block_1_21' title="bbox 2220 929 3734 996">
    <p class='ocr_par' dir='ltr' id='par_1_21' title="bbox 2220 929 3734 996">
     <span class='ocr_line' id='line_1_21' title="bbox 2220 929 3734 996; baseline -0.001 -12"><span class='ocrx_word' id='word_1_129' title='bbox 2220 933 2374 986; x_wconf 78' lang='grc' dir='ltr'><strong>Ἐπεὶ</strong></span> <span class='ocrx_word' id='word_1_130' title='bbox 2407 929 2523 988; x_wconf 87' lang='grc' dir='ltr'><strong>οὖν</strong></span> <span class='ocrx_word' id='word_1_131' title='bbox 2549 930 2944 987; x_wconf 77' lang='grc' dir='ltr'><strong>ἀπολείπεταί</strong></span> <span class='ocrx_word' id='word_1_132' title='bbox 2974 946 3142 996; x_wconf 86' lang='grc' dir='ltr'><em>τινας</em></span> <span class='ocrx_word' id='word_1_133' title='bbox 3163 930 3463 985; x_wconf 73' lang='grc' dir='ltr'><em>εἰσελθειν</em></span> <span class='ocrx_word' id='word_1_134' title='bbox 3491 931 3579 995; x_wconf 77' lang='grc' dir='ltr'><em>εἰς</em></span> <span class='ocrx_word' id='word_1_135' title='bbox 3621 931 3698 982; x_wconf 84' lang='grc' dir='ltr'><em>αὐ</em></span> <span class='ocrx_word' id='word_1_136' title='bbox 3718 959 3734 972; x_wconf 86' lang='grc'><strong><em>-</em></strong></span> 
     </span>
    </p>
   </div>
   <div class='ocr_carea' id='block_1_22' title="bbox 2148 1020 3733 1092">
    <p class='ocr_par' dir='ltr' id='par_1_22' title="bbox 2148 1020 3733 1092">
     <span class='ocr_line' id='line_1_22' title="bbox 2148 1020 3733 1092; baseline -0.002 -17"><span class='ocrx_word' id='word_1_137' title='bbox 2148 1023 2283 1090; x_wconf 78' lang='grc' dir='ltr'><em>τὴν,</em></span> <span class='ocrx_word' id='word_1_138' title='bbox 2320 1025 2416 1078; x_wconf 71' lang='grc' dir='ltr'><strong>καὶ</strong></span> <span class='ocrx_word' id='word_1_139' title='bbox 2445 1027 2500 1078; x_wconf 80' lang='grc' dir='ltr'><strong>οἱ</strong></span> <span class='ocrx_word' id='word_1_140' title='bbox 2531 1024 2824 1092; x_wconf 86' lang='grc' dir='ltr'><em>πρότερον</em></span> <span class='ocrx_word' id='word_1_141' title='bbox 2854 1020 3388 1092; x_wconf 73' lang='grc' dir='ltr'><em>εὐαγγελισθέντες</em></span> <span class='ocrx_word' id='word_1_142' title='bbox 3438 1021 3550 1074; x_wconf 82' lang='grc' dir='ltr'><strong>οὐκ</strong></span> <span class='ocrx_word' id='word_1_143' title='bbox 3604 1022 3733 1073; x_wconf 82' lang='grc' dir='ltr'><em>εἱσ-</em></span> 
     </span>
    </p>
   </div>
   <div class='ocr_carea' id='block_1_23' title="bbox 2149 1111 3732 1181">
    <p class='ocr_par' dir='ltr' id='par_1_23' title="bbox 2149 1111 3732 1181">
     <span class='ocr_line' id='line_1_23' title="bbox 2149 1111 3732 1181; baseline -0.005 -11"><span class='ocrx_word' id='word_1_144' title='bbox 2149 1117 2342 1181; x_wconf 76' lang='grc' dir='ltr'><em>ἧλθον</em></span> <span class='ocrx_word' id='word_1_145' title='bbox 2373 1117 2447 1170; x_wconf 83' lang='grc' dir='ltr'><strong>δι’</strong></span> <span class='ocrx_word' id='word_1_146' title='bbox 2469 1116 2811 1175; x_wconf 77' lang='grc' dir='ltr'><em>ἀπείθειαν.</em></span> <span class='ocrx_word' id='word_1_147' title='bbox 2848 1113 3034 1168; x_wconf 71' lang='grc' dir='ltr'><em>πάλιν</em></span> <span class='ocrx_word' id='word_1_148' title='bbox 3071 1112 3205 1166; x_wconf 84' lang='grc' dir='ltr'><em>τινὰ</em></span> <span class='ocrx_word' id='word_1_149' title='bbox 3258 1111 3433 1178; x_wconf 76' lang='grc' dir='ltr'><em>ὁρίζει</em></span> <span class='ocrx_word' id='word_1_150' title='bbox 3481 1111 3732 1179; x_wconf 76' lang='grc' dir='ltr'><em>ἡμέραν,</em></span> 
     </span>
    </p>
   </div>
   <div class='ocr_carea' id='block_1_24' title="bbox 2150 1203 3731 1278">
    <p class='ocr_par' dir='ltr' id='par_1_24' title="bbox 2150 1203 3731 1278">
     <span class='ocr_line' id='line_1_24' title="bbox 2150 1203 3731 1278; baseline -0.006 -15"><span class='ocrx_word' id='word_1_151' title='bbox 2150 1209 2438 1278; x_wconf 73' lang='grc' dir='ltr'><em>Σήμερον,</em></span> <span class='ocrx_word' id='word_1_152' title='bbox 2461 1209 2530 1261; x_wconf 75' lang='grc' dir='ltr'><em>ἐν</em></span> <span class='ocrx_word' id='word_1_153' title='bbox 2549 1206 2728 1260; x_wconf 75' lang='grc' dir='ltr'><strong>Δαόὶδ</strong></span> <span class='ocrx_word' id='word_1_154' title='bbox 2753 1205 2967 1275; x_wconf 78' lang='grc' dir='ltr'><em>λέγων,</em></span> <span class='ocrx_word' id='word_1_155' title='bbox 2992 1203 3142 1273; x_wconf 80' lang='grc' dir='ltr'><strong>μετὰ</strong></span> <span class='ocrx_word' id='word_1_156' title='bbox 3173 1203 3470 1257; x_wconf 83' lang='grc' dir='ltr'><em>τοσοῦτον</em></span> <span class='ocrx_word' id='word_1_157' title='bbox 3487 1203 3731 1268; x_wconf 85' lang='grc' dir='ltr'><em>χρόνον.</em></span> 
     </span>
    </p>
   </div>
   <div class='ocr_carea' id='block_1_25' title="bbox 2151 1292 3734 1368">
    <p class='ocr_par' dir='ltr' id='par_1_25' title="bbox 2151 1292 3734 1368">
     <span class='ocr_line' id='line_1_25' title="bbox 2151 1292 3734 1368; baseline -0.006 -15"><span class='ocrx_word' id='word_1_158' title='bbox 2151 1299 2346 1365; x_wconf 79' lang='grc' dir='ltr'><em>καθὼς</em></span> <span class='ocrx_word' id='word_1_159' title='bbox 2370 1300 2599 1368; x_wconf 78' lang='grc' dir='ltr'><em>εἴρηται</em></span> <span class='ocrx_word' id='word_1_160' title='bbox 2633 1315 2645 1326; x_wconf 94' lang='grc'><strong>·</strong></span> <span class='ocrx_word' id='word_1_161' title='bbox 2679 1297 2953 1366; x_wconf 78' lang='grc' dir='ltr'><strong>Σήμερον</strong></span> <span class='ocrx_word' id='word_1_162' title='bbox 2979 1295 3090 1349; x_wconf 83' lang='grc' dir='ltr'><strong>ἐὰν</strong></span> <span class='ocrx_word' id='word_1_163' title='bbox 3137 1294 3250 1363; x_wconf 79' lang='grc' dir='ltr'><em>τῆς</em></span> <span class='ocrx_word' id='word_1_164' title='bbox 3301 1293 3509 1363; x_wconf 66' lang='grc' dir='ltr'><em>φωνῆς</em></span> <span class='ocrx_word' id='word_1_165' title='bbox 3545 1292 3734 1346; x_wconf 81' lang='grc' dir='ltr'><em>αὐτοῦ</em></span> 
     </span>
    </p>
   </div>
   <div class='ocr_carea' id='block_1_26' title="bbox 2147 1381 3732 1458">
    <p class='ocr_par' dir='ltr' id='par_1_26' title="bbox 2147 1381 3732 1458">
     <span class='ocr_line' id='line_1_26' title="bbox 2147 1381 3732 1458; baseline -0.007 -14"><span class='ocrx_word' id='word_1_166' title='bbox 2147 1391 2473 1458; x_wconf 74' lang='grc' dir='ltr'><em>ἀκούσητε,</em></span> <span class='ocrx_word' id='word_1_167' title='bbox 2519 1388 2604 1458; x_wconf 84' lang='grc' dir='ltr'><em>μὴ</em></span> <span class='ocrx_word' id='word_1_168' title='bbox 2663 1387 3050 1455; x_wconf 77' lang='grc' dir='ltr'><strong>σκληρύνητε</strong></span> <span class='ocrx_word' id='word_1_169' title='bbox 3091 1384 3200 1451; x_wconf 85' lang='grc' dir='ltr'><em>τὰς</em></span> <span class='ocrx_word' id='word_1_170' title='bbox 3251 1383 3498 1451; x_wconf 66' lang='grc' dir='ltr'><em>καρδίας</em></span> <span class='ocrx_word' id='word_1_171' title='bbox 3541 1381 3732 1450; x_wconf 80' lang='grc' dir='ltr'><strong>ὑμῶν.</strong></span> 
     </span>
    </p>
   </div>
   <div class='ocr_carea' id='block_1_27' title="bbox 2145 1474 3731 1551">
    <p class='ocr_par' dir='ltr' id='par_1_27' title="bbox 2145 1474 3731 1551">
     <span class='ocr_line' id='line_1_27' title="bbox 2145 1474 3731 1551; baseline -0.007 -15"><span class='ocrx_word' id='word_1_172' title='bbox 2145 1485 2212 1536; x_wconf 83' lang='lat' dir='ltr'><strong>El</strong></span> <span class='ocrx_word' id='word_1_173' title='bbox 2241 1481 2351 1551; x_wconf 79' lang='grc' dir='ltr'><em>γὰρ</em></span> <span class='ocrx_word' id='word_1_174' title='bbox 2388 1482 2606 1547; x_wconf 83' lang='grc' dir='ltr'><em>αὐτοὺς</em></span> <span class='ocrx_word' id='word_1_175' title='bbox 2637 1480 2880 1547; x_wconf 86' lang='grc' dir='ltr'><em>Ἰησοῦς</em></span> <span class='ocrx_word' id='word_1_176' title='bbox 2912 1477 3320 1541; x_wconf 75' lang='grc' dir='ltr'><strong>κατέπαυσεν,</strong></span> <span class='ocrx_word' id='word_1_177' title='bbox 3355 1478 3465 1530; x_wconf 79' lang='grc' dir='ltr'><strong>οὐκ</strong></span> <span class='ocrx_word' id='word_1_178' title='bbox 3489 1474 3566 1528; x_wconf 81' lang='grc' dir='ltr'><em>ἂν</em></span> <span class='ocrx_word' id='word_1_179' title='bbox 3595 1474 3731 1540; x_wconf 78' lang='grc' dir='ltr'><em>περὶ</em></span> 
     </span>
    </p>
   </div>
   <div class='ocr_carea' id='block_1_28' title="bbox 458 1554 2042 1644">
    <p class='ocr_par' dir='ltr' id='par_1_28' title="bbox 458 1554 2042 1626">
     <span class='ocr_line' id='line_1_28' title="bbox 458 1554 2042 1626; baseline 0 -15"><span class='ocrx_word' id='word_1_180' title='bbox 458 1573 725 1626; x_wconf 87' lang='lat' dir='ltr'><strong>nunquam</strong></span> <span class='ocrx_word' id='word_1_181' title='bbox 756 1555 820 1610; x_wconf 85' lang='lat' dir='ltr'><strong>de</strong></span> <span class='ocrx_word' id='word_1_182' title='bbox 848 1558 959 1610; x_wconf 90' lang='lat' dir='ltr'><strong>alia</strong></span> <span class='ocrx_word' id='word_1_183' title='bbox 989 1558 1291 1626; x_wconf 79' lang='lat' dir='ltr'><strong>loqueretur</strong></span> <span class='ocrx_word' id='word_1_184' title='bbox 1316 1555 1535 1624; x_wconf 81' lang='lat' dir='ltr'><strong>posthac</strong></span> <span class='ocrx_word' id='word_1_185' title='bbox 1576 1557 1680 1609; x_wconf 88' lang='lat' dir='ltr'><strong>die.</strong></span> <span class='ocrx_word' id='word_1_186' title='bbox 1714 1554 2042 1611; x_wconf 83' lang='lat' dir='ltr'><strong>Universoni</strong></span> 
     </span>
    </p>
   </div>
   <div class='ocr_carea' id='block_1_29' title="bbox 2146 1554 3733 1644">
    <p class='ocr_par' dir='ltr' id='par_1_29' title="bbox 2148 1566 3733 1644">
     <span class='ocr_line' id='line_1_29' title="bbox 2148 1566 3733 1644; baseline -0.008 -15"><span class='ocrx_word' id='word_1_187' title='bbox 2148 1576 2348 1644; x_wconf 78' lang='grc' dir='ltr'><em>ἄλλης</em></span> <span class='ocrx_word' id='word_1_188' title='bbox 2374 1573 2582 1628; x_wconf 79' lang='grc' dir='ltr'><em>ἐλάλει</em></span> <span class='ocrx_word' id='word_1_189' title='bbox 2609 1571 2762 1643; x_wconf 79' lang='grc' dir='ltr'><strong>μετὰ</strong></span> <span class='ocrx_word' id='word_1_190' title='bbox 2791 1571 2977 1625; x_wconf 84' lang='grc' dir='ltr'><em>ταῦτα</em></span> <span class='ocrx_word' id='word_1_191' title='bbox 3015 1569 3266 1639; x_wconf 74' lang='grc' dir='ltr'><em>ἡμέρας.</em></span> <span class='ocrx_word' id='word_1_192' title='bbox 3309 1568 3382 1621; x_wconf 80' lang='grc' dir='ltr'><strong>Τὸ</strong></span> <span class='ocrx_word' id='word_1_193' title='bbox 3421 1567 3540 1620; x_wconf 78' lang='grc' dir='ltr'><strong>ὅλον</strong></span> <span class='ocrx_word' id='word_1_194' title='bbox 3569 1566 3733 1618; x_wconf 81' lang='grc' dir='ltr'><strong>τοῦτο</strong></span> 
     </span>
    </p>
   </div>
   <div class='ocr_carea' id='block_1_30' title="bbox 460 1644 2042 1734">
    <p class='ocr_par' dir='ltr' id='par_1_30' title="bbox 460 1644 2042 1716">
     <span class='ocr_line' id='line_1_30' title="bbox 460 1644 2042 1716; baseline -0.001 -15"><span class='ocrx_word' id='word_1_195' title='bbox 460 1650 563 1702; x_wconf 86' lang='lat' dir='ltr'><strong>hoc</strong></span> <span class='ocrx_word' id='word_1_196' title='bbox 615 1656 850 1701; x_wconf 87' lang='lat' dir='ltr'><strong>conatur</strong></span> <span class='ocrx_word' id='word_1_197' title='bbox 904 1648 1221 1710; x_wconf 89' lang='lat' dir='ltr'><strong>ostendere,</strong></span> <span class='ocrx_word' id='word_1_198' title='bbox 1268 1651 1415 1716; x_wconf 90' lang='lat' dir='ltr'><strong>quod</strong></span> <span class='ocrx_word' id='word_1_199' title='bbox 1461 1644 1624 1700; x_wconf 82' lang='lat' dir='ltr'><strong>Jesus</strong></span> <span class='ocrx_word' id='word_1_200' title='bbox 1679 1644 1851 1702; x_wconf 88' lang='lat' dir='ltr'><strong>Filius</strong></span> <span class='ocrx_word' id='word_1_201' title='bbox 1897 1646 2042 1700; x_wconf 77' lang='lat' dir='ltr'><strong>Nave</strong></span> 
     </span>
    </p>
   </div>
   <div class='ocr_carea' id='block_1_31' title="bbox 2146 1644 3733 1734">
    <p class='ocr_par' dir='ltr' id='par_1_31' title="bbox 2152 1656 3733 1734">
     <span class='ocr_line' id='line_1_31' title="bbox 2152 1656 3733 1734; baseline -0.006 -14"><span class='ocrx_word' id='word_1_202' title='bbox 2152 1666 2370 1720; x_wconf 85' lang='grc' dir='ltr'><strong>σπεύδει</strong></span> <span class='ocrx_word' id='word_1_203' title='bbox 2429 1664 2622 1730; x_wconf 79' lang='grc' dir='ltr'><strong>δεῖξαι,</strong></span> <span class='ocrx_word' id='word_1_204' title='bbox 2677 1665 2759 1717; x_wconf 78' lang='grc' dir='ltr'><strong>ὅτι</strong></span> <span class='ocrx_word' id='word_1_205' title='bbox 2828 1661 3036 1734; x_wconf 82' lang='grc' dir='ltr'><strong>Ἰησοῦς</strong></span> <span class='ocrx_word' id='word_1_206' title='bbox 3084 1659 3363 1730; x_wconf 80' lang='grc' dir='ltr'><strong>μὲνὸτοῦ</strong></span> <span class='ocrx_word' id='word_1_207' title='bbox 3422 1657 3578 1722; x_wconf 81' lang='grc' dir='ltr'><strong>Ναυῆ</strong></span> <span class='ocrx_word' id='word_1_208' title='bbox 3627 1656 3733 1710; x_wconf 79' lang='grc' dir='ltr'><strong>οὐκ</strong></span> 
     </span>
    </p>
   </div>
   <div class='ocr_carea' id='block_1_32' title="bbox 461 1735 2042 1831">
    <p class='ocr_par' dir='ltr' id='par_1_32' title="bbox 461 1735 2042 1806">
     <span class='ocr_line' id='line_1_32' title="bbox 461 1735 2042 1806; baseline 0 -18"><span class='ocrx_word' id='word_1_209' title='bbox 461 1751 569 1790; x_wconf 91' lang='lat' dir='ltr'><strong>non</strong></span> <span class='ocrx_word' id='word_1_210' title='bbox 601 1737 838 1806; x_wconf 86' lang='lat' dir='ltr'><strong>potuerit</strong></span> <span class='ocrx_word' id='word_1_211' title='bbox 875 1736 1226 1791; x_wconf 89' lang='lat' dir='ltr'><strong>introducere</strong></span> <span class='ocrx_word' id='word_1_212' title='bbox 1259 1735 1314 1790; x_wconf 91' lang='lat' dir='ltr'><strong>in</strong></span> <span class='ocrx_word' id='word_1_213' title='bbox 1346 1735 1489 1790; x_wconf 88' lang='lat' dir='ltr'><strong>hanc</strong></span> <span class='ocrx_word' id='word_1_214' title='bbox 1523 1735 1792 1805; x_wconf 85' lang='lat' dir='ltr'><strong>requiem,</strong></span> <span class='ocrx_word' id='word_1_215' title='bbox 1839 1735 1908 1789; x_wconf 84' lang='lat' dir='ltr'><strong>de</strong></span> <span class='ocrx_word' id='word_1_216' title='bbox 1937 1751 2042 1806; x_wconf 91' lang='lat' dir='ltr'><strong>qua</strong></span> 
     </span>
    </p>
   </div>
   <div class='ocr_carea' id='block_1_33' title="bbox 2146 1735 3728 1831">
    <p class='ocr_par' dir='ltr' id='par_1_33' title="bbox 2151 1752 3728 1831">
     <span class='ocr_line' id='line_1_33' title="bbox 2151 1752 3728 1831; baseline -0.008 -19"><span class='ocrx_word' id='word_1_217' title='bbox 2151 1760 2390 1831; x_wconf 68' lang='grc' dir='ltr'><strong>ἠδυνήθη</strong></span> <span class='ocrx_word' id='word_1_218' title='bbox 2445 1759 2759 1827; x_wconf 72' lang='grc' dir='ltr'><strong>εἰσαγαγεῖν</strong></span> <span class='ocrx_word' id='word_1_219' title='bbox 2827 1755 3164 1825; x_wconf 54' lang='grc' dir='ltr'><strong>εἰςπαύτην</strong></span> <span class='ocrx_word' id='word_1_220' title='bbox 3195 1754 3294 1825; x_wconf 79' lang='grc' dir='ltr'><strong>τὴν</strong></span> <span class='ocrx_word' id='word_1_221' title='bbox 3342 1752 3728 1814; x_wconf 84' lang='grc' dir='ltr'><strong>κατάπαυσιν,</strong></span> 
     </span>
    </p>
   </div>
   <div class='ocr_carea' id='block_1_34' title="bbox 461 1825 2042 1923">
    <p class='ocr_par' dir='ltr' id='par_1_34' title="bbox 461 1825 2042 1898">
     <span class='ocr_line' id='line_1_34' title="bbox 461 1825 2042 1898; baseline 0.003 -21"><span class='ocrx_word' id='word_1_222' title='bbox 461 1825 631 1883; x_wconf 70' lang='lat' dir='ltr'><strong>David</strong></span> <span class='ocrx_word' id='word_1_223' title='bbox 668 1829 885 1882; x_wconf 90' lang='lat' dir='ltr'><strong>locutus</strong></span> <span class='ocrx_word' id='word_1_224' title='bbox 919 1836 1025 1893; x_wconf 87' lang='lat' dir='ltr'><strong>est,</strong></span> <span class='ocrx_word' id='word_1_225' title='bbox 1055 1841 1221 1897; x_wconf 86' lang='lat' dir='ltr'><strong>atque</strong></span> <span class='ocrx_word' id='word_1_226' title='bbox 1266 1843 1364 1882; x_wconf 90' lang='lat' dir='ltr'><strong>nos</strong></span> <span class='ocrx_word' id='word_1_227' title='bbox 1412 1827 1712 1882; x_wconf 88' lang='lat' dir='ltr'><strong>etiamnum</strong></span> <span class='ocrx_word' id='word_1_228' title='bbox 1752 1827 2042 1898; x_wconf 83' lang='lat' dir='ltr'><strong>loquimur.</strong></span> 
     </span>
    </p>
   </div>
   <div class='ocr_carea' id='block_1_35' title="bbox 2146 1825 3732 1923">
    <p class='ocr_par' dir='ltr' id='par_1_35' title="bbox 2153 1825 3732 1923">
     <span class='ocr_line' id='line_1_35' title="bbox 2153 1825 3732 1923; baseline -0.008 -17"><span class='ocrx_word' id='word_1_229' title='bbox 2153 1825 2281 1923; x_wconf 74' lang='grc' dir='ltr'><strong>περὶ</strong></span> <span class='ocrx_word' id='word_1_230' title='bbox 2305 1825 2498 1922; x_wconf 40' lang='grc' dir='ltr'><strong>ἦς-καὶ</strong></span> <span class='ocrx_word' id='word_1_231' title='bbox 2529 1825 2608 1921; x_wconf 67' lang='grc' dir='ltr'><strong>τῷ</strong></span> <span class='ocrx_word' id='word_1_232' title='bbox 2632 1849 2797 1903; x_wconf 73' lang='grc' dir='ltr'><em>Δαδὶδ</em></span> <span class='ocrx_word' id='word_1_233' title='bbox 2833 1851 2860 1903; x_wconf 83' lang='grc' dir='ltr'>ὁ</span> <span class='ocrx_word' id='word_1_234' title='bbox 2886 1849 3064 1917; x_wconf 73' lang='grc' dir='ltr'><strong>λόγος.</strong></span> <span class='ocrx_word' id='word_1_235' title='bbox 3096 1847 3192 1900; x_wconf 74' lang='grc' dir='ltr'><strong>καὶ</strong></span> <span class='ocrx_word' id='word_1_236' title='bbox 3225 1847 3357 1916; x_wconf 74' lang='grc' dir='ltr'><strong>ἡμῖν</strong></span> <span class='ocrx_word' id='word_1_237' title='bbox 3398 1844 3512 1897; x_wconf 73' lang='grc' dir='ltr'><strong>νῦν.</strong></span> <span class='ocrx_word' id='word_1_238' title='bbox 3543 1844 3732 1896; x_wconf 78' lang='grc' dir='ltr'><strong>Ἐπει-</strong></span> 
     </span>
    </p>
   </div>
   <div class='ocr_carea' id='block_1_36' title="bbox 460 1916 2044 1983">
    <p class='ocr_par' dir='ltr' id='par_1_36' title="bbox 460 1916 2044 1983">
     <span class='ocr_line' id='line_1_36' title="bbox 460 1916 2044 1983; baseline 0 -12"><span class='ocrx_word' id='word_1_239' title='bbox 460 1922 732 1983; x_wconf 79' lang='lat' dir='ltr'><strong>Quoniam</strong></span> <span class='ocrx_word' id='word_1_240' title='bbox 766 1933 897 1974; x_wconf 78' lang='lat' dir='ltr'><strong>vero</strong></span> <span class='ocrx_word' id='word_1_241' title='bbox 935 1919 1028 1972; x_wconf 88' lang='lat' dir='ltr'><strong>ille</strong></span> <span class='ocrx_word' id='word_1_242' title='bbox 1066 1933 1177 1972; x_wconf 87' lang='lat' dir='ltr'><strong>non</strong></span> <span class='ocrx_word' id='word_1_243' title='bbox 1238 1917 1591 1983; x_wconf 83' lang='lat' dir='ltr'><strong>introduxit,</strong></span> <span class='ocrx_word' id='word_1_244' title='bbox 1641 1916 1808 1972; x_wconf 87' lang='lat' dir='ltr'><strong>David</strong></span> <span class='ocrx_word' id='word_1_245' title='bbox 1863 1926 2044 1972; x_wconf 88' lang='lat' dir='ltr'><strong>autem</strong></span> 
     </span>
    </p>
   </div>
   <div class='ocr_carea' id='block_1_37' title="bbox 460 2006 2042 2079">
    <p class='ocr_par' dir='ltr' id='par_1_37' title="bbox 460 2006 2042 2079">
     <span class='ocr_line' id='line_1_37' title="bbox 460 2006 2042 2079; baseline 0.001 -17"><span class='ocrx_word' id='word_1_246' title='bbox 460 2025 656 2065; x_wconf 83' lang='lat' dir='ltr'><strong>rursus</strong></span> <span class='ocrx_word' id='word_1_247' title='bbox 699 2018 825 2079; x_wconf 90' lang='lat' dir='ltr'><strong>post</strong></span> <span class='ocrx_word' id='word_1_248' title='bbox 875 2018 954 2064; x_wconf 86' lang='lat' dir='ltr'><strong>tot</strong></span> <span class='ocrx_word' id='word_1_249' title='bbox 993 2024 1171 2064; x_wconf 89' lang='lat' dir='ltr'><strong>annos</strong></span> <span class='ocrx_word' id='word_1_250' title='bbox 1205 2009 1342 2062; x_wconf 90' lang='lat' dir='ltr'><strong>dicit</strong></span> <span class='ocrx_word' id='word_1_251' title='bbox 1379 2025 1392 2060; x_wconf 93' lang='lat'>:</span> <span class='ocrx_word' id='word_1_252' title='bbox 1439 2006 1517 2062; x_wconf 80' lang='lat' dir='ltr'><strong>Ne</strong></span> <span class='ocrx_word' id='word_1_253' title='bbox 1555 2008 1827 2064; x_wconf 70' lang='lat' dir='ltr'><strong>induratis</strong></span> <span class='ocrx_word' id='word_1_254' title='bbox 1877 2012 2042 2063; x_wconf 84' lang='lat' dir='ltr'><strong>corda</strong></span> 
     </span>
    </p>
   </div>
   <div class='ocr_carea' id='block_1_38' title="bbox 460 2098 2046 2169">
    <p class='ocr_par' dir='ltr' id='par_1_38' title="bbox 460 2098 2046 2169">
     <span class='ocr_line' id='line_1_38' title="bbox 460 2098 2046 2169; baseline 0.002 -20"><span class='ocrx_word' id='word_1_255' title='bbox 460 2108 661 2163; x_wconf 66' lang='lat' dir='ltr'><strong>vestra,</strong></span> <span class='ocrx_word' id='word_1_256' title='bbox 696 2099 1160 2168; x_wconf 83' lang='lat' dir='ltr'><strong>quemadmodum</strong></span> <span class='ocrx_word' id='word_1_257' title='bbox 1187 2109 1374 2169; x_wconf 81' lang='lat' dir='ltr'><strong>patres</strong></span> <span class='ocrx_word' id='word_1_258' title='bbox 1401 2099 1494 2169; x_wconf 91' lang='lat' dir='ltr'><strong>qui</strong></span> <span class='ocrx_word' id='word_1_259' title='bbox 1530 2107 1754 2169; x_wconf 88' lang='lat' dir='ltr'><strong>propter</strong></span> <span class='ocrx_word' id='word_1_260' title='bbox 1789 2098 2046 2154; x_wconf 79' lang='lat' dir='ltr'><strong>incredu-</strong></span> 
     </span>
    </p>
   </div>
   <div class='ocr_carea' id='block_1_39' title="bbox 460 2188 2044 2260">
    <p class='ocr_par' dir='ltr' id='par_1_39' title="bbox 460 2188 2044 2260">
     <span class='ocr_line' id='line_1_39' title="bbox 460 2188 2044 2260; baseline 0.001 -20"><span class='ocrx_word' id='word_1_261' title='bbox 460 2189 668 2242; x_wconf 89' lang='lat' dir='ltr'><strong>Iitatem</strong></span> <span class='ocrx_word' id='word_1_262' title='bbox 719 2205 825 2242; x_wconf 91' lang='lat' dir='ltr'><strong>non</strong></span> <span class='ocrx_word' id='word_1_263' title='bbox 858 2199 987 2244; x_wconf 91' lang='lat' dir='ltr'><strong>sunt</strong></span> <span class='ocrx_word' id='word_1_264' title='bbox 1030 2188 1286 2260; x_wconf 86' lang='lat' dir='ltr'><strong>ingressi,</strong></span> <span class='ocrx_word' id='word_1_265' title='bbox 1319 2189 1522 2256; x_wconf 81' lang='lat' dir='ltr'><strong>datque</strong></span> <span class='ocrx_word' id='word_1_266' title='bbox 1560 2190 1723 2244; x_wconf 83' lang='lat' dir='ltr'><strong>nobis</strong></span> <span class='ocrx_word' id='word_1_267' title='bbox 1761 2205 1790 2244; x_wconf 93' lang='lat' dir='ltr'><strong>e</strong></span> <span class='ocrx_word' id='word_1_268' title='bbox 1819 2198 2044 2244; x_wconf 63' lang='lat' dir='ltr'><strong>contra-</strong></span> 
     </span>
    </p>
   </div>
   <div class='ocr_carea' id='block_1_40' title="bbox 458 2278 2042 2352">
    <p class='ocr_par' dir='ltr' id='par_1_40' title="bbox 458 2278 2042 2352">
     <span class='ocr_line' id='line_1_40' title="bbox 458 2278 2042 2352; baseline -0.002 -18"><span class='ocrx_word' id='word_1_269' title='bbox 458 2283 542 2334; x_wconf 91' lang='lat' dir='ltr'><strong>rio</strong></span> <span class='ocrx_word' id='word_1_270' title='bbox 569 2281 892 2352; x_wconf 80' lang='lat' dir='ltr'><strong>intelligere,</strong></span> <span class='ocrx_word' id='word_1_271' title='bbox 927 2283 1075 2349; x_wconf 91' lang='lat' dir='ltr'><strong>quod</strong></span> <span class='ocrx_word' id='word_1_272' title='bbox 1112 2281 1156 2334; x_wconf 88' lang='lat' dir='ltr'><strong>si</strong></span> <span class='ocrx_word' id='word_1_273' title='bbox 1184 2279 1606 2340; x_wconf 88' lang='lat' dir='ltr'><strong>crediderimus,</strong></span> <span class='ocrx_word' id='word_1_274' title='bbox 1647 2278 2042 2347; x_wconf 78' lang='lat' dir='ltr'><strong>ingredicmur;</strong></span> 
     </span>
    </p>
   </div>
   <div class='ocr_carea' id='block_1_41' title="bbox 463 2359 2044 2442">
    <p class='ocr_par' dir='ltr' id='par_1_41' title="bbox 463 2359 2044 2442">
     <span class='ocr_line' id='line_1_41' title="bbox 463 2359 2044 2442; baseline -0.001 -15"><span class='ocrx_word' id='word_1_275' title='bbox 463 2359 815 2442; x_wconf 78' lang='lat' dir='ltr'><strong>perspicuum</strong></span> <span class='ocrx_word' id='word_1_276' title='bbox 849 2385 930 2427; x_wconf 85' lang='lat' dir='ltr'><strong>est</strong></span> <span class='ocrx_word' id='word_1_277' title='bbox 957 2372 1105 2442; x_wconf 87' lang='lat' dir='ltr'><strong>quod</strong></span> <span class='ocrx_word' id='word_1_278' title='bbox 1135 2373 1238 2426; x_wconf 86' lang='lat' dir='ltr'><strong>ista</strong></span> <span class='ocrx_word' id='word_1_279' title='bbox 1277 2372 1494 2441; x_wconf 80' lang='lat' dir='ltr'><strong>requies</strong></span> <span class='ocrx_word' id='word_1_280' title='bbox 1526 2371 1708 2424; x_wconf 79' lang='lat' dir='ltr'><strong>futura</strong></span> <span class='ocrx_word' id='word_1_281' title='bbox 1741 2379 1847 2438; x_wconf 88' lang='lat' dir='ltr'><strong>est,</strong></span> <span class='ocrx_word' id='word_1_282' title='bbox 1880 2378 2044 2440; x_wconf 90' lang='lat' dir='ltr'><strong>atque</strong></span> 
     </span>
    </p>
   </div>
   <div class='ocr_carea' id='block_1_42' title="bbox 461 2461 2046 2532">
    <p class='ocr_par' dir='ltr' id='par_1_42' title="bbox 461 2461 2046 2532">
     <span class='ocr_line' id='line_1_42' title="bbox 461 2461 2046 2532; baseline 0 -18"><span class='ocrx_word' id='word_1_283' title='bbox 461 2478 561 2516; x_wconf 91' lang='lat' dir='ltr'><strong>nos</strong></span> <span class='ocrx_word' id='word_1_284' title='bbox 583 2469 881 2532; x_wconf 79' lang='lat' dir='ltr'><strong>exspectat.</strong></span> <span class='ocrx_word' id='word_1_285' title='bbox 910 2463 982 2516; x_wconf 87' lang='lat' dir='ltr'><strong>De</strong></span> <span class='ocrx_word' id='word_1_286' title='bbox 1004 2461 1290 2517; x_wconf 71' lang='lat' dir='ltr'><strong>Palmstina</strong></span> <span class='ocrx_word' id='word_1_287' title='bbox 1306 2463 1452 2517; x_wconf 87' lang='lat' dir='ltr'><strong>enim</strong></span> <span class='ocrx_word' id='word_1_288' title='bbox 1479 2461 1666 2532; x_wconf 88' lang='lat' dir='ltr'><strong>utique</strong></span> <span class='ocrx_word' id='word_1_289' title='bbox 1689 2477 1794 2514; x_wconf 91' lang='lat' dir='ltr'><strong>non</strong></span> <span class='ocrx_word' id='word_1_290' title='bbox 1819 2463 2046 2531; x_wconf 85' lang='lat' dir='ltr'><strong>promit-</strong></span> 
     </span>
    </p>
   </div>
   <div class='ocr_carea' id='block_1_43' title="bbox 460 2541 2039 2621">
    <p class='ocr_par' dir='ltr' id='par_1_43' title="bbox 460 2541 2039 2621">
     <span class='ocr_line' id='line_1_43' title="bbox 460 2541 2039 2621; baseline 0.002 -19"><span class='ocrx_word' id='word_1_291' title='bbox 460 2555 604 2606; x_wconf 70' lang='lat' dir='ltr'><strong>lebat</strong></span> <span class='ocrx_word' id='word_1_292' title='bbox 638 2541 803 2605; x_wconf 80' lang='lat' dir='ltr'><strong>David</strong></span> <span class='ocrx_word' id='word_1_293' title='bbox 840 2571 852 2606; x_wconf 90' lang='lat'><strong>:</strong></span> <span class='ocrx_word' id='word_1_294' title='bbox 889 2567 1008 2606; x_wconf 87' lang='lat' dir='ltr'><strong>eam</strong></span> <span class='ocrx_word' id='word_1_295' title='bbox 1039 2553 1187 2607; x_wconf 91' lang='lat' dir='ltr'><strong>enim</strong></span> <span class='ocrx_word' id='word_1_296' title='bbox 1226 2560 1359 2607; x_wconf 90' lang='lat' dir='ltr'><strong>tunc</strong></span> <span class='ocrx_word' id='word_1_297' title='bbox 1384 2551 1649 2620; x_wconf 85' lang='lat' dir='ltr'><strong>temporis</strong></span> <span class='ocrx_word' id='word_1_298' title='bbox 1676 2551 2039 2621; x_wconf 79' lang='lat' dir='ltr'><strong>occupabunt.</strong></span> 
     </span>
    </p>
   </div>
   <div class='ocr_carea' id='block_1_44' title="bbox 468 2647 2043 2718">
    <p class='ocr_par' dir='ltr' id='par_1_44' title="bbox 468 2647 2043 2718">
     <span class='ocr_line' id='line_1_44' title="bbox 468 2647 2043 2718; baseline -0.001 -16"><span class='ocrx_word' id='word_1_299' title='bbox 468 2648 574 2702; x_wconf 66' lang='lat' dir='ltr'><strong>Sed</strong></span> <span class='ocrx_word' id='word_1_300' title='bbox 611 2663 789 2718; x_wconf 88' lang='lat' dir='ltr'><strong>neque</strong></span> <span class='ocrx_word' id='word_1_301' title='bbox 825 2649 892 2702; x_wconf 91' lang='lat' dir='ltr'><strong>de</strong></span> <span class='ocrx_word' id='word_1_302' title='bbox 917 2647 1152 2718; x_wconf 84' lang='lat' dir='ltr'><strong>septimo</strong></span> <span class='ocrx_word' id='word_1_303' title='bbox 1186 2647 1276 2703; x_wconf 89' lang='lat' dir='ltr'><strong>die</strong></span> <span class='ocrx_word' id='word_1_304' title='bbox 1327 2647 1544 2701; x_wconf 81' lang='lat' dir='ltr'><strong>locutus</strong></span> <span class='ocrx_word' id='word_1_305' title='bbox 1573 2656 1657 2701; x_wconf 88' lang='lat' dir='ltr'><strong>est</strong></span> <span class='ocrx_word' id='word_1_306' title='bbox 1691 2663 1704 2700; x_wconf 90' lang='lat'><strong>:</strong></span> <span class='ocrx_word' id='word_1_307' title='bbox 1745 2660 1868 2699; x_wconf 89' lang='lat' dir='ltr'><strong>nam</strong></span> <span class='ocrx_word' id='word_1_308' title='bbox 1920 2662 1982 2700; x_wconf 88' lang='lat' dir='ltr'><strong>ea</strong></span> <span class='ocrx_word' id='word_1_309' title='bbox 2016 2662 2043 2700; x_wconf 87' lang='lat' dir='ltr'><strong>a</strong></span> 
     </span>
    </p>
   </div>
   <div class='ocr_carea' id='block_1_45' title="bbox 457 2735 2043 2808">
    <p class='ocr_par' dir='ltr' id='par_1_45' title="bbox 457 2735 2043 2808">
     <span class='ocr_line' id='line_1_45' title="bbox 457 2735 2043 2808; baseline 0.001 -18"><span class='ocrx_word' id='word_1_310' title='bbox 457 2739 852 2794; x_wconf 78' lang='lat' dir='ltr'><strong>constitutione</strong></span> <span class='ocrx_word' id='word_1_311' title='bbox 887 2738 1077 2792; x_wconf 90' lang='lat' dir='ltr'><strong>mundi</strong></span> <span class='ocrx_word' id='word_1_312' title='bbox 1106 2739 1306 2793; x_wconf 84' lang='lat' dir='ltr'><strong>luerat.</strong></span> <span class='ocrx_word' id='word_1_313' title='bbox 1337 2735 1526 2793; x_wconf 83' lang='lat' dir='ltr'><strong>Tertia</strong></span> <span class='ocrx_word' id='word_1_314' title='bbox 1551 2738 1717 2808; x_wconf 89' lang='lat' dir='ltr'><strong>igitur</strong></span> <span class='ocrx_word' id='word_1_315' title='bbox 1747 2737 1904 2808; x_wconf 88' lang='lat' dir='ltr'><strong>quies</strong></span> <span class='ocrx_word' id='word_1_316' title='bbox 1937 2747 2043 2802; x_wconf 85' lang='lat' dir='ltr'><strong>est,</strong></span> 
     </span>
    </p>
   </div>
   <div class='ocr_carea' id='block_1_46' title="bbox 459 2828 2046 2900">
    <p class='ocr_par' dir='ltr' id='par_1_46' title="bbox 459 2828 2046 2900">
     <span class='ocr_line' id='line_1_46' title="bbox 459 2828 2046 2900; baseline 0.002 -18"><span class='ocrx_word' id='word_1_317' title='bbox 459 2845 650 2900; x_wconf 85' lang='lat' dir='ltr'><strong>nempe</strong></span> <span class='ocrx_word' id='word_1_318' title='bbox 685 2844 910 2898; x_wconf 79' lang='lat' dir='ltr'><strong>regnum</strong></span> <span class='ocrx_word' id='word_1_319' title='bbox 941 2829 1234 2894; x_wconf 75' lang='lat' dir='ltr'><strong>cmlorum,</strong></span> <span class='ocrx_word' id='word_1_320' title='bbox 1266 2829 1321 2883; x_wconf 89' lang='lat' dir='ltr'><strong>in</strong></span> <span class='ocrx_word' id='word_1_321' title='bbox 1354 2830 1499 2899; x_wconf 91' lang='lat' dir='ltr'><strong>quod</strong></span> <span class='ocrx_word' id='word_1_322' title='bbox 1533 2844 1698 2884; x_wconf 78' lang='lat' dir='ltr'><strong>verus</strong></span> <span class='ocrx_word' id='word_1_323' title='bbox 1741 2828 1904 2885; x_wconf 83' lang='lat' dir='ltr'><strong>Jesus</strong></span> <span class='ocrx_word' id='word_1_324' title='bbox 1945 2844 2046 2885; x_wconf 88' lang='lat' dir='ltr'><strong>nos</strong></span> 
     </span>
    </p>
   </div>
   <div class='ocr_carea' id='block_1_47' title="bbox 458 2919 1562 2990">
    <p class='ocr_par' dir='ltr' id='par_1_47' title="bbox 458 2919 1562 2990">
     <span class='ocr_line' id='line_1_47' title="bbox 458 2919 1562 2990; baseline 0 -16"><span class='ocrx_word' id='word_1_325' title='bbox 458 2921 788 2986; x_wconf 87' lang='lat' dir='ltr'><strong>introducit,</strong></span> <span class='ocrx_word' id='word_1_326' title='bbox 821 2920 1073 2990; x_wconf 87' lang='lat' dir='ltr'><strong>adeoque</strong></span> <span class='ocrx_word' id='word_1_327' title='bbox 1100 2919 1234 2974; x_wconf 80' lang='lat' dir='ltr'><strong>ﬁdes</strong></span> <span class='ocrx_word' id='word_1_328' title='bbox 1272 2920 1326 2974; x_wconf 92' lang='lat' dir='ltr'><strong>iu</strong></span> <span class='ocrx_word' id='word_1_329' title='bbox 1359 2920 1562 2990; x_wconf 89' lang='lat' dir='ltr'><strong>ipsum.</strong></span> 
     </span>
    </p>
   </div>
   <div class='ocr_carea' id='block_1_48' title="bbox 531 3032 2043 3104">
    <p class='ocr_par' dir='ltr' id='par_1_48' title="bbox 531 3032 2043 3104">
     <span class='ocr_line' id='line_1_48' title="bbox 531 3032 2043 3104; baseline -0.001 -14"><span class='ocrx_word' id='word_1_330' title='bbox 531 3036 695 3090; x_wconf 74' lang='lat' dir='ltr'><strong>Vsus.</strong></span> <span class='ocrx_word' id='word_1_331' title='bbox 748 3036 804 3090; x_wconf 89' lang='lat'><strong>9.</strong></span> <span class='ocrx_word' id='word_1_332' title='bbox 861 3034 1050 3104; x_wconf 83' lang='lat' dir='ltr'><strong>Itaque</strong></span> <span class='ocrx_word' id='word_1_333' title='bbox 1083 3033 1402 3104; x_wconf 83' lang='lat' dir='ltr'><strong>relinquitur</strong></span> <span class='ocrx_word' id='word_1_334' title='bbox 1431 3032 1806 3097; x_wconf 78' lang='lat' dir='ltr'><strong>Sabbatismus</strong></span> <span class='ocrx_word' id='word_1_335' title='bbox 1851 3033 2043 3101; x_wconf 85' lang='lat' dir='ltr'><strong>populo</strong></span> 
     </span>
    </p>
   </div>
   <div class='ocr_carea' id='block_1_49' title="bbox 2149 1935 3730 2014">
    <p class='ocr_par' dir='ltr' id='par_1_49' title="bbox 2149 1935 3730 2014">
     <span class='ocr_line' id='line_1_49' title="bbox 2149 1935 3730 2014; baseline -0.007 -17"><span class='ocrx_word' id='word_1_336' title='bbox 2149 1944 2214 2014; x_wconf 85' lang='grc' dir='ltr'><em>δὴ</em></span> <span class='ocrx_word' id='word_1_337' title='bbox 2247 1943 2303 1997; x_wconf 85' lang='grc' dir='ltr'><em>δὲ</em></span> <span class='ocrx_word' id='word_1_338' title='bbox 2325 1944 2532 2007; x_wconf 79' lang='grc' dir='ltr'><strong>ἐκεῖνος</strong></span> <span class='ocrx_word' id='word_1_339' title='bbox 2561 1943 2658 2012; x_wconf 85' lang='grc' dir='ltr'><strong>μὲν</strong></span> <span class='ocrx_word' id='word_1_340' title='bbox 2683 1943 2783 1996; x_wconf 81' lang='grc' dir='ltr'><strong>οὐκ</strong></span> <span class='ocrx_word' id='word_1_341' title='bbox 2817 1942 3132 2010; x_wconf 79' lang='grc' dir='ltr'><strong>εἰσήγαγεν,</strong></span> <span class='ocrx_word' id='word_1_342' title='bbox 3192 1941 3221 1993; x_wconf 83' lang='grc' dir='ltr'>ὀ</span> <span class='ocrx_word' id='word_1_343' title='bbox 3275 1938 3331 1991; x_wconf 82' lang='grc' dir='ltr'><em>δὲ</em></span> <span class='ocrx_word' id='word_1_344' title='bbox 3362 1937 3528 1990; x_wconf 76' lang='grc' dir='ltr'><strong>Δαόὶδ</strong></span> <span class='ocrx_word' id='word_1_345' title='bbox 3577 1935 3730 2002; x_wconf 80' lang='grc' dir='ltr'><strong>λέγει</strong></span> 
     </span>
    </p>
   </div>
   <div class='ocr_carea' id='block_1_50' title="bbox 2150 2032 3734 2108">
    <p class='ocr_par' dir='ltr' id='par_1_50' title="bbox 2150 2032 3734 2108">
     <span class='ocr_line' id='line_1_50' title="bbox 2150 2032 3734 2108; baseline -0.005 -17"><span class='ocrx_word' id='word_1_346' title='bbox 2150 2039 2313 2092; x_wconf 83' lang='grc' dir='ltr'><strong>πάλιν</strong></span> <span class='ocrx_word' id='word_1_347' title='bbox 2349 2038 2486 2108; x_wconf 87' lang='grc' dir='ltr'><strong>μετὰ</strong></span> <span class='ocrx_word' id='word_1_348' title='bbox 2507 2035 2745 2090; x_wconf 80' lang='grc' dir='ltr'><strong>τοσαῦτα</strong></span> <span class='ocrx_word' id='word_1_349' title='bbox 2771 2035 2865 2107; x_wconf 80' lang='grc' dir='ltr'><strong>ἔτη</strong></span> <span class='ocrx_word' id='word_1_350' title='bbox 2893 2052 2908 2067; x_wconf 89' lang='grc'><strong>·</strong></span> <span class='ocrx_word' id='word_1_351' title='bbox 2943 2036 3036 2106; x_wconf 80' lang='grc' dir='ltr'><strong>Μὴ</strong></span> <span class='ocrx_word' id='word_1_352' title='bbox 3065 2032 3404 2104; x_wconf 87' lang='grc' dir='ltr'><strong>σκληρύνητε</strong></span> <span class='ocrx_word' id='word_1_353' title='bbox 3434 2033 3532 2092; x_wconf 71' lang='grc' dir='ltr'><strong>τὰς</strong></span> <span class='ocrx_word' id='word_1_354' title='bbox 3581 2046 3734 2099; x_wconf 85' lang='grc' dir='ltr'><em>καρ-</em></span> 
     </span>
    </p>
   </div>
   <div class='ocr_carea' id='block_1_51' title="bbox 2145 2123 3731 2200">
    <p class='ocr_par' dir='ltr' id='par_1_51' title="bbox 2145 2123 3731 2200">
     <span class='ocr_line' id='line_1_51' title="bbox 2145 2123 3731 2200; baseline -0.006 -16"><span class='ocrx_word' id='word_1_355' title='bbox 2145 2131 2263 2194; x_wconf 83' lang='grc' dir='ltr'><em>δίας</em></span> <span class='ocrx_word' id='word_1_356' title='bbox 2291 2129 2468 2200; x_wconf 86' lang='grc' dir='ltr'><strong>ὑμῶν,</strong></span> <span class='ocrx_word' id='word_1_357' title='bbox 2502 2130 2578 2192; x_wconf 85' lang='grc' dir='ltr'><em>ὡς</em></span> <span class='ocrx_word' id='word_1_358' title='bbox 2602 2130 2650 2182; x_wconf 79' lang='grc' dir='ltr'><strong>οἱ</strong></span> <span class='ocrx_word' id='word_1_359' title='bbox 2681 2127 2940 2198; x_wconf 83' lang='grc' dir='ltr'><em>πατέρες,</em></span> <span class='ocrx_word' id='word_1_360' title='bbox 2967 2127 3018 2180; x_wconf 76' lang='grc' dir='ltr'><strong>οἱ</strong></span> <span class='ocrx_word' id='word_1_361' title='bbox 3053 2125 3142 2180; x_wconf 83' lang='grc' dir='ltr'><strong>διὰ</strong></span> <span class='ocrx_word' id='word_1_362' title='bbox 3194 2124 3292 2197; x_wconf 78' lang='grc' dir='ltr'><strong>τὴν</strong></span> <span class='ocrx_word' id='word_1_363' title='bbox 3319 2123 3578 2178; x_wconf 78' lang='grc' dir='ltr'><strong>ἀπιστίαν</strong></span> <span class='ocrx_word' id='word_1_364' title='bbox 3651 2123 3731 2193; x_wconf 80' lang='grc' dir='ltr'><strong>μὴ</strong></span> 
     </span>
    </p>
   </div>
   <div class='ocr_carea' id='block_1_52' title="bbox 2148 2214 3732 2290">
    <p class='ocr_par' dir='ltr' id='par_1_52' title="bbox 2148 2214 3732 2290">
     <span class='ocr_line' id='line_1_52' title="bbox 2148 2214 3732 2290; baseline -0.006 -13"><span class='ocrx_word' id='word_1_365' title='bbox 2148 2224 2502 2288; x_wconf 80' lang='grc' dir='ltr'><strong>εἰσελθόντες,</strong></span> <span class='ocrx_word' id='word_1_366' title='bbox 2535 2223 2628 2276; x_wconf 75' lang='grc' dir='ltr'><strong>καὶ</strong></span> <span class='ocrx_word' id='word_1_367' title='bbox 2648 2221 2864 2275; x_wconf 84' lang='grc' dir='ltr'><em>δίδωσιν</em></span> <span class='ocrx_word' id='word_1_368' title='bbox 2894 2222 3027 2290; x_wconf 73' lang='grc' dir='ltr'><strong>ἡμῖν</strong></span> <span class='ocrx_word' id='word_1_369' title='bbox 3055 2221 3197 2274; x_wconf 86' lang='grc' dir='ltr'><strong>νοεῖν</strong></span> <span class='ocrx_word' id='word_1_370' title='bbox 3222 2221 3287 2273; x_wconf 81' lang='grc' dir='ltr'><strong>ὲκ</strong></span> <span class='ocrx_word' id='word_1_371' title='bbox 3310 2216 3404 2271; x_wconf 83' lang='grc' dir='ltr'><strong>τοῦ</strong></span> <span class='ocrx_word' id='word_1_372' title='bbox 3457 2214 3732 2281; x_wconf 71' lang='grc' dir='ltr'><strong>ἐναντίου,</strong></span> 
     </span>
    </p>
   </div>
   <div class='ocr_carea' id='block_1_53' title="bbox 2147 2310 3732 2385">
    <p class='ocr_par' dir='ltr' id='par_1_53' title="bbox 2147 2310 3732 2385">
     <span class='ocr_line' id='line_1_53' title="bbox 2147 2310 3732 2385; baseline -0.006 -14"><span class='ocrx_word' id='word_1_373' title='bbox 2147 2319 2229 2371; x_wconf 84' lang='grc' dir='ltr'><strong>ὅτι</strong></span> <span class='ocrx_word' id='word_1_374' title='bbox 2284 2317 2379 2371; x_wconf 78' lang='grc' dir='ltr'><strong>ἐὰν</strong></span> <span class='ocrx_word' id='word_1_375' title='bbox 2429 2316 2802 2385; x_wconf 82' lang='grc' dir='ltr'><strong>πιστεύωμεν,</strong></span> <span class='ocrx_word' id='word_1_376' title='bbox 2856 2312 3300 2382; x_wconf 73' lang='grc' dir='ltr'><strong>εἱσελευσόμεοα·</strong></span> <span class='ocrx_word' id='word_1_377' title='bbox 3346 2310 3528 2382; x_wconf 83' lang='grc' dir='ltr'><em>δῆλον,</em></span> <span class='ocrx_word' id='word_1_378' title='bbox 3570 2311 3653 2363; x_wconf 76' lang='grc' dir='ltr'><strong>ὅτι</strong></span> <span class='ocrx_word' id='word_1_379' title='bbox 3698 2310 3732 2379; x_wconf 81' lang='grc' dir='ltr'>ἡ</span> 
     </span>
    </p>
   </div>
   <div class='ocr_carea' id='block_1_54' title="bbox 2148 2399 3734 2476">
    <p class='ocr_par' dir='ltr' id='par_1_54' title="bbox 2148 2399 3734 2476">
     <span class='ocr_line' id='line_1_54' title="bbox 2148 2399 3734 2476; baseline -0.006 -15"><span class='ocrx_word' id='word_1_380' title='bbox 2148 2409 2500 2470; x_wconf 80' lang='grc' dir='ltr'><strong>κατάπαυσις</strong></span> <span class='ocrx_word' id='word_1_381' title='bbox 2579 2404 2720 2475; x_wconf 77' lang='grc' dir='ltr'><strong>αὕτη</strong></span> <span class='ocrx_word' id='word_1_382' title='bbox 2783 2402 3052 2476; x_wconf 81' lang='grc' dir='ltr'><strong>μέλλουσά</strong></span> <span class='ocrx_word' id='word_1_383' title='bbox 3103 2403 3218 2455; x_wconf 71' lang='grc' dir='ltr'><strong>ἐστι</strong></span> <span class='ocrx_word' id='word_1_384' title='bbox 3247 2441 3262 2466; x_wconf 92' lang='grc'><strong>,</strong></span> <span class='ocrx_word' id='word_1_385' title='bbox 3309 2401 3404 2454; x_wconf 77' lang='grc' dir='ltr'><strong>καὶ</strong></span> <span class='ocrx_word' id='word_1_386' title='bbox 3441 2399 3734 2470; x_wconf 83' lang='grc' dir='ltr'><strong>περιμένει</strong></span> 
     </span>
    </p>
   </div>
   <div class='ocr_carea' id='block_1_55' title="bbox 2149 2491 3734 2574">
    <p class='ocr_par' dir='ltr' id='par_1_55' title="bbox 2149 2491 3734 2574">
     <span class='ocr_line' id='line_1_55' title="bbox 2149 2491 3734 2574; baseline -0.009 -18"><span class='ocrx_word' id='word_1_387' title='bbox 2149 2503 2316 2574; x_wconf 77' lang='grc' dir='ltr'><strong>ἡμᾶς.</strong></span> <span class='ocrx_word' id='word_1_388' title='bbox 2350 2501 2485 2570; x_wconf 61' lang='grc' dir='ltr'><strong>Περὶ⁴</strong></span> <span class='ocrx_word' id='word_1_389' title='bbox 2524 2498 2634 2570; x_wconf 79' lang='grc' dir='ltr'><em>γὰρ</em></span> <span class='ocrx_word' id='word_1_390' title='bbox 2659 2498 2760 2567; x_wconf 83' lang='grc' dir='ltr'><em>τῆς</em></span> <span class='ocrx_word' id='word_1_391' title='bbox 2791 2495 3158 2565; x_wconf 74' lang='grc' dir='ltr'><strong>Παλαιστίνης</strong></span> <span class='ocrx_word' id='word_1_392' title='bbox 3193 2494 3292 2547; x_wconf 81' lang='grc' dir='ltr'><strong>οὐκ</strong></span> <span class='ocrx_word' id='word_1_393' title='bbox 3358 2491 3734 2562; x_wconf 78' lang='grc' dir='ltr'><strong>ἐπηγγέλλετο</strong></span> 
     </span>
    </p>
   </div>
   <div class='ocr_carea' id='block_1_56' title="bbox 2147 2581 3730 2662">
    <p class='ocr_par' dir='ltr' id='par_1_56' title="bbox 2147 2581 3730 2662">
     <span class='ocr_line' id='line_1_56' title="bbox 2147 2581 3730 2662; baseline -0.008 -18"><span class='ocrx_word' id='word_1_394' title='bbox 2147 2592 2322 2662; x_wconf 82' lang='grc' dir='ltr'><strong>δήπου</strong></span> <span class='ocrx_word' id='word_1_395' title='bbox 2346 2591 2373 2643; x_wconf 80' lang='grc' dir='ltr'>ὁ</span> <span class='ocrx_word' id='word_1_396' title='bbox 2395 2589 2558 2643; x_wconf 76' lang='grc' dir='ltr'><strong>Δαὸίδ</strong></span> <span class='ocrx_word' id='word_1_397' title='bbox 2581 2607 2595 2620; x_wconf 87' lang='grc'><strong>·</strong></span> <span class='ocrx_word' id='word_1_398' title='bbox 2630 2591 2837 2660; x_wconf 83' lang='grc' dir='ltr'><strong>ταύτην</strong></span> <span class='ocrx_word' id='word_1_399' title='bbox 2862 2587 2972 2658; x_wconf 79' lang='grc' dir='ltr'><em>γὰρ</em></span> <span class='ocrx_word' id='word_1_400' title='bbox 3009 2588 3262 2656; x_wconf 78' lang='grc' dir='ltr'><strong>κατεῖχον</strong></span> <span class='ocrx_word' id='word_1_401' title='bbox 3286 2583 3429 2637; x_wconf 88' lang='grc' dir='ltr'><strong>τότε.</strong></span> <span class='ocrx_word' id='word_1_402' title='bbox 3463 2581 3604 2635; x_wconf 82' lang='grc' dir='ltr'><strong>Ἀλλ’</strong></span> <span class='ocrx_word' id='word_1_403' title='bbox 3629 2582 3730 2634; x_wconf 82' lang='grc' dir='ltr'><strong>οὐ·</strong></span> 
     </span>
    </p>
   </div>
   <div class='ocr_carea' id='block_1_57' title="bbox 2146 2673 3732 2756">
    <p class='ocr_par' dir='ltr' id='par_1_57' title="bbox 2146 2673 3732 2756">
     <span class='ocr_line' id='line_1_57' title="bbox 2146 2673 3732 2756; baseline -0.008 -18"><span class='ocrx_word' id='word_1_404' title='bbox 2146 2685 2204 2738; x_wconf 79' lang='grc' dir='ltr'><em>δὲ</em></span> <span class='ocrx_word' id='word_1_405' title='bbox 2238 2685 2368 2756; x_wconf 76' lang='grc' dir='ltr'><strong>περὶ</strong></span> <span class='ocrx_word' id='word_1_406' title='bbox 2396 2684 2492 2754; x_wconf 79' lang='grc' dir='ltr'><strong>τῆς</strong></span> <span class='ocrx_word' id='word_1_407' title='bbox 2529 2682 2766 2752; x_wconf 78' lang='grc' dir='ltr'><strong>ἑϐδόμης</strong></span> <span class='ocrx_word' id='word_1_408' title='bbox 2802 2697 2816 2712; x_wconf 85' lang='grc'>⁶</span> <span class='ocrx_word' id='word_1_409' title='bbox 2845 2679 2986 2750; x_wconf 82' lang='grc' dir='ltr'><strong>αὕτη</strong></span> <span class='ocrx_word' id='word_1_410' title='bbox 3011 2679 3120 2750; x_wconf 83' lang='grc' dir='ltr'><em>γὰρ</em></span> <span class='ocrx_word' id='word_1_411' title='bbox 3147 2677 3256 2730; x_wconf 81' lang='grc' dir='ltr'><strong>ἀπὸ</strong></span> <span class='ocrx_word' id='word_1_412' title='bbox 3277 2675 3583 2745; x_wconf 79' lang='grc' dir='ltr'><strong>καταϐολῆς</strong></span> <span class='ocrx_word' id='word_1_413' title='bbox 3629 2673 3732 2726; x_wconf 72' lang='grc' dir='ltr'><strong>κο-</strong></span> 
     </span>
    </p>
   </div>
   <div class='ocr_carea' id='block_1_58' title="bbox 2149 2765 3732 2846">
    <p class='ocr_par' dir='ltr' id='par_1_58' title="bbox 2149 2765 3732 2846">
     <span class='ocr_line' id='line_1_58' title="bbox 2149 2765 3732 2846; baseline -0.008 -17"><span class='ocrx_word' id='word_1_414' title='bbox 2149 2794 2288 2845; x_wconf 88' lang='grc' dir='ltr'><strong>σμου</strong></span> <span class='ocrx_word' id='word_1_415' title='bbox 2328 2771 2418 2846; x_wconf 78' lang='grc' dir='ltr'><strong>ἦν.</strong></span> <span class='ocrx_word' id='word_1_416' title='bbox 2459 2776 2604 2844; x_wconf 81' lang='grc' dir='ltr'><em>Ἀρα</em></span> <span class='ocrx_word' id='word_1_417' title='bbox 2643 2769 2738 2827; x_wconf 82' lang='grc' dir='ltr'><strong>οὖν</strong></span> <span class='ocrx_word' id='word_1_418' title='bbox 2764 2773 2922 2844; x_wconf 80' lang='grc' dir='ltr'><em>τρίτη</em></span> <span class='ocrx_word' id='word_1_419' title='bbox 2950 2788 3036 2834; x_wconf 87' lang='grc' dir='ltr'><em>τις</em></span> <span class='ocrx_word' id='word_1_420' title='bbox 3069 2769 3242 2834; x_wconf 74' lang='grc' dir='ltr'><em>ἐστὶν,</em></span> <span class='ocrx_word' id='word_1_421' title='bbox 3274 2769 3307 2838; x_wconf 81' lang='grc' dir='ltr'>ἡ</span> <span class='ocrx_word' id='word_1_422' title='bbox 3341 2767 3588 2837; x_wconf 77' lang='grc' dir='ltr'><strong>βασιλεία</strong></span> <span class='ocrx_word' id='word_1_423' title='bbox 3613 2765 3732 2818; x_wconf 84' lang='grc' dir='ltr'><strong>τῶν</strong></span> 
     </span>
    </p>
   </div>
   <div class='ocr_carea' id='block_1_59' title="bbox 2146 2857 3732 2933">
    <p class='ocr_par' dir='ltr' id='par_1_59' title="bbox 2146 2857 3732 2933">
     <span class='ocr_line' id='line_1_59' title="bbox 2146 2857 3732 2933; baseline -0.003 -19"><span class='ocrx_word' id='word_1_424' title='bbox 2146 2863 2414 2933; x_wconf 82' lang='grc' dir='ltr'><em>οὐρανῶν,</em></span> <span class='ocrx_word' id='word_1_425' title='bbox 2446 2864 2526 2926; x_wconf 77' lang='grc' dir='ltr'><strong>εἰς</strong></span> <span class='ocrx_word' id='word_1_426' title='bbox 2555 2862 2624 2933; x_wconf 87' lang='grc' dir='ltr'><strong>ἢν</strong></span> <span class='ocrx_word' id='word_1_427' title='bbox 2661 2864 2690 2916; x_wconf 84' lang='grc' dir='ltr'><strong>ὁ</strong></span> <span class='ocrx_word' id='word_1_428' title='bbox 2725 2861 2979 2933; x_wconf 79' lang='grc' dir='ltr'><strong>ἀληθινὸς</strong></span> <span class='ocrx_word' id='word_1_429' title='bbox 3019 2859 3230 2926; x_wconf 79' lang='grc' dir='ltr'><strong>εἰσάγει</strong></span> <span class='ocrx_word' id='word_1_430' title='bbox 3273 2857 3516 2929; x_wconf 82' lang='grc' dir='ltr'><em>Ἰησοῦς,</em></span> <span class='ocrx_word' id='word_1_431' title='bbox 3556 2858 3652 2910; x_wconf 77' lang='grc' dir='ltr'><strong>καὶ</strong></span> <span class='ocrx_word' id='word_1_432' title='bbox 3695 2857 3732 2927; x_wconf 77' lang='grc' dir='ltr'>ἡ</span> 
     </span>
    </p>
   </div>
   <div class='ocr_carea' id='block_1_60' title="bbox 2147 2953 2655 3017">
    <p class='ocr_par' dir='ltr' id='par_1_60' title="bbox 2147 2953 2655 3017">
     <span class='ocr_line' id='line_1_60' title="bbox 2147 2953 2655 3017; baseline 0.01 -12"><span class='ocrx_word' id='word_1_433' title='bbox 2147 2955 2226 3014; x_wconf 73' lang='grc' dir='ltr'><strong>εἰς</strong></span> <span class='ocrx_word' id='word_1_434' title='bbox 2257 2954 2419 3007; x_wconf 81' lang='grc' dir='ltr'><strong>αὑτὸν</strong></span> <span class='ocrx_word' id='word_1_435' title='bbox 2453 2953 2655 3017; x_wconf 80' lang='grc' dir='ltr'><strong>πίστις.</strong></span> 
     </span>
    </p>
   </div>
   <div class='ocr_carea' id='block_1_61' title="bbox 2221 3039 3730 3117">
    <p class='ocr_par' dir='ltr' id='par_1_61' title="bbox 2221 3039 3730 3117">
     <span class='ocr_line' id='line_1_61' title="bbox 2221 3039 3730 3117; baseline -0.002 -19"><span class='ocrx_word' id='word_1_436' title='bbox 2221 3046 2361 3112; x_wconf 81' lang='grc' dir='ltr'><em>’Λρα</em></span> <span class='ocrx_word' id='word_1_437' title='bbox 2384 3045 2780 3099; x_wconf 79' lang='grc' dir='ltr'><em>ἀπολείπεται</em></span> <span class='ocrx_word' id='word_1_438' title='bbox 2835 3045 3252 3117; x_wconf 75' lang='grc' dir='ltr'><strong>Σαϐϐατισμὸς</strong></span> <span class='ocrx_word' id='word_1_439' title='bbox 3305 3042 3389 3109; x_wconf 79' lang='grc' dir='ltr'><strong>τῷ</strong></span> <span class='ocrx_word' id='word_1_440' title='bbox 3435 3039 3565 3107; x_wconf 84' lang='grc' dir='ltr'><em>λαῷ</em></span> <span class='ocrx_word' id='word_1_441' title='bbox 3615 3039 3730 3095; x_wconf 82' lang='grc' dir='ltr'><strong>τοῦ</strong></span> 
     </span>
    </p>
   </div>
   <div class='ocr_carea' id='block_1_62' title="bbox 462 3123 2042 3225">
    <p class='ocr_par' dir='ltr' id='par_1_62' title="bbox 462 3123 2042 3194">
     <span class='ocr_line' id='line_1_62' title="bbox 462 3123 2042 3194; baseline -0.003 -13"><span class='ocrx_word' id='word_1_442' title='bbox 462 3128 577 3181; x_wconf 79' lang='lat' dir='ltr'><strong>Dei.</strong></span> <span class='ocrx_word' id='word_1_443' title='bbox 629 3127 747 3180; x_wconf 78' lang='lat' dir='ltr'><strong>Non</strong></span> <span class='ocrx_word' id='word_1_444' title='bbox 791 3126 952 3190; x_wconf 72' lang='lat' dir='ltr'><strong>dixit,</strong></span> <span class='ocrx_word' id='word_1_445' title='bbox 993 3124 1256 3194; x_wconf 88' lang='lat' dir='ltr'><strong>requies;</strong></span> <span class='ocrx_word' id='word_1_446' title='bbox 1303 3125 1420 3186; x_wconf 90' lang='lat' dir='ltr'><strong>sed,</strong></span> <span class='ocrx_word' id='word_1_447' title='bbox 1471 3123 1864 3185; x_wconf 77' lang='lat' dir='ltr'><strong>Sabbutismus,</strong></span> <span class='ocrx_word' id='word_1_448' title='bbox 1920 3140 2042 3194; x_wconf 91' lang='lat' dir='ltr'><strong>pro-</strong></span> 
     </span>
    </p>
   </div>
   <div class='ocr_carea' id='block_1_63' title="bbox 2146 3123 3730 3225">
    <p class='ocr_par' dir='ltr' id='par_1_63' title="bbox 2149 3134 3730 3204">
     <span class='ocr_line' id='line_1_63' title="bbox 2149 3134 3730 3204; baseline -0.002 -14"><span class='ocrx_word' id='word_1_449' title='bbox 2149 3138 2318 3191; x_wconf 83' lang='grc' dir='ltr'><em>Θεοῦ.</em></span> <span class='ocrx_word' id='word_1_450' title='bbox 2357 3139 2474 3192; x_wconf 78' lang='grc' dir='ltr'><strong>Οὐκ</strong></span> <span class='ocrx_word' id='word_1_451' title='bbox 2504 3135 2646 3202; x_wconf 82' lang='grc' dir='ltr'><strong>εἷπε,</strong></span> <span class='ocrx_word' id='word_1_452' title='bbox 2687 3140 3069 3204; x_wconf 81' lang='grc' dir='ltr'><strong>Κατάπαυσις,</strong></span> <span class='ocrx_word' id='word_1_453' title='bbox 3119 3139 3257 3196; x_wconf 80' lang='grc' dir='ltr'><strong>ἀλλὰ</strong></span> <span class='ocrx_word' id='word_1_454' title='bbox 3293 3134 3730 3204; x_wconf 74' lang='grc' dir='ltr'><em>Σαϐϐατισμὸς,</em></span> 
     </span>
    </p>
   </div>
   <div class='ocr_carea' id='block_1_64' title="bbox 458 3216 2044 3291">
    <p class='ocr_par' dir='ltr' id='par_1_64' title="bbox 458 3216 2044 3291">
     <span class='ocr_line' id='line_1_64' title="bbox 458 3216 2044 3291; baseline -0.006 -16"><span class='ocrx_word' id='word_1_455' title='bbox 458 3223 637 3291; x_wconf 86' lang='lat' dir='ltr'><strong>prium</strong></span> <span class='ocrx_word' id='word_1_456' title='bbox 691 3231 895 3274; x_wconf 84' lang='lat' dir='ltr'><strong>nomen</strong></span> <span class='ocrx_word' id='word_1_457' title='bbox 959 3231 1213 3288; x_wconf 87' lang='lat' dir='ltr'><strong>ponens,</strong></span> <span class='ocrx_word' id='word_1_458' title='bbox 1271 3217 1436 3287; x_wconf 75' lang='lat'><strong>672</strong></span> <span class='ocrx_word' id='word_1_459' title='bbox 1477 3223 1532 3270; x_wconf 89' lang='lat' dir='ltr'><strong>et</strong></span> <span class='ocrx_word' id='word_1_460' title='bbox 1591 3216 1792 3285; x_wconf 90' lang='lat' dir='ltr'><strong>inquo</strong></span> <span class='ocrx_word' id='word_1_461' title='bbox 1839 3217 2044 3286; x_wconf 63' lang='lat' dir='ltr'><strong>gaudi!-</strong></span> 
     </span>
    </p>
   </div>
   <div class='ocr_carea' id='block_1_65' title="bbox 460 3307 2046 3379">
    <p class='ocr_par' dir='ltr' id='par_1_65' title="bbox 460 3307 2046 3379">
     <span class='ocr_line' id='line_1_65' title="bbox 460 3307 2046 3379; baseline -0.003 -14"><span class='ocrx_word' id='word_1_462' title='bbox 460 3315 610 3374; x_wconf 87' lang='lat' dir='ltr'><strong>hant,</strong></span> <span class='ocrx_word' id='word_1_463' title='bbox 640 3320 694 3363; x_wconf 77' lang='lat' dir='ltr'><strong>et</strong></span> <span class='ocrx_word' id='word_1_464' title='bbox 725 3310 792 3363; x_wconf 87' lang='lat' dir='ltr'><strong>ad</strong></span> <span class='ocrx_word' id='word_1_465' title='bbox 833 3309 978 3379; x_wconf 88' lang='lat' dir='ltr'><strong>quod</strong></span> <span class='ocrx_word' id='word_1_466' title='bbox 1021 3308 1407 3362; x_wconf 86' lang='lat' dir='ltr'><strong>accurrebanl.</strong></span> <span class='ocrx_word' id='word_1_467' title='bbox 1445 3309 1537 3362; x_wconf 79' lang='lat' dir='ltr'><strong>Sic</strong></span> <span class='ocrx_word' id='word_1_468' title='bbox 1584 3316 1767 3361; x_wconf 89' lang='lat' dir='ltr'><strong>autem</strong></span> <span class='ocrx_word' id='word_1_469' title='bbox 1809 3307 2046 3376; x_wconf 86' lang='lat' dir='ltr'><strong>appellat</strong></span> 
     </span>
    </p>
   </div>
   <div class='ocr_carea' id='block_1_66' title="bbox 460 3395 2046 3472">
    <p class='ocr_par' dir='ltr' id='par_1_66' title="bbox 460 3395 2046 3472">
     <span class='ocr_line' id='line_1_66' title="bbox 460 3395 2046 3472; baseline -0.002 -16"><span class='ocrx_word' id='word_1_470' title='bbox 460 3417 686 3472; x_wconf 78' lang='lat' dir='ltr'><strong>regnum</strong></span> <span class='ocrx_word' id='word_1_471' title='bbox 729 3402 1018 3456; x_wconf 61' lang='lat' dir='ltr'><strong>caelorum.</strong></span> <span class='ocrx_word' id='word_1_472' title='bbox 1045 3398 1517 3464; x_wconf 87' lang='lat' dir='ltr'><strong>Quemadmodum</strong></span> <span class='ocrx_word' id='word_1_473' title='bbox 1549 3399 1692 3452; x_wconf 90' lang='lat' dir='ltr'><strong>enim</strong></span> <span class='ocrx_word' id='word_1_474' title='bbox 1726 3399 1776 3451; x_wconf 89' lang='lat' dir='ltr'><strong>in</strong></span> <span class='ocrx_word' id='word_1_475' title='bbox 1805 3395 2046 3453; x_wconf 87' lang='lat' dir='ltr'><strong>Sabbato</strong></span> 
     </span>
    </p>
   </div>
   <div class='ocr_carea' id='block_1_67' title="bbox 461 3487 2046 3561">
    <p class='ocr_par' dir='ltr' id='par_1_67' title="bbox 461 3487 2046 3561">
     <span class='ocr_line' id='line_1_67' title="bbox 461 3487 2046 3561; baseline -0.001 -16"><span class='ocrx_word' id='word_1_476' title='bbox 461 3497 529 3548; x_wconf 74' lang='lat' dir='ltr'><strong>ab</strong></span> <span class='ocrx_word' id='word_1_477' title='bbox 555 3492 816 3546; x_wconf 88' lang='lat' dir='ltr'><strong>omnibus</strong></span> <span class='ocrx_word' id='word_1_478' title='bbox 849 3489 1112 3561; x_wconf 80' lang='lat' dir='ltr'><strong>operibus</strong></span> <span class='ocrx_word' id='word_1_479' title='bbox 1153 3488 1470 3544; x_wconf 85' lang='lat' dir='ltr'><strong>carnalibus</strong></span> <span class='ocrx_word' id='word_1_480' title='bbox 1519 3487 1724 3544; x_wconf 86' lang='lat' dir='ltr'><strong>crassis</strong></span> <span class='ocrx_word' id='word_1_481' title='bbox 1771 3488 2046 3543; x_wconf 84' lang='lat' dir='ltr'><strong>abstinere</strong></span> 
     </span>
    </p>
   </div>
   <div class='ocr_carea' id='block_1_68' title="bbox 458 3573 2039 3650">
    <p class='ocr_par' dir='ltr' id='par_1_68' title="bbox 458 3573 2039 3650">
     <span class='ocr_line' id='line_1_68' title="bbox 458 3573 2039 3650; baseline -0.003 -17"><span class='ocrx_word' id='word_1_482' title='bbox 458 3581 541 3634; x_wconf 80' lang='lat' dir='ltr'><strong>lex</strong></span> <span class='ocrx_word' id='word_1_483' title='bbox 571 3573 821 3650; x_wconf 80' lang='lat' dir='ltr'><strong>jubebat,</strong></span> <span class='ocrx_word' id='word_1_484' title='bbox 857 3593 923 3634; x_wconf 90' lang='lat' dir='ltr'><strong>ac</strong></span> <span class='ocrx_word' id='word_1_485' title='bbox 951 3578 1268 3635; x_wconf 81' lang='lat' dir='ltr'><strong>sacerdotes</strong></span> <span class='ocrx_word' id='word_1_486' title='bbox 1301 3593 1368 3634; x_wconf 88' lang='lat' dir='ltr'><strong>ea</strong></span> <span class='ocrx_word' id='word_1_487' title='bbox 1418 3578 1534 3633; x_wconf 86' lang='lat' dir='ltr'><strong>sola</strong></span> <span class='ocrx_word' id='word_1_488' title='bbox 1591 3579 1853 3648; x_wconf 87' lang='lat' dir='ltr'><strong>perlicere</strong></span> <span class='ocrx_word' id='word_1_489' title='bbox 1892 3593 2039 3632; x_wconf 83' lang='lat' dir='ltr'><strong>man.-</strong></span> 
     </span>
    </p>
   </div>
   <div class='ocr_carea' id='block_1_69' title="bbox 455 3669 2043 3742">
    <p class='ocr_par' dir='ltr' id='par_1_69' title="bbox 455 3669 2043 3742">
     <span class='ocr_line' id='line_1_69' title="bbox 455 3669 2043 3742; baseline 0.001 -18"><span class='ocrx_word' id='word_1_490' title='bbox 455 3673 621 3726; x_wconf 82' lang='lat' dir='ltr'><strong>dahat</strong></span> <span class='ocrx_word' id='word_1_491' title='bbox 673 3687 795 3742; x_wconf 77' lang='lat' dir='ltr'><strong>quae</strong></span> <span class='ocrx_word' id='word_1_492' title='bbox 827 3670 895 3725; x_wconf 91' lang='lat' dir='ltr'><strong>ad</strong></span> <span class='ocrx_word' id='word_1_493' title='bbox 926 3673 1136 3727; x_wconf 86' lang='lat' dir='ltr'><strong>cultum</strong></span> <span class='ocrx_word' id='word_1_494' title='bbox 1179 3669 1268 3728; x_wconf 87' lang='lat' dir='ltr'><strong>Dei</strong></span> <span class='ocrx_word' id='word_1_495' title='bbox 1303 3671 1669 3742; x_wconf 89' lang='lat' dir='ltr'><strong>pertinebant,</strong></span> <span class='ocrx_word' id='word_1_496' title='bbox 1701 3677 1756 3724; x_wconf 90' lang='lat' dir='ltr'><strong>et</strong></span> <span class='ocrx_word' id='word_1_497' title='bbox 1781 3686 2043 3742; x_wconf 67' lang='lat' dir='ltr'><strong>quincun-</strong></span> 
     </span>
    </p>
   </div>
   <div class='ocr_carea' id='block_1_70' title="bbox 454 3765 2040 3835">
    <p class='ocr_par' dir='ltr' id='par_1_70' title="bbox 454 3765 2040 3835">
     <span class='ocr_line' id='line_1_70' title="bbox 454 3765 2040 3835; baseline 0.001 -17"><span class='ocrx_word' id='word_1_498' title='bbox 454 3783 561 3835; x_wconf 87' lang='lat' dir='ltr'><strong>que</strong></span> <span class='ocrx_word' id='word_1_499' title='bbox 589 3767 787 3820; x_wconf 73' lang='lat' dir='ltr'><strong>anima:</strong></span> <span class='ocrx_word' id='word_1_500' title='bbox 822 3765 1246 3820; x_wconf 80' lang='lat' dir='ltr'><strong>commodabam</strong></span> <span class='ocrx_word' id='word_1_501' title='bbox 1283 3785 1298 3821; x_wconf 87' lang='lat'><strong>:</strong></span> <span class='ocrx_word' id='word_1_502' title='bbox 1324 3766 1398 3820; x_wconf 88' lang='lat' dir='ltr'><strong>ita</strong></span> <span class='ocrx_word' id='word_1_503' title='bbox 1425 3773 1538 3818; x_wconf 81' lang='grc' dir='ltr'><strong>ιιιιιι</strong></span> <span class='ocrx_word' id='word_1_504' title='bbox 1562 3767 1745 3818; x_wconf 84' lang='lat' dir='ltr'><strong>omnia</strong></span> <span class='ocrx_word' id='word_1_505' title='bbox 1774 3765 2040 3834; x_wconf 86' lang='lat' dir='ltr'><strong>spiritua-</strong></span> 
     </span>
    </p>
   </div>
   <div class='ocr_carea' id='block_1_71' title="bbox 455 3855 2038 3924">
    <p class='ocr_par' dir='ltr' id='par_1_71' title="bbox 455 3855 2038 3924">
     <span class='ocr_line' id='line_1_71' title="bbox 455 3855 2038 3924; baseline -0.001 -14"><span class='ocrx_word' id='word_1_506' title='bbox 455 3858 526 3912; x_wconf 85' lang='lat' dir='ltr'><strong>lia</strong></span> <span class='ocrx_word' id='word_1_507' title='bbox 550 3865 717 3912; x_wconf 89' lang='lat' dir='ltr'><strong>erunt</strong></span> <span class='ocrx_word' id='word_1_508' title='bbox 745 3871 810 3913; x_wconf 88' lang='lat' dir='ltr'><strong>ac</strong></span> <span class='ocrx_word' id='word_1_509' title='bbox 843 3857 1052 3924; x_wconf 82' lang='lat' dir='ltr'><strong>divina,</strong></span> <span class='ocrx_word' id='word_1_510' title='bbox 1089 3857 1228 3912; x_wconf 87' lang='lat' dir='ltr'><strong>nihil</strong></span> <span class='ocrx_word' id='word_1_511' title='bbox 1255 3855 1503 3920; x_wconf 86' lang='lat' dir='ltr'><strong>carnale,</strong></span> <span class='ocrx_word' id='word_1_512' title='bbox 1527 3856 1659 3910; x_wconf 86' lang='lat' dir='ltr'><strong>nihil</strong></span> <span class='ocrx_word' id='word_1_513' title='bbox 1681 3855 2038 3919; x_wconf 87' lang='lat' dir='ltr'><strong>laboriosum,</strong></span> 
     </span>
    </p>
   </div>
   <div class='ocr_carea' id='block_1_72' title="bbox 455 3945 2038 4018">
    <p class='ocr_par' dir='ltr' id='par_1_72' title="bbox 455 3945 2038 4018">
     <span class='ocr_line' id='line_1_72' title="bbox 455 3945 2038 4018; baseline -0.001 -18"><span class='ocrx_word' id='word_1_514' title='bbox 455 3948 544 4002; x_wconf 91' lang='lat' dir='ltr'><strong>ubi</strong></span> <span class='ocrx_word' id='word_1_515' title='bbox 573 3946 986 4018; x_wconf 76' lang='lat' dir='ltr'><strong>aufugitdolor,</strong></span> <span class='ocrx_word' id='word_1_516' title='bbox 1009 3962 1234 4014; x_wconf 70' lang='lat' dir='ltr'><strong>maeror,</strong></span> <span class='ocrx_word' id='word_1_517' title='bbox 1266 3957 1432 4018; x_wconf 85' lang='lat' dir='ltr'><strong>atque</strong></span> <span class='ocrx_word' id='word_1_518' title='bbox 1463 3947 1724 4016; x_wconf 82' lang='lat' dir='ltr'><strong>gemitus.</strong></span> <span class='ocrx_word' id='word_1_519' title='bbox 1755 3945 1897 4000; x_wconf 77' lang='lat' dir='ltr'><strong>Audi</strong></span> <span class='ocrx_word' id='word_1_520' title='bbox 1925 3946 2038 4015; x_wconf 85' lang='lat' dir='ltr'><strong>jam</strong></span> 
     </span>
    </p>
   </div>
   <div class='ocr_carea' id='block_1_73' title="bbox 453 4037 938 4107">
    <p class='ocr_par' dir='ltr' id='par_1_73' title="bbox 453 4037 938 4107">
     <span class='ocr_line' id='line_1_73' title="bbox 453 4037 938 4107; baseline 0.008 -18"><span class='ocrx_word' id='word_1_521' title='bbox 453 4038 587 4107; x_wconf 88' lang='lat' dir='ltr'><strong>quid</strong></span> <span class='ocrx_word' id='word_1_522' title='bbox 621 4038 738 4107; x_wconf 85' lang='lat' dir='ltr'><strong>ipse</strong></span> <span class='ocrx_word' id='word_1_523' title='bbox 769 4037 938 4093; x_wconf 88' lang='lat' dir='ltr'><strong>dicat.</strong></span> 
     </span>
    </p>
   </div>
   <div class='ocr_carea' id='block_1_74' title="bbox 527 4145 2037 4217">
    <p class='ocr_par' dir='ltr' id='par_1_74' title="bbox 527 4145 2037 4217">
     <span class='ocr_line' id='line_1_74' title="bbox 527 4145 2037 4217; baseline -0.001 -16"><span class='ocrx_word' id='word_1_524' title='bbox 527 4148 696 4202; x_wconf 69' lang='lat' dir='ltr'><strong>Vatis.</strong></span> <span class='ocrx_word' id='word_1_525' title='bbox 740 4147 829 4202; x_wconf 67' lang='lat'><strong>10.</strong></span> <span class='ocrx_word' id='word_1_526' title='bbox 881 4145 990 4214; x_wconf 84' lang='lat' dir='ltr'><strong>Qui</strong></span> <span class='ocrx_word' id='word_1_527' title='bbox 1045 4146 1187 4200; x_wconf 90' lang='lat' dir='ltr'><strong>enim</strong></span> <span class='ocrx_word' id='word_1_528' title='bbox 1244 4146 1511 4216; x_wconf 81' lang='lat' dir='ltr'><strong>ingressus</strong></span> <span class='ocrx_word' id='word_1_529' title='bbox 1561 4155 1639 4199; x_wconf 85' lang='lat' dir='ltr'><strong>est</strong></span> <span class='ocrx_word' id='word_1_530' title='bbox 1696 4146 1752 4199; x_wconf 85' lang='lat' dir='ltr'><strong>in</strong></span> <span class='ocrx_word' id='word_1_531' title='bbox 1813 4148 2037 4217; x_wconf 78' lang='lat' dir='ltr'><strong>requiem</strong></span> 
     </span>
    </p>
   </div>
   <div class='ocr_carea' id='block_1_75' title="bbox 2147 3225 3726 3304">
    <p class='ocr_par' dir='ltr' id='par_1_75' title="bbox 2147 3225 3726 3304">
     <span class='ocr_line' id='line_1_75' title="bbox 2147 3225 3726 3304; baseline -0.003 -22"><span class='ocrx_word' id='word_1_532' title='bbox 2147 3232 2208 3282; x_wconf 73' lang='grc' dir='ltr'><strong>τὸ</strong></span> <span class='ocrx_word' id='word_1_533' title='bbox 2239 3233 2440 3284; x_wconf 72' lang='grc' dir='ltr'><strong>οἰκεῖον</strong></span> <span class='ocrx_word' id='word_1_534' title='bbox 2471 3231 2643 3300; x_wconf 76' lang='grc' dir='ltr'><strong>ὄνομα</strong></span> <span class='ocrx_word' id='word_1_535' title='bbox 2675 3231 2812 3296; x_wconf 75' lang='grc' dir='ltr'><em>θεὶς,</em></span> <span class='ocrx_word' id='word_1_536' title='bbox 2838 3232 2932 3286; x_wconf 73' lang='grc' dir='ltr'><strong>καὶ</strong></span> <span class='ocrx_word' id='word_1_537' title='bbox 2955 3225 2998 3300; x_wconf 81' lang='grc' dir='ltr'><strong>ᾧ</strong></span> <span class='ocrx_word' id='word_1_538' title='bbox 3026 3231 3245 3304; x_wconf 73' lang='grc' dir='ltr'><strong>ἔχαιρον</strong></span> <span class='ocrx_word' id='word_1_539' title='bbox 3279 3231 3373 3284; x_wconf 74' lang='grc' dir='ltr'><strong>καὶ</strong></span> <span class='ocrx_word' id='word_1_540' title='bbox 3401 3229 3726 3297; x_wconf 73' lang='grc' dir='ltr'><strong>ἐπέτρεχον.</strong></span> 
     </span>
    </p>
   </div>
   <div class='ocr_carea' id='block_1_76' title="bbox 2147 3319 3734 3394">
    <p class='ocr_par' dir='ltr' id='par_1_76' title="bbox 2147 3319 3734 3394">
     <span class='ocr_line' id='line_1_76' title="bbox 2147 3319 3734 3394; baseline -0.002 -21"><span class='ocrx_word' id='word_1_541' title='bbox 2147 3321 2376 3374; x_wconf 80' lang='grc' dir='ltr'><strong>Οὖτωδὲ</strong></span> <span class='ocrx_word' id='word_1_542' title='bbox 2413 3322 2572 3375; x_wconf 84' lang='grc' dir='ltr'><strong>καλεῖ</strong></span> <span class='ocrx_word' id='word_1_543' title='bbox 2591 3321 2689 3394; x_wconf 84' lang='grc' dir='ltr'><strong>τὴν</strong></span> <span class='ocrx_word' id='word_1_544' title='bbox 2717 3322 2996 3393; x_wconf 78' lang='grc' dir='ltr'><strong>βασιλείαν</strong></span> <span class='ocrx_word' id='word_1_545' title='bbox 3033 3323 3144 3375; x_wconf 84' lang='grc' dir='ltr'><strong>τῶν</strong></span> <span class='ocrx_word' id='word_1_546' title='bbox 3169 3321 3439 3392; x_wconf 83' lang='grc' dir='ltr'><strong>οὐρανῶν.</strong></span> <span class='ocrx_word' id='word_1_547' title='bbox 3511 3319 3734 3387; x_wconf 82' lang='grc' dir='ltr'><em>Ὥσπερ</em></span> 
     </span>
    </p>
   </div>
   <div class='ocr_carea' id='block_1_77' title="bbox 2147 3410 3733 3485">
    <p class='ocr_par' dir='ltr' id='par_1_77' title="bbox 2147 3410 3733 3485">
     <span class='ocr_line' id='line_1_77' title="bbox 2147 3410 3733 3485; baseline 0 -23"><span class='ocrx_word' id='word_1_548' title='bbox 2147 3412 2254 3478; x_wconf 78' lang='grc' dir='ltr'><em>γὰρ</em></span> <span class='ocrx_word' id='word_1_549' title='bbox 2277 3413 2334 3463; x_wconf 81' lang='grc' dir='ltr'><strong>ὲν</strong></span> <span class='ocrx_word' id='word_1_550' title='bbox 2363 3411 2440 3482; x_wconf 84' lang='grc' dir='ltr'><strong>τῷ</strong></span> <span class='ocrx_word' id='word_1_551' title='bbox 2475 3413 2738 3484; x_wconf 77' lang='grc' dir='ltr'><strong>Σασϐάτῳ</strong></span> <span class='ocrx_word' id='word_1_552' title='bbox 2768 3415 2990 3468; x_wconf 88' lang='grc' dir='ltr'><strong>πάντων</strong></span> <span class='ocrx_word' id='word_1_553' title='bbox 3045 3415 3150 3484; x_wconf 80' lang='grc' dir='ltr'><strong>μὲν</strong></span> <span class='ocrx_word' id='word_1_554' title='bbox 3207 3414 3385 3485; x_wconf 73' lang='grc' dir='ltr'><em>ἔργων</em></span> <span class='ocrx_word' id='word_1_555' title='bbox 3442 3410 3733 3482; x_wconf 83' lang='grc' dir='ltr'><strong>σαρκικῶν</strong></span> 
     </span>
    </p>
   </div>
   <div class='ocr_carea' id='block_1_78' title="bbox 2145 3503 3730 3577">
    <p class='ocr_par' dir='ltr' id='par_1_78' title="bbox 2145 3503 3730 3577">
     <span class='ocr_line' id='line_1_78' title="bbox 2145 3503 3730 3577; baseline -0.002 -18"><span class='ocrx_word' id='word_1_556' title='bbox 2145 3508 2238 3559; x_wconf 77' lang='grc' dir='ltr'><strong>καὶ</strong></span> <span class='ocrx_word' id='word_1_557' title='bbox 2262 3507 2480 3576; x_wconf 78' lang='grc' dir='ltr'><strong>παχέων</strong></span> <span class='ocrx_word' id='word_1_558' title='bbox 2510 3506 2809 3577; x_wconf 78' lang='grc' dir='ltr'><strong>ἀπέχεσθαι</strong></span> <span class='ocrx_word' id='word_1_559' title='bbox 2833 3507 3084 3561; x_wconf 72' lang='grc' dir='ltr'><strong>ἐκέλευεν</strong></span> <span class='ocrx_word' id='word_1_560' title='bbox 3131 3509 3161 3562; x_wconf 83' lang='grc' dir='ltr'><strong>ὁ</strong></span> <span class='ocrx_word' id='word_1_561' title='bbox 3209 3507 3393 3576; x_wconf 86' lang='grc' dir='ltr'><em>νόμος,</em></span> <span class='ocrx_word' id='word_1_562' title='bbox 3450 3507 3632 3558; x_wconf 78' lang='grc' dir='ltr'><strong>ἐκεῖνα</strong></span> <span class='ocrx_word' id='word_1_563' title='bbox 3666 3503 3730 3556; x_wconf 66' lang='grc' dir='ltr'><em>δὲ</em></span> 
     </span>
    </p>
   </div>
   <div class='ocr_carea' id='block_1_79' title="bbox 2148 3594 3728 3672">
    <p class='ocr_par' dir='ltr' id='par_1_79' title="bbox 2148 3594 3728 3672">
     <span class='ocr_line' id='line_1_79' title="bbox 2148 3594 3728 3672; baseline 0.001 -25"><span class='ocrx_word' id='word_1_564' title='bbox 2148 3594 2286 3664; x_wconf 85' lang='grc' dir='ltr'><strong>μόνα</strong></span> <span class='ocrx_word' id='word_1_565' title='bbox 2321 3595 2499 3648; x_wconf 78' lang='grc' dir='ltr'><strong>τελεῖν</strong></span> <span class='ocrx_word' id='word_1_566' title='bbox 2550 3599 2679 3662; x_wconf 74' lang='grc' dir='ltr'><em>τοὺς</em></span> <span class='ocrx_word' id='word_1_567' title='bbox 2735 3599 2922 3670; x_wconf 74' lang='grc' dir='ltr'><em>ἱερεῖς,</em></span> <span class='ocrx_word' id='word_1_568' title='bbox 2968 3601 3072 3654; x_wconf 80' lang='grc' dir='ltr'><strong>ὅσα</strong></span> <span class='ocrx_word' id='word_1_569' title='bbox 3106 3600 3239 3672; x_wconf 74' lang='grc' dir='ltr'><em>πρὸς</em></span> <span class='ocrx_word' id='word_1_570' title='bbox 3275 3598 3532 3670; x_wconf 79' lang='grc' dir='ltr'><em>λατρείαν</em></span> <span class='ocrx_word' id='word_1_571' title='bbox 3563 3595 3728 3661; x_wconf 83' lang='grc' dir='ltr'><em>Θεοῦ,</em></span> 
     </span>
    </p>
   </div>
   <div class='ocr_carea' id='block_1_80' title="bbox 2143 3686 3732 3766">
    <p class='ocr_par' dir='ltr' id='par_1_80' title="bbox 2143 3686 3732 3766">
     <span class='ocr_line' id='line_1_80' title="bbox 2143 3686 3732 3766; baseline 0.001 -27"><span class='ocrx_word' id='word_1_572' title='bbox 2143 3687 2239 3739; x_wconf 79' lang='grc' dir='ltr'><strong>καὶ</strong></span> <span class='ocrx_word' id='word_1_573' title='bbox 2273 3686 2371 3739; x_wconf 86' lang='grc' dir='ltr'><strong>ὃσα</strong></span> <span class='ocrx_word' id='word_1_574' title='bbox 2399 3687 2578 3766; x_wconf 63' lang='grc' dir='ltr'><strong>ψυχὴν</strong></span> <span class='ocrx_word' id='word_1_575' title='bbox 2616 3689 2817 3759; x_wconf 71' lang='grc' dir='ltr'><strong>ὠφελεῖ</strong></span> <span class='ocrx_word' id='word_1_576' title='bbox 2847 3708 2862 3723; x_wconf 90' lang='grc'><strong>·</strong></span> <span class='ocrx_word' id='word_1_577' title='bbox 2886 3691 3031 3746; x_wconf 77' lang='grc' dir='ltr'><em>οὕτω</em></span> <span class='ocrx_word' id='word_1_578' title='bbox 3063 3693 3156 3746; x_wconf 75' lang='grc' dir='ltr'><strong>καὶ</strong></span> <span class='ocrx_word' id='word_1_579' title='bbox 3186 3691 3308 3745; x_wconf 80' lang='grc' dir='ltr'><strong>τότε</strong></span> <span class='ocrx_word' id='word_1_580' title='bbox 3339 3691 3516 3744; x_wconf 82' lang='grc' dir='ltr'><strong>πάντα</strong></span> <span class='ocrx_word' id='word_1_581' title='bbox 3561 3706 3732 3742; x_wconf 85' lang='grc' dir='ltr'><strong>πνευ-</strong></span> 
     </span>
    </p>
   </div>
   <div class='ocr_carea' id='block_1_81' title="bbox 2145 3776 3729 3854">
    <p class='ocr_par' dir='ltr' id='par_1_81' title="bbox 2145 3776 3729 3854">
     <span class='ocr_line' id='line_1_81' title="bbox 2145 3776 3729 3854; baseline 0.003 -25"><span class='ocrx_word' id='word_1_582' title='bbox 2145 3777 2354 3846; x_wconf 76' lang='grc' dir='ltr'><strong>ματικὰ</strong></span> <span class='ocrx_word' id='word_1_583' title='bbox 2393 3776 2492 3829; x_wconf 73' lang='grc' dir='ltr'><strong>καὶ</strong></span> <span class='ocrx_word' id='word_1_584' title='bbox 2513 3779 2633 3833; x_wconf 85' lang='grc' dir='ltr'><strong>θεῖα</strong></span> <span class='ocrx_word' id='word_1_585' title='bbox 2660 3779 2814 3834; x_wconf 78' lang='grc' dir='ltr'><strong>ἔσται</strong></span> <span class='ocrx_word' id='word_1_586' title='bbox 2856 3795 2871 3811; x_wconf 84' lang='lat'><strong><em>°</em></strong></span> <span class='ocrx_word' id='word_1_587' title='bbox 2904 3781 3057 3836; x_wconf 78' lang='grc' dir='ltr'><strong>οὐδὲν</strong></span> <span class='ocrx_word' id='word_1_588' title='bbox 3116 3782 3384 3854; x_wconf 77' lang='grc' dir='ltr'><strong>σαρκικδν</strong></span> <span class='ocrx_word' id='word_1_589' title='bbox 3404 3821 3420 3847; x_wconf 95' lang='grc'><strong>,</strong></span> <span class='ocrx_word' id='word_1_590' title='bbox 3447 3781 3602 3834; x_wconf 66' lang='grc' dir='ltr'><em>οὐδὲν</em></span> <span class='ocrx_word' id='word_1_591' title='bbox 3631 3779 3729 3847; x_wconf 74' lang='grc' dir='ltr'><strong>ἔγ-</strong></span> 
     </span>
    </p>
   </div>
   <div class='ocr_carea' id='block_1_82' title="bbox 2144 3869 3729 3943">
    <p class='ocr_par' dir='ltr' id='par_1_82' title="bbox 2144 3869 3729 3943">
     <span class='ocr_line' id='line_1_82' title="bbox 2144 3869 3729 3943; baseline 0.003 -23"><span class='ocrx_word' id='word_1_592' title='bbox 2144 3883 2334 3930; x_wconf 86' lang='grc' dir='ltr'><strong>κοπον,</strong></span> <span class='ocrx_word' id='word_1_593' title='bbox 2386 3869 2517 3922; x_wconf 78' lang='grc' dir='ltr'><em>ἔνθα</em></span> <span class='ocrx_word' id='word_1_594' title='bbox 2548 3871 2761 3942; x_wconf 82' lang='grc' dir='ltr'><strong>ἀπέδρα</strong></span> <span class='ocrx_word' id='word_1_595' title='bbox 2826 3873 3013 3943; x_wconf 82' lang='grc' dir='ltr'><em>ὀδύνη,</em></span> <span class='ocrx_word' id='word_1_596' title='bbox 3060 3873 3206 3942; x_wconf 84' lang='grc' dir='ltr'><strong>λύπη</strong></span> <span class='ocrx_word' id='word_1_597' title='bbox 3256 3875 3350 3926; x_wconf 73' lang='grc' dir='ltr'><strong>καὶ</strong></span> <span class='ocrx_word' id='word_1_598' title='bbox 3395 3871 3729 3941; x_wconf 82' lang='grc' dir='ltr'><strong>στεναγμός.</strong></span> 
     </span>
    </p>
   </div>
   <div class='ocr_carea' id='block_1_83' title="bbox 2144 3959 3038 4036">
    <p class='ocr_par' dir='ltr' id='par_1_83' title="bbox 2144 3959 3038 4036">
     <span class='ocr_line' id='line_1_83' title="bbox 2144 3959 3038 4036; baseline 0.01 -25"><span class='ocrx_word' id='word_1_599' title='bbox 2144 3959 2345 4013; x_wconf 80' lang='grc' dir='ltr'><strong>Ἀκουε</strong></span> <span class='ocrx_word' id='word_1_600' title='bbox 2378 3960 2434 4016; x_wconf 78' lang='grc' dir='ltr'><em>δὲ</em></span> <span class='ocrx_word' id='word_1_601' title='bbox 2453 3962 2504 4015; x_wconf 80' lang='grc' dir='ltr'><strong>τί</strong></span> <span class='ocrx_word' id='word_1_602' title='bbox 2531 3963 2626 4017; x_wconf 80' lang='grc' dir='ltr'><strong>καὶ</strong></span> <span class='ocrx_word' id='word_1_603' title='bbox 2654 3964 2816 4028; x_wconf 78' lang='grc' dir='ltr'><em>αὑτός</em></span> <span class='ocrx_word' id='word_1_604' title='bbox 2850 3982 3038 4036; x_wconf 75' lang='grc' dir='ltr'><strong>φησιν.</strong></span> 
     </span>
    </p>
   </div>
   <div class='ocr_carea' id='block_1_84' title="bbox 2222 4135 3726 4210">
    <p class='ocr_par' dir='ltr' id='par_1_84' title="bbox 2222 4135 3726 4210">
     <span class='ocr_line' id='line_1_84' title="bbox 2222 4135 3726 4210; baseline 0.005 -22"><span class='ocrx_word' id='word_1_605' title='bbox 2222 4135 2276 4188; x_wconf 87' lang='lat'><strong>&#39;0</strong></span> <span class='ocrx_word' id='word_1_606' title='bbox 2309 4139 2420 4207; x_wconf 74' lang='grc' dir='ltr'><em>γὰρ</em></span> <span class='ocrx_word' id='word_1_607' title='bbox 2454 4140 2748 4194; x_wconf 72' lang='grc' dir='ltr'><em>εἰσελθὼν</em></span> <span class='ocrx_word' id='word_1_608' title='bbox 2791 4145 2878 4208; x_wconf 78' lang='grc' dir='ltr'><strong>εἰς</strong></span> <span class='ocrx_word' id='word_1_609' title='bbox 2924 4142 3039 4210; x_wconf 79' lang='grc' dir='ltr'><em>τὴν</em></span> <span class='ocrx_word' id='word_1_610' title='bbox 3081 4141 3467 4198; x_wconf 77' lang='grc' dir='ltr'><em>κατάπαυσιν</em></span> <span class='ocrx_word' id='word_1_611' title='bbox 3507 4143 3726 4203; x_wconf 74' lang='grc' dir='ltr'><em>αὐτοῦ.</em></span> 
     </span>
    </p>
   </div>
   <div class='ocr_carea' id='block_1_85' title="bbox 452 4230 2042 4311">
    <p class='ocr_par' dir='ltr' id='par_1_85' title="bbox 452 4238 2035 4311">
     <span class='ocr_line' id='line_1_85' title="bbox 452 4238 2035 4311; baseline -0.001 -15"><span class='ocrx_word' id='word_1_612' title='bbox 452 4242 591 4310; x_wconf 80' lang='lat' dir='ltr'><strong>ejus,</strong></span> <span class='ocrx_word' id='word_1_613' title='bbox 627 4243 789 4295; x_wconf 85' lang='lat' dir='ltr'><strong>etiam</strong></span> <span class='ocrx_word' id='word_1_614' title='bbox 812 4242 923 4309; x_wconf 77' lang='lat' dir='ltr'><strong>ipse</strong></span> <span class='ocrx_word' id='word_1_615' title='bbox 952 4241 1204 4311; x_wconf 81' lang='lat' dir='ltr'><strong>requievit</strong></span> <span class='ocrx_word' id='word_1_616' title='bbox 1230 4239 1296 4294; x_wconf 82' lang='lat' dir='ltr'><strong>ab</strong></span> <span class='ocrx_word' id='word_1_617' title='bbox 1327 4238 1571 4311; x_wconf 83' lang='lat' dir='ltr'><strong>operibus</strong></span> <span class='ocrx_word' id='word_1_618' title='bbox 1595 4239 1728 4306; x_wconf 86' lang='lat' dir='ltr'><strong>suis,</strong></span> <span class='ocrx_word' id='word_1_619' title='bbox 1761 4241 1900 4294; x_wconf 79' lang='lat' dir='ltr'><strong>sicut</strong></span> <span class='ocrx_word' id='word_1_620' title='bbox 1926 4250 1975 4294; x_wconf 91' lang='lat' dir='ltr'><strong>et</strong></span> <span class='ocrx_word' id='word_1_621' title='bbox 2003 4258 2035 4295; x_wconf 88' lang='lat' dir='ltr'><strong>a</strong></span> 
     </span>
    </p>
   </div>
   <div class='ocr_carea' id='block_1_86' title="bbox 2146 4230 3720 4311">
    <p class='ocr_par' dir='ltr' id='par_1_86' title="bbox 2146 4230 3720 4304">
     <span class='ocr_line' id='line_1_86' title="bbox 2146 4230 3720 4304; baseline 0.009 -21"><span class='ocrx_word' id='word_1_622' title='bbox 2146 4230 2238 4284; x_wconf 74' lang='grc' dir='ltr'><strong>καὶ</strong></span> <span class='ocrx_word' id='word_1_623' title='bbox 2283 4232 2467 4296; x_wconf 84' lang='grc' dir='ltr'><em>αὐτὸς</em></span> <span class='ocrx_word' id='word_1_624' title='bbox 2525 4235 2912 4286; x_wconf 76' lang='grc' dir='ltr'><em>κατέπαυσεν</em></span> <span class='ocrx_word' id='word_1_625' title='bbox 2949 4232 3067 4286; x_wconf 83' lang='grc' dir='ltr'><strong>ἀπὸ</strong></span> <span class='ocrx_word' id='word_1_626' title='bbox 3101 4232 3220 4286; x_wconf 84' lang='grc' dir='ltr'><strong>τῶν</strong></span> <span class='ocrx_word' id='word_1_627' title='bbox 3273 4235 3465 4304; x_wconf 65' lang='grc' dir='ltr'><em>ἔργων</em></span> <span class='ocrx_word' id='word_1_628' title='bbox 3506 4234 3720 4297; x_wconf 75' lang='grc' dir='ltr'><strong>αὐτοῦ,</strong></span> 
     </span>
    </p>
   </div>
   <div class='ocr_carea' id='block_1_87' title="bbox 457 4321 2042 4401">
    <p class='ocr_par' dir='ltr' id='par_1_87' title="bbox 457 4329 2032 4401">
     <span class='ocr_line' id='line_1_87' title="bbox 457 4329 2032 4401; baseline 0.001 -18"><span class='ocrx_word' id='word_1_629' title='bbox 457 4331 568 4384; x_wconf 76' lang='lat' dir='ltr'><strong>suis</strong></span> <span class='ocrx_word' id='word_1_630' title='bbox 597 4330 758 4385; x_wconf 85' lang='lat' dir='ltr'><strong>Deus.</strong></span> <span class='ocrx_word' id='word_1_631' title='bbox 803 4329 1200 4401; x_wconf 88' lang='lat' dir='ltr'><strong>Interpretatur</strong></span> <span class='ocrx_word' id='word_1_632' title='bbox 1246 4329 1526 4399; x_wconf 86' lang='lat' dir='ltr'><strong>quomodo</strong></span> <span class='ocrx_word' id='word_1_633' title='bbox 1578 4331 1740 4384; x_wconf 85' lang='lat' dir='ltr'><strong>talem</strong></span> <span class='ocrx_word' id='word_1_634' title='bbox 1792 4331 2032 4401; x_wconf 89' lang='lat' dir='ltr'><strong>requiem</strong></span> 
     </span>
    </p>
   </div>
   <div class='ocr_carea' id='block_1_88' title="bbox 2146 4321 3724 4401">
    <p class='ocr_par' dir='ltr' id='par_1_88' title="bbox 2146 4321 3724 4397">
     <span class='ocr_line' id='line_1_88' title="bbox 2146 4321 3724 4397; baseline 0.009 -22"><span class='ocrx_word' id='word_1_635' title='bbox 2146 4321 2355 4390; x_wconf 79' lang='grc' dir='ltr'><em>ὥσπερ</em></span> <span class='ocrx_word' id='word_1_636' title='bbox 2393 4324 2515 4378; x_wconf 80' lang='grc' dir='ltr'><strong>ἀπὸ</strong></span> <span class='ocrx_word' id='word_1_637' title='bbox 2570 4321 2688 4377; x_wconf 87' lang='grc' dir='ltr'><em>τῶν</em></span> <span class='ocrx_word' id='word_1_638' title='bbox 2743 4325 2908 4380; x_wconf 73' lang='grc' dir='ltr'><em>ἰδίων</em></span> <span class='ocrx_word' id='word_1_639' title='bbox 2939 4329 2972 4381; x_wconf 83' lang='grc' dir='ltr'><em>ό</em></span> <span class='ocrx_word' id='word_1_640' title='bbox 3027 4330 3191 4392; x_wconf 69' lang='lat' dir='ltr'><strong>Bede.</strong></span> <span class='ocrx_word' id='word_1_641' title='bbox 3234 4325 3558 4397; x_wconf 82' lang='grc' dir='ltr'><strong>Ἐρμηνεύει</strong></span> <span class='ocrx_word' id='word_1_642' title='bbox 3603 4326 3724 4389; x_wconf 76' lang='grc' dir='ltr'><strong>πῶς</strong></span> 
     </span>
    </p>
   </div>
   <div class='ocr_carea' id='block_1_89' title="bbox 460 4414 2042 4494">
    <p class='ocr_par' dir='ltr' id='par_1_89' title="bbox 460 4421 2031 4494">
     <span class='ocr_line' id='line_1_89' title="bbox 460 4421 2031 4494; baseline 0.001 -18"><span class='ocrx_word' id='word_1_643' title='bbox 460 4421 870 4478; x_wconf 76' lang='lat' dir='ltr'><strong>Sabbatisuium</strong></span> <span class='ocrx_word' id='word_1_644' title='bbox 923 4423 1258 4492; x_wconf 83' lang='lat' dir='ltr'><strong>appellavit:</strong></span> <span class='ocrx_word' id='word_1_645' title='bbox 1297 4423 1593 4494; x_wconf 84' lang='lat' dir='ltr'><strong>Propterea</strong></span> <span class='ocrx_word' id='word_1_646' title='bbox 1631 4423 1798 4493; x_wconf 88' lang='lat' dir='ltr'><strong>quod,</strong></span> <span class='ocrx_word' id='word_1_647' title='bbox 1834 4424 2031 4494; x_wconf 87' lang='lat' dir='ltr'><strong>inquit,</strong></span> 
     </span>
    </p>
   </div>
   <div class='ocr_carea' id='block_1_90' title="bbox 2146 4414 3721 4494">
    <p class='ocr_par' dir='ltr' id='par_1_90' title="bbox 2146 4414 3721 4489">
     <span class='ocr_line' id='line_1_90' title="bbox 2146 4414 3721 4489; baseline 0.005 -24"><span class='ocrx_word' id='word_1_648' title='bbox 2146 4414 2516 4483; x_wconf 71' lang='grc' dir='ltr'><strong>Σαὸὄατισμδν</strong></span> <span class='ocrx_word' id='word_1_649' title='bbox 2568 4415 2823 4487; x_wconf 86' lang='grc' dir='ltr'><strong>ὠνόμασε</strong></span> <span class='ocrx_word' id='word_1_650' title='bbox 2882 4419 2982 4489; x_wconf 78' lang='grc' dir='ltr'><strong>τὴν</strong></span> <span class='ocrx_word' id='word_1_651' title='bbox 3032 4419 3287 4489; x_wconf 87' lang='grc' dir='ltr'><strong>τοιαύτην</strong></span> <span class='ocrx_word' id='word_1_652' title='bbox 3353 4419 3721 4473; x_wconf 83' lang='grc' dir='ltr'><strong>κατάπαυσιν.</strong></span> 
     </span>
    </p>
   </div>
   <div class='ocr_carea' id='block_1_91' title="bbox 458 4506 2042 4584">
    <p class='ocr_par' dir='ltr' id='par_1_91' title="bbox 458 4514 2027 4584">
     <span class='ocr_line' id='line_1_91' title="bbox 458 4514 2027 4584; baseline 0 -15"><span class='ocrx_word' id='word_1_653' title='bbox 458 4527 740 4569; x_wconf 84' lang='lat' dir='ltr'><strong>cessamus</strong></span> <span class='ocrx_word' id='word_1_654' title='bbox 779 4523 835 4568; x_wconf 89' lang='lat' dir='ltr'><strong>et</strong></span> <span class='ocrx_word' id='word_1_655' title='bbox 868 4528 971 4568; x_wconf 81' lang='lat' dir='ltr'><strong>nos</strong></span> <span class='ocrx_word' id='word_1_656' title='bbox 1000 4514 1070 4568; x_wconf 89' lang='lat' dir='ltr'><strong>ab</strong></span> <span class='ocrx_word' id='word_1_657' title='bbox 1099 4515 1359 4584; x_wconf 86' lang='lat' dir='ltr'><strong>operibus</strong></span> <span class='ocrx_word' id='word_1_658' title='bbox 1392 4515 1619 4582; x_wconf 89' lang='lat' dir='ltr'><strong>nostris,</strong></span> <span class='ocrx_word' id='word_1_659' title='bbox 1672 4519 2027 4584; x_wconf 49' lang='lat' dir='ltr'><strong>tptetnadmo.</strong></span> 
     </span>
    </p>
   </div>
   <div class='ocr_carea' id='block_1_92' title="bbox 2146 4506 3721 4584">
    <p class='ocr_par' dir='ltr' id='par_1_92' title="bbox 2146 4506 3721 4580">
     <span class='ocr_line' id='line_1_92' title="bbox 2146 4506 3721 4580; baseline 0.001 -21"><span class='ocrx_word' id='word_1_660' title='bbox 2146 4506 2311 4573; x_wconf 86' lang='grc' dir='ltr'><strong>Διότι,</strong></span> <span class='ocrx_word' id='word_1_661' title='bbox 2346 4509 2502 4577; x_wconf 80' lang='grc' dir='ltr'><em>φησὶ,</em></span> <span class='ocrx_word' id='word_1_662' title='bbox 2533 4509 2930 4580; x_wconf 84' lang='grc' dir='ltr'><strong>καταπαύομεν</strong></span> <span class='ocrx_word' id='word_1_663' title='bbox 2969 4511 3063 4564; x_wconf 75' lang='grc' dir='ltr'><strong>καὶ</strong></span> <span class='ocrx_word' id='word_1_664' title='bbox 3087 4512 3246 4580; x_wconf 79' lang='grc' dir='ltr'><strong>ἡμεῖς</strong></span> <span class='ocrx_word' id='word_1_665' title='bbox 3277 4510 3385 4563; x_wconf 80' lang='grc' dir='ltr'><strong>ἀπὸ</strong></span> <span class='ocrx_word' id='word_1_666' title='bbox 3408 4509 3512 4562; x_wconf 81' lang='grc' dir='ltr'><strong>τῶν</strong></span> <span class='ocrx_word' id='word_1_667' title='bbox 3537 4509 3721 4578; x_wconf 77' lang='grc' dir='ltr'><em>ἔργων</em></span> 
     </span>
    </p>
   </div>
   <div class='ocr_carea' id='block_1_93' title="bbox 459 4597 2042 4676">
    <p class='ocr_par' dir='ltr' id='par_1_93' title="bbox 459 4604 2033 4676">
     <span class='ocr_line' id='line_1_93' title="bbox 459 4604 2033 4676; baseline 0.003 -18"><span class='ocrx_word' id='word_1_668' title='bbox 459 4605 590 4658; x_wconf 86' lang='lat' dir='ltr'><strong>dum</strong></span> <span class='ocrx_word' id='word_1_669' title='bbox 625 4613 681 4659; x_wconf 90' lang='lat' dir='ltr'><strong>et</strong></span> <span class='ocrx_word' id='word_1_670' title='bbox 735 4605 904 4669; x_wconf 82' lang='lat' dir='ltr'><strong>Deus,</strong></span> <span class='ocrx_word' id='word_1_671' title='bbox 957 4613 1254 4675; x_wconf 85' lang='lat' dir='ltr'><strong>postquam</strong></span> <span class='ocrx_word' id='word_1_672' title='bbox 1303 4604 1604 4675; x_wconf 84' lang='lat' dir='ltr'><strong>quievisset</strong></span> <span class='ocrx_word' id='word_1_673' title='bbox 1655 4606 1724 4660; x_wconf 88' lang='lat' dir='ltr'><strong>ab</strong></span> <span class='ocrx_word' id='word_1_674' title='bbox 1774 4607 2033 4676; x_wconf 70' lang='lat' dir='ltr'><strong>operibus</strong></span> 
     </span>
    </p>
   </div>
   <div class='ocr_carea' id='block_1_94' title="bbox 2146 4597 3722 4676">
    <p class='ocr_par' dir='ltr' id='par_1_94' title="bbox 2146 4597 3722 4672">
     <span class='ocr_line' id='line_1_94' title="bbox 2146 4597 3722 4672; baseline 0.001 -22"><span class='ocrx_word' id='word_1_675' title='bbox 2146 4597 2246 4651; x_wconf 85' lang='grc' dir='ltr'><strong>τῶν</strong></span> <span class='ocrx_word' id='word_1_676' title='bbox 2273 4599 2557 4670; x_wconf 77' lang='grc' dir='ltr'><strong>ἡμετέρων</strong></span> <span class='ocrx_word' id='word_1_677' title='bbox 2579 4601 2770 4672; x_wconf 82' lang='grc' dir='ltr'><em>ὥσπερ</em></span> <span class='ocrx_word' id='word_1_678' title='bbox 2795 4602 2891 4654; x_wconf 77' lang='grc' dir='ltr'><strong>καὶ</strong></span> <span class='ocrx_word' id='word_1_679' title='bbox 2937 4601 2967 4654; x_wconf 83' lang='grc' dir='ltr'><strong>ὀ</strong></span> <span class='ocrx_word' id='word_1_680' title='bbox 3023 4601 3154 4664; x_wconf 83' lang='grc' dir='ltr'><strong>Θεὸς</strong></span> <span class='ocrx_word' id='word_1_681' title='bbox 3188 4599 3550 4662; x_wconf 85' lang='grc' dir='ltr'><em>καταπαύσας</em></span> <span class='ocrx_word' id='word_1_682' title='bbox 3610 4600 3722 4653; x_wconf 77' lang='grc' dir='ltr'><strong>ἀπὸ</strong></span> 
     </span>
    </p>
   </div>
   <div class='ocr_carea' id='block_1_95' title="bbox 453 4690 2042 4762">
    <p class='ocr_par' dir='ltr' id='par_1_95' title="bbox 453 4694 2033 4761">
     <span class='ocr_line' id='line_1_95' title="bbox 453 4694 2033 4761; baseline 0 -11"><span class='ocrx_word' id='word_1_683' title='bbox 453 4697 570 4750; x_wconf 87' lang='lat' dir='ltr'><strong>suis</strong></span> <span class='ocrx_word' id='word_1_684' title='bbox 596 4695 648 4749; x_wconf 93' lang='lat' dir='ltr'><strong>iu</strong></span> <span class='ocrx_word' id='word_1_685' title='bbox 685 4694 973 4750; x_wconf 86' lang='lat' dir='ltr'><strong>condenda</strong></span> <span class='ocrx_word' id='word_1_686' title='bbox 1011 4695 1197 4750; x_wconf 89' lang='lat' dir='ltr'><strong>mundi</strong></span> <span class='ocrx_word' id='word_1_687' title='bbox 1231 4695 1507 4761; x_wconf 84' lang='lat' dir='ltr'><strong>machina,</strong></span> <span class='ocrx_word' id='word_1_688' title='bbox 1539 4694 1837 4750; x_wconf 85' lang='lat' dir='ltr'><strong>Sabbatum</strong></span> <span class='ocrx_word' id='word_1_689' title='bbox 1867 4698 2033 4750; x_wconf 79' lang='lat' dir='ltr'><strong>diem</strong></span> 
     </span>
    </p>
   </div>
   <div class='ocr_carea' id='block_1_96' title="bbox 2146 4690 3721 4762">
    <p class='ocr_par' dir='ltr' id='par_1_96' title="bbox 2146 4690 3721 4762">
     <span class='ocr_line' id='line_1_96' title="bbox 2146 4690 3721 4762; baseline 0.001 -20"><span class='ocrx_word' id='word_1_690' title='bbox 2146 4690 2245 4745; x_wconf 87' lang='grc' dir='ltr'><strong>τῶν</strong></span> <span class='ocrx_word' id='word_1_691' title='bbox 2265 4691 2443 4761; x_wconf 74' lang='grc' dir='ltr'><em>ἔργων</em></span> <span class='ocrx_word' id='word_1_692' title='bbox 2469 4691 2578 4745; x_wconf 85' lang='grc' dir='ltr'><strong>τῶν</strong></span> <span class='ocrx_word' id='word_1_693' title='bbox 2610 4693 2690 4756; x_wconf 74' lang='grc' dir='ltr'><strong>εἰς</strong></span> <span class='ocrx_word' id='word_1_694' title='bbox 2713 4692 2973 4747; x_wconf 89' lang='grc' dir='ltr'><strong>σύστασιν</strong></span> <span class='ocrx_word' id='word_1_695' title='bbox 3018 4693 3114 4746; x_wconf 73' lang='grc' dir='ltr'><strong>τοῦ</strong></span> <span class='ocrx_word' id='word_1_696' title='bbox 3163 4693 3395 4762; x_wconf 78' lang='grc' dir='ltr'><strong>κόσμον,</strong></span> <span class='ocrx_word' id='word_1_697' title='bbox 3443 4691 3721 4745; x_wconf 75' lang='grc' dir='ltr'><strong>Σάϐϐατον</strong></span> 
     </span>
    </p>
   </div>
   <div class='ocr_carea' id='block_1_97' title="bbox 450 4785 2042 4858">
    <p class='ocr_par' dir='ltr' id='par_1_97' title="bbox 450 4786 2026 4858">
     <span class='ocr_line' id='line_1_97' title="bbox 450 4786 2026 4858; baseline -0.001 -16"><span class='ocrx_word' id='word_1_698' title='bbox 450 4787 600 4842; x_wconf 89' lang='lat' dir='ltr'><strong>illam</strong></span> <span class='ocrx_word' id='word_1_699' title='bbox 629 4787 941 4858; x_wconf 85' lang='lat' dir='ltr'><strong>appellavit.</strong></span> <span class='ocrx_word' id='word_1_700' title='bbox 975 4786 1110 4842; x_wconf 80' lang='lat' dir='ltr'><strong>Nam</strong></span> <span class='ocrx_word' id='word_1_701' title='bbox 1170 4787 1259 4847; x_wconf 84' lang='lat' dir='ltr'><strong>hic</strong></span> <span class='ocrx_word' id='word_1_702' title='bbox 1286 4789 1452 4842; x_wconf 88' lang='lat' dir='ltr'><strong>etiam</strong></span> <span class='ocrx_word' id='word_1_703' title='bbox 1489 4787 1657 4856; x_wconf 83' lang='lat' dir='ltr'><strong>justis</strong></span> <span class='ocrx_word' id='word_1_704' title='bbox 1687 4787 1919 4842; x_wconf 87' lang='lat' dir='ltr'><strong>multum</strong></span> <span class='ocrx_word' id='word_1_705' title='bbox 1950 4789 2026 4841; x_wconf 82' lang='grc' dir='ltr'><strong>ιε-</strong></span> 
     </span>
    </p>
   </div>
   <div class='ocr_carea' id='block_1_98' title="bbox 2146 4785 3720 4858">
    <p class='ocr_par' dir='ltr' id='par_1_98' title="bbox 2146 4785 3720 4858">
     <span class='ocr_line' id='line_1_98' title="bbox 2146 4785 3720 4858; baseline 0 -22"><span class='ocrx_word' id='word_1_706' title='bbox 2146 4785 2238 4854; x_wconf 84' lang='grc' dir='ltr'><strong>τὴν</strong></span> <span class='ocrx_word' id='word_1_707' title='bbox 2292 4785 2506 4855; x_wconf 81' lang='grc' dir='ltr'><strong>ἡμέραν</strong></span> <span class='ocrx_word' id='word_1_708' title='bbox 2559 4785 2843 4858; x_wconf 83' lang='grc' dir='ltr'><strong>ὠνόμασεν</strong></span> <span class='ocrx_word' id='word_1_709' title='bbox 2874 4787 2941 4843; x_wconf 80' lang='lat'><strong>&quot;.</strong></span> <span class='ocrx_word' id='word_1_710' title='bbox 3009 4785 3276 4840; x_wconf 85' lang='grc' dir='ltr'><strong>Ἐνταῦοα</strong></span> <span class='ocrx_word' id='word_1_711' title='bbox 3332 4786 3432 4854; x_wconf 84' lang='grc' dir='ltr'><strong>μὲν</strong></span> <span class='ocrx_word' id='word_1_712' title='bbox 3488 4785 3597 4855; x_wconf 88' lang='grc' dir='ltr'><strong>γὰρ</strong></span> <span class='ocrx_word' id='word_1_713' title='bbox 3627 4786 3720 4836; x_wconf 79' lang='grc' dir='ltr'><strong>καὶ</strong></span> 
     </span>
    </p>
   </div>
   <div class='ocr_carea' id='block_1_99' title="bbox 451 4877 2042 4950">
    <p class='ocr_par' dir='ltr' id='par_1_99' title="bbox 451 4879 2027 4950">
     <span class='ocr_line' id='line_1_99' title="bbox 451 4879 2027 4950; baseline -0.001 -16"><span class='ocrx_word' id='word_1_714' title='bbox 451 4880 600 4934; x_wconf 89' lang='lat' dir='ltr'><strong>boris</strong></span> <span class='ocrx_word' id='word_1_715' title='bbox 632 4889 684 4932; x_wconf 89' lang='lat' dir='ltr'><strong>ct</strong></span> <span class='ocrx_word' id='word_1_716' title='bbox 729 4879 1046 4934; x_wconf 84' lang='lat' dir='ltr'><strong>certaminis</strong></span> <span class='ocrx_word' id='word_1_717' title='bbox 1072 4879 1339 4945; x_wconf 87' lang='lat' dir='ltr'><strong>imminet,</strong></span> <span class='ocrx_word' id='word_1_718' title='bbox 1381 4889 1494 4934; x_wconf 90' lang='lat' dir='ltr'><strong>tum</strong></span> <span class='ocrx_word' id='word_1_719' title='bbox 1522 4890 1742 4950; x_wconf 86' lang='lat' dir='ltr'><strong>propter</strong></span> <span class='ocrx_word' id='word_1_720' title='bbox 1764 4880 1872 4935; x_wconf 89' lang='lat' dir='ltr'><strong>alia</strong></span> <span class='ocrx_word' id='word_1_721' title='bbox 1901 4895 2027 4934; x_wconf 91' lang='lat' dir='ltr'><strong>cum</strong></span> 
     </span>
    </p>
   </div>
   <div class='ocr_carea' id='block_1_100' title="bbox 2146 4877 3720 4950">
    <p class='ocr_par' dir='ltr' id='par_1_100' title="bbox 2146 4877 3720 4947">
     <span class='ocr_line' id='line_1_100' title="bbox 2146 4877 3720 4947; baseline 0.001 -19"><span class='ocrx_word' id='word_1_722' title='bbox 2146 4878 2251 4938; x_wconf 83' lang='grc' dir='ltr'><em>τοῖς</em></span> <span class='ocrx_word' id='word_1_723' title='bbox 2277 4877 2507 4942; x_wconf 81' lang='grc' dir='ltr'><strong>δικαίοις</strong></span> <span class='ocrx_word' id='word_1_724' title='bbox 2532 4878 2700 4942; x_wconf 75' lang='grc' dir='ltr'><strong>πολὺς</strong></span> <span class='ocrx_word' id='word_1_725' title='bbox 2736 4881 2764 4934; x_wconf 81' lang='grc' dir='ltr'>ὁ</span> <span class='ocrx_word' id='word_1_726' title='bbox 2798 4880 2966 4942; x_wconf 81' lang='grc' dir='ltr'><em>κόπος</em></span> <span class='ocrx_word' id='word_1_727' title='bbox 2998 4880 3093 4932; x_wconf 76' lang='grc' dir='ltr'><strong>καὶ</strong></span> <span class='ocrx_word' id='word_1_728' title='bbox 3123 4881 3150 4932; x_wconf 84' lang='grc' dir='ltr'>ὁ</span> <span class='ocrx_word' id='word_1_729' title='bbox 3184 4877 3355 4947; x_wconf 80' lang='grc' dir='ltr'><em>ἀγὼν,</em></span> <span class='ocrx_word' id='word_1_730' title='bbox 3384 4878 3452 4931; x_wconf 82' lang='grc' dir='ltr'><strong>τά</strong></span> <span class='ocrx_word' id='word_1_731' title='bbox 3480 4893 3540 4929; x_wconf 88' lang='grc' dir='ltr'><strong>τε</strong></span> <span class='ocrx_word' id='word_1_732' title='bbox 3579 4877 3720 4930; x_wconf 75' lang='grc' dir='ltr'><strong>ἄλλα</strong></span> 
     </span>
    </p>
   </div>
   <div class='ocr_carea' id='block_1_101' title="bbox 451 4967 2042 5042">
    <p class='ocr_par' dir='ltr' id='par_1_101' title="bbox 451 4969 2028 5042">
     <span class='ocr_line' id='line_1_101' title="bbox 451 4969 2028 5042; baseline 0.002 -20"><span class='ocrx_word' id='word_1_733' title='bbox 451 4981 672 5040; x_wconf 82' lang='lat' dir='ltr'><strong>prapier</strong></span> <span class='ocrx_word' id='word_1_734' title='bbox 698 4969 916 5025; x_wconf 85' lang='lat' dir='ltr'><strong>virtutis</strong></span> <span class='ocrx_word' id='word_1_735' title='bbox 942 4971 1170 5026; x_wconf 88' lang='lat' dir='ltr'><strong>sudores</strong></span> <span class='ocrx_word' id='word_1_736' title='bbox 1205 4990 1218 5026; x_wconf 89' lang='lat'><strong>:</strong></span> <span class='ocrx_word' id='word_1_737' title='bbox 1244 4972 1352 5027; x_wconf 90' lang='lat' dir='ltr'><strong>illic</strong></span> <span class='ocrx_word' id='word_1_738' title='bbox 1386 4988 1534 5038; x_wconf 81' lang='lat' dir='ltr'><strong>vero,</strong></span> <span class='ocrx_word' id='word_1_739' title='bbox 1565 4989 1634 5028; x_wconf 90' lang='lat' dir='ltr'><strong>ne</strong></span> <span class='ocrx_word' id='word_1_740' title='bbox 1660 4973 1876 5027; x_wconf 83' lang='lat' dir='ltr'><strong>virtutis</strong></span> <span class='ocrx_word' id='word_1_741' title='bbox 1905 4973 2028 5042; x_wconf 89' lang='lat' dir='ltr'><strong>qni-</strong></span> 
     </span>
    </p>
   </div>
   <div class='ocr_carea' id='block_1_102' title="bbox 2146 4967 3722 5042">
    <p class='ocr_par' dir='ltr' id='par_1_102' title="bbox 2146 4967 3722 5042">
     <span class='ocr_line' id='line_1_102' title="bbox 2146 4967 3722 5042; baseline -0.001 -21"><span class='ocrx_word' id='word_1_742' title='bbox 2146 4969 2236 5021; x_wconf 81' lang='grc' dir='ltr'><strong>καὶ</strong></span> <span class='ocrx_word' id='word_1_743' title='bbox 2263 4967 2351 5021; x_wconf 78' lang='grc' dir='ltr'><strong>διὰ</strong></span> <span class='ocrx_word' id='word_1_744' title='bbox 2377 4970 2502 5033; x_wconf 84' lang='grc' dir='ltr'><em>τοὺς</em></span> <span class='ocrx_word' id='word_1_745' title='bbox 2531 4971 2631 5040; x_wconf 85' lang='grc' dir='ltr'><strong>τῆς</strong></span> <span class='ocrx_word' id='word_1_746' title='bbox 2655 4972 2856 5042; x_wconf 81' lang='grc' dir='ltr'><em>ἀρετῆς</em></span> <span class='ocrx_word' id='word_1_747' title='bbox 2885 4971 3113 5042; x_wconf 78' lang='grc' dir='ltr'><em>ἱδρῶτας</em></span> <span class='ocrx_word' id='word_1_748' title='bbox 3137 4985 3154 5002; x_wconf 69' lang='grc' dir='ltr'><em>ο</em></span> <span class='ocrx_word' id='word_1_749' title='bbox 3185 4971 3301 5023; x_wconf 77' lang='grc' dir='ltr'><strong>ἐκεῖ</strong></span> <span class='ocrx_word' id='word_1_750' title='bbox 3331 4968 3388 5022; x_wconf 80' lang='grc' dir='ltr'><em>δὲ</em></span> <span class='ocrx_word' id='word_1_751' title='bbox 3418 4967 3538 5020; x_wconf 81' lang='grc' dir='ltr'><strong>οὐδὲ</strong></span> <span class='ocrx_word' id='word_1_752' title='bbox 3586 4968 3722 5037; x_wconf 84' lang='grc' dir='ltr'><strong>ἀρε-</strong></span> 
     </span>
    </p>
   </div>
   <div class='ocr_carea' id='block_1_103' title="bbox 451 5061 2035 5134">
    <p class='ocr_par' dir='ltr' id='par_1_103' title="bbox 451 5061 2035 5134">
     <span class='ocr_line' id='line_1_103' title="bbox 451 5061 2035 5134; baseline 0.002 -19"><span class='ocrx_word' id='word_1_753' title='bbox 451 5061 574 5116; x_wconf 88' lang='lat' dir='ltr'><strong>dem</strong></span> <span class='ocrx_word' id='word_1_754' title='bbox 603 5063 828 5118; x_wconf 89' lang='lat' dir='ltr'><strong>moralis</strong></span> <span class='ocrx_word' id='word_1_755' title='bbox 847 5065 1096 5132; x_wconf 86' lang='lat' dir='ltr'><strong>operatio</strong></span> <span class='ocrx_word' id='word_1_756' title='bbox 1113 5075 1218 5126; x_wconf 71' lang='lat' dir='ltr'><strong>est,</strong></span> <span class='ocrx_word' id='word_1_757' title='bbox 1237 5065 1333 5120; x_wconf 79' lang='lat' dir='ltr'><strong>sed</strong></span> <span class='ocrx_word' id='word_1_758' title='bbox 1350 5065 1442 5121; x_wconf 87' lang='lat' dir='ltr'><strong>Dei</strong></span> <span class='ocrx_word' id='word_1_759' title='bbox 1465 5065 1806 5134; x_wconf 81' lang='lat' dir='ltr'><strong>inexplebilis</strong></span> <span class='ocrx_word' id='word_1_760' title='bbox 1825 5065 2035 5119; x_wconf 81' lang='lat' dir='ltr'><strong>fruitio.</strong></span> 
     </span>
    </p>
   </div>
   <div class='ocr_carea' id='block_1_104' title="bbox 452 5153 2036 5227">
    <p class='ocr_par' dir='ltr' id='par_1_104' title="bbox 452 5153 2036 5227">
     <span class='ocr_line' id='line_1_104' title="bbox 452 5153 2036 5227; baseline 0.003 -21"><span class='ocrx_word' id='word_1_761' title='bbox 452 5153 606 5219; x_wconf 84' lang='lat' dir='ltr'><strong>Quod</strong></span> <span class='ocrx_word' id='word_1_762' title='bbox 639 5155 805 5224; x_wconf 87' lang='lat' dir='ltr'><strong>igitur</strong></span> <span class='ocrx_word' id='word_1_763' title='bbox 840 5155 1034 5211; x_wconf 91' lang='lat' dir='ltr'><strong>audire</strong></span> <span class='ocrx_word' id='word_1_764' title='bbox 1085 5158 1434 5226; x_wconf 82' lang='lat' dir='ltr'><strong>expetebant,</strong></span> <span class='ocrx_word' id='word_1_765' title='bbox 1485 5158 1741 5212; x_wconf 79' lang='lat' dir='ltr'><strong>videlicet</strong></span> <span class='ocrx_word' id='word_1_766' title='bbox 1778 5157 1919 5227; x_wconf 90' lang='lat' dir='ltr'><strong>quod</strong></span> <span class='ocrx_word' id='word_1_767' title='bbox 1968 5157 2036 5211; x_wconf 89' lang='lat' dir='ltr'><strong>ab</strong></span> 
     </span>
    </p>
   </div>
   <div class='ocr_carea' id='block_1_105' title="bbox 453 5244 2035 5318">
    <p class='ocr_par' dir='ltr' id='par_1_105' title="bbox 453 5244 2035 5318">
     <span class='ocr_line' id='line_1_105' title="bbox 453 5244 2035 5318; baseline 0.004 -24"><span class='ocrx_word' id='word_1_768' title='bbox 453 5244 615 5312; x_wconf 82' lang='lat' dir='ltr'><strong>hujus</strong></span> <span class='ocrx_word' id='word_1_769' title='bbox 644 5247 832 5299; x_wconf 90' lang='lat' dir='ltr'><strong>mundi</strong></span> <span class='ocrx_word' id='word_1_770' title='bbox 861 5245 1144 5300; x_wconf 89' lang='lat' dir='ltr'><strong>laboribus</strong></span> <span class='ocrx_word' id='word_1_771' title='bbox 1171 5247 1442 5301; x_wconf 89' lang='lat' dir='ltr'><strong>liberandi</strong></span> <span class='ocrx_word' id='word_1_772' title='bbox 1467 5256 1674 5312; x_wconf 89' lang='lat' dir='ltr'><strong>essent,</strong></span> <span class='ocrx_word' id='word_1_773' title='bbox 1694 5247 1925 5318; x_wconf 83' lang='lat' dir='ltr'><strong>idipsuui</strong></span> <span class='ocrx_word' id='word_1_774' title='bbox 1951 5247 2035 5301; x_wconf 90' lang='lat' dir='ltr'><strong>di-</strong></span> 
     </span>
    </p>
   </div>
   <div class='ocr_carea' id='block_1_106' title="bbox 451 5336 1076 5394">
    <p class='ocr_par' dir='ltr' id='par_1_106' title="bbox 451 5336 1076 5394">
     <span class='ocr_line' id='line_1_106' title="bbox 451 5336 1076 5394; baseline 0.005 -5"><span class='ocrx_word' id='word_1_775' title='bbox 451 5336 546 5394; x_wconf 80' lang='lat' dir='ltr'><strong>xit.</strong></span> <span class='ocrx_word' id='word_1_776' title='bbox 578 5345 637 5390; x_wconf 90' lang='lat' dir='ltr'><strong>ut</strong></span> <span class='ocrx_word' id='word_1_777' title='bbox 668 5337 931 5393; x_wconf 84' lang='lat' dir='ltr'><strong>refocillet</strong></span> <span class='ocrx_word' id='word_1_778' title='bbox 961 5353 1076 5394; x_wconf 92' lang='lat' dir='ltr'><strong>eos.</strong></span> 
     </span>
    </p>
   </div>
   <div class='ocr_carea' id='block_1_107' title="bbox 525 5425 2032 5501">
    <p class='ocr_par' dir='ltr' id='par_1_107' title="bbox 525 5425 2032 5501">
     <span class='ocr_line' id='line_1_107' title="bbox 525 5425 2032 5501; baseline 0.004 -23"><span class='ocrx_word' id='word_1_779' title='bbox 525 5425 689 5481; x_wconf 72' lang='lat' dir='ltr'><strong>Vens.</strong></span> <span class='ocrx_word' id='word_1_780' title='bbox 743 5428 831 5482; x_wconf 76' lang='lat' dir='ltr'><strong>il.</strong></span> <span class='ocrx_word' id='word_1_781' title='bbox 867 5427 1197 5484; x_wconf 78' lang='lat' dir='ltr'><strong>Festinamus</strong></span> <span class='ocrx_word' id='word_1_782' title='bbox 1230 5446 1354 5500; x_wconf 84' lang='lat' dir='ltr'><strong>ergo</strong></span> <span class='ocrx_word' id='word_1_783' title='bbox 1390 5431 1594 5501; x_wconf 88' lang='lat' dir='ltr'><strong>ingredi</strong></span> <span class='ocrx_word' id='word_1_784' title='bbox 1639 5434 1693 5487; x_wconf 90' lang='lat' dir='ltr'><strong>in</strong></span> <span class='ocrx_word' id='word_1_785' title='bbox 1749 5431 1898 5486; x_wconf 85' lang='lat' dir='ltr'><strong>illaut</strong></span> <span class='ocrx_word' id='word_1_786' title='bbox 1949 5447 2032 5484; x_wconf 83' lang='lat' dir='ltr'><strong>re-</strong></span> 
     </span>
    </p>
   </div>
   <div class='ocr_carea' id='block_1_108' title="bbox 452 5516 2035 5594">
    <p class='ocr_par' dir='ltr' id='par_1_108' title="bbox 452 5516 2035 5594">
     <span class='ocr_line' id='line_1_108' title="bbox 452 5516 2035 5594; baseline 0.006 -24"><span class='ocrx_word' id='word_1_787' title='bbox 452 5517 644 5589; x_wconf 69' lang='lat' dir='ltr'><strong>quiem.</strong></span> <span class='ocrx_word' id='word_1_788' title='bbox 673 5516 968 5590; x_wconf 80' lang='lat' dir='ltr'><strong>Postquam</strong></span> <span class='ocrx_word' id='word_1_789' title='bbox 1004 5523 1304 5578; x_wconf 86' lang='lat' dir='ltr'><strong>ostenderit</strong></span> <span class='ocrx_word' id='word_1_790' title='bbox 1335 5524 1550 5578; x_wconf 87' lang='lat' dir='ltr'><strong>tertiam</strong></span> <span class='ocrx_word' id='word_1_791' title='bbox 1589 5523 1876 5594; x_wconf 77' lang='lat' dir='ltr'><strong>quamdam</strong></span> <span class='ocrx_word' id='word_1_792' title='bbox 1912 5537 2035 5578; x_wconf 85' lang='lat' dir='ltr'><strong>esse</strong></span> 
     </span>
    </p>
   </div>
   <div class='ocr_carea' id='block_1_109' title="bbox 2141 5059 3720 5133">
    <p class='ocr_par' dir='ltr' id='par_1_109' title="bbox 2141 5059 3720 5133">
     <span class='ocr_line' id='line_1_109' title="bbox 2141 5059 3720 5133; baseline -0.002 -20"><span class='ocrx_word' id='word_1_793' title='bbox 2141 5061 2244 5130; x_wconf 76' lang='grc' dir='ltr'><em>τῆς</em></span> <span class='ocrx_word' id='word_1_794' title='bbox 2295 5062 2493 5131; x_wconf 74' lang='grc' dir='ltr'><strong>ἠθικῆς</strong></span> <span class='ocrx_word' id='word_1_795' title='bbox 2560 5065 2710 5116; x_wconf 75' lang='grc' dir='ltr'><strong>ἐστιν</strong></span> <span class='ocrx_word' id='word_1_796' title='bbox 2767 5064 3021 5133; x_wconf 73' lang='grc' dir='ltr'><em>ἐργασία,</em></span> <span class='ocrx_word' id='word_1_797' title='bbox 3075 5062 3211 5117; x_wconf 85' lang='grc' dir='ltr'><strong>ἀλλά</strong></span> <span class='ocrx_word' id='word_1_798' title='bbox 3257 5060 3393 5114; x_wconf 79' lang='grc' dir='ltr'><strong>Θεοῦ</strong></span> <span class='ocrx_word' id='word_1_799' title='bbox 3444 5059 3720 5128; x_wconf 73' lang='grc' dir='ltr'><strong>ἄπληστος</strong></span> 
     </span>
    </p>
   </div>
   <div class='ocr_carea' id='block_1_110' title="bbox 2143 5148 3718 5225">
    <p class='ocr_par' dir='ltr' id='par_1_110' title="bbox 2143 5148 3718 5225">
     <span class='ocr_line' id='line_1_110' title="bbox 2143 5148 3718 5225; baseline -0.003 -19"><span class='ocrx_word' id='word_1_800' title='bbox 2143 5151 2468 5217; x_wconf 81' lang='grc' dir='ltr'><strong>ἀπόλαυσις.</strong></span> <span class='ocrx_word' id='word_1_801' title='bbox 2537 5155 2717 5225; x_wconf 87' lang='grc' dir='ltr'><strong>Ὅπερ</strong></span> <span class='ocrx_word' id='word_1_802' title='bbox 2777 5149 2873 5207; x_wconf 77' lang='grc' dir='ltr'><strong>οὖν</strong></span> <span class='ocrx_word' id='word_1_803' title='bbox 2930 5152 3241 5224; x_wconf 72' lang='grc' dir='ltr'><strong>ἐπεθύμουν</strong></span> <span class='ocrx_word' id='word_1_804' title='bbox 3317 5148 3575 5212; x_wconf 80' lang='grc' dir='ltr'><strong>ἀκοῦσαι,</strong></span> <span class='ocrx_word' id='word_1_805' title='bbox 3635 5149 3718 5202; x_wconf 84' lang='grc' dir='ltr'><strong>ὅτι</strong></span> 
     </span>
    </p>
   </div>
   <div class='ocr_carea' id='block_1_111' title="bbox 2142 5239 3721 5316">
    <p class='ocr_par' dir='ltr' id='par_1_111' title="bbox 2142 5239 3721 5316">
     <span class='ocr_line' id='line_1_111' title="bbox 2142 5239 3721 5316; baseline -0.002 -19"><span class='ocrx_word' id='word_1_806' title='bbox 2142 5245 2617 5314; x_wconf 80' lang='grc' dir='ltr'><strong>ἀπαλλαγήσονται</strong></span> <span class='ocrx_word' id='word_1_807' title='bbox 2644 5247 2744 5315; x_wconf 77' lang='grc' dir='ltr'><em>τῆς</em></span> <span class='ocrx_word' id='word_1_808' title='bbox 2779 5245 2874 5300; x_wconf 81' lang='grc' dir='ltr'><strong>νῦν</strong></span> <span class='ocrx_word' id='word_1_809' title='bbox 2908 5245 3194 5316; x_wconf 80' lang='grc' dir='ltr'><em>ὲργωδίας,</em></span> <span class='ocrx_word' id='word_1_810' title='bbox 3225 5243 3384 5298; x_wconf 79' lang='grc' dir='ltr'><strong>τοῦτο</strong></span> <span class='ocrx_word' id='word_1_811' title='bbox 3406 5239 3560 5297; x_wconf 81' lang='grc' dir='ltr'><strong>εἶπεν</strong></span> <span class='ocrx_word' id='word_1_812' title='bbox 3588 5243 3721 5296; x_wconf 86' lang='grc' dir='ltr'><em>ἀνα-</em></span> 
     </span>
    </p>
   </div>
   <div class='ocr_carea' id='block_1_112' title="bbox 2142 5335 2666 5408">
    <p class='ocr_par' dir='ltr' id='par_1_112' title="bbox 2142 5335 2666 5408">
     <span class='ocr_line' id='line_1_112' title="bbox 2142 5335 2666 5408; baseline 0.008 -18"><span class='ocrx_word' id='word_1_813' title='bbox 2142 5335 2421 5408; x_wconf 74' lang='grc' dir='ltr'><strong>κτώμενος</strong></span> <span class='ocrx_word' id='word_1_814' title='bbox 2446 5339 2666 5403; x_wconf 81' lang='grc' dir='ltr'><strong>αὐτούς.</strong></span> 
     </span>
    </p>
   </div>
   <div class='ocr_carea' id='block_1_113' title="bbox 2213 5426 3720 5502">
    <p class='ocr_par' dir='ltr' id='par_1_113' title="bbox 2213 5426 3720 5502">
     <span class='ocr_line' id='line_1_113' title="bbox 2213 5426 3720 5502; baseline 0 -19"><span class='ocrx_word' id='word_1_815' title='bbox 2213 5431 2660 5502; x_wconf 81' lang='grc' dir='ltr'><strong>Σπουδάσωμεν</strong></span> <span class='ocrx_word' id='word_1_816' title='bbox 2675 5427 2788 5486; x_wconf 82' lang='grc' dir='ltr'><em>οὖν</em></span> <span class='ocrx_word' id='word_1_817' title='bbox 2819 5430 3120 5488; x_wconf 71' lang='grc' dir='ltr'><em>εἰσελθεῖν</em></span> <span class='ocrx_word' id='word_1_818' title='bbox 3169 5433 3257 5498; x_wconf 78' lang='grc' dir='ltr'><em>εἰς</em></span> <span class='ocrx_word' id='word_1_819' title='bbox 3308 5429 3553 5497; x_wconf 80' lang='grc' dir='ltr'><em>ἐκείνην</em></span> <span class='ocrx_word' id='word_1_820' title='bbox 3603 5426 3720 5492; x_wconf 76' lang='grc' dir='ltr'><em>τὴν</em></span> 
     </span>
    </p>
   </div>
   <div class='ocr_carea' id='block_1_114' title="bbox 2145 5517 3716 5596">
    <p class='ocr_par' dir='ltr' id='par_1_114' title="bbox 2145 5517 3716 5596">
     <span class='ocr_line' id='line_1_114' title="bbox 2145 5517 3716 5596; baseline -0.003 -20"><span class='ocrx_word' id='word_1_821' title='bbox 2145 5522 2553 5580; x_wconf 82' lang='grc' dir='ltr'><em>κατάπαυσιν.</em></span> <span class='ocrx_word' id='word_1_822' title='bbox 2584 5523 3072 5596; x_wconf 78' lang='grc' dir='ltr'><strong>Ἐπειδὴάπὲδειξε</strong></span> <span class='ocrx_word' id='word_1_823' title='bbox 3111 5527 3204 5578; x_wconf 79' lang='grc' dir='ltr'><strong>καὶ</strong></span> <span class='ocrx_word' id='word_1_824' title='bbox 3236 5525 3425 5596; x_wconf 76' lang='grc' dir='ltr'><em>τρίτην</em></span> <span class='ocrx_word' id='word_1_825' title='bbox 3455 5517 3593 5576; x_wconf 84' lang='grc' dir='ltr'><strong>εἶναι</strong></span> <span class='ocrx_word' id='word_1_826' title='bbox 3620 5537 3716 5574; x_wconf 84' lang='grc' dir='ltr'><strong>κα-</strong></span> 
     </span>
    </p>
   </div>
   <div class='ocr_carea' id='block_1_115' title="bbox 1809 5698 2380 5765">
    <p class='ocr_par' dir='ltr' id='par_1_115' title="bbox 1809 5698 2380 5765">
     <span class='ocr_line' id='line_1_115' title="bbox 1809 5698 2380 5765; baseline -0.012 0"><span class='ocrx_word' id='word_1_827' title='bbox 1809 5701 2010 5765; x_wconf 64' lang='lat' dir='ltr'><strong>Variae</strong></span> <span class='ocrx_word' id='word_1_828' title='bbox 2047 5698 2380 5764; x_wconf 83' lang='lat' dir='ltr'><strong>lectiones.</strong></span> 
     </span>
    </p>
   </div>
   <div class='ocr_carea' id='block_1_116' title="bbox 534 5798 1443 5870">
    <p class='ocr_par' dir='ltr' id='par_1_116' title="bbox 534 5798 1443 5870">
     <span class='ocr_line' id='line_1_116' title="bbox 534 5798 1443 5870; baseline 0.004 -18"><span class='ocrx_word' id='word_1_829' title='bbox 534 5798 580 5829; x_wconf 84' lang='lat'>&quot;</span> <span class='ocrx_word' id='word_1_830' title='bbox 610 5798 844 5870; x_wconf 74' lang='grc' dir='ltr'><strong>ῥηθῆναι</strong></span> <span class='ocrx_word' id='word_1_831' title='bbox 874 5813 929 5852; x_wconf 92' lang='lat' dir='ltr'><strong>o.</strong></span> <span class='ocrx_word' id='word_1_832' title='bbox 1012 5798 1056 5832; x_wconf 86' lang='grc'><strong>⁷³</strong></span> <span class='ocrx_word' id='word_1_833' title='bbox 1088 5798 1349 5855; x_wconf 73' lang='grc' dir='ltr'><strong>ἐκάλεσεν</strong></span> <span class='ocrx_word' id='word_1_834' title='bbox 1389 5815 1443 5856; x_wconf 91' lang='grc' dir='ltr'><strong>ο.</strong></span> 
     </span>
    </p>
   </div>
  </div>
