4080 6458
503 318 609 380 Ξ35

1392 313 1969 374 'I‘HEOPHYLACTI
2021 312 2425 375 BULGARL‘E
2464 316 2823 378 ARCIIIEP.

3648 326 3755 389 235

577 435 743 491 Vens.
780 434 867 489 15.
900 433 966 487 Et
1001 448 1100 486 non
1141 440 1216 484 est
1249 431 1362 483 ulla
1410 439 1655 484 creatura
1696 427 1977 482 invisibilis
2026 427 2056 479 ii

2259 429 2370 482 Kal
2407 432 2517 485 οὐκ
2569 432 2700 485 ἔστι
2736 433 2933 498 κτίσις
2988 433 3226 501 ἀφανὴς
3275 435 3764 496 ἐνώπιοναύτοῦ.

503 540 781 594 conspectu
801 527 937 596 ejus.
972 524 1089 579 Non
1123 524 1323 588 solum,
1366 523 1560 590 inquit,
1595 520 1875 574 hominum
1913 516 2079 572 corda

504 622 755 690 explorat
786 631 841 674 et
879 625 1178 675 scrutatur,
1211 630 1398 669 verum
1428 612 1643 667 etiamsi
1679 608 1904 679 angelos
1928 608 2081 663 dicas

503 723 556 767 et
587 710 964 780 arcllangelos,
1009 716 1064 763 et
1093 705 1411 768 Cherubin),
1444 713 1497 758 et
1540 701 1847 771 Seraphin),
1894 700 2078 753 omnia

511 805 587 857 illi
627 811 755 858 sunt
788 801 1099 871 perspicua.
1129 797 1274 851 Nihil
1316 808 1400 851 est
1428 795 1571 865 quod
1604 793 1823 848 oculum
1846 791 1964 861 ejus
1995 790 2077 843 la-

502 909 618 953 tere
658 898 831 967 possit

574 990 768 1046 Omnia
804 996 977 1041 autem
1011 994 1132 1039 sunt
1164 984 1308 1037 nuda
1333 992 1381 1036 et
1413 988 1598 1050 aperta
1631 979 1798 1033 oculis
1830 977 1965 1047 ejus.
2005 975 2077 1032 Ut

499 1081 703 1135 clarius
759 1075 1048 1147 patefaciet
1104 1071 1378 1141 quomodo
1430 1071 1542 1126 sint
1579 1068 1764 1123 omnia
1819 1066 1965 1121 nuda
2022 1075 2076 1121 et

498 1182 684 1241 aperta
719 1183 901 1224 coram
934 1167 1046 1222 Deo
1076 1163 1274 1229 Verbo,
1303 1162 1544 1217 dictione
1570 1175 1705 1216 usus
1730 1168 1813 1215 est
1842 1172 1941 1229 per
1961 1172 2076 1212 me-

495 1263 778 1333 taphoram
803 1267 1075 1327 sumptam
1111 1258 1182 1310 ab
1226 1254 1424 1311 ovibus
1446 1252 1648 1322 quibus
1686 1249 1841 1321 pellis
1866 1257 1953 1304 est
1982 1246 2075 1301 de-

495 1365 691 1410 tracta.
723 1352 857 1407 Nam
881 1352 1026 1406 sicut
1052 1349 1160 1405 illis
1186 1349 1241 1402 in
1272 1346 1542 1402 cervicem
1575 1341 1930 1412 resupinatis,
1958 1339 2075 1396 sive

495 1448 732 1504 cultrum
765 1459 862 1515 per
902 1442 1166 1498 cervicem
1203 1437 1618 1509 recipientibus,
1658 1444 1823 1505 atque
1855 1432 2073 1504 jugula-

496 1539 585 1603 tis,
617 1537 862 1593 detracta
915 1531 1114 1588 dehinc
1145 1529 1286 1600 pelle
1327 1528 1509 1583 omnia
1544 1525 1804 1581 interiora
1827 1524 2073 1579 revelan-

496 1639 586 1683 tur
622 1645 637 1683 :
668 1627 750 1682 sic
775 1632 829 1681 et
856 1624 967 1679 Deo
997 1631 1194 1678 cuncta
1220 1628 1349 1676 sunt
1370 1619 1680 1690 perspicua.
1709 1616 1943 1682 Quidam
1971 1631 2071 1670 au-

496 1730 627 1786 tem,
651 1715 1139 1790 τετραχηλισμένα,
1155 1720 1477 1769 ornamenta
1499 1725 1565 1764 ex
1590 1709 1752 1777 collo,
1773 1709 1856 1764 vel
1886 1708 2068 1779 potius

2186 523 2260 576 Ού
2292 523 2472 593 μόνον,
2509 526 2697 593 φησὶν,
2732 525 3033 596 ἀνθρώπων
3073 528 3253 591 ἐτάζει
3286 531 3377 582 καὶ
3408 533 3607 602 ἐρευνᾷ
3634 553 3762 606 καρ-

2182 614 2322 679 δίας,
2365 615 2504 670 ἀλλὰ
2545 617 2647 670 κᾶν
2679 618 2965 687 ἀγγέλους,
3005 618 3109 673 κᾶν
3154 623 3528 691 ἀρχαγγέλους
3554 627 3617 689 ⁷⁵,
3661 627 3762 680 κᾶν

2182 707 2464 777 Χερουϐὶμ
2490 709 2584 762 καὶ
2630 710 2903 780 Σεραοὶμ,
2935 710 3115 764 πάντα
3155 712 3288 780 δῆλά
3346 716 3493 768 ἐστιν
3524 718 3758 787 ,ἐκείνῳ.

2185 796 2352 850 Οὐδέν
2378 798 2526 851 ἐστιν
2559 797 2587 850 ὃ
2625 798 2805 851 λαθεῖν
2841 799 3050 853 ἐκείνου
3088 800 3180 854 τὸν
3204 803 3481 874 ὀφθαλμὸν
3512 805 3756 864 δύναται.

2250 982 2457 1037 Πάντα
2504 983 2575 1036 δὲ
2633 984 2830 1053 γυμνὰ
2896 985 2996 1038 καί
3052 989 3573 1058 τετραχηλισμένα
3637 992 3762 1058 τοῖς

2178 1075 2509 1147 ὀφθαλμοῖς
2545 1076 2757 1131 αὐτοῦ.
2795 1076 2913 1131 Ἵνα
2945 1077 3338 1150 ἐναργέστερον
3398 1082 3611 1154 δηλώσῃ
3642 1085 3760 1148 πῶς

2177 1168 2282 1221 είσι
2317 1168 2494 1221 πάντα
2528 1168 2714 1238 γυμνὰ
2735 1170 2829 1222 καὶ
2863 1172 3074 1242 φανερὰ
3104 1170 3339 1226 ἐνώπιον
3363 1174 3457 1227 τοῦ
3486 1174 3621 1228 Θεοῦ
3654 1177 3757 1230 A6"-

2175 1277 2297 1329 γου,
2335 1261 2476 1328 λέξει
2511 1263 2786 1333 ἐχρήσατο
2812 1264 2919 1316 ἀπὸ
2953 1267 3270 1335 μεταφορᾶς
3320 1267 3429 1321 τῶν
3466 1268 3759 1340 ὲκδερομέ-

2176 1370 2282 1407 νων
2308 1353 2618 1423 προϐάτων.
2645 1354 2856 1424 Ὥσπερ
2873 1361 2983 1427 γὰρ
3007 1357 3229 1411 ἐκείνων
3259 1359 3753 1428 τραχηλισθέντων,

2176 1447 2294 1518 ἦτοι
2322 1447 2464 1499 κατὰ
2504 1447 2601 1501 τοῦ
2648 1449 2928 1520 τραχήλου
2955 1450 3054 1518 τὴν
3118 1450 3399 1521 μάχαιραν
3443 1450 3755 1522 δεξαμένων

2175 1539 2272 1593 καὶ
2300 1538 2636 1607 σφαγέντων,
2671 1540 2809 1609 μετὰ
2849 1539 2909 1592 τὸ
2967 1539 3403 1612 καθελκυσθῆναι
3453 1541 3515 1594 τὸ
3574 1543 3754 1615 δέρμα

2173 1629 2351 1684 πάντα
2384 1632 2478 1684 καὶ
2509 1628 2579 1683 τὰ
2604 1630 2752 1683 Ενδον
2805 1629 3209 1686 ὲκκαλύπτεται
3245 1673 3262 1697 ,
3319 1631 3463 1687 οὕτω
3518 1634 3615 1688 καὶ
3672 1634 3753 1705 τῷ

2172 1720 2291 1790 Θεῷ
2322 1721 2497 1775 πάντα
2519 1720 2678 1792 δῆλα.
2713 1723 2869 1803 Τενὲς
2901 1721 2979 1789 δὲ,
3007 1723 3502 1794 τετραχηλισμένα,
3551 1724 3619 1779 τὰ
3686 1727 3752 1778 ὲκ

496 1813 565 1867 de
606 1810 749 1866 collo
779 1806 1075 1879 pendentia
1106 1805 1516 1860 intellexerunt.
1573 1802 1679 1856 Alii
1710 1809 1914 1867 autem,
1972 1816 2056 1853 τε-

2171 1774 2275 1864 τοῦ.
2330 1774 2624 1883 τραχήλου,
2664 1774 2710 1882 *ἢ
2745 1774 3118 1883 μᾶλλοννκατέ
3146 1774 3752 1886 ίτΈὲ-ττξᾷχηλόυὼκρξζ

490 1900 928 1974 τραχηλισμένα,
967 1914 1085 1970 pro,
1126 1897 1276 1953 humi
1312 1894 1631 1966 spectantia,
1663 1894 1906 1963 adeoque
1950 1907 2069 1948 cer-

491 1997 667 2049 vicem
690 1992 1008 2047 inclinantia
1033 1996 1385 2061 acceperunt,
1416 2002 1482 2043 eo
1523 1986 1668 2057 quod
1700 2000 1809 2040 non
1844 1993 2066 2055 possent

491 2086 659 2158 ﬁgere
686 2085 880 2141 oculos
911 2082 966 2137 in
1012 2083 1241 2153 gloriam
1269 2080 1471 2151 jndicis
1508 2089 1563 2135 et
1593 2078 1688 2134 Dei
1711 2078 1891 2133 'nostri
1933 2077 2062 2133 Jesu

490 2176 718 2233 Christi.
751 2175 834 2230 Tu
874 2189 1003 2231 vero
1039 2176 1275 2244 pr'.mum
1299 2171 1651 2239 amplectere.

559 2269 642 2321 Ad
663 2283 815 2338 quem
866 2265 1016 2322 nobis
1053 2279 1250 2319 sermo.
1291 2263 1423 2334 Ipsi,
1468 2262 1666 2333 inquit,
1694 2276 1919 2332 operum
1969 2275 2063 2315 no-

490 2371 732 2417 strorum
763 2360 1031 2415 rationem
1072 2357 1306 2413 reddere
1339 2356 1623 2413 debemus.
1659 2354 2063 2410 Animadvertis

489 2454 763 2526 quomodo
793 2467 906 2508 rem
945 2451 1111 2524 674
1138 2449 1592 2522 exaggeraverit?
1635 2447 1713 2504 Ne
1745 2449 1889 2504 enim
1932 2462 2056 2503 cum

487 2550 670 2614 audis,
704 2547 771 2602 In
819 2546 997 2601 eodem
1050 2543 1284 2613 exemplo
1324 2541 1733 2605 incredulitatis,
1776 2539 2061 2595 arbitreris

485 2637 732 2695 eamdem
767 2651 985 2709 poenam
1016 2650 1142 2691 esse
1164 2642 1219 2690 et
1247 2634 1403 2690 nobis
1421 2644 1473 2690 et
1506 2632 1793 2698 lsraelitis,
1819 2630 2060 2688 ostendit

484 2743 581 2799 per
602 2727 735 2795 btec,
768 2732 957 2782 nostra
987 2723 1151 2795 longe
1197 2736 1319 2779 esse
1353 2721 1722 2777 horribiliora.

550 2912 713 2967 Vens.
748 2909 837 2964 Η.
887 2905 1153 2963 Habentes
1201 2909 1366 2981 igitur
1416 2907 1730 2977 Ponti/irem
1784 2922 2055 2977 magnum,

480 3010 878 3081 quiprnetravit
920 3008 1098 3073 caios,
1140 3004 1326 3057 Jesum
1359 2998 1563 3054 Filium
1611 3000 1731 3054 Dei.
1757 2998 1925 3064 Quasi
1958 3000 2059 3052 ali-

2176 1902 2397 1972 μάμενα
2415 1902 2668 1974 ἐνόησαν.
2692 1902 2877 1957 Ἄλλοι
2897 1902 2975 1969 δὲ,
2991 1904 3484 1975 τετραχηλισμένα,
3505 1905 3574 1958 τὰ
3598 1906 3754 1960 κάτω

2171 1993 2468 2061 κύπτοντα,
2498 1995 2710 2049 καὶτὸν
2738 1995 3011 2066 τράχηλον
3059 1996 3483 2064 ῦποκεκλικότα,
3551 1998 3641 2053 διὰ
3691 1999 3754 2053 τδ

2171 2086 2246 2155 μὴ
2292 2085 2498 2157 ἰσχύειν
2527 2086 2772 2140 ἀτενίσαι
2792 2090 2858 2158 τῇ
2912 2087 3038 2158 δόξῃ
3083 2088 3178 2141 τοῦ
3209 2088 3399 2159 κριτοῦ
3465 2089 3561 2144 καὶ
3608 2090 3750 2145 Θεοῦ

2168 2177 2326 2247 ἡμῶν
2378 2176 2553 2248 Ἰησοῦ
2580 2176 2838 2248 Χριστοῦ.
2861 2177 2934 2232 Σὺ
2959 2178 3015 2232 δὲ
3048 2178 3108 2231 τὸ
3129 2179 3343 2250 πρῶτον
3372 2180 3542 2247 δέξαι.

2239 2267 2398 2337 Πρὸς
2421 2268 2494 2323 ὃν
2526 2269 2669 2338 ἡμῖν
2697 2271 2731 2324 ό
2764 2270 2967 2340 λόγος.
3036 2269 3218 2342 Αὐτῷ,
3261 2273 3416 2343 φησὶ,
3477 2271 3750 2344 μέλλομεν

2165 2362 2349 2417 δοῦναι
2373 2365 2498 2428 τοὺς
2516 2363 2709 2433 λόγους
2738 2365 2833 2418 καὶ
2872 2364 2972 2427 τὰς
2988 2362 3220 2427 εὐθύνας
3250 2364 3359 2417 τῶν
3415 2364 3749 2435 πεπραγμέ-

2166 2472 2294 2509 νων.
2340 2449 2505 2526 Ὀρᾷς
2561 2454 2666 2509 ποῦ
2715 2453 3034 2526 ἐκορύφωσε
3065 2454 3124 2508 τὸ
3157 2456 3389 2526 πρᾶγμα
3416 2470 3432 2520 ;
3463 2454 3581 2507 ’Ίνα
3631 2453 3746 2524 γὰρ

2168 2547 2243 2618 μὴ
2306 2544 2565 2611 ἀκούσας,
2594 2546 2677 2599 ὅτι
2728 2546 2833 2599 Ἐν
2867 2545 2948 2610 τῷ
2994 2542 3156 2609 αὐτῷ
3203 2543 3591 2613 ὑποδείγματι
3631 2540 3748 2615 τῆς

2163 2638 2488 2703 ἀπειθείας,
2515 2636 2740 2708 νομίσῃς
2769 2635 2868 2705 τὴν
2897 2635 3068 2705 αὐτὴν
3097 2634 3318 2688 κόλασιν
3365 2637 3461 2689 καὶ
3488 2636 3621 2706 ἡμῖν
3638 2637 3746 2690 ’καὶ

2162 2732 2273 2794 τοῖς
2340 2727 2707 2800 Ἰσραηλίταις
2758 2721 2917 2792 εἶναι,
2974 2724 3216 2779 δείκνυσι
3276 2723 3365 2777 διὰ
3393 2723 3623 2790 τούτων,
3658 2724 3738 2788 ὡς

2162 2821 2344 2892 πολλῷ
2369 2822 2703 2893 φρικτότερα
2733 2818 2803 2873 τὰ
2828 2819 3099 2891 ἡμέτερα.

2234 2915 2515 2984 Ἔχοντες
2567 2910 2684 2970 οὖν
2728 2913 3005 2984 ἀρχιερέα
3036 2916 3245 2983 μέγαν
3265 2952 3280 2979 ,
3343 2912 3748 2982 διεληλυθότα

2160 3009 2301 3076 τοὺς
2356 3008 2673 3079 οὐρανοὺς,
2739 3009 2984 3077 Ἰησοῦν
3034 3008 3142 3062 τὸν
3206 3009 3345 3063 Υίὸν
3388 3008 3497 3063 τοῦ
3555 3008 3732 3064 Θεοῦ.

480 3103 604 3172 quis
628 3105 1008 3173 interrogaret,
1034 3099 1110 3152 Da
1144 3096 1310 3166 igitur
1348 3094 1508 3149 nobis
1525 3092 1840 3154 consilium,
1863 3099 1920 3144 ut
1956 3106 2052 3146 ne-

2160 3101 2371 3172 ’Ὢσπερ
2394 3101 2537 3166 me;
2566 3100 2967 3172 ἐρωτήσαντος,
3004 3100 3130 3163 Πῶς
3185 3095 3279 3153 οὖν
3333 3098 3408 3170 μὴ
3458 3100 3744 3170 πέσωμεν,

478 3212 585 3267 quc
615 3194 898 3258 cedamus,
931 3208 1107 3262 neque
1136 3190 1524 3259 desperemus:
1548 3184 1832 3251 Poterant,
1857 3184 2081 3254 inquit“

477 3304 541 3344 ea
599 3303 722 3358 quae
754 3288 899 3342 dicta
930 3291 1059 3342 sunt
1091 3283 1311 3339 erudire
1339 3296 1439 3336 nos
1490 3293 1598 3348 prae
1632 3280 1849 3343 timore,
1893 3286 2057 3348 atque

477 3380 788 3437 securiores
837 3377 1067 3432 reddere
1099 3393 1114 3429 :
1154 3389 1337 3429 verum
1377 3373 1657 3428 enimvero
1697 3379 1891 3441 prteter
1941 3369 2056 3425 haec

481 3484 712 3542 magnus
741 3477 825 3526 est
853 3468 1013 3524 nobis
1053 3465 1326 3530 Pontifex,
1357 3465 1449 3534 qui
1496 3464 1656 3518 nobis
1694 3478 1817 3518 esse
1850 3462 2054 3516 auxilio

476 3570 664 3633 queat,
692 3562 738 3616 si
770 3559 931 3615 modo
956 3566 1245 3614 teneamus
1275 3555 1704 3612 confessionem.
1747 3552 1867 3608 Non
1907 3554 2051 3608 enim

473 3632 559 3710 est
616 3666 820 3724 parvus
871 3656 927 3705 et
968 3647 1212 3718 vulgaris
1283 3645 1602 3716 quispiam,
1668 3644 1763 3700 sed
1819 3632 2051 3714 magnus

474 3756 529 3802 et
555 3745 856 3816 praeclarus
886 3760 900 3797 :
936 3740 1108 3800 Filius
1162 3739 1308 3796 enim
1344 3737 1441 3794 Dei
1488 3746 1594 3793 est.
1627 3735 1738 3792 Nec
1765 3736 1889 3791 talis
1943 3744 2047 3801 est,

472 3838 650 3908 qualis
695 3835 895 3891 Moses.
930 3834 1027 3891 llle
1074 3832 1218 3890 enim
1259 3847 1435 3902 neque
1486 3833 1603 3901 ipse
1650 3830 1932 3901 ingressus
1965 3835 2050 3885 est

470 3932 526 3986 in
552 3929 819 4001 requiem,
851 3941 1030 3998 neque
1066 3925 1330 3997 populum
1370 3923 1694 3990 introduxit;
1727 3923 1832 3978 iste
1865 3930 2045 3977 autem

470 4023 639 4078 caelos
656 4018 1031 4092 pertransiens
1052 4016 1304 4073 considet
1326 4014 1469 4085 apud
1493 4016 1734 4080 Patrem,
1758 4021 2048 4085 potestque

471 4112 633 4168 nobis
682 4114 736 4165 in
767 4110 938 4166 caelos
989 4104 1502 4177 ingressum'dare,
1561 4112 1725 4178 atque
1762 4105 2046 4175 promissae

470 4204 675 4276 quietis
702 4202 945 4258 haeredes
971 4199 1170 4256 facere.

543 4294 831 4350 Teneamus
862 4292 1265 4363 confessionem.
1292 4290 1414 4346 Non
1443 4299 1619 4346 totum
1656 4289 1901 4361 pontifici
1945 4289 2044 4343 tri-

467 4388 606 4455 buit,
632 4401 821 4442 verum
845 4386 1008 4442 etiam
1042 4392 1230 4440 nostra
1261 4381 1493 4454 requirit
1531 4400 1546 4437 :
1572 4389 1751 4454 potest
1788 4381 2039 4452 equidem

469 4474 582 4546 ille,
615 4481 708 4537 sed
741 4479 789 4536 si
835 4495 939 4535 nos
971 4478 1135 4535 etiam
1165 4478 1313 4550 digni
1350 4477 1635 4533 fuerimus.
1668 4476 1892 4544 Qualem
1938 4491 2039 4529 au-

466 4583 575 4630 tem
606 4572 1011 4631 confessionem
1044 4571 1134 4626 hie
1180 4570 1350 4626 dicit?
1379 4569 1536 4638 Quod
1576 4577 1661 4625 est
1710 4568 2042 4625 resurrectio

464 4664 699 4728 scilicet,
732 4663 881 4734 quod
908 4662 1224 4729 retributio,
1262 4661 1408 4734 quod
1437 4663 1726 4717 innumera
1773 4662 1885 4717 sint
1930 4662 2040 4715 illic

464 4755 704 4823 reposita
729 4756 894 4821 bona,
925 4755 1071 4825 quod
1105 4753 1362 4812 Christus
1393 4755 1466 4810 sit
1514 4752 1680 4809 Deus.
1720 4752 1871 4808 lianc
1901 4767 2035 4807 con-

464 4839 759 4901 fessionem
772 4852 1090 4911 teneamus,
1122 4837 1303 4916 neque
1326 4845 1569 4901 sinamus
1598 4847 1774 4915 ipsam
1799 4844 2038 4900 defluere

460 4951 491 4990 a
524 4935 682 4991 nobis
713 4953 727 4988 :
757 4950 948 4991 verum
980 4951 1102 5008 quae
1139 4935 1382 4992 confessi
1436 4950 1630 4993 sumus
1665 4936 1720 4991 in
1764 4936 2036 5007 principio

463 5027 611 5092 fidei,
646 5029 760 5082 haec
782 5025 1013 5082 firmiter
1042 5028 1403 5094 retineamus,
1428 5041 1494 5082 ac
1522 5036 1635 5082 tum
1657 5029 1838 5083 omnia
1873 5028 2036 5084 terri-

463 5121 591 5176 bilia
632 5134 853 5190 pessum
889 5120 1067 5176 ibunt.

530 5210 697 5268 Vsus.
749 5211 839 5267 i5.
874 5210 999 5267 Non
1023 5214 1163 5268 enim
1194 5214 1444 5269 habemus
1477 5215 1779 5284 pontiﬁcem
1804 5217 1895 5285 qui
1927 5232 2031 5270 non

456 5305 622 5369 possit
649 5305 880 5374 compati
901 5305 1301 5380 inﬁrmitatibus
1325 5309 1544 5362 nostris.
1580 5310 1900 5366 Admonens
1932 5325 2028 5366 eos

458 5403 514 5447 ut
549 5393 847 5458 confidant,
871 5395 1106 5451 orationi
1132 5412 1243 5451 sua:
1268 5397 1423 5453 fidem
1445 5400 1717 5465 conciliat,
1751 5402 2024 5473 inquiens:

456 5482 578 5541 Non
602 5494 687 5541 est
722 5485 970 5556 pontifex
999 5491 1092 5561 qui
1124 5500 1314 5547 nostra
1367 5493 1599 5563 ignoret,
1639 5496 1830 5567 quales
1865 5498 2024 5552 multi

2162 3193 2298 3264 μηδὲ
2317 3194 2823 3266 ὀλιγοψυχήσωμεν,
2881 3192 3286 3263 συμϐούλευσαι
3331 3193 3463 3263 ἡμῖν
3505 3208 3521 3224 ⁶
3572 3196 3746 3264 φησὶν

2158 3287 2240 3339 ὅτι
2280 3286 2465 3339 Ἱκανὰ
2502 3286 2601 3355 μὲν
2633 3286 2729 3339 καὶ
2758 3285 2827 3339 τὰ
2856 3284 3089 3357 ρηθέντα
3137 3282 3428 3339 παιδεῦσαι
3470 3285 3618 3356 ἡμᾶς
3665 3284 3744 3354 τῷ

2159 3375 2330 3447 φόϐῳ,
2372 3377 2467 3430 καὶ
2499 3376 2941 3448 ἀσφαλεστέρους
2973 3376 3198 3445 ποιῆσαι
3232 3390 3247 3405 ’
3285 3375 3427 3446 πλὴν
3469 3375 3607 3430 ἀλλὰ
3643 3379 3741 3430 καὶ

2168 3469 2457 3539 Ἀρχιερέα
2488 3466 2710 3537 ἔχομεν,
2741 3467 3042 3537 δυνάμενον
3077 3465 3345 3537 βοηθῆσαι
3378 3468 3534 3538 ἡμῖν,
3571 3467 3742 3537 μόνον

2155 3560 2252 3614 ἐὰν
2316 3559 2612 3630 κρατῶμεν
2662 3560 2759 3630 τῆς
2808 3558 3117 3629 ὁμολογίας
3164 3558 3226 3612 οὐ
3262 3558 3371 3629 γάρ
3394 3562 3508 3612 ἐστι
3540 3558 3741 3628 μικρὸς

2154 3654 2249 3706 καὶ
2279 3653 2308 3705 ό
2337 3650 2536 3722 τυχὼν,
2569 3651 2705 3705 ἀλλὰ
2737 3651 2908 3721 μέγας
2931 3668 2947 3683 ’
2973 3653 3003 3704 ὁ
3024 3650 3151 3714 Υἱὸς
3185 3650 3294 3720 γὰρ
3319 3649 3413 3704 τοῦ
3445 3649 3602 3703 Θεοῦ.
3621 3650 3739 3703 Καὶ

2150 3746 2211 3799 ού
2229 3743 2488 3809 τοιοῦτος,
2512 3738 2623 3808 οἷος
2651 3743 2909 3814 Μωῦσῆς.
2956 3743 3194 3805 Ἐκεῖνος
3226 3740 3325 3812 μὲν
3352 3741 3460 3811 γὰρ
3484 3740 3609 3794 οὔτε
3639 3743 3741 3795 αὺ-

2150 3837 2243 3902 τὸς
2271 3836 2517 3909 εἰσῆλθεν
2538 3838 2617 3900 είς
2648 3836 2747 3907 τὴν
2772 3835 3142 3901 κατάπαυσιν,
3162 3832 3285 3888 οὔτε
3327 3835 3418 3888 τὸν
3438 3834 3566 3888 λαὸν
3620 3837 3739 3889 elo-

2149 3930 2356 4003 ήγαγεν
2391 3948 2404 3961 ·
2433 3920 2589 3992 οὗτος
2628 3928 2684 3982 δὲ
2712 3927 3037 3999 διεληλυθὼς
3077 3928 3204 3990 τοὺς
3258 3928 3556 3998 οὐρανοὺς,
3608 3945 3737 3981 συν-

2149 4021 2390 4092 εδριάζει
2414 4019 2491 4090 τῷ
2517 4020 2712 4088 Πατρὶ,
2741 4019 2836 4073 καὶ
2873 4016 3097 4071 δύναται
3128 4018 3260 4086 ἡμῖν
3295 4015 3399 4087 τὴν
3429 4017 3510 4080 είς
3565 4016 3736 4087 οὐρα-

2147 4115 2271 4176 νοὺς
2299 4112 2503 4165 εἴσοδον
2526 4109 2732 4176 δοῦναι,
2767 4110 2862 4164 καὶ
2884 4110 2984 4179 τῆς
3031 4109 3089 4161 ὲν
3145 4107 3503 4177 ἐπαγγελίαις
3561 4123 3736 4162 κατα-

2148 4204 2404 4266 παύσεως
2437 4202 2811 4272 κληρονόμους
2841 4201 3089 4270 ποιῆσαι.

2215 4291 2532 4362 Κρατῶμεν
2562 4289 2671 4358 τῆς
2693 4290 3037 4359 ὁμολογίας.
3107 4288 3182 4341 Οὐ
3203 4287 3385 4341 δίδωσι
3415 4286 3477 4341 τὺ
3513 4287 3620 4341 πᾶν
3648 4287 3730 4359 τῷ

2143 4388 2412 4457 ἀρχιερεῖ,
2445 4382 2582 4440 ἀλλὰ
2607 4384 2702 4436 καὶ
2735 4381 2806 4434 τὰ
2830 4379 2957 4450 παρ’
2979 4380 3136 4451 ἡμῶν
3164 4378 3437 4449 ἐπιζητεῖ.
3491 4379 3727 4432 Δύναται

2149 4482 2248 4551 μὲν
2294 4480 2402 4547 γὰρ
2451 4479 2679 4543 ἐκεῖνος,
2734 4475 2853 4530 ἀλλ’
2899 4475 2993 4529 ἐὰν
3046 4474 3138 4527 καὶ
3168 4475 3330 4545 ἡμεῖς
3363 4473 3503 4538 ἄξιοι
3548 4467 3726 4545 ὦμεν.

2145 4572 2313 4625 Ποίαν
2344 4571 2401 4624 δὲ
2429 4569 2723 4638 ὁμολογίαν
2747 4566 2988 4622 ἐνταῦθα
3015 4565 3163 4634 λέγει
3200 4583 3215 4632 ;
3256 4567 3378 4619 Ὀτι
3424 4565 3723 4629 ἀνάστασίς
3771 4587 3779 4598 υ

2142 4664 2281 4725 ἐστι,
2316 4661 2398 4713 ὅτι
2462 4658 2753 4725 ἀντίδοσις,
2801 4657 2883 4710 ὅτι
2934 4656 3101 4727 μυρία
3163 4653 3344 4723 ἀγαοὰ
3409 4654 3548 4719 ἐκεῖ,
3582 4654 3666 4708 ὅτι
3697 4657 3726 4707 ό

2142 4753 2374 4827 Χριστὸς
2400 4751 2687 4814 Θεόςὲστι.
2723 4748 2944 4819 Ταύτης
2992 4748 3092 4818 τῆς
3147 4747 3439 4817 ὁμολογίας
3505 4747 3724 4816 κρατῶ-

2144 4864 2265 4917 μεν,
2294 4846 2369 4916 μὴ
2405 4843 2583 4915 ἐῶμεν
2609 4842 2781 4914 αὐτὴν
2819 4840 3169 4912 ἀπορρυῆναι
3198 4839 3356 4909 ἡμῶν
3391 4854 3404 4867 ·
3429 4838 3547 4892 ἀλλ’
3575 4840 3722 4909 ἅπερ
3824 4912 3831 4921 ⁸

2140 4941 2575 5011 ὡμολογήσαμεν
2601 4938 2659 4991 ὲν
2680 4937 2825 5007 ἀρχῇ
2859 4935 2960 5005 τῆς
2991 4932 3246 4997 πίστεως,
3279 4931 3454 4986 ταῦτα
3485 4931 3720 5002 βεὸαίως

2139 5031 2637 5104 παρακατέχωμεν,
2670 5029 2766 5081 καὶ
2799 5026 2977 5079 πάντα
3002 5026 3071 5079 τὰ
3099 5023 3305 5095 φοϐερὰ
3337 5024 3644 5094 οίχήσεται.

2200 5222 2283 5274 Οὺ
2311 5219 2423 5288 τὰρ
2452 5218 2672 5286 ἔχομεν
2709 5215 2901 5282 ἀρχιεέ
2918 5211 2989 5266 ἐα
3031 5208 3118 5280 μὴ
3174 5208 3518 5278 δυνάμενον
3557 5224 3715 5276 συμ-

2138 5311 2406 5380 παθῆσαι
2428 5309 2557 5376 ταῖς
2596 5307 2937 5371 ἀσθενείαις
2974 5302 3162 5374 ἡμῶν.
3220 5299 3562 5372 Παρακαλῶν
3612 5300 3714 5352 αῦ-

2135 5405 2261 5465 τοὺς
2290 5404 2433 5457 ὥστε
2461 5397 2804 5460 πεποιθέναι,
2833 5394 3147 5461 ἀξιόπιστον
3188 5390 3280 5445 τὸν
3320 5390 3479 5443 λόγον
3535 5388 3713 5441 ποιεῖ-

2135 5515 2243 5563 ται,
2267 5496 2357 5550 καί
2388 5509 2573 5565 φησιν,
2601 5493 2681 5546 ὅτι
2713 5491 2826 5545 Οὐκ
2847 5490 2995 5544 ἔστιν
3018 5489 3047 5540 ό
3076 5484 3364 5559 ἀρχιερεὺς
3404 5482 3613 5552 ἁῂοῶν
3640 5480 3712 5532 τὰ

1802 5676 2004 5739 Variae
2050 5675 2381 5738 lectiones.

526 5764 574 5799 "
601 5767 977 5837 ἁρχαγγέλους
999 5771 1175 5842 εἴπῃς
1198 5788 1271 5826 m.
