4080 6412
469 322 578 384 2‘39

1360 323 1937 382 TIIEOPIIYLACTI
1972 323 2385 385 BULGARI/E
2426 328 2780 387 ARCHIEP.

3626 332 3734 394 240

472 440 572 490 bus
602 435 811 488 electus
849 432 901 484 in
940 431 1278 497 Pentiﬁccm,
1316 450 1512 500 neque,
1548 444 1604 488 ιιι
1645 434 1812 488 semel
1840 434 2039 497 dicam,

2151 454 2266 487 πων
2302 438 2857 508 προκεχειρισμένος,
2899 437 3040 495 οὔτε.
3074 439 3258 501 ἁπλῶς
3317 441 3515 508 εἰπεῖν,
3546 459 3737 513 σωμα-

468 529 704 596 aliquam
761 524 1100 594 corporalem
1160 524 1393 589 speciem
1454 524 1685 578 habebat
1741 524 1913 578 forma
1958 540 2048 579 sa-

467 619 694 676 cerdotii
753 620 891 688 ejus,
942 618 1110 671 veluti
1154 616 1523 679 tintinnabula
1555 626 1607 670 ct
1669 617 1922 682 laminas,
1953 618 2048 672 sed

466 712 649 765 omnia
673 707 980 780 spiritualia
1008 706 1204 778 erant),
1227 708 1459 777 primum
1512 715 1758 762 recenset
1792 723 1913 777 quae
1939 708 2047 761 sint

454 802 783 856 communia
814 800 1038 856 Christo
1060 815 1178 855 cum
1212 799 1436 868 reliquis
1460 798 1830 867 pontiﬁcibus,
1854 798 2048 853 deinde

472 894 623 961 ponit
653 908 716 946 ea
746 892 803 945 in
839 891 1040 961 quibus
1073 891 1310 945 excellit.
1364 889 1501 943 Tum
1538 890 1684 943 enim
1718 905 1911 944 revera
1946 904 2045 945 cx-

467 986 672 1040 cellens
720 999 819 1054 per
868 980 1331 1052 comparationem
1380 980 1653 1051 quispiam
1711 982 2042 1046 ostenditur,

465 1078 685 1147 quando
737 1077 794 1132 in
828 1075 951 1130 aliis
1006 1074 1224 1144 quidem
1282 1072 1791 1138 cetmnunicaverit,
1842 1075 1896 1127 in
1921 1073 2044 1128 aliis

467 1183 597 1223 vero
625 1168 986 1225 excellentior
1020 1165 1205 1220 fuerit.
1249 1164 1326 1220 Ex
1372 1164 1688 1221 hominibus
1739 1165 1927 1236 itaque
1954 1180 2044 1221 as-

466 1260 634 1323 sumi,
664 1272 956 1313 commune
998 1265 1082 1312 est
1111 1255 1335 1312 Christo
1371 1270 1494 1308 cum
1532 1255 1801 1325 reliquis:
1833 1271 1957 1310 nam
1991 1264 2046 1309 et

464 1352 582 1420 ipse
639 1350 805 1405 homo
854 1363 978 1404 cum
1029 1356 1197 1410 esset,
1233 1348 1410 1402 laetus
1459 1355 1543 1403 est
1582 1346 1855 1401 Pontifex.
1903 1347 2041 1401 Tum

462 1442 609 1513 quod
630 1457 728 1513 pro
755 1440 1073 1497 hominibus
1097 1440 1451 1494 constituitur
1472 1441 1525 1493 in
1554 1439 1620 1493 iis
1637 1453 1757 1508 quae
1777 1438 1844 1493 ad
1874 1438 2041 1492 Deum

461 1536 763 1605 pertinent,
814 1533 918 1587 hoc
948 1540 1054 1598 est,
1082 1538 1143 1586 ut
1171 1531 1337 1602 676
1366 1545 1466 1601 pro
1516 1530 1677 1584 nobis
1709 1530 2037 1600 interpellet,

463 1635 519 1682 et
548 1626 729 1680 istbuc
758 1631 843 1680 est
868 1636 1162 1678 commune
1186 1621 1291 1691 ipsi
1321 1636 1444 1676 cum
1478 1621 1724 1691 reliquis.

543 1717 614 1771 Ut
648 1718 839 1786 oﬂ‘erat
884 1730 1104 1769 munera
1143 1722 1193 1768 et
1235 1713 1503 1781 sacriﬁcia
1530 1730 1626 1782 pro
1665 1714 1918 1783 peccatis.
1952 1711 2039 1766 ln-

466 1812 805 1875 terprctatus
843 1812 929 1858 est
954 1802 1086 1873 quid
1124 1802 1215 1871 sit,
1259 1802 1322 1856 ab
1362 1801 1659 1856 hominibus
1700 1804 1956 1857 constitui
1987 1802 2040 1856 in
2074 1793 2115 1851 Β

464 1899 532 1952 iis
566 1913 681 1967 qua
707 1907 830 1950 sunt
862 1895 931 1950 ad
969 1895 1163 1961 Deum,
1197 1909 1390 1966 nempe
1424 1910 1524 1964 pro
1550 1898 1792 1966 peccatis
1836 1896 2043 1953 nostris

464 1990 682 2059 placare
714 1988 911 2043 Deum.
942 1985 1010 2041 Et
1044 1987 1148 2041 hoc
1175 1986 1345 2057 igitur
1375 2001 1668 2041 commune
1698 1994 1783 2042 est
1818 1986 2040 2041 Christo

464 2097 589 2136 cum
625 2080 766 2146 aliis,
795 2078 891 2134 sed
932 2094 1040 2151 non
1072 2078 1246 2132 totum
1289 2097 1303 2132 :
1340 2092 1463 2131 nam
1509 2077 1625 2148 ipse
1657 2079 1899 2148 seipsum
1941 2077 2038 2132 oh-

465 2173 607 2236 tulit,
648 2171 725 2225 illi
748 2186 878 2226 vero
911 2169 1016 2223 alia
1063 2167 1332 2239 quaedam.
1362 2169 1557 2227 Munus
1589 2177 1768 2225 autem
1792 2177 1846 2224 et
1872 2170 2041 2224 sacri-

464 2266 646 2319 licium
679 2262 956 2333 quomodo
993 2262 1237 2331 quidem.
1267 2263 1312 2315 si
1339 2272 1587 2316 exactam
1623 2272 1840 2332 Spectes
1868 2263 2040 2317 ratio-

463 2374 612 2423 nem,
655 2357 1007 2424 discrepant,
1051 2355 1104 2406 in
1139 2352 1438 2423 Scripturis
1475 2361 1654 2407 autem
1693 2353 1811 2409 sine
1839 2352 2037 2409 discri-

464 2448 613 2501 mine
645 2451 951 2515 ponuntur,
989 2441 1129 2496 infra
1163 2441 1366 2497 disces.

532 2534 701 2589 Vsus.
735 2534 787 2587 2.
833 2532 939 2600 Qui
972 2531 1250 2586 condolere
1279 2534 1450 2602 possit
1494 2534 1562 2587 iis
1594 2534 1681 2604 qui
1708 2534 1954 2602 ignorant
1988 2542 2035 2587 et

459 2636 664 2683 errant.
696 2627 815 2680 Hoc
865 2633 969 2689 est,
1011 2624 1104 2694 qui
1166 2624 1342 2693 possit
1391 2624 1672 2679 moderate
1705 2624 1866 2690 allici,
1896 2640 2039 2679 eom-

461 2720 597 2788 pati,
626 2716 1095 2779 condescendere,
1134 2730 1198 2770 ac
1225 2716 1537 2771 condonare
1570 2716 1635 2770 iis
1668 2717 1759 2785 qui
1782 2732 1847 2770 ex
1879 2717 2034 2785 igno-

462 2809 637 2862 rantia
673 2814 926 2876 peccant.
969 2804 1355 2867 Animadverte
1402 2812 1585 2858 autem
1632 2820 1795 2858 omne
1842 2819 2037 2873 pecca-

459 2894 578 2953 tu‘m
626 2910 693 2953 ex
728 2893 1039 2964 ignorantia
1082 2901 1137 2947 et
1196 2907 1385 2947 errore
1421 2894 1572 2947 nasci
1604 2912 1617 2947 :
1663 2909 1787 2946 nam
1820 2893 2035 2948 etiamsi

458 2986 710 3042 videatur
733 2983 857 3054 quis
888 2982 1108 3037 novisse
1137 2982 1266 3052 quid
1311 2984 1512 3037 malum
1549 2984 1641 3049 sit,
1678 2994 1922 3056 tempore
1953 2994 2035 3037 ta-

459 3092 584 3133 men
637 3072 1029 3131 transactionis
1073 3074 1283 3144 peccati
1330 3075 1572 3131 tenebris
1622 3076 2030 3143 circumfusus,

461 3164 774 3236 ignorantia
810 3171 865 3218 et
894 3176 1085 3217 errore
1132 3164 1379 3235 languet,
1417 3165 1716 3234 voluptatis
1763 3166 2032 3221 illecebris

455 3254 851 3326 praecipitatus.

529 3344 798 3410 Quoniam
818 3351 867 3398 et
894 3344 1006 3413 ipse
1026 3343 1388 3397 circumdatus
1417 3353 1492 3398 est
1525 3344 1855 3412 inﬁrmitate.
1895 3345 2036 3400 Sim-

454 3429 734 3500 pliciorem
754 3442 820 3483 ac
850 3429 1121 3485 veriorem
1147 3432 1472 3485 sententiam
1505 3446 1629 3488 esse
1654 3432 1791 3488 hanc
1818 3438 2033 3505 Opinor,

460 3529 751 3593 propterea
781 3521 1035 3577 videlicet
1076 3522 1458 3592 ignorantibus
1496 3526 1786 3583 condolere
1811 3527 2037 3584 Pontili-

459 3628 600 3679 cem,
628 3612 775 3685 quod
804 3621 861 3670 et
884 3614 1003 3685 ipse
1030 3613 1350 3671 inﬁrmitate
1384 3615 1456 3672 sit
1485 3618 1740 3686 amictus,
1767 3628 1821 3675 et
1848 3620 2038 3676 huma-

458 3721 544 3760 nae
578 3704 975 3761 imbecillitatis
1021 3721 1336 3763 mensuram
1378 3724 1442 3764 ex
1491 3711 1674 3781 seipso
1705 3727 2030 3782 agnoscens,

458 3798 672 3853 veniam
700 3812 920 3868 quoque
952 3797 1271 3855 admetitur.
1309 3800 1566 3857 Nonnulli
1612 3815 1792 3861 tamen
1835 3807 1914 3861 sic
1942 3824 2034 3863 ac-

454 3896 743 3960 ceperunt,
770 3889 916 3958 quod
947 3889 1002 3944 in
1025 3890 1129 3946 hoc
1159 3893 1278 3948 solo
1306 3892 1586 3964 discrepat
1616 3911 1644 3950 a
1676 3898 1883 3971 populo
1906 3913 2035 3968 pon-

456 3979 608 4045 tiles,
641 3979 789 4049 quod
818 3980 1094 4036 condonet
1127 4000 1141 4037 :
1183 3983 1626 4054 quandoquidem
1665 3986 1783 4057 ipse
1822 3988 1879 4043 in
1911 3988 2033 4046 aliis

454 4085 565 4123 non
590 4069 749 4125 aliter
779 4084 845 4124 ac
874 4069 1092 4140 reliqui,
1121 4071 1436 4130 inﬁrmitate
1465 4076 1835 4135 circumfusus
1868 4081 1959 4136 sit.

510 4253 698 4310 Vsus.
739 4256 794 4312 3.
835 4253 901 4310 Et
929 4267 1204 4327 propterea
1247 4260 1417 4328 debet,
1460 4264 1902 4334 quemadmodum
1937 4286 2032 4338 pro

455 4347 671 4414 populo,
712 4348 793 4401 ita
820 4349 983 4403 etiam
1024 4360 1075 4404 et
1116 4366 1210 4420 pro
1241 4354 1407 4421 seipso
1438 4355 1625 4424 o/ferre
1659 4373 1754 4427 pro
1776 4363 2028 4427 peccatis.
2059 4349 2064 4361 ’

2151 528 2313 595 τικήν
2371 546 2491 580 τινα
2545 530 2846 596 φαντασίαν
2894 523 3008 597 εἶχε
3066 529 3127 582 τὸ
3181 532 3368 599 σχῆμα
3424 534 3522 602 τῆς
3566 533 3734 586 αὑτοῦ

2154 620 2479 691 ἱερωσύνης,
2529 616 2642 674 οἷον
2686 620 2965 687 κώδωνας,
2998 623 3095 674 καὶ
3121 622 3351 688 πέταλα,
3383 623 3519 678 ἀλλά
3554 627 3734 680 πάντα

2150 716 2553 783 πνευματικὰ),
2608 715 2904 782 καταλέγει
2949 716 3168 785 πρῶτον
3196 715 3232 769 ἃ.
3272 716 3430 771 κοινά
3491 718 3606 770 ἐστι
3653 718 3735 787 τῷ

2148 804 2370 875 Χριστῷ
2395 804 2532 874 πρὸς
2553 806 2678 869 τοὺς
2707 805 2928 869 λοιποὺς
2952 808 3253 877 ἀρχιερεῖς,
3281 803 3404 859 εἶτα
3426 807 3609 878 τίθησι
3637 809 3734 863 καὶ

2147 895 2217 948 τά
2239 895 2516 966 ἐξαίρετα.
2535 897 2669 950 Τότε
2695 896 2805 968 γὰρ
2818 897 2987 961 ὅντως
3017 899 3051 968 ἡ
3083 897 3224 952 κατά
3250 899 3544 970 σύγκρισιν
3566 899 3736 970 ὑπερ-

2150 988 2250 1057 οχή
2292 1004 2439 1051 τινος
2493 988 2730 1055 γίνεται,
2759 989 2887 1041 ὅταν
2910 990 2976 1042 ςὲν
3007 990 3106 1059 μὲν
3140 992 3251 1054 τοῖς
3284 993 3540 1061 κοινωνῇ,
3586 992 3644 1045 ἐν
3675 991 3734 1044 δὲ

2147 1078 2259 1137 τοῖς
2290 1075 2564 1147 ὑπερέχῃ.
2590 1076 2664 1129 Τὸ
2691 1077 2873 1130 τοίνυν
2902 1077 2963 1142 ἐξ
2995 1078 3301 1150 ἀνθρώπων
3332 1080 3733 1149 λαμὸἀνεσθαι,

2147 1167 2324 1221 κοινὸν
2355 1168 2432 1235 τῷ
2458 1168 2681 1239 Χριστῷ
2734 1169 2870 1240 πρὸς
2913 1171 3043 1234 τοὺς
3095 1171 3341 1236 λοιπούς.
3375 1173 3487 1226 Καὶ
3512 1172 3620 1243 γὰρ
3636 1173 3735 1226 καὶ

2146 1255 2308 1319 αὐτὸς
2366 1257 2652 1327 ἄνθρωπος
2681 1258 2779 1325 ὢν,
2836 1260 3063 1327 γέγονεν
3102 1261 3445 1333 Ἀρχιερεύς.
3500 1263 3608 1316 Καὶ
3670 1263 3734 1315 τὸ

2147 1348 2286 1418 ὑπὲρ
2347 1348 2653 1420 ἀνθρώπων
2718 1351 3080 1407 καθίστασθαι
3137 1354 3205 1411 τὰ
3260 1354 3398 1424 πρὸς
3440 1354 3531 1408 τὶν
3572 1353 3733 1421 Θεὸν,

2144 1440 2414 1508 τουτέστι,
2455 1443 2784 1510 αεσιτεύειν,
2815 1446 2911 1497 καὶ
2943 1441 3104 1498 τοῦτο
3136 1446 3337 1501 κοινόν.

2216 1715 2339 1769 Ἵνα
2376 1717 2689 1786 προσφέρῃ
2712 1714 2871 1784 δῶρά
2898 1737 2962 1773 τε
2988 1722 3086 1775 καὶ
3106 1720 3327 1787 θυσίας
3355 1722 3510 1788 ὑπὲρ
3540 1723 3732 1791 ἀμαρ-

2144 1808 2305 1862 τιῶν.
2376 1810 2731 1880 Ἢρμήνευτε
2806 1812 2861 1865 τί
2938 1814 3057 1865 ἐστι
3140 1815 3200 1866 τὸ
3237 1855 3252 1880 ,
3326 1815 3732 1869 καθίστασθαι

2142 1900 2297 1968 ὑπὲρ
2342 1900 2672 1967 ἀνθρώπων·
2711 1904 2860 1971 πρὸς
2928 1904 3097 1969 Θεὸν,
3134 1906 3194 1957 τδ
3228 1906 3371 1974 ὑπὲρ
3401 1905 3507 1957 τῶν
3542 1906 3731 1976 ἀμαρ-

2142 1992 2291 2056 τιῶν,
2336 1992 2526 2061 φησιν,
2590 1993 2909 2048 ἱλάσκεσθαι
2951 1994 3042 2049 τὸν
3103 1996 3260 2049 Θεόν.
3308 1998 3417 2050 Καὶ
3476 1997 3638 2052 τοῦτο
3670 1999 3732 2051 δὲ

2142 2084 2324 2136 κοινὸν
2351 2083 2427 2152 τῷ
2451 2084 2676 2156 Χριστῷ
2703 2086 2839 2155 πρὸς
2871 2086 2998 2150 τοὺς
3035 2086 3250 2151 ἄλλους·
3283 2087 3424 2156 πλὴν
3456 2090 3554 2158 οὐχ
3580 2089 3733 2142 ὅλον⁶

2142 2175 2301 2239 αὐτὸς
2334 2176 2431 2245 μὲν
2479 2175 2588 2246 γὰρ
2616 2177 3246 2249 ἐαυτὸν-προσήνεγκεν
3277 2183 3478 2235 ἐκεῖνοι
3512 2181 3568 2234 δὲ
3590 2180 3735 2235 ἄλλα

2140 2268 2280 2323 τινά.
2323 2267 2506 2339 Δῶρον
2532 2268 2588 2321 δὲ
2626 2270 2722 2322 καὶ
2755 2269 2917 2324 θυσία
2950 2271 3067 2336 πῶς
3098 2273 3240 2325 κατά
3270 2274 3368 2342 μὲν
3399 2273 3490 2325 τὸν
3516 2273 3730 2344 ἀκριϐῆ

2140 2360 2296 2427 λόγον
2354 2360 2703 2432 διαφέρουσι,
2761 2363 2915 2432 παρά
2962 2364 3016 2416 δὲ
3061 2366 3127 2434 τῇ
3175 2366 3368 2436 Γραφῇ
3415 2366 3734 2438 ἀδιαφόρως

2142 2455 2371 2518 κεῖνται,
2408 2451 2626 2524 μαθήσῃ
2651 2455 2971 2525 κατωτέρω.
3394 2528 3401 2533 .

2210 2544 2640 2611 Μετριοπαθεῖν
2693 2545 3036 2615 δυνάμενος
3087 2548 3214 2615 τοῖς
3268 2550 3564 2620 ἀγνοοῦσι
3621 2555 3727 2608 καὶ

2139 2639 2575 2706 πλανωμένοις.
2629 2640 2893 2694 Τουτέστι
2957 2648 3323 2714 συμμετρεῖν,
3391 2648 3731 2716 συμπαθεῖν,

2141 2730 2616 2795 συγκαταϐαίοειν,
2667 2732 2763 2784 καὶ
2811 2732 3210 2800 συγγινώσκειν
3242 2738 3354 2799 τοῖς
3388 2737 3449 2802 ἐξ
3502 2741 3733 2807 ἀγνοίας

2140 2822 2564 2891 ἁμαρτάνουσιν.
2596 2823 2739 2891 Ὅρα
2769 2822 2826 2876 δὲ
2861 2824 2942 2876 ὅτι
3003 2826 3109 2878 πᾶν
3170 2828 3477 2899 ἁμάρτημα
3530 2831 3733 2899 ἄγνοια

2138 2909 2233 2962 καὶ
2257 2909 2434 2978 πλάνη
2458 2912 2642 2981 γεννᾷ.
2671 2910 2791 2966 Κᾶν
2813 2912 2922 2982 γὰρ
2945 2913 3073 2986 δοκῇ
3106 2932 3191 2979 τις
3212 2918 3415 2971 εἰδέναι
3441 2920 3502 2972 τὺ
3528 2922 3728 2985 κακὸν,

2138 3000 2254 3053 ἀλλ’
2283 3000 2376 3054 οὖν
2405 3004 2464 3054 ἐν
2504 3002 2582 3072 τῷ
2617 3003 2719 3071 τῆς
2746 3005 3002 3073 πράξεως
3071 3008 3251 3078 καιρῷ
3311 3011 3725 3083 σκοτιζόμενος,

2143 3093 2368 3160 ἄγνοιαν
2398 3096 2492 3146 καὶ
2518 3095 2725 3165 πλάνην
2752 3099 2918 3163 νοσεῖ,
2944 3096 3022 3167 τῷ
3053 3098 3181 3170 λείῳ
3210 3102 3309 3170 τῆς
3339 3102 3532 3174 ἡδονῆς
3553 3122 3732 3161 κατα-

2142 3183 2601 3254 κρημνιζόμενος.

2228 3369 2385 3422 Ἐπεὶ
2424 3370 2524 3424 καὶ
2553 3369 2738 3435 αὐτὸς
2762 3374 3085 3441 περίκειται
3112 3376 3226 3443 τὴν
3266 3377 3609 3434 ἀσθένειαν.
3660 3380 3730 3436 ἸΙ

2139 3461 2238 3529 μὲν
2295 3461 2642 3531 ἁπλουστέρα
2696 3463 2911 3534 ἐκδοχὴ,
2945 3460 3101 3534 οῐμαι
3137 3467 3193 3520 δὲ
3236 3470 3330 3521 καὶ
3355 3469 3727 3542 ἀληθεστέρα,

2137 3551 2277 3622 αὕτη
2305 3553 2475 3619 ἐστὶν,
2521 3553 2604 3607 ὃτι
2633 3553 2721 3608 διὰ
2743 3555 2900 3609 τοῦτο
2936 3560 3297 3629 μετριοπαθεῖ
3329 3563 3358 3614 ό
3404 3564 3730 3633 Ἀρχιερεὺς

2135 3644 2249 3704 τοῖς
2272 3641 2550 3711 ἀγνοοῦσι,
2571 3644 2708 3699 διότι
2743 3642 2838 3699 καὶ
2863 3647 3026 3709 αὐτὸς
3059 3648 3351 3704 ἀσθένειαν
3382 3653 3727 3721 περίκειται,

2136 3729 2231 3781 καὶ
2265 3730 2419 3793 εἰδὼς
2454 3731 2515 3783 τὸ
2543 3733 2743 3804 μέτρον
2768 3734 2867 3802 τῆς
2907 3735 3262 3808 ἀνθρωπίνης
3305 3739 3595 3804 ἀσθενείας
3635 3743 3729 3810 ἐφ’

2144 3820 2347 3889 ἐαυτῷ,
2394 3822 2682 3893 ὲπιμετρεῖ
2704 3826 2797 3877 καὶ
2826 3825 2925 3895 τὴν
2948 3828 3284 3901 συγγνώμην
3305 3847 3319 3860 ο
3356 3833 3500 3895 τινὲς
3534 3834 3729 3903 μέντοι

2135 3913 2308 3977 οὕτως
2365 3912 2706 3982 ὲξεδέξαντο’
2739 3917 2821 3970 ὅτι
2843 3920 2903 3970 ὲν
2924 3917 3100 3990 τούτῳ
3146 3920 3295 3992 μόνῳ
3348 3924 3595 3994 διαφέρει
3624 3926 3727 3981 τοῦ

2135 4004 2266 4059 λαοῦ
2295 4008 2323 4058 ὀ
2365 4008 2680 4078 ἀρχιερεὺς,
2722 4011 2781 4061 ὲν
2804 4010 2884 4079 τῷ
2918 4011 3321 4079 συγγινώσκειν
3346 4031 3362 4045 ο
3402 4018 3528 4070 ἐπεὶ
3583 4018 3726 4085 τάγε

2135 4096 2271 4149 ἄλλα
2320 4097 2414 4150 καὶ
2461 4098 2621 4162 αὐτὸς
2670 4099 2957 4159 ἀσθένειαν
2984 4103 3116 4169 tam;
3143 4106 3257 4168 τοῖς
3306 4107 3525 4171 πολλοῖς
3558 4109 3727 4181 περί-

2135 4204 2336 4240 κειται.

2206 4280 2317 4334 Kal
2348 4279 2446 4333 διὰ
2465 4282 2691 4348 ταύτην
2724 4283 2974 4351 ὀφείλει,
3010 4287 3208 4355 καθὼς
3239 4290 3375 4359 περὶ
3403 4292 3511 4347 τοῦ
3539 4293 3720 4358 λαοῦ,

2136 4368 2290 4422 οὕτω
2313 4371 2410 4424 καὶ
2440 4372 2573 4443 περὶ
2598 4372 2819 4428 ἑαυτοῦ
2840 4378 3210 4447 προσφέρειν
3227 4381 3380 4451 ὑπὲρ
3398 4383 3720 4453 ἁμαρτιῶν.

457 4440 583 4493 ﬂtee
612 4440 796 4493 omnia
825 4456 934 4495 non
968 4442 1133 4497 habet
1154 4446 1468 4501 communia
1506 4446 1758 4506 Christus
1784 4468 1908 4506 cum
1942 4469 2033 4509 reo

2142 4460 2328 4513 Ταῦτα
2377 4462 2557 4515 πάντα
2599 4462 2787 4517 οὐκέτι
2843 4468 3002 4522 κοινὰ
3042 4470 3122 4540 τῷ
3150 4472 3376 4543 Χριστῷ
3413 4474 3550 4545 πρὸς
3591 4478 3724 4540 τοὺς

452 4530 641 4600 liquis,
673 4547 859 4586 verum
892 4535 947 4597 in
983 4535 1069 4591 his
1100 4537 1338 4592 excellit.
1365 4538 1554 4612 Neque
1582 4544 1729 4598 enim
1764 4544 2032 4602 Dominus

452 4630 802 4689 peccatorum
836 4623 1209 4680 inﬁrmitatem
1235 4626 1491 4694 habebat,
1521 4647 1698 4701 neque
1726 4648 1827 4702 pro
1849 4635 2033 4705 seipso

454 4711 677 4778 obtulit,
705 4713 801 4767 sed
835 4728 936 4783 pro
975 4716 1203 4787 reliquis
1232 4719 1567 4777 hominibus.

526 4895 696 4952 Vsus.
724 4897 780 4951 4.
826 4898 938 4953 Nec
976 4918 1253 4973 quisquam
1287 4908 1448 4960 sumit
1493 4908 1594 4963 sibi
1626 4911 1897 4977 honorem,
1940 4915 2031 4968 sed

452 4990 542 5059 qui
573 5000 795 5044 vocatur
820 5007 854 5044 a
889 4991 1020 5048 Deo.
1056 4995 1216 5050 Aliud
1246 5000 1523 5066 pontilicis
1559 5001 1822 5058 indicium
1852 5005 2027 5074 ponit,

451 5080 596 5148 quod
631 5094 886 5151 peraeque
929 5083 1149 5140 Christo
1189 5090 1466 5155 convenit,
1501 5106 1697 5162 nempe
1742 5096 1889 5163 quod
1921 5112 2031 5151 non

453 5172 568 5240 ipse
593 5172 663 5225 ad
689 5173 1063 5242 pontiﬁcatum
1089 5178 1318 5245 assiliat,
1342 5183 1436 5236 sed
1470 5193 1696 5239 VOCctur
1718 5201 1747 5238 a
1781 5184 1908 5251 Deo,
1944 5198 2030 5241 at~

451 5279 558 5330 que
586 5263 661 5319 ita
688 5268 984 5335 acceperit.
1017 5266 1347 5342 Pcrstringit
1383 5281 1567 5329 autem
1602 5276 1692 5331 hic
1717 5275 2028 5336 Iudaeorum

452 5359 569 5405 tum
601 5356 861 5424 temporis
891 5359 1197 5428 pontiﬁces,
1226 5364 1317 5430 qui
1343 5364 1444 5433 ipsi
1492 5367 1814 5425 assiliebant
1842 5368 1909 5425 ad
1929 5374 2031 5426 ho-

452 5455 675 5507 norem,
712 5447 1019 5514 emptitium
1070 5451 1231 5506 istum
1278 5456 1643 5524 possidentes,
1692 5461 1861 5531 legem
1909 5477 2029 5517 cor-

452 5540 787 5600 rumpentes.

510 5618 965 5685 Quemadmodum
985 5639 1033 5682 et
1057 5632 1258 5690 Aaron.
1284 5633 1498 5692 Etenim
1533 5640 1713 5698 Aaron
1732 5645 1969 5714 primum
1995 5664 2025 5702 a

452 5710 567 5770 Deo
588 5729 685 5785 per
721 5717 906 5774 Mosen
934 5732 1178 5791 vocatus,
1217 5728 1297 5784 sie
1318 5728 1541 5787 functus
1571 5743 1658 5791 est
1688 5710 2019 5808 sacerdotio,

2136 4551 2378 4617 λοιποὺς,
2420 4553 2532 4607 ἀλλ’
2564 4556 2622 4609 ὲν
2657 4556 2865 4622 τούτοις
2917 4561 3197 4634 ὑπερέχει.
3244 4564 3382 4619 Οὔτε
3411 4567 3520 4639 γάρ
3550 4569 3713 4622 ἀσθέ-

2137 4660 2286 4697 νειαν
2331 4640 2478 4713 εἶχεν
2496 4648 2523 4699 ὁ
2543 4646 2772 4718 Κύριος,
2802 4651 2902 4718 τὴν
2948 4651 3058 4707 τῶν
3085 4655 3393 4726 ἁμαρτιῶν,
3420 4656 3545 4712 οὔτε
3579 4659 3720 4731 ὑπὲρ

2135 4735 2330 4789 ἑαυτοῦ
2376 4739 2774 4810 προσήνεγκεν,
2835 4742 2952 4795 ἀλλ’
3015 4745 3156 4816 ὑπὲρ
3206 4746 3316 4804 τῶν
3364 4748 3571 4803 λοιπῶν
3619 4753 3719 4805 ἀνι

2136 4828 2164 4879 θ
2173 4828 2392 4898 ρώπων.

2205 4921 2315 4975 Καὶ
2349 4924 2462 4990 οὐχ
2498 4924 2690 4991 ἐαυτῷ
2717 4944 2807 4994 τις
2834 4931 3125 4999 λαμϐάνει
3176 4933 3293 5002 τὴν
3317 4934 3499 5005 τιμὴν
3521 4977 3534 5002 ,
3554 4936 3718 4992 ἀλλὰ

2135 5014 2167 5064 ό
2200 5016 2576 5083 καλούμενος
2638 5020 2758 5075 ὑπὸ
2812 5023 2922 5077 τοῦ
2973 5026 3145 5081 Θεοῦ.
3202 5028 3315 5082 Καὶ
3352 5028 3541 5099 ἕτερον
3571 5030 3715 5097 γνώ·

2138 5119 2307 5175 ρισμα
2360 5106 2573 5177 τίθησιν
2621 5110 2923 5180 ἀρχιερέως
2956 5155 2970 5179 ,
3015 5118 3425 5188 ἐμφαινόμενον
3476 5121 3569 5173 καὶ
3636 5120 3716 5188 τῷ

2132 5194 2376 5265 Χριστῷ,
2413 5198 2493 5261 τὸ,
2528 5199 2603 5270 μὴ
2634 5200 2828 5255 ἑαυτὸν
2847 5205 3121 5277 ἐπιπηδᾷν
3150 5211 3217 5279 τῇ
3251 5210 3541 5283 ἱερωσύνῃ,
3576 5209 3717 5264 ἀλλά

2132 5287 2466 5357 καλούμενον
2497 5291 2601 5344 ὑπὸ
2630 5291 2723 5345 τοῦ
2754 5293 2913 5360 Θεοῦ,
2945 5297 3089 5352 οὓτω
3109 5300 3314 5370 ταύτην
3332 5302 3713 5373 ἀναδέχεσθαι.

2131 5377 2438 5432 Αίνίττεται
2477 5380 2533 5434 δὲ
2571 5383 2808 5437 ἐνταῦθα
2832 5388 2962 5451 τοὺς
2982 5390 3106 5442 τότε
3137 5392 3419 5463 ἀρχιερεῖς
3439 5394 3547 5451 τῶν
3582 5396 3710 5449 Ἰου-

2131 5467 2317 5535 δαίων,
2341 5472 2389 5522 oi
2420 5473 2711 5544 ἐπεπήδων
2737 5479 2803 5548 τῇ
2835 5482 2992 5550 τιμῇ,
3021 5480 3238 5553 ὠνητὴν
3266 5485 3472 5556 ταύτην
3498 5483 3712 5555 κτώμε·

2131 5576 2233 5624 νοι,
2269 5563 2362 5614 καὶ
2386 5561 2476 5616 τὸν
2500 5565 2665 5637 νόμον
2693 5566 3121 5639 διαφθείροντες.

2200 5650 2478 5719 Καθάπερ
2500 5654 2599 5708 καί
2639 5657 2883 5725 Ἀαρών.
2914 5663 3026 5715 Καὶ
3049 5663 3157 5733 γὰρ
3205 5665 3417 5735 Ἀαρὼν
3453 5667 3571 5720 κατ’
3603 5670 3710 5739 ἀρ-

2129 5743 2229 5811 χάς
2260 5742 2365 5796 ὑπὸ
2392 5742 2527 5798 Θεοῦ
2545 5746 2633 5802 διὰ
2666 5747 2909 5818 Μωσέως
2928 5753 3171 5825 κληθεὶς,
3205 5757 3380 5825 οὕτως
3406 5759 3709 5833 ίερεεύκσατο,
3756 5784 3767 5787 ί
