  <div class='ocr_page' id='page_1' title='image "/cluster/home/n/w/nwhite01/storage/ocr_20150623/125:no.3/coo.31924054870302/128.png"; bbox 0 0 4080 6426; ppageno 0'>
   <div class='ocr_carea' id='block_1_1' title="bbox 404 467 513 534">
    <p class='ocr_par' dir='ltr' id='par_1_1' title="bbox 404 467 513 534">
     <span class='ocr_line' id='line_1_1' title="bbox 404 467 513 534; baseline 0.009 -2"><span class='ocrx_word' id='word_1_1' title='bbox 404 467 513 534; x_wconf 73' lang='grc' dir='ltr'><strong>ΞΗ</strong></span> 
     </span>
    </p>
   </div>
   <div class='ocr_carea' id='block_1_2' title="bbox 1172 448 2937 547">
    <p class='ocr_par' dir='ltr' id='par_1_2' title="bbox 1172 448 2937 547">
     <span class='ocr_line' id='line_1_2' title="bbox 1172 448 2937 547; baseline 0.006 -14"><span class='ocrx_word' id='word_1_2' title='bbox 1172 468 1577 534; x_wconf 79' lang='lat' dir='ltr'><strong>EXPOSITIO</strong></span> <span class='ocrx_word' id='word_1_3' title='bbox 1607 472 1689 533; x_wconf 60' lang='grc' dir='ltr'><strong>ιιι</strong></span> <span class='ocrx_word' id='word_1_4' title='bbox 1716 473 1956 535; x_wconf 78' lang='lat' dir='ltr'><strong>EPIST.</strong></span> <span class='ocrx_word' id='word_1_5' title='bbox 1989 476 2089 535; x_wconf 84' lang='lat' dir='ltr'><strong>AD</strong></span> <span class='ocrx_word' id='word_1_6' title='bbox 2120 477 2517 543; x_wconf 71' lang='lat' dir='ltr'><strong>HEBR/EOS.</strong></span> <span class='ocrx_word' id='word_1_7' title='bbox 2542 505 2615 517; x_wconf 90' lang='lat'><strong>—</strong></span> <span class='ocrx_word' id='word_1_8' title='bbox 2645 481 2803 543; x_wconf 83' lang='lat' dir='ltr'><strong>CAP.</strong></span> <span class='ocrx_word' id='word_1_9' title='bbox 2844 448 2937 547; x_wconf 49' lang='lat' dir='ltr'><strong>vf</strong></span> 
     </span>
    </p>
   </div>
   <div class='ocr_carea' id='block_1_3' title="bbox 3591 495 3701 560">
    <p class='ocr_par' dir='ltr' id='par_1_3' title="bbox 3591 495 3701 560">
     <span class='ocr_line' id='line_1_3' title="bbox 3591 495 3701 560; baseline 0.027 -3"><span class='ocrx_word' id='word_1_10' title='bbox 3591 495 3701 560; x_wconf 66' lang='lat'><strong>259.</strong></span> 
     </span>
    </p>
   </div>
   <div class='ocr_carea' id='block_1_4' title="bbox 402 579 2001 674">
    <p class='ocr_par' dir='ltr' id='par_1_4' title="bbox 402 579 2001 655">
     <span class='ocr_line' id='line_1_4' title="bbox 402 579 2001 655; baseline 0.003 -20"><span class='ocrx_word' id='word_1_11' title='bbox 402 580 509 635; x_wconf 61' lang='grc' dir='ltr'>οὒκ</span> <span class='ocrx_word' id='word_1_12' title='bbox 546 579 713 644; x_wconf 68' lang='grc' dir='ltr'>αὐτὸς</span> <span class='ocrx_word' id='word_1_13' title='bbox 762 579 1138 653; x_wconf 68' lang='grc' dir='ltr'>ιπιπηδῆσας.</span> <span class='ocrx_word' id='word_1_14' title='bbox 1186 584 1296 637; x_wconf 73' lang='grc' dir='ltr'><strong>Καὶ</strong></span> <span class='ocrx_word' id='word_1_15' title='bbox 1328 579 1394 637; x_wconf 77' lang='grc' dir='ltr'><strong>αὖ</strong></span> <span class='ocrx_word' id='word_1_16' title='bbox 1418 585 1508 637; x_wconf 79' lang='grc' dir='ltr'><strong>ὅτε</strong></span> <span class='ocrx_word' id='word_1_17' title='bbox 1548 585 1581 654; x_wconf 80' lang='grc' dir='ltr'><strong>ἡ</strong></span> <span class='ocrx_word' id='word_1_18' title='bbox 1612 584 1810 655; x_wconf 78' lang='grc' dir='ltr'>ῥάϐδος</span> <span class='ocrx_word' id='word_1_19' title='bbox 1843 586 2001 640; x_wconf 76' lang='grc' dir='ltr'>ἐϐλά-</span> 
     </span>
    </p>
   </div>
   <div class='ocr_carea' id='block_1_5' title="bbox 2108 579 3698 674">
    <p class='ocr_par' dir='ltr' id='par_1_5' title="bbox 2111 591 3698 674">
     <span class='ocr_line' id='line_1_5' title="bbox 2111 591 3698 674; baseline 0.014 -33"><span class='ocrx_word' id='word_1_20' title='bbox 2111 602 2291 657; x_wconf 85' lang='lat' dir='ltr'><strong>neque</strong></span> <span class='ocrx_word' id='word_1_21' title='bbox 2312 591 2431 659; x_wconf 81' lang='lat' dir='ltr'><strong>ipse</strong></span> <span class='ocrx_word' id='word_1_22' title='bbox 2467 591 2684 647; x_wconf 81' lang='lat' dir='ltr'><strong>assiliit.</strong></span> <span class='ocrx_word' id='word_1_23' title='bbox 2717 596 2793 649; x_wconf 81' lang='lat' dir='ltr'><strong>Ac</strong></span> <span class='ocrx_word' id='word_1_24' title='bbox 2828 611 3025 652; x_wconf 83' lang='lat' dir='ltr'><strong>rursus</strong></span> <span class='ocrx_word' id='word_1_25' title='bbox 3056 599 3278 673; x_wconf 79' lang='lat' dir='ltr'><strong>quando</strong></span> <span class='ocrx_word' id='word_1_26' title='bbox 3304 600 3451 674; x_wconf 76' lang='lat' dir='ltr'><strong>virga</strong></span> <span class='ocrx_word' id='word_1_27' title='bbox 3496 603 3698 666; x_wconf 82' lang='lat' dir='ltr'><strong>ﬂoruit.</strong></span> 
     </span>
    </p>
   </div>
   <div class='ocr_carea' id='block_1_6' title="bbox 406 672 2005 751">
    <p class='ocr_par' dir='ltr' id='par_1_6' title="bbox 406 672 2005 751">
     <span class='ocr_line' id='line_1_6' title="bbox 406 672 2005 751; baseline 0.004 -25"><span class='ocrx_word' id='word_1_28' title='bbox 406 687 637 742; x_wconf 73' lang='grc' dir='ltr'>στησεν,</span> <span class='ocrx_word' id='word_1_29' title='bbox 673 672 893 743; x_wconf 76' lang='grc' dir='ltr'><strong>ἐδείχθη</strong></span> <span class='ocrx_word' id='word_1_30' title='bbox 914 675 1000 727; x_wconf 82' lang='grc' dir='ltr'>ὅτι</span> <span class='ocrx_word' id='word_1_31' title='bbox 1032 674 1435 746; x_wconf 80' lang='grc' dir='ltr'>θεοπρὸὁλητος</span> <span class='ocrx_word' id='word_1_32' title='bbox 1451 672 1541 747; x_wconf 80' lang='grc' dir='ltr'><strong>ἦν·</strong></span> <span class='ocrx_word' id='word_1_33' title='bbox 1579 679 1671 730; x_wconf 75' lang='grc' dir='ltr'>καὶ</span> <span class='ocrx_word' id='word_1_34' title='bbox 1699 679 1788 731; x_wconf 78' lang='grc' dir='ltr'><strong>ὅτε</strong></span> <span class='ocrx_word' id='word_1_35' title='bbox 1814 678 1875 732; x_wconf 81' lang='grc' dir='ltr'>τὸ</span> <span class='ocrx_word' id='word_1_36' title='bbox 1895 679 2005 751; x_wconf 85' lang='grc' dir='ltr'><strong>πῦρ</strong></span> 
     </span>
    </p>
   </div>
   <div class='ocr_carea' id='block_1_7' title="bbox 404 764 1751 845">
    <p class='ocr_par' dir='ltr' id='par_1_7' title="bbox 404 764 1751 845">
     <span class='ocr_line' id='line_1_7' title="bbox 404 764 1751 845; baseline 0.005 -28"><span class='ocrx_word' id='word_1_37' title='bbox 404 764 694 832; x_wconf 66' lang='grc' dir='ltr'>κατέφαγε</span> <span class='ocrx_word' id='word_1_38' title='bbox 729 765 857 828; x_wconf 72' lang='grc' dir='ltr'>τοὺς</span> <span class='ocrx_word' id='word_1_39' title='bbox 880 767 1335 838; x_wconf 68' lang='grc' dir='ltr'>ἐπιπηδήσαντας</span> <span class='ocrx_word' id='word_1_40' title='bbox 1357 771 1424 840; x_wconf 71' lang='grc' dir='ltr'>τῇ</span> <span class='ocrx_word' id='word_1_41' title='bbox 1449 769 1751 845; x_wconf 68' lang='grc' dir='ltr'>ἱερωσύνῃ.</span> 
     </span>
    </p>
   </div>
   <div class='ocr_carea' id='block_1_8' title="bbox 485 948 2007 1026">
    <p class='ocr_par' dir='ltr' id='par_1_8' title="bbox 485 948 2007 1026">
     <span class='ocr_line' id='line_1_8' title="bbox 485 948 2007 1026; baseline 0.008 -27"><span class='ocrx_word' id='word_1_42' title='bbox 485 949 653 1001; x_wconf 73' lang='grc' dir='ltr'>Οὕτω</span> <span class='ocrx_word' id='word_1_43' title='bbox 685 950 785 1004; x_wconf 76' lang='grc' dir='ltr'><strong>καὶ</strong></span> <span class='ocrx_word' id='word_1_44' title='bbox 809 952 843 1004; x_wconf 82' lang='grc' dir='ltr'><em>ό</em></span> <span class='ocrx_word' id='word_1_45' title='bbox 869 948 1155 1018; x_wconf 76' lang='grc' dir='ltr'>Χριστὸς,</span> <span class='ocrx_word' id='word_1_46' title='bbox 1188 953 1301 1020; x_wconf 82' lang='grc' dir='ltr'>οὐχ</span> <span class='ocrx_word' id='word_1_47' title='bbox 1337 953 1560 1007; x_wconf 77' lang='grc' dir='ltr'>ἑαυτὸν</span> <span class='ocrx_word' id='word_1_48' title='bbox 1624 954 1883 1020; x_wconf 76' lang='grc' dir='ltr'>ἐδόξασε</span> <span class='ocrx_word' id='word_1_49' title='bbox 1916 975 2007 1026; x_wconf 80' lang='grc' dir='ltr'><strong>γε-</strong></span> 
     </span>
    </p>
   </div>
   <div class='ocr_carea' id='block_1_9' title="bbox 403 1040 2000 1117">
    <p class='ocr_par' dir='ltr' id='par_1_9' title="bbox 403 1040 2000 1117">
     <span class='ocr_line' id='line_1_9' title="bbox 403 1040 2000 1117; baseline 0.006 -25"><span class='ocrx_word' id='word_1_50' title='bbox 403 1040 676 1107; x_wconf 71' lang='grc' dir='ltr'>νηθῆναι</span> <span class='ocrx_word' id='word_1_51' title='bbox 716 1043 1042 1112; x_wconf 74' lang='grc' dir='ltr'>Ἀρχιερέα,</span> <span class='ocrx_word' id='word_1_52' title='bbox 1070 1044 1209 1097; x_wconf 69' lang='grc' dir='ltr'><strong>ἀλλ’</strong></span> <span class='ocrx_word' id='word_1_53' title='bbox 1240 1047 1274 1098; x_wconf 83' lang='grc' dir='ltr'><em>ό</em></span> <span class='ocrx_word' id='word_1_54' title='bbox 1298 1046 1584 1112; x_wconf 73' lang='grc' dir='ltr'>λαλήσας</span> <span class='ocrx_word' id='word_1_55' title='bbox 1618 1048 1770 1117; x_wconf 73' lang='grc' dir='ltr'>πρὸς</span> <span class='ocrx_word' id='word_1_56' title='bbox 1792 1051 2000 1104; x_wconf 77' lang='grc' dir='ltr'>αὐτόν·</span> 
     </span>
    </p>
   </div>
   <div class='ocr_carea' id='block_1_10' title="bbox 406 1136 2003 1212">
    <p class='ocr_par' dir='ltr' id='par_1_10' title="bbox 406 1136 2003 1212">
     <span class='ocr_line' id='line_1_10' title="bbox 406 1136 2003 1212; baseline 0.007 -23"><span class='ocrx_word' id='word_1_57' title='bbox 406 1140 539 1197; x_wconf 67' lang='grc' dir='ltr'>Πῶς</span> <span class='ocrx_word' id='word_1_58' title='bbox 558 1155 680 1207; x_wconf 83' lang='grc' dir='ltr'><strong>μου</strong></span> <span class='ocrx_word' id='word_1_59' title='bbox 713 1136 887 1201; x_wconf 53' lang='lat' dir='ltr'><strong>afore.</strong></span> <span class='ocrx_word' id='word_1_60' title='bbox 910 1139 1025 1209; x_wconf 80' lang='grc' dir='ltr'><strong>ἐγὼ</strong></span> <span class='ocrx_word' id='word_1_61' title='bbox 1074 1140 1347 1209; x_wconf 75' lang='grc' dir='ltr'><strong>σήμερον</strong></span> <span class='ocrx_word' id='word_1_62' title='bbox 1395 1142 1726 1212; x_wconf 70' lang='grc' dir='ltr'>γεγέννηκά</span> <span class='ocrx_word' id='word_1_63' title='bbox 1757 1162 1849 1198; x_wconf 85' lang='grc' dir='ltr'>σε.</span> <span class='ocrx_word' id='word_1_64' title='bbox 1888 1149 2003 1199; x_wconf 81' lang='grc' dir='ltr'><strong>Κα-</strong></span> 
     </span>
    </p>
   </div>
   <div class='ocr_carea' id='block_1_11' title="bbox 410 1230 2004 1302">
    <p class='ocr_par' dir='ltr' id='par_1_11' title="bbox 410 1230 2004 1302">
     <span class='ocr_line' id='line_1_11' title="bbox 410 1230 2004 1302; baseline 0.006 -18"><span class='ocrx_word' id='word_1_65' title='bbox 410 1230 525 1295; x_wconf 76' lang='grc' dir='ltr'>θὼς</span> <span class='ocrx_word' id='word_1_66' title='bbox 550 1231 650 1284; x_wconf 73' lang='grc' dir='ltr'><strong>καὶ</strong></span> <span class='ocrx_word' id='word_1_67' title='bbox 679 1232 751 1284; x_wconf 78' lang='grc' dir='ltr'>ἐν</span> <span class='ocrx_word' id='word_1_68' title='bbox 779 1231 963 1301; x_wconf 76' lang='grc' dir='ltr'>ἑτέρῳ</span> <span class='ocrx_word' id='word_1_69' title='bbox 1001 1230 1188 1300; x_wconf 72' lang='grc' dir='ltr'>λέγει’</span> <span class='ocrx_word' id='word_1_70' title='bbox 1225 1233 1309 1288; x_wconf 83' lang='grc' dir='ltr'><strong>Σὺ</strong></span> <span class='ocrx_word' id='word_1_71' title='bbox 1346 1235 1540 1302; x_wconf 77' lang='grc' dir='ltr'>Ιερεὺς</span> <span class='ocrx_word' id='word_1_72' title='bbox 1566 1239 1655 1302; x_wconf 76' lang='grc' dir='ltr'><strong>εις</strong></span> <span class='ocrx_word' id='word_1_73' title='bbox 1682 1236 1790 1291; x_wconf 72' lang='grc' dir='ltr'>τὸν</span> <span class='ocrx_word' id='word_1_74' title='bbox 1819 1237 2004 1294; x_wconf 78' lang='grc' dir='ltr'>αἰῶνα</span> 
     </span>
    </p>
   </div>
   <div class='ocr_carea' id='block_1_12' title="bbox 414 1322 2004 1401">
    <p class='ocr_par' dir='ltr' id='par_1_12' title="bbox 414 1322 2004 1401">
     <span class='ocr_line' id='line_1_12' title="bbox 414 1322 2004 1401; baseline 0.006 -26"><span class='ocrx_word' id='word_1_75' title='bbox 414 1322 561 1376; x_wconf 75' lang='grc' dir='ltr'>κατὰ</span> <span class='ocrx_word' id='word_1_76' title='bbox 631 1323 748 1391; x_wconf 74' lang='grc' dir='ltr'><strong>τὴν</strong></span> <span class='ocrx_word' id='word_1_77' title='bbox 809 1323 988 1389; x_wconf 75' lang='grc' dir='ltr'>τάξιν</span> <span class='ocrx_word' id='word_1_78' title='bbox 1047 1326 1450 1394; x_wconf 63' lang='grc' dir='ltr'>Μελχισεδέκ.</span> <span class='ocrx_word' id='word_1_79' title='bbox 1486 1327 1667 1399; x_wconf 82' lang='grc' dir='ltr'>Ὅπερ</span> <span class='ocrx_word' id='word_1_80' title='bbox 1707 1330 2004 1401; x_wconf 75' lang='grc' dir='ltr'>ἁΧριστὸς</span> 
     </span>
    </p>
   </div>
   <div class='ocr_carea' id='block_1_13' title="bbox 413 1413 2002 1489">
    <p class='ocr_par' dir='ltr' id='par_1_13' title="bbox 413 1413 2002 1489">
     <span class='ocr_line' id='line_1_13' title="bbox 413 1413 2002 1489; baseline 0.008 -25"><span class='ocrx_word' id='word_1_81' title='bbox 413 1413 694 1486; x_wconf 72' lang='grc' dir='ltr'>πιντ;χοῦ</span> <span class='ocrx_word' id='word_1_82' title='bbox 738 1413 947 1484; x_wconf 71' lang='grc' dir='ltr'>ἔλεγεν,</span> <span class='ocrx_word' id='word_1_83' title='bbox 1007 1417 1093 1470; x_wconf 80' lang='grc' dir='ltr'>ὅτι</span> <span class='ocrx_word' id='word_1_84' title='bbox 1138 1417 1520 1486; x_wconf 71' lang='grc' dir='ltr'>Ἀπεστάλην</span> <span class='ocrx_word' id='word_1_85' title='bbox 1549 1424 1709 1489; x_wconf 80' lang='grc' dir='ltr'>παρὰ</span> <span class='ocrx_word' id='word_1_86' title='bbox 1737 1422 1845 1476; x_wconf 82' lang='grc' dir='ltr'><strong>τοῦ</strong></span> <span class='ocrx_word' id='word_1_87' title='bbox 1884 1420 2002 1478; x_wconf 78' lang='grc' dir='ltr'><strong>Πὰ-</strong></span> 
     </span>
    </p>
   </div>
   <div class='ocr_carea' id='block_1_14' title="bbox 407 1506 2001 1583">
    <p class='ocr_par' dir='ltr' id='par_1_14' title="bbox 407 1506 2001 1583">
     <span class='ocr_line' id='line_1_14' title="bbox 407 1506 2001 1583; baseline 0.009 -27"><span class='ocrx_word' id='word_1_88' title='bbox 407 1506 573 1572; x_wconf 71' lang='grc' dir='ltr'>τρὲς,</span> <span class='ocrx_word' id='word_1_89' title='bbox 606 1509 701 1560; x_wconf 66' lang='grc' dir='ltr'>καὶ</span> <span class='ocrx_word' id='word_1_90' title='bbox 721 1507 819 1561; x_wconf 75' lang='grc' dir='ltr'><strong>ἀπ’</strong></span> <span class='ocrx_word' id='word_1_91' title='bbox 846 1509 1087 1579; x_wconf 77' lang='grc' dir='ltr'>ἐμαυτοῦ</span> <span class='ocrx_word' id='word_1_92' title='bbox 1119 1511 1221 1572; x_wconf 68' lang='grc' dir='ltr'>οζικ</span> <span class='ocrx_word' id='word_1_93' title='bbox 1244 1510 1501 1583; x_wconf 77' lang='grc' dir='ltr'>ἐλήλυθα,</span> <span class='ocrx_word' id='word_1_94' title='bbox 1540 1514 1699 1568; x_wconf 82' lang='grc' dir='ltr'>τοῦτο</span> <span class='ocrx_word' id='word_1_95' title='bbox 1731 1516 1826 1569; x_wconf 74' lang='grc' dir='ltr'><strong>καὶ</strong></span> <span class='ocrx_word' id='word_1_96' title='bbox 1852 1517 2001 1570; x_wconf 81' lang='grc' dir='ltr'>Παῦ-</span> 
     </span>
    </p>
   </div>
   <div class='ocr_carea' id='block_1_15' title="bbox 406 1598 2000 1673">
    <p class='ocr_par' dir='ltr' id='par_1_15' title="bbox 406 1598 2000 1673">
     <span class='ocr_line' id='line_1_15' title="bbox 406 1598 2000 1673; baseline 0.006 -20"><span class='ocrx_word' id='word_1_97' title='bbox 406 1601 500 1662; x_wconf 82' lang='grc' dir='ltr'><strong>λος</strong></span> <span class='ocrx_word' id='word_1_98' title='bbox 534 1599 632 1652; x_wconf 87' lang='grc' dir='ltr'><strong>νῦν</strong></span> <span class='ocrx_word' id='word_1_99' title='bbox 681 1598 977 1663; x_wconf 78' lang='grc' dir='ltr'>δείκνυσιν,</span> <span class='ocrx_word' id='word_1_100' title='bbox 1033 1601 1115 1655; x_wconf 78' lang='grc' dir='ltr'><strong>ὅτι</strong></span> <span class='ocrx_word' id='word_1_101' title='bbox 1146 1603 1256 1657; x_wconf 80' lang='grc' dir='ltr'><strong>ἀπὸ</strong></span> <span class='ocrx_word' id='word_1_102' title='bbox 1290 1603 1428 1657; x_wconf 74' lang='grc' dir='ltr'>Θεοῦ</span> <span class='ocrx_word' id='word_1_103' title='bbox 1469 1606 1830 1673; x_wconf 72' lang='grc' dir='ltr'><strong>ἀπέσταλται,</strong></span> <span class='ocrx_word' id='word_1_104' title='bbox 1902 1610 2000 1662; x_wconf 72' lang='grc' dir='ltr'>καὶ</span> 
     </span>
    </p>
   </div>
   <div class='ocr_carea' id='block_1_16' title="bbox 404 1691 1996 1771">
    <p class='ocr_par' dir='ltr' id='par_1_16' title="bbox 404 1691 1996 1771">
     <span class='ocr_line' id='line_1_16' title="bbox 404 1691 1996 1771; baseline 0.005 -26"><span class='ocrx_word' id='word_1_105' title='bbox 404 1692 511 1745; x_wconf 66' lang='grc' dir='ltr'><strong>οὐκ</strong></span> <span class='ocrx_word' id='word_1_106' title='bbox 567 1691 732 1756; x_wconf 76' lang='grc' dir='ltr'>αὐτὸς</span> <span class='ocrx_word' id='word_1_107' title='bbox 792 1692 1047 1758; x_wconf 68' lang='grc' dir='ltr'>ἐδόξασεν</span> <span class='ocrx_word' id='word_1_108' title='bbox 1108 1695 1293 1760; x_wconf 77' lang='grc' dir='ltr'>αὑτὸν,</span> <span class='ocrx_word' id='word_1_109' title='bbox 1344 1695 1464 1749; x_wconf 82' lang='grc' dir='ltr'>ἀλλ’</span> <span class='ocrx_word' id='word_1_110' title='bbox 1493 1700 1519 1750; x_wconf 89' lang='lat'><strong>6</strong></span> <span class='ocrx_word' id='word_1_111' title='bbox 1551 1698 1796 1770; x_wconf 76' lang='grc' dir='ltr'><strong>λαλήσας</strong></span> <span class='ocrx_word' id='word_1_112' title='bbox 1859 1701 1996 1771; x_wconf 80' lang='grc' dir='ltr'>πρὸς</span> 
     </span>
    </p>
   </div>
   <div class='ocr_carea' id='block_1_17' title="bbox 405 1781 2001 1858">
    <p class='ocr_par' dir='ltr' id='par_1_17' title="bbox 405 1781 2001 1858">
     <span class='ocr_line' id='line_1_17' title="bbox 405 1781 2001 1858; baseline 0.003 -23"><span class='ocrx_word' id='word_1_113' title='bbox 405 1782 604 1846; x_wconf 69' lang='grc' dir='ltr'>αὑτὸν,</span> <span class='ocrx_word' id='word_1_114' title='bbox 636 1781 938 1844; x_wconf 79' lang='grc' dir='ltr'><strong>τουτέστιν,</strong></span> <span class='ocrx_word' id='word_1_115' title='bbox 973 1784 1184 1848; x_wconf 78' lang='grc' dir='ltr'>ἐκεῖνος</span> <span class='ocrx_word' id='word_1_116' title='bbox 1209 1782 1463 1848; x_wconf 72' lang='grc' dir='ltr'>ἐδόξασεν</span> <span class='ocrx_word' id='word_1_117' title='bbox 1487 1785 1675 1840; x_wconf 63' lang='grc' dir='ltr'><strong>αδτόν⁸</strong></span> <span class='ocrx_word' id='word_1_118' title='bbox 1704 1786 1867 1840; x_wconf 85' lang='grc' dir='ltr'>τοῦτο</span> <span class='ocrx_word' id='word_1_119' title='bbox 1891 1790 2001 1858; x_wconf 74' lang='grc' dir='ltr'>γὰρ</span> 
     </span>
    </p>
   </div>
   <div class='ocr_carea' id='block_1_18' title="bbox 404 1872 2001 1949">
    <p class='ocr_par' dir='ltr' id='par_1_18' title="bbox 404 1872 2001 1949">
     <span class='ocr_line' id='line_1_18' title="bbox 404 1872 2001 1949; baseline 0.004 -24"><span class='ocrx_word' id='word_1_120' title='bbox 404 1872 566 1940; x_wconf 75' lang='grc' dir='ltr'>δέξαι</span> <span class='ocrx_word' id='word_1_121' title='bbox 596 1873 736 1927; x_wconf 80' lang='grc' dir='ltr'><strong>κατά</strong></span> <span class='ocrx_word' id='word_1_122' title='bbox 775 1873 982 1929; x_wconf 80' lang='grc' dir='ltr'>κοινοῦ.</span> <span class='ocrx_word' id='word_1_123' title='bbox 1031 1874 1181 1929; x_wconf 67' lang='grc' dir='ltr'>Ἐπεὶ</span> <span class='ocrx_word' id='word_1_124' title='bbox 1212 1875 1308 1930; x_wconf 79' lang='grc' dir='ltr'><strong>οῦν</strong></span> <span class='ocrx_word' id='word_1_125' title='bbox 1335 1879 1363 1931; x_wconf 93' lang='lat'><strong>6</strong></span> <span class='ocrx_word' id='word_1_126' title='bbox 1397 1878 1537 1948; x_wconf 71' lang='grc' dir='ltr'>μετὰ</span> <span class='ocrx_word' id='word_1_127' title='bbox 1580 1878 1793 1949; x_wconf 79' lang='grc' dir='ltr'>Ἀαρὼν</span> <span class='ocrx_word' id='word_1_128' title='bbox 1828 1879 2001 1933; x_wconf 73' lang='grc' dir='ltr'>πολλὰ</span> 
     </span>
    </p>
   </div>
   <div class='ocr_carea' id='block_1_19' title="bbox 2117 684 3699 757">
    <p class='ocr_par' dir='ltr' id='par_1_19' title="bbox 2117 684 3699 757">
     <span class='ocr_line' id='line_1_19' title="bbox 2117 684 3699 757; baseline 0.012 -23"><span class='ocrx_word' id='word_1_129' title='bbox 2117 691 2612 738; x_wconf 85' lang='lat' dir='ltr'><strong>commonstratum</strong></span> <span class='ocrx_word' id='word_1_130' title='bbox 2661 696 2747 741; x_wconf 88' lang='lat' dir='ltr'><strong>est</strong></span> <span class='ocrx_word' id='word_1_131' title='bbox 2788 687 2936 757; x_wconf 91' lang='lat' dir='ltr'><strong>quod</strong></span> <span class='ocrx_word' id='word_1_132' title='bbox 2989 684 3258 749; x_wconf 75' lang='lat' dir='ltr'><strong>divinitus</strong></span> <span class='ocrx_word' id='word_1_133' title='bbox 3299 695 3504 749; x_wconf 72' lang='lat' dir='ltr'><strong>niisSus</strong></span> <span class='ocrx_word' id='word_1_134' title='bbox 3534 705 3699 753; x_wconf 89' lang='lat' dir='ltr'><strong>erat:</strong></span> 
     </span>
    </p>
   </div>
   <div class='ocr_carea' id='block_1_20' title="bbox 2113 766 3704 860">
    <p class='ocr_par' dir='ltr' id='par_1_20' title="bbox 2113 766 3704 860">
     <span class='ocr_line' id='line_1_20' title="bbox 2113 766 3704 860; baseline 0.012 -35"><span class='ocrx_word' id='word_1_135' title='bbox 2113 780 2166 825; x_wconf 86' lang='lat' dir='ltr'><strong>et</strong></span> <span class='ocrx_word' id='word_1_136' title='bbox 2198 766 2421 840; x_wconf 84' lang='lat' dir='ltr'><strong>quando</strong></span> <span class='ocrx_word' id='word_1_137' title='bbox 2456 775 2598 845; x_wconf 77' lang='lat' dir='ltr'><strong>ignis</strong></span> <span class='ocrx_word' id='word_1_138' title='bbox 2635 777 2922 835; x_wconf 78' lang='lat' dir='ltr'><strong>devoravit</strong></span> <span class='ocrx_word' id='word_1_139' title='bbox 2952 796 3046 837; x_wconf 88' lang='lat' dir='ltr'><strong>eos</strong></span> <span class='ocrx_word' id='word_1_140' title='bbox 3086 784 3191 853; x_wconf 85' lang='lat' dir='ltr'><strong>qul‘</strong></span> <span class='ocrx_word' id='word_1_141' title='bbox 3207 787 3575 843; x_wconf 71' lang='lat' dir='ltr'><strong>sacerdotium</strong></span> <span class='ocrx_word' id='word_1_142' title='bbox 3607 805 3704 860; x_wconf 88' lang='lat' dir='ltr'><strong>per</strong></span> 
     </span>
    </p>
   </div>
   <div class='ocr_carea' id='block_1_21' title="bbox 2116 864 2572 923">
    <p class='ocr_par' dir='ltr' id='par_1_21' title="bbox 2116 864 2572 923">
     <span class='ocr_line' id='line_1_21' title="bbox 2116 864 2572 923; baseline 0.004 -4"><span class='ocrx_word' id='word_1_143' title='bbox 2116 880 2175 919; x_wconf 88' lang='lat' dir='ltr'><strong>se</strong></span> <span class='ocrx_word' id='word_1_144' title='bbox 2215 864 2572 923; x_wconf 73' lang='lat' dir='ltr'><strong>invasissent.</strong></span> 
     </span>
    </p>
   </div>
   <div class='ocr_carea' id='block_1_22' title="bbox 2186 956 3702 1044">
    <p class='ocr_par' dir='ltr' id='par_1_22' title="bbox 2186 956 3702 1044">
     <span class='ocr_line' id='line_1_22' title="bbox 2186 956 3702 1044; baseline 0.015 -37"><span class='ocrx_word' id='word_1_145' title='bbox 2186 956 2351 1012; x_wconf 69' lang='lat' dir='ltr'><strong>Vens.</strong></span> <span class='ocrx_word' id='word_1_146' title='bbox 2379 960 2431 1020; x_wconf 75' lang='lat'><strong>5,</strong></span> <span class='ocrx_word' id='word_1_147' title='bbox 2466 960 2517 1015; x_wconf 87' lang='lat'><strong>6.</strong></span> <span class='ocrx_word' id='word_1_148' title='bbox 2564 961 2651 1015; x_wconf 85' lang='lat' dir='ltr'><strong>Sic</strong></span> <span class='ocrx_word' id='word_1_149' title='bbox 2688 972 2739 1015; x_wconf 83' lang='lat' dir='ltr'><strong>et</strong></span> <span class='ocrx_word' id='word_1_150' title='bbox 2779 963 3018 1020; x_wconf 78' lang='lat' dir='ltr'><strong>Christus</strong></span> <span class='ocrx_word' id='word_1_151' title='bbox 3052 970 3152 1022; x_wconf 80' lang='lat' dir='ltr'><strong>non</strong></span> <span class='ocrx_word' id='word_1_152' title='bbox 3178 968 3406 1038; x_wconf 75' lang='lat' dir='ltr'><strong>&#39;seipsunt</strong></span> <span class='ocrx_word' id='word_1_153' title='bbox 3430 971 3702 1044; x_wconf 83' lang='lat' dir='ltr'><strong>gloriﬁca-</strong></span> 
     </span>
    </p>
   </div>
   <div class='ocr_carea' id='block_1_23' title="bbox 2113 1044 3699 1132">
    <p class='ocr_par' dir='ltr' id='par_1_23' title="bbox 2113 1044 3699 1132">
     <span class='ocr_line' id='line_1_23' title="bbox 2113 1044 3699 1132; baseline 0.015 -36"><span class='ocrx_word' id='word_1_154' title='bbox 2113 1044 2185 1097; x_wconf 78' lang='grc' dir='ltr'>ιοὶι</span> <span class='ocrx_word' id='word_1_155' title='bbox 2213 1045 2437 1113; x_wconf 78' lang='lat' dir='ltr'><strong>utﬁeret</strong></span> <span class='ocrx_word' id='word_1_156' title='bbox 2473 1048 2744 1120; x_wconf 75' lang='lat' dir='ltr'><strong>Pantifex,</strong></span> <span class='ocrx_word' id='word_1_157' title='bbox 2775 1050 2867 1107; x_wconf 81' lang='lat' dir='ltr'><strong>sed</strong></span> <span class='ocrx_word' id='word_1_158' title='bbox 2902 1056 3227 1126; x_wconf 63' lang='lat' dir='ltr'><strong>qtti&#39;locutus</strong></span> <span class='ocrx_word' id='word_1_159' title='bbox 3260 1072 3339 1114; x_wconf 81' lang='lat' dir='ltr'><strong>est</strong></span> <span class='ocrx_word' id='word_1_160' title='bbox 3379 1063 3448 1116; x_wconf 84' lang='lat' dir='ltr'><strong>ad</strong></span> <span class='ocrx_word' id='word_1_161' title='bbox 3473 1064 3643 1132; x_wconf 81' lang='lat' dir='ltr'><strong>ipsum</strong></span> <span class='ocrx_word' id='word_1_162' title='bbox 3680 1080 3699 1119; x_wconf 90' lang='lat'><strong><em>:</em></strong></span> 
     </span>
    </p>
   </div>
   <div class='ocr_carea' id='block_1_24' title="bbox 2116 1134 3700 1221">
    <p class='ocr_par' dir='ltr' id='par_1_24' title="bbox 2116 1134 3700 1221">
     <span class='ocr_line' id='line_1_24' title="bbox 2116 1134 3700 1221; baseline 0.016 -33"><span class='ocrx_word' id='word_1_163' title='bbox 2116 1134 2289 1192; x_wconf 79' lang='lat' dir='ltr'><strong>Filius</strong></span> <span class='ocrx_word' id='word_1_164' title='bbox 2321 1157 2467 1195; x_wconf 76' lang='lat' dir='ltr'><strong>meus</strong></span> <span class='ocrx_word' id='word_1_165' title='bbox 2492 1157 2544 1196; x_wconf 80' lang='lat' dir='ltr'><strong>es</strong></span> <span class='ocrx_word' id='word_1_166' title='bbox 2603 1154 2679 1209; x_wconf 84' lang='lat' dir='ltr'><strong>tu,</strong></span> <span class='ocrx_word' id='word_1_167' title='bbox 2704 1164 2798 1217; x_wconf 77' lang='lat' dir='ltr'><strong>ego</strong></span> <span class='ocrx_word' id='word_1_168' title='bbox 2840 1147 2996 1203; x_wconf 82' lang='lat' dir='ltr'><strong><em>hodie</em></strong></span> <span class='ocrx_word' id='word_1_169' title='bbox 3023 1153 3180 1220; x_wconf 80' lang='lat' dir='ltr'><strong>genui</strong></span> <span class='ocrx_word' id='word_1_170' title='bbox 3233 1162 3301 1210; x_wconf 79' lang='lat' dir='ltr'><strong>te.</strong></span> <span class='ocrx_word' id='word_1_171' title='bbox 3341 1154 3700 1221; x_wconf 81' lang='lat' dir='ltr'><strong>Quemadmo-</strong></span> 
     </span>
    </p>
   </div>
   <div class='ocr_carea' id='block_1_25' title="bbox 2112 1229 3700 1307">
    <p class='ocr_par' dir='ltr' id='par_1_25' title="bbox 2112 1229 3700 1307">
     <span class='ocr_line' id='line_1_25' title="bbox 2112 1229 3700 1307; baseline 0.014 -25"><span class='ocrx_word' id='word_1_172' title='bbox 2112 1229 2238 1283; x_wconf 84' lang='lat' dir='ltr'><strong>dum</strong></span> <span class='ocrx_word' id='word_1_173' title='bbox 2269 1241 2321 1284; x_wconf 79' lang='lat' dir='ltr'><strong>et</strong></span> <span class='ocrx_word' id='word_1_174' title='bbox 2350 1233 2405 1286; x_wconf 68' lang='grc' dir='ltr'><strong>ἰή</strong></span> <span class='ocrx_word' id='word_1_175' title='bbox 2637 1238 2745 1292; x_wconf 78' lang='lat' dir='ltr'><strong>alio</strong></span> <span class='ocrx_word' id='word_1_176' title='bbox 2783 1239 2898 1295; x_wconf 85' lang='lat' dir='ltr'><strong>loco</strong></span> <span class='ocrx_word' id='word_1_177' title='bbox 2940 1244 3069 1297; x_wconf 81' lang='lat' dir='ltr'><strong>dicit</strong></span> <span class='ocrx_word' id='word_1_178' title='bbox 3107 1263 3124 1299; x_wconf 93' lang='lat'><strong><em>:</em></strong></span> <span class='ocrx_word' id='word_1_179' title='bbox 3163 1244 3240 1300; x_wconf 86' lang='lat' dir='ltr'><strong>Tu</strong></span> <span class='ocrx_word' id='word_1_180' title='bbox 3278 1265 3331 1302; x_wconf 83' lang='lat' dir='ltr'><strong>es</strong></span> <span class='ocrx_word' id='word_1_181' title='bbox 3364 1248 3623 1305; x_wconf 77' lang='lat' dir='ltr'><strong>Sacerdos</strong></span> <span class='ocrx_word' id='word_1_182' title='bbox 3649 1252 3700 1305; x_wconf 78' lang='lat' dir='ltr'><strong>in</strong></span> 
     </span>
    </p>
   </div>
   <div class='ocr_carea' id='block_1_26' title="bbox 2114 1329 3701 1410">
    <p class='ocr_par' dir='ltr' id='par_1_26' title="bbox 2114 1329 3701 1410">
     <span class='ocr_line' id='line_1_26' title="bbox 2114 1329 3701 1410; baseline 0.012 -32"><span class='ocrx_word' id='word_1_183' title='bbox 2114 1334 2370 1378; x_wconf 64' lang='lat' dir='ltr'><strong>aeternum</strong></span> <span class='ocrx_word' id='word_1_184' title='bbox 2430 1329 2719 1383; x_wconf 80' lang='lat' dir='ltr'><strong>secundum</strong></span> <span class='ocrx_word' id='word_1_185' title='bbox 2795 1336 3034 1388; x_wconf 77' lang='lat' dir='ltr'><strong>ordinem</strong></span> <span class='ocrx_word' id='word_1_186' title='bbox 3110 1336 3479 1397; x_wconf 76' lang='lat' dir='ltr'><strong>Melchisedec.</strong></span> <span class='ocrx_word' id='word_1_187' title='bbox 3543 1342 3701 1410; x_wconf 84' lang='lat' dir='ltr'><strong>Quod</strong></span> 
     </span>
    </p>
   </div>
   <div class='ocr_carea' id='block_1_27' title="bbox 2111 1416 3699 1499">
    <p class='ocr_par' dir='ltr' id='par_1_27' title="bbox 2111 1416 3699 1499">
     <span class='ocr_line' id='line_1_27' title="bbox 2111 1416 3699 1499; baseline 0.013 -30"><span class='ocrx_word' id='word_1_188' title='bbox 2111 1416 2362 1474; x_wconf 75' lang='lat' dir='ltr'><strong>Christus</strong></span> <span class='ocrx_word' id='word_1_189' title='bbox 2395 1422 2598 1490; x_wconf 84' lang='lat' dir='ltr'><strong>passim</strong></span> <span class='ocrx_word' id='word_1_190' title='bbox 2625 1422 2842 1480; x_wconf 86' lang='lat' dir='ltr'><strong>dicebat</strong></span> <span class='ocrx_word' id='word_1_191' title='bbox 2877 1443 2890 1480; x_wconf 91' lang='lat'>:</span> <span class='ocrx_word' id='word_1_192' title='bbox 2921 1427 3123 1483; x_wconf 70' lang='lat' dir='ltr'><strong>Missus</strong></span> <span class='ocrx_word' id='word_1_193' title='bbox 3153 1447 3269 1484; x_wconf 78' lang='lat' dir='ltr'><strong>sum</strong></span> <span class='ocrx_word' id='word_1_194' title='bbox 3303 1449 3336 1485; x_wconf 91' lang='lat' dir='ltr'><strong>a</strong></span> <span class='ocrx_word' id='word_1_195' title='bbox 3375 1432 3558 1499; x_wconf 86' lang='lat' dir='ltr'><strong>Patre,</strong></span> <span class='ocrx_word' id='word_1_196' title='bbox 3592 1445 3646 1489; x_wconf 89' lang='lat' dir='ltr'><strong>et</strong></span> <span class='ocrx_word' id='word_1_197' title='bbox 3671 1452 3699 1489; x_wconf 88' lang='lat' dir='ltr'><strong>a</strong></span> 
     </span>
    </p>
   </div>
   <div class='ocr_carea' id='block_1_28' title="bbox 2112 1510 3701 1596">
    <p class='ocr_par' dir='ltr' id='par_1_28' title="bbox 2112 1510 3701 1596">
     <span class='ocr_line' id='line_1_28' title="bbox 2112 1510 3701 1596; baseline 0.01 -32"><span class='ocrx_word' id='word_1_198' title='bbox 2112 1510 2323 1581; x_wconf 84' lang='lat' dir='ltr'><strong>meipso</strong></span> <span class='ocrx_word' id='word_1_199' title='bbox 2360 1527 2467 1567; x_wconf 90' lang='lat' dir='ltr'><strong>non</strong></span> <span class='ocrx_word' id='word_1_200' title='bbox 2504 1514 2652 1581; x_wconf 82' lang='lat' dir='ltr'><strong>veni,</strong></span> <span class='ocrx_word' id='word_1_201' title='bbox 2685 1518 2789 1572; x_wconf 90' lang='lat' dir='ltr'><strong>hoc</strong></span> <span class='ocrx_word' id='word_1_202' title='bbox 2812 1529 2863 1573; x_wconf 92' lang='lat' dir='ltr'><strong>et</strong></span> <span class='ocrx_word' id='word_1_203' title='bbox 2890 1517 3094 1576; x_wconf 78' lang='lat' dir='ltr'><strong>Paulus</strong></span> <span class='ocrx_word' id='word_1_204' title='bbox 3127 1540 3272 1578; x_wconf 88' lang='lat' dir='ltr'><strong>nunc</strong></span> <span class='ocrx_word' id='word_1_205' title='bbox 3296 1524 3521 1592; x_wconf 85' lang='lat' dir='ltr'><strong>iudicat,</strong></span> <span class='ocrx_word' id='word_1_206' title='bbox 3554 1531 3701 1596; x_wconf 73' lang='lat' dir='ltr'><strong>quod</strong></span> 
     </span>
    </p>
   </div>
   <div class='ocr_carea' id='block_1_29' title="bbox 2110 1599 3701 1685">
    <p class='ocr_par' dir='ltr' id='par_1_29' title="bbox 2110 1599 3701 1685">
     <span class='ocr_line' id='line_1_29' title="bbox 2110 1599 3701 1685; baseline 0.012 -32"><span class='ocrx_word' id='word_1_207' title='bbox 2110 1614 2140 1653; x_wconf 86' lang='lat' dir='ltr'><strong>a</strong></span> <span class='ocrx_word' id='word_1_208' title='bbox 2173 1599 2284 1655; x_wconf 80' lang='lat' dir='ltr'><strong>Deo</strong></span> <span class='ocrx_word' id='word_1_209' title='bbox 2308 1603 2512 1660; x_wconf 87' lang='lat' dir='ltr'><strong>missus</strong></span> <span class='ocrx_word' id='word_1_210' title='bbox 2536 1605 2607 1659; x_wconf 88' lang='lat' dir='ltr'><strong>sit</strong></span> <span class='ocrx_word' id='word_1_211' title='bbox 2635 1622 2648 1659; x_wconf 91' lang='lat'>:</span> <span class='ocrx_word' id='word_1_212' title='bbox 2683 1621 2783 1661; x_wconf 88' lang='lat' dir='ltr'><strong>nec</strong></span> <span class='ocrx_word' id='word_1_213' title='bbox 2813 1608 2929 1678; x_wconf 84' lang='lat' dir='ltr'><strong>ipse</strong></span> <span class='ocrx_word' id='word_1_214' title='bbox 2956 1611 3279 1680; x_wconf 73' lang='lat' dir='ltr'><strong>gloriﬁcavit</strong></span> <span class='ocrx_word' id='word_1_215' title='bbox 3310 1618 3574 1685; x_wconf 87' lang='lat' dir='ltr'><strong>seipsum,</strong></span> <span class='ocrx_word' id='word_1_216' title='bbox 3603 1618 3701 1672; x_wconf 75' lang='lat' dir='ltr'><strong>sed</strong></span> 
     </span>
    </p>
   </div>
   <div class='ocr_carea' id='block_1_30' title="bbox 2109 1693 3701 1779">
    <p class='ocr_par' dir='ltr' id='par_1_30' title="bbox 2109 1693 3701 1779">
     <span class='ocr_line' id='line_1_30' title="bbox 2109 1693 3701 1779; baseline 0.013 -36"><span class='ocrx_word' id='word_1_217' title='bbox 2109 1693 2201 1762; x_wconf 86' lang='lat' dir='ltr'><strong>qui</strong></span> <span class='ocrx_word' id='word_1_218' title='bbox 2236 1694 2452 1752; x_wconf 90' lang='lat' dir='ltr'><strong>locutus</strong></span> <span class='ocrx_word' id='word_1_219' title='bbox 2508 1708 2592 1754; x_wconf 87' lang='lat' dir='ltr'><strong>est</strong></span> <span class='ocrx_word' id='word_1_220' title='bbox 2643 1700 2708 1755; x_wconf 89' lang='lat' dir='ltr'><strong>ad</strong></span> <span class='ocrx_word' id='word_1_221' title='bbox 2738 1717 2901 1769; x_wconf 89' lang='lat' dir='ltr'><strong>eum,</strong></span> <span class='ocrx_word' id='word_1_222' title='bbox 2953 1703 3057 1758; x_wconf 82' lang='lat' dir='ltr'><strong>hoc</strong></span> <span class='ocrx_word' id='word_1_223' title='bbox 3102 1712 3204 1770; x_wconf 78' lang='lat' dir='ltr'><strong>est,</strong></span> <span class='ocrx_word' id='word_1_224' title='bbox 3251 1706 3340 1762; x_wconf 83' lang='lat' dir='ltr'><strong>ille</strong></span> <span class='ocrx_word' id='word_1_225' title='bbox 3378 1708 3701 1779; x_wconf 74' lang='lat' dir='ltr'><strong>glorificavit</strong></span> 
     </span>
    </p>
   </div>
   <div class='ocr_carea' id='block_1_31' title="bbox 2106 1788 3699 1873">
    <p class='ocr_par' dir='ltr' id='par_1_31' title="bbox 2106 1788 3699 1873">
     <span class='ocr_line' id='line_1_31' title="bbox 2106 1788 3699 1873; baseline 0.011 -34"><span class='ocrx_word' id='word_1_226' title='bbox 2106 1799 2233 1839; x_wconf 87' lang='lat' dir='ltr'><strong>eum</strong></span> <span class='ocrx_word' id='word_1_227' title='bbox 2274 1805 2286 1840; x_wconf 91' lang='lat'>:</span> <span class='ocrx_word' id='word_1_228' title='bbox 2327 1788 2434 1843; x_wconf 92' lang='lat' dir='ltr'><strong>hoc</strong></span> <span class='ocrx_word' id='word_1_229' title='bbox 2459 1790 2605 1845; x_wconf 88' lang='lat' dir='ltr'><strong>enim</strong></span> <span class='ocrx_word' id='word_1_230' title='bbox 2641 1800 2725 1848; x_wconf 90' lang='lat' dir='ltr'><strong>est</strong></span> <span class='ocrx_word' id='word_1_231' title='bbox 2748 1799 3129 1864; x_wconf 81' lang='lat' dir='ltr'><strong>repetendum.</strong></span> <span class='ocrx_word' id='word_1_232' title='bbox 3155 1798 3293 1866; x_wconf 85' lang='lat' dir='ltr'><strong>Quia</strong></span> <span class='ocrx_word' id='word_1_233' title='bbox 3321 1801 3488 1873; x_wconf 81' lang='lat' dir='ltr'><strong>igitur</strong></span> <span class='ocrx_word' id='word_1_234' title='bbox 3515 1806 3699 1858; x_wconf 84' lang='lat' dir='ltr'><strong>Aaron</strong></span> 
     </span>
    </p>
   </div>
   <div class='ocr_carea' id='block_1_32' title="bbox 2110 1878 3702 1962">
    <p class='ocr_par' dir='ltr' id='par_1_32' title="bbox 2110 1878 3702 1962">
     <span class='ocr_line' id='line_1_32' title="bbox 2110 1878 3702 1962; baseline 0.013 -33"><span class='ocrx_word' id='word_1_235' title='bbox 2110 1878 2279 1932; x_wconf 87' lang='lat' dir='ltr'><strong>multa</strong></span> <span class='ocrx_word' id='word_1_236' title='bbox 2314 1879 2518 1936; x_wconf 87' lang='lat' dir='ltr'><strong>indicia</strong></span> <span class='ocrx_word' id='word_1_237' title='bbox 2570 1883 2854 1939; x_wconf 84' lang='lat' dir='ltr'><strong>sensibilia</strong></span> <span class='ocrx_word' id='word_1_238' title='bbox 2899 1886 3133 1944; x_wconf 84' lang='lat' dir='ltr'><strong>habebat</strong></span> <span class='ocrx_word' id='word_1_239' title='bbox 3166 1891 3313 1962; x_wconf 91' lang='lat' dir='ltr'><strong>quod</strong></span> <span class='ocrx_word' id='word_1_240' title='bbox 3349 1908 3375 1946; x_wconf 89' lang='lat' dir='ltr'><strong>a</strong></span> <span class='ocrx_word' id='word_1_241' title='bbox 3424 1894 3535 1949; x_wconf 91' lang='lat' dir='ltr'><strong>Deo</strong></span> <span class='ocrx_word' id='word_1_242' title='bbox 3566 1895 3702 1950; x_wconf 86' lang='lat' dir='ltr'><strong>mis-</strong></span> 
     </span>
    </p>
   </div>
   <div class='ocr_carea' id='block_1_33' title="bbox 403 1960 2001 2042">
    <p class='ocr_par' dir='ltr' id='par_1_33' title="bbox 403 1960 2001 2039">
     <span class='ocr_line' id='line_1_33' title="bbox 403 1960 2001 2039; baseline 0.003 -21"><span class='ocrx_word' id='word_1_243' title='bbox 403 1965 695 2036; x_wconf 72' lang='grc' dir='ltr'>τεκμήρια</span> <span class='ocrx_word' id='word_1_244' title='bbox 719 1963 957 2036; x_wconf 72' lang='grc' dir='ltr'>αἰσθητᾶ</span> <span class='ocrx_word' id='word_1_245' title='bbox 973 1960 1090 2037; x_wconf 77' lang='grc' dir='ltr'>εἶχε</span> <span class='ocrx_word' id='word_1_246' title='bbox 1125 1967 1219 2020; x_wconf 85' lang='grc' dir='ltr'><strong>τοῦ</strong></span> <span class='ocrx_word' id='word_1_247' title='bbox 1238 1967 1638 2039; x_wconf 77' lang='grc' dir='ltr'>θεοπρόϐλητος</span> <span class='ocrx_word' id='word_1_248' title='bbox 1669 1965 1834 2035; x_wconf 79' lang='grc' dir='ltr'>εἶναι,</span> <span class='ocrx_word' id='word_1_249' title='bbox 1867 1969 2001 2023; x_wconf 72' lang='grc' dir='ltr'>καθδ</span> 
     </span>
    </p>
   </div>
   <div class='ocr_carea' id='block_1_34' title="bbox 2108 1960 3697 2042">
    <p class='ocr_par' dir='ltr' id='par_1_34' title="bbox 2108 1960 3697 2042">
     <span class='ocr_line' id='line_1_34' title="bbox 2108 1960 3697 2042; baseline 0.013 -21"><span class='ocrx_word' id='word_1_250' title='bbox 2108 1982 2199 2021; x_wconf 85' lang='lat' dir='ltr'><strong>sus</strong></span> <span class='ocrx_word' id='word_1_251' title='bbox 2231 1978 2411 2036; x_wconf 62' lang='grc' dir='ltr'>οδερι,</span> <span class='ocrx_word' id='word_1_252' title='bbox 2429 1981 2488 2026; x_wconf 86' lang='grc' dir='ltr'><strong>ιιι</strong></span> <span class='ocrx_word' id='word_1_253' title='bbox 2514 1973 2721 2029; x_wconf 89' lang='lat' dir='ltr'><strong>dictum</strong></span> <span class='ocrx_word' id='word_1_254' title='bbox 2751 1985 2859 2042; x_wconf 89' lang='lat' dir='ltr'><strong>est,</strong></span> <span class='ocrx_word' id='word_1_255' title='bbox 2887 1977 3147 2036; x_wconf 77' lang='lat' dir='ltr'><strong>Christus</strong></span> <span class='ocrx_word' id='word_1_256' title='bbox 3175 1960 3360 2038; x_wconf 83' lang='lat' dir='ltr'><strong>autem</strong></span> <span class='ocrx_word' id='word_1_257' title='bbox 3399 1986 3538 2040; x_wconf 82' lang='lat' dir='ltr'><strong>nihil</strong></span> <span class='ocrx_word' id='word_1_258' title='bbox 3570 2002 3697 2042; x_wconf 87' lang='lat' dir='ltr'><strong>sen-</strong></span> 
     </span>
    </p>
   </div>
   <div class='ocr_carea' id='block_1_35' title="bbox 406 2052 2003 2131">
    <p class='ocr_par' dir='ltr' id='par_1_35' title="bbox 406 2052 2003 2131">
     <span class='ocr_line' id='line_1_35' title="bbox 406 2052 2003 2131; baseline 0.001 -21"><span class='ocrx_word' id='word_1_259' title='bbox 406 2059 764 2128; x_wconf 76' lang='grc' dir='ltr'>προεξρηται,</span> <span class='ocrx_word' id='word_1_260' title='bbox 796 2057 825 2109; x_wconf 97' lang='lat'><strong>6</strong></span> <span class='ocrx_word' id='word_1_261' title='bbox 846 2056 904 2111; x_wconf 82' lang='grc' dir='ltr'>δὲ</span> <span class='ocrx_word' id='word_1_262' title='bbox 928 2059 1167 2129; x_wconf 79' lang='grc' dir='ltr'>Χριστὸς</span> <span class='ocrx_word' id='word_1_263' title='bbox 1200 2059 1353 2112; x_wconf 80' lang='grc' dir='ltr'>οὐδὲν</span> <span class='ocrx_word' id='word_1_264' title='bbox 1381 2059 1664 2129; x_wconf 77' lang='grc' dir='ltr'>αἰσθητὸν,</span> <span class='ocrx_word' id='word_1_265' title='bbox 1690 2052 1828 2114; x_wconf 69' lang='grc' dir='ltr'>οῗλλὰ</span> <span class='ocrx_word' id='word_1_266' title='bbox 1862 2061 2003 2131; x_wconf 64' lang='grc' dir='ltr'>μᾶλα</span> 
     </span>
    </p>
   </div>
   <div class='ocr_carea' id='block_1_36' title="bbox 404 2149 2000 2221">
    <p class='ocr_par' dir='ltr' id='par_1_36' title="bbox 404 2149 2000 2221">
     <span class='ocr_line' id='line_1_36' title="bbox 404 2149 2000 2221; baseline 0 -17"><span class='ocrx_word' id='word_1_267' title='bbox 404 2152 503 2205; x_wconf 81' lang='grc' dir='ltr'><strong>λον</strong></span> <span class='ocrx_word' id='word_1_268' title='bbox 525 2152 624 2204; x_wconf 80' lang='grc' dir='ltr'>καὶ</span> <span class='ocrx_word' id='word_1_269' title='bbox 654 2152 703 2204; x_wconf 78' lang='grc' dir='ltr'><strong>οἱ</strong></span> <span class='ocrx_word' id='word_1_270' title='bbox 736 2151 1155 2207; x_wconf 68' lang='grc' dir='ltr'><strong>ἐναντιωθέντες</strong></span> <span class='ocrx_word' id='word_1_271' title='bbox 1197 2149 1366 2221; x_wconf 78' lang='grc' dir='ltr'>αὐτῷ,</span> <span class='ocrx_word' id='word_1_272' title='bbox 1426 2154 1520 2205; x_wconf 76' lang='grc' dir='ltr'><strong>καὶ</strong></span> <span class='ocrx_word' id='word_1_273' title='bbox 1551 2152 2000 2217; x_wconf 81' lang='grc' dir='ltr'>ἀποκτείναντες,</span> 
     </span>
    </p>
   </div>
   <div class='ocr_carea' id='block_1_37' title="bbox 406 2240 2004 2317">
    <p class='ocr_par' dir='ltr' id='par_1_37' title="bbox 406 2240 2004 2317">
     <span class='ocr_line' id='line_1_37' title="bbox 406 2240 2004 2317; baseline 0.001 -20"><span class='ocrx_word' id='word_1_274' title='bbox 406 2247 548 2308; x_wconf 75' lang='grc' dir='ltr'>τὲως</span> <span class='ocrx_word' id='word_1_275' title='bbox 603 2242 950 2313; x_wconf 73' lang='grc' dir='ltr'>εὐδοκίμουν,</span> <span class='ocrx_word' id='word_1_276' title='bbox 997 2244 1092 2296; x_wconf 74' lang='grc' dir='ltr'><strong>καὶ</strong></span> <span class='ocrx_word' id='word_1_277' title='bbox 1125 2243 1302 2298; x_wconf 79' lang='grc' dir='ltr'>πάντα</span> <span class='ocrx_word' id='word_1_278' title='bbox 1336 2240 1474 2317; x_wconf 82' lang='grc' dir='ltr'>ἦγον</span> <span class='ocrx_word' id='word_1_279' title='bbox 1509 2246 1604 2298; x_wconf 73' lang='grc' dir='ltr'>καλ.</span> <span class='ocrx_word' id='word_1_280' title='bbox 1636 2245 1853 2316; x_wconf 69' lang='grc' dir='ltr'>ἔφερον,</span> <span class='ocrx_word' id='word_1_281' title='bbox 1896 2247 2004 2299; x_wconf 80' lang='grc' dir='ltr'>δεί-</span> 
     </span>
    </p>
   </div>
   <div class='ocr_carea' id='block_1_38' title="bbox 407 2334 2003 2410">
    <p class='ocr_par' dir='ltr' id='par_1_38' title="bbox 407 2334 2003 2410">
     <span class='ocr_line' id='line_1_38' title="bbox 407 2334 2003 2410; baseline 0.001 -22"><span class='ocrx_word' id='word_1_282' title='bbox 407 2351 578 2389; x_wconf 78' lang='grc' dir='ltr'>κνυσι</span> <span class='ocrx_word' id='word_1_283' title='bbox 622 2335 684 2390; x_wconf 73' lang='grc' dir='ltr'>τὸ</span> <span class='ocrx_word' id='word_1_284' title='bbox 722 2335 929 2405; x_wconf 79' lang='grc' dir='ltr'>μεῖξον,</span> <span class='ocrx_word' id='word_1_285' title='bbox 997 2334 1107 2389; x_wconf 74' lang='grc' dir='ltr'><strong>ἀπὸ</strong></span> <span class='ocrx_word' id='word_1_286' title='bbox 1149 2338 1495 2408; x_wconf 64' lang='grc' dir='ltr'>προφητείας</span> <span class='ocrx_word' id='word_1_287' title='bbox 1551 2337 2003 2410; x_wconf 77' lang='grc' dir='ltr'>μαρτυρούμενον</span> 
     </span>
    </p>
   </div>
   <div class='ocr_carea' id='block_1_39' title="bbox 408 2425 2003 2500">
    <p class='ocr_par' dir='ltr' id='par_1_39' title="bbox 408 2425 2003 2500">
     <span class='ocr_line' id='line_1_39' title="bbox 408 2425 2003 2500; baseline 0.001 -18"><span class='ocrx_word' id='word_1_288' title='bbox 408 2428 579 2482; x_wconf 70' lang='grc' dir='ltr'>αὕτδν</span> <span class='ocrx_word' id='word_1_289' title='bbox 601 2429 688 2482; x_wconf 74' lang='grc' dir='ltr'>ὅτι</span> <span class='ocrx_word' id='word_1_290' title='bbox 721 2425 1125 2498; x_wconf 67' lang='grc' dir='ltr'>θεοπρσῖϐλητὸς</span> <span class='ocrx_word' id='word_1_291' title='bbox 1181 2430 1320 2483; x_wconf 77' lang='grc' dir='ltr'>ἐστι.</span> <span class='ocrx_word' id='word_1_292' title='bbox 1390 2431 1550 2482; x_wconf 82' lang='grc' dir='ltr'>Δοκεῖ</span> <span class='ocrx_word' id='word_1_293' title='bbox 1566 2429 1622 2483; x_wconf 80' lang='grc' dir='ltr'>δὲ</span> <span class='ocrx_word' id='word_1_294' title='bbox 1657 2430 2003 2500; x_wconf 82' lang='grc' dir='ltr'>ἀνάρμοστος</span> 
     </span>
    </p>
   </div>
   <div class='ocr_carea' id='block_1_40' title="bbox 406 2516 2002 2590">
    <p class='ocr_par' dir='ltr' id='par_1_40' title="bbox 406 2516 2002 2590">
     <span class='ocr_line' id='line_1_40' title="bbox 406 2516 2002 2590; baseline -0.002 -18"><span class='ocrx_word' id='word_1_295' title='bbox 406 2516 554 2572; x_wconf 71' lang='grc' dir='ltr'>εἶναι</span> <span class='ocrx_word' id='word_1_296' title='bbox 589 2520 623 2589; x_wconf 80' lang='grc' dir='ltr'>ἡ</span> <span class='ocrx_word' id='word_1_297' title='bbox 646 2518 717 2571; x_wconf 66' lang='grc' dir='ltr'><strong>ἐκ</strong></span> <span class='ocrx_word' id='word_1_298' title='bbox 747 2516 841 2571; x_wconf 85' lang='grc' dir='ltr'><strong>τοῦ</strong></span> <span class='ocrx_word' id='word_1_299' title='bbox 885 2517 1145 2589; x_wconf 85' lang='grc' dir='ltr'>δευτέρου</span> <span class='ocrx_word' id='word_1_300' title='bbox 1172 2517 1389 2589; x_wconf 78' lang='grc' dir='ltr'>ψαλμοῦ</span> <span class='ocrx_word' id='word_1_301' title='bbox 1422 2517 1736 2590; x_wconf 72' lang='grc' dir='ltr'>προφητεία</span> <span class='ocrx_word' id='word_1_302' title='bbox 1775 2519 1912 2589; x_wconf 62' lang='grc' dir='ltr'>πρὸς</span> <span class='ocrx_word' id='word_1_303' title='bbox 1944 2519 2002 2569; x_wconf 74' lang='grc' dir='ltr'>τὸ</span> 
     </span>
    </p>
   </div>
   <div class='ocr_carea' id='block_1_41' title="bbox 406 2610 2001 2682">
    <p class='ocr_par' dir='ltr' id='par_1_41' title="bbox 406 2610 2001 2682">
     <span class='ocr_line' id='line_1_41' title="bbox 406 2610 2001 2682; baseline -0.002 -18"><span class='ocrx_word' id='word_1_304' title='bbox 406 2611 798 2682; x_wconf 74' lang='grc' dir='ltr'>προκείμενον.</span> <span class='ocrx_word' id='word_1_305' title='bbox 858 2610 1161 2681; x_wconf 76' lang='grc' dir='ltr'>Προῦκειτο</span> <span class='ocrx_word' id='word_1_306' title='bbox 1220 2610 1318 2682; x_wconf 83' lang='grc' dir='ltr'>μὲν</span> <span class='ocrx_word' id='word_1_307' title='bbox 1351 2613 1459 2681; x_wconf 64' lang='grc' dir='ltr'>γὰρ</span> <span class='ocrx_word' id='word_1_308' title='bbox 1516 2610 1790 2682; x_wconf 82' lang='grc' dir='ltr'>δήπουθεν</span> <span class='ocrx_word' id='word_1_309' title='bbox 1864 2612 2001 2663; x_wconf 82' lang='grc' dir='ltr'>ἁπο-</span> 
     </span>
    </p>
   </div>
   <div class='ocr_carea' id='block_1_42' title="bbox 402 2701 2005 2776">
    <p class='ocr_par' dir='ltr' id='par_1_42' title="bbox 402 2701 2005 2776">
     <span class='ocr_line' id='line_1_42' title="bbox 402 2701 2005 2776; baseline -0.001 -18"><span class='ocrx_word' id='word_1_310' title='bbox 402 2703 691 2774; x_wconf 72' lang='grc' dir='ltr'>ὄειχθῆνιι</span> <span class='ocrx_word' id='word_1_311' title='bbox 725 2702 1127 2773; x_wconf 71' lang='grc' dir='ltr'>θεοπρὸδλητον</span> <span class='ocrx_word' id='word_1_312' title='bbox 1152 2701 1419 2774; x_wconf 77' lang='grc' dir='ltr'>ἀρχιερέα</span> <span class='ocrx_word' id='word_1_313' title='bbox 1449 2701 1542 2756; x_wconf 71' lang='grc' dir='ltr'><strong>τον</strong></span> <span class='ocrx_word' id='word_1_314' title='bbox 1575 2703 1837 2775; x_wconf 68' lang='grc' dir='ltr'>Χριστὸν,</span> <span class='ocrx_word' id='word_1_315' title='bbox 1863 2703 2005 2776; x_wconf 75' lang='grc' dir='ltr'>αὕτη</span> 
     </span>
    </p>
   </div>
   <div class='ocr_carea' id='block_1_43' title="bbox 404 2793 1999 2867">
    <p class='ocr_par' dir='ltr' id='par_1_43' title="bbox 404 2793 1999 2867">
     <span class='ocr_line' id='line_1_43' title="bbox 404 2793 1999 2867; baseline -0.001 -16"><span class='ocrx_word' id='word_1_316' title='bbox 404 2799 471 2851; x_wconf 74' lang='grc' dir='ltr'>δ’</span> <span class='ocrx_word' id='word_1_317' title='bbox 499 2798 530 2866; x_wconf 75' lang='grc' dir='ltr'>ἡ</span> <span class='ocrx_word' id='word_1_318' title='bbox 560 2796 840 2867; x_wconf 78' lang='grc' dir='ltr'>μαρτυρεα</span> <span class='ocrx_word' id='word_1_319' title='bbox 864 2797 925 2849; x_wconf 67' lang='grc' dir='ltr'>τ’)</span> <span class='ocrx_word' id='word_1_320' title='bbox 954 2798 1019 2849; x_wconf 80' lang='grc' dir='ltr'>ἐκ</span> <span class='ocrx_word' id='word_1_321' title='bbox 1048 2793 1145 2848; x_wconf 89' lang='grc' dir='ltr'><strong>τοῦ</strong></span> <span class='ocrx_word' id='word_1_322' title='bbox 1192 2795 1403 2866; x_wconf 76' lang='grc' dir='ltr'>Πατρδς</span> <span class='ocrx_word' id='word_1_323' title='bbox 1433 2793 1797 2865; x_wconf 80' lang='grc' dir='ltr'>γεγεννῆσθαι</span> <span class='ocrx_word' id='word_1_324' title='bbox 1827 2795 1999 2865; x_wconf 76' lang='grc' dir='ltr'>δηλοῖ.</span> 
     </span>
    </p>
   </div>
   <div class='ocr_carea' id='block_1_44' title="bbox 407 2881 1998 2957">
    <p class='ocr_par' dir='ltr' id='par_1_44' title="bbox 407 2881 1998 2957">
     <span class='ocr_line' id='line_1_44' title="bbox 407 2881 1998 2957; baseline -0.001 -16"><span class='ocrx_word' id='word_1_325' title='bbox 407 2887 668 2941; x_wconf 51' lang='lat' dir='ltr'><strong>illibata</strong></span> <span class='ocrx_word' id='word_1_326' title='bbox 724 2888 825 2957; x_wconf 79' lang='grc' dir='ltr'>μὲν</span> <span class='ocrx_word' id='word_1_327' title='bbox 876 2881 995 2948; x_wconf 78' lang='grc' dir='ltr'>οὗν,</span> <span class='ocrx_word' id='word_1_328' title='bbox 1035 2885 1130 2939; x_wconf 70' lang='grc' dir='ltr'><strong>καὶ</strong></span> <span class='ocrx_word' id='word_1_329' title='bbox 1160 2885 1217 2937; x_wconf 79' lang='grc' dir='ltr'>τὸ</span> <span class='ocrx_word' id='word_1_330' title='bbox 1259 2885 1366 2938; x_wconf 74' lang='grc' dir='ltr'>ὑπὸ</span> <span class='ocrx_word' id='word_1_331' title='bbox 1406 2885 1543 2937; x_wconf 82' lang='grc' dir='ltr'>Θεοῦ</span> <span class='ocrx_word' id='word_1_332' title='bbox 1614 2885 1998 2956; x_wconf 75' lang='grc' dir='ltr'>γεγεννῆσθαι,</span> 
     </span>
    </p>
   </div>
   <div class='ocr_carea' id='block_1_45' title="bbox 408 2970 1997 3051">
    <p class='ocr_par' dir='ltr' id='par_1_45' title="bbox 408 2970 1997 3051">
     <span class='ocr_line' id='line_1_45' title="bbox 408 2970 1997 3051; baseline 0 -18"><span class='ocrx_word' id='word_1_333' title='bbox 408 2970 865 3051; x_wconf 15' lang='grc' dir='ltr'>προκατασκευήή</span> <span class='ocrx_word' id='word_1_334' title='bbox 899 2981 1015 3032; x_wconf 80' lang='grc' dir='ltr'>ἐστι</span> <span class='ocrx_word' id='word_1_335' title='bbox 1069 2977 1161 3032; x_wconf 85' lang='grc' dir='ltr'><strong>τοῦ</strong></span> <span class='ocrx_word' id='word_1_336' title='bbox 1200 2978 1304 3031; x_wconf 72' lang='grc' dir='ltr'><strong>ὑπὸ</strong></span> <span class='ocrx_word' id='word_1_337' title='bbox 1356 2978 1493 3031; x_wconf 85' lang='grc' dir='ltr'>Θεοῦ</span> <span class='ocrx_word' id='word_1_338' title='bbox 1530 2980 1997 3050; x_wconf 75' lang='grc' dir='ltr'>χειροτονηθῆναι.</span> 
     </span>
    </p>
   </div>
   <div class='ocr_carea' id='block_1_46' title="bbox 412 3071 2001 3144">
    <p class='ocr_par' dir='ltr' id='par_1_46' title="bbox 412 3071 2001 3144">
     <span class='ocr_line' id='line_1_46' title="bbox 412 3071 2001 3144; baseline -0.002 -18"><span class='ocrx_word' id='word_1_339' title='bbox 412 3072 652 3127; x_wconf 66' lang='grc' dir='ltr'>Ἤιτειτα</span> <span class='ocrx_word' id='word_1_340' title='bbox 683 3073 782 3126; x_wconf 71' lang='grc' dir='ltr'>καὶ</span> <span class='ocrx_word' id='word_1_341' title='bbox 808 3072 922 3126; x_wconf 75' lang='grc' dir='ltr'>τόδε</span> <span class='ocrx_word' id='word_1_342' title='bbox 948 3071 1331 3139; x_wconf 71' lang='grc' dir='ltr'>προσλογίζου,</span> <span class='ocrx_word' id='word_1_343' title='bbox 1377 3073 1465 3125; x_wconf 84' lang='grc' dir='ltr'><strong>ὅτι</strong></span> <span class='ocrx_word' id='word_1_344' title='bbox 1494 3072 1679 3144; x_wconf 78' lang='grc' dir='ltr'>ἐπειδὴ</span> <span class='ocrx_word' id='word_1_345' title='bbox 1715 3073 1810 3125; x_wconf 71' lang='grc' dir='ltr'><strong>καὶ</strong></span> <span class='ocrx_word' id='word_1_346' title='bbox 1839 3075 1897 3126; x_wconf 85' lang='grc' dir='ltr'>ἐν</span> <span class='ocrx_word' id='word_1_347' title='bbox 1924 3072 2001 3143; x_wconf 83' lang='grc' dir='ltr'><strong>τῷ</strong></span> 
     </span>
    </p>
   </div>
   <div class='ocr_carea' id='block_1_47' title="bbox 407 3163 2000 3235">
    <p class='ocr_par' dir='ltr' id='par_1_47' title="bbox 407 3163 2000 3235">
     <span class='ocr_line' id='line_1_47' title="bbox 407 3163 2000 3235; baseline 0 -17"><span class='ocrx_word' id='word_1_348' title='bbox 407 3164 700 3235; x_wconf 73' lang='grc' dir='ltr'>ἑκατοστῷ</span> <span class='ocrx_word' id='word_1_349' title='bbox 734 3165 940 3235; x_wconf 72' lang='grc' dir='ltr'>ἐννᾶτῳ</span> <span class='ocrx_word' id='word_1_350' title='bbox 958 3163 1177 3234; x_wconf 78' lang='grc' dir='ltr'>Ψαλμῷ</span> <span class='ocrx_word' id='word_1_351' title='bbox 1198 3164 1441 3235; x_wconf 78' lang='grc' dir='ltr'>εἴρηκενο</span> <span class='ocrx_word' id='word_1_352' title='bbox 1463 3165 1564 3218; x_wconf 82' lang='grc' dir='ltr'><strong>Ἐκ</strong></span> <span class='ocrx_word' id='word_1_353' title='bbox 1598 3164 1859 3234; x_wconf 76' lang='grc' dir='ltr'>γαστρὸς</span> <span class='ocrx_word' id='word_1_354' title='bbox 1886 3165 2000 3234; x_wconf 81' lang='grc' dir='ltr'><strong>πρὸ</strong></span> 
     </span>
    </p>
   </div>
   <div class='ocr_carea' id='block_1_48' title="bbox 412 3252 1998 3330">
    <p class='ocr_par' dir='ltr' id='par_1_48' title="bbox 412 3252 1998 3330">
     <span class='ocr_line' id='line_1_48' title="bbox 412 3252 1998 3330; baseline -0.001 -17"><span class='ocrx_word' id='word_1_355' title='bbox 412 3257 1138 3329; x_wconf 64' lang='grc' dir='ltr'>Ἑωσφόρου-γεγέννηκά</span> <span class='ocrx_word' id='word_1_356' title='bbox 1179 3271 1275 3310; x_wconf 84' lang='grc' dir='ltr'>σε.</span> <span class='ocrx_word' id='word_1_357' title='bbox 1316 3252 1451 3310; x_wconf 76' lang='grc' dir='ltr'>Εἶτα</span> <span class='ocrx_word' id='word_1_358' title='bbox 1487 3258 1625 3328; x_wconf 64' lang='grc' dir='ltr'>μετὰ</span> <span class='ocrx_word' id='word_1_359' title='bbox 1659 3257 1835 3330; x_wconf 71' lang='grc' dir='ltr'>βραχὺ</span> <span class='ocrx_word' id='word_1_360' title='bbox 1862 3261 1998 3329; x_wconf 75' lang='grc' dir='ltr'><strong>ἐπή-</strong></span> 
     </span>
    </p>
   </div>
   <div class='ocr_carea' id='block_1_49' title="bbox 404 3348 2004 3422">
    <p class='ocr_par' dir='ltr' id='par_1_49' title="bbox 404 3348 2004 3422">
     <span class='ocr_line' id='line_1_49' title="bbox 404 3348 2004 3422; baseline -0.001 -15"><span class='ocrx_word' id='word_1_361' title='bbox 404 3367 576 3422; x_wconf 75' lang='grc' dir='ltr'>γαγεο</span> <span class='ocrx_word' id='word_1_362' title='bbox 634 3352 722 3405; x_wconf 83' lang='grc' dir='ltr'><strong>Σὺ</strong></span> <span class='ocrx_word' id='word_1_363' title='bbox 773 3352 967 3420; x_wconf 68' lang='grc' dir='ltr'>ἱερεὺς</span> <span class='ocrx_word' id='word_1_364' title='bbox 1010 3352 1099 3415; x_wconf 80' lang='grc' dir='ltr'>εἰς</span> <span class='ocrx_word' id='word_1_365' title='bbox 1146 3348 1254 3403; x_wconf 73' lang='grc' dir='ltr'>τὸν</span> <span class='ocrx_word' id='word_1_366' title='bbox 1312 3348 1499 3403; x_wconf 83' lang='grc' dir='ltr'>αἰῶνα</span> <span class='ocrx_word' id='word_1_367' title='bbox 1528 3350 1676 3405; x_wconf 81' lang='grc' dir='ltr'>κατὰ</span> <span class='ocrx_word' id='word_1_368' title='bbox 1698 3350 2004 3417; x_wconf 77' lang='grc' dir='ltr'>τὶιντάξιν</span> 
     </span>
    </p>
   </div>
   <div class='ocr_carea' id='block_1_50' title="bbox 404 3441 2001 3515">
    <p class='ocr_par' dir='ltr' id='par_1_50' title="bbox 404 3441 2001 3515">
     <span class='ocr_line' id='line_1_50' title="bbox 404 3441 2001 3515; baseline -0.001 -15"><span class='ocrx_word' id='word_1_369' title='bbox 404 3443 791 3513; x_wconf 64' lang='grc' dir='ltr'>Μελχισεδέκ</span> <span class='ocrx_word' id='word_1_370' title='bbox 812 3459 825 3472; x_wconf 87' lang='grc'><strong>·</strong></span> <span class='ocrx_word' id='word_1_371' title='bbox 859 3444 1074 3514; x_wconf 71' lang='grc' dir='ltr'>ἥνωσεν</span> <span class='ocrx_word' id='word_1_372' title='bbox 1116 3444 1143 3494; x_wconf 90' lang='lat'><strong>6</strong></span> <span class='ocrx_word' id='word_1_373' title='bbox 1182 3441 1398 3505; x_wconf 80' lang='grc' dir='ltr'>Παῦλος</span> <span class='ocrx_word' id='word_1_374' title='bbox 1443 3442 1679 3496; x_wconf 83' lang='grc' dir='ltr'>ἐνταῦθα</span> <span class='ocrx_word' id='word_1_375' title='bbox 1710 3444 1776 3497; x_wconf 69' lang='grc' dir='ltr'><strong>τὰ</strong></span> <span class='ocrx_word' id='word_1_376' title='bbox 1803 3444 1867 3503; x_wconf 81' lang='grc' dir='ltr'>ὲν,</span> <span class='ocrx_word' id='word_1_377' title='bbox 1892 3445 2001 3515; x_wconf 84' lang='grc' dir='ltr'><strong>ἀμ-</strong></span> 
     </span>
    </p>
   </div>
   <div class='ocr_carea' id='block_1_51' title="bbox 402 3535 1997 3608">
    <p class='ocr_par' dir='ltr' id='par_1_51' title="bbox 402 3535 1997 3608">
     <span class='ocr_line' id='line_1_51' title="bbox 402 3535 1997 3608; baseline 0.001 -19"><span class='ocrx_word' id='word_1_378' title='bbox 402 3536 668 3606; x_wconf 66' lang='grc' dir='ltr'>ςμοτέροις</span> <span class='ocrx_word' id='word_1_379' title='bbox 723 3538 834 3599; x_wconf 82' lang='grc' dir='ltr'>τοῖς</span> <span class='ocrx_word' id='word_1_380' title='bbox 882 3536 1125 3606; x_wconf 74' lang='grc' dir='ltr'>ψαλμοῖς</span> <span class='ocrx_word' id='word_1_381' title='bbox 1197 3535 1323 3606; x_wconf 70' lang='grc' dir='ltr'>περὶ</span> <span class='ocrx_word' id='word_1_382' title='bbox 1368 3538 1678 3605; x_wconf 74' lang='grc' dir='ltr'>γεννήσεως</span> <span class='ocrx_word' id='word_1_383' title='bbox 1707 3538 1997 3608; x_wconf 80' lang='grc' dir='ltr'>λεγόμενα,</span> 
     </span>
    </p>
   </div>
   <div class='ocr_carea' id='block_1_52' title="bbox 401 3624 2001 3701">
    <p class='ocr_par' dir='ltr' id='par_1_52' title="bbox 401 3624 2001 3701">
     <span class='ocr_line' id='line_1_52' title="bbox 401 3624 2001 3701; baseline -0.003 -17"><span class='ocrx_word' id='word_1_384' title='bbox 401 3628 620 3685; x_wconf 78' lang='grc' dir='ltr'>ὡσανεὶ</span> <span class='ocrx_word' id='word_1_385' title='bbox 660 3627 824 3681; x_wconf 84' lang='grc' dir='ltr'>τοῦτο</span> <span class='ocrx_word' id='word_1_386' title='bbox 873 3627 1080 3696; x_wconf 71' lang='grc' dir='ltr'>λέγων*</span> <span class='ocrx_word' id='word_1_387' title='bbox 1120 3624 1211 3699; x_wconf 78' lang='grc' dir='ltr'><strong>Μὴ</strong></span> <span class='ocrx_word' id='word_1_388' title='bbox 1245 3626 1525 3701; x_wconf 78' lang='grc' dir='ltr'>ὑπολάϐῃς</span> <span class='ocrx_word' id='word_1_389' title='bbox 1556 3627 1639 3679; x_wconf 86' lang='grc' dir='ltr'><strong>ὅτι</strong></span> <span class='ocrx_word' id='word_1_390' title='bbox 1676 3629 1804 3701; x_wconf 75' lang='grc' dir='ltr'>περὶ</span> <span class='ocrx_word' id='word_1_391' title='bbox 1840 3627 2001 3681; x_wconf 84' lang='grc' dir='ltr'>ἄλλου</span> 
     </span>
    </p>
   </div>
   <div class='ocr_carea' id='block_1_53' title="bbox 402 3719 2003 3790">
    <p class='ocr_par' dir='ltr' id='par_1_53' title="bbox 402 3719 2003 3790">
     <span class='ocr_line' id='line_1_53' title="bbox 402 3719 2003 3790; baseline -0.003 -14"><span class='ocrx_word' id='word_1_392' title='bbox 402 3723 552 3785; x_wconf 66' lang='grc' dir='ltr'>τινὲς</span> <span class='ocrx_word' id='word_1_393' title='bbox 576 3721 799 3790; x_wconf 76' lang='grc' dir='ltr'>λέγεται</span> <span class='ocrx_word' id='word_1_394' title='bbox 824 3720 904 3779; x_wconf 76' lang='grc' dir='ltr'><strong>τὸ,</strong></span> <span class='ocrx_word' id='word_1_395' title='bbox 941 3720 1025 3774; x_wconf 88' lang='grc' dir='ltr'><strong>Σὺ</strong></span> <span class='ocrx_word' id='word_1_396' title='bbox 1054 3719 1263 3788; x_wconf 77' lang='grc' dir='ltr'>Ἶερεὺς</span> <span class='ocrx_word' id='word_1_397' title='bbox 1289 3721 1341 3773; x_wconf 81' lang='lat' dir='ltr'><strong>sl</strong></span> <span class='ocrx_word' id='word_1_398' title='bbox 1384 3721 1471 3786; x_wconf 81' lang='grc' dir='ltr'>εἰς</span> <span class='ocrx_word' id='word_1_399' title='bbox 1503 3721 1608 3773; x_wconf 78' lang='grc' dir='ltr'>τὸν</span> <span class='ocrx_word' id='word_1_400' title='bbox 1650 3719 1857 3785; x_wconf 76' lang='grc' dir='ltr'>αἰῶνα,</span> <span class='ocrx_word' id='word_1_401' title='bbox 1888 3720 2003 3774; x_wconf 81' lang='grc' dir='ltr'>ἀλλ’</span> 
     </span>
    </p>
   </div>
   <div class='ocr_carea' id='block_1_54' title="bbox 406 3805 2002 3887">
    <p class='ocr_par' dir='ltr' id='par_1_54' title="bbox 406 3805 2002 3887">
     <span class='ocr_line' id='line_1_54' title="bbox 406 3805 2002 3887; baseline -0.001 -19"><span class='ocrx_word' id='word_1_402' title='bbox 406 3818 443 3887; x_wconf 80' lang='grc' dir='ltr'><strong>ἧ</strong></span> <span class='ocrx_word' id='word_1_403' title='bbox 468 3834 532 3868; x_wconf 78' lang='grc' dir='ltr'><strong>πε</strong></span> <span class='ocrx_word' id='word_1_404' title='bbox 544 3816 602 3887; x_wconf 69' lang='lat' dir='ltr'><strong>pl</strong></span> <span class='ocrx_word' id='word_1_405' title='bbox 621 3814 716 3868; x_wconf 85' lang='grc' dir='ltr'><strong>τοῦ</strong></span> <span class='ocrx_word' id='word_1_406' title='bbox 746 3814 1106 3885; x_wconf 78' lang='grc' dir='ltr'>γεννηθέντος</span> <span class='ocrx_word' id='word_1_407' title='bbox 1135 3813 1240 3881; x_wconf 81' lang='grc' dir='ltr'>πρὸ</span> <span class='ocrx_word' id='word_1_408' title='bbox 1273 3811 1611 3884; x_wconf 69' lang='grc' dir='ltr'>Ἑωσφόρουε</span> <span class='ocrx_word' id='word_1_409' title='bbox 1643 3805 1799 3877; x_wconf 74' lang='grc' dir='ltr'>οὗτος</span> <span class='ocrx_word' id='word_1_410' title='bbox 1825 3813 1881 3865; x_wconf 84' lang='grc' dir='ltr'><strong>δὲ</strong></span> <span class='ocrx_word' id='word_1_411' title='bbox 1903 3814 2002 3866; x_wconf 81' lang='grc' dir='ltr'><strong>οὐκ</strong></span> 
     </span>
    </p>
   </div>
   <div class='ocr_carea' id='block_1_55' title="bbox 414 3903 2003 3979">
    <p class='ocr_par' dir='ltr' id='par_1_55' title="bbox 414 3903 2003 3979">
     <span class='ocr_line' id='line_1_55' title="bbox 414 3903 2003 3979; baseline -0.003 -17"><span class='ocrx_word' id='word_1_412' title='bbox 414 3910 571 3972; x_wconf 77' lang='grc' dir='ltr'>ἄλλος</span> <span class='ocrx_word' id='word_1_413' title='bbox 632 3908 809 3975; x_wconf 70' lang='grc' dir='ltr'>ἐστὶν,</span> <span class='ocrx_word' id='word_1_414' title='bbox 836 3907 870 3979; x_wconf 73' lang='grc' dir='ltr'>ἢ</span> <span class='ocrx_word' id='word_1_415' title='bbox 900 3907 929 3958; x_wconf 92' lang='lat'><strong>6</strong></span> <span class='ocrx_word' id='word_1_416' title='bbox 957 3907 1016 3959; x_wconf 81' lang='grc' dir='ltr'>ὲν</span> <span class='ocrx_word' id='word_1_417' title='bbox 1046 3903 1123 3975; x_wconf 78' lang='grc' dir='ltr'>τῷ</span> <span class='ocrx_word' id='word_1_418' title='bbox 1150 3903 1391 3974; x_wconf 83' lang='grc' dir='ltr'>δευτέρῳ</span> <span class='ocrx_word' id='word_1_419' title='bbox 1456 3903 1663 3976; x_wconf 77' lang='grc' dir='ltr'>ψαλμῷ</span> <span class='ocrx_word' id='word_1_420' title='bbox 1705 3904 2003 3975; x_wconf 79' lang='grc' dir='ltr'>λεγόμενος</span> 
     </span>
    </p>
   </div>
   <div class='ocr_carea' id='block_1_56' title="bbox 422 3996 2000 4071">
    <p class='ocr_par' dir='ltr' id='par_1_56' title="bbox 422 3996 2000 4071">
     <span class='ocr_line' id='line_1_56' title="bbox 422 3996 2000 4071; baseline -0.001 -18"><span class='ocrx_word' id='word_1_421' title='bbox 422 4002 681 4071; x_wconf 56' lang='grc' dir='ltr'>σήμερον</span> <span class='ocrx_word' id='word_1_422' title='bbox 712 3997 1099 4070; x_wconf 78' lang='grc' dir='ltr'>γεννηθῆναι·</span> <span class='ocrx_word' id='word_1_423' title='bbox 1150 3997 1211 4051; x_wconf 89' lang='grc' dir='ltr'>τό</span> <span class='ocrx_word' id='word_1_424' title='bbox 1231 4013 1288 4049; x_wconf 88' lang='grc' dir='ltr'><strong>τε</strong></span> <span class='ocrx_word' id='word_1_425' title='bbox 1317 3996 1448 4069; x_wconf 78' lang='grc' dir='ltr'>γὰρ,</span> <span class='ocrx_word' id='word_1_426' title='bbox 1481 3997 1595 4065; x_wconf 77' lang='grc' dir='ltr'><strong>πρὸ</strong></span> <span class='ocrx_word' id='word_1_427' title='bbox 1636 3997 2000 4066; x_wconf 66' lang='grc' dir='ltr'>Ἑωσφόρου,</span> 
     </span>
    </p>
   </div>
   <div class='ocr_carea' id='block_1_57' title="bbox 420 4086 1997 4164">
    <p class='ocr_par' dir='ltr' id='par_1_57' title="bbox 420 4086 1997 4164">
     <span class='ocr_line' id='line_1_57' title="bbox 420 4086 1997 4164; baseline -0.004 -18"><span class='ocrx_word' id='word_1_428' title='bbox 420 4094 481 4146; x_wconf 68' lang='grc' dir='ltr'><strong>τί</strong></span> <span class='ocrx_word' id='word_1_429' title='bbox 510 4094 732 4164; x_wconf 74' lang='grc' dir='ltr'>ἄχρονον</span> <span class='ocrx_word' id='word_1_430' title='bbox 763 4092 918 4163; x_wconf 87' lang='grc' dir='ltr'>δηλοί</span> <span class='ocrx_word' id='word_1_431' title='bbox 941 4109 955 4122; x_wconf 75' lang='grc' dir='ltr'><strong>ο</strong></span> <span class='ocrx_word' id='word_1_432' title='bbox 1006 4086 1103 4143; x_wconf 66' lang='grc' dir='ltr'>καὶ</span> <span class='ocrx_word' id='word_1_433' title='bbox 1131 4089 1210 4156; x_wconf 79' lang='grc' dir='ltr'>τὸ,</span> <span class='ocrx_word' id='word_1_434' title='bbox 1255 4088 1547 4158; x_wconf 76' lang='grc' dir='ltr'>σήμερον,</span> <span class='ocrx_word' id='word_1_435' title='bbox 1579 4089 1639 4142; x_wconf 81' lang='grc' dir='ltr'>τὸ</span> <span class='ocrx_word' id='word_1_436' title='bbox 1670 4089 1767 4143; x_wconf 84' lang='grc' dir='ltr'><strong>ἀπ’</strong></span> <span class='ocrx_word' id='word_1_437' title='bbox 1804 4088 1997 4158; x_wconf 82' lang='grc' dir='ltr'>ἀρχῆς,</span> 
     </span>
    </p>
   </div>
   <div class='ocr_carea' id='block_1_58' title="bbox 412 4174 2003 4253">
    <p class='ocr_par' dir='ltr' id='par_1_58' title="bbox 412 4174 2003 4253">
     <span class='ocr_line' id='line_1_58' title="bbox 412 4174 2003 4253; baseline -0.002 -16"><span class='ocrx_word' id='word_1_438' title='bbox 412 4187 683 4252; x_wconf 71' lang='grc' dir='ltr'>τουτέστι,</span> <span class='ocrx_word' id='word_1_439' title='bbox 743 4184 840 4253; x_wconf 75' lang='grc' dir='ltr'><strong>ἀφ’</strong></span> <span class='ocrx_word' id='word_1_440' title='bbox 872 4174 936 4236; x_wconf 70' lang='grc' dir='ltr'>οὗ</span> <span class='ocrx_word' id='word_1_441' title='bbox 965 4182 994 4233; x_wconf 89' lang='lat'><strong>6</strong></span> <span class='ocrx_word' id='word_1_442' title='bbox 1024 4183 1236 4253; x_wconf 71' lang='grc' dir='ltr'>Πατήρ.</span> <span class='ocrx_word' id='word_1_443' title='bbox 1286 4181 1346 4234; x_wconf 88' lang='grc'><strong>⁸0</strong></span> <span class='ocrx_word' id='word_1_444' title='bbox 1388 4181 1445 4234; x_wconf 80' lang='grc' dir='ltr'>δὲ</span> <span class='ocrx_word' id='word_1_445' title='bbox 1474 4180 1729 4253; x_wconf 84' lang='grc' dir='ltr'>δεύτερος</span> <span class='ocrx_word' id='word_1_446' title='bbox 1787 4180 2003 4251; x_wconf 67' lang='grc' dir='ltr'>ψαλμὸς</span> 
     </span>
    </p>
   </div>
   <div class='ocr_carea' id='block_1_59' title="bbox 410 4274 2001 4349">
    <p class='ocr_par' dir='ltr' id='par_1_59' title="bbox 410 4274 2001 4349">
     <span class='ocr_line' id='line_1_59' title="bbox 410 4274 2001 4349; baseline -0.003 -18"><span class='ocrx_word' id='word_1_447' title='bbox 410 4280 679 4349; x_wconf 72' lang='grc' dir='ltr'>πρόδηλον</span> <span class='ocrx_word' id='word_1_448' title='bbox 718 4280 799 4333; x_wconf 80' lang='grc' dir='ltr'><strong>ὅτι</strong></span> <span class='ocrx_word' id='word_1_449' title='bbox 856 4276 1040 4331; x_wconf 74' lang='grc' dir='ltr'>πάντα</span> <span class='ocrx_word' id='word_1_450' title='bbox 1089 4275 1170 4340; x_wconf 84' lang='grc' dir='ltr'>εἰς</span> <span class='ocrx_word' id='word_1_451' title='bbox 1231 4276 1472 4345; x_wconf 76' lang='grc' dir='ltr'>Χριστὸν</span> <span class='ocrx_word' id='word_1_452' title='bbox 1517 4274 1805 4344; x_wconf 69' lang='grc' dir='ltr'>ἀναφέρει.</span> <span class='ocrx_word' id='word_1_453' title='bbox 1863 4274 2001 4344; x_wconf 71' lang='grc' dir='ltr'>Περὶ</span> 
     </span>
    </p>
   </div>
   <div class='ocr_carea' id='block_1_60' title="bbox 405 4366 2003 4443">
    <p class='ocr_par' dir='ltr' id='par_1_60' title="bbox 405 4366 2003 4443">
     <span class='ocr_line' id='line_1_60' title="bbox 405 4366 2003 4443; baseline -0.006 -15"><span class='ocrx_word' id='word_1_454' title='bbox 405 4374 650 4443; x_wconf 80' lang='grc' dir='ltr'>Χριστοῦ</span> <span class='ocrx_word' id='word_1_455' title='bbox 676 4373 788 4443; x_wconf 77' lang='grc' dir='ltr'>ἄρα</span> <span class='ocrx_word' id='word_1_456' title='bbox 817 4371 912 4423; x_wconf 73' lang='grc' dir='ltr'>καὶ</span> <span class='ocrx_word' id='word_1_457' title='bbox 927 4369 1010 4436; x_wconf 85' lang='grc' dir='ltr'><strong>τὸ,</strong></span> <span class='ocrx_word' id='word_1_458' title='bbox 1040 4368 1123 4422; x_wconf 86' lang='grc' dir='ltr'><strong>Σὺ</strong></span> <span class='ocrx_word' id='word_1_459' title='bbox 1158 4367 1384 4438; x_wconf 80' lang='grc' dir='ltr'>Ἰερεὺς</span> <span class='ocrx_word' id='word_1_460' title='bbox 1418 4368 1505 4432; x_wconf 78' lang='grc' dir='ltr'>εἰς</span> <span class='ocrx_word' id='word_1_461' title='bbox 1539 4366 1646 4420; x_wconf 81' lang='grc' dir='ltr'>τὸν</span> <span class='ocrx_word' id='word_1_462' title='bbox 1671 4366 1877 4421; x_wconf 71' lang='grc' dir='ltr'>αἰῶνα.</span> <span class='ocrx_word' id='word_1_463' title='bbox 1912 4366 2003 4419; x_wconf 82' lang='lat' dir='ltr'><strong>Ei-</strong></span> 
     </span>
    </p>
   </div>
   <div class='ocr_carea' id='block_1_61' title="bbox 404 4459 2001 4532">
    <p class='ocr_par' dir='ltr' id='par_1_61' title="bbox 404 4459 2001 4532">
     <span class='ocr_line' id='line_1_61' title="bbox 404 4459 2001 4532; baseline -0.006 -10"><span class='ocrx_word' id='word_1_464' title='bbox 404 4469 678 4522; x_wconf 74' lang='grc' dir='ltr'>πὰτωσαν</span> <span class='ocrx_word' id='word_1_465' title='bbox 714 4465 773 4518; x_wconf 76' lang='grc' dir='ltr'>δὲ</span> <span class='ocrx_word' id='word_1_466' title='bbox 813 4464 1081 4528; x_wconf 81' lang='grc' dir='ltr'>Ἰουδαῖοι,</span> <span class='ocrx_word' id='word_1_467' title='bbox 1150 4460 1233 4526; x_wconf 86' lang='grc' dir='ltr'>τίς</span> <span class='ocrx_word' id='word_1_468' title='bbox 1268 4461 1457 4531; x_wconf 72' lang='grc' dir='ltr'>ἔτερος</span> <span class='ocrx_word' id='word_1_469' title='bbox 1486 4461 1671 4532; x_wconf 77' lang='grc' dir='ltr'>ἱερεὺς</span> <span class='ocrx_word' id='word_1_470' title='bbox 1728 4459 1873 4513; x_wconf 78' lang='grc' dir='ltr'>κατὰ</span> <span class='ocrx_word' id='word_1_471' title='bbox 1904 4459 2001 4530; x_wconf 79' lang='grc' dir='ltr'><strong>τὴν</strong></span> 
     </span>
    </p>
   </div>
   <div class='ocr_carea' id='block_1_62' title="bbox 403 4549 1999 4626">
    <p class='ocr_par' dir='ltr' id='par_1_62' title="bbox 403 4549 1999 4626">
     <span class='ocr_line' id='line_1_62' title="bbox 403 4549 1999 4626; baseline -0.007 -12"><span class='ocrx_word' id='word_1_472' title='bbox 403 4558 566 4624; x_wconf 78' lang='grc' dir='ltr'>τάξιν</span> <span class='ocrx_word' id='word_1_473' title='bbox 595 4554 939 4626; x_wconf 79' lang='grc' dir='ltr'>Μελχισεδὲκ</span> <span class='ocrx_word' id='word_1_474' title='bbox 966 4552 1208 4621; x_wconf 76' lang='grc' dir='ltr'>ἐγένετο,</span> <span class='ocrx_word' id='word_1_475' title='bbox 1232 4552 1282 4604; x_wconf 74' lang='grc' dir='ltr'>εἰ</span> <span class='ocrx_word' id='word_1_476' title='bbox 1314 4549 1707 4622; x_wconf 76' lang='grc' dir='ltr'>μὴδΧριστὸς.</span> <span class='ocrx_word' id='word_1_477' title='bbox 1759 4550 1835 4603; x_wconf 84' lang='grc' dir='ltr'><strong>Οὐ</strong></span> <span class='ocrx_word' id='word_1_478' title='bbox 1858 4550 1999 4603; x_wconf 79' lang='grc' dir='ltr'>πάν-</span> 
     </span>
    </p>
   </div>
   <div class='ocr_carea' id='block_1_63' title="bbox 2108 2058 3697 2143">
    <p class='ocr_par' dir='ltr' id='par_1_63' title="bbox 2108 2058 3697 2143">
     <span class='ocr_line' id='line_1_63' title="bbox 2108 2058 3697 2143; baseline 0.012 -31"><span class='ocrx_word' id='word_1_479' title='bbox 2108 2058 2273 2114; x_wconf 85' lang='lat' dir='ltr'><strong>sibile</strong></span> <span class='ocrx_word' id='word_1_480' title='bbox 2324 2061 2579 2130; x_wconf 81' lang='lat' dir='ltr'><strong>habebat,</strong></span> <span class='ocrx_word' id='word_1_481' title='bbox 2624 2066 2757 2135; x_wconf 87' lang='lat' dir='ltr'><strong>quin</strong></span> <span class='ocrx_word' id='word_1_482' title='bbox 2789 2070 2974 2139; x_wconf 82' lang='lat' dir='ltr'><strong>potius</strong></span> <span class='ocrx_word' id='word_1_483' title='bbox 3027 2071 3119 2141; x_wconf 88' lang='lat' dir='ltr'><strong>qui</strong></span> <span class='ocrx_word' id='word_1_484' title='bbox 3160 2073 3594 2132; x_wconf 82' lang='lat' dir='ltr'><strong>adversabantur</strong></span> <span class='ocrx_word' id='word_1_485' title='bbox 3627 2080 3697 2143; x_wconf 83' lang='lat' dir='ltr'><strong>ei,</strong></span> 
     </span>
    </p>
   </div>
   <div class='ocr_carea' id='block_1_64' title="bbox 2108 2153 3700 2236">
    <p class='ocr_par' dir='ltr' id='par_1_64' title="bbox 2108 2153 3700 2236">
     <span class='ocr_line' id='line_1_64' title="bbox 2108 2153 3700 2236; baseline 0.013 -31"><span class='ocrx_word' id='word_1_486' title='bbox 2108 2160 2161 2205; x_wconf 89' lang='lat' dir='ltr'><strong>et</strong></span> <span class='ocrx_word' id='word_1_487' title='bbox 2210 2153 2558 2220; x_wconf 87' lang='lat' dir='ltr'><strong>occidebant,</strong></span> <span class='ocrx_word' id='word_1_488' title='bbox 2591 2157 2647 2211; x_wconf 91' lang='lat' dir='ltr'><strong>in</strong></span> <span class='ocrx_word' id='word_1_489' title='bbox 2680 2159 2854 2229; x_wconf 88' lang='lat' dir='ltr'><strong>pretio</strong></span> <span class='ocrx_word' id='word_1_490' title='bbox 2883 2170 2998 2216; x_wconf 90' lang='lat' dir='ltr'><strong>tum</strong></span> <span class='ocrx_word' id='word_1_491' title='bbox 3041 2172 3220 2228; x_wconf 88' lang='lat' dir='ltr'><strong>erant,</strong></span> <span class='ocrx_word' id='word_1_492' title='bbox 3254 2175 3309 2220; x_wconf 86' lang='lat' dir='ltr'><strong>et</strong></span> <span class='ocrx_word' id='word_1_493' title='bbox 3340 2182 3440 2236; x_wconf 90' lang='lat' dir='ltr'><strong>pro</strong></span> <span class='ocrx_word' id='word_1_494' title='bbox 3471 2168 3700 2225; x_wconf 87' lang='lat' dir='ltr'><strong>arbitrio</strong></span> 
     </span>
    </p>
   </div>
   <div class='ocr_carea' id='block_1_65' title="bbox 2108 2247 3699 2333">
    <p class='ocr_par' dir='ltr' id='par_1_65' title="bbox 2108 2247 3699 2333">
     <span class='ocr_line' id='line_1_65' title="bbox 2108 2247 3699 2333; baseline 0.013 -36"><span class='ocrx_word' id='word_1_495' title='bbox 2108 2247 2360 2312; x_wconf 72' lang='lat' dir='ltr'><strong>agebant.</strong></span> <span class='ocrx_word' id='word_1_496' title='bbox 2389 2262 2452 2302; x_wconf 90' lang='lat' dir='ltr'><strong>ac</strong></span> <span class='ocrx_word' id='word_1_497' title='bbox 2482 2251 2778 2306; x_wconf 79' lang='lat' dir='ltr'><strong>versabant</strong></span> <span class='ocrx_word' id='word_1_498' title='bbox 2803 2255 2987 2310; x_wconf 89' lang='lat' dir='ltr'><strong>omnia</strong></span> <span class='ocrx_word' id='word_1_499' title='bbox 3025 2274 3038 2311; x_wconf 88' lang='lat'>:</span> <span class='ocrx_word' id='word_1_500' title='bbox 3070 2259 3328 2328; x_wconf 81' lang='lat' dir='ltr'><strong>producit</strong></span> <span class='ocrx_word' id='word_1_501' title='bbox 3364 2260 3477 2331; x_wconf 89' lang='lat' dir='ltr'><strong>jam</strong></span> <span class='ocrx_word' id='word_1_502' title='bbox 3521 2263 3699 2333; x_wconf 86' lang='lat' dir='ltr'><strong>majus</strong></span> 
     </span>
    </p>
   </div>
   <div class='ocr_carea' id='block_1_66' title="bbox 2108 2338 3698 2417">
    <p class='ocr_par' dir='ltr' id='par_1_66' title="bbox 2108 2338 3698 2417">
     <span class='ocr_line' id='line_1_66' title="bbox 2108 2338 3698 2417; baseline 0.013 -28"><span class='ocrx_word' id='word_1_503' title='bbox 2108 2338 2480 2394; x_wconf 88' lang='lat' dir='ltr'><strong>testimonium</strong></span> <span class='ocrx_word' id='word_1_504' title='bbox 2515 2356 2578 2396; x_wconf 80' lang='lat' dir='ltr'><strong>ex</strong></span> <span class='ocrx_word' id='word_1_505' title='bbox 2610 2344 2914 2414; x_wconf 86' lang='lat' dir='ltr'><strong>prophetia,</strong></span> <span class='ocrx_word' id='word_1_506' title='bbox 2942 2348 3086 2417; x_wconf 90' lang='lat' dir='ltr'><strong>quod</strong></span> <span class='ocrx_word' id='word_1_507' title='bbox 3113 2356 3345 2406; x_wconf 86' lang='lat' dir='ltr'><strong>testetur</strong></span> <span class='ocrx_word' id='word_1_508' title='bbox 3369 2368 3492 2406; x_wconf 90' lang='lat' dir='ltr'><strong>eum</strong></span> <span class='ocrx_word' id='word_1_509' title='bbox 3527 2368 3555 2408; x_wconf 89' lang='lat' dir='ltr'><strong>a</strong></span> <span class='ocrx_word' id='word_1_510' title='bbox 3590 2353 3698 2409; x_wconf 60' lang='lat' dir='ltr'><strong>Duo</strong></span> 
     </span>
    </p>
   </div>
   <div class='ocr_carea' id='block_1_67' title="bbox 2110 2427 3698 2499">
    <p class='ocr_par' dir='ltr' id='par_1_67' title="bbox 2110 2427 3698 2499">
     <span class='ocr_line' id='line_1_67' title="bbox 2110 2427 3698 2499; baseline 0.014 -21"><span class='ocrx_word' id='word_1_511' title='bbox 2110 2437 2381 2482; x_wconf 86' lang='lat' dir='ltr'><strong>vocatum.</strong></span> <span class='ocrx_word' id='word_1_512' title='bbox 2446 2427 2677 2485; x_wconf 78' lang='lat' dir='ltr'><strong>Videtur</strong></span> <span class='ocrx_word' id='word_1_513' title='bbox 2724 2441 2908 2489; x_wconf 87' lang='lat' dir='ltr'><strong>autem</strong></span> <span class='ocrx_word' id='word_1_514' title='bbox 2958 2436 3358 2496; x_wconf 85' lang='lat' dir='ltr'><strong>inconveniens</strong></span> <span class='ocrx_word' id='word_1_515' title='bbox 3411 2456 3698 2499; x_wconf 87' lang='lat' dir='ltr'><strong>esseese-</strong></span> 
     </span>
    </p>
   </div>
   <div class='ocr_carea' id='block_1_68' title="bbox 2107 2520 3701 2597">
    <p class='ocr_par' dir='ltr' id='par_1_68' title="bbox 2107 2520 3701 2597">
     <span class='ocr_line' id='line_1_68' title="bbox 2107 2520 3701 2597; baseline 0.014 -26"><span class='ocrx_word' id='word_1_516' title='bbox 2107 2520 2290 2575; x_wconf 87' lang='lat' dir='ltr'><strong>eundo</strong></span> <span class='ocrx_word' id='word_1_517' title='bbox 2329 2521 2539 2588; x_wconf 80' lang='lat' dir='ltr'><strong>psalmo</strong></span> <span class='ocrx_word' id='word_1_518' title='bbox 2567 2525 2736 2594; x_wconf 86' lang='lat' dir='ltr'><strong>petita</strong></span> <span class='ocrx_word' id='word_1_519' title='bbox 2769 2528 3058 2597; x_wconf 82' lang='lat' dir='ltr'><strong>prophetia</strong></span> <span class='ocrx_word' id='word_1_520' title='bbox 3094 2531 3160 2585; x_wconf 91' lang='lat' dir='ltr'><strong>ad</strong></span> <span class='ocrx_word' id='word_1_521' title='bbox 3195 2533 3533 2591; x_wconf 84' lang='lat' dir='ltr'><strong>institutum.</strong></span> <span class='ocrx_word' id='word_1_522' title='bbox 3569 2536 3701 2592; x_wconf 77' lang='lat' dir='ltr'><strong>Pro-</strong></span> 
     </span>
    </p>
   </div>
   <div class='ocr_carea' id='block_1_69' title="bbox 2106 2612 3696 2682">
    <p class='ocr_par' dir='ltr' id='par_1_69' title="bbox 2106 2612 3696 2682">
     <span class='ocr_line' id='line_1_69' title="bbox 2106 2612 3696 2682; baseline 0.014 -22"><span class='ocrx_word' id='word_1_523' title='bbox 2106 2612 2346 2679; x_wconf 84' lang='lat' dir='ltr'><strong>positum</strong></span> <span class='ocrx_word' id='word_1_524' title='bbox 2403 2616 2548 2668; x_wconf 90' lang='lat' dir='ltr'><strong>enim</strong></span> <span class='ocrx_word' id='word_1_525' title='bbox 2605 2626 2722 2670; x_wconf 87' lang='lat' dir='ltr'><strong>erat</strong></span> <span class='ocrx_word' id='word_1_526' title='bbox 2775 2628 2843 2672; x_wconf 86' lang='grc' dir='ltr'>ιιι·</span> <span class='ocrx_word' id='word_1_527' title='bbox 2893 2620 3370 2678; x_wconf 79' lang='lat' dir='ltr'><strong>demonstraretur</strong></span> <span class='ocrx_word' id='word_1_528' title='bbox 3417 2624 3696 2682; x_wconf 87' lang='lat' dir='ltr'><strong>Christum</strong></span> 
     </span>
    </p>
   </div>
   <div class='ocr_carea' id='block_1_70' title="bbox 2108 2700 3693 2772">
    <p class='ocr_par' dir='ltr' id='par_1_70' title="bbox 2108 2700 3693 2772">
     <span class='ocr_line' id='line_1_70' title="bbox 2108 2700 3693 2772; baseline 0.01 -18"><span class='ocrx_word' id='word_1_529' title='bbox 2108 2700 2424 2758; x_wconf 84' lang='lat' dir='ltr'><strong>Pontiﬁcem</strong></span> <span class='ocrx_word' id='word_1_530' title='bbox 2457 2722 2578 2762; x_wconf 83' lang='lat' dir='ltr'><strong>esse</strong></span> <span class='ocrx_word' id='word_1_531' title='bbox 2618 2724 2645 2761; x_wconf 90' lang='lat' dir='ltr'><strong>a</strong></span> <span class='ocrx_word' id='word_1_532' title='bbox 2686 2709 2796 2765; x_wconf 77' lang='lat' dir='ltr'><strong>Deo</strong></span> <span class='ocrx_word' id='word_1_533' title='bbox 2820 2721 3074 2767; x_wconf 83' lang='lat' dir='ltr'><strong>vocatum</strong></span> <span class='ocrx_word' id='word_1_534' title='bbox 3114 2723 3168 2768; x_wconf 88' lang='lat' dir='ltr'><strong>et</strong></span> <span class='ocrx_word' id='word_1_535' title='bbox 3214 2716 3449 2770; x_wconf 89' lang='lat' dir='ltr'><strong>electum</strong></span> <span class='ocrx_word' id='word_1_536' title='bbox 3492 2736 3504 2770; x_wconf 90' lang='lat'><strong>:</strong></span> <span class='ocrx_word' id='word_1_537' title='bbox 3539 2717 3693 2772; x_wconf 85' lang='lat' dir='ltr'><strong>testi-</strong></span> 
     </span>
    </p>
   </div>
   <div class='ocr_carea' id='block_1_71' title="bbox 2105 2795 3700 2866">
    <p class='ocr_par' dir='ltr' id='par_1_71' title="bbox 2105 2795 3700 2866">
     <span class='ocr_line' id='line_1_71' title="bbox 2105 2795 3700 2866; baseline 0.013 -20"><span class='ocrx_word' id='word_1_538' title='bbox 2105 2795 2348 2848; x_wconf 87' lang='lat' dir='ltr'><strong>monium</strong></span> <span class='ocrx_word' id='word_1_539' title='bbox 2381 2808 2561 2852; x_wconf 87' lang='lat' dir='ltr'><strong>autem</strong></span> <span class='ocrx_word' id='word_1_540' title='bbox 2589 2801 2731 2855; x_wconf 85' lang='lat' dir='ltr'><strong>istud</strong></span> <span class='ocrx_word' id='word_1_541' title='bbox 2767 2818 2794 2855; x_wconf 91' lang='lat' dir='ltr'><strong>a</strong></span> <span class='ocrx_word' id='word_1_542' title='bbox 2827 2803 2988 2859; x_wconf 87' lang='lat' dir='ltr'><strong>Patre</strong></span> <span class='ocrx_word' id='word_1_543' title='bbox 3009 2817 3194 2860; x_wconf 87' lang='lat' dir='ltr'><strong>natum</strong></span> <span class='ocrx_word' id='word_1_544' title='bbox 3223 2808 3444 2863; x_wconf 81' lang='lat' dir='ltr'><strong>asserit.</strong></span> <span class='ocrx_word' id='word_1_545' title='bbox 3466 2809 3700 2866; x_wconf 78' lang='lat' dir='ltr'><strong>Maxime</strong></span> 
     </span>
    </p>
   </div>
   <div class='ocr_carea' id='block_1_72' title="bbox 2108 2889 3697 2967">
    <p class='ocr_par' dir='ltr' id='par_1_72' title="bbox 2108 2889 3697 2967">
     <span class='ocr_line' id='line_1_72' title="bbox 2108 2889 3697 2967; baseline 0.012 -30"><span class='ocrx_word' id='word_1_546' title='bbox 2108 2894 2290 2940; x_wconf 86' lang='lat' dir='ltr'><strong>autem</strong></span> <span class='ocrx_word' id='word_1_547' title='bbox 2332 2903 2359 2941; x_wconf 92' lang='lat' dir='ltr'><strong>a</strong></span> <span class='ocrx_word' id='word_1_548' title='bbox 2396 2889 2504 2943; x_wconf 77' lang='lat' dir='ltr'><strong>l‘eo</strong></span> <span class='ocrx_word' id='word_1_549' title='bbox 2552 2901 2738 2947; x_wconf 60' lang='lat' dir='ltr'><strong>natum</strong></span> <span class='ocrx_word' id='word_1_550' title='bbox 2781 2910 2922 2960; x_wconf 85' lang='lat' dir='ltr'><strong>esse,</strong></span> <span class='ocrx_word' id='word_1_551' title='bbox 2962 2898 3291 2967; x_wconf 44' lang='lat' dir='ltr'><strong>praeparatio</strong></span> <span class='ocrx_word' id='word_1_552' title='bbox 3326 2910 3410 2954; x_wconf 90' lang='lat' dir='ltr'><strong>est</strong></span> <span class='ocrx_word' id='word_1_553' title='bbox 3452 2899 3520 2955; x_wconf 90' lang='lat' dir='ltr'><strong>ad</strong></span> <span class='ocrx_word' id='word_1_554' title='bbox 3570 2902 3697 2964; x_wconf 86' lang='lat' dir='ltr'><strong>hoc,</strong></span> 
     </span>
    </p>
   </div>
   <div class='ocr_carea' id='block_1_73' title="bbox 2107 2979 3696 3061">
    <p class='ocr_par' dir='ltr' id='par_1_73' title="bbox 2107 2979 3696 3061">
     <span class='ocr_line' id='line_1_73' title="bbox 2107 2979 3696 3061; baseline 0.009 -29"><span class='ocrx_word' id='word_1_555' title='bbox 2107 2986 2221 3033; x_wconf 88' lang='lat' dir='ltr'><strong>uta</strong></span> <span class='ocrx_word' id='word_1_556' title='bbox 2243 2979 2356 3035; x_wconf 88' lang='lat' dir='ltr'><strong>Deo</strong></span> <span class='ocrx_word' id='word_1_557' title='bbox 2395 2984 2556 3035; x_wconf 87' lang='lat' dir='ltr'><strong>etiam</strong></span> <span class='ocrx_word' id='word_1_558' title='bbox 2590 2985 2879 3042; x_wconf 87' lang='lat' dir='ltr'><strong>ordinatus</strong></span> <span class='ocrx_word' id='word_1_559' title='bbox 2912 2988 3005 3044; x_wconf 86' lang='lat' dir='ltr'><strong>sit.</strong></span> <span class='ocrx_word' id='word_1_560' title='bbox 3041 2988 3270 3061; x_wconf 82' lang='lat' dir='ltr'><strong>Insuper</strong></span> <span class='ocrx_word' id='word_1_561' title='bbox 3297 3005 3352 3047; x_wconf 88' lang='lat' dir='ltr'><strong>et</strong></span> <span class='ocrx_word' id='word_1_562' title='bbox 3376 2992 3481 3048; x_wconf 90' lang='lat' dir='ltr'><strong>hoc</strong></span> <span class='ocrx_word' id='word_1_563' title='bbox 3517 3002 3696 3048; x_wconf 81' lang='lat' dir='ltr'><strong>tecum</strong></span> 
     </span>
    </p>
   </div>
   <div class='ocr_carea' id='block_1_74' title="bbox 2106 3077 3699 3152">
    <p class='ocr_par' dir='ltr' id='par_1_74' title="bbox 2106 3077 3699 3152">
     <span class='ocr_line' id='line_1_74' title="bbox 2106 3077 3699 3152; baseline 0.008 -25"><span class='ocrx_word' id='word_1_564' title='bbox 2106 3084 2320 3143; x_wconf 84' lang='lat' dir='ltr'><strong>reputa,</strong></span> <span class='ocrx_word' id='word_1_565' title='bbox 2354 3077 2499 3146; x_wconf 87' lang='lat' dir='ltr'><strong>quod</strong></span> <span class='ocrx_word' id='word_1_566' title='bbox 2532 3089 2826 3152; x_wconf 84' lang='lat' dir='ltr'><strong>postquam</strong></span> <span class='ocrx_word' id='word_1_567' title='bbox 2864 3084 2918 3137; x_wconf 91' lang='lat' dir='ltr'><strong>in</strong></span> <span class='ocrx_word' id='word_1_568' title='bbox 2959 3089 3269 3142; x_wconf 86' lang='lat' dir='ltr'><strong>centesimo</strong></span> <span class='ocrx_word' id='word_1_569' title='bbox 3303 3104 3450 3145; x_wconf 88' lang='lat' dir='ltr'><strong>nono</strong></span> <span class='ocrx_word' id='word_1_570' title='bbox 3480 3088 3699 3145; x_wconf 81' lang='lat' dir='ltr'><strong>Psalmo</strong></span> 
     </span>
    </p>
   </div>
   <div class='ocr_carea' id='block_1_75' title="bbox 2105 3166 3699 3249">
    <p class='ocr_par' dir='ltr' id='par_1_75' title="bbox 2105 3166 3699 3249">
     <span class='ocr_line' id='line_1_75' title="bbox 2105 3166 3699 3249; baseline 0.009 -29"><span class='ocrx_word' id='word_1_571' title='bbox 2105 3166 2302 3221; x_wconf 82' lang='lat' dir='ltr'><strong>dixerit</strong></span> <span class='ocrx_word' id='word_1_572' title='bbox 2331 3188 2343 3222; x_wconf 87' lang='lat'><strong>:</strong></span> <span class='ocrx_word' id='word_1_573' title='bbox 2382 3169 2465 3222; x_wconf 73' lang='lat' dir='ltr'><strong>E22:</strong></span> <span class='ocrx_word' id='word_1_574' title='bbox 2502 3181 2648 3226; x_wconf 83' lang='lat' dir='ltr'><strong>utero</strong></span> <span class='ocrx_word' id='word_1_575' title='bbox 2682 3185 2805 3229; x_wconf 83' lang='lat' dir='ltr'><strong>ante</strong></span> <span class='ocrx_word' id='word_1_576' title='bbox 2854 3175 3160 3247; x_wconf 79' lang='lat' dir='ltr'><strong>Luciferum</strong></span> <span class='ocrx_word' id='word_1_577' title='bbox 3190 3182 3344 3249; x_wconf 82' lang='lat' dir='ltr'><strong>genui</strong></span> <span class='ocrx_word' id='word_1_578' title='bbox 3373 3191 3422 3235; x_wconf 85' lang='lat' dir='ltr'><strong>te</strong></span> <span class='ocrx_word' id='word_1_579' title='bbox 3454 3196 3472 3235; x_wconf 90' lang='lat'><strong><em>:</em></strong></span> <span class='ocrx_word' id='word_1_580' title='bbox 3499 3181 3699 3237; x_wconf 85' lang='lat' dir='ltr'><strong>deinde</strong></span> 
     </span>
    </p>
   </div>
   <div class='ocr_carea' id='block_1_76' title="bbox 2110 3258 3781 3327">
    <p class='ocr_par' dir='ltr' id='par_1_76' title="bbox 2110 3258 3781 3327">
     <span class='ocr_line' id='line_1_76' title="bbox 2110 3258 3781 3327; baseline 0.01 -18"><span class='ocrx_word' id='word_1_581' title='bbox 2110 3258 2271 3326; x_wconf 87' lang='lat' dir='ltr'><strong>paulo</strong></span> <span class='ocrx_word' id='word_1_582' title='bbox 2302 3269 2425 3327; x_wconf 88' lang='lat' dir='ltr'><strong>post</strong></span> <span class='ocrx_word' id='word_1_583' title='bbox 2458 3260 2644 3316; x_wconf 84' lang='lat' dir='ltr'><strong>intulit</strong></span> <span class='ocrx_word' id='word_1_584' title='bbox 2677 3282 2692 3316; x_wconf 91' lang='lat'><strong><em>:</em></strong></span> <span class='ocrx_word' id='word_1_585' title='bbox 2735 3264 2811 3319; x_wconf 87' lang='lat' dir='ltr'><strong>Tu</strong></span> <span class='ocrx_word' id='word_1_586' title='bbox 2847 3283 2901 3321; x_wconf 80' lang='lat' dir='ltr'><strong>es</strong></span> <span class='ocrx_word' id='word_1_587' title='bbox 2941 3266 3202 3323; x_wconf 82' lang='lat' dir='ltr'><strong>Sacerdos</strong></span> <span class='ocrx_word' id='word_1_588' title='bbox 3243 3270 3295 3323; x_wconf 80' lang='lat' dir='ltr'><strong>in</strong></span> <span class='ocrx_word' id='word_1_589' title='bbox 3328 3279 3586 3325; x_wconf 73' lang='lat' dir='ltr'><strong>retentum</strong></span> <span class='ocrx_word' id='word_1_590' title='bbox 3616 3288 3700 3325; x_wconf 81' lang='lat' dir='ltr'><strong>se-</strong></span> <span class='ocrx_word' id='word_1_591' title='bbox 3774 3314 3781 3319; x_wconf 88' lang='lat'><strong>.</strong></span> 
     </span>
    </p>
   </div>
   <div class='ocr_carea' id='block_1_77' title="bbox 2107 3351 3698 3431">
    <p class='ocr_par' dir='ltr' id='par_1_77' title="bbox 2107 3351 3698 3431">
     <span class='ocr_line' id='line_1_77' title="bbox 2107 3351 3698 3431; baseline 0.009 -28"><span class='ocrx_word' id='word_1_592' title='bbox 2107 3351 2346 3405; x_wconf 81' lang='lat' dir='ltr'><strong>cundum</strong></span> <span class='ocrx_word' id='word_1_593' title='bbox 2386 3354 2625 3408; x_wconf 80' lang='lat' dir='ltr'><strong>ordinent</strong></span> <span class='ocrx_word' id='word_1_594' title='bbox 2667 3354 3015 3413; x_wconf 79' lang='lat' dir='ltr'><strong>Mclchisedcc</strong></span> <span class='ocrx_word' id='word_1_595' title='bbox 3048 3377 3067 3417; x_wconf 71' lang='grc' dir='ltr'><strong>ε</strong></span> <span class='ocrx_word' id='word_1_596' title='bbox 3098 3362 3394 3431; x_wconf 81' lang='lat' dir='ltr'><strong>conjunxit</strong></span> <span class='ocrx_word' id='word_1_597' title='bbox 3440 3363 3527 3419; x_wconf 84' lang='lat' dir='ltr'><strong>hic</strong></span> <span class='ocrx_word' id='word_1_598' title='bbox 3557 3363 3698 3419; x_wconf 86' lang='lat' dir='ltr'><strong>Pau-</strong></span> 
     </span>
    </p>
   </div>
   <div class='ocr_carea' id='block_1_78' title="bbox 2109 3441 3697 3525">
    <p class='ocr_par' dir='ltr' id='par_1_78' title="bbox 2109 3441 3697 3525">
     <span class='ocr_line' id='line_1_78' title="bbox 2109 3441 3697 3525; baseline 0.011 -32"><span class='ocrx_word' id='word_1_599' title='bbox 2109 3441 2194 3495; x_wconf 89' lang='lat' dir='ltr'><strong>lus</strong></span> <span class='ocrx_word' id='word_1_600' title='bbox 2239 3459 2361 3513; x_wconf 64' lang='lat' dir='ltr'><strong>quae</strong></span> <span class='ocrx_word' id='word_1_601' title='bbox 2398 3446 2451 3499; x_wconf 94' lang='lat' dir='ltr'><strong>in</strong></span> <span class='ocrx_word' id='word_1_602' title='bbox 2491 3454 2725 3518; x_wconf 88' lang='lat' dir='ltr'><strong>utroque</strong></span> <span class='ocrx_word' id='word_1_603' title='bbox 2758 3448 2978 3506; x_wconf 81' lang='lat' dir='ltr'><strong>Psalmo</strong></span> <span class='ocrx_word' id='word_1_604' title='bbox 3007 3454 3072 3508; x_wconf 87' lang='lat' dir='ltr'><strong>de</strong></span> <span class='ocrx_word' id='word_1_605' title='bbox 3112 3456 3472 3525; x_wconf 80' lang='lat' dir='ltr'><strong>generatione</strong></span> <span class='ocrx_word' id='word_1_606' title='bbox 3499 3457 3697 3512; x_wconf 86' lang='lat' dir='ltr'><strong>dicun-</strong></span> 
     </span>
    </p>
   </div>
   <div class='ocr_carea' id='block_1_79' title="bbox 2107 3538 3698 3607">
    <p class='ocr_par' dir='ltr' id='par_1_79' title="bbox 2107 3538 3698 3607">
     <span class='ocr_line' id='line_1_79' title="bbox 2107 3538 3698 3607; baseline 0.013 -21"><span class='ocrx_word' id='word_1_607' title='bbox 2107 3542 2196 3588; x_wconf 86' lang='lat' dir='ltr'><strong>tur</strong></span> <span class='ocrx_word' id='word_1_608' title='bbox 2233 3557 2244 3590; x_wconf 94' lang='lat'><strong>:</strong></span> <span class='ocrx_word' id='word_1_609' title='bbox 2285 3538 2510 3606; x_wconf 84' lang='lat' dir='ltr'><strong>perinde</strong></span> <span class='ocrx_word' id='word_1_610' title='bbox 2555 3557 2618 3597; x_wconf 88' lang='lat' dir='ltr'><strong>ac</strong></span> <span class='ocrx_word' id='word_1_611' title='bbox 2673 3544 2718 3597; x_wconf 92' lang='lat' dir='ltr'><strong>si</strong></span> <span class='ocrx_word' id='word_1_612' title='bbox 2776 3547 2920 3599; x_wconf 85' lang='lat' dir='ltr'><strong>dicat</strong></span> <span class='ocrx_word' id='word_1_613' title='bbox 2961 3565 2973 3601; x_wconf 90' lang='lat'><strong>:</strong></span> <span class='ocrx_word' id='word_1_614' title='bbox 3022 3547 3103 3603; x_wconf 82' lang='lat' dir='ltr'><strong>Ne</strong></span> <span class='ocrx_word' id='word_1_615' title='bbox 3152 3550 3436 3607; x_wconf 76' lang='lat' dir='ltr'><strong>existimes</strong></span> <span class='ocrx_word' id='word_1_616' title='bbox 3480 3550 3550 3606; x_wconf 90' lang='lat' dir='ltr'><strong>dc</strong></span> <span class='ocrx_word' id='word_1_617' title='bbox 3589 3552 3698 3606; x_wconf 71' lang='lat' dir='ltr'><strong>alio</strong></span> 
     </span>
    </p>
   </div>
   <div class='ocr_carea' id='block_1_80' title="bbox 2107 3631 3699 3709">
    <p class='ocr_par' dir='ltr' id='par_1_80' title="bbox 2107 3631 3699 3709">
     <span class='ocr_line' id='line_1_80' title="bbox 2107 3631 3699 3709; baseline 0.013 -29"><span class='ocrx_word' id='word_1_618' title='bbox 2107 3631 2363 3700; x_wconf 80' lang='lat' dir='ltr'><strong>quopiam</strong></span> <span class='ocrx_word' id='word_1_619' title='bbox 2396 3633 2529 3699; x_wconf 90' lang='lat' dir='ltr'><strong>dici,</strong></span> <span class='ocrx_word' id='word_1_620' title='bbox 2573 3634 2645 3688; x_wconf 83' lang='lat' dir='ltr'><strong>Tu</strong></span> <span class='ocrx_word' id='word_1_621' title='bbox 2684 3653 2736 3690; x_wconf 80' lang='lat' dir='ltr'><strong>es</strong></span> <span class='ocrx_word' id='word_1_622' title='bbox 2782 3635 3043 3695; x_wconf 78' lang='lat' dir='ltr'><strong>Sacerdos</strong></span> <span class='ocrx_word' id='word_1_623' title='bbox 3085 3643 3140 3695; x_wconf 84' lang='lat' dir='ltr'><strong>in</strong></span> <span class='ocrx_word' id='word_1_624' title='bbox 3175 3653 3456 3709; x_wconf 70' lang='lat' dir='ltr'><strong>(uernum,</strong></span> <span class='ocrx_word' id='word_1_625' title='bbox 3501 3644 3699 3700; x_wconf 84' lang='lat' dir='ltr'><strong>uisidc</strong></span> 
     </span>
    </p>
   </div>
   <div class='ocr_carea' id='block_1_81' title="bbox 2106 3723 3696 3804">
    <p class='ocr_par' dir='ltr' id='par_1_81' title="bbox 2106 3723 3696 3804">
     <span class='ocr_line' id='line_1_81' title="bbox 2106 3723 3696 3804; baseline 0.008 -28"><span class='ocrx_word' id='word_1_626' title='bbox 2106 3737 2172 3776; x_wconf 89' lang='lat' dir='ltr'><strong>eo</strong></span> <span class='ocrx_word' id='word_1_627' title='bbox 2197 3723 2289 3792; x_wconf 93' lang='lat' dir='ltr'><strong>qui</strong></span> <span class='ocrx_word' id='word_1_628' title='bbox 2324 3734 2485 3779; x_wconf 90' lang='lat' dir='ltr'><strong>natus</strong></span> <span class='ocrx_word' id='word_1_629' title='bbox 2525 3736 2608 3781; x_wconf 89' lang='lat' dir='ltr'><strong>est</strong></span> <span class='ocrx_word' id='word_1_630' title='bbox 2651 3739 2775 3784; x_wconf 86' lang='lat' dir='ltr'><strong>ante</strong></span> <span class='ocrx_word' id='word_1_631' title='bbox 2810 3729 3147 3788; x_wconf 79' lang='lat' dir='ltr'><strong>Luciferum.</strong></span> <span class='ocrx_word' id='word_1_632' title='bbox 3183 3732 3233 3789; x_wconf 87' lang='lat' dir='ltr'><strong>ls</strong></span> <span class='ocrx_word' id='word_1_633' title='bbox 3278 3750 3444 3804; x_wconf 88' lang='lat' dir='ltr'><strong>porro</strong></span> <span class='ocrx_word' id='word_1_634' title='bbox 3471 3750 3580 3789; x_wconf 90' lang='lat' dir='ltr'><strong>non</strong></span> <span class='ocrx_word' id='word_1_635' title='bbox 3612 3745 3696 3790; x_wconf 61' lang='grc' dir='ltr'><strong>ειι</strong></span> 
     </span>
    </p>
   </div>
   <div class='ocr_carea' id='block_1_82' title="bbox 2106 3813 3697 3890">
    <p class='ocr_par' dir='ltr' id='par_1_82' title="bbox 2106 3813 3697 3890">
     <span class='ocr_line' id='line_1_82' title="bbox 2106 3813 3697 3890; baseline 0.01 -25"><span class='ocrx_word' id='word_1_636' title='bbox 2106 3813 2269 3879; x_wconf 83' lang='lat' dir='ltr'><strong>alius,</strong></span> <span class='ocrx_word' id='word_1_637' title='bbox 2305 3831 2469 3884; x_wconf 85' lang='lat' dir='ltr'><strong>quam</strong></span> <span class='ocrx_word' id='word_1_638' title='bbox 2508 3817 2600 3886; x_wconf 89' lang='lat' dir='ltr'><strong>qui</strong></span> <span class='ocrx_word' id='word_1_639' title='bbox 2634 3815 2690 3871; x_wconf 89' lang='lat' dir='ltr'><strong>in</strong></span> <span class='ocrx_word' id='word_1_640' title='bbox 2716 3821 2963 3876; x_wconf 79' lang='lat' dir='ltr'><strong>secundo</strong></span> <span class='ocrx_word' id='word_1_641' title='bbox 3015 3824 3227 3890; x_wconf 83' lang='lat' dir='ltr'><strong>psalmo</strong></span> <span class='ocrx_word' id='word_1_642' title='bbox 3255 3822 3482 3889; x_wconf 87' lang='lat' dir='ltr'><strong>dicitur,</strong></span> <span class='ocrx_word' id='word_1_643' title='bbox 3525 3824 3697 3881; x_wconf 70' lang='lat' dir='ltr'><strong>&quot;odit:</strong></span> 
     </span>
    </p>
   </div>
   <div class='ocr_carea' id='block_1_83' title="bbox 2105 3900 3694 3981">
    <p class='ocr_par' dir='ltr' id='par_1_83' title="bbox 2105 3900 3694 3981">
     <span class='ocr_line' id='line_1_83' title="bbox 2105 3900 3694 3981; baseline 0.012 -30"><span class='ocrx_word' id='word_1_644' title='bbox 2105 3900 2307 3967; x_wconf 83' lang='lat' dir='ltr'><strong>genitus</strong></span> <span class='ocrx_word' id='word_1_645' title='bbox 2333 3918 2467 3956; x_wconf 82' lang='lat' dir='ltr'><strong>esse.</strong></span> <span class='ocrx_word' id='word_1_646' title='bbox 2501 3903 2659 3969; x_wconf 76' lang='lat' dir='ltr'><strong>Quod</strong></span> <span class='ocrx_word' id='word_1_647' title='bbox 2689 3907 2835 3961; x_wconf 87' lang='lat' dir='ltr'><strong>enim</strong></span> <span class='ocrx_word' id='word_1_648' title='bbox 2869 3909 2965 3973; x_wconf 83' lang='lat' dir='ltr'><strong>ait,</strong></span> <span class='ocrx_word' id='word_1_649' title='bbox 3007 3918 3129 3964; x_wconf 86' lang='lat' dir='ltr'><strong>ante</strong></span> <span class='ocrx_word' id='word_1_650' title='bbox 3178 3910 3506 3981; x_wconf 77' lang='lat' dir='ltr'><strong>Lucilerum,</strong></span> <span class='ocrx_word' id='word_1_651' title='bbox 3532 3925 3694 3972; x_wconf 73' lang='lat' dir='ltr'><strong>aeter-</strong></span> 
     </span>
    </p>
   </div>
   <div class='ocr_carea' id='block_1_84' title="bbox 2108 3989 3692 4075">
    <p class='ocr_par' dir='ltr' id='par_1_84' title="bbox 2108 3989 3692 4075">
     <span class='ocr_line' id='line_1_84' title="bbox 2108 3989 3692 4075; baseline 0.014 -34"><span class='ocrx_word' id='word_1_652' title='bbox 2108 3989 2332 4044; x_wconf 86' lang='lat' dir='ltr'><strong>nitatem</strong></span> <span class='ocrx_word' id='word_1_653' title='bbox 2367 3992 2612 4064; x_wconf 83' lang='lat' dir='ltr'><strong>designat</strong></span> <span class='ocrx_word' id='word_1_654' title='bbox 2638 3997 2903 4067; x_wconf 89' lang='lat' dir='ltr'><strong>temporis</strong></span> <span class='ocrx_word' id='word_1_655' title='bbox 2934 4012 3241 4072; x_wconf 81' lang='lat' dir='ltr'><strong>expertem.</strong></span> <span class='ocrx_word' id='word_1_656' title='bbox 3273 4004 3447 4061; x_wconf 83' lang='lat' dir='ltr'><strong>Hodie</strong></span> <span class='ocrx_word' id='word_1_657' title='bbox 3477 4023 3627 4075; x_wconf 83' lang='lat' dir='ltr'><strong>vero,</strong></span> <span class='ocrx_word' id='word_1_658' title='bbox 3664 4029 3692 4063; x_wconf 82' lang='lat' dir='ltr'><strong>a</strong></span> 
     </span>
    </p>
   </div>
   <div class='ocr_carea' id='block_1_85' title="bbox 2108 4080 3693 4165">
    <p class='ocr_par' dir='ltr' id='par_1_85' title="bbox 2108 4080 3693 4165">
     <span class='ocr_line' id='line_1_85' title="bbox 2108 4080 3693 4165; baseline 0.016 -34"><span class='ocrx_word' id='word_1_659' title='bbox 2108 4080 2378 4151; x_wconf 84' lang='lat' dir='ltr'><strong>principio</strong></span> <span class='ocrx_word' id='word_1_660' title='bbox 2434 4083 2725 4155; x_wconf 78' lang='lat' dir='ltr'><strong>signiﬁcat,</strong></span> <span class='ocrx_word' id='word_1_661' title='bbox 2777 4088 2878 4144; x_wconf 89' lang='lat' dir='ltr'><strong>hoc</strong></span> <span class='ocrx_word' id='word_1_662' title='bbox 2927 4101 3034 4158; x_wconf 85' lang='lat' dir='ltr'><strong>est,</strong></span> <span class='ocrx_word' id='word_1_663' title='bbox 3074 4107 3139 4147; x_wconf 77' lang='lat' dir='ltr'><strong>ex</strong></span> <span class='ocrx_word' id='word_1_664' title='bbox 3191 4110 3302 4165; x_wconf 88' lang='lat' dir='ltr'><strong>quo</strong></span> <span class='ocrx_word' id='word_1_665' title='bbox 3354 4096 3515 4151; x_wconf 86' lang='lat' dir='ltr'><strong>Pater</strong></span> <span class='ocrx_word' id='word_1_666' title='bbox 3551 4108 3693 4157; x_wconf 84' lang='lat' dir='ltr'><strong>erat.</strong></span> 
     </span>
    </p>
   </div>
   <div class='ocr_carea' id='block_1_86' title="bbox 2106 4171 3694 4257">
    <p class='ocr_par' dir='ltr' id='par_1_86' title="bbox 2106 4171 3694 4257">
     <span class='ocr_line' id='line_1_86' title="bbox 2106 4171 3694 4257; baseline 0.013 -32"><span class='ocrx_word' id='word_1_667' title='bbox 2106 4171 2276 4227; x_wconf 86' lang='lat' dir='ltr'><strong>Porro</strong></span> <span class='ocrx_word' id='word_1_668' title='bbox 2306 4175 2526 4244; x_wconf 85' lang='lat' dir='ltr'><strong>planum</strong></span> <span class='ocrx_word' id='word_1_669' title='bbox 2557 4188 2642 4233; x_wconf 86' lang='lat' dir='ltr'><strong>est</strong></span> <span class='ocrx_word' id='word_1_670' title='bbox 2676 4180 2824 4248; x_wconf 88' lang='lat' dir='ltr'><strong>quod</strong></span> <span class='ocrx_word' id='word_1_671' title='bbox 2853 4183 3132 4240; x_wconf 85' lang='lat' dir='ltr'><strong>secundus</strong></span> <span class='ocrx_word' id='word_1_672' title='bbox 3157 4188 3405 4257; x_wconf 88' lang='lat' dir='ltr'><strong>psalmus</strong></span> <span class='ocrx_word' id='word_1_673' title='bbox 3435 4189 3501 4244; x_wconf 89' lang='lat' dir='ltr'><strong>ad</strong></span> <span class='ocrx_word' id='word_1_674' title='bbox 3534 4189 3694 4245; x_wconf 89' lang='lat' dir='ltr'><strong>Chri-</strong></span> 
     </span>
    </p>
   </div>
   <div class='ocr_carea' id='block_1_87' title="bbox 2106 4266 3695 4351">
    <p class='ocr_par' dir='ltr' id='par_1_87' title="bbox 2106 4266 3695 4351">
     <span class='ocr_line' id='line_1_87' title="bbox 2106 4266 3695 4351; baseline 0.011 -30"><span class='ocrx_word' id='word_1_675' title='bbox 2106 4274 2251 4321; x_wconf 87' lang='lat' dir='ltr'><strong>stum</strong></span> <span class='ocrx_word' id='word_1_676' title='bbox 2298 4266 2483 4321; x_wconf 90' lang='lat' dir='ltr'><strong>omnia</strong></span> <span class='ocrx_word' id='word_1_677' title='bbox 2535 4270 2757 4327; x_wconf 79' lang='lat' dir='ltr'><strong>referat.</strong></span> <span class='ocrx_word' id='word_1_678' title='bbox 2802 4273 2879 4330; x_wconf 86' lang='lat' dir='ltr'><strong>De</strong></span> <span class='ocrx_word' id='word_1_679' title='bbox 2916 4274 3139 4332; x_wconf 88' lang='lat' dir='ltr'><strong>Christo</strong></span> <span class='ocrx_word' id='word_1_680' title='bbox 3186 4279 3371 4351; x_wconf 86' lang='lat' dir='ltr'><strong>itaque</strong></span> <span class='ocrx_word' id='word_1_681' title='bbox 3401 4283 3569 4338; x_wconf 87' lang='lat' dir='ltr'><strong>etiam</strong></span> <span class='ocrx_word' id='word_1_682' title='bbox 3607 4284 3695 4337; x_wconf 83' lang='lat' dir='ltr'><strong>di-</strong></span> 
     </span>
    </p>
   </div>
   <div class='ocr_carea' id='block_1_88' title="bbox 2104 4362 3687 4431">
    <p class='ocr_par' dir='ltr' id='par_1_88' title="bbox 2104 4362 3687 4431">
     <span class='ocr_line' id='line_1_88' title="bbox 2104 4362 3687 4431; baseline 0.008 -16"><span class='ocrx_word' id='word_1_683' title='bbox 2104 4368 2254 4415; x_wconf 88' lang='lat' dir='ltr'><strong>ctum</strong></span> <span class='ocrx_word' id='word_1_684' title='bbox 2282 4370 2386 4427; x_wconf 85' lang='lat' dir='ltr'><strong>est,</strong></span> <span class='ocrx_word' id='word_1_685' title='bbox 2415 4362 2492 4416; x_wconf 89' lang='lat' dir='ltr'><strong>Tu</strong></span> <span class='ocrx_word' id='word_1_686' title='bbox 2520 4381 2573 4419; x_wconf 81' lang='lat' dir='ltr'><strong>es</strong></span> <span class='ocrx_word' id='word_1_687' title='bbox 2609 4363 2870 4421; x_wconf 82' lang='lat' dir='ltr'><strong>Sacerdos</strong></span> <span class='ocrx_word' id='word_1_688' title='bbox 2888 4368 2943 4420; x_wconf 83' lang='lat' dir='ltr'><strong>in</strong></span> <span class='ocrx_word' id='word_1_689' title='bbox 2973 4379 3249 4425; x_wconf 75' lang='lat' dir='ltr'><strong>wternum.</strong></span> <span class='ocrx_word' id='word_1_690' title='bbox 3282 4372 3473 4428; x_wconf 86' lang='lat' dir='ltr'><strong>Dicant</strong></span> <span class='ocrx_word' id='word_1_691' title='bbox 3503 4386 3687 4431; x_wconf 84' lang='lat' dir='ltr'><strong>autem</strong></span> 
     </span>
    </p>
   </div>
   <div class='ocr_carea' id='block_1_89' title="bbox 2104 4451 3694 4526">
    <p class='ocr_par' dir='ltr' id='par_1_89' title="bbox 2104 4451 3694 4526">
     <span class='ocr_line' id='line_1_89' title="bbox 2104 4451 3694 4526; baseline 0.008 -19"><span class='ocrx_word' id='word_1_692' title='bbox 2104 4451 2296 4521; x_wconf 63' lang='lat' dir='ltr'><strong>Judaei,</strong></span> <span class='ocrx_word' id='word_1_693' title='bbox 2328 4452 2582 4526; x_wconf 86' lang='lat' dir='ltr'><strong>quisnam</strong></span> <span class='ocrx_word' id='word_1_694' title='bbox 2613 4457 2776 4514; x_wconf 77' lang='lat' dir='ltr'><strong>fuerit</strong></span> <span class='ocrx_word' id='word_1_695' title='bbox 2819 4459 2959 4513; x_wconf 88' lang='lat' dir='ltr'><strong>alius</strong></span> <span class='ocrx_word' id='word_1_696' title='bbox 2983 4462 3241 4518; x_wconf 85' lang='lat' dir='ltr'><strong>sacerdos</strong></span> <span class='ocrx_word' id='word_1_697' title='bbox 3267 4467 3569 4520; x_wconf 82' lang='lat' dir='ltr'><strong>secundum</strong></span> <span class='ocrx_word' id='word_1_698' title='bbox 3601 4483 3694 4523; x_wconf 83' lang='grc' dir='ltr'>οι·-</span> 
     </span>
    </p>
   </div>
   <div class='ocr_carea' id='block_1_90' title="bbox 2105 4546 3694 4621">
    <p class='ocr_par' dir='ltr' id='par_1_90' title="bbox 2105 4546 3694 4621">
     <span class='ocr_line' id='line_1_90' title="bbox 2105 4546 3694 4621; baseline 0.009 -20"><span class='ocrx_word' id='word_1_699' title='bbox 2105 4546 2297 4602; x_wconf 72' lang='lat' dir='ltr'><strong>dincm’</strong></span> <span class='ocrx_word' id='word_1_700' title='bbox 2351 4547 2792 4615; x_wconf 85' lang='lat' dir='ltr'><strong>Melchisedech,</strong></span> <span class='ocrx_word' id='word_1_701' title='bbox 2849 4563 3048 4621; x_wconf 74' lang='lat' dir='ltr'><strong>przeter</strong></span> <span class='ocrx_word' id='word_1_702' title='bbox 3113 4552 3419 4611; x_wconf 81' lang='lat' dir='ltr'><strong>Christum.</strong></span> <span class='ocrx_word' id='word_1_703' title='bbox 3500 4557 3694 4616; x_wconf 75' lang='lat' dir='ltr'><strong>Nonne</strong></span> 
     </span>
    </p>
   </div>
   <div class='ocr_carea' id='block_1_91' title="bbox 398 4638 2001 4721">
    <p class='ocr_par' dir='ltr' id='par_1_91' title="bbox 398 4640 2001 4718">
     <span class='ocr_line' id='line_1_91' title="bbox 398 4640 2001 4718; baseline -0.006 -14"><span class='ocrx_word' id='word_1_704' title='bbox 398 4669 498 4715; x_wconf 86' lang='grc' dir='ltr'><strong>τες</strong></span> <span class='ocrx_word' id='word_1_705' title='bbox 528 4650 637 4704; x_wconf 73' lang='grc' dir='ltr'><strong>ὑπὸ</strong></span> <span class='ocrx_word' id='word_1_706' title='bbox 662 4648 828 4717; x_wconf 75' lang='grc' dir='ltr'>νόμον</span> <span class='ocrx_word' id='word_1_707' title='bbox 847 4641 1026 4718; x_wconf 59' lang='lat' dir='ltr'><strong>ﬁatut;</strong></span> <span class='ocrx_word' id='word_1_708' title='bbox 1061 4645 1137 4698; x_wconf 85' lang='grc' dir='ltr'><strong>Οὐ</strong></span> <span class='ocrx_word' id='word_1_709' title='bbox 1156 4643 1363 4706; x_wconf 78' lang='grc' dir='ltr'>πάντες</span> <span class='ocrx_word' id='word_1_710' title='bbox 1393 4640 1755 4705; x_wconf 77' lang='grc' dir='ltr'>ὲσαϐΰάτιζον</span> <span class='ocrx_word' id='word_1_711' title='bbox 1788 4642 1881 4697; x_wconf 71' lang='grc' dir='ltr'><strong>καὶ</strong></span> <span class='ocrx_word' id='word_1_712' title='bbox 1902 4641 2001 4706; x_wconf 78' lang='grc' dir='ltr'><strong>τὰς</strong></span> 
     </span>
    </p>
   </div>
   <div class='ocr_carea' id='block_1_92' title="bbox 2108 4638 3689 4721">
    <p class='ocr_par' dir='ltr' id='par_1_92' title="bbox 2108 4638 3689 4714">
     <span class='ocr_line' id='line_1_92' title="bbox 2108 4638 3689 4714; baseline 0.007 -20"><span class='ocrx_word' id='word_1_713' title='bbox 2108 4653 2297 4695; x_wconf 89' lang='lat' dir='ltr'><strong>omnes</strong></span> <span class='ocrx_word' id='word_1_714' title='bbox 2324 4641 2427 4695; x_wconf 84' lang='lat' dir='ltr'><strong>sub</strong></span> <span class='ocrx_word' id='word_1_715' title='bbox 2462 4642 2577 4714; x_wconf 71' lang='lat' dir='ltr'><strong>lege</strong></span> <span class='ocrx_word' id='word_1_716' title='bbox 2610 4638 2873 4698; x_wconf 77' lang='lat' dir='ltr'><strong>fuerunt?</strong></span> <span class='ocrx_word' id='word_1_717' title='bbox 2905 4642 3101 4699; x_wconf 86' lang='lat' dir='ltr'><strong>Nonne</strong></span> <span class='ocrx_word' id='word_1_718' title='bbox 3148 4661 3341 4703; x_wconf 84' lang='lat' dir='ltr'><strong>omnes</strong></span> <span class='ocrx_word' id='word_1_719' title='bbox 3391 4648 3689 4705; x_wconf 81' lang='lat' dir='ltr'><strong>Sabbatutu</strong></span> 
     </span>
    </p>
   </div>
   <div class='ocr_carea' id='block_1_93' title="bbox 401 4732 2002 4811">
    <p class='ocr_par' dir='ltr' id='par_1_93' title="bbox 401 4732 2002 4811">
     <span class='ocr_line' id='line_1_93' title="bbox 401 4732 2002 4811; baseline -0.005 -16"><span class='ocrx_word' id='word_1_720' title='bbox 401 4743 605 4804; x_wconf 75' lang='grc' dir='ltr'>θυσίας</span> <span class='ocrx_word' id='word_1_721' title='bbox 658 4740 1041 4811; x_wconf 71' lang='grc' dir='ltr'>προςὲφερον;</span> <span class='ocrx_word' id='word_1_722' title='bbox 1086 4736 1475 4810; x_wconf 81' lang='grc' dir='ltr'>Προδηλότατα</span> <span class='ocrx_word' id='word_1_723' title='bbox 1526 4732 1621 4790; x_wconf 86' lang='grc' dir='ltr'><strong>οῦν</strong></span> <span class='ocrx_word' id='word_1_724' title='bbox 1650 4737 1731 4799; x_wconf 84' lang='grc' dir='ltr'>εἰς</span> <span class='ocrx_word' id='word_1_725' title='bbox 1765 4735 2002 4807; x_wconf 77' lang='grc' dir='ltr'>Χριστὸν</span> 
     </span>
    </p>
   </div>
   <div class='ocr_carea' id='block_1_94' title="bbox 401 4825 2001 4905">
    <p class='ocr_par' dir='ltr' id='par_1_94' title="bbox 401 4825 2001 4905">
     <span class='ocr_line' id='line_1_94' title="bbox 401 4825 2001 4905; baseline -0.005 -18"><span class='ocrx_word' id='word_1_726' title='bbox 401 4832 594 4887; x_wconf 81' lang='grc' dir='ltr'>ταῦτα</span> <span class='ocrx_word' id='word_1_727' title='bbox 649 4831 891 4903; x_wconf 78' lang='grc' dir='ltr'>εἴρηται,</span> <span class='ocrx_word' id='word_1_728' title='bbox 927 4834 1086 4901; x_wconf 85' lang='grc' dir='ltr'>μόνος</span> <span class='ocrx_word' id='word_1_729' title='bbox 1108 4830 1218 4901; x_wconf 76' lang='grc' dir='ltr'><strong>γὰρ</strong></span> <span class='ocrx_word' id='word_1_730' title='bbox 1253 4825 1410 4893; x_wconf 76' lang='grc' dir='ltr'>οὗτος</span> <span class='ocrx_word' id='word_1_731' title='bbox 1441 4829 1596 4905; x_wconf 80' lang='grc' dir='ltr'>ἄρτῳ</span> <span class='ocrx_word' id='word_1_732' title='bbox 1620 4829 1714 4882; x_wconf 76' lang='grc' dir='ltr'>καλ.</span> <span class='ocrx_word' id='word_1_733' title='bbox 1744 4828 1870 4899; x_wconf 74' lang='grc' dir='ltr'>οἴνῳ</span> <span class='ocrx_word' id='word_1_734' title='bbox 1902 4831 2001 4897; x_wconf 84' lang='grc' dir='ltr'>τὴν</span> 
     </span>
    </p>
   </div>
   <div class='ocr_carea' id='block_1_95' title="bbox 402 4919 2001 4993">
    <p class='ocr_par' dir='ltr' id='par_1_95' title="bbox 402 4919 2001 4993">
     <span class='ocr_line' id='line_1_95' title="bbox 402 4919 2001 4993; baseline -0.004 -15"><span class='ocrx_word' id='word_1_735' title='bbox 402 4926 610 4979; x_wconf 79' lang='grc' dir='ltr'>θυσίαν</span> <span class='ocrx_word' id='word_1_736' title='bbox 647 4923 1029 4993; x_wconf 77' lang='grc' dir='ltr'>ἀφωσιώσατο,</span> <span class='ocrx_word' id='word_1_737' title='bbox 1067 4923 1142 4987; x_wconf 78' lang='grc' dir='ltr'>ὡς</span> <span class='ocrx_word' id='word_1_738' title='bbox 1182 4922 1278 4975; x_wconf 79' lang='grc' dir='ltr'><strong>καί¹</strong></span> <span class='ocrx_word' id='word_1_739' title='bbox 1315 4924 1344 4974; x_wconf 86' lang='lat'><strong>6</strong></span> <span class='ocrx_word' id='word_1_740' title='bbox 1382 4921 1739 4992; x_wconf 80' lang='grc' dir='ltr'>Μελχισεδέκ.</span> <span class='ocrx_word' id='word_1_741' title='bbox 1778 4920 1904 4985; x_wconf 89' lang='grc' dir='ltr'><strong>Πῶς</strong></span> <span class='ocrx_word' id='word_1_742' title='bbox 1944 4919 2001 4973; x_wconf 76' lang='grc' dir='ltr'>δὲ</span> 
     </span>
    </p>
   </div>
   <div class='ocr_carea' id='block_1_96' title="bbox 404 5012 2004 5085">
    <p class='ocr_par' dir='ltr' id='par_1_96' title="bbox 404 5012 2004 5085">
     <span class='ocr_line' id='line_1_96' title="bbox 404 5012 2004 5085; baseline -0.003 -14"><span class='ocrx_word' id='word_1_743' title='bbox 404 5016 535 5072; x_wconf 74' lang='grc' dir='ltr'>εἷπε</span> <span class='ocrx_word' id='word_1_744' title='bbox 564 5018 647 5082; x_wconf 75' lang='grc' dir='ltr'>τὸ,</span> <span class='ocrx_word' id='word_1_745' title='bbox 667 5018 757 5083; x_wconf 80' lang='grc' dir='ltr'><strong>εις</strong></span> <span class='ocrx_word' id='word_1_746' title='bbox 798 5018 907 5070; x_wconf 83' lang='grc' dir='ltr'>τὸν</span> <span class='ocrx_word' id='word_1_747' title='bbox 949 5015 1173 5078; x_wconf 71' lang='grc' dir='ltr'>αἰῶνας</span> <span class='ocrx_word' id='word_1_748' title='bbox 1217 5016 1300 5068; x_wconf 85' lang='grc' dir='ltr'>ὃτι</span> <span class='ocrx_word' id='word_1_749' title='bbox 1359 5015 1455 5069; x_wconf 71' lang='grc' dir='ltr'><strong>καὶ</strong></span> <span class='ocrx_word' id='word_1_750' title='bbox 1485 5015 1582 5069; x_wconf 89' lang='grc' dir='ltr'><strong>νῦν</strong></span> <span class='ocrx_word' id='word_1_751' title='bbox 1612 5016 1751 5085; x_wconf 75' lang='grc' dir='ltr'>μετὰ</span> <span class='ocrx_word' id='word_1_752' title='bbox 1780 5013 1874 5067; x_wconf 86' lang='grc' dir='ltr'><strong>τοῦ</strong></span> <span class='ocrx_word' id='word_1_753' title='bbox 1901 5012 2004 5067; x_wconf 83' lang='grc' dir='ltr'><strong>σώ-</strong></span> 
     </span>
    </p>
   </div>
   <div class='ocr_carea' id='block_1_97' title="bbox 407 5105 2007 5180">
    <p class='ocr_par' dir='ltr' id='par_1_97' title="bbox 407 5105 2007 5180">
     <span class='ocr_line' id='line_1_97' title="bbox 407 5105 2007 5180; baseline -0.002 -17"><span class='ocrx_word' id='word_1_754' title='bbox 407 5127 611 5180; x_wconf 82' lang='grc' dir='ltr'>ματος,</span> <span class='ocrx_word' id='word_1_755' title='bbox 643 5109 672 5161; x_wconf 74' lang='grc' dir='ltr'>ὅ</span> <span class='ocrx_word' id='word_1_756' title='bbox 710 5109 848 5179; x_wconf 75' lang='grc' dir='ltr'><strong>ὑπὲρ</strong></span> <span class='ocrx_word' id='word_1_757' title='bbox 875 5108 1031 5179; x_wconf 80' lang='grc' dir='ltr'>ἡμῶν</span> <span class='ocrx_word' id='word_1_758' title='bbox 1064 5106 1279 5172; x_wconf 74' lang='grc' dir='ltr'>ἔθυσεν;</span> <span class='ocrx_word' id='word_1_759' title='bbox 1320 5106 1643 5177; x_wconf 75' lang='grc' dir='ltr'>ἐντυγχάνει</span> <span class='ocrx_word' id='word_1_760' title='bbox 1679 5106 1818 5177; x_wconf 81' lang='grc' dir='ltr'>ὑπὲρ</span> <span class='ocrx_word' id='word_1_761' title='bbox 1846 5105 2007 5177; x_wconf 75' lang='grc' dir='ltr'>ἡμῶν</span> 
     </span>
    </p>
   </div>
   <div class='ocr_carea' id='block_1_98' title="bbox 404 5196 2004 5272">
    <p class='ocr_par' dir='ltr' id='par_1_98' title="bbox 404 5196 2004 5272">
     <span class='ocr_line' id='line_1_98' title="bbox 404 5196 2004 5272; baseline -0.005 -17"><span class='ocrx_word' id='word_1_762' title='bbox 404 5202 490 5271; x_wconf 79' lang='grc' dir='ltr'>τῷ</span> <span class='ocrx_word' id='word_1_763' title='bbox 550 5200 674 5269; x_wconf 80' lang='grc' dir='ltr'>Θεῷ</span> <span class='ocrx_word' id='word_1_764' title='bbox 736 5202 830 5253; x_wconf 67' lang='grc' dir='ltr'>καὶ</span> <span class='ocrx_word' id='word_1_765' title='bbox 884 5198 1060 5272; x_wconf 84' lang='grc' dir='ltr'>Πατρῖ</span> <span class='ocrx_word' id='word_1_766' title='bbox 1093 5215 1106 5228; x_wconf 71' lang='grc' dir='ltr'><strong>ο</strong></span> <span class='ocrx_word' id='word_1_767' title='bbox 1174 5198 1477 5261; x_wconf 81' lang='grc' dir='ltr'>τουτέστιν,</span> <span class='ocrx_word' id='word_1_768' title='bbox 1531 5197 1674 5251; x_wconf 77' lang='grc' dir='ltr'>αὐτὰ</span> <span class='ocrx_word' id='word_1_769' title='bbox 1733 5197 1802 5251; x_wconf 81' lang='grc' dir='ltr'>τὰ</span> <span class='ocrx_word' id='word_1_770' title='bbox 1864 5196 2004 5267; x_wconf 78' lang='grc' dir='ltr'>ὑπὲρ</span> 
     </span>
    </p>
   </div>
   <div class='ocr_carea' id='block_1_99' title="bbox 406 5291 2006 5366">
    <p class='ocr_par' dir='ltr' id='par_1_99' title="bbox 406 5291 2006 5366">
     <span class='ocr_line' id='line_1_99' title="bbox 406 5291 2006 5366; baseline -0.003 -18"><span class='ocrx_word' id='word_1_771' title='bbox 406 5295 574 5366; x_wconf 72' lang='grc' dir='ltr'>ἡμῶν</span> <span class='ocrx_word' id='word_1_772' title='bbox 606 5294 756 5365; x_wconf 79' lang='grc' dir='ltr'>πάθη</span> <span class='ocrx_word' id='word_1_773' title='bbox 791 5293 1032 5364; x_wconf 78' lang='grc' dir='ltr'>μεγάλην</span> <span class='ocrx_word' id='word_1_774' title='bbox 1060 5293 1344 5348; x_wconf 79' lang='grc' dir='ltr'>δυσωπίαν</span> <span class='ocrx_word' id='word_1_775' title='bbox 1384 5291 1772 5362; x_wconf 73' lang='grc' dir='ltr'>προϐάλλεται,</span> <span class='ocrx_word' id='word_1_776' title='bbox 1805 5291 2006 5363; x_wconf 77' lang='grc' dir='ltr'>ἀλαλή-</span> 
     </span>
    </p>
   </div>
   <div class='ocr_carea' id='block_1_100' title="bbox 405 5380 2005 5458">
    <p class='ocr_par' dir='ltr' id='par_1_100' title="bbox 405 5380 2005 5458">
     <span class='ocr_line' id='line_1_100' title="bbox 405 5380 2005 5458; baseline -0.004 -17"><span class='ocrx_word' id='word_1_777' title='bbox 405 5406 520 5452; x_wconf 85' lang='grc' dir='ltr'><strong>τως</strong></span> <span class='ocrx_word' id='word_1_778' title='bbox 565 5385 748 5439; x_wconf 82' lang='grc' dir='ltr'>λαλῶν</span> <span class='ocrx_word' id='word_1_779' title='bbox 777 5385 851 5456; x_wconf 78' lang='grc' dir='ltr'>τῷ</span> <span class='ocrx_word' id='word_1_780' title='bbox 887 5386 1082 5458; x_wconf 73' lang='grc' dir='ltr'>Πατρὶ,</span> <span class='ocrx_word' id='word_1_781' title='bbox 1142 5386 1227 5438; x_wconf 81' lang='grc' dir='ltr'>ὅτι</span> <span class='ocrx_word' id='word_1_782' title='bbox 1285 5383 1463 5454; x_wconf 80' lang='grc' dir='ltr'>’Υπὲρ</span> <span class='ocrx_word' id='word_1_783' title='bbox 1512 5380 1615 5455; x_wconf 79' lang='grc' dir='ltr'>τῆς</span> <span class='ocrx_word' id='word_1_784' title='bbox 1654 5380 2005 5453; x_wconf 78' lang='grc' dir='ltr'>ἀνθρωπίνης</span> 
     </span>
    </p>
   </div>
   <div class='ocr_carea' id='block_1_101' title="bbox 408 5473 2002 5561">
    <p class='ocr_par' dir='ltr' id='par_1_101' title="bbox 408 5473 2002 5561">
     <span class='ocr_line' id='line_1_101' title="bbox 408 5473 2002 5561; baseline -0.005 -26"><span class='ocrx_word' id='word_1_785' title='bbox 408 5481 635 5550; x_wconf 79' lang='grc' dir='ltr'>φὺσεως</span> <span class='ocrx_word' id='word_1_786' title='bbox 674 5480 705 5532; x_wconf 94' lang='lat'><strong>6</strong></span> <span class='ocrx_word' id='word_1_787' title='bbox 734 5478 825 5543; x_wconf 84' lang='grc' dir='ltr'>σὸς</span> <span class='ocrx_word' id='word_1_788' title='bbox 853 5477 977 5542; x_wconf 77' lang='grc' dir='ltr'><strong>Υἱὸς</strong></span> <span class='ocrx_word' id='word_1_789' title='bbox 1002 5478 1215 5548; x_wconf 84' lang='grc' dir='ltr'>ὑπέστη</span> <span class='ocrx_word' id='word_1_790' title='bbox 1246 5477 1422 5531; x_wconf 85' lang='grc' dir='ltr'>ταῦτα</span> <span class='ocrx_word' id='word_1_791' title='bbox 1446 5492 1458 5504; x_wconf 93' lang='grc'><strong>·</strong></span> <span class='ocrx_word' id='word_1_792' title='bbox 1488 5476 1714 5561; x_wconf 78' lang='grc' dir='ltr'>ἐλέησον</span> <span class='ocrx_word' id='word_1_793' title='bbox 1741 5473 1836 5529; x_wconf 86' lang='grc' dir='ltr'><strong>οῦν</strong></span> <span class='ocrx_word' id='word_1_794' title='bbox 1875 5473 2002 5528; x_wconf 73' lang='grc' dir='ltr'>τού-</span> 
     </span>
    </p>
   </div>
   <div class='ocr_carea' id='block_1_102' title="bbox 402 5562 2004 5646">
    <p class='ocr_par' dir='ltr' id='par_1_102' title="bbox 402 5562 2004 5646">
     <span class='ocr_line' id='line_1_102' title="bbox 402 5562 2004 5646; baseline -0.004 -15"><span class='ocrx_word' id='word_1_795' title='bbox 402 5595 536 5642; x_wconf 80' lang='grc' dir='ltr'>τους</span> <span class='ocrx_word' id='word_1_796' title='bbox 577 5575 725 5646; x_wconf 69' lang='grc' dir='ltr'>ὑπὲρ</span> <span class='ocrx_word' id='word_1_797' title='bbox 750 5569 825 5628; x_wconf 83' lang='grc' dir='ltr'><strong>ὧν</strong></span> <span class='ocrx_word' id='word_1_798' title='bbox 847 5573 1164 5645; x_wconf 72' lang='grc' dir='ltr'>ἀνεσχόμην</span> <span class='ocrx_word' id='word_1_799' title='bbox 1215 5572 1327 5643; x_wconf 69' lang='grc' dir='ltr'><strong>ἐγὼ</strong></span> <span class='ocrx_word' id='word_1_800' title='bbox 1366 5571 1580 5627; x_wconf 86' lang='grc' dir='ltr'>παθεῖν.</span> <span class='ocrx_word' id='word_1_801' title='bbox 1606 5562 1679 5625; x_wconf 80' lang='grc' dir='ltr'><strong><em>Ἦ</em></strong></span> <span class='ocrx_word' id='word_1_802' title='bbox 1713 5571 1796 5625; x_wconf 83' lang='grc' dir='ltr'><strong>ὅτι</strong></span> <span class='ocrx_word' id='word_1_803' title='bbox 1824 5572 1856 5642; x_wconf 84' lang='grc' dir='ltr'><strong>ἡ</strong></span> <span class='ocrx_word' id='word_1_804' title='bbox 1882 5570 2004 5624; x_wconf 80' lang='grc' dir='ltr'>καθ’</span> 
     </span>
    </p>
   </div>
   <div class='ocr_carea' id='block_1_103' title="bbox 404 5664 2005 5742">
    <p class='ocr_par' dir='ltr' id='par_1_103' title="bbox 404 5664 2005 5742">
     <span class='ocr_line' id='line_1_103' title="bbox 404 5664 2005 5742; baseline -0.005 -16"><span class='ocrx_word' id='word_1_805' title='bbox 404 5671 655 5742; x_wconf 79' lang='grc' dir='ltr'>ἑκάστην</span> <span class='ocrx_word' id='word_1_806' title='bbox 713 5668 977 5738; x_wconf 77' lang='grc' dir='ltr'>γινομένη</span> <span class='ocrx_word' id='word_1_807' title='bbox 1028 5668 1125 5720; x_wconf 74' lang='grc' dir='ltr'>καὶ</span> <span class='ocrx_word' id='word_1_808' title='bbox 1177 5666 1523 5736; x_wconf 77' lang='grc' dir='ltr'>γενησομένη</span> <span class='ocrx_word' id='word_1_809' title='bbox 1574 5666 1659 5730; x_wconf 84' lang='grc' dir='ltr'>εἰς</span> <span class='ocrx_word' id='word_1_810' title='bbox 1688 5665 1781 5721; x_wconf 81' lang='grc' dir='ltr'><strong>τὸν</strong></span> <span class='ocrx_word' id='word_1_811' title='bbox 1831 5664 2005 5719; x_wconf 82' lang='grc' dir='ltr'>αἰῶνα</span> 
     </span>
    </p>
   </div>
   <div class='ocr_carea' id='block_1_104' title="bbox 404 5757 2004 5835">
    <p class='ocr_par' dir='ltr' id='par_1_104' title="bbox 404 5757 2004 5835">
     <span class='ocr_line' id='line_1_104' title="bbox 404 5757 2004 5835; baseline -0.006 -16"><span class='ocrx_word' id='word_1_812' title='bbox 404 5761 728 5835; x_wconf 76' lang='grc' dir='ltr'>προσφορὰ,</span> <span class='ocrx_word' id='word_1_813' title='bbox 746 5759 841 5815; x_wconf 75' lang='grc' dir='ltr'>διὰ</span> <span class='ocrx_word' id='word_1_814' title='bbox 862 5758 974 5813; x_wconf 82' lang='grc' dir='ltr'><strong>τῶν</strong></span> <span class='ocrx_word' id='word_1_815' title='bbox 1003 5757 1098 5810; x_wconf 84' lang='grc' dir='ltr'><strong>τοῦ</strong></span> <span class='ocrx_word' id='word_1_816' title='bbox 1124 5757 1258 5811; x_wconf 85' lang='grc' dir='ltr'>Θεοῦ</span> <span class='ocrx_word' id='word_1_817' title='bbox 1295 5758 1655 5829; x_wconf 85' lang='grc' dir='ltr'>λειτουργῶν,</span> <span class='ocrx_word' id='word_1_818' title='bbox 1692 5757 1858 5812; x_wconf 78' lang='grc' dir='ltr'>αὐτὸν</span> <span class='ocrx_word' id='word_1_819' title='bbox 1890 5758 2004 5828; x_wconf 80' lang='grc' dir='ltr'>ἕχει</span> 
     </span>
    </p>
   </div>
   <div class='ocr_carea' id='block_1_105' title="bbox 418 5848 2006 5930">
    <p class='ocr_par' dir='ltr' id='par_1_105' title="bbox 418 5848 2006 5930">
     <span class='ocr_line' id='line_1_105' title="bbox 418 5848 2006 5930; baseline -0.007 -17"><span class='ocrx_word' id='word_1_820' title='bbox 418 5854 716 5930; x_wconf 77' lang='grc' dir='ltr'>Ἀρχιερέα</span> <span class='ocrx_word' id='word_1_821' title='bbox 758 5853 858 5907; x_wconf 77' lang='grc' dir='ltr'><strong>καὶ</strong></span> <span class='ocrx_word' id='word_1_822' title='bbox 886 5848 1067 5920; x_wconf 73' lang='grc' dir='ltr'>’ἱερέα</span> <span class='ocrx_word' id='word_1_823' title='bbox 1098 5848 1190 5901; x_wconf 78' lang='grc' dir='ltr'><strong>τὸν</strong></span> <span class='ocrx_word' id='word_1_824' title='bbox 1217 5850 1447 5919; x_wconf 82' lang='grc' dir='ltr'>Κύριον,</span> <span class='ocrx_word' id='word_1_825' title='bbox 1497 5852 1593 5903; x_wconf 72' lang='grc' dir='ltr'>καὶ</span> <span class='ocrx_word' id='word_1_826' title='bbox 1629 5851 1848 5919; x_wconf 82' lang='grc' dir='ltr'>ἱερεῖον,</span> <span class='ocrx_word' id='word_1_827' title='bbox 1879 5850 2006 5903; x_wconf 84' lang='grc' dir='ltr'>ἑαυ-</span> 
     </span>
    </p>
   </div>
   <div class='ocr_carea' id='block_1_106' title="bbox 2106 4733 3692 4800">
    <p class='ocr_par' dir='ltr' id='par_1_106' title="bbox 2106 4733 3692 4800">
     <span class='ocr_line' id='line_1_106' title="bbox 2106 4733 3692 4800; baseline 0.007 -14"><span class='ocrx_word' id='word_1_828' title='bbox 2106 4733 2482 4798; x_wconf 83' lang='lat' dir='ltr'><strong>celebrabant,</strong></span> <span class='ocrx_word' id='word_1_829' title='bbox 2514 4744 2569 4790; x_wconf 88' lang='lat' dir='ltr'><strong>et</strong></span> <span class='ocrx_word' id='word_1_830' title='bbox 2593 4737 2844 4793; x_wconf 88' lang='lat' dir='ltr'><strong>victimas</strong></span> <span class='ocrx_word' id='word_1_831' title='bbox 2877 4736 3181 4793; x_wconf 69' lang='lat' dir='ltr'><strong>oderebant</strong></span> <span class='ocrx_word' id='word_1_832' title='bbox 3203 4740 3224 4793; x_wconf 90' lang='lat'><strong>?</strong></span> <span class='ocrx_word' id='word_1_833' title='bbox 3248 4740 3692 4800; x_wconf 80' lang='lat' dir='ltr'><strong>Manifestissime</strong></span> 
     </span>
    </p>
   </div>
   <div class='ocr_carea' id='block_1_107' title="bbox 2108 4821 3711 4895">
    <p class='ocr_par' dir='ltr' id='par_1_107' title="bbox 2108 4821 3711 4895">
     <span class='ocr_line' id='line_1_107' title="bbox 2108 4821 3711 4895; baseline 0.009 -17"><span class='ocrx_word' id='word_1_834' title='bbox 2108 4826 2276 4895; x_wconf 87' lang='lat' dir='ltr'><strong>igitur</strong></span> <span class='ocrx_word' id='word_1_835' title='bbox 2302 4829 2370 4883; x_wconf 87' lang='lat' dir='ltr'><strong>de</strong></span> <span class='ocrx_word' id='word_1_836' title='bbox 2399 4821 2619 4885; x_wconf 62' lang='lat' dir='ltr'><strong>Christo</strong></span> <span class='ocrx_word' id='word_1_837' title='bbox 2655 4831 2761 4885; x_wconf 88' lang='lat' dir='ltr'><strong>hoe</strong></span> <span class='ocrx_word' id='word_1_838' title='bbox 2813 4833 3022 4887; x_wconf 85' lang='lat' dir='ltr'><strong>dictum</strong></span> <span class='ocrx_word' id='word_1_839' title='bbox 3057 4844 3179 4889; x_wconf 85' lang='lat' dir='ltr'><strong>est:</strong></span> <span class='ocrx_word' id='word_1_840' title='bbox 3214 4837 3367 4890; x_wconf 89' lang='lat' dir='ltr'><strong>solus</strong></span> <span class='ocrx_word' id='word_1_841' title='bbox 3418 4838 3568 4892; x_wconf 89' lang='lat' dir='ltr'><strong>enim</strong></span> <span class='ocrx_word' id='word_1_842' title='bbox 3603 4838 3711 4892; x_wconf 85' lang='lat' dir='ltr'><strong>ille.</strong></span> 
     </span>
    </p>
   </div>
   <div class='ocr_carea' id='block_1_108' title="bbox 2106 4921 3693 4998">
    <p class='ocr_par' dir='ltr' id='par_1_108' title="bbox 2106 4921 3693 4998">
     <span class='ocr_line' id='line_1_108' title="bbox 2106 4921 3693 4998; baseline 0.006 -26"><span class='ocrx_word' id='word_1_843' title='bbox 2106 4933 2248 4988; x_wconf 89' lang='lat' dir='ltr'><strong>pane</strong></span> <span class='ocrx_word' id='word_1_844' title='bbox 2288 4929 2343 4974; x_wconf 84' lang='lat' dir='ltr'><strong>et</strong></span> <span class='ocrx_word' id='word_1_845' title='bbox 2392 4921 2518 4977; x_wconf 89' lang='lat' dir='ltr'><strong>vino</strong></span> <span class='ocrx_word' id='word_1_846' title='bbox 2569 4924 2897 4979; x_wconf 70' lang='lat' dir='ltr'><strong>sacrificium</strong></span> <span class='ocrx_word' id='word_1_847' title='bbox 2944 4928 3314 4992; x_wconf 83' lang='lat' dir='ltr'><strong>consecravit,</strong></span> <span class='ocrx_word' id='word_1_848' title='bbox 3361 4929 3590 4998; x_wconf 85' lang='lat' dir='ltr'><strong>perinde</strong></span> <span class='ocrx_word' id='word_1_849' title='bbox 3629 4944 3693 4982; x_wconf 85' lang='lat' dir='ltr'><strong>ac</strong></span> 
     </span>
    </p>
   </div>
   <div class='ocr_carea' id='block_1_109' title="bbox 2108 5009 3688 5086">
    <p class='ocr_par' dir='ltr' id='par_1_109' title="bbox 2108 5009 3688 5086">
     <span class='ocr_line' id='line_1_109' title="bbox 2108 5009 3688 5086; baseline 0.007 -23"><span class='ocrx_word' id='word_1_850' title='bbox 2108 5009 2494 5068; x_wconf 83' lang='lat' dir='ltr'><strong>Melchisedec.</strong></span> <span class='ocrx_word' id='word_1_851' title='bbox 2526 5014 2631 5080; x_wconf 82' lang='lat' dir='ltr'><strong>Qui</strong></span> <span class='ocrx_word' id='word_1_852' title='bbox 2668 5032 2796 5071; x_wconf 87' lang='lat' dir='ltr'><strong>vero</strong></span> <span class='ocrx_word' id='word_1_853' title='bbox 2819 5017 2977 5082; x_wconf 81' lang='lat' dir='ltr'><strong>dixit,</strong></span> <span class='ocrx_word' id='word_1_854' title='bbox 2998 5018 3051 5071; x_wconf 78' lang='lat' dir='ltr'><strong>in</strong></span> <span class='ocrx_word' id='word_1_855' title='bbox 3087 5028 3341 5077; x_wconf 77' lang='lat' dir='ltr'><strong>wtcrnum</strong></span> <span class='ocrx_word' id='word_1_856' title='bbox 3364 5022 3391 5076; x_wconf 81' lang='lat'><strong>.’</strong></span> <span class='ocrx_word' id='word_1_857' title='bbox 3418 5020 3688 5086; x_wconf 85' lang='lat' dir='ltr'><strong>Quoniam</strong></span> 
     </span>
    </p>
   </div>
   <div class='ocr_carea' id='block_1_110' title="bbox 2107 5105 3692 5185">
    <p class='ocr_par' dir='ltr' id='par_1_110' title="bbox 2107 5105 3692 5185">
     <span class='ocr_line' id='line_1_110' title="bbox 2107 5105 3692 5185; baseline 0.003 -26"><span class='ocrx_word' id='word_1_858' title='bbox 2107 5105 2412 5160; x_wconf 89' lang='lat' dir='ltr'><strong>etiamnum</strong></span> <span class='ocrx_word' id='word_1_859' title='bbox 2444 5124 2549 5161; x_wconf 89' lang='lat' dir='ltr'><strong>una</strong></span> <span class='ocrx_word' id='word_1_860' title='bbox 2586 5124 2711 5185; x_wconf 81' lang='lat' dir='ltr'><strong>eum</strong></span> <span class='ocrx_word' id='word_1_861' title='bbox 2742 5125 2976 5180; x_wconf 89' lang='lat' dir='ltr'><strong>corpore</strong></span> <span class='ocrx_word' id='word_1_862' title='bbox 3007 5112 3152 5183; x_wconf 86' lang='lat' dir='ltr'><strong>quod</strong></span> <span class='ocrx_word' id='word_1_863' title='bbox 3181 5128 3280 5182; x_wconf 88' lang='lat' dir='ltr'><strong>pro</strong></span> <span class='ocrx_word' id='word_1_864' title='bbox 3313 5113 3472 5168; x_wconf 88' lang='lat' dir='ltr'><strong>nobis</strong></span> <span class='ocrx_word' id='word_1_865' title='bbox 3498 5114 3692 5167; x_wconf 84' lang='lat' dir='ltr'><strong>immu-</strong></span> 
     </span>
    </p>
   </div>
   <div class='ocr_carea' id='block_1_111' title="bbox 2108 5199 3692 5274">
    <p class='ocr_par' dir='ltr' id='par_1_111' title="bbox 2108 5199 3692 5274">
     <span class='ocr_line' id='line_1_111' title="bbox 2108 5199 3692 5274; baseline 0.006 -23"><span class='ocrx_word' id='word_1_866' title='bbox 2108 5199 2259 5265; x_wconf 83' lang='lat' dir='ltr'><strong>lavit,</strong></span> <span class='ocrx_word' id='word_1_867' title='bbox 2286 5199 2427 5269; x_wconf 89' lang='lat' dir='ltr'><strong>apud</strong></span> <span class='ocrx_word' id='word_1_868' title='bbox 2478 5199 2645 5255; x_wconf 89' lang='lat' dir='ltr'><strong>Deum</strong></span> <span class='ocrx_word' id='word_1_869' title='bbox 2680 5200 2899 5256; x_wconf 80' lang='lat' dir='ltr'><strong>Patrem</strong></span> <span class='ocrx_word' id='word_1_870' title='bbox 2934 5204 3244 5267; x_wconf 85' lang='lat' dir='ltr'><strong>intercedit,</strong></span> <span class='ocrx_word' id='word_1_871' title='bbox 3281 5203 3385 5258; x_wconf 90' lang='lat' dir='ltr'><strong>hoc</strong></span> <span class='ocrx_word' id='word_1_872' title='bbox 3412 5211 3517 5269; x_wconf 86' lang='lat' dir='ltr'><strong>est,</strong></span> <span class='ocrx_word' id='word_1_873' title='bbox 3543 5203 3692 5274; x_wconf 84' lang='lat' dir='ltr'><strong>ipsas</strong></span> 
     </span>
    </p>
   </div>
   <div class='ocr_carea' id='block_1_112' title="bbox 2107 5294 3696 5364">
    <p class='ocr_par' dir='ltr' id='par_1_112' title="bbox 2107 5294 3696 5364">
     <span class='ocr_line' id='line_1_112' title="bbox 2107 5294 3696 5364; baseline 0.004 -19"><span class='ocrx_word' id='word_1_874' title='bbox 2107 5307 2246 5361; x_wconf 87' lang='lat' dir='ltr'><strong>quas</strong></span> <span class='ocrx_word' id='word_1_875' title='bbox 2271 5307 2371 5363; x_wconf 89' lang='lat' dir='ltr'><strong>pro</strong></span> <span class='ocrx_word' id='word_1_876' title='bbox 2389 5294 2547 5348; x_wconf 88' lang='lat' dir='ltr'><strong>nobis</strong></span> <span class='ocrx_word' id='word_1_877' title='bbox 2575 5295 2797 5364; x_wconf 85' lang='lat' dir='ltr'><strong>pertulit</strong></span> <span class='ocrx_word' id='word_1_878' title='bbox 2823 5295 3161 5362; x_wconf 78' lang='lat' dir='ltr'><strong>amictiones,</strong></span> <span class='ocrx_word' id='word_1_879' title='bbox 3195 5306 3253 5351; x_wconf 89' lang='lat' dir='ltr'><strong>ut</strong></span> <span class='ocrx_word' id='word_1_880' title='bbox 3277 5298 3511 5351; x_wconf 87' lang='lat' dir='ltr'><strong>multum</strong></span> <span class='ocrx_word' id='word_1_881' title='bbox 3542 5314 3696 5354; x_wconf 82' lang='lat' dir='ltr'><strong>com--</strong></span> 
     </span>
    </p>
   </div>
   <div class='ocr_carea' id='block_1_113' title="bbox 2109 5384 3697 5458">
    <p class='ocr_par' dir='ltr' id='par_1_113' title="bbox 2109 5384 3697 5458">
     <span class='ocr_line' id='line_1_113' title="bbox 2109 5384 3697 5458; baseline 0.004 -19"><span class='ocrx_word' id='word_1_882' title='bbox 2109 5393 2347 5449; x_wconf 85' lang='lat' dir='ltr'><strong>moveat,</strong></span> <span class='ocrx_word' id='word_1_883' title='bbox 2385 5387 2660 5457; x_wconf 80' lang='lat' dir='ltr'><strong>proponit,</strong></span> <span class='ocrx_word' id='word_1_884' title='bbox 2692 5387 2813 5442; x_wconf 86' lang='lat' dir='ltr'><strong>sine</strong></span> <span class='ocrx_word' id='word_1_885' title='bbox 2845 5404 2981 5442; x_wconf 78' lang='lat' dir='ltr'><strong>voce.</strong></span> <span class='ocrx_word' id='word_1_886' title='bbox 3014 5384 3165 5443; x_wconf 83' lang='lat' dir='ltr'><strong>Patri</strong></span> <span class='ocrx_word' id='word_1_887' title='bbox 3197 5388 3269 5441; x_wconf 90' lang='lat' dir='ltr'><strong>ita</strong></span> <span class='ocrx_word' id='word_1_888' title='bbox 3293 5387 3521 5458; x_wconf 85' lang='lat' dir='ltr'><strong>loquens</strong></span> <span class='ocrx_word' id='word_1_889' title='bbox 3549 5408 3562 5444; x_wconf 93' lang='lat'>:</span> <span class='ocrx_word' id='word_1_890' title='bbox 3591 5388 3697 5446; x_wconf 89' lang='lat' dir='ltr'><strong>Pro</strong></span> 
     </span>
    </p>
   </div>
   <div class='ocr_carea' id='block_1_114' title="bbox 2110 5479 3719 5541">
    <p class='ocr_par' dir='ltr' id='par_1_114' title="bbox 2110 5479 3719 5541">
     <span class='ocr_line' id='line_1_114' title="bbox 2110 5479 3719 5541; baseline 0.003 -7"><span class='ocrx_word' id='word_1_891' title='bbox 2110 5479 2349 5537; x_wconf 89' lang='lat' dir='ltr'><strong>humana</strong></span> <span class='ocrx_word' id='word_1_892' title='bbox 2375 5489 2575 5537; x_wconf 88' lang='lat' dir='ltr'><strong>natura</strong></span> <span class='ocrx_word' id='word_1_893' title='bbox 2610 5480 2783 5536; x_wconf 86' lang='lat' dir='ltr'><strong>Filius</strong></span> <span class='ocrx_word' id='word_1_894' title='bbox 2812 5489 2939 5537; x_wconf 91' lang='lat' dir='ltr'><strong>tuus</strong></span> <span class='ocrx_word' id='word_1_895' title='bbox 2969 5481 3233 5536; x_wconf 83' lang='lat' dir='ltr'><strong>sustinuit</strong></span> <span class='ocrx_word' id='word_1_896' title='bbox 3259 5482 3372 5537; x_wconf 57' lang='lat' dir='ltr'><strong>hac</strong></span> <span class='ocrx_word' id='word_1_897' title='bbox 3396 5500 3411 5536; x_wconf 92' lang='lat'><strong>:</strong></span> <span class='ocrx_word' id='word_1_898' title='bbox 3432 5483 3719 5541; x_wconf 73' lang='lat' dir='ltr'><strong>miserere,</strong></span> 
     </span>
    </p>
   </div>
   <div class='ocr_carea' id='block_1_115' title="bbox 2110 5575 3691 5646">
    <p class='ocr_par' dir='ltr' id='par_1_115' title="bbox 2110 5575 3691 5646">
     <span class='ocr_line' id='line_1_115' title="bbox 2110 5575 3691 5646; baseline 0 -15"><span class='ocrx_word' id='word_1_899' title='bbox 2110 5577 2277 5646; x_wconf 81' lang='lat' dir='ltr'><strong>igitur</strong></span> <span class='ocrx_word' id='word_1_900' title='bbox 2303 5576 2524 5640; x_wconf 87' lang='lat' dir='ltr'><strong>horum,</strong></span> <span class='ocrx_word' id='word_1_901' title='bbox 2556 5590 2657 5646; x_wconf 90' lang='lat' dir='ltr'><strong>pro</strong></span> <span class='ocrx_word' id='word_1_902' title='bbox 2687 5575 2887 5645; x_wconf 81' lang='lat' dir='ltr'><strong>quibus</strong></span> <span class='ocrx_word' id='word_1_903' title='bbox 2909 5589 3009 5645; x_wconf 79' lang='lat' dir='ltr'><strong>ego</strong></span> <span class='ocrx_word' id='word_1_904' title='bbox 3037 5576 3149 5644; x_wconf 89' lang='lat' dir='ltr'><strong>pati</strong></span> <span class='ocrx_word' id='word_1_905' title='bbox 3174 5582 3230 5630; x_wconf 87' lang='lat' dir='ltr'><strong>et</strong></span> <span class='ocrx_word' id='word_1_906' title='bbox 3257 5576 3395 5630; x_wconf 89' lang='lat' dir='ltr'><strong>mori</strong></span> <span class='ocrx_word' id='word_1_907' title='bbox 3426 5576 3691 5632; x_wconf 87' lang='lat' dir='ltr'><strong>sustinui.</strong></span> 
     </span>
    </p>
   </div>
   <div class='ocr_carea' id='block_1_116' title="bbox 2110 5664 3692 5738">
    <p class='ocr_par' dir='ltr' id='par_1_116' title="bbox 2110 5664 3692 5738">
     <span class='ocr_line' id='line_1_116' title="bbox 2110 5664 3692 5738; baseline -0.002 -13"><span class='ocrx_word' id='word_1_908' title='bbox 2110 5667 2203 5725; x_wconf 83' lang='lat' dir='ltr'><strong>Vel</strong></span> <span class='ocrx_word' id='word_1_909' title='bbox 2238 5666 2367 5738; x_wconf 90' lang='lat' dir='ltr'><strong>quia</strong></span> <span class='ocrx_word' id='word_1_910' title='bbox 2405 5680 2528 5738; x_wconf 61' lang='lat' dir='ltr'><strong>quae</strong></span> <span class='ocrx_word' id='word_1_911' title='bbox 2574 5667 2629 5719; x_wconf 86' lang='lat' dir='ltr'><strong>in</strong></span> <span class='ocrx_word' id='word_1_912' title='bbox 2662 5665 2911 5736; x_wconf 78' lang='lat' dir='ltr'><strong>singulos</strong></span> <span class='ocrx_word' id='word_1_913' title='bbox 2938 5665 3055 5721; x_wconf 88' lang='lat' dir='ltr'><strong>dies</strong></span> <span class='ocrx_word' id='word_1_914' title='bbox 3105 5665 3165 5719; x_wconf 80' lang='lat' dir='ltr'><strong>ﬁt</strong></span> <span class='ocrx_word' id='word_1_915' title='bbox 3203 5675 3258 5721; x_wconf 90' lang='lat' dir='ltr'><strong>et</strong></span> <span class='ocrx_word' id='word_1_916' title='bbox 3291 5664 3480 5722; x_wconf 80' lang='lat' dir='ltr'><strong>futura</strong></span> <span class='ocrx_word' id='word_1_917' title='bbox 3522 5667 3692 5723; x_wconf 87' lang='lat' dir='ltr'><strong>estin</strong></span> 
     </span>
    </p>
   </div>
   <div class='ocr_carea' id='block_1_117' title="bbox 2108 5750 3696 5824">
    <p class='ocr_par' dir='ltr' id='par_1_117' title="bbox 2108 5750 3696 5824">
     <span class='ocr_line' id='line_1_117' title="bbox 2108 5750 3696 5824; baseline -0.004 -16"><span class='ocrx_word' id='word_1_918' title='bbox 2108 5761 2430 5823; x_wconf 87' lang='lat' dir='ltr'><strong>perpetuum</strong></span> <span class='ocrx_word' id='word_1_919' title='bbox 2476 5751 2682 5806; x_wconf 86' lang='lat' dir='ltr'><strong>oblatio</strong></span> <span class='ocrx_word' id='word_1_920' title='bbox 2708 5767 2806 5822; x_wconf 87' lang='lat' dir='ltr'><strong>per</strong></span> <span class='ocrx_word' id='word_1_921' title='bbox 2838 5750 2934 5807; x_wconf 86' lang='lat' dir='ltr'><strong>Dei</strong></span> <span class='ocrx_word' id='word_1_922' title='bbox 2979 5752 3284 5817; x_wconf 90' lang='lat' dir='ltr'><strong>ministros,</strong></span> <span class='ocrx_word' id='word_1_923' title='bbox 3318 5755 3500 5824; x_wconf 87' lang='lat' dir='ltr'><strong>ipsum</strong></span> <span class='ocrx_word' id='word_1_924' title='bbox 3531 5754 3696 5820; x_wconf 58' lang='lat' dir='ltr'><strong>habit</strong></span> 
     </span>
    </p>
   </div>
   <div class='ocr_carea' id='block_1_118' title="bbox 2108 5843 3694 5914">
    <p class='ocr_par' dir='ltr' id='par_1_118' title="bbox 2108 5843 3694 5914">
     <span class='ocr_line' id='line_1_118' title="bbox 2108 5843 3694 5914; baseline 0.001 -17"><span class='ocrx_word' id='word_1_925' title='bbox 2108 5843 2429 5899; x_wconf 79' lang='lat' dir='ltr'><strong>Pontiﬁcem</strong></span> <span class='ocrx_word' id='word_1_926' title='bbox 2463 5851 2520 5899; x_wconf 86' lang='lat' dir='ltr'><strong>et</strong></span> <span class='ocrx_word' id='word_1_927' title='bbox 2560 5843 2915 5900; x_wconf 87' lang='lat' dir='ltr'><strong>Sacerdotem</strong></span> <span class='ocrx_word' id='word_1_928' title='bbox 2964 5844 3279 5909; x_wconf 85' lang='lat' dir='ltr'><strong>Dominum,</strong></span> <span class='ocrx_word' id='word_1_929' title='bbox 3321 5852 3487 5914; x_wconf 87' lang='lat' dir='ltr'><strong>atque</strong></span> <span class='ocrx_word' id='word_1_930' title='bbox 3527 5843 3694 5914; x_wconf 77' lang='lat'><strong>678</strong></span> 
     </span>
    </p>
   </div>
   <div class='ocr_carea' id='block_1_119' title="bbox 396 5935 2001 6016">
    <p class='ocr_par' dir='ltr' id='par_1_119' title="bbox 396 5938 2001 6016">
     <span class='ocr_line' id='line_1_119' title="bbox 396 5938 2001 6016; baseline -0.004 -16"><span class='ocrx_word' id='word_1_931' title='bbox 396 5950 492 6002; x_wconf 64' lang='grc' dir='ltr'>τὶν</span> <span class='ocrx_word' id='word_1_932' title='bbox 532 5947 681 6016; x_wconf 58' lang='grc' dir='ltr'>ὕπερ</span> <span class='ocrx_word' id='word_1_933' title='bbox 711 5943 875 6016; x_wconf 76' lang='grc' dir='ltr'>ἡμῶν</span> <span class='ocrx_word' id='word_1_934' title='bbox 924 5938 1249 6008; x_wconf 78' lang='grc' dir='ltr'>ἁγιάζοντα,</span> <span class='ocrx_word' id='word_1_935' title='bbox 1279 5941 1372 5995; x_wconf 69' lang='grc' dir='ltr'><strong>καὶ</strong></span> <span class='ocrx_word' id='word_1_936' title='bbox 1409 5938 1712 6011; x_wconf 83' lang='grc' dir='ltr'>κλώμενον,</span> <span class='ocrx_word' id='word_1_937' title='bbox 1753 5940 1848 5996; x_wconf 72' lang='grc' dir='ltr'><strong>καὶ</strong></span> <span class='ocrx_word' id='word_1_938' title='bbox 1870 5940 2001 5994; x_wconf 79' lang='grc' dir='ltr'>διδό-</span> 
     </span>
    </p>
   </div>
   <div class='ocr_carea' id='block_1_120' title="bbox 2108 5935 3690 6016">
    <p class='ocr_par' dir='ltr' id='par_1_120' title="bbox 2108 5935 3690 6009">
     <span class='ocr_line' id='line_1_120' title="bbox 2108 5935 3690 6009; baseline -0.006 -15"><span class='ocrx_word' id='word_1_939' title='bbox 2108 5937 2245 5994; x_wconf 90' lang='lat' dir='ltr'><strong>adco</strong></span> <span class='ocrx_word' id='word_1_940' title='bbox 2277 5938 2449 6009; x_wconf 85' lang='lat' dir='ltr'><strong>ipsam</strong></span> <span class='ocrx_word' id='word_1_941' title='bbox 2492 5937 2751 6002; x_wconf 88' lang='lat' dir='ltr'><strong>hostiam,</strong></span> <span class='ocrx_word' id='word_1_942' title='bbox 2796 5937 2889 6008; x_wconf 88' lang='lat' dir='ltr'><strong>qui</strong></span> <span class='ocrx_word' id='word_1_943' title='bbox 2939 5938 3182 6008; x_wconf 85' lang='lat' dir='ltr'><strong>seipsum</strong></span> <span class='ocrx_word' id='word_1_944' title='bbox 3231 5952 3331 6007; x_wconf 87' lang='lat' dir='ltr'><strong>pro</strong></span> <span class='ocrx_word' id='word_1_945' title='bbox 3369 5935 3530 5991; x_wconf 86' lang='lat' dir='ltr'><strong>nobis</strong></span> <span class='ocrx_word' id='word_1_946' title='bbox 3560 5949 3690 5988; x_wconf 89' lang='lat' dir='ltr'><strong>san-</strong></span> 
     </span>
    </p>
   </div>
  </div>
