4080 6420
393 416 502 480 243

1293 426 1871 492 THEOPHYLACTI
1899 427 2313 524 BULGARI/E
2338 428 2703 492 ARCHIEP.

3559 434 3665 497 244

395 538 624 608 οιίῐίιτοι,
658 548 713 597 et
751 539 1047 613 frangitur,
1075 550 1132 599 et
1157 543 1527 604 distribuitur.
1569 548 1795 615 Quatics
1825 551 1972 605 enim

2083 565 2264 617 μενον.
2312 547 2535 614 Ὁσάκις
2589 547 2702 618 γὰρ
2758 543 2935 601 ταῦτα
2986 544 3220 615 γίνεται,
3247 545 3534 612 ὁθάνατος
3558 551 3657 603 τοῦ

395 631 518 686 hac
544 632 703 699 ﬁunt,
732 649 881 691 mors
906 636 1119 693 Domini
1155 643 1539 697 annuntiatur.

480 719 639 779 Vsus.
673 723 725 779 7.
767 724 875 792 Qui
906 726 963 781 in
984 725 1167 783 diebus
1197 730 1376 784 carnis
1414 747 1544 785 sure.
1579 730 1685 787 Per
1713 733 1828 790 dies
1852 749 1976 790 car-

396 810 486 867 nis
530 826 666 878 suae,
708 821 923 885 tempus
969 830 1081 886 quo
1116 817 1202 870 hic
1253 817 1408 882 vixit,
1459 820 1546 873 vel
1590 821 1708 879 dies
1753 825 1975 894 quosin

395 902 507 955 vita
562 903 666 958 hac
719 904 927 959 carnali
988 908 1275 979 transegit,
1319 911 1635 981 signiﬁcat:
1669 929 1776 970 non
1828 918 1974 986 quod

394 1007 546 1047 nunc
603 1009 825 1049 carnem
879 997 1249 1067 deposuerit:
1304 1016 1652 1072 nequaquam
1700 1022 1714 1059 :
1776 1009 1980 1064 retinet

306 1088 314 1094 '
391 1087 539 1141 enim
562 1102 704 1154 eam,
732 1090 830 1147 sed
860 1090 1337 1161 lncorruptibilem
1378 1109 1442 1148 ac
1485 1099 1826 1166 superiorem
1853 1118 1975 1158 car-

391 1177 615 1233 nalibus
667 1187 723 1235 et
774 1181 1201 1254 inculpabilibus
1255 1188 1632 1259 passionibus,
1690 1197 1976 1267 nimirum,

391 1268 557 1333 fame,
610 1270 725 1334 siti,
771 1273 982 1342 labore,
1016 1275 1182 1343 idque
1212 1293 1386 1346 genus
1414 1281 1562 1339 aliis.
1598 1285 1758 1342 Hunc
1792 1300 1974 1347 autem

389 1367 600 1415 textum
629 1363 925 1433 Apostolus
955 1382 987 1421 a
1027 1366 1229 1425 Davide
1264 1370 1602 1444 desumpsit,
1628 1380 1720 1448 qui
1754 1380 1889 1438 dicit
1919 1384 1975 1439 in

388 1450 604 1518 psalmo
627 1457 930 1512 centesimo
949 1457 1165 1513 decimo
1183 1472 1380 1530 quarto
1416 1481 1430 1518 :
1462 1463 1530 1518 Et
1561 1467 1615 1521 in
1644 1468 1826 1527 diebus
1848 1479 1977 1533 meis

386 1541 640 1598 invocabo
669 1544 737 1600 υ.
763 1544 973 1604 Totum
1000 1550 1145 1605 enim
1181 1558 1451 1623 psalmum
1485 1558 1549 1613 ad
1581 1560 1862 1620 Christum
1894 1583 1979 1624 re-

388 1628 498 1684 fert
522 1633 846 1703 Apostolus.
1596 1666 1603 1671 υ

457 1723 651 1782 Preces
681 1740 731 1783 et
775 1734 1191 1802 supplicationes
1236 1737 1306 1791 ad
1337 1755 1456 1795 eum
1484 1741 1575 1812 qui
1611 1752 1783 1811 posset
1823 1745 1977 1799 illum

385 1814 596 1870 salvum
633 1819 809 1886 facere
835 1840 867 1877 a
903 1836 1072 1887 morte
1109 1844 1228 1883 cum
1257 1830 1492 1887 clamore
1520 1833 1698 1889 valido
1721 1843 1772 1888 et
1801 1836 1975 1906 ιαστρ-

2080 640 2287 709 Κυρίου
2328 640 2785 709 καταγγέλλεται.

2117 751 2121 757 η
2157 731 2262 796 Ὃς
2283 731 2353 784 ἐν
2380 730 2513 796 ταῖς
2547 733 2794 799 ἡμέραις
2826 729 2937 797 τῆς
2971 728 3201 799 σαρκὸς
3238 727 3449 784 αὑτοῦ.
3499 729 3668 799 Ἦμέ-

2081 836 2181 890 ρας
2208 820 2310 889 τῆς
2341 821 2547 892 σαρκὸς
2573 821 2766 884 αὑτοῦ,
2786 820 2885 883 τὰς
2911 821 2969 872 ὲν
2991 823 3057 891 τῇ
3088 823 3327 891 σαρκικῇ
3360 819 3527 873 αὐτοῦ
3552 820 3665 890 ζωῇ

2080 911 2294 983 ἡμέρας
2322 912 2491 984 δηλοῖ·
2507 914 2605 984 οὐχ
2629 914 2711 967 ὅτι
2736 911 2835 966 νῦν
2858 913 3096 966 ἀπέθετο
3114 912 3214 983 τὴν
3236 913 3435 983 σάρκαο
3458 913 3665 980 ἄπαγε’

2080 1000 2196 1072 ἔχει
2231 1004 2342 1074 γὰρ
2369 1004 2564 1073 αὐτὴν,
2596 1006 2644 1056 εἰ
2671 1005 2766 1058 καὶ
2816 1002 3096 1075 ἄφθαρτον
3125 1003 3219 1057 καὶ
3246 1002 3528 1074 ἀνωτέραν
3570 1002 3668 1056 καὶ

2078 1092 2262 1146 αὐτῶν
2317 1094 2428 1147 τῶν
2482 1094 2766 1165 σαρκικῶν
2797 1095 2847 1126 ⁷⁸
2899 1095 2997 1147 καὶ
3044 1094 3386 1162 ἀδιαόλήτων
3432 1094 3664 1156 παθῶν,

2080 1184 2293 1255 πείνης,
2333 1184 2517 1255 δίψης,
2557 1185 2750 1253 κόπου,
2798 1184 2893 1239 καὶ
2925 1184 3036 1237 τῶν
3059 1183 3340 1237 τοιούτων.
3365 1182 3586 1254 Ταύτην
3607 1182 3666 1235 δὲ

2079 1273 2178 1344 τὴν
2205 1276 2400 1346 χρῆσιν
2423 1277 2453 1328 ὁ
2493 1276 2816 1341 ’Δπόστολος
2842 1276 2952 1331 ἀπὸ
2991 1275 3158 1330 Δαὸὶδ
3196 1274 3376 1339 ἔλαϐε,
3407 1275 3662 1341 λέγοντος

2080 1366 2433 1436 ἑνὲκατοστῷ
2490 1368 3074 1441 τεσσαρεσκαιδεκάτῳ
3126 1367 3350 1439 ψαλμῷ,
3388 1367 3485 1418 Ἐν
3535 1364 3665 1429 ταῖς

2080 1459 2328 1529 ἡμέραις
2348 1477 2470 1529 μου
2489 1460 2948 1531 ἑπικαλέσομαιμ.
2980 1462 3164 1515 Πάντα
3188 1462 3300 1531 γὰρ
3331 1461 3422 1513 τὸν
3450 1458 3663 1529 ψαλμὸν

2079 1553 2158 1613 εἰς
2182 1550 2418 1622 Χριστὸν
2447 1528 2835 1622 ὲκλαμῦάνειύ
2869 1528 3214 1617 ’ίπὸστολοςξ

2147 1740 2397 1808 Δεήσεις
2417 1740 2518 1796 καὶ
2549 1743 2848 1810 ἱκετηρίας
2879 1743 3030 1811 πρὸς
3046 1743 3155 1798 τὸν
3187 1742 3529 1812 δυναμενον
3558 1742 3665 1795 αὐ·

2081 1830 2189 1886 τὸν
2219 1831 2429 1894 σώζειν
2451 1834 2519 1888 ἐκ
2553 1833 2814 1890 θανάτου
2868 1836 3021 1905 μετὰ
3080 1834 3352 1904 κραυγῆς
3405 1831 3659 1902 ἰσχυρᾶς

384 1904 487 1958 mis
521 1906 763 1976 offerens.
805 1911 935 1969 Haec
976 1916 1044 1972 de
1074 1932 1239 1973 carne
1280 1918 1427 1976 dicta
1464 1930 1633 1977 sunt:
1679 1939 1789 1979 non
1821 1925 1967 1980 enim

2075 1924 2176 1978 καὶ
2206 1923 2482 1993 δακρύων
2507 1898 2943 1994 προσενέγκας.
2973 1924 3157 1979 Ταῦτα
3182 1925 3313 1995 περὶ
3332 1924 3434 1993 τῆς
3458 1923 3660 1994 σαρκὸς

386 2001 449 2049 ut
478 1993 625 2053 Deus
654 2001 1005 2070 precabatur.
1057 2005 1188 2061 Esto
1224 2015 1404 2065 autem
1434 2012 1580 2081 quod
1624 2021 1964 2081 precaretur,

381 2097 493 2138 non
523 2093 702 2143 tamen
730 2105 853 2146 eum
878 2093 1121 2152 clamore
1135 2107 1190 2153 et
1215 2099 1473 2171 lacrymis
1500 2118 1513 2156 :
1548 2101 1651 2158 ista
1677 2104 1822 2158 enim
1855 2120 1964 2160 non

381 2186 514 2231 sunt
543 2177 635 2233 Dei
671 2198 688 2237 :
720 2192 976 2239 caeterum
1003 2187 1455 2260 irrefragabiliter
1478 2192 1730 2249 humanae
1755 2204 1965 2253 natura

386 2271 551 2325 unius
579 2272 782 2330 Christi
816 2276 932 2333 haec
974 2278 1261 2336 tribuenda
1302 2292 1452 2351 sunt,
1486 2286 1684 2355 partim
1719 2288 1963 2357 quidem,

386 2369 447 2415 ut
475 2372 772 2436 assumpta;
807 2374 1019 2424 naturae
1059 2371 1262 2429 veritas
1293 2374 1725 2445 demonstretur,
1762 2382 1960 2449 partim

368 2448 538 2516 vero,
571 2458 709 2508 utet
746 2469 879 2511 cura
909 2458 1084 2528 ipsius
1113 2474 1242 2533 erga
1266 2480 1389 2531 nos,
1418 2480 1483 2523 ac
1513 2448 1827 2526 dilectionis
1861 2488 1960 2527 ex-

381 2540 636 2601 cellentia
694 2545 988 2605 indicetur.
1040 2552 1148 2608 Pro
1196 2556 1359 2612 nobis
1393 2557 1541 2613 enim
1586 2561 1701 2616 haec
1744 2564 1960 2630 orabat,

379 2634 528 2703 quod
572 2646 819 2693 nostrum
854 2650 939 2696 est
976 2643 1082 2699 sibi
1122 2645 1433 2713 vindicans,
1467 2662 1523 2705 ut
1567 2653 1621 2706 in
1657 2655 1839 2722 ερίρεο
1861 2669 1958 2708 ιιειε

378 2731 520 2779 tum
546 2724 799 2784 humanm
828 2729 1202 2797 formidinem.
1234 2754 1340 2808 qua
1369 2749 1600 2796 mortem
1631 2747 1960 2808 metuit,ab.

379 2825 645 2873 sumeret.
703 2816 916 2890 Reputa
967 2826 1114 2879 enim
1162 2834 1367 2896 tecum,
1406 2831 1551 2900 quod
1606 2848 1871 2902 nusquam
1904 2837 1957 2889 in

377 2903 693 2977 Evangeliis
734 2913 998 2983 scriptum
1031 2915 1127 2983 sit,
1168 2919 1314 2988 quod
1355 2923 1600 2976 oraverit
1638 2939 1734 2993 pro
1771 2941 1955 2980 resur-

349 2998 627 3055 rectione
670 3001 780 3066 sui,
825 3003 920 3058 sed
968 3017 1158 3061 contra
1210 3010 1415 3079 potius,
1469 3028 1532 3067 ex
1572 3016 1811 3083 potentia
1842 3033 1954 3074 .sua

377 3085 580 3143 dixerit
624 3080 810 3160 aperte
864 3111 879 3148 :
938 3092 1138 3152 Solvite
1182 3101 1435 3169 templum
1489 3080 1586 3156 hoc
1620 3114 1671 3158 et
1713 3108 1955 3160 excitabo

377 3177 556 3245 ipsum
589 3178 675 3245 ";
728 3186 803 3236 et'
833 3182 1156 3241 Potestutem
1217 3190 1382 3244 habeo
1429 3194 1667 3248 sumendi
1719 3198 1952 3251 animam

378 3282 549 3325 meum
574 3271 641 3326 ¹³.

451 3359 620 3419 Vsus.
668 3366 719 3428 7,
754 3364 808 3421 8.
854 3366 922 3422 Et
961 3371 1244 3428 exauditus
1286 3390 1382 3443 pro
1438 3380 1726 3433 reverentia
1752 3421 1765 3445 ,
1825 3392 1959 3433 tam-

374 3633 444 3691 de
470 3652 538 3693 eo
579 3642 896 3711 opinionem
950 3647 1246 3703 habebant.
1287 3650 1442 3717 Quod
1488 3652 1655 3723 igitur
1683 3654 1838 3719 dicit,
1874 3662 1957 3708 (Sel.

377 3728 689 3803 bujusmodi
727 3752 740 3788 :
778 3733 955 3791 Tanta
1010 3738 1186 3808 ipsius
1236 3753 1321 3797 est
1366 3745 1692 3806 reverentia,
1748 3755 1804 3798 ut
1835 3744 1956 3815 ejus

376 3822 560 3886 potius
592 3839 734 3907 opus
767 3836 934 3896 esset,
967 3846 1130 3900 quam
1179 3835 1367 3903 gratia:
1393 3834 1512 3898 Dei,
1553 3839 1697 3907 quod
1726 3838 1956 3895 exaudi-

375 3919 526 3969 retur
556 3914 671 3982 ipse
693 3903 723 3985 ;’
751 3928 916 3988 atque
955 3936 1019 3976 ex
1059 3923 1161 3978 hac
1216 3928 1520 3982 reverentia
1576 3927 1841 3983 reveritus
1872 3938 1958 3985 cst

372 4019 498 4057 cum
543 4005 705 4071 Deus,
737 4019 793 4063 et
824 4012 991 4075 veluti
1033 4019 1242 4083 pudore
1278 4028 1463 4076 motus
1498 4022 1779 4078 exaudivit
1806 4039 1952 4087 etnn,

372 4108 685 4163 quanquam
717 4096 885 4154 Filius
909 4112 1077 4171 esset,
1122 4106 1457 4178 haberetque
1488 4125 1618 4180 erga
1650 4112 1827 4181 ipsum
1862 4129 1958 4168 na-

374 4188 608 4240 turalem
664 4188 915 4245 tiduciam
967 4213 979 4246 :
1046 4197 1184 4251 adeo
1243 4215 1438 4269 magna
1481 4212 1599 4255 erat
1655 4213 1707 4255 et
1751 4204 1958 4272 pudore

372 4276 558 4348 digna.
585 4278 665 4333 Ne
698 4282 866 4351 igitur
905 4284 1229 4356 desperetis,
1261 4305 1389 4343 cum
1429 4291 1715 4346 Dominum
1752 4294 1958 4349 habea-

372 4368 467 4433 tis,
515 4372 608 4439 qui
655 4385 683 4425 a
729 4374 889 4429 Patre
945 4378 1295 4434 exaudiatur.
1344 4380 1399 4437 Si
1445 4384 1611 4453 igitur
1654 4386 1953 4455 quidquam

373 4463 553 4530 ipsum
584 4468 876 4536 petieritis,
910 4470 1061 4526 dabit
1095 4473 1248 4529 vobis
1273 4493 1286 4529 :
1315 4477 1462 4545 quod
1486 4486 1539 4532 et
1558 4478 1674 4548 ipse
1699 4479 1956 4535 Christus

2074 2019 2312 2089 εἴρηται,
2335 2018 2524 2090 ώγὰρ
2553 2018 2618 2089 δὴ
2643 2017 2720 2081 ὡς
2744 2018 2880 2082 Θεὸς
2910 2018 3104 2073 ἐδεῖτο.
3149 2018 3334 2071 Ἔστω
3362 2015 3422 2069 δὲ
3447 2016 3528 2068 ὅτι
3563 2015 3658 2068 καὶ

2074 2111 2265 2176 ἐδεῖτο,
2291 2109 2353 2163 οὗ
2388 2109 2560 2180 δήπου
2601 2110 2699 2165 καὶ
2756 2111 2898 2178 μετὰ
2941 2109 3191 2182 κραυγῆς
3225 2109 3315 2162 καὶ
3360 2107 3614 2179 δακρύων
3640 2120 3654 2136 ⁶

2072 2201 2246 2256 ταῦτα
2278 2203 2385 2273 γὰρ
2411 2203 2473 2255 οὐ
2499 2201 2661 2267 Θεοῦ,
2703 2202 2820 2256 ἀλλ’
2854 2203 3272 2273 ἀναντιῤῥήτως
3325 2200 3403 2270 τῷ
3441 2199 3656 2269 ἀνθρω-

2072 2294 2211 2364 πίνῳ
2240 2294 2333 2346 τοῦ
2360 2294 2478 2357 ἐσλὸς
2506 2294 2741 2363 Χριστοῦ
2790 2293 2968 2348 ταῦτα
3001 2291 3445 2363 προσαναθετέον
3472 2309 3486 2322 ·
3535 2291 3655 2361 ἅμα.

2075 2384 2174 2452 μὲν
2204 2384 2291 2436 ἵνα
2315 2384 2501 2455 δειχθῇ
2522 2384 2583 2437 τὸ
2603 2383 2803 2453 ἀληθὲς
2832 2384 2930 2453 τῆς
2955 2383 3402 2455 προσληφθείσης
3417 2380 3653 2449 φύσεως,

2070 2472 2187 2544 ἅμα
2213 2474 2269 2526 δὲ
2287 2474 2375 2527 ἵνα
2404 2475 2501 2527 καὶ
2526 2475 2588 2527 τὸ
2625 2475 2762 2545 πρὸς
2818 2475 2966 2545 ἡμᾶς
3002 2473 3382 2544 κηδεμονικὸν,
3431 2471 3527 2524 καὶ
3553 2470 3655 2540 τῆς

2069 2564 2289 2632 ἀγάπης
2313 2565 2346 2634 ἡ
2389 2564 2668 2635 ὑπερϐολὴ
2710 2567 2854 2634 φανῇ
2877 2564 2951 2602 ⁷⁷⁸
2985 2564 3127 2634 ὑπὲρ
3155 2563 3263 2634 γὰρ
3293 2561 3452 2633 ήμῶν
3478 2558 3654 2614 ταῦτα

2067 2653 2288 2724 ηὔχετο,
2318 2654 2379 2707 τδ
2408 2655 2677 2726 ἡμέτερον
2708 2655 3106 2725 οἰκειούμενος,
3138 2655 3227 2708 ἵνα
3261 2658 3319 2708 ὲν
3344 2651 3527 2722 ἑαυτῷ
3551 2652 3651 2706 δα-

2067 2748 2289 2817 πανήσῃ
2342 2745 2442 2817 τὴν
2468 2747 2602 2816 πρὸς
2636 2747 2728 2799 τὸν
2757 2746 2988 2801 θάνατον
3040 2746 3242 2799 δειλίαν
3274 2746 3371 2816 τῆς
3406 2744 3648 2815 φύσεως.

2079 2838 2231 2890 Ἐπεὶ
2286 2839 2477 2891 σκόπει
2529 2840 2614 2891 ὅτι
2664 2838 2905 2908 οὐδαμοῦ
2924 2839 2971 2870 ⁷⁵
3000 2838 3111 2891 τῶν
3163 2836 3513 2906 Εὐαγγελιων
3558 2835 3653 2904 γέ-

2064 2949 2311 3002 γραπται
2358 2932 2659 3000 εὐξάμενος
2709 2933 2840 3002 περὶ
2893 2931 2990 2986 τοῦ
3035 2930 3469 2997 ἀναστήσεσθαι,
3510 2927 3651 2982 ἀλλὰ

2064 3024 2390 3093 τοίιναντίονξ
2426 3023 2548 3076 κατ’
2599 3024 2852 3093 ἐξουσίαν
2892 3022 3261 3093 ἀποφαίνεται
3286 3022 3463 3090 λέγων
3528 3020 3649 3075 Λύ-

2064 3132 2214 3169 σατε
2269 3115 2379 3168 τὸν
2434 3115 2589 3170 ναὸν
2650 3114 2889 3179 τοῦτον,
2923 3116 3023 3170 καὶ
3055 3115 3240 3184 ἐτερῶ
3272 3115 3488 3168 αὐτόν’
3529 3113 3649 3179 καὶ,

1983 3248 2032 3308 c
2076 3206 2398 3269 Ἐξουσίαν
2427 3207 2545 3277 ἔχω
2577 3208 2786 3262 λαϐεῖν
2810 3207 2925 3277 τὴν
2950 3208 3162 3278 ψυχήν
3176 3224 3319 3277 μου.

2141 3395 2247 3450 Ιιάὶ
2283 3394 2711 3460 εἰσακουσθεὶς
2737 3395 2856 3448 ἀπὸ
2884 3393 2996 3463 τῆς
3023 3395 3363 3460 εὐλαϐείας,
3431 3393 3649 3462 καίπερ

1919 3475 1963 3524 ί·
2062 3489 2146 3541 ὢν
2187 3489 2339 3552 Υἱός.
2395 3487 2504 3539 Καὶ
2533 3487 2690 3539 τοῦτο
2736 3487 2824 3540 διὰ
2859 3485 2959 3556 τὴν
2996 3486 3210 3555 σάρκα,
3262 3488 3359 3541 καὶ
3408 3485 3497 3539 διὰ
3545 3486 3648 3557 τὴν

2062 3580 2349 3634 ἀσθένειαν
2387 3579 2496 3631 τῶν
2541 3578 2849 3631 ἀκουόντων
2874 3595 2887 3608 ·
2919 3578 3074 3632 οὔπω
3099 3578 3209 3649 γὰρ
3241 3579 3485 3649 μεγάλην
3516 3583 3648 3648 περὶ

2063 3669 2229 3723 αὐτοῦ
2260 3670 2416 3736 δόξαν
2442 3666 2609 3741 εἶχον.
2665 3672 2730 3723 ’0
2754 3667 2849 3724 οὖν
2874 3670 3048 3739 λέγει,
3083 3670 3324 3724 τοιοῦτον
3356 3672 3527 3734 ἐστιν,
3563 3671 3649 3724 ὅτι

2072 3762 2325 3830 Τοσαύτη
2358 3762 2522 3814 αὐτοῦ
2548 3765 2580 3832 ἡ
2611 3762 2888 3827 εὐλάϐεια,
2919 3763 3061 3816 ὥστε
3090 3764 3260 3832 αὐτῆς
3283 3758 3425 3816 εἶναι
3451 3764 3649 3834 κατόρ-

2062 3851 2223 3921 θωμα
2285 3850 2489 3921 μᾶλλον
2519 3852 2552 3921 ἢ
2588 3852 2686 3919 τῆς
2724 3853 2948 3922 χάριτος
2987 3853 3081 3906 τοῦ
3105 3852 3265 3917 Θεοῦ,
3302 3853 3364 3905 τδ
3393 3854 3648 3906 εἰσακου-

2063 3940 2254 4010 σθῆναι
2281 3939 2443 3993 αὐτόν
2466 3957 2481 3971 ⁸
2515 3941 2610 3993 καὶ
2633 3941 2742 3993 ἀπὸ
2766 3941 2974 4009 ταύτης
3009 3940 3211 4012 ὴδέσθη
3234 3942 3402 3994 αὐτὸν
3426 3943 3454 3994 ὁ
3487 3941 3643 4006 Θεὸς,

2059 4033 2153 4086 καὶ
2205 4032 2662 4103 κατεδυσωπήθη,
2718 4033 2966 4107 ,καίτοιγε
3021 4033 3151 4087 ὄντα
3184 4036 3279 4085 καὶ
3328 4034 3484 4098 Υῐδν,
3546 4036 3644 4087 καὶ

2060 4123 2253 4194 ἔχοντα
2304 4123 2443 4193 πρὸς
2498 4124 2661 4178 αὑτὸν
2715 4124 2816 4195 τὴν
2843 4125 3079 4196 φυσικὴν
3104 4126 3441 4198 παρρησῑαν·
3468 4124 3645 4187 οὕτως

2058 4210 2128 4284 ἦν
2160 4215 2328 4285 πολλὴ
2363 4216 2458 4269 καὶ
2478 4215 2605 4279 ἀξία
2642 4216 2845 4278 αἰδοῦς.
2874 4217 3037 4269 Ὥστε
3075 4218 3149 4287 μὴ
3190 4216 3404 4278 ἀλύετε,
3436 4218 3649 4269 Δεσπόοι

2059 4322 2162 4370 την
2206 4306 2425 4377 ἔχοντες
2460 4307 2882 4374 εἰσακουὸμενον
2915 4308 3066 4376 παρὰ
3100 4309 3195 4361 τοῦ
3228 4309 3464 4380 Πατρός.
3517 4308 3644 4360 Ἐὰν

2061 4391 2154 4449 οὖν
2179 4397 2552 4467 τιαίτήσησθε
2585 4398 2771 4461 αὐτὸν,
2804 4401 3025 4470 ποιήσει
3068 4401 3218 4470 ὑμῖν·
3253 4402 3392 4472 ὅπερ
3427 4405 3520 4455 καὶ
3542 4403 3642 4454 αὺ-

2052 4472 2449 4557 ιτὸςὸΧριστὺς
2481 4489 2540 4540 ὲν
2561 4487 2639 4558 τῷ
2669 4487 2989 4560 Εὑαγγελίῳ
3012 4491 3146 4560 φησὶ
3173 4495 3287 4554 τοῖς
3321 4490 3591 4561 μαθηταῖς
3627 4507 3640 4520 ·

370 4553 674 4649 discipulis
704 4559 756 4612 in
790 4558 1084 4649 Evangelio
1115 4565 1192 4620 ait
1220 4582 1235 4620 :
1271 4565 1333 4621 Si
1356 4566 1650 4639 diligere-tis
1694 4588 1797 4638 me,
1823 4589 1959 4643 gau-

2068 4577 2133 4629 Ei
2156 4553 2427 4645 ἀγαπᾶτέ
2459 4593 2559 4646 με,
2609 4553 2866 4646 ἐχάρητε
2891 4553 2991 4643 ἂνξ,
3168 4580 3283 4649 ἐγὼ
3321 4553 3493 4648 ’πρὸς
3534 4553 3645 4633 τὸν

344 4637 563 4700 ,ἀρνειίε
595 4641 793 4711 utique,
825 4647 1076 4712 quoniam
1110 4663 1203 4720 ego
1234 4650 1305 4703 ad
1336 4637 1558 4706 Patrem
1589 4670 1761 4708 meum
1786 4637 1954 4724 uado,

366 4733 620 4800 quoniam
652 4732 814 4788 Pater
849 4753 994 4793 meus
1032 4741 1207 4812 major
1235 4759 1317 4797 me
1350 4752 1429 4798 est
1473 4744 1552 4813 ";
1589 4755 1661 4814 et,
1700 4746 1960 4814 Quaecun-

367 4840 467 4893 que
506 4826 763 4892 petieritis
795 4831 849 4882 in
890 4832 1099 4886 nomine
1137 4844 1273 4900 meo,
1298 4834 1446 4890 dabit
1478 4839 1639 4894 vobis.

441 4915 639 4972 Didicit
669 4934 735 4971 ea:
764 4919 830 4973 iis
861 4937 979 4989 qua:
1007 4938 1200 4991 passus
1229 4935 1342 4992 est,
1390 4928 1761 4985 obedientiam.
1808 4929 1960 4986 Didi-

366 5006 465 5071 cit,
493 5009 688 5079 inquit,
716 5010 826 5065 Deo
853 5011 1001 5069 Patri
1025 5014 1266 5082 obedire,
1295 5034 1360 5072 ex
1394 5019 1783 5078 aﬂiictionibus
1814 5023 1948 5078 illud

366 5103 615 5159 eductus.
672 5104 902 5162 Videtur
960 5120 1143 5165 autem
1191 5113 1419 5170 omnino
1454 5116 1752 5172 absurdum
1799 5121 1949 5189 quod

364 5192 533 5263 6’79
558 5194 782 5253 dicitur.
819 5197 926 5265 Qui
954 5201 1102 5255 enim
1147 5201 1340 5258 didicit
1382 5205 1747 5262 obedientiam
1786 5210 1950 5266 exiis

365 5300 489 5352 qua:
516 5302 709 5354 passus
738 5299 845 5355 est,
877 5308 1003 5348 cum
1060 5295 1381 5366 priusquam
1439 5308 1741 5369 pateretur,
1795 5301 1947 5357 Patri

365 5385 514 5430 esset
550 5379 686 5435 adeo
732 5382 1037 5453 obediens,
1087 5396 1146 5441 ut
1189 5389 1274 5443 vel
1319 5389 1466 5459 ipsas
1513 5390 1836 5448 aﬂlictiones
1881 5411 1948 5450 ex

365 5467 679 5525 obedientia
712 5476 1051 5546 susciperet?
1075 5476 1281 5535 Factus
1302 5492 1380 5535 est
1403 5484 1563 5545 enim,
1594 5468 1792 5553 inquit,
1830 5487 1939 5542 obe-

436 5648 477 5683 ⁸¹
508 5646 655 5706 Psal.
687 5667 829 5709 cur.
869 5657 917 5709 2.

2054 4668 2287 4737 Πατέρα
2316 4687 2436 4737 μου
2476 4670 2822 4741 πορεύομαι,
2858 4670 2948 4725 ὅτι
2980 4675 3014 4726 ό
3044 4673 3247 4741 Πατήρ
3276 4691 3396 4742 μου
3429 4672 3643 4741 μείζων

2049 4778 2171 4829 μου
2219 4761 2388 4814 ἐστι*
2421 4762 2538 4826 καὶ,
2571 4763 2721 4843 Ὅσα
2754 4762 2832 4817 ἂν
2867 4762 3157 4832 αἰτήσητε
3182 4764 3251 4817 ἐν
3280 4763 3360 4830 τῷ
3393 4765 3643 4833 ὀνόματι

2051 4870 2194 4923 μου,
2224 4851 2405 4907 δώσει
2427 4853 2597 4923 ὑμῖν-,ε

2130 4943 2413 5013 Ἔμαθεν,
2436 4945 2539 5013 ἀφ’
2575 4938 2662 4998 ὧν
2686 4946 2892 5013 ἔπαθε,
2924 4946 3040 5015 τὴν·
3074 4948 3374 5016 ὑπακοήν.
3404 4950 3638 5021 Ἔμοιθε,

2059 5034 2245 5106 φησὶν,
2280 5034 2578 5088 ὑπακούειν
2610 5035 2687 5108 τῷ
2714 5036 2835 5107 Θεῷ
2857 5037 2950 5090 καὶ
2980 5038 3175 5108 Πατρὶ,
3208 5040 3314 5092 ἀπὸ
3328 5039 3438 5093 τῶν
3467 5041 3637 5110 παθη-

2061 5126 2249 5196 μάτων
2275 5125 2435 5180 τοῦτο
2465 5127 2754 5197 διδαχθείς.
2777 5129 3034 5184 Φαίνεται
3046 5131 3103 5184 δὲ
3131 5132 3317 5195 ἁπλῶς
3343 5131 3545 5186 ἄτοπον
3576 5134 3638 5186 τὸ

2058 5215 2370 5286 λεγόμενον.
2401 5218 2525 5281 Πῶς
2551 5218 2848 5289 γὰρίέμαθε
2874 5220 2971 5292 τὴν
3000 5222 3248 5290 ὑπακοὴν
3276 5223 3369 5293 ἀφ’
3400 5218 3470 5279 ὧν
3497 5225 3634 5277 ἔπα-

2056 5306 2168 5371 θεν,
2201 5308 2260 5370 ὅς
2285 5324 2349 5376 γε
2384 5310 2478 5362 καὶ
2502 5310 2633 5380 πρὶν
2661 5310 2879 5380 παθεῖν,
2912 5313 3167 5367 τοσοῦτον
3193 5315 3433 5385 ὑπήκοος
3468 5312 3536 5387 ἦν
3557 5317 3635 5384 τῷ

2058 5398 2254 5471 Haupt,
2316 5400 2460 5453 ὥστε
2522 5404 2617 5455 καὶ
2650 5404 2791 5458 αὐτὰ
2847 5405 2915 5459 τὰ
2946 5407 3095 5475 πάθη
3127 5406 3215 5460 διὰ
3242 5406 3340 5477 τὴν
3382 5408 3633 5478 ὑπακοὴν

2055 5489 2450 5559 ἀναδέξασθαι;
2483 5493 2757 5564 Ἐγένετο
2776 5498 2907 5570 γὰρ,
2936 5496 3431 5570 φησὶν,γῠπήκοος
3451 5498 3629 5569 μέχρι

1019 5659 1061 5689 ⁸⁸
1090 5657 1250 5715 Joan.
1284 5676 1345 5727 ll,
1381 5662 1465 5719 19.
1546 5665 1591 5695 ¹³
1615 5663 1771 5719 Joau.
1811 5683 1866 5731 κ,
1896 5666 1984 5721 18.
2065 5668 2109 5700 ³⁸
2139 5667 2299 5727 Joan.
2339 5686 2451 5739 xtv,
2481 5674 2572 5730 28.

1675 5759 1873 5822 Variae
1906 5760 2231 5829 lectiones.

436 5845 483 5879 "
510 5848 757 5919 φυσικῶν
781 5868 834 5911 u.
914 5853 957 5885 ⁷⁷
997 5854 1181 5931 δειχθῇ
1215 5873 1270 5915 o.
1350 5858 1395 5893 '"'
1425 5858 1602 5916 οὐδενί
1624 5877 1676 5915 o.
