4080 6432
427 456 534 519 2ζῦ

1190 457 1595 518 EXPOSITIO
1646 458 1727 517 ΙΝ
1752 459 1981 517 .EPIST
2043 460 2141 518 AD
2170 458 2564 521 llEBR/EOS.
2606 484 2675 494 -
2708 459 2866 522 CAP.
2906 461 2975 522 Y.

3607 459 3713 524 246

432 567 715 625 θανάτου.
746 569 1014 625 Μάνθανε
1056 564 1150 625 οὖν
1175 571 1258 625 ὃτι.
1302 570 1491 641 ἐπειδὴ
1523 570 1852 640 ἀφηνιάζειν
1877 564 2023 624 οἶκτοι

2140 569 2289 624 cliens
2313 570 2382 624 ad
2408 578 2628 652 mortem
2653 586 2838 639 usque.
2869 570 3029 627 Disce
3062 569 3244 639 igitur,
3278 570 3423 642 quod
3456 587 3581 628 cum
3619 575 3710 629 isti

434 662 654 716 ἐδόκουν
682 657 760 724 ὡς
810 661 1182 733 μικρόψυχοι,
1216 658 1368 729 λέγει
1421 661 1595 715 ταῦτα
1647 664 1715 716 τὰ
1784 662 2022 717 ταπεινὰ

436 751 572 822 περὶ
622 748 717 803 τοῦ
780 750 916 803 rio-3
947 750 1046 805 τοῦ
1091 751 1250 817 Θεοῦ,
1283 751 1372 806 ἵνα
1407 755 1473 806 ὲκ
1504 753 1826 822 περιουσίας
1858 753 2020 824 πείσῃ

433 842 644 904 αὐτοὺς
702 839 996 897 πείθεσθαι
1029 843 1126 897 καὶ
1177 843 1480 898 ὑπακούειν
1509 844 1586 914 τῷ
1609 844 1702 898 τοῦ
1732 846 1869 899 Θεοῦ
1894 845 2021 915 βου-

432 934 668 1003 λήματι,
733 932 940 1005 καὶμὴ
1002 935 1140 1005 πρὸς
1178 935 1281 1001 τὰς
1337 936 1550 1006 θλίψεις
1597 937 2018 1001 ἁποδυσπετείν,

433 1026 558 1080 ἀλλ’
613 1024 905 1096 ἀναμένειν
970 1027 1072 1097 τὴν
1123 1026 1332 1082 ἄνωθεν
1364 1029 1705 1096 ἐπικουρίαν.
1752 1029 1861 1083 Καὶ
1888 1030 2019 1098 γὰρ,

436 1120 596 1189 φησὶ.
632 1120 724 1172 καὶ
752 1120 782 1171 ὁ
819 1119 948 1184 Υἱὸς
982 1120 1288 1190 ὑπομείνας
1308 1120 1370 1174 τὸ
1403 1120 1592 1185 πάθος,
1637 1121 1726 1175 διὰ
1776 1121 1874 1190 τὴν
1921 1122 2026 1174 ὑπο

436 1211 610 1283 ακοὴν
642 1211 975 1281 εἰσηκούσθη
1022 1212 1176 1284 παρὰ
1203 1212 1297 1266 τοῦ
1327 1213 1564 1282 Πατρὺς,
1594 1212 1688 1266 καὶ
1720 1212 1951 1282 ἐξῃρέθη
1989 1214 2021 1281 ἡ

438 1303 582 1374 ψυχὴ
614 1302 783 1358 αὑτοῦ
818 1304 881 1355 ὲκ
910 1304 1010 1357 τοῦ
1041 1303 1297 1358 Θανάτου.
1341 1306 1450 1359 Καὶ⁸
1480 1302 1666 1357 ἔκτοτε
1683 1304 1861 1374 ἔμαθε
1900 1321 2024 1357 συν-

438 1395 578 1464 τιῶς
625 1393 925 1448 ὑπακούειν
960 1393 1042 1465 τῷ
1073 1394 1214 1466 Θεῷ,
1269 1394 1346 1459 ὡς
1399 1395 1569 1448 πολλά
1618 1395 1718 1465 τῆς
1774 1396 2022 1465 ὑπακοῆς

433 1488 767 1558 δυναμένης.
802 1486 862 1541 Ei
893 1483 988 1541 οὖν
1013 1490 1224 1561 ἐκεῖνος
1248 1489 1539 1559 ἐκέρδανεν
1574 1490 1684 1545 ἀπὸ
1707 1490 1818 1544 τῶν
1847 1492 2024 1561 παθη-

437 1580 649 1648 μάτων,
715 1576 894 1646 πολλῷ
954 1560 1159 1647 μᾶλλον
1215 1581 1398 1649 ὑμεῖς.
1450 1578 1606 1643 Εἶδες
1646 1581 1768 1644 πῶς
1805 1582 1895 1635 διὰ
1922 1560 2024 1652 την

430 1672 546 1722 τῶν
573 1670 863 1741 ἀκροατῶν
888 1669 1172 1739 ,ὠφέλειαν
1230 1672 1376 1727 οὕτω
1429 1672 1742 1741 συγκατέὀη
1785 1673 2018 1739 Παῦλος,

434 1763 585 1816 ὥστε
645 1765 741 1816 καὶ
798 1762 979 1817 ἄτοπά
1007 1780 1131 1818 τινα
1164 1764 1341 1835 λέγων
1382 1765 1694 1836 φαίνεσθαι.
1724 1767 1927 1820 ’Λκουε
1965 1766 2023 1820 δὲ

434 1857 531 1908 καὶ
553 1854 663 1910 τῶν
688 1857 834 1925 ἑξῆς.

2126 676 2237 730 ιιι-ιε
2269 660 2717 730 pusillanimitate
2750 675 3056 729 repugnare
3087 660 3424 727 viderentur,
3459 662 3573 718 ha’e
3609 663 3714 718 bu-

2127 749 2279 803 milia
2318 750 2387 804 de
2430 749 2570 804 Filio
2616 749 2708 803 Dei
2754 750 3031 818 loquatur,
3068 761 3128 803 ut
3161 766 3226 805 ex
3264 751 3561 806 abundanti
3594 767 3717 821 per-

2123 838 2353 894 suadeat
2379 840 2465 895 eis
2493 841 2879 910 obtemperare
2909 841 3181 894 voluntati
3214 842 3335 906 Dei,
3373 857 3476 898 nec
3523 843 3711 898 statim

2125 930 2190 983 ad
2255 931 2642 987 tribulationes
2696 931 2939 985 animum
3018 931 3393 1001 despondere,
3453 935 3549 987 sed
3615 950 3710 987 su-

2124 1037 2356 1090 pernum
2382 1023 2646 1078 auxilium
2682 1034 3022 1093 exspectare.
3055 1021 3190 1077 Nam
3211 1022 3475 1089 etFilius,
3507 1026 3709 1093 inquit.

2125 1129 2248 1166 cum
2294 1115 2652 1168 sustinuisset
2699 1115 3033 1185 passionem,
3078 1123 3300 1186 propter
3339 1115 3711 1171 obedientiam

2125 1204 2419 1262 exauditus
2460 1215 2546 1261 est
2596 1221 2627 1259 a
2676 1206 2877 1270 Patre,
2928 1215 3093 1277 atque
3154 1214 3340 1277 erepta
3397 1216 3481 1261 est
3526 1208 3709 1263 anima

2126 1298 2297 1368 ipsius
2324 1313 2391 1353 ex
2436 1307 2633 1354 morte.
2684 1301 2859 1370 Atque
2905 1300 3034 1354 hinc
3079 1310 3341 1370 perpetuo
3384 1314 3589 1354 morem
3619 1315 3713 1369 ge-

2129 1403 2246 1442 rere
2279 1387 2475 1442 didicit
2531 1388 2660 1450 Deo.
2712 1391 2920 1459 quippe
2951 1390 3077 1458 quia
3110 1390 3424 1443 obcdientia
3472 1391 3709 1444 multum

2127 1493 2333 1550 posset.
2380 1480 2438 1534 Si
2480 1481 2647 1551 igitur
2680 1482 2773 1534 ille
2812 1498 2876 1536 cx
2903 1481 3292 1536 aﬂlictionibus
3333 1482 3580 1537 lucratus
3604 1490 3708 1545 est,

2128 1587 2223 1628 vos
2263 1573 2435 1627 multo
2466 1573 2660 1643 magis.
2696 1572 2894 1629 Vidisti
2926 1574 3204 1643 quomodo
3238 1565 3443 1628 Paulus
3490 1582 3715 1644 propter

2127 1665 2441 1718 auditorum
2468 1665 2756 1721 utilitatem
2788 1665 2861 1718 lta
2890 1664 3368 1729 condescenderit,
3394 1673 3449 1719 ut
3474 1664 3714 1719 absurda

2126 1755 2377 1824 quaedam
2402 1756 2586 1811 dicere
2612 1755 2881 1811 videatur.
2907 1755 3045 1810 Audi
3072 1770 3200 1810 vero
3229 1770 3352 1826 quae
3376 1764 3709 1826 sequuntur.

504 1949 618 2002 Καὶ
679 1955 1031 2021 τελειωθείς.
1091 1955 1236 2026 Ἀρα
1280 1950 1378 2005 οὖν
1435 1951 1719 2017 τελείωσις
1767 1952 1856 2007 διὰ
1918 1953 2028 2007 τῶν

2212 1946 2374 2001 Vsus.
2406 1945 2458 2000 9.
2497 1944 3005 1999 Etconsummatus.
3048 1943 3503 2024 {Consummatio~
3550 1942 3719 2013 igitur

435 2038 779 2109 παθημάτων
804 2045 1036 2112 γίνεται·
1069 2044 1187 2108 πῶς
1211 2043 1306 2098 οὖν
1335 2043 1494 2113 ὑμεῖς
1522 2043 1906 2113 δυσχεραίνετε
1938 2045 2033 2098 ἐπὶ

433 2129 557 2191 ταῖς
607 2130 962 2197 τελειοποιοῖς
991 2133 1256 2197 θλίψεσιν.
1602 2122 1609 2133 ’

519 2218 795 2290 Ἐγένετο
845 2222 999 2278 πᾶσι
1049 2222 1174 2289 τοῖς
1196 2223 1615 2279 ὑπακούουσιν
1650 2226 1809 2298 αὐτῷ
1840 2226 2033 2291 αἴτιος

430 2314 735 2381 σωτηρίας
780 2315 1045 2370 αἰωνίου.
1091 2314 1405 2379 Τουτέστιν,
1460 2315 1522 2368 οὑ
1576 2315 1737 2386 μόνον
1776 2318 1938 2380 αὐτὸς
1982 2318 2035 2369 ὲ-

432 2399 609 2471 σώθη.
638 2401 772 2455 ἀλλὰ
805 2402 900 2456 καὶ
941 2402 1151 2473 ἑτέροις
1199 2403 1474 2473 σωτηρίαν
1521 2405 1879 2475 προεξένησε·
1937 2405 2033 2460 καὶ

428 2489 497 2543 οὑ
520 2493 881 2564 πρόσκαιρον,
909 2489 1024 2549 οἷον
1052 2494 1120 2548 ἐκ
1156 2494 1430 2560 πολέμων,
1457 2495 1573 2550 ἀλλ’
1613 2495 1854 2551 αἰώνιον.
1900 2496 2023 2550 Τίσι

432 2580 674 2648 τούτοιςς
707 2587 823 2650 τοῖς
871 2585 1232 2641 ὑπακούουσι.
1269 2586 1393 2650 Πῶς
1438 2581 1533 2641 οὖν
1562 2588 1720 2657 ὑμεῖς
1751 2587 2032 2641 ἀπειθεῖτε

432 2672 532 2725 καὶ
585 2673 930 2729 κινδυνεύετε
976 2675 1082 2745 τῆς
1103 2679 1376 2748 σωτηρίας
1417 2678 1708 2742 ὲκπεσείν;
1751 2677 1912 2749 Ὁρᾷς
1951 2679 2032 2732 ὅτι

433 2764 500 2816 τὸ
546 2766 659 2819 πᾶν
688 2766 783 2820 τοῦ
811 2766 971 2836 λόγου
1015 2769 1191 2834 οὕτως
1222 2770 1627 2841 ἐσχημάτισται
1664 2768 1756 2825 διὰ
1790 2770 1889 2840 τὴν
1925 2769 2035 2824 τῶν

435 2854 746 2911 ἀκουόντων
784 2858 1183 2931 μικροψυχίανς
1220 2860 1365 2930 Πλὴν
1417 2860 1521 2930 ὅρα
1560 2859 1840 2914 κάνταῦθα
1880 2860 1940 2914 τὸ
1973 2861 2036 2914 ὑ-

433 2945 628 3015 ψηλόν.
656 2948 867 3016 Αίτιος
911 2950 1021 3022 γὰρ
1083 2952 1383 3019 σωτηρίας
1443 2951 1701 3020 ἐγένετο,
1756 2952 1893 3021 ὅπερ
1935 2951 2037 3020 τῆς

435 3038 719 3106 θεότητος.
753 3041 944 3106 Οὐδεὶς
971 3041 1081 3114 γὰρ
1120 3042 1302 3109 ἄλλος,
1351 3043 1400 3095 εί
1452 3041 1527 3112 μὴ
1576 3041 1734 3108 Θεὸς,
1780 3042 2037 3113 τοιαύτης

436 3130 718 3200 σωτηρίας
745 3131 937 3187 aluo;

504 3315 1021 3385 Προσαγορευθείς
1046 3316 1167 3372 ὑπὸ
1201 3317 1352 3373 Θεοῦ
1379 3318 1708 3389 Ἀρχιερεὺς
1726 3318 1874 3373 κατὰ
1901 3317 2016 3387 τὴν
2050 3296 2094 3353 C

430 3402 614 3469 τάξιν
635 3405 1036 3476 Μελχισεδέκ.
1069 3396 1234 3471 Διότὶ,
1277 3408 1465 3480 φησιν,
1518 3408 1710 3475 ἔπαθε,
1761 3408 1851 3463 διὰ
1877 3408 2034 3463 τοῦτο

432 3494 733 3566 ἀρχιερεὺς
777 3496 1221 3569 προσηγορεύθη,
1270 3497 1346 3561 ὡς
1396 3498 1587 3552 ἑαυτὸν
1632 3497 2029 3569 προσενέγκας.

434 3585 589 3653 Πλὴν
620 3585 670 3638 εί
703 3586 797 3639 καὶ¹
819 3580 960 3656 αἷμα
985 3589 1381 3659 προσήνεγκεν,
1413 3588 1530 3642 ἀλλ’
1553 3585 1646 3643 οὖν
1674 3590 1734 3643 ού
1768 3590 1912 3643 κατὰ
1935 3589 2034 3658 τὴν

436 3674 593 3741 τᾶξιν
614 3675 725 3728 τῶν
762 3676 1067 3731 Ἰουδαϊκῶν
1098 3679 1434 3750 ἀρχιερέων,
1466 3679 1604 3733 ἀλλὰ
1627 3680 1769 3733 κατὰ
1801 3678 1901 3751 τὴν
1937 3677 2033 3732 τοῦ

437 3766 799 3837 Μελχισεῶκ.
825 3769 1040 3840 Ὥσπερ
1067 3770 1176 3841 γὰρ
1209 3772 1416 3835 ἐκεῖνος
1463 3773 1561 3843 οὑχ
1606 3772 1711 3826 ὑπὸ
1742 3772 2032 3843 ἀνθρώπου

439 3858 691 3929 ὲχρίσθη·
740 3858 916 3924 οὕτως
938 3861 1062 3914 οὐδὲ
1106 3862 1416 3933 όΧριστδς,
1462 3862 1577 3916 ἀλλ’
1618 3863 1724 3916 ὑπὸ
1749 3862 1909 3925 Θεοῦ,
1956 3863 2035 3933 τῷ

441 3948 711 4021 ὑμοουσίῳ
751 3948 917 4003 αὑτοῦ
944 3948 1244 4020 Πνεύματι.
1300 3950 1514 4022 Ὥσπερ
1561 3951 1672 4022 γὰρ
1720 3949 1930 4021 ἐκεῖνος
1972 3952 2033 4005 ού

455 4039 675 4104 νομικὰς
704 4039 955 4109 προσῆγε
985 4037 1196 4105 θυσίας,
1236 4039 1409 4104 οὕτως
1438 4041 1560 4094 οὐδὲ
1585 4036 1741 4104 οὑτος
1771 4057 1785 4070 ·
1829 4042 2037 4105 ἐκεῖνος

448 4124 725 4196 βασιλεὺς,
760 4128 907 4183 οὕτω
930 4131 1027 4184 καὶ
1060 4123 1235 4195 οὗτος·
1267 4133 1360 4186 καὶ
1388 4133 1559 4203 μυρία
1595 4131 1751 4203 ᾅλλα.

511 4311 655 4378 Περὶ
686 4307 759 4366 οὗ
790 4310 988 4377 πολὺς
1014 4310 1160 4380 ἡμῖν
1186 4314 1219 4367 ό
1246 4311 1449 4381 λόγος,
1486 4310 1585 4365 καί
1622 4309 2032 4380 δυσερμήνευ-

439 4418 546 4468 τος
589 4402 810 4471 λέγειν·
862 4402 995 4457 ἐπεὶ
1036 4401 1251 4470 νωθροὶ
1301 4404 1583 4473 γεγόνατε
1624 4400 1755 4468 ταῖς
1802 4400 2032 4467 ἀκοαῖς.

2138 2037 2197 2090 lit
2230 2052 2325 2105 per
2377 2036 2721 2092 amictiones.
2744 2035 3034 2102 Quomodo
3062 2035 3230 2105 igitur
3280 2050 3376 2090 vos
3414 2048 3558 2103 aegro
3581 2034 3712 2087 estis

2136 2128 2322 2180 ani-uo
2350 2127 2404 2179 in
2448 2126 2627 2189 malis.
2659 2141 2783 2195 quae
2804 2140 2901 2181 vos
2954 2134 3373 2182 consummatos
3435 2123 3714 2178 reddunt“!

2196 2214 2400 2271 Factus
2450 2225 2528 2271 est
2579 2216 2821 2271 omnibus
2877 2214 3358 2284 obtemperantibus
3403 2214 3502 2269 sibi
3554 2230 3719 2268 causa

2134 2307 2327 2360 salutis
2357 2316 2592 2361 mterna’.
2631 2304 2743 2361 Hoc
2767 2316 2874 2370 est,
2904 2306 3105 2362 nedum
3134 2306 3254 2375 ipse
3307 2312 3559 2360 servatus
3610 2314 3716 2364 est,

2133 2399 2492 2454 verumetiam
2526 2398 2649 2454 aliis
2673 2400 2906 2455 salutem
2941 2398 3256 2453 conciliarit
3287 2416 3299 2450 :
3370 2411 3546 2465 neque
3596 2408 3717 2449 eam

2136 2487 2539 2558 temporariam,
2597 2488 2822 2558 perinde
2887 2503 2950 2544 ac
3004 2503 3068 2543 ex
3130 2488 3310 2550 bellis,
3391 2487 3487 2541 sed
3558 2493 3718 2539 mter-

2135 2595 2284 2635 nam.
2314 2579 2530 2646 Quibus
2558 2580 2710 2636 hisce
2738 2579 3186 2642 iobedientibus.
3223 2578 3516 2644 Quomodo
3551 2577 3720 2647 igitur

2137 2685 2234 2727 vos
2266 2671 2641 2727 inobedienles
2670 2671 2827 2735 estis,
2861 2672 2998 2725 adeo
3036 2678 3093 2724 ιιι
3123 2685 3153 2723 a
3188 2672 3369 2724 salute
3408 2684 3507 2724 vos
3568 2669 3720 2723 exci-

2136 2762 2266 2818 dere
2301 2764 2604 2833 periculum
2632 2763 2704 2820 sit
2729 2763 2753 2817 ?
2782 2756 3020 2818 Videsne
3068 2764 3383 2818 universam
3419 2762 3560 2815 hanc
3587 2774 3719 2816 ora-

2138 2853 2339 2907 tionem
2374 2854 2447 2908 ita
2506 2853 2795 2908 formatam
2827 2868 2949 2908 esse
3011 2859 3233 2921 propter
3270 2850 3579 2905 auditorum
3620 2864 3737 2917 pur

2136 2941 2571 2997 sillanimitatem
2601 2941 2901 2996 iAttamcn
2934 2939 3026 2995 hic
3074 2954 3278 2994 rursus
3323 2937 3715 2994 sublimitatem

2137 3032 2403 3088 orationis
2435 3033 2674 3088 intuere.
2711 3031 2913 3098 Causa,
2945 3032 3146 3101 inquit,
3172 3028 3364 3085 salutis
3396 3028 3572 3097 [actus
3594 3034 3717 3081 est:

2139 3124 2282 3197 quod
2314 3140 2449 3183 sane
2472 3126 2774 3183 divinitatis
2798 3135 2908 3182 est.
2939 3125 3118 3180 Nemo
3148 3125 3293 3181 enim
3326 3102 3471 3177 alqu
3527 3120 3718 3191 hujus-

2139 3217 2283 3270 modi
2321 3218 2521 3273 salutis
2547 3226 2745 3273 auctor
2774 3200 2970 3287 praeter
3005 3217 3194 3271 Deum.

2200 3304 2481 3362 VansJO.
2546 3308 2857 3376 Appellatus
2889 3324 2922 3361 a
2960 3305 3068 3362 Deo
3130 3304 3383 3376 Pontifex
3430 3302 3716 3359 secundum

2135 3398 2370 3454 ordinem
2402 3398 2772 3455 Melchisedec.
2804 3398 2941 3465 Quia
2974 3413 3174 3470 passus
3208 3406 3314 3462 est,
3348 3397 3547 3468 inquit,
3588 3411 3720 3468 pro-

2134 3497 2318 3560 pterea
2337 3490 2641 3560 appellatus
2657 3501 2743 3547 est
2768 3489 3042 3556 Pontifex,
3065 3490 3229 3548 veluti
3256 3490 3548 3560 semetipée
3575 3487 3711 3544 olfe-

2133 3597 2283 3639 rens.
2317 3580 2705 3637 Verumtamen
2735 3583 2839 3639 etsi
2893 3583 3215 3653 sanguinem
3280 3582 3502 3645 obtulit,
3564 3579 3714 3636 istud

2134 3683 2313 3729 tamen
2344 3688 2454 3730 non
2504 3672 2634 3728 fecit
2680 3673 2836 3741 juxta
2884 3674 3131 3729 ordinem
3182 3671 3540 3728 Judaicorum
3572 3686 3717 3741 pon-

2136 3763 2365 3829 tificum,
2397 3779 2587 3820 verum
2616 3764 2919 3819 secundum
2942 3764 3193 3820 ordinem
3229 3763 3610 3818 Melchisedec.
3648 3760 3717 3816 Ut

2136 3855 2283 3909 enim
2313 3855 2405 3910 ille
2419 3855 2490 3910 ab
2522 3855 2743 3910 homine
2772 3869 2883 3909 non
2912 3864 2996 3911 est
3052 3855 3335 3920 inunctus,
3394 3853 3475 3909 sic
3528 3866 3711 3921 neque

2136 3943 2415 4008 Christus,
2445 3944 2539 3999 sed
2570 3959 2601 3999 a
2635 3942 2768 4010 Deo,
2804 3959 2903 4015 per
2940 3944 3189 4014 ejusdem
3225 3958 3412 3998 secum
3468 3942 3720 3999 essentia:

2139 4034 2428 4104 Spiritum.
2458 4033 2932 4102 Quemadmodum
2982 4034 3131 4090 enim
3161 4034 3252 4090 ille
3278 4034 3415 4102 legis
3450 4032 3721 4088 sacriﬁcia

2136 4140 2247 4182 non
2270 4126 2491 4193 obtulit,
2523 4127 2605 4183 sic
2627 4141 2809 4197 neque
2844 4127 2970 4182 iste.
2990 4126 3086 4182 Ille
3117 4124 3229 4181 Rex
3264 4134 3384 4181 erat
3417 4141 3434 4189 ;
3470 4122 3723 4180 similiter

2138 4226 2191 4271 et
2218 4215 2341 4278 iste,
2382 4216 2603 4287 aliaque
2633 4215 2945 4272 innumera.

2205 4306 2397 4362 VERSJ
2412 4307 2460 4361 ιι
2478 4305 2556 4361 De
2571 4323 2671 4378 quo
2688 4308 2887 4362 multus
2902 4316 2980 4362 est
2997 4308 3145 4362 nobis
3161 4305 3725 4376 sermo,ea:plicatuque

2137 4398 2367 4468 diﬁicilis
2386 4416 2406 4465 ;
2424 4400 2676 4470 quoniam
2702 4415 2883 4472 segnes
2908 4400 3041 4468 [acti
3061 4401 3187 4454 estis
3216 4398 3455 4453 auribus.
3479 4397 3723 4453 Perduc--
3788 4459 3792 4463 ,

440 4487 673 4542 Μέλλων
703 4490 784 4551 εἰς
824 4487 924 4559 τὴν
971 4489 1240 4558 διαφοράν
1285 4489 1387 4559 τῆς
1433 4487 1735 4560 ἱερωσύνης
1787 4487 2032 4545 καθεῖναι

2142 4498 2196 4544 tu
2208 4506 2301 4546 rus
2321 4491 2627 4545 orationem
2652 4489 2720 4544 ad
2743 4489 3031 4546 sacerdotii
3052 4490 3375 4556 discrimen,
3390 4491 3542 4560 prius
3573 4491 3724 4560 ipsos

434 4582 534 4633 τὸν
562 4581 745 4649 λόγον,
784 4583 1050 4654 πρότερον
1078 4584 1265 4647 αὑτοῖς
1292 4584 1542 4654 ἐπιτιμᾷ,
1584 4583 1800 4645 δεικνὺς
1822 4583 1905 4636 ὅτι
1946 4580 2032 4635 διὰ

2139 4578 2412 4650 obiurgat,
2432 4580 2684 4635 indicans
2711 4578 2860 4649 quod
2885 4588 3108 4649 propter
3133 4579 3421 4649 infantiam
3473 4580 3720 4649 ipsorum

434 4673 503 4725 τὸ
542 4673 813 4743 nmmos;
840 4674 1022 4729 αὐτῶν
1055 4674 1294 4729 τοσαῦτα
1323 4675 1556 4729 ταπεινὰ
1584 4674 1907 4743 ἐφθέγξατο,
1942 4676 2032 4728 καὶ

2147 4664 2291 4724 adeo'
2311 4660 2564 4724 humilia
2593 4664 2902 4740 protulerit,
2944 4679 3110 4739 atque
3173 4669 3499 4724 immoratus
3554 4671 3625 4724 sit
3667 4669 3721 4722 in

436 4762 523 4833 τῷ
560 4764 706 4817 κατὰ
734 4764 914 4836 σάρκα
951 4765 1094 4837 λόγῳ
1124 4765 1479 4836 ἐνδιέτριψεν.
1528 4766 1592 4819 Εἰ
1629 4765 1741 4835 γὰρ
1771 4766 1847 4837 μὴ
1899 4760 2032 4834 ἦσαν

2146 4762 2397 4817 oratione
2425 4762 2493 4816 de
2529 4761 2870 4816 humanitate
2893 4761 3123 4817 Christi.
3155 4760 3274 4817 Nisi
3305 4760 3451 4816 enim
3511 4760 3720 4815 inﬁrmi

441 4851 720 4915 ἀσθενεῖς,
764 4853 930 4907 πάλαι
976 4853 1043 4909 ἂν
1087 4855 1197 4907 τῶν
1242 4854 1595 4926 ὑψηλοτέρων
1625 4854 1892 4927 ἐμνήσθη.
1941 4855 2041 4908 Διά

439 4939 546 5008 τὴν
597 4939 869 5011 ὑμετέραν
910 4941 1004 4996 οὖν
1053 4942 1341 5014 νωθρείαν,
1397 4945 1554 5015 φησὶ,
1605 4945 2039 5014 δυσερμηνευτός

440 5031 595 5083 ἐστιν
617 5030 649 5083 ό
680 5029 834 5100 λόγος
873 5033 901 5085 ὁ
931 5034 1064 5102 περὶ
1093 5034 1210 5099 τοῦ,
1254 5034 1371 5096 πῶς
1399 5037 1546 5087 ἐστιν
1579 5036 1609 5088 ὁ
1643 5035 1877 5106 Χριστὸς
1910 5035 2038 5103 Ἀρ-

440 5123 665 5194 χιερεὺς
708 5126 846 5178 κατὰ
878 5126 976 5197 τὴν
1015 5126 1174 5191 τάξιν
1218 5126 1580 5198 Μελχισεδέκ.
1632 5128 1742 5180 Καὶ
1797 5127 1930 5181 διότι
1976 5130 2036 5182 οὑ

443 5214 662 5267 συνίετε
696 5215 871 5285 ὑμεῖς,
908 5215 999 5271 διὰ
1026 5216 1184 5272 τοῦτο
1218 5217 1330 5285 ἐγὼ
1364 5218 1543 5281 καλῶς
1594 5219 1930 5288 ἑρμηνεῦσαι
1976 5220 2037 5273 οὑ

440 5305 701 5376 δύναμαι.
735 5308 862 5370 Τοῖς
890 5309 988 5379 μὲν
1019 5308 1111 5363 οὖν
1146 5310 1471 5380 Κορινθίοις,
1512 5309 1588 5382 μὴ
1634 5310 1892 5364 δύνασθαι
1920 5310 2040 5363 δια-

439 5399 698 5469 λεχθῆναι
728 5401 857 5472 περὶ
890 5402 1273 5472 πιευματικῶν
1339 5419 1523 5472 φησιν,
1577 5401 1676 5455 ἅτε
1721 5403 1786 5472 δὴ
1843 5402 2039 5474 ζήλους

442 5488 542 5542 καὶ
580 5490 699 5561 ἔριν
728 5489 933 5561 ἔχουσι’
988 5491 1069 5547 διὸ
1119 5491 1214 5545 καὶ
1268 5494 1564 5563 σαρκικοὺς
1609 5492 1805 5557 αὐτοὺς
1861 5494 2034 5547 καλεῖ.

439 5580 680 5641 Τούτους
706 5582 765 5635 δὲ
790 5581 980 5653 ἐπειδὴ
1025 5582 1086 5636 τὸ
1113 5582 1324 5654 ἀμαθὲς
1365 5583 1474 5637 ἀπὸ
1513 5582 1621 5636 τῶν
1659 5583 1893 5653 θλίψεων
1939 5586 2039 5638 ἑπ-

439 5671 680 5740 εγένετο,
726 5672 792 5725 οὑ
826 5674 1148 5742 σαρκικοὺς,
1191 5673 1329 5727 ἀλλὰ
1368 5674 1608 5746 νωθροὺς
1646 5675 1819 5729 καλεῖ.
1853 5676 2038 5731 Είπὼν

441 5761 499 5816 δὲ
519 5764 600 5830 τὸ,
632 5764 937 5835 γεγόνατε,
968 5763 1237 5818 δείκνυσιν
1265 5765 1461 5828 αὑτοὺς
1490 5768 1654 5822 πάλαι
1680 5765 2039 5835 ὑγιαίνοντας,

443 5855 669 5923 ὕστερον
697 5855 757 5909 δὲ.
786 5853 1061 5918 τοιούτους
1096 5855 1405 5925 γεγονότας.

2143 4853 2397 4914 fuissent.
2413 4853 2733 4922 jamdudum
2755 4853 3135 4910 sublimiorum
3150 4869 3333 4909 rerum
3357 4853 3719 4908 meminisset.

2141 4941 2223 4997 Ob
2247 4953 2488 4999 vestrum
2528 4944 2693 5015 igitur
2752 4952 3050 5015 torporem,
3115 4945 3283 5016 680
3333 4945 3533 5014 inquit,
3578 4944 3723 4998 haud

2145 5035 2304 5090 facile
2354 5035 2702 5105 explicabilis
2746 5042 2833 5090 est
2893 5051 3074 5091 sermo
3140 5037 3208 5091 de
3259 5051 3378 5100 .co,
3447 5036 3723 5105 quomodo

2142 5126 2394 5183 Christus
2415 5128 2488 5183 sit
2516 5127 2773 5184 Pontifex
2817 5128 3126 5185 secundum
3161 5127 3412 5183 ordinem
3438 5126 3723 5199 Melchise-

2143 5218 2262 5274 dec.
2294 5218 2358 5273 Et
2392 5221 2519 5290 quia
2558 5235 2666 5275 non
2698 5221 3024 5294 intelligitis,
3082 5230 3374 5292 pr0pterea
3416 5234 3517 5289 ego
3571 5235 3721 5274 com-

2145 5309 2302 5363 mode
2332 5310 2682 5380 interpretari
2714 5326 2825 5366 non
2864 5328 3117 5383 possum.
3148 5312 3312 5366 Certe
3352 5310 3575 5378 quidem
3607 5310 3720 5367 Coo

2146 5399 2363 5455 rinthiis
2401 5400 2477 5454 ait
2509 5416 2569 5456 se
2620 5416 2729 5457 non
2760 5404 2923 5472 posse
2983 5404 3132 5472 loqui
3190 5403 3256 5457 de
3321 5402 3719 5472 spiritualibus.

2144 5489 2346 5560 quippe
2371 5490 2516 5561 quod
2548 5493 2928 5549 azmulationes
2962 5503 3018 5548 et
3047 5493 3429 5549 contentiones
3490 5494 3633 5548 inter
3662 5509 3722 5549 se

2145 5579 2392 5637 foverent
2426 5598 2440 5636 :
2478 5595 2763 5654 pr0pterea
2823 5594 2876 5639 et
2907 5586 3156 5640 carnales
3219 5599 3313 5640 eos
3359 5593 3539 5639 vocat.
3610 5584 3720 5639 llos

2147 5679 2351 5738 autem,
2378 5673 2507 5742 quia
2547 5675 2792 5730 discendi
2845 5675 3136 5731 dilﬁcultas
3202 5690 3271 5731 ex
3326 5674 3715 5731 afﬂictionibus

2145 5764 2457 5830 obvenerat,
2485 5779 2591 5819 non
2631 5766 2899 5835 carnales,
2924 5782 3110 5823 verum
3139 5782 3337 5838 segnes
3365 5774 3541 5822 vocat.
3576 5765 3713 5818 Cum

2146 5862 2325 5909 autem
2347 5856 2441 5916 ait,
2457 5855 2586 5925 facti
2600 5859 2748 5924 estis,
2768 5857 3007 5913 ostendit
3030 5857 3180 5927 ipsos
3203 5861 3437 5928 primum
3462 5856 3598 5911 bene
3620 5867 3716 5905 ra-

2147 5948 2338 6014 luisse,
2365 5957 2556 6025 postea
2597 5965 2725 6006 vero
2756 5951 2895 6006 tales
2920 5948 3117 6006 factos.
