4080 6416
401 337 509 400 ⁸257

1297 340 1881 404 TIIEOPHYIACTI
1924 344 2337 406 BULGARLEI
2366 352 2407 409 Α
2422 351 2723 413 RCUIEP.

3548 357 3656 422 248

474 454 634 509 Vrns.
670 454 758 509 12.
816 455 1025 511 Etenim
1090 475 1207 512 eum
1264 459 1518 514 deberetis
1572 475 1684 513 esse
1739 456 1960 509 doctore:

2158 463 2269 514 Kal
2302 464 2411 531 γὰρ
2458 465 2803 533 ὀφείλοντες
2842 468 2994 522 εἶναι
3037 468 3394 526 διδάσκαλοι
3427 470 3525 527 διὰ
3567 472 3676 525 τόν

404 554 616 609 νγογιιει·
650 546 872 616 tempus.
904 547 1329 604 Accusationem
1383 550 1636 604 encomio
1666 548 1879 611 tuiscrt,
1906 548 1987 600 in—

405 641 639 707 quiens:
702 641 949 696 Aliorum
1011 658 1111 698 vos
1188 643 1471 698 debebatis
1519 657 1643 697 esse
1707 641 1983 695 doctores.

402 731 653 787 OSteudit
681 734 828 789 enim
860 735 973 803 jam
1009 736 1138 789 olim
1174 736 1299 791 illos
1327 724 1649 797 credidisse,
1675 748 1985 802 arcanaque

406 824 687 893 religionis
710 824 979 883 audiisse.
1013 827 1190 881 Ambo
1219 837 1399 880 autem
1440 827 1557 881 haec
1606 826 1770 880 laude
1793 826 1981 896 digna,

404 915 451 965 si
486 912 650 968 modo
680 915 745 968 ad
778 917 1086 971 socordiam
1120 933 1227 971 non
1285 924 1467 973 essent
1516 919 1775 988 prolapsi.
1820 915 1983 971 Tem-

407 1019 535 1071 pus,
570 1006 768 1076 inquit,
792 1005 1048 1064 fortiores
1084 1008 1309 1063 reddit:
1376 1025 1475 1064 vos
1538 1026 1667 1064 vero
1724 1009 1978 1066 dissoluti

404 1094 512 1147 hoc
541 1094 745 1148 frustra
775 1096 928 1151 abusi
972 1100 1127 1153 estis.

474 1185 678 1240 Rursus
730 1188 977 1258 indigetis
1019 1200 1077 1244 ut
1123 1208 1214 1246 vos
1273 1194 1568 1247 doceamini
1595 1210 1711 1264 quae
1728 1194 1979 1248 suntele-

402 1286 573 1329 menta
595 1279 803 1333 exordii
852 1264 1154 1336 sermonum
1191 1283 1309 1339 Dei.
1364 1284 1666 1348 Elementa,
1734 1302 1797 1341 ea
1856 1302 1978 1356 qua:

399 1374 531 1418 sunt
562 1367 629 1421 de
656 1368 1000 1427 humanitate
1026 1372 1236 1429 Christi
1270 1384 1453 1430 vocat.
1489 1375 1559 1431 Ut
1617 1378 1762 1432 enim
1799 1378 1854 1431 in
1881 1394 1976 1433 ex-

399 1457 573 1511 ternis
604 1457 804 1515 litteris
828 1463 999 1529 prima
1029 1463 1299 1519 elementa
1350 1466 1613 1521 discenda
1645 1476 1794 1531 sunt,
1829 1468 1974 1522 hunc

398 1547 464 1598 ad
488 1551 710 1603 modum
753 1552 841 1606 hic
897 1554 1131 1624 primum
1172 1558 1355 1613 doceri
1389 1568 1606 1628 oportet
1664 1560 1733 1613 de
1779 1560 1972 1614 huma-

397 1640 572 1694 nitate
617 1641 853 1707 Christi,
916 1653 1084 1714 atque
1153 1648 1455 1704 humilibus
1519 1651 1971 1715 assuescendum,

397 1727 597 1783 deinde
626 1732 997 1788 accedendum
1027 1745 1111 1791 est
1153 1736 1222 1791 ad
1270 1752 1332 1792 ca
1375 1754 1497 1809 quae
1536 1746 1665 1795 sunt
1716 1740 1968 1805 Deitatis,

396 1832 520 1887 quae
546 1822 860 1889 perfectiori
896 1824 1204 1883 intellectus
1232 1844 1375 1897 opus
1411 1831 1632 1886 habent.
1680 1831 1821 1889 Ecce
1851 1834 1965 1903 jam

396 1911 469 1966 ab
505 1913 631 1991 ipso.
651 1914 825 1972 Paulo
864 1917 1160 1976 manifeste
1188 1923 1646 1994 didicisti,quam
1688 1928 1775 1981 iob
1835 1942 1967 1983 cau-

393 2016 512 2056 sam
563 2005 617 2058 in
673 2006 985 2065 humilibus
1035 2012 1389 2069 sermonibus
1443 2015 1788 2082 immoratur,
1838 2032 1966 2075 raro

389 2103 572 2150 autent
612 2100 845 2156 sublime
876 2102 1080 2173 aliquid
1116 2106 1379 2175 loquitur,
1408 2115 1462 2161 et
1495 2108 1641 2177 quod
1688 2109 1758 2163 ob
1808 2111 1966 2165 infir-

387 2186 634 2243 mitatem
666 2191 979 2248 auditorum
1016 2196 1119 2251 ista
1159 2197 1343 2252 faciat.
1376 2197 1515 2254 Ecce
1560 2202 1727 2271 igitur
1766 2211 1821 2258 et
1850 2204 1965 2261 hrec

392 2272 638 2344 Epistola
683 2280 983 2340 humilibus
1010 2274 1096 2340 est
1144 2285 1367 2342 referta.
1399 2287 1456 2343 Si
1516 2299 1700 2345 autem
1754 2293 1961 2364 aliquid

387 2368 624 2424 sublime
649 2370 833 2439 habet,
859 2375 962 2431 boc
975 2377 1166 2446 paucis
1194 2380 1536 2451 transigitur.

445 2456 512 2511 Et
548 2460 681 2527 [acti
712 2468 839 2518 estis
872 2467 1060 2534 quibus
1101 2468 1238 2524 lacte
1295 2487 1425 2541 opus
1476 2475 1568 2536 sit.
1627 2493 1733 2531 non
1758 2479 1961 2537 isolido

382 2548 520 2603 cibo.
543 2548 663 2606 Non
698 2554 858 2622 dixit,
897 2556 1047 2627 Opus
1078 2560 1317 2625 habetis.
1356 2565 1473 2631 sed,
1496 2566 1627 2634 facti
1653 2570 1801 2635 estis,
1859 2572 1962 2626 hoc

383 2649 492 2701 est.
516 2644 723 2713 vosipsi
750 2648 1001 2718 vosipsos
1040 2666 1107 2707 eo
1162 2655 1519 2723 perduxistis,
1552 2668 1731 2715 vestra
1767 2672 1961 2732 sponte

384 2731 520 2787 tales
547 2732 701 2790 facti.
736 2735 848 2793 Lac
868 2747 1077 2806 autem,
1114 2744 1371 2801 humilem
1406 2750 1709 2807 orationem
1776 2731 1962 2823 appel-

381 2820 460 2876 lat
491 2832 544 2877 et
566 2824 677 2891 hic,
710 2828 849 2883 etin
889 2828 1131 2900 Epistola
1192 2837 1259 2889 ad
1311 2836 1665 2897 Corinthios:
1720 2820 1955 2899 solidum

382 2930 515 2970 vero
539 2918 752 2983 cibum,
784 2925 1113 2991 perfectiora
1140 2938 1194 2983 et
1231 2930 1450 2986 altiora.
1498 2933 1616 2988 Non
1673 2941 1958 3006 oportebat

381 3004 570 3075 igitur,
598 3009 797 3078 inquit,
835 3028 978 3066 nunc
1009 3014 1353 3074 introducere
1383 3022 1594 3089 legalis,
1644 3004 1798 3081 et‘ab
1833 3028 1955 3083 istis

2089 553 2331 617 χρόνον.
2377 553 2669 624 Ἑγκωμίιρ
2711 556 2926 624 μίγνυσι
2962 557 3060 628 τὴν
3093 557 3447 627 κατηγορίαν,
3478 557 3670 624 εἰπὼν,

2087 641 2192 706 ὅτι,
2230 643 2341 696 Καὶ
2385 644 2567 707 ἄλλοις
2603 645 2710 698 ἔδει
2749 647 2893 716 ὑμᾶς
2939 643 3078 701 εἶναι
3112 647 3484 711 διδασκάλους.
3522 648 3675 700 Δεικ-

2086 749 2208 784 νυσι
2234 734 2341 805 γὰρ
2370 735 2434 786 ἐκ
2461 735 2654 789 πολλοῦ
2681 738 3115 800 πεπιστευκότας
3140 739 3357 801 αὐτοὺς,
3408 739 3502 791 καὶ
3570 754 3674 806 μυ-

2086 825 2323 896 στηρίων
2361 827 2718 892 ἀκούσανταςο
2759 830 2928 901 ἄμφω
2971 831 3027 883 δέ
3056 829 3227 883 ταῦτα
3273 831 3494 883 ἐπαίνου
3522 830 3668 895 ἄξια,

2083 916 2241 988 εἴπερ
2270 918 2425 971 αὐτοὶ
2457 919 2532 989 μὴ
2560 919 2976 990 ἐρρᾳθύμησαν.
3021 917 3080 974 '0
3111 921 3322 990 χρόνος,
3349 922 3503 991 φησὶ,
3533 922 3671 989 μᾶλ-

2081 1008 2172 1061 λον
2206 1010 2457 1078 ἰσχυροὺς
2484 1012 2641 1063 ποιεῖ·
2670 1012 2826 1081 ὑμεῖς
2853 1011 2908 1063 δὲ
2936 1011 3115 1081 μάτην
3175 1011 3346 1081 τούτῳ
3399 1012 3671 1082 κατεχρή-

2084 1099 2249 1153 σασθε
2289 1099 2624 1165 ἐκλυθέντες.

2150 1189 2345 1243 Πάλιν
2368 1191 2580 1258 χρείαν
2614 1192 2783 1260 ἔχετε
2810 1193 2916 1247 τοῦ
2964 1194 3277 1247 διδάσκειν
3328 1194 3485 1260 ὑμᾶς
3532 1196 3670 1249 τίνα

2078 1282 2150 1335 τὰ
2196 1282 2466 1351 στοιχεῖα
2522 1282 2634 1350 τῆς
2688 1284 2885 1352 ἀρχῆς(
2931 1284 3050 1338 τῶν
3090 1287 3313 1355 λογίων
3343 1286 3451 1339 τοῦ
3494 1288 3664 1340 Θεοῦ.

2078 1375 2344 1444 Στοιχεῖα,
2388 1375 2455 1427 τὰ
2502 1374 2631 1444 περὶ
2673 1376 2773 1446 τῆς
2814 1375 3232 1447 ἀνθρωπότητος
3280 1377 3377 1429 τοῦ
3427 1377 3665 1447 Χριστοῦ

2077 1481 2261 1533 φησιν.
2298 1464 2510 1536 Ὥσπερ
2540 1468 2650 1537 γὰρ
2677 1467 2770 1519 ἐπὶ
2801 1466 2909 1519 τῶν
2957 1467 3155 1531 ἔξωθεν
3198 1467 3541 1537 γραμμάτων
3595 1467 3664 1519 τὰ

2078 1555 2315 1624 στοιχεῖα
2366 1552 2581 1624 πρῶτον
2623 1554 2705 1607 δεῖ
2758 1554 2972 1624 μαθεῖν,
3025 1552 3169 1606 οὕτω
3201 1553 3265 1623 δὴ
3299 1552 3395 1606 καὶ
3429 1550 3667 1604 ἐνταῦθα

2074 1644 2293 1713 πρῶτον
2322 1646 2452 1714 περὶ
2485 1646 2581 1715 τῆς
2612 1644 3033 1714 ἁνθρωπότητος
3063 1645 3171 1697 ἔδει
3200 1643 3535 1720 διδαχθῆναι,
3567 1642 3665 1695 καὶ

2076 1738 2190 1798 τοῖς
2213 1740 2487 1799 ταπεινοῖς
2530 1737 2893 1809 ἐνεθισθῆναι,
2939 1733 3058 1790 εἶτα
3101 1737 3216 1800 τοῖς
3266 1737 3364 1804 τῆς
3410 1734 3664 1801 θεότητος

2079 1828 2406 1897 προσϐῆναι,
2448 1829 2788 1900 τελειοτέρας
2817 1829 3051 1891 διανοίας
3078 1828 3376 1898 δεομένοιςι
3428 1826 3561 1879 Ἰδοὺ
3603 1826 3667 1878 ἁ-

2076 1921 2307 1992 ριδήλως
2340 1921 2544 1989 ἔμαθες
2585 1924 2714 1992 παρ’
2744 1922 2909 1976 αὐτοῦ
2951 1922 3047 1975 τοῦ
3082 1920 3318 1983 Παύλου,
3364 1918 3509 1981 τίνος
3543 1917 3662 1970 ἐνε-

2072 2030 2169 2066 κεν
2196 2017 2308 2076 τοῖς
2347 2015 2443 2080 μὲν
2474 2016 2751 2078 ταπεινοῖς
2781 2014 2962 2082 λόγοις
2992 2013 3339 2083 ἐνδιατρίϐει,
3371 2008 3664 2071 σπανιάκις

2072 2103 2130 2157 δέ
2160 2102 2361 2172 ὑψηλόν
2389 2121 2439 2157 τι
2469 2104 2639 2172 λέγει,
2671 2106 2763 2157 καὶ
2787 2104 2867 2157 ὅτι
2887 2103 2989 2170 τῆς
3018 2103 3297 2164 ἀσθενείας
3341 2101 3451 2154 τῶν
3500 2102 3665 2152 ἀκου-

2072 2194 2240 2248 όντων
2297 2196 2457 2249 τοῦτο
2496 2198 2659 2265 χάριν
2712 2199 2875 2250 ποιεῖ.
2950 2195 3083 2248 Ἰδοὺ
3139 2193 3270 2261 γοῦν
3304 2194 3400 2246 καὶ
3442 2191 3584 2260 αὕτη
3627 2192 3660 2259 ἡ

2083 2285 2370 2357 Ἐπιστολὴ
2397 2287 2505 2341 τῶν
2540 2290 2639 2358 μέν
2671 2286 2945 2340 ταπεινῶν
2975 2286 3223 2356 γέμει⁷⁹.
3261 2285 3324 2338 El
3358 2283 3417 2336 δέ
3462 2299 3517 2335 τι
3564 2281 3661 2335 καὶ

1982 2397 1987 2401 ·
2071 2376 2272 2448 ὑψηλὸν
2314 2378 2448 2449 ἔχει,
2497 2380 2672 2450 βραχὺ
2697 2381 2875 2435 τοῦτο.

2107 2466 2215 2520 Καὶ
2252 2470 2534 2535 γεγόνατε
2568 2471 2777 2538 χρείαν
2810 2471 3057 2538 ἔχοντες
3079 2470 3397 2538 γάλακτος,
3440 2466 3541 2521 και
3585 2467 3657 2521 οὗ

2070 2558 2322 2627 στερεᾶς
2344 2560 2592 2629 τροφῆς.
2607 2560 2723 2615 Οὐκ
2746 2560 2921 2627 εἶπεν,
2944 2564 3049 2625 ὅτι,
3075 2562 3280 2633 Χρείαν
3301 2562 3473 2631 ἔχετε,
3497 2557 3656 2625 ἀλλὰ,

2070 2653 2372 2718 γεγόνατε,
2412 2654 2709 2719 τουτέστιν,
2744 2655 2904 2723 ὑμεῖς
2934 2655 3089 2707 αὐτοὶ
3131 2654 3359 2715 ἑαυτοὺς
3389 2654 3470 2715 εἰς
3499 2650 3657 2705 τοῦτο

2069 2746 2459 2810 κατεστήσατε,
2522 2746 2586 2796 ἐκ
2636 2746 3010 2817 προαιρέσεως
3058 2748 3293 2799 τοιοῦτοι
3347 2742 3651 2812 γεγονότες.

2067 2836 2213 2891 Γάλα
2249 2837 2309 2889 δέ
2336 2836 2425 2889 τὸν
2460 2839 2715 2891 ταπεινὸν
2746 2839 2901 2907 λόγον
2935 2839 3090 2892 καλεῖ
3120 2841 3214 2892 καὶ
3250 2837 3508 2903 ἐνταῦθα,
3561 2835 3653 2889 καὶ

2067 2930 2124 2982 ἐν
2164 2932 2228 2999 τῇ
2269 2929 2405 3000 πρὸς
2449 2929 2792 2998 Κορινθίους·
2840 2925 3066 3003 στερεὰν
3102 2932 3159 2985 δέ
3193 2931 3420 3002 τροφὴν.
3451 2930 3521 2983 τὰ
3564 2945 3646 2983 το-

2065 3020 2312 3089 λειότερα
2331 3020 2425 3072 καὶ
2441 3020 2765 3090 ὑψηλότερα.
2785 3022 2897 3073 Οὐκ
2914 3020 3024 3074 ἔδει
3043 3021 3156 3087 οὖν,
3181 3022 3338 3090 φησι,
3351 3018 3447 3072 νῦν
3467 3020 3652 3071 ἐπεισο

381 3099 851 3163 comparationem
884 3101 1064 3159 facere
1127 3106 1575 3178 incomparabilis
1616 3114 1838 3178 Christi,
1871 3120 1952 3172 ni-

2066 3114 2220 3180 άγειν
2258 3111 2324 3163 τὰ
2352 3111 2570 3178 νομικὰ,
2593 3112 2685 3163 καὶ
2726 3112 2833 3164 ἀπὸ
2861 3112 3067 3165 τούτων
3098 3111 3369 3165 ποιεῖσθαι
3396 3108 3492 3180 τὴν
3520 3109 3642 3177 σύγ.

380 3184 577 3241 mirum
603 3191 749 3258 quod
779 3192 850 3247 sit
880 3192 1147 3261 Pontifex,
1167 3201 1309 3266 quod
1339 3216 1554 3256 sacrum
1583 3203 1788 3266 fecerit.
1808 3211 1954 3279 quod

2065 3220 2241 3272 κρισιν
2280 3200 2372 3254 τοῦ
2418 3202 2754 3272 ἁσυγκρίτου
2799 3203 3059 3273 Χριστοῦ,
3099 3204 3180 3256 ὅτι
3209 3220 3266 3255 τε
3311 3201 3645 3273 ’Δρχιερεὺς,

379 3288 507 3329 curn
543 3276 783 3335 clamore
817 3297 1073 3351 precatus
1108 3289 1200 3351 sit,
1236 3305 1301 3343 ac
1333 3294 1757 3362 supplicationes
1812 3276 1955 3355 fece-

378 3363 453 3416 rit
483 3382 498 3418 :
529 3373 770 3424 attamen
791 3373 919 3441 quia
949 3390 1047 3430 vos
1080 3377 1229 3434 hisce
1261 3382 1494 3448 alimini,
1529 3400 1784 3456 praepono
1815 3390 1950 3446 haec.

377 3452 832 3517 Observa'antem
872 3469 1017 3533 quod
1051 3483 1171 3536 quae
1218 3486 1364 3525 nunc
1418 3476 1577 3530 nobis
1633 3452 1855 3545 adsunt,
1889 3498 1951 3537 ea

378 3558 494 3603 tum
534 3551 759 3606 alebant
794 3553 939 3620 illos,
980 3566 1035 3611 et
1059 3562 1205 3629 quod
1244 3578 1428 3617 verum
1470 3575 1601 3621 sunt
1632 3570 1949 3627 alimentum

375 3637 593 3707 eloquia
627 3640 740 3696 Dei.
764 3642 911 3700 Dabo
934 3649 1103 3715 enim,
1134 3652 1332 3722 inquit,
1347 3655 1542 3723 famem
1568 3658 1677 3713 illis
1700 3663 1951 3717 audiendi

372 3728 584 3783 verbum
602 3731 835 3788 Domini.

441 3821 610 3879 Vna.
642 3826 730 3881 15.
778 3827 964 3884 Omnis
986 3833 1125 3885 enim
1182 3837 1273 3904 qui
1329 3836 1486 3893 lactis
1529 3849 1611 3894 est
1663 3845 1947 3914 particeps,

371 3916 674 3986 inexpertus
706 3929 785 3973 est
816 3926 1075 3978 sermonis
1130 3925 1361 3994 justitia:
1391 3944 1410 3982 :
1475 3931 1637 4002 681
1694 3936 1948 4000 parvulus

368 4007 511 4062 enim
542 4020 641 4064 est.
680 4009 983 4079 Justitiam,
1014 4015 1104 4071 hic
1134 4018 1214 4072 vel
1274 4031 1522 4075 exactam
1584 4025 1804 4080 vivendi
1863 4042 1949 4082 ra-

371 4102 574 4157 tionem
617 4106 874 4174 appellat,
902 4115 1159 4178 tanquam
1217 4111 1321 4166 hoc
1376 4113 1587 4179 dicens,
1645 4118 1793 4187 quod
1848 4120 1949 4172 im-

369 4193 679 4263 perfectus,
742 4197 1063 4267 inexpertus
1121 4208 1205 4255 est
1260 4219 1512 4273 superna:
1559 4207 1944 4279 philosophiae,

369 4298 473 4337 nec
507 4292 685 4353 potest
731 4287 978 4357 recipere
1027 4304 1298 4345 summam
1351 4302 1407 4347 et
1448 4304 1694 4351 exactam
1751 4301 1942 4366 vitam;

368 4375 523 4444 quod
549 4387 602 4432 et
628 4377 880 4435 Christus
915 4381 1184 4452 exigebat,
1244 4384 1475 4442 dicens:
1531 4388 1657 4443 Nisi
1705 4390 1945 4446 abunda-

367 4468 496 4521 verit
509 4466 727 4535 justitia
765 4480 937 4525 vestra
966 4472 1087 4541 plus
1115 4490 1273 4543 quam
1306 4475 1610 4532 Scribarum
1663 4491 1712 4535 et
1748 4480 1943 4537 Pltari-
1977 4476 2020 4530 Ι)

362 4574 593 4614 eteorum
629 4561 706 4628 ἐς
740 4563 821 4617 vel
851 4564 1147 4631 justitiam,
1188 4566 1368 4637 ipsum
1437 4569 1702 4626 Christum
1758 4589 1938 4642 vocat,

366 4651 471 4705 hoc
502 4653 732 4711 dicens:
770 4655 872 4721 Qui
933 4658 1210 4728 particeps
1268 4665 1354 4715 cst
1390 4659 1678 4717 humilium
1734 4665 1801 4719 de
1858 4666 1942 4719 in-

364 4743 685 4797 carnatione
706 4760 1046 4812 sermonum,
1093 4750 1255 4804 verba
1288 4752 1544 4807 sublimia
1608 4753 1940 4825 Christoque

361 4833 524 4904 digna
548 4849 656 4887 non
695 4836 957 4901 admittit,
1014 4847 1203 4909 utpote
1247 4842 1340 4912 qui
1398 4842 1580 4899 infans
1612 4852 1714 4911 est,
1776 4854 1941 4916 atquc

361 4928 464 4981 ista
482 4941 678 4997 capere
702 4932 910 4999 nequit.

432 5017 602 5075 Vens.
638 5022 725 5075 M.
764 5021 1133 5093 Perfectorum
1193 5035 1369 5082 autem
1416 5037 1491 5082 est
1547 5029 1749 5083 solidus
1769 5029 1937 5084 cibus.

361 5113 476 5168 lloc
507 5125 613 5180 est,
650 5117 919 5173 sublimes
947 5119 1327 5175 institutiones
1359 5120 1427 5175 de
1455 5120 1744 5175 divinitate
1775 5120 1936 5176 Chri-

360 5205 659 5263 sti.'Vides
687 5208 973 5263 infantiam
1014 5211 1240 5266 alteram
1322 5226 1443 5280 qua:
1490 5220 1543 5265 et
1595 5212 1649 5265 in
1692 5211 1934 5281 grandae-

357 5297 445 5352 vis
476 5305 582 5364 est,
613 5300 811 5357 mentis
841 5301 1089 5357 videlicet
1118 5319 1131 5355 :
1156 5316 1220 5356 ac
1252 5300 1663 5379 perfectionem,
1685 5315 1847 5370 quam
1882 5314 1938 5357 et

359 5388 589 5457 iuvenes
623 5390 828 5447 habere
858 5392 997 5447 nihil
1028 5392 1274 5464 impedit.

426 5478 537 5546 Qui
549 5494 645 5548 pro
670 5484 785 5551 ipsa
814 5486 1187 5540 consuetudine
1214 5486 1523 5539 exercitatos
1550 5485 1932 5540 habentseusus

432 5594 475 5626 "
496 5586 696 5649 Matth.
731 5613 783 5660 ν,
809 5597 900 5651 20.

424 5767 470 5801 ν’
504 5768 777 5841 μέμνηται
810 5758 861 5826 o.
938 5772 984 5805 ”
1013 5776 1041 5829 ὃ
1067 5790 1099 5832 o
1216 5776 1259 5809 "
1293 5776 1448 5831 τοῦτο
1479 5794 1530 5834 ο-

2057 3297 2152 3348 καὶ
2176 3297 2257 3347 ὅτι
2292 3296 2471 3359 ἔθυσε,
2503 3296 2596 3348 καὶ
2626 3297 2707 3349 ὅτι
2746 3298 2884 3365 μετὰ
2923 3294 3173 3366 κραυγῆς
3198 3294 3395 3365 ἐδεήθη
3421 3295 3513 3347 καὶ
3540 3295 3622 3346 ἱκε

2056 3388 2271 3457 τηρίας·
2315 3388 2429 3441 ἀλλ’
2466 3390 2615 3459 ὅμως
2659 3389 2849 3457 ἐπειδὴ
2896 3387 3162 3458 τρέφεσθσ
3207 3387 3420 3449 τούτοις
3464 3386 3645 3455 ὑμεῖς,

2056 3481 2354 3551 προτίθημι
2404 3483 2495 3534 καὶ
2541 3481 2734 3534 ταῦτα.
2786 3480 3102 3549 Σημείωσαι
3141 3479 3199 3532 δὲ
3240 3480 3324 3532 ὅτι
3358 3477 3395 3532 ἃ
3420 3477 3467 3510 ⁸⁸
3511 3480 3638 3548 ήμῖι

2022 3572 2416 3644 ,προπίσταται
2469 3574 2585 3636 νῦν,
2632 3572 2874 3632 ἐκείνους
2919 3570 3041 3624 τότε
3070 3570 3113 3603 ⁸⁸
3162 3570 3381 3641 ἔτρεφε.
3416 3570 3510 3623 καὶ
3557 3569 3642 3622 ὃτι

2052 3666 2227 3736 τροφὴ
2256 3664 2462 3733 ἀληθὴς
2507 3663 2574 3716 τὰ
2603 3663 2762 3729 λόγια
2787 3662 2883 3715 τοῦ
2913 3662 3069 3716 Θεοῦ.
3105 3661 3282 3716 Δώσω
3311 3661 3441 3730 γὰρ,
3483 3661 3638 3730 φησὶ,

2051 3758 2232 3824 λιμὸν
2257 3757 2461 3822 αὐτοῖς
2486 3755 2592 3810 τοῦ
2617 3756 2876 3810 ἀκοῦσαι
2898 3756 3088 3822 λόγον
3112 3755 3353 3819 Κυρίου.
3401 3757 3410 3765 ”

2124 3845 2250 3912 Πᾶς
2296 3847 2407 3916 γὰρ
2445 3852 2478 3901 ό
2518 3846 2789 3916 μετέχων
2820 3847 3127 3916 γάλακτος,
3161 3846 3405 3914 ἄπειρος
3447 3848 3638 3913 λόγου

2049 3939 2461 4006 δικαιοσύνης·
2508 3939 2727 4005 νήπιος
2768 3938 2880 4007 γάρ
2934 3940 3084 3992 ἐστι.
3138 3936 3493 4006 Δικαιοσύνην
3549 3938 3639 3989 ἐν-

2054 4029 2294 4100 ταῦθαῆ
2334 4030 2426 4084 τὸν
2474 4031 2587 4101 βίον
2633 4031 2726 4083 τὸν
2763 4030 3143 4102 ἠκριϐωμένον
3198 4031 3384 4099 φησὶν,
3435 4029 3637 4082 ὡσανεὶ

2050 4123 2209 4177 τοῦτο
2228 4123 2424 4191 λέγων,
2443 4124 2546 4187 ὅτι,
2562 4124 2623 4175 Ὀ
2641 4123 2836 4192 ἀτελὴς
2855 4122 3079 4191 ἄπειρός
3103 4125 3220 4175 ἐστι
3235 4123 3335 4192 τῆς
3346 4123 3459 4176 ἄνω
3481 4120 3634 4191 φιλο-

2053 4215 2266 4284 σοφίας,
2312 4216 2408 4269 καὶ
2451 4217 2513 4267 οὐ
2557 4214 2780 4267 δύναται
2813 4214 3218 4282 παραδέξασθαι
3259 4213 3372 4282 βίον
3418 4216 3588 4284 ἄκρον
3615 4230 3629 4244 ⁸

2046 4307 2185 4377 ὅπερ
2214 4306 2311 4359 καὶ
2342 4309 2370 4359 ὁ
2398 4305 2628 4375 Χριστὸς
2656 4305 2873 4377 ἀπῄτει,
2909 4304 3103 4372 λέγων’
3149 4306 3294 4359 Ἐὰν
3315 4305 3402 4375 μὴ
3426 4321 3633 4375 περισ-

2046 4399 2242 4465 σεύσῃ
2290 4398 2329 4465 ἡ
2364 4397 2718 4463 δικαιοσύνη
2766 4394 2934 4464 ὑμῶν
2971 4396 3165 4450 πλέον
3207 4395 3328 4451 τῶν
3355 4400 3628 4467 Γραμμα-

2048 4487 2198 4541 τέων
2223 4486 2321 4539 καὶ
2345 4485 2685 4554 Φαρισαίων
2708 4502 2722 4515 ·
2757 4485 2791 4555 ἢ
2820 4484 3189 4554 δικαιοσύνην,
3234 4486 3345 4539 τόν
3370 4486 3631 4555 Χριστόν

2050 4595 2217 4646 φησιν
2254 4578 2441 4641 αὐτὸν,
2472 4576 2632 4630 τοῦτο
2664 4576 2861 4644 λέγων,
2902 4577 2985 4630 ὅτι
3028 4577 3089 4629 '0
3125 4576 3369 4647 μετέχων
3394 4577 3505 4630 τῶν
3528 4594 3629 4631 τα·
3660 4586 3674 4603 ⁸

2050 4668 2250 4719 πεινῶν
2293 4667 2386 4719 καὶ
2422 4667 2678 4736 περὶτῆς
2708 4666 3039 4736 σαρκώσεως
3081 4665 3277 4733 λόγων,
3323 4670 3449 4730 τοὺς
3492 4667 3628 4736 ὑψη-

2048 4758 2173 4821 λοὺς
2205 4758 2299 4810 καὶ
2329 4756 2510 4821 ἀξίους
2536 4756 2774 4825 Χριστοῦ
2802 4757 2994 4825 λόγους
3028 4757 3089 4809 οὐ
3135 4756 3369 4827 δέχεται,
3415 4754 3504 4811 οἷα
3535 4760 3625 4828 νή-

2048 4866 2170 4912 πιος
2199 4848 2294 4902 καὶ
2335 4847 2538 4900 τούτων
2565 4846 2962 4917 ἀπαράδεκτος.

2124 5033 2376 5086 Τελείων
2402 5032 2470 5087 δέ
2519 5034 2693 5087 ἐστιν
2721 5034 2760 5102 ἠ
2813 5033 3029 5102 στερεὰ
3073 5033 3284 5105 τροφή.
3332 5034 3621 5098 Τουτέστι,

2046 5125 2115 5177 τὰ
2140 5123 2320 5194 ὑψηλὰ
2366 5124 2636 5194 δόγματα,
2672 5124 2740 5177 τὰ
2770 5126 2899 5194 περί
2941 5123 3038 5194 τῆς
3065 5123 3318 5195 θεότητος
3351 5124 3445 5177 τοῦ
3483 5125 3622 5194 Χρι-

2049 5216 2198 5270 στοῦ.
2243 5215 2405 5286 Ὁρᾷς
2447 5215 2752 5285 νηπιότητα
2802 5216 3036 5285 ἐτέραν,
3088 5216 3157 5285 ἢν
3214 5218 3308 5268 καὶ
3362 5215 3620 5286 γέροντες

2047 5312 2253 5381 έχουσι,
2303 5310 2404 5378 τὴν
2453 5310 2560 5362 τῶν
2596 5309 2846 5380 φρενῶν
2884 5311 2977 5364 καὶ
3025 5310 3362 5382 τελειότητα,
3401 5311 3468 5381 ἣν
3522 5311 3618 5364 καὶΙ

2043 5401 2197 5463 νέους
2221 5400 2367 5468 ἔχειν
2407 5399 2558 5452 οὐδὲν
2593 5398 2896 5468 ἐμποδίζει.

2120 5491 2241 5545 Ίῶν
2264 5491 2361 5544 διὰ
2401 5490 2512 5560 τὴν
2541 5490 2674 5555 ἕξιν
2714 5490 2785 5546 τὰ
2831 5493 3185 5563 αἰσθητήρια
3217 5495 3482 5564 ἐχόντων·
3522 5509 3613 5565 τε·

1662 5662 1858 5724 Variee
1893 5662 2221 5736 lectiones.
