4080 6468
346 394 458 454 Ξίθ

1085 396 1492 461 EXPOSITIO
1539 402 1621 461 IN
1652 404 1893 467 EPIST.
1935 409 2036 468 AD
2069 410 2464 472 IlEBR/EOS.
2496 435 2563 447 -
2600 413 2759 474 CAP.
2798 414 2903 474 Vl.

3522 416 3633 481 ρει)

352 506 751 576 rvpi-(mpera
779 506 933 575 πρὸς
960 508 1266 576 διάκρισιν
1288 512 1478 567 καλοῦ
1502 531 1565 566 τε
1599 515 1698 567 καὶ
1730 518 1940 572 κακοῦ.

2049 523 2117 573 ad
2149 524 2512 578 discretionem
2543 526 2664 580 boni
2715 537 2764 580 et
2799 527 2947 581 mali.
2996 526 3482 593 Consuetudinem,
3542 532 3631 585 hic

352 602 537 665 Ἐξιν,
569 600 671 667 τὴν
699 598 1022 669 τελειότητα
1054 602 1151 653 καὶ
1183 603 1490 673 παγιότητα
1522 606 1632 657 τῶν
1661 607 1809 677 ἠθῶν
1841 627 1948 678 φη-

354 711 465 747 σιν.
510 692 573 744 '0
595 691 777 744 τοίνυν
809 693 1010 758 πάγιος
1036 695 1098 745 τὸ
1133 688 1287 762 ἦθος,
1319 689 1477 759 οὗτος
1511 698 1606 749 καὶ
1648 698 1718 752 τὰ
1759 699 1953 770 αἰσθη-

358 787 530 855 τήρια
585 785 688 853 τῆς
750 784 934 853 ψυχῆς
990 785 1105 857 ἔχει
1147 790 1576 858 γεγυμνασμένα
1614 793 1736 855 ταῖς
1776 791 1949 857 θείαις

284 925 299 935 ,
355 879 629 947 Γραφαῖς,
666 877 807 948 πρὸς
837 876 1116 947 διάκρισιν
1153 877 1441 949 δογμάτων
1469 881 1691 953 ὑψηλῶν
1732 885 1827 937 καὶ
1854 903 1951 937 τα-

354 970 586 1031 πεινῶν,
622 969 795 1038 ὑγιῶν
825 970 922 1023 καὶ
944 969 1383 1043 διεφθαρμένων.
1418 974 1492 1027 Οὐ
1529 974 1638 1045 γὰρ
1670 976 1799 1044 περὶ
1831 976 1947 1046 βίου

358 1063 603 1117 ἐνταῦθά
632 1079 799 1132 φησι·
829 1063 1023 1119 τοῦτον
1049 1065 1160 1132 γὰρ
1191 1067 1300 1127 πᾶς
1339 1065 1631 1138 διακρίνει,
1670 1067 1764 1120 καὶ
1808 1064 1948 1122 οἶδεν

355 1155 443 1208 δτι
474 1154 685 1224 φαῦλον
720 1157 753 1224 ἡ
782 1154 976 1221 κακία,
1022 1156 1119 1209 καὶ
1161 1156 1425 1229 ἁγαθδνή
1459 1157 1653 1229 ἀρετή.
1705 1160 1852 1232 Ὅρα
1891 1162 1947 1215 δὲ

361 1249 446 1298 δτι
473 1246 786 1314 γυμνασίας
826 1247 1008 1316 χρεία,
1047 1249 1143 1301 καὶ
1177 1249 1482 1320 ἀσκήσεως,
1521 1251 1614 1304 καὶ
1651 1253 1947 1323 ἐμπειρίας

367 1336 477 1390 τῶν
495 1337 756 1407 Γραφῶν,
785 1340 834 1390 εξ
870 1338 1162 1408 μέλλοιμεν
1188 1340 1486 1413 διακρίνειν
1510 1342 1635 1396 τίνα
1662 1344 1767 1395 τῶν
1794 1347 1946 1414 αἱρε-

360 1425 548 1487 τιιαῖιν,
583 1428 682 1478 καὶ
702 1426 824 1479 τίνα
844 1424 906 1479 οὗ
924 1443 937 1456 ’
968 1431 1065 1481 καὶ
1084 1428 1130 1460 ⁸³
1164 1429 1239 1497 μὴ
1273 1429 1460 1492 ἁπλῶς
1488 1434 1654 1483 πᾶσιν
1682 1433 1945 1486 ἐκδιδόναι

356 1515 589 1583 atina.
620 1518 844 1588 Λάρυγξ
901 1521 1003 1588 μὲν
1038 1520 1150 1591 γὰρ
1207 1523 1327 1575 σῖτα
1377 1523 1635 1590 γεύεται·
1670 1523 1838 1595 ’ψυχὴ
1888 1524 1946 1578 δὲ

351 1606 651 1677 δοκιμάζει
682 1608 897 1677 λόγους.

957 1840 1210 1909 uno“.
1256 1843 1347 1919 qr.

2056 619 2585 673 consummationem
2611 627 2667 672 et
2723 619 3033 673 ﬁrmitatem
3092 635 3304 674 mormn
3359 622 3627 676 nominat.

2054 705 2343 778 Quiigitur
2380 711 2624 766 moribus
2675 712 2897 780 vitaque
2954 712 3146 768 lirmus
3196 721 3302 775 est,
3363 713 3409 769 is
3461 715 3628 766 etiam

2053 802 2248 855 anima:
2278 802 2531 856 sensoria
2564 803 2730 859 habet
2786 805 3085 859 exercitata
3120 806 3171 860 in
3210 805 3414 859 divinis
3475 804 3628 858 Scri-

2053 893 2250 960 pturis,
2275 892 2342 946 ad
2401 892 2851 961 dijudicalionem
2908 895 3194 950 humilium
3223 904 3276 950 et
3314 896 3628 950 sublimium

2051 984 2387 1054 dogmalum,
2424 1000 2687 1040 sanorum
2748 987 2876 1041 item
2926 994 2981 1041 et
3042 994 3450 1058 corruptorum.
3513 986 3628 1041 Non

2051 1076 2195 1128 enim
2231 1075 2297 1130 de
2325 1076 2433 1131 vita
2476 1077 2562 1131 hic
2596 1077 2838 1147 loquitur
2866 1096 2880 1132 :
2917 1094 3037 1135 eam
3067 1080 3213 1133 enim
3245 1079 3632 1150 unusquisque

2052 1166 2347 1236 diiudicat,
2375 1182 2441 1222 ac
2481 1170 2632 1223 novit
2666 1169 2811 1238 quod
2842 1184 2931 1224 res
2994 1185 3159 1239 prava
3191 1171 3260 1225 sit
3292 1170 3523 1233 malitia,
3578 1179 3632 1225 et

2053 1273 2140 1313 res
2173 1258 2313 1312 bona
2368 1259 2567 1314 virtus.
2636 1259 3027 1315 Animadverte
3072 1270 3251 1315 autem
3308 1277 3448 1331 opus
3505 1276 3631 1317 esse

2049 1350 2465 1416 exercitatione,
2499 1361 2553 1406 et
2584 1352 2963 1417 meditatione,
2999 1362 3052 1409 et
3081 1355 3277 1425 peritia
3309 1353 3628 1424 Scriptura-

2049 1457 2195 1508 rum,
2229 1443 2274 1497 si
2300 1442 2655 1511 dijudicaturi
2678 1443 2852 1499 simus
2900 1461 3150 1514 numnam
3206 1446 3320 1500 sint
3349 1446 3627 1511 haeretica,

2048 1543 2103 1588 et
2154 1551 2274 1604 quae
2308 1551 2442 1600 non,
2484 1544 2538 1589 et
2570 1549 2676 1588 non
2728 1536 3047 1606 simpliciter
3093 1537 3350 1591 Omnibus
3408 1552 3631 1589 accom-

2048 1623 2271 1677 modare
2302 1639 2488 1679 aures.
2520 1624 2721 1679 Guttur
2745 1625 2891 1679 enim
2945 1626 3126 1680 cibum
3170 1633 3357 1695 gustat
3386 1642 3401 1682 :
3450 1626 3629 1678 anima

2052 1730 2181 1769 vero
2211 1729 2496 1771 sermones
2529 1716 2744 1784 probat.

2618 1853 2852 1911 CAPUT
2905 1853 2997 1910 Vl.

417 1962 519 2041 Aet)
536 1961 796 2037 ἀφέντες
823 1959 932 2017 τὸν
959 1959 1069 2028 τῆς
1091 1960 1284 2029 ἀρχῆς
1318 1962 1427 2020 τοῦ
1447 1963 1709 2030 Χριστοῦ
1728 1966 1937 2036 λόγον,

2100 1969 2297 2025 VsnsJ
2313 2010 2328 2024 .
2348 1970 2683 2039 Quapropter
2696 1971 3093 2024 intermittentes
3113 1970 3460 2026 inchoationis
3478 1970 3633 2026 Chri-

350 2055 449 2109 ἑκὶ
486 2054 608 2122 τὴν
638 2053 986 2121 τελειότητα
1010 2051 1338 2125 φερώμεθα.
1372 2050 1541 2108 Εἶπεν
1570 2056 1832 2127 ἀνωτέρω
1860 2058 1941 2111 ὅτι

351 2146 555 2218 νωθροὶ
619 2146 902 2215 γεγόνατε,
962 2145 1059 2216 καὶ
1091 2146 1174 2198 ὅτι
1224 2146 1446 2217 νήπιοι,
1477 2148 1571 2200 καὶ
1627 2150 1706 2211 είς
1752 2149 1942 2219 χρείαν

354 2240 667 2309 κατέατητε
696 2239 790 2291 τοῦ
822 2238 985 2293 πάλιν
1003 2239 1073 2292 τὰ
1098 2238 1305 2309 πρῶτα,
1322 2242 1560 2310 στοιχεῖα
1576 2242 1676 2309 τῆς
1706 2244 1943 2306 πίστεως

355 2330 660 2398 μανθάνειν
682 2348 696 2363 ·
724 2332 819 2384 καὶ
856 2330 951 2383 νῦν
975 2327 1069 2384 οὖν
1105 2348 1290 2400 φησιν,
1316 2332 1422 2396 ὅτι,
1451 2334 1545 2386 Δεῖ
1567 2334 1711 2404 ὑμᾶς
1741 2334 1816 2397 ὼς
1854 2353 1945 2388 τε-

353 2421 537 2485 λείους
564 2421 755 2476 λοιπὸν
780 2424 1030 2496 ¹φρονεῖν,
1062 2423 1156 2475 καὶ
1186 2422 1493 2492 ὑπερΰῆναι
1516 2423 1609 2478 τὸν
1640 2424 1739 2494 τῆς
1769 2428 1944 2496 ἀρχῆς

355 2511 450 2564 τοῦ
484 2512 726 2582 Χριστοῦ
760 2511 938 2578 λόγον,
961 2511 1230 2579 τουτέστι,
1262 2513 1360 2576 τὰς
1390 2512 1613 2584 πρώτας
1641 2516 1815 2585 ἀρχὰς
1844 2518 1944 2585 τῆς

359 2604 625 2666 πίστεως,
681 2604 777 2657 καὶ
829 2605 921 2656 ἐπὶ
950 2604 1051 2673 τὴν
1102 2604 1418 2675 τελειότητα
1470 2604 1754 2675 φέρεσθαι,
1790 2625 1944 2660 τουτ-

356 2698 497 2761 έστι,
527 2696 643 2749 τῶν
664 2695 1014 2767 ὑψηλοτέρων
1050 2691 1188 2749 εἶναι
1217 2697 1519 2761 δεκτικούς.
1554 2699 1623 2751 Ἢ
1674 2701 1766 2752 καὶ
1803 2700 1945 2754 οὕτω

356 2789 521 2861 τοῦτο
562 2790 818 2861 νοήσειςο
851 2791 934 2842 ὃτι
984 2789 1173 2860 ἐπειδὴ
1211 2789 1472 2862 χωλεύειν
1506 2793 1634 2862 περὶ
1670 2794 1770 2863 τὴν
1797 2793 1947 2846 πολι-

356 2882 513 2936 τείαν
543 2872 791 2935 ⁸¹ὀῦτοι
816 2880 1055 2941 ἐδόκουν.
1084 2880 1234 2950 λέγει
1278 2882 1376 2936 νῦν
1418 2884 1604 2948 αὐτοῖς
1653 2887 1781 2955 περὶ
1827 2887 1944 2956 βίου

359 2973 773 3045 ἀνεπιλήπτου,
844 2971 1049 3026 ὡσανεὶ
1117 2973 1276 3028 τοῦτο
1327 2975 1520 3043 λέγων,
1581 2977 1683 3041 ὅτι,
1740 2979 1813 3032 Οὐ
1866 2979 1948 3032 δεῖ

358 3064 504 3132 ὑμᾶς
530 3064 578 3096 ⁸³
627 3062 717 3114 ἀεὶ
752 3063 880 3133 περὶ
915 3062 1017 3134 τὴν
1062 3062 1239 3134 ἀρχὴν
1268 3065 1622 3133 στρέφεσθαι,
1676 3068 1943 3130 τουτέστι,

358 3158 495 3228 περὶ
555 3156 801 3220 πίστεως
844 3157 1236 3225 διδάσκεσθαι,
1295 3159 1485 3230 ὥσπερ
1548 3163 1947 3232 εἰσαγωγικούς

2048 2062 2450 2125 stisermonem,
2482 2061 2550 2114 ad
2574 2060 2947 2130 perfectionem
2971 2060 3228 2129 feramur.
3256 2061 3433 2131 Supra
3447 2061 3583 2115 dixit
3614 2080 3628 2115 :

2047 2152 2256 2222 Segnes
2289 2153 2415 2208 facti
2444 2154 2601 2219 estis,
2639 2163 2693 2208 et
2725 2152 2986 2217 infantes,
3038 2160 3203 2223 atque
3258 2157 3324 2207 ad
3355 2168 3474 2208 eam
3498 2155 3629 2208 ada-

2046 2247 2118 2300 cti
2149 2247 2281 2300 estis
2318 2245 2725 2312 necessitatem,
2755 2256 2813 2299 ut
2842 2246 2954 2314 jam
2996 2245 3118 2301 sitis
3142 2246 3197 2299 in
3232 2245 3355 2301 ﬁdei
3388 2247 3629 2300 elemen-

2046 2337 2120 2392 tis
2159 2338 2517 2401 instituendi;
2564 2353 2713 2391 nune
2772 2352 2926 2403 vero,
2986 2337 3239 2408 Oportet,
3298 2339 3496 2407 inquit,
3532 2352 3657 2392 vos

2045 2427 2305 2497 deinceps
2349 2443 2446 2481 ceu
2487 2426 2764 2497 perfectos
2819 2441 3038 2496 sapere,
3094 2441 3160 2481 ac
3227 2428 3623 2482 transcendere

2046 2534 2355 2575 sermonem
2387 2520 2671 2589 primordii
2714 2519 2942 2585 Christi,
2970 2519 3074 2575 hoc.
3121 2526 3227 2582 est,
3283 2519 3456 2589 prima
3500 2520 3623 2575 ﬁdei

2049 2609 2381 2673 rudimenta,
2405 2610 2553 2665 et-ad
2593 2611 2992 2679 perfectionem
3026 2610 3180 2677 ferri,
3204 2611 3307 2665 hoc
3327 2620 3430 2673 est,
3472 2600 3632 2665 aftio-

2049 2715 2168 2752 rum
2196 2715 2316 2755 esse
2343 2715 2595 2768 capaces.
2633 2698 2726 2752 Vel
2761 2700 2903 2754 hunc
2925 2700 2991 2753 ad
3023 2700 3244 2753 modum
3274 2699 3420 2753 hunc
3445 2700 3626 2753 locum

2051 2790 2361 2859 intelligere
2390 2790 2632 2861 poteris:
2665 2790 2805 2856 Quia
2845 2791 2921 2843 illi
2967 2793 3018 2842 in
3055 2791 3181 2843 vitae
3212 2791 3631 2844 conversatione

2047 2884 2358 2937 claudicare
2403 2884 2754 2946 videbantur,
2789 2883 2955 2937 verba
2985 2882 3093 2950 iam
3145 2882 3228 2936 eis
3262 2882 3389 2935 facit
3416 2883 3484 2935 de
3520 2883 3628 2934 vita
3680 2882 3685 2889 ’

2050 2972 2536 3042 irrcprehensihili,
2565 2972 2961 3041 perindequasi
2991 2971 3093 3025 hoc
3118 2970 3301 3025 dicat:
3330 2970 3446 3024 Non
3467 2985 3631 3040 opor-

2052 3073 2128 3117 tet
2152 3080 2247 3119 vos
2282 3080 2498 3133 semper
2524 3066 2670 3118 circa
2701 3064 2966 3133 principia
3023 3065 3256 3129 versari,
3292 3064 3393 3117 hoc
3424 3070 3531 3125 est,
3561 3061 3630 3115 de

2051 3156 2155 3211 ﬁde
2177 3158 2385 3221 doceri,
2411 3167 2669 3226 tanquam
2704 3157 2940 3211 novitios
2963 3157 3261 3226 quosdam;
3288 3155 3381 3210 sed
3411 3154 3476 3208 ad
3506 3170 3630 3225 per-

358 3267 534 3311 τινεις.
567 3247 706 3301 ἀλλὰ
736 3249 832 3302 καὶ
865 3250 959 3301 ἐπὶ
992 3249 1095 3320 τὴν
1125 3249 1439 3320 τελειότητα
1463 3252 1746 3322 φέρεσθαι,
1793 3271 1942 3307 τουτε

2050 3244 2340 3299 fectionem
2364 3247 2527 3299 etiam
2555 3254 2637 3299 est
2656 3246 3010 3316 pergendum,
3029 3246 3134 3300 hoc
3157 3255 3261 3309 est,
3278 3243 3344 3298 ad
3366 3245 3628 3314 optimam

357 3344 531 3403 ἐστιν.
561 3341 658 3393 ἐπὶ
681 3341 778 3393 τὸν
810 3341 1037 3410 ἄριστον
1068 3341 1203 3411 βίον.
1226 3342 1451 3404 Τέλειος
1486 3344 1594 3412 γὰρ
1627 3346 1855 3409 ἐκεῖνος,
1883 3346 1940 3408 ὃς

353 3435 498 3505 μετὰ
521 3436 624 3502 τῆς
658 3433 899 3496 πίστεως
944 3433 1041 3486 καὶ
1074 3432 1193 3502 βίον
1234 3432 1348 3503 ἔχει
1395 3432 1578 3505 ὀρθόν.
1629 3434 1797 3505 Ἀρχὴ
1841 3436 1942 3504 μὲν

347 3527 461 3597 γᾶρ
500 3525 613 3601 καὶῆ
650 3524 901 3593 θεμέλιος
943 3525 976 3593 ὴ
1019 3524 1222 3587 πίστις,
1260 3525 1355 3577 καὶ
1384 3525 1514 3579 ἄνευ
1556 3516 1762 3596 ταύτης
1790 3528 1941 3581 οὐδὲν

349 3615 781 3686 ὶδραεθήσεται,
807 3614 999 3684 ὥσπερ
1037 3615 1156 3668 οὐδὲ
1180 3615 1309 3668 ἄνευ
1337 3617 1618 3686 στοιχείων
1649 3618 1846 3685 γένοιτ’
1877 3619 1942 3672 ἄν

351 3725 438 3770 τις
484 3708 755 3778 ἔμπειρος
797 3707 1170 3778 γραμμάτων.
1209 3698 1529 3777 Πλὴνόὖτε
1582 3710 1668 3762 ἀεὶ
1714 3711 1943 3780 περὶτὰ

355 3802 598 3869 στοιχεῖα
649 3797 987 3870 στρέφεσθαι
1033 3798 1134 3863 δεῖ,
1172 3796 1296 3851 οὔτε
1345 3799 1432 3851 ἀεὶ
1462 3798 1538 3864 ὡς
1567 3801 1797 3870 νηπίους
1846 3803 1941 3857 xa‘t

356 3891 566 3953 ἀτελεῖς
650 3894 780 3962 περὶ
855 3891 1095 3953 πίστεως
1149 3890 1525 3945 διδάσκεσθαι.
1607 3893 1671 3947 Εἰ
1758 3893 1817 3946 δέ
1856 3911 1940 3957 τις

366 3982 464 4050 τὴν
494 3984 591 4051 μὲν
645 3981 927 4054 προτέραν
969 3981 1195 4052 ἐκδοχὴν
1242 3983 1624 4055 παρταδέχοιτο,
1652 3983 1859 4055 ταύτην
1884 3985 1942 4039 δὲ

362 4074 771 4145 ἁπιδσκιμὰζ-ει,
808 4074 884 4137 ὡς
931 4074 1292 4128 ἀνακόλουθον
1323 4074 1502 4130 οὖσαν
1547 4079 1658 4141 τοῖς
1690 4079 1939 4150 προρρη-

353 4168 533 4222 θεῖσιν
563 4170 666 4223 ὑπὸ
699 4169 797 4223 τοῦ
834 4168 1077 4234 Παύλου,
1107 4170 1359 4224 ἐννοείτω
1384 4171 1459 4235 ὡς
1488 4170 1611 4249 έθος
1640 4172 1789 4241 αὐτῷ
1824 4168 1940 4225 ἐστι

350 4264 486 4337 περὶ
514 4263 696 4343 ἄλλων
736 4263 954 4331 λέγοντι
1000 4264 1081 4325 εἰς
1113 4262 1248 4316 ἄλλα
1282 4264 1606 4335 μεταπηδᾷν
1625 4281 1640 4296 ο
1667 4264 1833 4337 ὠίὲν
1872 4267 1937 4337 τῇ

348 4356 491 4425 πρὸς
538 4355 888 4426 Κορινθίους,
920 4355 1051 4424 περὶ
1083 4353 1193 4407 τῶν
1221 4355 1455 4410 δείπνων
1498 4356 1696 4424 λέγων,
1727 4356 1817 4427 είς.
1848 4356 1940 4411 τὸν

347 4448 482 4516 περὶ
516 4447 630 4499 τῶν
658 4445 980 4517 μυστηρίων
1006 4445 1164 4515 λόγον
1187 4446 1467 4501 ἐνέϐαλεν.
1501 4445 1689 4511 Οὕτως
1721 4443 1814 4501 οὖν
1844 4448 1941 4502 καὶ

346 4539 445 4613 νῦν
478 4538 761 4603 ὀνειδίζων
791 4541 850 4590 ἐν
879 4522 1020 4609 ἀρχῇ
1055 4537 1264 4601 τούτοις
1303 4537 1624 4609 νωθρότητα
1652 4540 1747 4592 καὶ
1774 4538 1939 4593 ἀσθέ-

2052 3337 2245 3395 vitam.
2276 3335 2555 3391 Perfectus
2585 3340 2730 3391 enim
2766 3339 2857 3392 ille
2878 3347 2981 3404 est,
3010 3338 3104 3408 qui
3153 3353 3278 3392 cum
3314 3337 3421 3393 ﬁde
3462 3327 3629 3391 vitam

2049 3438 2254 3483 rectam
2286 3429 2469 3484 habet.
2537 3428 2666 3483 Nam
2724 3430 3054 3499 principium
3109 3436 3165 3483 et
3217 3428 3628 3481 fundamentum

2050 3521 2182 3577 ﬁdes
2212 3531 2316 3583 est,
2346 3523 2482 3575 citra
2515 3537 2677 3592 quam
2712 3523 2851 3577 nihil
2885 3521 3272 3584 eritsolidum,
3307 3520 3535 3589 perinde
3567 3534 3631 3573 ac

2046 3628 2225 3689 neque
2248 3614 2367 3667 sine
2383 3613 2666 3668 elementis
2683 3615 2950 3684 quispiam
2965 3629 3171 3684 gnarus
3191 3613 3282 3666 ﬁat
3302 3614 3630 3666 litterarum.

2043 3707 2210 3776 632
2243 3706 2408 3775 Atqui
2435 3723 2544 3760 non
2568 3722 2783 3775 semper
2816 3708 2965 3760 circa
3017 3707 3288 3761 elementa
3349 3719 3451 3759 nos
3509 3719 3632 3756 ver-

2047 3797 2165 3851 sari
2205 3802 2443 3865 oportet,
2484 3810 2661 3863 neque
2690 3810 2906 3862 semper
2931 3794 3110 3853 inﬁde
3140 3793 3375 3859 institui,
3435 3801 3496 3845 ut
3547 3792 3633 3845 in-

2046 3886 2224 3941 fantes
2253 3894 2308 3940 et
2340 3885 2713 3956 imperfectos.
2760 3884 2855 3939 Sin
2895 3898 3028 3939 vero
3057 3885 3349 3955 quisquam
3388 3884 3627 3953 priorem

2045 3978 2374 4033 sententiam
2413 3977 2661 4049 recipere
2706 3978 2880 4041 malit,
2919 3977 3062 4031 hanc
3101 3990 3231 4031 vero
3287 3975 3520 4045 rejiciat,
3568 3984 3629 4029 ut

2043 4087 2167 4142 quae
2195 4070 2268 4127 sit
2299 4070 2713 4140 inconsequens
2756 4070 2826 4125 iis
2848 4084 2971 4140 quae
3012 4086 3043 4123 a
3100 4068 3269 4124 Paulo
3308 4082 3629 4138 praememo-

2046 4175 2160 4218 rata
2186 4173 2335 4227 sunt,
2379 4163 2595 4217 noverit
2617 4167 2763 4231 quod
2797 4163 2889 4218 ille
2912 4162 3051 4217 dum,
3070 4161 3139 4217 de
3175 4176 3284 4216 uno
3306 4161 3491 4229 aliquo
3518 4157 3633 4214 dis-

2044 4256 2197 4322 serit,
2227 4255 2293 4310 ad
2317 4255 2424 4309 alia
2462 4255 2741 4311 transilire
2772 4255 2953 4311 solet:
3013 4263 3072 4309 ut
3126 4254 3180 4308 in
3235 4251 3483 4323 Epistula
3548 4251 3614 4307 ad

2042 4348 2381 4411 Corinthios,
2412 4346 2482 4401 de
2501 4347 2676 4403 canis
2700 4357 2753 4401 et
2780 4346 3051 4402 conviviis
3080 4346 3338 4415 loquens,
3399 4344 3454 4397 in
3511 4357 3631 4398 ser-

2042 4454 2261 4496 monem
2306 4439 2375 4494 de
2403 4439 2683 4510 mySIeriis
2728 4438 2947 4494 incidit.
3009 4435 3165 4495 Hanc
3228 4437 3294 4492 ad
3357 4435 3625 4493 rationem

2043 4534 2208 4587 etiam
2244 4547 2393 4587 nunc
2422 4534 2475 4585 in
2510 4530 2785 4602 principio
2834 4530 3104 4599 objiciens
3131 4527 3216 4582 eis
3247 4529 3538 4602 segnitiem
3573 4539 3628 4584 et

348 4608 505 4683 νειαν
558 4600 698 4701 apo;
742 4628 811 4693 τὰ
836 4600 1149 4699 τελειότερα
1178 4600 1620 4701 παραδέέασθαι,
1667 4630 1941 4685 εἰσϐάλλει

2050 4600 2595 4679 imbecillitatem-in
2654 4620 3081 4691 perfectioribus
3163 4600 3516 4686 recipiendis.
3569 4616 3625 4670 in

346 4723 426 4783 εἰς
485 4721 583 4771 τῖον
626 4719 758 4790 περὶ
800 4721 901 4787 τῆς
950 4704 1228 4783 πολιτείας
1283 4721 1465 4786 λόγον,
1496 4720 1710 4785 ἀτελεῖς
1752 4720 1935 4775 καλῶν

345 4812 574 4874 αὐτοὺς,
606 4811 702 4863 καὶ
721 4810 809 4863 διὰ
837 4810 1019 4878 τοῦτο,
1061 4811 1143 4864 ὅτι
1172 4811 1248 4882 μὴ
1282 4811 1462 4865 πίστει
1492 4812 1585 4865 τὸν
1617 4812 1732 4884 βίον
1764 4829 1936 4884 προσ-

348 4904 576 4958 ἔθεσαν.

417 4999 473 5049 Μ
484 4996 531 5061 ἡ-
546 4992 741 5049 πάλιν
762 4994 1043 5071 θεμέλιον
1070 4997 1597 5068 καταϐαλλόμενοι,
1613 4999 1936 5067 μετανοίας

346 5087 467 5142 ἀπὸ
498 5086 735 5154 νεκρῶν
759 5087 975 5158 ἔργων,
1013 5088 1110 5143 καὶ
1137 5089 1400 5153 πίστεως
1436 5089 1534 5142 ἐπὶ
1566 5092 1736 5155 Θεόν.
1766 5092 1937 5145 Teo-:-

350 5178 493 5237 ἐστι.
546 5177 627 5247 μὴ
655 5178 844 5253 ,πάλιν
898 5177 963 5253 ἐξ
997 5179 1171 5248 ἀρχῆς
1217 5179 1450 5247 τοιαῦτα
1495 5181 1796 5246 ποιοῦντες,
1852 5177 1938 5236 οἶα

348 5268 584 5320 ὶποιεῖτε
630 5269 876 5337 ὁπηνίκα
931 5267 1189 5337 ἐμέλλετε
1243 5267 1635 5337 βαπτίζεσθαι,
1682 5265 1795 5326 οἷον
1837 5274 1937 5345 τὴν

349 5359 452 5411 ἀπὸ
474 5360 688 5431 νεκρῷν
717 5360 904 5432 ἔργων
942 5358 1254 5430 μετάνοιαν,
1282 5361 1556 5425 τουτέστι,
1587 5361 1686 5431 τὴν
1728 5363 1935 5416 ἀποτα-

349 5451 446 5522 γὴν
472 5439 803 5531 τῶνῖργων
825 5448 926 5504 τοῦ
958 5449 1192 5506 Σατανᾶ.
1260 5450 1319 5504 '0
1357 5450 1467 5519 γὰρ
1497 5452 1935 5522 προσερχόμενος

347 5544 418 5615 τῷ
440 5546 687 5620 Χριστῷ,
728 5542 1013 5614 πρόδηλον
1040 5544 1121 5596 ὅτι
1149 5542 1428 5622 μετανοῶν
1453 5544 1546 5597 ἐπὶ
1573 5543 1652 5613 τῷ
1684 5544 1938 5615 προτέρῳ

2045 4731 2357 4771 sermonem
2391 4715 2460 4770 de
2494 4714 2740 4770 moribus
2757 4723 2811 4769 et
2835 4711 3265 4769 conversatione
3290 4709 3486 4769 fertur,
3528 4712 3628 4763 im-

2047 4808 2316 4877 perfectos
2341 4820 2438 4862 eos
2463 4821 2687 4872 vocans,
2718 4814 3003 4875 propterea
3021 4803 3167 4873 quod
3189 4803 3310 4859 ﬁdei
3329 4818 3442 4859 suae
3464 4803 3626 4858 vitam

2046 4915 2154 4954 non
2185 4898 2515 4969 adjeceriut.

2119 4990 2240 5046 Non
2258 5008 2472 5046 rursum
2496 4992 2754 5061 iacientes
2778 4989 3181 5059 fundamentum
3210 4988 3526 5058 paenitentia:
3560 4987 3626 5040 ab

2044 5085 2287 5154 operibus
2309 5085 2555 5152 mortuis,
2584 5092 2636 5138 et
2691 5082 2817 5152 ﬁdei
2843 5080 2913 5135 ad
2942 5081 3130 5137 Deum.
3180 5080 3299 5137 Hoc
3353 5088 3460 5145 est,
3517 5095 3661 5156 nonI

2044 5191 2240 5231 rursus
2264 5191 2331 5230 ex
2363 5176 2576 5246 integro
2608 5175 2878 5230 facientes
2908 5190 3031 5244 quae
3053 5172 3346 5229 faciebatis
3404 5173 3624 5239 quainlo
3655 5162 3660 5168 ’

2041 5270 2371 5341 baptismate
2405 5269 2662 5324 abluendi
2694 5268 2886 5333 eratis,
2926 5282 3122 5338 nempe
3179 5264 3559 5337 paenitentiam
3591 5281 3624 5322 e

2047 5361 2278 5416 mortuis
2304 5360 2589 5431 operibus,
2624 5360 2730 5415 hoc
2761 5367 2867 5426 est,
2895 5357 3363 5414 renuntiationem
3395 5370 3622 5425 operum

2044 5449 2279 5507 Satanae.
2306 5451 2411 5518 Qui
2445 5453 2591 5508 enim
2616 5452 2840 5508 Christo
2861 5450 3099 5516 accedit,
3126 5450 3345 5519 planum
3367 5456 3453 5504 est
3477 5449 3625 5520 quod

2046 5544 2367 5613 paenitentia
2399 5545 2600 5620 prioris
2639 5543 2913 5615 dogmatis
2973 5552 3026 5598 et
3088 5541 3211 5598 vitae
3260 5538 3484 5606 ductus,
3543 5539 3626 5598 sic

1674 5724 1874 5787 Variae
1922 5724 2253 5795 lectiones.

789 5822 869 5859 ον
899 5820 1088 5876 πίστιν
1124 5836 1176 5879 o.
1253 5822 1297 5856 ⁸³
1325 5823 1472 5894 ἡμᾶς
1491 5839 1545 5880 ο.

386 5836 697 5897 "Wo.
