4080 6462
441 466 542 531 εει

1357 465 1932 529 THEOPHYLACTI
1965 463 2375 525 BULGARIE
2410 462 2769 523 ARCHIEP.

3596 463 3707 530 252

440 582 663 635 accedat
701 600 713 635 :
749 580 855 635 nisi
907 580 1052 636 enim
1114 579 1497 635 condemnarit
1562 580 1826 649 priorem,
1878 591 2013 646 quo-

2131 575 2210 627 ιαὶ
2243 574 2477 643 δόγματι
2522 575 2617 627 καὶ
2658 574 2779 644 βίῳ,
2820 571 2965 626 οὕτω
3013 571 3334 643 πρόσεισιν·
3381 574 3539 643 εἰμὴ
3594 577 3706 646 γὰρ

444 672 610 725 modo
644 685 839 725 novam
881 673 1046 724 vitam
1073 670 1369 725 ordietur?
1403 671 1533 723 Eam
1594 670 1665 724 ob
1691 684 1804 723 rem
1834 667 2020 733 infert,

439 772 490 815 et
520 762 645 831 ﬁdei
696 762 750 814 in
814 761 998 816 Deum.
1061 762 1444 817 Paenitentiam
1495 760 1639 815 enim
1699 774 1730 813 a
1790 758 2024 812 mortuis

442 852 862 921 Operi-buslides
894 855 1167 923 sequitur.
1224 852 1315 905 Ait
1361 852 1569 920 itaque,
1629 848 1751 904 Non
1808 856 2023 918 oportet

437 945 551 1012 jam
587 960 682 997 vos
711 944 764 998 in
795 945 1153 1003 lideinstilui.
1190 952 1451 1013 tanquam
1481 943 1592 1010 jam
1650 943 1883 1013 primum
1937 941 2021 995 in-

444 1033 703 1103 ciperetis
738 1036 1100 1106 :jampridem
1151 1036 1295 1090 enim
1362 1036 1700 1091 credidistis.
1766 1033 1869 1088 Per
1909 1034 2023 1088 haec

441 1136 625 1181 autem
656 1127 855 1191 innuit,
880 1127 1022 1197 quod
1083 1127 1567 1191 concutiebantur,
1619 1142 1683 1182 ac
1732 1132 2021 1196 propterea

442 1215 800 1273 fundamento
832 1219 1175 1289 indigebant.

494 1330 739 1387 γεκαὶ.
808 1333 1139 1403 Baptismum
1168 1334 1447 1390 doctrinw.
1513 1335 1629 1389 Non
1680 1350 1782 1390 ceu
1852 1337 2023 1389 multa

441 1421 551 1475 sint
582 1421 932 1491 baptismata,
976 1424 1027 1478 in
1073 1424 1272 1493 plurali
1307 1438 1538 1478 numero
1568 1426 1672 1479 hoc
1702 1423 1908 1479 Paulus
1933 1426 2022 1480 di-

439 1512 521 1564 xit
552 1527 567 1575 ;
594 1528 761 1566 unum
788 1515 935 1569 enim
969 1525 1053 1570 est
1084 1515 1358 1585 baptisma
1385 1517 1429 1547 ”
1459 1533 1473 1569 :
1531 1515 1628 1570 sed
1694 1516 1837 1585 quod
1878 1517 2026 1571 νι-ιυι

441 1619 507 1657 ex
541 1606 908 1675 consequenti
950 1606 1053 1660 hoc
1083 1607 1390 1677 contingat.
1420 1606 1476 1661 Si
1513 1606 1657 1663 enim
1692 1608 1888 1662 iterum
1929 1624 2025 1664 cos

443 1695 500 1750 in
526 1696 845 1765 primordiis
911 1700 1195 1770 religionis
1257 1699 1592 1763 institueret,
1663 1715 1860 1756 rursus
1926 1700 2025 1755 ba-

442 1788 677 1856 ptizaret
707 1798 798 1855 ;et
820 1803 1108 1861 postquam
1138 1792 1277 1861 lapsi
1323 1803 1509 1847 essent
1555 1793 1884 1863 baptizaret,
1941 1802 2023 1849 at-

442 1896 551 1950 que
582 1881 805 1947 iterum,
840 1897 936 1951 per
964 1882 1278 1952 hujusmodi
1325 1883 1727 1939 reiterationem
1764 1900 2020 1939 necessa-

441 1972 526 2026 rio
544 1981 733 2029 essent
747 1975 1000 2045 baptismi
1027 1976 1179 2030 multi
1209 1992 1436 2031 :verum
1464 1976 1567 2031 boc
1592 1984 1679 2031 est
1696 1977 2023 2033 absurdum.

439 2061 559 2119 Non
589 2075 802 2136 oportet
828 2068 992 2137 igitur
1017 2082 1115 2123 vos
1164 2071 1428 2123 reiterare
1477 2069 1775 2138 baptisma,
1828 2070 1920 2124 sed
1967 2071 2023 2124 in

441 2158 612 2224 priori
656 2158 983 2228 baptismate
1008 2175 1385 2231 perseverare.
1436 2160 1698 2217 Fortasse
1753 2170 1933 2216 autem
1969 2170 2024 2216 et

442 2247 543 2310 illi,
580 2250 746 2319 utqui
780 2250 878 2321 legi
904 2251 1083 2307 adhuc
1103 2251 1242 2307 allixi
1275 2262 1453 2316 erant,
1479 2254 1683 2309 multos
1718 2254 2023 2325 baptismos

440 2340 676 2396 .lmlaico
707 2357 857 2399 more
885 2344 1042 2398 etiam
1100 2345 1205 2400 sub
1239 2346 1410 2414 gratia
1466 2346 1856 2417 praedicabant.
1911 2345 2023 2401 Ob-

448 2442 605 2481 serva
636 2435 820 2483 autem
848 2430 993 2499 quod
1022 2434 1402 2501 paenitentiam
1431 2433 1742 2503 baptismus
1784 2436 2024 2505 excipie-

445 2523 558 2577 bat.
591 2522 865 2588 Quoniam
890 2524 1034 2578 enim
1067 2527 1393 2596 paenitentia
1447 2527 1564 2597 ipsa
1617 2543 1715 2596 per
1752 2543 1873 2583 sese
1915 2544 2024 2583 non

442 2611 618 2680 possit
655 2627 823 2681 puros
847 2613 1097 2677 reddere,
1165 2623 1455 2684 propterea
1542 2616 1906 2688 baptizamur,
1967 2625 2028 2672 ut

442 2704 762 2759 universum
817 2704 889 2760 sit
918 2706 1108 2775 gratiae
1139 2707 1368 2763 Christi.

513 2791 878 2864 Impositionis
902 2814 1105 2866 quoque
1133 2814 1412 2854 manuum.
1448 2799 1554 2856 Per
1575 2817 1715 2871 quas
1753 2802 2023 2873 Spiritum

439 2885 814 2957 accipiebant,
853 2899 911 2942 nt
945 2890 1347 2959 pr0pltetarent
1384 2900 1439 2948 et
1487 2894 1754 2948 miracula
1780 2895 2023 2949 ederent.

442 2978 581 3032 Nam
612 2994 736 3034 cum
771 2980 1127 3049 imposuisset
1154 2983 1264 3036 illis
1292 2999 1487 3041 manus
1532 2984 1764 3052 Paulus,
1799 3002 2027 3054 accepe-

441 3077 593 3135 runt,
628 3070 824 3140 inquit,
851 3072 1113 3141 Spiritum
1143 3084 1416 3130 sanctum.

513 3181 583 3236 Et
605 3186 1002 3240 resurrectionis
1035 3197 1385 3244 mortuorum.
1418 3188 1530 3244 Hoc
1556 3190 1700 3245 enim
1756 3192 1809 3246 in
1843 3192 2027 3263 bapti-

2126 664 2382 733 καταγνῷ
2419 662 2515 716 τοῦ
2556 665 2847 734 προτέρου,
2882 663 3002 726 πῶς
3041 662 3137 717 τοῦ
3170 662 3426 733 δευτέρου
3470 663 3705 733 ﬁderat;

2125 757 2217 810 Διὸ
2245 757 2459 825 ἐπάγει,
2486 758 2584 810 καὶ
2628 758 2889 823 πίστεως
2924 757 3026 810 ἐπὶ
3059 757 3228 812 Geor.
3284 757 3440 811 Μετά
3465 757 3573 826 γὰρ
3606 759 3706 828 τὴν

2124 849 2217 901 ἐπὶ
2263 851 2376 912 τοῖς
2421 852 2635 921 νεκροῖς
2671 848 2856 920 ἔργοις
2905 849 3220 919 μετάνοιαν,
3258 848 3381 902 τότε
3411 850 3445 919 ἡ
3498 850 3702 913 πίστις.

2122 943 2294 1012 Φησὶν
2321 938 2436 1008 οὖν,
2469 943 2573 1008 ὅτι,
2617 942 2692 995 UO
2727 942 2810 996 δεῖ
2838 941 2986 1012 ὑμᾶς
3011 942 3141 1009 περὶ
3170 941 3406 1004 πίστεως
3430 940 3706 995 διδάσκειν

2124 1034 2199 1095 ὡς
2235 1034 2609 1105 ἀρχομένους·
2659 1034 2759 1104 ἤδη
2808 1033 2917 1103 γὰρ
2955 1032 3341 1087 ἐπιστεύσατε.
3397 1032 3707 1086 Αἰνίττεται

2124 1125 2180 1178 δὲ
2221 1126 2309 1179 διὰ
2338 1125 2565 1189 τούτων,
2618 1126 2701 1178 ὅτι
2748 1124 2844 1179 καὶ
2891 1122 3234 1190 ἐσαλεύοντο,
3268 1124 3367 1177 καὶ
3417 1123 3505 1178 διὰ
3544 1123 3709 1177 τοῦτο

2125 1217 2336 1270 ἐδέοντο
2368 1217 2649 1287 θεμελίου.

2193 1333 2556 1401 Βαπτισμῶν
2584 1331 2858 1400 διδαχῆς.
2894 1333 3005 1401 Οὐχ
3037 1333 3113 1395 ὡς
3152 1331 3362 1385 πολλῶν
3393 1331 3564 1385 όντων
3593 1330 3710 1383 τῶν

2126 1426 2451 1497 βαπτισμῶν
2489 1425 2866 1497 πληθυντικῶς
2897 1425 3056 1479 τοῦτο
3097 1421 3250 1478 εἶπεν
3281 1426 3309 1477 ὁ
3354 1422 3601 1486 Παῦλος
3644 1421 3707 1475 ἓν

2124 1519 2231 1590 γάρ
2264 1523 2379 1572 ἐστι
2410 1519 2697 1590 βάπτισμα
2718 1534 2733 1548 ·
2758 1518 2875 1571 ἀλλ’
2908 1519 2985 1581 ὡς
3013 1518 3079 1572 ἐκ
3099 1516 3194 1571 τοῦ
3218 1516 3517 1570 ἀκολούθου
3541 1514 3707 1569 τοῦτο

2127 1611 2447 1680 συμϐαῖνον.
2488 1612 2550 1664 Ei
2581 1611 2690 1681 γὰρ
2729 1610 2892 1664 πάλιν
2931 1612 3183 1680 κατήκει,
3219 1611 3314 1664 καὶ
3359 1609 3521 1662 πάλιν
3570 1606 3706 1660 ἐδά-

2127 1702 2283 1764 πτιζε
2307 1720 2319 1732 ο
2348 1704 2443 1756 καὶ
2472 1701 2633 1756 πάλιν
2656 1702 3080 1772 παραπεσόντας
3108 1700 3399 1763 ἐϐάπτιζε·
3420 1699 3515 1754 καὶ
3543 1697 3709 1751 πάλιν

2126 1795 2312 1848 πολλοὶ
2338 1796 2388 1848 οἱ
2423 1795 2726 1864 βαπτισμοὶ
2755 1793 3072 1862 ἀναγκαίως
3092 1808 3107 1822 ο
3138 1793 3273 1848 ἀλλὰ
3296 1791 3456 1845 τοῦτο
3482 1790 3706 1845 ἄτοπον.

2126 1885 2240 1955 Ούχ
2294 1885 2402 1955 ἄρα
2435 1885 2517 1938 δεῖ
2568 1883 2965 1948 ἀναΰαπτίζειν
3018 1884 3183 1954 ὑμᾶς,
3212 1881 3351 1935 ἀλλὰ
3385 1882 3568 1952 μένειν
3602 1879 3711 1950 ,ἐπὶ

2124 1974 2218 2028 τοῦ
2248 1975 2517 2044 προτέρου
2546 1973 2945 2045 βαπτίσματος.
2975 1974 3138 2037 Ἴσως
3152 1972 3219 2006 ⁸³⁴
3243 1971 3300 2026 δὲ
3332 1965 3480 2026 οὗτοι
3505 1970 3581 2034 ὡς
3622 1970 3711 2023 ἔτι

2125 2064 2219 2119 τοῦ
2268 2065 2434 2133 νόμου
2490 2065 2842 2135 ἀντεχόμενοι
2893 2064 3125 2127 πολλοὺς
3172 2061 3516 2134 βαπτισμοὺς
3570 2061 3714 2113 ’ῐου-

2123 2156 2327 2219 δαῖκῶς
2364 2158 2460 2210 καὶ
2503 2157 2563 2209 ἐν
2610 2158 2674 2227 τῇ
2720 2156 2904 2227 χάριτι
2943 2154 3298 2226 ἐπρέσϐευον.
3331 2153 3476 2223 ’Ὅρα
3522 2151 3579 2204 δὲ
3623 2152 3711 2204 ὅτι

2129 2250 2267 2318 μετὰ
2315 2248 2414 2319 τὴν
2456 2249 2752 2317 μετάνοιαν
2802 2247 2864 2301 τὸ
2917 2247 3222 2317 βάπτισμα.
3275 2241 3494 2313 Ἐπειδὴ
3530 2242 3637 2314 γὰρ
3672 2242 3711 2312 ἡ

2129 2339 2389 2408 μετάνοια
2423 2338 2562 2409 αὐτὴ
2617 2338 2738 2392 καθ’
2770 2339 2943 2408 αὐτὴν
2995 2339 3096 2391 οὐκ
3148 2338 3377 2407 ἐπεσχυε
3432 2334 3714 2404 καθαροὺς

2125 2429 2318 2496 δεῖξαι,
2346 2430 2435 2484 διὰ
2473 2430 2630 2483 τοῦτο
2662 2429 3059 2500 βαπιζόμεθα,
3086 2430 3173 2483 ἵνα
3195 2430 3297 2498 τῆς
3324 2427 3419 2481 τοῦ
3468 2424 3712 2496 Χριστοῦ

2126 2521 2346 2591 χάριτος
2364 2521 2424 2573 τὸ
2461 2522 2563 2575 πᾶν

2200 2802 2560 2873 Ἐπιθέσεώς
2586 2822 2651 2859 τε
2692 2804 2928 2875 χειρῶν.
2979 2806 3057 2859 Δι’
3086 2798 3162 2860 ὧν
3191 2805 3253 2858 τὺ
3282 2802 3510 2874 Πνεῦμα
3540 2800 3720 2873 ἐλάμ-

2129 2898 2316 2960 δανον,
2344 2898 2488 2952 ὥστε
2519 2897 2909 2969 προφητεύειν,
2938 2897 3034 2953 καὶ
3056 2897 3309 2969 θαύματα
3333 2897 3527 2950 ποιεῖν.
3559 2895 3717 2948 Ἐπι-

2128 2986 2315 3050 οέντος
2347 2989 2478 3059 γὰρ,
2513 2988 2702 3058 φησὶν,
2733 2989 2919 3052 αὐτοῖς
2954 2987 3168 3041 Παύλου
3206 2987 3304 3050 τὰς
3338 2989 3550 3057 χεῖρας,
3588 2983 3719 3038 ελα-

2129 3078 2222 3132 6ον
2246 3079 2386 3133 1]νεῦ
2394 3096 2471 3148 μα
2504 3080 2681 3148 ἅγιον.

2217 3191 2637 3258 Ἀναστάσεώς
2670 3208 2733 3246 τε
2777 3189 3026 3260 νεκρῶν.
3060 3189 3233 3245 Τοῦτο
3260 3190 3371 3261 γὰρ
3399 3189 3493 3242 καὶ
3535 3190 3594 3242 ἐν
3630 3186 3709 3256 τῷ

446 3282 620 3331 amate
650 3276 885 3331 ellicitur
916 3294 1012 3348 per
1042 3281 1272 3348 figuram
1316 3283 1688 3339 immersionis
1715 3285 1768 3338 in
1798 3300 2019 3356 aquam,

2131 3283 2470 3353 βαπτίσματι
2515 3284 2733 3353 γίνεται
2776 3282 2865 3336 διὰ
2896 3282 2991 3336 τοῦ
3029 3283 3309 3353 σχήματος
3360 3279 3464 3350 τῆς
3516 3278 3713 3334 ἀναδύ-

446 3373 503 3418 et
521 3365 576 3418 in
599 3366 950 3424 confessione
971 3371 1330 3425 confirmatur
1355 3391 1368 3427 :
1395 3373 1717 3427 conﬁtemur
1738 3378 1882 3430 enim
1906 3391 2027 3430 cre-

445 3457 577 3512 dere
609 3463 1068 3516 resurrectionem
1093 3472 1457 3518 mortuorum.

514 3551 681 3620 683
710 3551 774 3605 Et
795 3552 991 3621 judicii
1022 3557 1228 3610 interni.
1259 3555 1371 3611 Hoc
1396 3566 1505 3620 est,
1539 3557 1685 3627 quod
1735 3560 2027 3630 sempiter-

445 3655 516 3697 na
544 3644 658 3697 sive
686 3643 856 3707 bona,
904 3645 1019 3699 sive
1048 3647 1315 3716 supplicia
1341 3649 1589 3718 largitur.
1670 3647 1793 3704 Haec
1847 3659 2027 3704 autem

448 3731 634 3788 dicere
686 3719 919 3800 videtur,
971 3738 1099 3805 quia
1165 3739 1466 3804 verisimile
1513 3749 1632 3795 erat
1664 3757 1760 3795 eos
1784 3743 2029 3806 concuti,

444 3825 663 3879 etiamsi
715 3825 830 3894 jam
890 3827 1020 3882 olim
1077 3829 1448 3896 crediderant,
1507 3831 1589 3886 vel
1626 3833 1849 3886 minime
1874 3831 2033 3887 Chri-

446 3917 623 3973 stiane
656 3917 856 3984 vivere,
891 3934 954 3973 ac
978 3920 1226 3990 signiter,
1289 3922 1545 3993 Vigilate,
1572 3924 1851 3993 inquiens.
1911 3924 2029 3981 Non

447 4008 592 4064 enim
619 4009 895 4066 aﬂirmare
930 4012 1077 4077 licet,
1107 4013 1253 4080 quod
1285 4015 1328 4067 si
1361 4015 1602 4084 segniter
1631 4016 1903 4084 vivamus,
1939 4028 2033 4072 aut

447 4098 557 4153 ﬁde
581 4100 924 4164 excidamus,
954 4102 1283 4171 rebaptizari
1315 4103 1473 4157 nobis
1518 4103 1758 4169 dabitur,
1789 4115 1879 4159 aut
1913 4120 2035 4174 pec-

449 4199 570 4244 cata
607 4191 790 4245 denuo
815 4192 1039 4247 abluere
1072 4192 1398 4262 poterimus,
1425 4210 1489 4250 ac
1527 4195 1714 4251 eadem
1766 4198 2029 4266 consequi

449 4296 573 4353 quae
594 4285 770 4352 prius;
802 4284 1015 4340 Erratis
1044 4285 1189 4339 enim
1214 4286 1332 4341 haec
1355 4287 1749 4343 existimantes.

522 4460 690 4519 Vens.
720 4464 774 4519 '5.
812 4462 885 4518 Et
944 4465 1043 4519 hoc
1101 4466 1382 4535 faciemus,
1429 4467 1713 4539 siquidem
1742 4468 2033 4537 permiserit

2132 3391 2292 3440 σεως,
2331 3373 2426 3427 καὶ
2460 3376 2518 3427 ἐν
2560 3377 2627 3445 τῇ
2656 3374 2920 3446 ὁμολογίᾳ⁸
2969 3372 3309 3443 βεϐαιοῦται,
3338 3369 3712 3441 ὁμολογοῦμεν

2131 3465 2240 3536 γὰρ
2269 3467 2553 3519 πιστεύειν
2583 3466 2885 3519 ἀνάστασιν
2924 3465 3157 3536 νεκρῶν.

2202 3555 2316 3611 Kal
2367 3556 2621 3624 κρίσεως
2652 3556 2700 3588 ⁸⁸
2728 3556 2992 3610 αἰωνίου.
3029 3553 3315 3621 Τουτέστι,
3346 3552 3447 3620 τῆς
3477 3551 3713 3624 κρίσεως

2130 3649 2231 3717 τῆς
2259 3648 2487 3700 αἱνώνια
2515 3645 2762 3715 διδούσης
2812 3644 2845 3715 ἢ
2903 3644 3086 3714 ἀγαθὰ
3128 3646 3162 3715 ἢ
3209 3645 3478 3708 κολάσεις.
3525 3641 3716 3696 Ταῦτα

2132 3738 2281 3791 δοκεῖ
2333 3737 2540 3806 λέγειν,
2583 3737 2772 3806 ἐπειδὴ
2817 3737 2962 3799 εὶκδς
3002 3731 3071 3806 ἦν
3110 3737 3306 3800 αὐτοὺς
3336 3733 3714 3808 παρασαλεύε-

2136 3830 2282 3896 σθαι,
2316 3828 2496 3882 καίτοι
2518 3828 2619 3899 ήδη
2647 3828 3102 3893 πεπιστευκότας,
3131 3827 3165 3897 ἦ
3191 3826 3376 3892 κακῶς
3412 3826 3584 3897 βιοῦν,
3617 3826 3714 3879 καὶ

2137 3919 2420 3992 ῥᾳθύμως,
2467 3920 2714 3992 Νήψατε,
2770 3920 2967 3989 λέγων.
3026 3919 3139 3973 Ούκ
3171 3919 3317 3973 ἔστιν
3372 3917 3574 3981 εἷπεῖν,
3629 3918 3715 3971 ότι

2135 4012 2229 4066 ἐὰν
2262 4012 2520 4083 ῥᾳθύμως
2554 4012 2831 4083 ζήσωμεν,
2875 4011 2908 4083 ἢ
2946 4011 3047 4083 τῆς
3084 4011 3323 4075 πίστεως
3360 4011 3706 4081 ἐκπέσωμεν,

2136 4102 2298 4157 πάλιν
2329 4101 2832 4171 βαπτισθησόμεθα,
2850 4102 3012 4155 πάλιν
3043 4101 3386 4172 δυνησόμεθα
3432 4100 3501 4153 τὰ
3526 4102 3714 4171 ἁμαρ-

2135 4194 2358 4263 τήματα
2402 4192 2829 4263 ἀπολούσασθαι,
2888 4193 2981 4246 καὶ
3023 4192 3132 4246 τῶν
3177 4192 3361 4247 αὐτῶν
3406 4193 3588 4262 τυχεῖν
3636 4184 3714 4244 ὧν

2136 4255 2233 4333 καὶ
2273 4279 2562 4350 πρότερον.
2619 4255 2929 4348 Σῖράλλεσθε
2975 4278 3105 4348 γὰρ,
3146 4278 3300 4349 φησι,
3336 4255 3513 4351 ταῦτα
3559 4276 3719 4348 νομί·
3820 4314 3831 4317 -

2144 4372 2344 4428 ξοντες.

2144 4389 2153 4400 '
2172 4389 2291 4424 οντε
2329 4413 2344 4428 ο

2140 4409 2166 4435 ἱ
2212 4389 2324 4518 Kal
2347 4462 2525 4517 τοῦτο
2546 4462 2903 4533 ποιήσομεν,
2929 4461 3151 4532 ἐάνπερ
3179 4462 3465 4531 ἐπιτρέπῃ
3490 4464 3523 4516 ό
3550 4460 3719 4526 Θεός.

454 4554 617 4609 Deus.
675 4554 788 4611 lloc
845 4556 1139 4612 faciemus:
1191 4558 1495 4628 qnale?Ut
1549 4560 1616 4615 ad
1641 4559 2027 4631 perfectionem

2142 4554 2314 4609 Τοῦτο
2340 4556 2642 4625 ποιήσομεν
2662 4573 2677 4589 ο
2715 4558 2904 4623 ποῖον;
2933 4555 2993 4608 τὸ
3016 4554 3111 4608 ἐπὶ
3147 4553 3248 4626 τὴν
3276 4554 3591 4624 τελειότητα
3624 4552 3721 4621 φέ-

454 4644 723 4707 feramur,
788 4643 834 4699 si
868 4645 1011 4700 Deus
1046 4646 1195 4701 velit.
1224 4646 1341 4702 Hoc
1373 4648 1744 4710 autemalixit,
1782 4664 1888 4701 non
1915 4655 2037 4701 tan-

454 4746 618 4800 quam
661 4731 803 4786 Deus
842 4733 958 4789 haec
982 4750 1092 4789 non
1123 4737 1481 4805 permitteret,
1508 4753 1694 4792 verum
1724 4739 1950 4808 perinde
1979 4753 2043 4793 ac

460 4818 646 4876 dicere
681 4822 921 4878 solemus
960 4842 975 4880 ι
1016 4824 1074 4879 Si
1102 4824 1247 4895 Deus
1273 4828 1425 4893 velit,
1456 4827 1561 4883 boc
1589 4827 1809 4883 faciam.
1865 4829 2041 4884 Simul

456 4923 638 4966 autem
664 4913 794 4967 hinc
817 4914 978 4969 docet
1000 4932 1122 4982 nos,
1156 4932 1372 4972 onmem
1405 4934 1519 4974 rem
1546 4934 1613 4974 ex
1642 4921 1818 4989 ipsius
1843 4921 2041 4975 volun-

458 5012 570 5059 tate
597 5004 929 5077 dependere,
991 5025 1171 5078 neque
1196 5011 1361 5066 etiam
1403 5011 1456 5065 in
1520 5012 1795 5068 confessis
1858 5014 2038 5079 bonis,

458 5097 683 5165 pr0prio
716 5097 1112 5168 fiderejudicio
1156 5110 1323 5172 atque
1363 5105 1649 5174 potentiaz.
1678 5105 1826 5161 vHoc
1857 5114 2038 5161 autem

456 5197 642 5257 aperte
670 5187 790 5260 ipse
814 5193 979 5246 etiam
1012 5192 1193 5249 Judas
1224 5196 1511 5264 apostolus
1545 5198 1820 5252 admonet.

528 5362 693 5421 Vens.
718 5367 773 5421 4.
796 5367 1130 5438 [inpossibile
1143 5372 1280 5427 enim
1299 5383 1474 5429 esteos
1494 5376 1583 5445 qui
1605 5376 1761 5431 semet
1779 5387 1899 5429 sunt
1922 5376 2042 5429 illu-

457 5455 809 5514 minati..Non
839 5461 998 5528 dixit,
1018 5464 1215 5521 inutile
1241 5480 1307 5521 ac
1322 5466 1659 5533 indecorum,
1684 5469 1798 5533 sed,
1829 5468 2036 5536 impos-

534 5638 578 5672 ⁸⁸
621 5639 821 5711 Ephes.
879 5658 952 5710 tv,
1000 5644 1054 5699 5.

2142 4647 2355 4719 ρεσθαι,
2382 4647 2481 4701 ἐὰν
2511 4649 2604 4700 καὶ⁸
2623 4647 2651 4699 ὁ
2677 4646 2811 4710 Θεὸς
2836 4647 2987 4718 θέλῃ.
3025 4645 3197 4699 Τοῦτο
3218 4646 3286 4713 ¹δὲ
3315 4638 3490 4709 εἶπεν,
3521 4644 3622 4713 οὐχ
3643 4642 3721 4705 ὡς

2138 4739 2231 4791 τοῦ
2268 4738 2404 4792 Θεοῦ
2436 4738 2511 4810 μὴ
2546 4740 2940 4810 ἐπιτρέποντος
2967 4736 3162 4801 ταῦτα,
3199 4735 3314 4790 ἀλλ’
3347 4735 3422 4803 ὡς
3445 4732 3718 4804 εἰώθαμεν

2138 4828 2339 4898 λέγειν,
2383 4832 2489 4894 ότι,
2531 4829 2660 4882 Ἐὰν
2707 4830 2801 4881 καὶ
2846 4830 2875 4882 ό
2912 4828 3045 4892 Θεὸς
3098 4827 3249 4899 θέλῃ,
3293 4826 3414 4880 τόδε
3455 4825 3718 4895 βούλομαι

2140 4923 2366 4993 ποιῆσαι
2387 4937 2400 4951 ·
2427 4922 2544 4993 ἅμα
2563 4922 2619 4975 δὲ
2646 4922 2741 4975 καὶ⁸
2765 4920 3004 4975 διδάσκει
3042 4920 3190 4990 ἡμᾶς
3220 4918 3490 4979 ἐντεῦθεν,
3522 4918 3582 4971 τὸ
3610 4917 3719 4969 πᾶν

2139 5013 2242 5082 τῆς
2293 5012 2507 5065 ἐκείνου
2555 5010 2791 5081 ἑξαρτᾷν
2839 5009 3132 5079 θελήσεως,
3173 5008 3269 5060 καὶ
3298 5006 3433 5077 μηδὲ
3474 5006 3567 5057 ἐπὶ
3611 5002 3723 5056 τῶν

2143 5102 2593 5173 ὁμολογουμένως
2629 5100 2810 5154 καλῶν
2849 5102 2915 5169 τῇ
2956 5099 3134 5168 οἰκείᾳ
3165 5097 3387 5168 θαρρεῖν
3419 5095 3513 5148 καὶ
3540 5092 3726 5164 κρίσει

2145 5194 2241 5247 καὶΙ
2267 5194 2520 5263 δυνάμει.
2549 5192 2722 5246 Τοῦτο
2747 5190 2806 5245 δέ
2838 5188 3019 5260 ῥητῶς
3063 5189 3155 5243 καὶ
3184 5189 3213 5242 ὁ
3251 5186 3548 5249 ἀπόστολος
3586 5182 3725 5239 Ἰού-

2144 5283 2242 5347 δας
2272 5284 2316 5315 ⁸⁸
2346 5285 2624 5355 παραινεῖ.

2231 5379 2560 5433 Ἀδύνατον
2596 5377 2706 5446 γὰρ
2735 5377 2879 5443 τοὺς
2924 5374 3087 5438 ἅπαξ
3129 5371 3557 5442 φωτισθέντας.
3603 5369 3720 5423 Οὐκ

2147 5469 2299 5525 εἶπεν
2351 5473 2431 5526 ὅτι
2468 5471 2805 5539 ἀσύμφορον,
2846 5468 2881 5538 ἢ
2926 5466 3195 5537 ἀπρεπὲς,
3232 5465 3390 5529 ἀλλὰ,
3431 5463 3719 5529 ἀδύνατον,

2663 5676 2678 5688 ο

2675 5692 2691 5701 κ.

2562 5706 2644 5733 ..ιω
2689 5705 2692 5709 ’

1778 5766 1976 5830 Variae
2005 5765 2342 5831 lectiones.

534 5888 604 5921 ιι·
636 5888 810 5945 ιστέον
838 5905 892 5946 ο,
969 5889 1017 5923 εδ
1036 5889 1304 5960 κρίματος
1343 5906 1397 5945 o.
1476 5889 1521 5922 ⁸⁵
1572 5890 1827 5956 Ἰάκωϐος
1860 5908 1913 5947 o.
