4080 6418
276 466 384 530 253

1069 455 1479 520 EXPOSITIO
1510 454 1592 517 IN
1622 452 1863 515 EPIST.
1893 451 1995 514 AD
2021 448 2413 512 HEBREOS.
2440 445 2684 509 -ΟᾹΡ,
2717 444 2820 507 VI.

3456 432 3565 499 2M

281 581 425 634 ὥστε
456 580 537 642 εἰς
574 577 896 646 ἀπόγνωσιν
953 576 1157 640 αὐτοὺς
1182 575 1445 646 ἐμϐαλεῖν
1481 572 1576 628 τοῦ
1627 572 1881 642 δεύτερον

2004 568 2169 634 sibile,
2204 577 2263 622 ut
2305 566 2375 622 ad
2406 563 2846 637 desperationem
2880 573 2975 616 eos
3009 555 3240 627 injiciat,
3271 568 3342 610 ne
3381 553 3563 609 omni-

278 674 528 739 ἑλπίςειν
552 671 808 742 λουτρόν.

356 769 792 836 Γευσαμένους
824 781 892 819 τε
922 763 1036 832 τῆς
1067 760 1305 831 δωρεᾶς
1328 760 1442 831 τῆς
1485 757 1872 827 ἐπουρανίου.

282 862 576 921 τουτέστι,
615 860 719 928 τῆς
750 859 1003 929 ἀφέσεως
1044 856 1153 910 τῶν
1187 853 1496 927 ἁμαρτιῶν.
1529 852 1721 915 Οὐδεὶς
1765 850 1876 920 γὰρ

282 954 515 1008 δύναται
541 952 770 1006 τοιαῦτα
793 950 1023 1016 διδόναι,
1057 951 1107 1003 εί
1134 949 1211 1020 μὴ
1237 944 1320 1012 εἷς
1346 949 1374 1001 ὁ
1405 946 1561 1009 Θεὸς.

360 1043 471 1097 Καὶ
516 1043 821 1113 μετόχους
868 1038 1232 1111 Δγενηθέντας
1287 1037 1639 1106 Πνεύματος
1681 1033 1876 1103 ἁγίου.

288 1135 449 1191 Μετὰ
472 1136 574 1206 τὴν
607 1134 807 1202 ἄφεσιν
844 1132 956 1187 τῶν
984 1131 1294 1202 ἁμαρτιῶν,
1328 1130 1451 1183 τότε
1476 1129 1511 1199 ἡ
1548 1127 1754 1199 μετοχὴ
1781 1123 1878 1178 τοῦ

295 1228 454 1296 ἁγίου
492 1227 857 1296 Πνεύματοςο
907 1226 970 1279 οὐ
1003 1224 1113 1295 γὰρ
1162 1224 1302 1277 eius!
1343 1224 1403 1274 ὲν
1456 1220 1669 1291 σώματι
1706 1233 1878 1272 κατα-

300 1316 443 1388 χρέῳ
472 1316 795 1387 ἁμαρτίαις.
824 1314 925 1369 Διὰ
953 1313 1013 1367 δὲ
1051 1313 1151 1383 τῆς
1197 1311 1498 1375 ἐπιθέσεως
1527 1309 1638 1363 τῶν
1675 1305 1878 1380 χειρῶν

297 1408 496 1460 ἐδέδοτο
524 1408 603 1469 ὡς
633 1407 729 1461 καὶ
751 1405 1014 1475 ἀνωτέρω
1035 1405 1273 1475 εἴρηται.
1786 1430 1791 1433 -

364 1501 475 1555 Καὶ
500 1498 697 1554 καλὸν
718 1498 1133 1568 γευσαμένους
1162 1493 1311 1549 Θεοῦ
1351 1492 1538 1562 ῥῆμα.
1574 1491 1690 1546 Οὐκ
1726 1485 1846 1545 εἷπε

288 1591 841 1660 ἀνακτκαλυμμένως
868 1590 920 1642 τί
951 1591 1069 1641 ἐστι
1092 1587 1251 1640 τοῦτο
1270 1602 1284 1616 ·
1313 1585 1523 1639 δίδωσι·
1533 1583 1717 1654 μέντοι
1746 1582 1879 1652 ἡμῖν

288 1688 479 1751 νοεῖν,
520 1686 606 1739 ὅτι
667 1683 795 1755 περὶ
850 1678 1468 1753 πάσηςπνευματικῆς
1531 1675 1879 1738 διδασκαλίας

286 1777 455 1833 τοῦτό
484 1793 649 1847 φησι.
1808 1826 1813 1831 ,

364 1869 667 1940 Δυνάμεις
690 1885 757 1923 τε
786 1865 1128 1938 μέλλοντος
1164 1862 1402 1929 αίῶνος.
1431 1863 1502 1916 Ἦ
1543 1862 1602 1915 τὸ
1628 1859 1880 1931 θαύματα

290 1964 574 2020 ιπιτελεῖν
593 1960 738 2015 οὕτω
758 1958 935 2023 καλεῖ,
969 1956 1004 2028 ἢ
1038 1957 1098 2010 τὸ
1129 1956 1229 2025 ζῇν
1258 1953 1586 2023 ἀγγελικῶς,
1612 1951 1691 2023 τῷ
1720 1951 1884 2022 μηδε-

293 2058 383 2121 νδς
409 2054 624 2109 δεῖσθαι
667 2053 777 2105 τῶν
808 2049 1117 2119 παρόντων,
1160 2046 1295 2101 ἀλλὰ
1340 2046 1476 2116 πρὸς
1516 2044 1584 2098 τὰ
1620 2044 1884 2115 μέλλοντα

294 2145 658 2204 ἀποϐλέπειν,
692 2140 789 2195 καὶ
816 2140 916 2209 ήδη
950 2136 1250 2210 ἀρραϐῶνα
1278 2135 1423 2206 ἔχειν
1451 2133 1551 2203 τῆς
1582 2127 1885 2203 gelicior];

295 2236 448 2305 ζωῆς
470 2233 573 2305 τὴν
604 2229 844 2285 ενταῦθα
873 2227 1040 2282 ᾶῦλον
1062 2225 1157 2278 καὶ
1189 2222 1595 2292 πνευματικήν.

366 2325 482 2381 Καὶ
541 2320 1013 2392 παραπεσόντας
1072 2314 1263 2369 πάλιν
1330 2311 1736 2372 ἀνακαινίζειν
1798 2311 1885 2375 είς

293 2416 646 2490 μετάνοιαν.
677 2411 962 2473 Τουτέστι,
994 2408 1083 2463 διὰ
1129 2394 1438 2479 μετανοίας.
1473 2406 1539 2458 Τί
1568 2404 1686 2471 οὒνς
1723 2402 1884 2458 ἐκδέ-

298 2511 496 2579 σληται
523 2509 559 2578 ἡ
586 2505 883 2576 μετάνοια;
913 2501 1001 2573 Μὴ
1030 2500 1266 2569 γένοιτο·
1303 2499 1421 2553 ἀλλ’
1459 2500 1488 2552 6
1516 2498 1603 2552 διὰ
1642 2495 1737 2550 τοῦ
1767 2495 1888 2550 δευ-

298 2604 355 2657 si
365 2621 464 2675 ρου
487 2598 723 2670 λουτροῦ
754 2593 1171 2665 ἀνακαινισμός.
1193 2592 1300 2646 Τοῦ
1325 2591 1555 2663 λουτροῦ
1583 2590 1693 2663 γὰρ
1720 2588 1886 2660 μόνου

301 2697 421 2750 ἐστὶ
461 2693 527 2746 τδ
577 2688 974 2753 ἀνακαινίζειν,
1023 2686 1097 2749 ὡς
1128 2686 1226 2739 καὶ
1267 2686 1296 2739 ὁ
1330 2684 1655 2755 προφήτης·
1715 2683 1888 2736 Ἀνα-

302 2785 765 2853 ιαινισθήσεται
801 2782 884 2847 ὡς
913 2778 1092 2836 ἀετοῦ
1146 2779 1184 2846 ἡ
1230 2777 1447 2843 νεότης
1501 2789 1641 2839 σου,
1686 2775 1787 2845 τῆς
1829 2773 1888 2828 δὲ

308 2877 603 2950 μετανοίας
638 2873 780 2935 ἐστὶ,
807 2870 872 2925 τὸ
909 2870 1011 2941 τῆς
1042 2866 1409 2937 παλαιότητος
1437 2865 1764 2932 ἀπαλλάξαι,
1795 2865 1889 2919 καὶ

310 2970 579 3040 στερροὺς
617 2962 978 3037 ἐργάζεσθαι.
1011 2959 1109 3024 Ei;
1154 2959 1372 3030 εκείνην
1404 2957 1589 3028 μέντοι
1616 2956 1715 3028 τὴν
1746 2957 1889 3028 λαμ-

304 3063 559 3133 πρότητα
618 3058 919 3127 ἀναγαγεῖν
944 3054 1047 3109 οὐκ
1091 3052 1384 3120 ενα-Ἐκεῖ
1430 3050 1540 3121 γὰρ
1577 3050 1639 3103 τδ
1682 3050 1803 3104 ὅλον
1857 3050 1891 3120 ἡ

306 3157 470 3228 χάρις
499 3149 594 3225 ἦν.
628 3152 723 3214 Είς
756 3148 1051 3219 μετάνοιαν
1085 3144 1203 3211 οὖν,
1246 3144 1402 3214 φησὶ,
1448 3142 1549 3213 τὴν
1567 3142 1661 3195 τοῦ
1695 3141 1893 3212 βαπτί-

1981 673 2055 714 no
2085 665 2309 726 sperent
2338 670 2398 711 se
2424 655 2604 711 denuo
2637 649 2903 721 baptisma
2931 660 3093 716 posse
3128 640 3418 710 consequi.

2050 748 2409 803 Gustaueruut
2432 747 2594 800 etiam
2607 744 2806 797 donum
2837 738 3066 793 caeleste.
3097 735 3209 789 lloc
3231 740 3337 798 est,
3369 731 3566 786 remis-

1979 840 2192 897 sionem
2223 846 2575 909 peccatorum
2602 853 2618 899 ;
2650 847 2812 889 nemo
2838 830 2987 887 enim
3024 828 3153 881 talia
3185 827 3318 881 dare
3385 830 3568 894 potest

1977 930 2087 986 nisi
2111 944 2253 985 unus
2281 930 2450 984 Deus.

2054 1021 2123 1075 Et
2174 1020 2460 1090 participes
2488 1018 2621 1089 facti
2656 1025 2778 1073 sunt
2806 1015 3036 1085 Spiritus
3058 1011 3251 1066 sancti.
3310 1008 3439 1063 Post
3477 1007 3567 1061 di-

1982 1113 2303 1170 missionem
2335 1119 2710 1182 peccatorum,
2746 1115 2864 1161 tum
2933 1114 3016 1160 est
3049 1101 3400 1174 participatio
3433 1099 3557 1168 Spi-

1981 1204 2128 1258 ritus
2156 1202 2373 1257 sancti:
2405 1215 2513 1254 non
2544 1198 2698 1253 enim
2749 1196 2962 1250 habitat
2995 1194 3050 1247 in
3084 1203 3315 1260 corpore
3345 1186 3565 1241 subdito

1983 1294 2249 1367 peccatis.
2298 1291 2402 1346 Per
2436 1288 2843 1360 impositionem
2898 1278 3081 1339 autem
3111 1294 3372 1336 manuum
3399 1277 3566 1331 daha-

1982 1399 2093 1457 tur,
2120 1388 2198 1442 uti
2224 1400 2389 1456 supra
2418 1383 2627 1439 dictum
2659 1389 2761 1435 est.

2059 1477 2226 1533 Vsus.
2254 1476 2310 1532 5.
2347 1473 2800 1538 Gustaveruntque
2817 1469 3011 1522 bonum
3042 1466 3135 1518 Dei
3178 1463 3412 1519 verbum.
3449 1460 3566 1514 Non

1982 1569 2121 1626 dixit
2150 1574 2339 1637 aperte
2363 1563 2495 1634 quid
2525 1562 2599 1617 sit
2627 1561 2733 1615 hoc
2766 1577 2781 1612 :
2810 1556 3029 1612 interim
3055 1562 3241 1607 tamen
3274 1566 3378 1607 nos
3411 1550 3568 1604 colli-

1981 1673 2110 1731 gere
2133 1655 2288 1721 facit,
2307 1669 2371 1710 se
2393 1653 2463 1708 de
2490 1649 2642 1706 omni
2673 1645 2945 1718 spirituali
2978 1644 3224 1699 doctrina
3252 1642 3423 1711 loqui.

2058 1833 2128 1889 Et
2156 1834 2375 1889 uirtutes
2404 1829 2575 1900 futuri
2609 1825 2817 1881 swculi.
2845 1821 2945 1877 Vel
2973 1820 3241 1877 miracula
3272 1819 3452 1874 facere
3490 1819 3570 1873 sic

1916 1910 1959 1966 Β
1989 1927 2249 1998 appellat,
2293 1924 2377 1980 vel
2406 1921 2655 1992 angelice
2684 1919 2894 1981 vivere,
2930 1917 3006 1971 ita
3038 1925 3101 1970 ut
3133 1913 3286 1969 nullo
3334 1926 3574 1981 praesen-

1988 2021 2126 2075 tium
2184 2016 2450 2086 indigeat,
2519 2011 2615 2067 sed
2651 2009 2718 2064 ad
2749 2009 2935 2063 futura
2975 2005 3257 2075 respiciat,
3291 2018 3352 2056 ac
3377 2001 3572 2055 futurae

1986 2113 2112 2168 vitae
2137 2111 2356 2165 arrham
2376 2106 2598 2170 haheat,
2618 2108 2944 2174 praesentem
2972 2113 3002 2152 a
3034 2096 3265 2153 materia
3294 2094 3572 2162 rebusque

1989 2206 2199 2261 crassis
2229 2209 2498 2256 semotum
2536 2203 2590 2251 et
2619 2192 2986 2263 spiritualem.

2056 2294 2223 2350 Vsus.
2248 2292 2299 2346 6.
2329 2284 2661 2357 Etprolapsi
2695 2293 2843 2349 sunt,
2886 2296 3072 2334 rursus
3106 2275 3349 2332 renovari
3364 2273 3432 2329 ad
3460 2288 3571 2342 pa:-

1988 2389 2294 2446 nitentiam.
2328 2384 2445 2439 Hoc
2477 2391 2582 2447 est,
2617 2397 2714 2452 per
2742 2373 3147 2449 paenitentiam.
3176 2369 3318 2437 Quid
3371 2366 3578 2436 igitur?

1990 2484 2167 2553 ejecta
2192 2486 2278 2536 est
2307 2475 2636 2548 poenitentia
2658 2473 2683 2527 ?
2705 2468 3168 2538 Haudquaquam,
3225 2461 3319 2517 sed
3358 2474 3454 2528 per
3480 2473 3572 2513 se-

1985 2576 2226 2635 cundum
2260 2573 2531 2645 baptisma
2563 2566 2851 2634 renovatio
2876 2571 2960 2619 est
2996 2562 3225 2628 reiecta.
3268 2555 3559 2609 Renovare

1994 2947 2206 3003 facere:
2270 2942 2339 2998 ad
2399 2941 2551 2995 illum
2604 2947 2785 2991 tamen
2844 2924 3419 3002 Splendoremducere
3470 2933 3579 2973 nos

1992 3041 2162 3097 licet:
2194 3036 2307 3092 illic
2329 3034 2475 3089 enim
2503 3038 2677 3086 totum
2705 3023 2881 3097 gratia
2909 3028 3053 3077 erat.
3082 3016 3166 3071 Ad
3198 3011 3576 3085 paenitentiam

1995 3132 2162 3203 igitur
2184 3128 2340 3194 dicit,
2366 3138 2561 3191 nempe
2579 3114 2949 3190 baptismatis.
2975 3110 3222 3165 Primum
3251 3104 3396 3161 enim
3430 3101 3587 3171 quis-

342 3189 378 3211 α
417 3189 436 3207 ι
506 3189 521 3208 .
551 3189 594 3207 ν.
628 3189 722 3214 υ..
797 3189 1048 3203 -.-μην
1087 3189 1203 3211 --,,
1294 3189 1402 3206 .--,
1459 3189 1500 3196 -.
1529 3189 1540 3195 -
1579 3189 1658 3195 η-
1695 3189 1860 3212 rw---

312 3189 546 3316 2:12;);
581 3189 860 3312 Πρότεὲον
884 3239 994 3309 γάρ
1024 3254 1110 3301 τις
1141 3189 1395 3307 μετανοεῖ
1422 3189 1518 3287 ἐπί
1539 3234 1614 3305 τῷ
1646 3235 1897 3308 προτέρῳ

2004 3226 2147 3296 piam
2179 3219 2400 3276 ducitur
2427 3212 2746 3286 poenitentia
2770 3207 2841 3262 ob
2863 3211 3199 3260 transactam
3213 3189 3587 3263 vitam,68&.

2077 3314 2086 3316 ‘
2155 3312 2166 3316 ‘
2242 3311 2255 3316 -
2379 3307 2393 3316 ·
2473 3313 2481 3316 -
2641 3303 2654 3315 ο
2738 3311 2748 3316 -
2793 3296 2976 3316 -ιλεέη
3006 3288 3255 3316 ........t:..:.
3321 3284 3586 3316 nmmum“

306 3340 432 3410 βίῳ,
465 3334 595 3391 εἶτα
630 3333 978 3406 βαπτίζεται,
1003 3332 1078 3393 ὡς
1104 3331 1199 3382 καὶ
1230 3326 1393 3390 αὐτὸς
1432 3328 1899 3397 προεῖπελΜετα-

301 3432 477 3496 γοῖας
507 3427 624 3496 τῆς
658 3426 779 3481 ἀπὸ
808 3420 1038 3492 νεκρῶν
1064 3420 1273 3504 emunt.
1325 3417 1497 3487 Δῆλον
1550 3418 1607 3471 δὲ
1643 3419 1738 3473 καὶ
1790 3419 1899 3474 ἀπὸ

302 3524 415 3576 τῶν
440 3521 596 3590 ἑξῆς,
622 3519 708 3574 ὅτι
733 3518 795 3572 τδ
817 3515 1072 3587 δεύτερον
1095 3511 1323 3582 λουτρὸν
1343 3507 1708 3581 ἀπαγερεῦων
1725 3511 1901 3567 ταῦτα

308 3633 385 3686 φη
393 3632 504 3668 σιν.

392 3702 951 3773 Ἀνασταυροῦντας
991 3699 1226 3767 ἑαυτοῖς
1258 3700 1367 3767 τὸν
1407 3691 1546 3753 Ῡίόν
1586 3696 1694 3752 τοῦ
1728 3695 1898 3751 Θεοῦ.

311 3801 391 3854 τὸ
424 3798 713 3867 βάπτισμα
740 3793 981 3865 σταυρός
1023 3794 1161 3845 ἐστι.
1202 3787 1678 3858 Συνεσταυρώθη
1710 3788 1825 3858 γὰρ
1870 3789 1904 3841 ὁ

319 3888 576 3953 παλαιὸς
602 3883 777 3955 ἡμῶν
808 3882 1143 3952 ἅνθρωπος,
1174 3881 1272 3934 καί
1314 3881 1621 3949 σύμφυτοι
1654 3879 1904 3947 γειιγςνα-

328 3995 437 4047 μετ
459 3975 537 4041 τῷ
564 3973 887 4046 ὁμοιώματι
918 3971 1026 4027 τοῦ
1052 3970 1313 4027 θανάτου
1339 3968 1548 4024 αὑτοῦ.
1568 3967 1678 4021 Καὶ
1709 3963 1903 4018 πάλιν*

326 4070 752 4138 Συνετάφημεγ
774 4062 939 4130 αὐτῷ
962 4063 1061 4119 διὰ
1096 4062 1202 4117 τοῦ
1217 4061 1658 4129 βαπτίσματος.
1696 4058 1908 4126 ’Ὥσπερ

322 4161 433 4232 γὰρ
455 4164 660 4223 ἐκεῖνος
685 4158 962 4213 ἀπέθανεν
991 4159 1050 4209 ὲν
1081 4154 1303 4226 σταυρῷ
1333 4154 1521 4224 σαρκὶ,
1542 4149 1717 4213 οὕτως
1746 4149 1911 4220 ἡμεῖς

319 4258 379 4308 ἐν
401 4255 478 4324 τῷ
510 4253 855 4325 βαπτίσματι
883 4252 951 4320 τῇ
976 4246 1222 4320 ἁμαρτίᾳ
1238 4246 1610 4313 ἀπεθάνομεν.
1641 4244 1701 4296 '0
1730 4242 1911 4296 τοίνυν

315 4348 575 4421 δεύτερον
612 4344 1035 4417 βαπτιζόμενος,
1061 4344 1184 4395 ὅσον
1216 4340 1278 4394 τδ
1305 4338 1389 4407 ἐφ’
1422 4337 1627 4408 ἐαυτῷ,
1661 4336 1912 4403 δεύτερον

322 4441 556 4511 σταυροῐ
576 4438 671 4491 τὸν
692 4434 952 4507 Χριστᾷν.
983 4434 1143 4487 Ἀλλὰ
1177 4433 1282 4503 μὴν
1305 4431 1467 4484 τοῦτο
1483 4429 1706 4484 ἄτοπον.
1730 4426 1912 4493 "Arrcti

318 4533 432 4604 γὰρ
456 4528 702 4585 ἀπέθανε
730 4529 823 4582 καὶ
857 4525 1089 4595 ἀνέστη,
1125 4526 1221 4579 καὶ
1258 4522 1489 4584 Θάνατος
1536 4519 1700 4574 αὐτοῦ
1731 4517 1914 4572 οὐκέτι

321 4624 601 4696 κυριεύει.
629 4623 744 4676 Οὐκ
765 4622 875 4693 ἄρα
902 4620 1020 4673 ἐστὶ
1048 4617 1304 4687 δεύτερον
1327 4614 1634 4685 βάπτισμα,
1663 4611 1746 4663 ὅτι
1781 4607 1918 4680 μηδὲ
1951 4607 1993 4661 D

321 4718 582 4785 δεύτερος
639 4712 894 4785 σταυρὸς.
942 4709 1009 4764 Τί
1060 4710 1170 4781 γὰρ
1207 4705 1408 4761 κωλύει
1451 4704 1545 4757 καὶ
1583 4702 1766 4771 τρίτον
1821 4698 1917 4752 καὶ

324 4813 619 4879 τέταρτον,
653 4807 747 4860 καὶ
776 4804 937 4860 τοῦτο
960 4804 1047 4857 ἐπ’
1077 4804 1337 4873 ἀπειρον;
1373 4798 1491 4852 Οὐκ
1515 4790 1637 4849 εἷπε
1659 4794 1737 4858 δὲ,
1769 4793 1916 4847 ἁνα-

326 4903 779 4971 σταυροῦντας,
818 4899 914 4954 καὶ
943 4898 1073 4969 ἔστη
1094 4914 1111 4931 ο
1146 4895 1287 4951 ἀλλὰ
1332 4890 1667 4962 προσέθηκε,
1698 4890 1794 4943 καὶ
1834 4888 1918 4953 τὸ,

328 4996 596 5062 ἑαυτοῖς,
632 4995 721 5049 ἵνα
747 4993 920 5064 δείξῃ,
955 4991 1038 5045 ὅτι
1074 4988 1335 5063 ῥᾳθύμως
1362 4985 1454 5038 τὸν
1489 4983 1610 5038 καθ’
1632 4983 1780 5053 ἡμᾶς
1808 4978 1924 5050 βίον

328 5087 775 5158 οἰκονομοῦντες,
823 5082 1013 5154 ὥσπερ
1068 5082 1223 5143 ὕντος
1264 5078 1457 5148 ἐτέρου
1507 5073 1922 5145 βαπτίσματος,

329 5182 484 5236 οὕτω
510 5162 704 5233 ’πάντα
753 5171 1231 5247 διαπραττόμεθα,
1260 5172 1335 5234 ὡς
1385 5169 1451 5223 ἂν
1492 5169 1552 5221 ὲν
1581 5164 1796 5226 ἑαυτοῖς
1826 5178 1924 5215 πο-

332 5272 511 5345 νηρὰν
533 5268 690 5334 δόξαν
715 5263 1184 5334 ὑποστησάμενοι.

411 5451 518 5511 Καὶ
563 5441 1236 5515 παραδειγματίζοντας.
1288 5435 1586 5499 Τουτέστι,
1623 5428 1927 5503 θριαμϐεύ-

332 5559 519 5606 οντος,
550 5536 1020 5608 καταισχύνοντας
1042 5548 1058 5564 ο
1109 5536 1270 5585 τοῦτο
1296 5528 1353 5581 δὲ
1397 5525 1562 5597 διχῶς
1601 5524 1848 5595 νοήσεις·
1886 5519 1919 5589 ἦ

332 5636 421 5688 ὅτι
456 5631 582 5685 erit:
618 5629 669 5682 οἱ
707 5622 1131 5696 σταυρώσαντες
1158 5620 1252 5675 τὸν
1283 5617 1510 5688 Κύριον,
1553 5614 1647 5668 ἐπὶ
1691 5611 1923 5680 αἰσχύνῃ

334 5724 499 5779 αὑτοῦ
529 5720 783 5777 τοιοῦτον
812 5717 1017 5788 τρόπον
1053 5712 1288 5769 θανάτου
1318 5708 1640 5780 ἐπενόησαν,
1669 5705 1761 5759 τὸν
1803 5704 1926 5758 ἑπι-

404 5906 446 5940 ¹⁷
468 5904 619 5960 Psal.
652 5913 759 5964 Ctt,
794 5893 855 5948 5.

2005 3284 2205 3369 deinde
2242 3284 2579 3380 baptizatur,
2611 3303 2754 3358 sicut
2783 3296 2980 3366 et‘ipse
3006 3288 3283 3365 praadixit,
3315 3284 3586 3340 Paeniten-

2003 3410 2091 3465 tite
2122 3406 2188 3461 ab
2242 3403 2484 3472 operibus
2516 3397 2769 3453 mortuis.
2826 3390 3175 3446 Manifestum
3202 3391 3384 3438 autem
3411 3384 3493 3433 cst
3520 3392 3587 3431 cx

2004 3467 2392 3570 sequentihus,
2416 3490 2562 3562 quod
2591 3482 2938 3558 baptismatis
2964 3475 3369 3534 reiterationem
3394 3467 3588 3539 prohi-

2003 3592 2148 3648 bens
2185 3590 2300 3643 haec
2326 3585 2489 3640 dicit.

2082 3683 2313 3737 Rursum
2345 3675 2709 3744 cruci/igeules
2735 3666 2971 3732 sibiipsis
2996 3661 3189 3717 Filium
3226 3656 3341 3711 Dei.
3374 3649 3592 3721 Baptis—

2006 3792 2093 3832 ma
2122 3788 2255 3830 crus
2301 3776 2405 3825 est.
2438 3762 2609 3821 Simul
2629 3762 2768 3816 enim
2802 3757 3096 3826 cruciﬁxus
3128 3761 3210 3806 est
3235 3759 3382 3805 vetus
3417 3753 3596 3798 noster

2011 3869 2192 3926 homo,
2247 3879 2310 3916 ac
2350 3856 2509 3914 sintut
2540 3853 2692 3908 insiti
2755 3864 2940 3903 sumus
3008 3837 3354 3899 similitudini
3408 3835 3595 3889 mortis

2007 3959 2144 4027 eius.
2180 3955 2249 4010 Et
2274 3964 2467 4005 rursus
2491 3965 2506 4001 :
2532 3944 2573 3999 C
2587 3938 2850 4009 ousepulti
2865 3950 3048 3991 sumus
3078 3932 3181 4001 ipsi
3203 3944 3294 3998 per
3311 3926 3598 3995 baptisma.

2016 4046 2262 4106 Perinde
2290 4054 2531 4110 namque
2554 4042 2614 4091 ut
2634 4041 2890 4088 mortuus
2916 4026 3108 4083 estille
3137 4024 3193 4078 in
3225 4034 3390 4076 cruce
3421 4017 3596 4078 carni,

2016 4143 2098 4200 sic
2129 4147 2186 4195 et
2240 4150 2343 4191 nos
2404 4132 2459 4186 in
2498 4126 2834 4198 baptismate
2889 4117 3089 4175 mortui
3119 4129 3316 4170 sumus
3349 4118 3596 4182 peccato.

2015 4234 2122 4303 Qui
2151 4230 2320 4302 igitur
2349 4221 2591 4281 secunda
2623 4220 2746 4273 vice
2774 4213 3109 4285 baptizatur,
3144 4215 3408 4278 quantum
3454 4202 3508 4257 in
3541 4215 3602 4257 se

2015 4297 2125 4391 e'st,
2159 4297 2360 4379 rursus
2417 4315 2574 4371 cruci
2635 4309 2918 4365 Christum
2953 4302 3144 4374 aﬂigit.
3174 4299 3345 4369 Atqui
3375 4297 3480 4351 huc
3506 4297 3603 4350 ah—

2015 4419 2243 4476 surdum
2274 4423 2391 4467 est:
2425 4405 2597 4464 semel
2622 4403 2767 4459 enim
2802 4405 3055 4454 mortuus
3102 4400 3211 4456 est,
3244 4402 3299 4446 et
3353 4403 3601 4444 resurre-

2017 4511 2122 4575 xit,
2179 4517 2233 4562 ct
2293 4516 2444 4558 mors
2499 4499 2553 4552 in
2586 4509 2711 4550 eum
2770 4502 2937 4561 porro
2965 4500 3073 4541 non
3099 4483 3434 4538 dominatur.
3484 4478 3603 4531 Non

2023 4572 2192 4673 igitur
2219 4604 2303 4654 est
2320 4590 2623 4652 secundum
2639 4583 2933 4653 baptisma,
2961 4572 3409 4647 quandoquidem
3427 4584 3606 4639 neque

2019 4665 2260 4753 secunda
2289 4702 2424 4745 crux
2465 4683 2557 4739 sit.
2594 4676 2740 4746 Quid
2765 4673 2910 4730 enim
2962 4668 3295 4741 prohiberet,
3332 4665 3377 4719 si
3404 4676 3605 4718 secun-

2020 4788 2149 4842 dum
2178 4780 2610 4855 permitteretur,
2631 4767 2929 4840 quominus
2995 4759 3217 4816 tertium
3247 4764 3302 4812 et
3348 4762 3605 4825 quartum

2023 4845 2446 4935 concederetur,
2486 4875 2656 4936 atque
2686 4864 2763 4918 ita
2797 4862 2857 4915 in
2919 4851 3240 4912 inﬁnitum?
3296 4848 3414 4904 Non
3469 4845 3607 4902 dixit

2027 4978 2233 5033 autem,
2260 4978 2476 5019 rursum
2509 4956 2899 5027 crucifigeutes,
2927 4962 2992 5002 ac
3026 4944 3275 5008 destitit;
3306 4942 3403 4997 sed
3454 4939 3605 5007 adje—

2028 5064 2129 5123 cit,
2183 5060 2287 5115 sibi
2320 5057 2475 5127 ipsis,
2546 5061 2607 5106 ut
2663 5045 2916 5104 ostendat
2970 5040 3115 5112 quod
3146 5039 3313 5093 vitam
3356 5043 3599 5089 nostram

2029 5156 2227 5225 ignave
2259 5146 2649 5216 transigentes,
2680 5136 2838 5210 quasi
2880 5135 3019 5189 alter
3074 5128 3377 5200 baptismus
3425 5130 3605 5189 esset,

2033 5247 2109 5300 ita
2144 5241 2330 5299 omnia
2356 5215 2700 5310 perlicimus,
2732 5243 2832 5285 ceu
2859 5224 3060 5282 malam
3092 5218 3406 5291 opinionem
3431 5215 3484 5269 in
3508 5230 3607 5269 no-

2035 5335 2122 5390 bis
2148 5332 2285 5402 ipsis
2312 5328 2676 5384 sustinentes.

2109 5396 2186 5479 Et
2244 5418 2474 5477 ostentui
2534 5415 2801 5468 habentes.
2868 5407 2983 5461 Hoc
3043 5410 3146 5468 est,
3187 5396 3606 5468 triumphantes,

2034 5514 2337 5589 ignominia
2358 5510 2674 5565 adicientes.
2707 5502 2820 5557 Hoc
2836 5510 3017 5554 autem
3037 5492 3294 5551 bifariam
3312 5488 3605 5558 intelliges:

2032 5610 2117 5665 vel
2146 5608 2274 5679 quia
2313 5606 2406 5675 qui
2436 5613 2549 5656 tum
2577 5595 2969 5654 crucil‘txerunt
3006 5587 3320 5651 Dominum,
3368 5582 3432 5636 ad
3461 5582 3612 5651 igno-

2040 5673 2268 5756 miniam
2297 5673 2417 5767 eius
2448 5692 2611 5747 talem
2647 5685 2841 5743 mortis
2898 5681 3166 5736 rationem
3205 5673 3604 5746 cxcogitarunt,
