4080 6458
444 401 549 465 259

1410 385 1991 454 THEOPHYLACTI
2017 338 2436 445 sULGAnI/e
2470 383 2825 445 ARCHIEP.
3591 381 3702 448 εδο

444 516 579 569 delia
613 514 665 568 in
701 513 897 568 marito
925 512 993 568 ὀ.
1026 510 1188 568 Fides
1204 510 1372 583 igitur
1397 509 1484 562 hic
1520 502 2013 561 sanetiﬂeationem

2137 500 2276 564 ρυνὴ
2312 498 2351 565 ἡ
2390 498 2649 563 ἄπιστος
2699 498 2768 551 ἐν
2800 495 2881 562 τῷ
2930 496 3126 565 ἀνδρί.
3176 495 3238 550 ’11
3267 496 3452 559 πίστις
3490 495 3584 550 οῦν
3617 498 3704 549 ὲν-

451 606 599 659 laeit.
636 603 712 659 Ne
738 604 902 674 igitur
940 618 1069 673 erga
1119 601 1383 657 eremitas
1429 593 1805 651 tantummodo
1830 604 2017 644 curam

445 697 849 766 impendamus.
885 703 1144 764 tanquam
1184 700 1431 756 sanctos,
1481 702 1667 741 verum
1701 684 1865 737 etiam
1893 693 2020 750 erga

446 785 780 841 mundanus.
817 786 1006 840 Sancti
1041 785 1188 840 enim
1223 785 1298 837 illi
1349 788 1479 836 sunt
1507 787 1561 834 et
1617 776 1719 830 ﬁde
1756 782 1811 828 et
1869 773 2019 825 vita:

446 877 742 945 porro'ipsi
776 876 898 929 laici
937 874 1113 931 sancti
1148 873 1360 929 suntin
1406 869 1534 930 ﬁde,
1579 865 1826 936 plerique
1855 861 2020 917 etiam

447 968 502 1018 in
536 966 666 1019 vita.
715 963 957 1020 Observa
1019 972 1199 1017 autem
1255 957 1532 1029 quomodo
1576 968 1674 1009 eos
1731 951 1901 1005 leniat
1959 960 2023 1000 ac

449 1056 678 1125 mitiget.
710 1052 831 1109 Non
891 1054 1038 1108 enim
1074 1052 1235 1113 dixit,
1301 1047 1393 1119 qui
1447 1043 1822 1105 ministrastis,
1858 1048 1913 1094 et
1950 1038 2022 1090 ita

448 1145 688 1213 quievit:
726 1158 916 1197 verum
968 1142 1190 1211 adjecit,
1254 1148 1305 1194 et
1362 1135 1710 1201 miuistratis,
1760 1133 1863 1186 hoc
1915 1136 2022 1192 est,

446 1237 632 1291 eadem
658 1235 928 1303 hodieque
978 1231 1184 1288 facitis.

521 1325 680 1380 Vens.
719 1324 806 1378 Η.
842 1322 1100 1393 Cupimus
1134 1329 1308 1374 autem
1346 1330 1767 1388 unumquemque
1795 1322 2025 1367 uestrum

445 1417 683 1470 eamdem
714 1416 981 1469 ostendere
1007 1412 1425 1468 sollicitudinem
1448 1408 1517 1465 ad
1546 1407 1892 1475 expletionem
1919 1405 2028 1473 spei

452 1523 612 1577 usque
636 1508 691 1559 in
716 1505 896 1575 ﬁnem.
924 1504 1157 1558 Perinde
1211 1518 1277 1555 ac
1332 1501 1376 1555 si
1430 1497 1556 1568 quis
1617 1496 1801 1551 dicat:
1851 1492 2026 1559 Quam

447 1614 579 1668 ergo
616 1597 685 1651 ob
718 1610 969 1658 causam,
994 1610 1027 1650 ο
1077 1593 1264 1654 Paule,
1308 1594 1423 1646 haec
1454 1588 1663 1653 dixisti,
1699 1587 1747 1641 si
1801 1584 2026 1641 noluisti

2109 586 2304 665 nubila
2348 586 2440 638 τὸν
2501 585 2776 654 ἀγιασμὺν
2828 587 2997 639 ποιεῖ.
3022 585 3188 636 Ὥστε
3224 583 3298 653 μὴ
3322 582 3460 651 πρὸς
3485 582 3611 646 τοὺς
3642 582 3706 635 ὲν

2123 678 2321 749 ἐρήμῳ
2355 677 2550 748 μόνους
2582 677 2863 731 σπουδαῖοι
2890 669 3064 745 ὦμεν,
3092 674 3168 739 ὡς
3201 674 3414 743 ἀγίους,
3446 673 3581 728 ἀλλά
3608 675 3708 727 καὶ

2124 772 2262 841 πρὸς
2299 772 2427 834 τοὺς
2485 770 2791 841 κοσμικούς
2819 789 2832 802 ·
2874 769 3020 839 amt
3075 770 3175 838 μὲν
3213 767 3324 837 γάρ
3372 768 3575 820 ἐκεῖνοι
3609 767 3710 821 καὶ

2128 862 2311 914 πίστει
2370 861 2465 914 καὶ
2520 860 2653 931 βίῳ·
2688 860 2834 928 ἀγιοι
2883 860 2941 913 δὲ
2997 859 3092 913 καὶ
3121 859 3375 912 οίλαῖκοὶ
3403 860 3469 928 τῇ
3498 856 3705 920 πίστει,

2128 952 2317 1006 πολλοὶ
2340 953 2396 1005 δὲ
2430 954 2525 1006 καὶ
2560 952 2681 1023 βίῳ.
2715 953 2857 1022 Ὅρα
2897 951 2954 1005 δὲ
3006 950 3125 1013 πῶς
3159 948 3456 1019 θεραπεύει
3484 944 3707 1010 αὐτούς.

2125 1045 2202 1098 Οὐ
2222 1045 2331 1115 γὰρ
2350 1040 2492 1110 εἷπε,
2515 1043 3013 1109 διακονήσαντες,
3054 1043 3149 1096 καὶ
3178 1042 3306 1112 ἔστη
3330 1055 3343 1069 ο
3377 1039 3516 1093 ἀλλά
3543 1055 3715 1110 προσ-

2126 1136 2313 1205 έθηκε,
2376 1138 2478 1190 καὶ
2527 1135 2943 1201 διακονοῦντες
2971 1153 2985 1164 ·
3021 1134 3293 1200 τουτέστι,
3354 1134 3451 1186 καὶ
3501 1132 3581 1185 ἔτι
3644 1132 3713 1184 τὸ

2067 1249 2073 1255 ’
2127 1230 2262 1283 αὐτὸ
2291 1232 2594 1294 ποιοῦντες.

2214 1322 2648 1391 Ἐπιθυμοῦμεν
2683 1322 2752 1375 δὲ
2803 1321 3072 1375 ἕκαστον
3145 1319 3313 1391 ὑμῶν
3356 1320 3473 1387 τὴν
3514 1317 3715 1387 αὐτὴν

2128 1412 2549 1468 ἐνδείκνυσθαι
2600 1412 2889 1479 σπουδὴν
2946 1412 3097 1480 πρὸς
3135 1411 3252 1478 τὴν
3296 1411 3717 1479 πληροφορίαν

2130 1501 2243 1571 τῆς
2271 1504 2522 1570 ἐλπίδος
2557 1505 2693 1572 ἄχρι
2729 1505 2966 1569 τέλους.
3013 1505 3223 1574 Ὠσπερ
3246 1503 3393 1564 τινὸς
3424 1501 3671 1562 εἰπόντος
3695 1514 3712 1529 ⁸

2131 1595 2289 1659 Τίνος
2310 1595 2402 1651 οῦν
2427 1596 2614 1650 ἕνεκεν
2635 1596 2810 1650 ταῦτα
2841 1593 3024 1660 εἶπας,
3057 1590 3103 1649 ὧ
3129 1595 3330 1659 Παῦλε,
3362 1596 3411 1646 εί
3446 1593 3520 1663 μὴ
3546 1592 3716 1662 ἐμελ-

455 1705 555 1744 uos
590 1687 758 1743 ferire
789 1695 843 1742 et
882 1685 1205 1755 increpare?
1241 1685 1363 1738 llaec
1393 1682 1528 1747 dixi,
1569 1680 1767 1749 inquit,
1802 1676 2031 1748 cupiens

2137 1687 2222 1751 λες
2246 1690 2396 1760 ἡμᾶς
2425 1689 2717 1761 πλήττεινς
2745 1689 2932 1759 φησὶν,
2964 1689 3071 1749 ὅτι,
3106 1686 3292 1740 Ταῦτα
3317 1682 3492 1747 εἷπον.
3518 1684 3719 1738 ὲπιθυο

452 1784 600 1836 utin
665 1780 911 1836 futurum
975 1781 1142 1833 etiam
1192 1786 1341 1831 recte
1396 1774 1672 1829 curratis:
1721 1786 1831 1827 non
1882 1769 2027 1840 quod

2137 1780 2254 1852 μῶν
2289 1782 2377 1835 ἵνα
2407 1782 2501 1835 καὶ
2531 1781 2668 1852 πρὸς
2698 1782 2760 1833 τὸ
2788 1780 2984 1852 μέλλον
3009 1779 3344 1852 εὐδρομῆτεο
3373 1778 3472 1848 οὐχ
3491 1777 3567 1839 ὡς
3602 1778 3719 1830 τῶν

452 1873 639 1944 priora
725 1872 1125 1933 condemnem,
1202 1880 1391 1920 verum
1468 1866 1616 1935 quod
1679 1864 1748 1918 de
1825 1862 2030 1917 futuris

2137 1842 2420 1943 προτέρων
2443 1842 2896 1940 καταγινώσκων,
2932 1870 3050 1925 ἀλλ’
3088 1842 3374 1941 ῦπέρίτῶν
3414 1842 3722 1939 μελλόντων

453 1973 715 2018 metuam.
741 1962 849 2017 Nec
883 1962 1044 2022 dixit,
1076 1958 1240 2025 Volo,
1267 1959 1413 2030 quod
1444 1965 1557 2011 erat
1581 1956 1745 2027 687
1784 1970 2028 2025 praecep-

2137 1964 2404 2026 δεδοικώς.
2442 1964 2554 2018 Καὶ
2595 1963 2697 2016 οὐκ
2744 1958 2887 2028 εἷπε,
2934 1961 3111 2025 Θέλω,
3160 1962 3297 2032 ὅπερ
3353 1956 3423 2031 ἦν
3467 1959 3718 2013 διδασκα-

453 2058 609 2108 toriae
639 2052 987 2108 auctoritatis
1021 2070 1035 2106 :
1072 2052 1190 2117 sed,
1230 2050 1422 2119 Cupio,
1475 2051 1621 2118 quod
1676 2057 1759 2102 est
1819 2047 2029 2117 paterni

2137 2055 2291 2125 λικῆς
2328 2056 2617 2119 αὐθεντίας
2644 2054 2810 2121 ·ἀλλ’,
2852 2053 3171 2123 Ἐπιθυμῶ,
3229 2053 3257 2105 δ
3294 2051 3566 2122 πατρικῆς
3600 2052 3720 2102 ἐστι

452 2145 704 2201 οἰΐεειιιε.
746 2142 867 2199 Non
906 2144 1052 2214 enim
1081 2142 1268 2197 verbis
1312 2148 1526 2194 tantum
1577 2137 1685 2193 hoc
1748 2138 2027 2203 desidero,

2137 2148 2543 2218 φιλοστοργίας.
2578 2150 2655 2201 Οὐ
2688 2148 2798 2217 γάρ
2842 2148 3005 2218 μέχρι
3057 2145 3321 2216 ῥημάτων
3347 2144 3509 2196 τοῦτο
3540 2135 3725 2212 βούλο-

455 2238 552 2292 sed
605 2236 823 2291 animus
873 2249 1029 2289 meus
1073 2250 1173 2304 pro
1220 2234 1375 2287 vobis
1423 2239 1643 2287 aestuat.
1697 2230 1830 2284 Tale
1883 2233 2030 2285 enim

2137 2256 2256 2307 μαι,
2287 2239 2403 2294 ἀλλ’
2434 2239 2639 2309 ἡψυχὴ
2676 2256 2778 2308 μου
2823 2240 3039 2291 καίεται
3075 2238 3217 2306 ὑπὲρ
3252 2235 3428 2306 ὑμῶν.
3466 2234 3721 2287 Τοιοῦτον

455 2329 716 2398 quiddam
778 2327 1019 2395 intellige
1072 2340 1168 2395 per
1200 2322 1475 2401 ἐπιθυμῶ.
1541 2319 1654 2375 Nec
1711 2319 2031 2390 simpliciter

2137 2331 2242 2401 γάρ
2270 2349 2324 2384 τι
2353 2332 2465 2384 νόει
2494 2331 2575 2393 τὸ,
2593 2329 2868 2399 ἐπιθυμῶ.
2891 2331 2999 2383 Καὶ
3032 2328 3131 2399 οὑχ
3153 2328 3340 2391 ἁπλῶς
3373 2328 3514 2395 ὑπὲρ
3539 2325 3719 2396 ὑμῶν,

452 2438 554 2493 pro
605 2422 783 2483 vobis,
829 2420 947 2482 sed,
1001 2434 1101 2488 pro
1148 2430 1485 2486 unoquoque
1549 2421 1793 2468 vestrum
1832 2428 1848 2464 :
1897 2409 2031 2465 adeo

2137 2424 2250 2478 ἀλλ’
2283 2423 2427 2494 ὑπὲρ
2456 2422 2573 2487 ἑνὸς
2602 2422 2835 2476 ἑκάστου
2859 2438 2873 2453 ο
2908 2420 3052 2477 οὕτω
3092 2421 3314 2474 πάντων
3348 2419 3592 2489 ἑκήδετο,
3625 2416 3722 2470 καὶ

451 2515 696 2569 omnium
731 2512 847 2568 sive
876 2510 1145 2578 majorum
1179 2509 1297 2563 sive
1334 2508 1609 2560 minorum
1671 2518 1806 2558 cura
1838 2511 2031 2571 tange-

2138 2515 2354 2585 μικρῶν
2388 2516 2479 2568 καλ
2512 2516 2787 2585 μεγάλων,
2833 2516 2926 2567 καὶ
2961 2514 3169 2572 πάντας
3199 2513 3488 2582 ἠπίστατο.
3534 2510 3622 2571 Ὡς
3653 2509 3722 2562 ἂν

453 2606 634 2665 batur,
664 2617 968 2671 omnesque
998 2609 1179 2655 uorat.
1215 2597 1286 2653 Ut
1320 2599 1440 2652 sitis
1463 2595 1712 2658 solliciti,
1747 2594 1815 2648 ad
1852 2594 2031 2661 exple-

2137 2604 2477 2673 σπουδάζητε
2528 2605 2680 2673 πρὸς
2722 2604 2837 2671 τὴν
2869 2604 3287 2673 πληροφορίαν
3319 2600 3427 2668 τῆς
3449 2600 3722 2665 ἐλπίδος.

455 2698 647 2750 tionem
679 2695 809 2764 spei,
836 2695 941 2747 hoc
964 2700 1068 2757 est,
1103 2700 1161 2745 ut
1189 2692 1404 2762 plenam
1441 2698 1495 2744 et
1533 2690 1832 2759 perfectam
1871 2686 2030 2740 [idem

2137 2696 2432 2761 τουτέστιν,
2466 2697 2551 2747 ῐνα
2600 2684 2786 2767 ίπλήρη
2847 2699 2939 2749 καὶ
2976 2695 3187 2747 τελείαν
3222 2693 3320 2765 τὴν
3352 2693 3542 2745 ἐλπίδα
3563 2692 3610 2724 ⁸³
3640 2692 3728 2743 ὲν-

452 2787 783 2852 ostendatis,
825 2790 1019 2839 etnon
1088 2780 1513 2853 perturbemiui.
1556 2778 1800 2833 Observa
1848 2783 2030 2830 autem

2137 2771 2405 2854 δείξηςῖϐε,
2459 2786 2554 2838 καὶ
2602 2784 2678 2854 μὴ
2729 2785 3088 2854 σκυλευθῆτε.
3152 2785 3297 2853 Ὅρα
3344 2782 3402 2836 δὲ
3421 2783 3470 2815 ⁹⁰
3515 2781 3633 2845 πῶς
3659 2781 3724 2833 οὐ

452 2881 728 2948 quomodo
755 2892 864 2932 non
901 2882 1089 2944 aperte
1143 2872 1295 2936 ferit,
1337 2886 1516 2941 neque
1549 2870 1719 2933 dicit,
1771 2868 2031 2936 Despera.

2137 2876 2367 2944 πλήττει
2409 2878 2681 2948 φανερῶς,
2715 2877 2837 2929 οὐδὲ
2886 2876 3035 2942 λέγει
3058 2877 3164 2939 ὅτι,
3193 2874 3589 2945 Ἀπηλπίσατε,
3627 2871 3727 2925 καὶ

457 2974 580 3035 stis,
613 2969 917 3038 recolligite
942 2958 1040 3020 vos
1065 2966 1355 3034 deinceps:
1409 2979 1597 3018 verum
1652 2969 1866 3014 tantum
1919 2972 2029 3011 non

2137 2962 2526 3033 ἀνακτήσασοε
2571 2963 2796 3025 ἑαυτοὺς
2845 2963 3055 3028 λοιπὸν,
3095 2963 3209 3015 ἀλλ’
3244 2962 3451 3015 ὡσανεὶ⁶
3484 2960 3717 3014 τοιαῦτα

455 3061 563 3118 hoc
584 3057 1035 3127 dicitquuidem
1058 3056 1180 3110 volo
1214 3063 1264 3108 te
1303 3069 1522 3123 semper
1554 3052 1856 3109 sollicitum
1887 3065 2030 3111 esse,

2135 3052 2315 3120 λέγει·
2342 3051 2494 3105 Θέλω
2555 3069 2614 3104 σε
2666 3053 2988 3118 σπουδάζειν
3018 3054 3127 3118 ἀεὶ,
3162 3054 3252 3106 καὶ
3279 3047 3389 3116 οἷος
3424 3048 3493 3123 ἦς
3524 3051 3722 3124 πρότε-

455 3160 513 3208 et
546 3159 606 3206 ut
630 3151 808 3221 qualis
835 3149 989 3203 luisti
1023 3148 1278 3208 antehac,
1319 3147 1482 3201 talem
1531 3145 1696 3199 etiam
1761 3145 1813 3197 in
1846 3154 2031 3213 poste-

2143 3160 2235 3214 ρον
2255 3183 2271 3211 ,
2305 3143 2552 3223 τοιοῦτον
2589 3137 2731 3196 εἶναι
2765 3144 2859 3197 καὶ⁵
2890 3143 2987 3197 νῦν
3012 3145 3109 3198 καὶ
3136 3146 3218 3208 εἰς
3250 3145 3317 3197 τὸ
3352 3144 3569 3215 μέλλον.

459 3259 580 3299 rum
616 3251 668 3296 te
694 3239 979 3296 exhibeas.

531 3333 700 3390 Vens.
731 3332 819 3387 12.
853 3331 922 3386 Ut
956 3347 1057 3385 non
1093 3345 1276 3400 segnes
1325 3328 1645 3399 eﬁiciamiui.
1690 3325 1802 3382 lioc
1840 3326 2027 3381 itidem

455 3426 523 3480 ad
560 3424 951 3494 mitigationem
1006 3437 1197 3477 eorum
1237 3421 1402 3475 dicit:
1448 3420 1513 3473 ad
1579 3418 1821 3473 futurum
1883 3419 2028 3473 enim

456 3525 676 3585 tempus
705 3516 808 3569 hoc
857 3514 1029 3569 ducit.
1090 3513 1254 3582 Atqui
1294 3527 1459 3581 supra
1514 3513 1654 3565 dixit
1695 3530 1709 3566 :
1764 3510 2031 3577 Quoniam

456 3621 636 3676 stgnes
691 3605 820 3674 {acti
849 3606 1018 3659 estis:
1077 3602 1170 3658 sed
1226 3602 1437 3666 auditu,
1468 3603 1533 3655 ad
1587 3601 1833 3655 auditum
1883 3601 2028 3655 enim

461 3710 636 3766 usque
664 3695 951 3766 segnitiem
978 3694 1210 3749 statuit:
1245 3691 1363 3747 Jam
1397 3707 1546 3759 vero,
1600 3692 1798 3762 inquit,
1841 3706 2031 3747 curam

462 3802 612 3859 gero,
652 3801 720 3840 ne
751 3786 995 3840 animum
1035 3794 1276 3840 vestrum
1305 3783 1568 3854 segnities
1619 3782 1724 3837 ista
1776 3782 2031 3851 attingat.

460 3882 534 3937 Ut
565 3880 710 3935 enim
744 3892 941 3947 corpus
966 3876 1140 3932 otium
1177 3886 1231 3929 et
1262 3873 1621 3928 immobilitas
1663 3871 1832 3938 laedit,
1874 3871 1955 3926 sic
1981 3881 2037 3926 et

459 3971 696 4024 animam
729 3984 758 4022 a
787 3957 956 4023 bouis
986 3966 1249 4038 Operibus
1281 3964 1545 4029 cessatio,
1574 3964 1828 4035 supinam
1858 3964 2033 4032 magis

457 4060 640 4117 cilicit.

540 4151 732 4207 Verum
766 4151 1064 4205 imitatores
1094 4165 1277 4204 eorum
1303 4148 1393 4218 qui
1444 4163 1534 4215 per
1578 4146 1735 4218 ﬁdem
1772 4157 1822 4202 et
1857 4148 2039 4217 longa-

460 4243 753 4295 uimitatem
792 4240 1168 4307 promissiones
1219 4239 1526 4293 hwreditate
1575 4240 1808 4307 capiunt.
1859 4237 2037 4307 Supra

461 4330 884 4388 commonefecit
913 4332 1063 4401 ipsos
1098 4345 1289 4385 eorum
1320 4345 1443 4400 quae
1468 4339 1628 4385 antea
1683 4331 1788 4400 ipsi
1844 4344 2039 4399 gesse-

462 4433 609 4489 rant,
640 4424 1001 4479 domesticum
1041 4421 1177 4492 ipsis
1201 4423 1514 4492 exemplum
1538 4421 1858 4493 proferens:
1894 4434 2040 4474 nunc

2208 3325 2344 3380 Ἰνα
2383 3326 2463 3395 μὴ
2484 3328 2695 3396 νωθροὶ
2727 3327 3010 3396 γένησθε.
3046 3327 3156 3380 Ka‘t
3206 3326 3365 3381 τοῦτο
3395 3326 3530 3396 πρὸς
3561 3325 3727 3397 Θερα-

2136 3420 2302 3472 πείαν
2335 3419 2547 3473 αὐτῶνθ
2591 3422 2672 3483 είς
2718 3421 2830 3492 γάρ
2878 3421 2971 3473 τὸν
3020 3420 3285 3490 μέλλοντα
3318 3421 3508 3492 χρόνον
3537 3420 3724 3488 ἐξάγει

2135 3510 2291 3565 αὑτό.
2333 3511 2526 3563 Καίτοι
2560 3511 2819 3580 ἀνωτέρω
2849 3505 3004 3563 εἶπεν
3026 3528 3038 3540 ·
3081 3508 3325 3575 Ἐπειδὴ
3360 3509 3573 3576 νωθροὶ
3609 3525 3676 3578 γε
3699 3538 3727 3550 -

2135 3607 2372 3671 γόνατε,
2414 3599 2552 3653 ἀλλά
2603 3603 2725 3663 ταῖς
2767 3602 2992 3662 ἀκοαῖς·
3055 3600 3216 3671 μέχρι
3276 3600 3387 3670 γάρ
3421 3601 3518 3669 τῆς
3551 3599 3727 3668 ἀκοῆς

2140 3694 2340 3762 ἔστησε
2368 3692 2467 3763 τὴν
2501 3692 2841 3763 νωθρότηταο
2875 3691 2972 3744 νῦν
2996 3692 3072 3753 δὲ,
3106 3692 3261 3762 φησὶ.
3310 3690 3723 3763 προνοοῦμαιθι

2139 3787 2225 3839 ἵνα
2253 3786 2331 3857 μὴ
2361 3785 2459 3856 τῆς
2493 3784 2675 3855 ψυχῆς
2718 3784 2873 3855 ὑμῶν
2926 3785 3135 3856 ἅψηται
3183 3783 3350 3853 αὕτη.
3390 3785 3479 3847 Ὠς
3523 3783 3633 3854 γὰρ
3663 3782 3728 3836 τὸ

2139 3877 2303 3947 σῶμα
2341 3879 2374 3947 ἡ
2408 3877 2578 3948 ἀργία
2607 3878 2703 3930 καὶ
2730 3877 2989 3948 ἀκινησία
3020 3877 3273 3948 βλάπτει,
3309 3875 3454 3929 οὕτω
3483 3876 3579 3929 καὶ
3623 3876 3725 3947 τὴν

2137 3967 2318 4040 ψυχὴν
2341 3969 2375 4039 ἠ
2414 3969 2526 4022 τῶν
2560 3967 2783 4036 ἀγαθῶν
2823 3967 2992 4040 ἀργία
3031 3969 3375 4039 ὑπτιωτέραν
3398 3966 3718 4040 ἐργάζεται.

2215 4150 2471 4221 Mummi
2501 4149 2571 4203 δὲ
2598 4150 2719 4203 τῶν
2754 4148 2853 4203 διὰ
2882 4150 3145 4216 πίστεως
3172 4149 3273 4204 καὶ
3308 4151 3726 4220 μακροθυμίας

2142 4244 2684 4312 κληρονομούντων
2708 4243 2814 4306 τὰς
2835 4243 3215 4312 ἐπαγγελίας.
3262 4244 3594 4314 ’Λνέμνησεν
3623 4244 3727 4296 αὑ-

2144 4334 2273 4397 τοὺς
2329 4334 2610 4401 ἀνωτέρω,
2666 4327 2743 4387 ὢν
2803 4335 2961 4387 αὐτοὶ
3002 4334 3378 4405 κατώρθωσαν
3437 4336 3723 4405 πρότερον,

2144 4424 2359 4478 οἴκοθεν
2402 4424 2587 4485 αὐτοῖς
2621 4424 2804 4493 φέρων
2849 4425 2918 4477 τά
2963 4425 3358 4496 ὑποδείγματα.
3391 4426 3507 4479 Νῦν
3534 4427 3593 4480 δὲ
3630 4428 3728 4480 καὶ

461 4531 590 4571 vero
627 4516 695 4569 ad
722 4515 1088 4586 patriarcham
1140 4529 1236 4569 eos
1280 4514 1556 4570 subvehit.
1611 4512 1690 4568 Ne
1728 4512 2031 4570 existimem

2149 4518 2243 4568 ἐπὶ
2279 4516 2373 4569 τὸν
2429 4514 2791 4586 πατριάρχην
2837 4515 3033 4579 αὐτοὺς
3073 4516 3289 4584 ἀνάγει.
3320 4517 3440 4570 Ἰνα
3499 4516 3609 4588 γὰρ
3646 4518 3723 4589 μὴ

460 4611 607 4665 enim
643 4624 702 4665 se
731 4610 881 4663 nullo
912 4623 1036 4663 esse
1063 4624 1294 4664 numero
1324 4608 1549 4678 dignos,
1604 4621 1669 4660 ac
1703 4605 1870 4662 veluti
1904 4619 2038 4659 con-

465 4709 701 4769 tempIos
726 4714 849 4755 sese
875 4714 904 4751 a
938 4697 1049 4754 Deo
1081 4699 1307 4754 relictos
1335 4712 1479 4763 esse,
1517 4698 1737 4767 planum
1774 4695 1905 4750 facit
1923 4695 2037 4765 jam

462 4790 607 4857 quod
642 4789 826 4843 isthuc
853 4789 1093 4842 maxime
1126 4790 1199 4842 sit
1229 4788 1454 4843 fortium
1511 4787 1779 4851 virorum,
1838 4784 2039 4840 tentari

463 4881 695 4940 scilicet,
763 4887 819 4934 et
873 4880 1021 4948 quod
1077 4894 1307 4950 magnos
1375 4877 1526 4932 viros
1549 4876 1663 4945 ,sic
1727 4877 2039 4931 exercuerit

463 4971 629 5026 Deus.
667 4968 723 5023 Si
752 4970 897 5025 enim
930 4971 1115 5025 statim
1139 4973 1295 5025 daret
1328 4969 1474 5038 quod
1513 4968 1876 5038 promisisset,
1907 4966 2040 5021 lides

461 5078 653 5118 eorum
710 5062 854 5116 haud
909 5060 1401 5117 demonstraretur.
1436 5058 1594 5113 Nunc
1639 5066 1824 5113 autem
1861 5057 2042 5113 didert

464 5156 607 5209 dena
652 5169 772 5218 sua,
801 5164 861 5207 ut
896 5152 1031 5208 ﬁdes
1061 5153 1308 5223 ipsorum
1343 5167 1442 5223 per
1489 5152 1810 5222 patientiam
1865 5150 2042 5204 incla-

464 5253 661 5300 rescat.
699 5244 836 5298 Tum
869 5246 1033 5299 etiam
1078 5245 1300 5314 planum
1335 5250 1393 5298 Iit
1444 5244 1756 5314 quempiam
1815 5243 2041 5298 credere

464 5337 513 5390 ei
549 5338 638 5406 qui
696 5336 969 5407 promisit,
1034 5336 1258 5409 quando
1311 5347 1434 5405 post
1491 5337 1722 5390 multum
1774 5336 2037 5405 temporis

464 5427 710 5494 elapsum
747 5441 857 5482 non
898 5425 1198 5495 acceperit,
1239 5434 1296 5479 et
1344 5436 1523 5479 tamen
1569 5440 1629 5480 se
1680 5433 2039 5494 accepturum

569 5606 613 5637 ὀ
650 5603 822 5660 lCor.
865 5622 961 5672 vn,
990 5604 1077 5660 14.

2147 4604 2447 4673 νομίσωσιν
2482 4604 2566 4656 ὅτι
2617 4602 2694 4667 ὡς
2734 4603 2951 4669 οὐδενὸς
2992 4604 3135 4670 ἀξιοι
3168 4606 3331 4676 λόγου
3376 4622 3728 4678 καταφρονη-

2148 4696 2336 4758 θέντες
2387 4694 2494 4748 ὑπὸ
2531 4694 2669 4747 Θεοῦ
2735 4696 3267 4768 ἐγκατελείφθησαν,
3316 4698 3588 4752 δείκνυσιν
3640 4700 3724 4752 ὅτι

2149 4787 2385 4857 μάλιστα
2408 4787 2518 4839 τῶν
2546 4787 2813 4855 γενναίων
2833 4790 3043 4857 ἀνδρῶν
3072 4790 3233 4844 τοῦτό
3266 4793 3406 4854 ἐστι,
3426 4791 3490 4844 τδ
3526 4791 3726 4862 πειρά-

2149 4877 2361 4943 ζεσθαι,
2396 4878 2491 4931 καὶ
2516 4878 2599 4932 ὅτι
2632 4882 2748 4943 τοῖς
2780 4880 3039 4951 μεγάλοις
3061 4881 3319 4952 ἀνδράσιν
3344 4882 3489 4936 οὕτω
3518 4885 3726 4955 κέχρη-

2148 4986 2238 5020 ται
2266 4969 2296 5020 ὁ
2327 4969 2481 5033 Θεός.
2520 4969 2584 5023 Εἰ
2622 4972 2722 5041 μὲν
2752 4972 2866 5044 γὰρ
2898 4973 3061 5036 εὐθὺς
3090 4972 3311 5028 ἐδίδουᾶ
3335 4973 3722 5044 δπηγγείλατο,

2145 5061 2247 5113 οὐκ
2271 5059 2339 5115 ἃν
2377 5063 2410 5130 ἡ
2438 5062 2626 5124 πίστις
2666 5063 2847 5118 αὐτῶν
2877 5065 3207 5120 διεδείκνυτο
3226 5081 3241 5096 ·
3268 5066 3364 5120 νῦν
3392 5066 3450 5120 δὲ
3487 5068 3728 5121 ἀναϐάλ-

2146 5149 2301 5204 λεται
2328 5151 2430 5215 τὰς
2456 5153 2655 5216 δόσεις.
2695 5155 2782 5208 ἵνα
2831 5159 2974 5226 φανῇ
3010 5158 3043 5227 ἡ
3079 5156 3263 5222 πίστις
3299 5155 3483 5211 αὐτῶν
3507 5157 3597 5210 διὰ
3626 5159 3727 5228 τῆς

2148 5244 2451 5314 ὑπομονῆς.
2481 5246 2615 5298 Τότε
2646 5246 2755 5318 γάρ
2804 5263 2886 5311 τις
2946 5248 3216 5317 φαίνεται,
3249 5250 3331 5303 ὅτι
3372 5249 3618 5303 πιστεύει
3646 5249 3727 5320 τῷ

2147 5338 2620 5409 ὲπαγγειλαμένῳ,
2658 5340 2747 5392 ὅτε
2786 5339 2982 5393 πολλοῦ
3032 5340 3226 5411 καιροῦ
3295 5340 3590 5404 διελθόντος
3647 5341 3725 5411 μὴ

2146 5428 2465 5498 λαμϐάνων,
2518 5431 2668 5496 ὅμως
2718 5430 2964 5485 πιστεύει
3024 5432 3107 5487 δτι
3154 5433 3406 5504 λήψεται,
3461 5433 3558 5487 καὶ
3621 5432 3725 5486 οὐκ

1786 5696 1990 5758 Verite
2020 5697 2351 5763 lectiones.

534 5800 580 5834 ³⁸
601 5801 784 5856 πίστιν
806 5817 859 5858 ο.
935 5804 983 5838 ⁸⁸
1012 5801 1227 5857 σύνεσιν
1252 5816 1305 5857 o.
1417 5802 1461 5835 ⁹¹
1490 5800 1881 5872 προθυμοῦμαι
1904 5816 1958 5856 o.
