4080 6424
377 325 483 392 261

1178 330 1588 393 EXPOSITIO
1620 333 1696 394 ΙΝ
1732 334 1968 396 EPIST.
2005 339 2107 398 AD
2145 334 2923 413 HEBR/EOS.—CAP.VI.

3574 362 3683 426 962

378 440 675 513 ἆτοντιριιᾷ
689 442 761 492 θ’.
790 438 890 495 Διὰ
915 440 1076 495 τοῦτο
1098 437 1191 496 οὗν
1219 442 1391 498 ταῦτα
1421 445 1491 500 τὰ
1530 448 1811 519 πληκτικὰ
1836 450 1978 520 λέγω

2091 454 2290 520 credit,
2316 465 2370 513 et
2404 475 2510 513 non
2542 471 2741 533 torpet.
2776 463 3070 537 Propterea
3101 469 3270 541 igitur
3320 472 3435 530 lucc
3485 476 3680 548 objur-

384 534 537 600 ὑμῖν,
568 533 659 587 ἱνα
696 532 1056 605 διαναστήσω
1103 534 1271 605 ὑμᾶς,
1318 538 1412 589 καδι
1461 539 1697 610 γένησθε
1749 543 1978 613 μιμηταΊ

2091 548 2303 617 gatoria
2330 551 2485 605 vobis
2520 553 2667 621 dico,
2700 565 2760 612 ut
2783 560 3018 615 excitem
3051 579 3168 629 vos,
3196 574 3250 619 ct
3291 573 3347 620 ιιι
3372 582 3679 627 commme-

381 623 494 676 τῶν
524 622 1070 693 κληρονομησάντων
1103 624 1203 689 τὰς
1232 626 1571 697 ἐπαγγελίας
1603 630 1693 684 διὰ
1751 633 1990 697 πίστεως

381 715 482 768 καὶ
516 714 936 784 μακροθυμίας.
986 714 1147 780 Τίνες
1168 715 1226 770 δέ
1267 720 1406 771 εἰσιν
1436 713 1605 787 οὗτοι,
1635 721 1772 791 μετὰ
1814 722 1990 778 ταῦτα

378 806 525 876 ἐρεῖ.
557 806 701 878 Ὀρα
746 806 805 860 δὲ
845 806 966 871 πῶς
1016 808 1237 880 πρῶτον
1281 807 1403 865 εἶπε
1450 812 1552 883 τὴν
1601 815 1811 881 πίστιν,
1865 810 1989 871 εἶτα

385 899 804 971 μακροθυμίαν,
853 903 941 956 ὅτι
987 902 1097 956 ἀπὸ
1142 903 1383 968 πίστεως
1417 907 1450 975 ὴ
1488 908 1863 976 μακροθυμία.
1922 911 1986 964 El

388 992 465 1061 μὴ
497 992 609 1062 γὰρ
643 992 893 1048 πιστεύει
928 1010 1016 1058 τις
1057 995 1141 1049 ὅτι
1186 995 1404 1061 πάντως
1433 997 1597 1052 δώσει
1642 1003 1671 1053 0
1717 1002 1983 1072 ἐπαγγει-

385 1078 649 1150 λάμενος,
693 1080 818 1136 οὐδὲ
855 1083 1110 1155 μακροου
1117 1085 1232 1154 μεῖ.
1642 1094 1653 1097 “

464 1274 551 1339 τῷ
581 1274 695 1345 τὰρ
731 1274 992 1346 Ἀϐραὰμ
1030 1277 1541 1351 ἐπαγγειλάμενος
1580 1286 1614 1338 ό
1657 1284 1823 1353 Θεὸς,
1854 1287 1985 1341 ἐπει

396 1367 519 1419 κατ’
548 1366 806 1435 οὐδενὸς
842 1365 971 1438 εἶχε
1012 1372 1284 1442 μείζονος
1313 1374 1554 1443 ὀμόσαι,
1585 1376 1787 1448 ὤμοσε
1849 1382 1981 1436 καθ’

387 1458 611 1516 ἑαυτοῦ
663 1459 888 1530 λέγων·
921 1458 996 1517 Ἦ
1031 1464 1180 1532 μὴν,
1214 1465 1489 1537 εὐλογῶν
1528 1470 1847 1539 εὐλογήσω
1884 1487 1981 1540 σε,

387 1550 485 1602 xui
546 1554 888 1619 πληθύνων
924 1555 1219 1621 πληθυνῶ
1280 1575 1377 1613 σε.
1412 1560 1632 1615 Πολλῶν
1682 1564 1852 1619 ὄντων
1873 1567 1983 1621 τῶν

383 1643 476 1696 διὰ
505 1644 607 1714 τῆς
640 1644 884 1710 πίστεως
927 1648 1466 1719 κληρονομησάντων
1488 1655 1590 1719 τὰς
1619 1657 1978 1727 ἐπαγγελίας,

382 1739 515 1799 τοὺς
539 1737 735 1801 ἄλλους
770 1739 871 1807 μὲν
896 1739 1035 1804 τέως
1067 1741 1162 1794 νῦν
1189 1747 1432 1815 παρῆκε,
1453 1751 1568 1813 τοῖς
1601 1748 1729 1820 ἑξῆς
1779 1753 1980 1817 αὐτοὺς

383 1829 691 1897 ταμιεύων,
729 1831 893 1899 μόνον
925 1831 984 1885 δὲ
1017 1834 1114 1887 τοῦ
1157 1812 1412 1909 Ἀϐρααμ
1464 1812 1765 1912 μέμνηται,
1796 1844 1890 1899 διὰ
1919 1812 1982 1898 τε
2015 1812 2056 1867 Β

382 1922 445 1973 τὸ
479 1921 702 1993 ἀξίωμα
735 1923 831 1977 τοῦ
864 1925 1189 1997 προσώπου,
1247 1931 1342 1983 καὶ
1391 1931 1474 1985 ὄτι
1538 1933 1778 2003 μάλιστα
1826 1929 1983 2002 οὗτος

383 2013 484 2066 καὶ
516 2015 860 2085 ἐπαγγελίας
894 2018 1106 2092 ἠξιώθη
1131 2023 1229 2074 καὶ
1264 2023 1529 2096 ἐπέτυχε.
1568 2027 1682 2081 Καὶ
1712 2027 1800 2082 διὰ
1822 2028 1984 2085 τοῦτο

382 2107 666 2160 δείκνυσιν
727 2109 811 2162 ὅτι
861 2110 925 2164 οὐ
980 2112 1062 2165 δεῖ
1117 2106 1499 2192 μικροψυχεῖν,
1537 2120 1654 2173 ἀλλ’
1687 2123 1983 2193 ἀναμένειν

382 2199 478 2252 τὸν
510 2199 671 2266 Θεὸν,
709 2199 830 2265 ἔθος
859 2203 1054 2273 ἔχοντα
1103 2207 1179 2277 μὴ
1211 2210 1420 2279 ταχέως
1446 2212 1674 2280 ἐπάγειν
1703 2217 1773 2269 τὰ
1805 2217 1982 2287 ἐπηγ-

381 2292 654 2361 γελμένα,
696 2292 836 2348 ἀλλὰ
893 2295 984 2350 διὰ
1035 2298 1250 2368 μακροῦ
1312 2302 1407 2355 τοῦ
1459 2305 1680 2375 χρόνου.
1732 2307 1870 2361 Πότε
1925 2309 1982 2362 δὲ

380 2385 574 2455 ὤμοσε
610 2387 737 2440 καθ’
771 2389 977 2443 ἐαυτσῦ
1005 2392 1034 2445 ὀ
1058 2391 1220 2461 Θεός;
1254 2395 1328 2449 ’Ἤ
1358 2396 1416 2449 ἐν
1439 2399 1626 2462 αὐτοῖς
1653 2404 1767 2463 τοῖς
1798 2400 1980 2469 λόγοις

383 2474 467 2542 οἷς
501 2496 693 2549 φησιν,
720 2481 805 2534 ὅτι
839 2483 983 2536 Κατ’
1012 2483 1277 2554 ἐμαυτοῦ
1304 2486 1515 2558 ὤμοσα
1543 2508 1556 2522 ⁸
1598 2490 1730 2556 ἴσως
1780 2492 1836 2547 δὲ
1889 2495 1984 2546 καὶ

382 2571 463 2636 τὸ,
508 2570 549 2639 ἦ
572 2570 723 2641 μὴν,
753 2573 902 2627 είποι
948 2575 1016 2630 ἄν
1046 2592 1130 2638 τις
1166 2576 1331 2631 ὅρκον
1367 2575 1508 2632 εἶναι
1558 2581 1651 2634 τοῦ
1694 2581 1828 2637 Θεοῦ
1858 2583 1982 2638 καθ’

384 2662 585 2716 ἑαυτοῦ
616 2680 632 2695 ο
672 2664 735 2717 τὸ
774 2664 886 2736 γὰρ
914 2662 954 2736 ἦ
987 2666 1138 2737 μὴν,
1181 2671 1302 2725 αντὶ
1343 2672 1438 2724 τοῦ
1477 2671 1664 2739 ὄντως
1684 2672 1833 2742 μὴν,
1873 2693 1974 2746 ση-

388 2756 594 2825 μαίνει.
628 2757 808 2828 Ὅπερ
838 2758 993 2813 οὐδὲν
1040 2760 1170 2814 ἄλλο
1195 2762 1346 2817 ἐστὶν
1394 2764 1427 2834 ἢ
1489 2764 1852 2836 βεϐαιωτικὸν
1881 2769 1982 2837 τῆς

386 2848 690 2917 ἀληθείαςο
726 2850 962 2921 ἀλήθεια
999 2852 1056 2905 δὲ
1090 2853 1173 2917 τίς
1203 2853 1270 2908 ἂν
1308 2856 1394 2927 εἴη
1444 2856 1608 2922 ἄλλος
1630 2900 1644 2923 ,
1683 2859 1717 2930 ἢ
1750 2860 1777 2911 0
1813 2860 1979 2928 650;;

385 2939 534 2994 οὕτω
576 2942 676 2996 καὶ
727 2945 787 2997 ἐν
834 2948 951 3009 τοῖς
1001 2946 1362 3015 Εὐαγγελίοις
1410 2951 1440 3002 0
1492 2950 1721 3022 Κύριος,
1778 2954 1977 3024 Ἀμὴν,

383 3032 572 3102 ἀμὴν,
606 3033 807 3103 λέγων,
844 3035 936 3091 τὸν
967 3038 1132 3091 αὐτὸν
1157 3039 1322 3109 ὅρκον
1376 3040 1590 3111 ὀμνύει,
1650 3043 1715 3096 ἐκ
1767 3044 1860 3097 τοῦ
1903 3044 1979 3117 μὴ

381 3124 532 3194 ἔχειν
563 3125 711 3179 κατὰ
742 3127 992 3198 μείζονος
1021 3129 1267 3200 ὸμῶσαι,
1292 3130 1416 3184 καθ’
1451 3133 1648 3186 ἑαυτοῦ
1675 3136 1868 3204 ὀμνὺς,
1904 3136 1979 3200 ὡς

377 3217 473 3269 καὶ
502 3216 533 3268 0
559 3216 778 3287 Πατήρ.
827 3218 1023 3273 Καίτοι
1067 3221 1215 3284 τινὲς
1270 3221 1479 3293 καὶτῷ
1523 3224 1776 3296 Ἀϐραὰμ
1809 3227 1977 3281 αὑτὸν

374 3308 501 3359 τότε
550 3306 645 3360 τὸν
673 3306 803 3360 Υἰὺν
843 3309 1106 3379 ὁμιλῆσαι
1151 3312 1384 3383 ἐνόησαν
1410 3328 1424 3342 ·
1458 3313 1608 3380 λέγει
1646 3316 1806 3385 γὰρὴ
1839 3317 1877 3367 Γ
1882 3335 1978 3386 ρα-

374 3399 473 3469 φῆ,
520 3398 627 3460 ὅτι,
690 3395 841 3454 Είπε
870 3399 948 3470 δὴ
1005 3402 1157 3471 πρὸς
1214 3403 1460 3474 Ἀϐραὰμ
1505 3409 1539 3459 ό
1594 3407 1868 3476 ἅγγελος.
1903 3409 1977 3462 Οὐ

372 3487 555 3557 δήπου
584 3489 670 3556 δέ,
710 3492 899 3560 φασὶν,
946 3494 975 3547 0
1026 3494 1219 3566 Πατὴρ
1270 3496 1359 3568 εἴη
1416 3496 1484 3551 ἂν
1514 3497 1765 3568 ἄγγελος,
1803 3500 1921 3553 ἁλλ’
1951 3503 1979 3554 ὁ

374 3578 506 3643 Υἱὸς
535 3580 563 3633 ὁ
588 3580 693 3652 τῆς
738 3582 986 3654 μεγάλης
1018 3583 1238 3656 βουλῆς-

448 3773 559 3827 Kai
592 3772 773 3838 οὕτω,
791 3777 1272 3846 μακροθυμήσας
1297 3779 1551 3850 ἐπέτυχε
1581 3780 1689 3849 τῆς
1718 3786 1974 3855 ἐπαγγε-

379 3864 542 3929 λίας.
571 3864 698 3927 Πῶς
730 3866 868 3935 πρὸς
902 3867 1005 3936 μὲν
1030 3866 1111 3937 τῷ
1142 3868 1293 3921 τέλει
1322 3871 1425 3939 τῆς
1459 3871 1781 3945 Ἐπιστολῆς
1803 3874 1972 3943 λέγει,

388 3954 469 4006 ὅτι
508 3949 655 4009 οὗτοι
696 3958 902 4021 πάντες
945 3958 1047 4012 οὐκ
1097 3958 1428 4031 ἐκομίσαντο
1466 3963 1568 4027 τὰς
1615 3966 1972 4035 ἐπαγγελίας,

392 4044 536 4095 ἀλλὰ
567 4047 853 4119 πόρῥωθεν
898 4048 1072 4113 αὐτὰς
1101 4046 1241 4104 εἶδον
1300 4053 1394 4105 καὶ
1420 4052 1763 4123 ἠσπάσαντο’
1799 4056 1893 4110 νῦν
1916 4056 1975 4111 δέ

383 4152 580 4207 φησιν,
614 4140 757 4192 ὅτιό
806 4140 1064 4213 ’Δὸραὰμ
1116 4143 1350 4214 ἐπέτυχε
1402 4146 1503 4217 τῆς
1561 4149 1972 4217 ἐπαγγελλίας;

375 4230 454 4281 οὐ
502 4232 633 4301 περὶ
684 4232 801 4286 τῶν
847 4232 1032 4288 αὐτῶν
1061 4234 1219 4304 λέγει
1250 4237 1489 4291 ἐνταῦθα
1540 4241 1723 4306 κάκεῖ,
1750 4242 1977 4297 ἀλλ’ἐνο

370 4322 552 4375 ταῦθα
584 4323 688 4393 μὲν
718 4325 851 4396 περὶ
877 4325 991 4378 τῶν
1026 4327 1084 4380 ἐν
1109 4328 1187 4398 τῷ
1216 4327 1318 4400 βίῳ
1343 4329 1517 4402 τούτῳ
1543 4334 1973 4405 ἐπηγγελμένων

368 4416 562 4483 φησὶν,
586 4406 666 4468 ὧν
694 4416 962 4486 ἐπέτυχεν
981 4420 1010 4470 ό
1053 4418 1309 4490 Ἀϐραὰμ
1341 4423 1480 4490 μετὰ
1513 4426 1727 4496 μικρὸν
1756 4429 1968 4499 χρόνον*

364 4504 489 4556 ἐκεῖ
544 4503 605 4556 δὲ
662 4504 794 4575 περὶ
846 4505 955 4559 τῶν
991 4507 1284 4577 οὐρανίων,
1331 4503 1407 4563 ὧν
1463 4509 1619 4566 οὔπω
1676 4516 1962 4586 ἐπέτυχεν.
1996 4499 2049 4558 Ῐ)

377 4595 702 4666 Ἀμςότερα
739 4597 945 4666 μέντοι,
976 4600 1072 4652 καὶ
1119 4601 1183 4653 τὸ
1220 4602 1507 4673 ἐπιτυχεῖν
1555 4607 1739 4670 αὑτὸν,
1770 4609 1867 4661 καὶ
1903 4610 1964 4662 τὸ

368 4686 543 4755 μήπω
576 4687 884 4757 ἐπιτυχεῖν,
911 4691 992 4753 είς
1024 4690 1373 4762 παράκλησίν
1408 4694 1528 4747 ἐστι
1566 4698 1675 4759 τοῖς
1702 4697 1958 4770 ὀλιγοψύ-

282 4832 307 4838 ,
363 4795 483 4848 χοις
506 4791 521 4806 ⁸
558 4778 621 4830 τὸ
657 4780 780 4847 μὲν,
824 4781 905 4832 ὅτι
939 4783 1031 4833 καὶ
1062 4785 1246 4853 ἡμεῖς,
1279 4784 1375 4838 ἐὰν
1419 4786 1957 4862 μακροθυμήσωμεν,

364 4870 705 4940 τευξόμεθα·
744 4871 808 4924 τὸ
857 4872 939 4935 δὲ,
981 4873 1065 4926 ὃτι
1108 4874 1325 4928 ἐκείνου
1375 4878 1542 4948 μήπω
1576 4880 1835 4950 τυχόντος
1865 4883 1959 4937 τοῦ

364 4963 477 5030 πρὸ
504 4961 779 5014 τοσούτων
798 4962 937 5017 ἐτῶν
960 4964 1365 5033 τελειωθέντος,
1405 4968 1624 5041 ἀνόητοι
1655 4973 1818 5043 ἡμεῖς
1852 4974 1964 5029 λοι-

362 5055 470 5107 τεὸν
503 5055 551 5106 οἱ
584 5053 970 5124 ἀσχάλλοντας,
1014 5056 1097 5111 ὅτι
1142 5058 1290 5114 οὕτω
1335 5061 1700 5133 τυγχάνομεν.
1739 5064 1879 5136 Ὅρα
1904 5066 1962 5121 δὲ

358 5147 483 5209 πῶς
514 5139 693 5211 εἶπεν,
722 5147 804 5199 ότι
840 5148 1276 5222 μακροθυμήσας
1317 5152 1552 5224 ἐπέτυχε
1584 5156 1686 5222 τῆς
1719 5158 1963 5226 ἐπαγγε-

354 5241 506 5304 λίας,
551 5238 637 5292 ἵνα
665 5239 818 5311 δείξῃ
863 5241 1108 5313 μεγάλην
1137 5243 1236 5311 τὴν
1265 5244 1498 5316 δύναμιν
1547 5247 1647 5318 τῆς
1688 5237 1964 5320 μακροθυ-

358 5334 515 5401 μίας,
557 5334 654 5385 mi.
688 5334 774 5387 ὅτι
816 5333 918 5401 οὐχ
948 5335 980 5403 ἡ
1020 5336 1326 5404 ἐπαγγελία
1385 5338 1523 5409 μόνη
1546 5339 1609 5392 τὸ
1633 5342 1742 5393 πᾶν
1771 5343 1961 5413 εἰργά-

356 5443 508 5484 σατο.
533 5424 675 5479 ἀλλὰ
710 5425 812 5478 καὶ
839 5427 875 5494 ἠ
896 5427 1272 5498 μακροθυμία.
1312 5430 1580 5486 Ἐνταῦθα
1602 5433 1659 5487 δὲ
1682 5436 1776 5488 καὶ
1802 5436 1960 5507 φοϐεῖ

352 5517 576 5582 αὐτοὺς,
609 5516 800 5579 διδοὺς
832 5518 1038 5572 ἐννοεῖν
1060 5519 1125 5572 ἐκ
1150 5520 1244 5574 τοῦ
1280 5523 1554 5591 ἐναντίου,
1577 5526 1659 5579 ὅτι
1689 5528 1957 5597 ἐγκόπτε-

2094 639 2291 693 remini
2354 641 2499 696 inter
2560 645 2806 705 lueredes
2859 653 3249 720 promissionis
3284 673 3380 727 per
3435 659 3593 715 ﬁdem
3625 673 3680 717 et

2093 726 2589 799 longanimitate").
2655 735 2893 803 Quinam
2929 757 3057 799 vero
3117 746 3228 801 sint
3283 726 3381 814 illi,
3446 753 3679 820 posthac

2090 831 2350 891 exponet.
2416 824 2661 881 Observa
2714 841 2896 885 autem
2962 838 3241 904 quomodo
3327 841 3505 911 primo
3555 845 3678 901 loco

2091 911 2252 967 ﬁdem
2286 914 2598 984 collocarit,
2629 920 2830 977 deinde
2864 922 3367 998 longanimitatem,
3411 936 3674 1003 quoniam

2085 1016 2153 1058 ex
2183 1004 2290 1059 lide
2316 1015 2401 1061 est
2426 1007 2842 1078 longanimitas.
2903 1014 3017 1071 Nisi
3053 1018 3201 1073 enim
3251 1024 3440 1078 credat
3474 1025 3677 1096 aliquis

2088 1097 2319 1152 omnino
2353 1099 2613 1155 daturum
2647 1119 2772 1158 cum
2799 1106 2892 1176 qui
2923 1110 3203 1180 promisit,
3245 1130 3532 1186 nunquam
3571 1120 3677 1174 erit

2088 1187 2439 1259 longanimis.

2160 1280 2331 1339 Vsus.
2362 1285 2449 1352 15,
2496 1288 2584 1342 Η.
2615 1289 2845 1346 Abraha:
2877 1311 3103 1366 namque
3149 1301 3466 1367 prominens
3500 1303 3676 1373 Deut,

2085 1379 2336 1444 quoniam
2368 1380 2626 1435 neminem
2648 1382 2835 1437 habeat
2861 1403 2954 1455 per
2982 1406 3135 1457 quem
3156 1391 3368 1460 juraret
3395 1396 3673 1466 majorem,

2083 1479 2176 1532 per
2230 1469 2569 1536 semetipsum
2621 1473 2854 1542 juravit,
2911 1479 3139 1534 dicens:
3207 1483 3330 1538 Vere
3369 1485 3675 1544 benedicens

2085 1558 2390 1613 benedicam
2428 1570 2496 1625 le,
2525 1572 2575 1617 et
2604 1565 2968 1634 multiplicans
3029 1573 3399 1643 multiplicabo
3433 1586 3499 1633 te.
3536 1579 3674 1635 Cum

2084 1650 2334 1722 plerique
2363 1652 2455 1707 alii
2478 1666 2662 1711 es<ent
2703 1661 2795 1729 qui
2836 1677 2933 1731 per
2982 1663 3141 1719 fidem
3173 1667 3345 1739 688
3379 1670 3677 1727 iliEl'Edila'

2083 1740 2197 1796 rint
2227 1744 2647 1815 promissiones,
2683 1750 2823 1807 alios
2858 1753 3079 1823 quidem
3116 1772 3266 1813 nunc
3300 1764 3674 1830 praetermisit,

2086 1848 2365 1903 reponens
2401 1852 2499 1893 eos
2522 1837 2669 1895 inter
2701 1858 2798 1900 eos
2821 1846 2913 1914 qui
2956 1858 3287 1919 sequuntur;
3314 1853 3485 1908 solius
3508 1854 3679 1912 Abra-

2086 1922 2233 1977 bami
2261 1934 2445 1980 auten:
2488 1931 2762 1997 meminit,
2797 1940 2913 1988 tum
2956 1937 3026 1992 ob
3056 1954 3305 2008 personm
3328 1932 3675 2014 dignitatem.

2084 2026 2201 2069 tum
2225 2019 2373 2086 quod
2412 2020 2500 2075 bic
2544 2037 2658 2092 prae
2707 2027 2925 2083 caeteris
2986 2033 3358 2098 promissione
3416 2037 3676 2108 dignatus

2085 2105 2180 2170 sit,
2215 2121 2448 2178 eamque
2473 2110 2547 2165 sit
2578 2123 2934 2171 consecutus.
2962 2115 3066 2172 Per
3088 2119 3189 2175 hoc
3235 2122 3440 2191 pariter
3471 2105 3675 2179 indicat

2088 2212 2197 2251 non
2249 2214 2372 2255 esse
2422 2200 2828 2272 desperandum
2883 2208 3067 2274 nobis,
3132 2213 3226 2268 sed
3260 2213 3431 2270 Deum
3492 2218 3673 2285 potius

2083 2292 2536 2360 exspectandum,
2562 2296 2647 2350 cui
2681 2297 2731 2350 in
2758 2313 2912 2354 more
2944 2310 3029 2357 est
3053 2318 3160 2358 non
3185 2307 3369 2361 statim
3412 2317 3676 2379 praestare

2085 2400 2207 2453 qua:
2239 2386 2516 2453 promisit,
2546 2390 2641 2444 sed
2676 2401 2802 2461 post
2825 2394 3056 2451 multum
3104 2401 3392 2470 temporis.
3441 2402 3675 2469 Quando

2085 2488 2269 2531 autem
2294 2479 2505 2549 juravit
2533 2498 2631 2552 per
2658 2486 2906 2555 scipsum
2946 2489 3126 2545 Deus?
3182 2492 3274 2548 Vel
3309 2495 3445 2564 ipsis
3484 2498 3674 2555 verbis

2084 2571 2288 2640 quibus
2316 2574 2392 2627 ait
2421 2589 2437 2628 :
2484 2573 2590 2630 Per
2618 2580 2983 2649 memetipsum
3004 2582 3211 2650 juravi.
3247 2585 3453 2643 Forsan
3486 2599 3670 2645 autem

2082 2671 2137 2718 et
2171 2663 2588 2736 ρειαί-Μετιῃῆ
2623 2670 2755 2741 μήν,
2794 2673 3069 2743 quispiam
3129 2677 3332 2752 dixerit
3389 2681 3676 2750 iuramen-

2086 2765 2200 2812 tum
2243 2758 2338 2814 Dei
2370 2776 2464 2830 per
2501 2777 2643 2818 sese.
2682 2763 2816 2819 Nam
2870 2761 2905 2837 ἦ
2944 2769 3074 2840 μήν,
3133 2786 3335 2839 ret-era,
3370 2776 3669 2846 signiﬁcat.

2084 2848 2241 2916 Quod
2274 2852 2409 2906 nihil
2442 2868 2574 2909 sane
2606 2865 2691 2909 est
2720 2857 2889 2923 aliud,
2925 2874 3089 2930 quam
3149 2864 3498 2922 conﬁrmatio
3523 2886 3673 2939 qua!-

2084 2942 2210 2996 dam
2238 2944 2504 3000 veritatis.
2541 2946 2755 3004 Veritas
2786 2962 2991 3018 autem,
3025 2954 3279 3022 quisnam
3318 2958 3460 3016 alius
3501 2962 3673 3019 fuerit

2083 3035 2475 3104 praetcr'Deum
2499 3037 2523 3092 ?
2554 3038 2649 3095 Sic
2676 3050 2729 3095 et
2759 3041 2814 3095 in
2840 3041 3131 3114 Evmgelio
3165 3045 3452 3118 Dominus,
3480 3056 3668 3121 Amen,

2083 3143 2259 3193 amen,
2286 3128 2500 3195 dicens,
2536 3131 2679 3188 idem
2725 3133 3102 3202 juramenlum
3155 3137 3330 3208 jurat,
3390 3160 3514 3200 cum
3552 3163 3662 3203 non

2086 3221 2261 3288 possit
2289 3234 2385 3290 per
2418 3221 2680 3291 majorem
2735 3224 2948 3295 jurare,
3006 3242 3105 3296 per
3159 3230 3403 3302 seipsum
3448 3234 3669 3305 jurans,

2083 3313 2311 3380 perinde
2345 3328 2411 3368 ac
2446 3312 2629 3369 Pater.
2660 3314 2922 3372 Nonnulli
2949 3329 3130 3375 tamen
3172 3332 3437 3391 putarunt
3488 3327 3667 3398 ipsum

2083 3400 2278 3456 Filium
2318 3414 2431 3459 tum
2475 3420 2599 3461 cum
2633 3408 2943 3463 Abrahamn
2968 3414 3304 3470 collocutum
3359 3436 3372 3472 :
3417 3419 3661 3476 aitenim

2081 3492 2398 3564 Scriptura:
2468 3498 2619 3553 Dicit
2691 3512 2871 3557 autem
2928 3506 2999 3558 ad
3078 3508 3353 3563 Abraham
3423 3514 3666 3585 angelus.

2082 3586 2438 3657 Nequaquam
2470 3592 2641 3655 enim,
2697 3592 2979 3664 inquiunt,
3018 3595 3185 3654 Pater
3255 3602 3489 3672 angelus
3543 3619 3683 3677 esse,

2079 3686 2318 3745 poterat,
2351 3679 2446 3734 sed
2484 3680 2681 3748 Filius,
2712 3688 2892 3754 magni
2925 3689 3143 3743 consilii
3183 3692 3429 3761 angelus.

2151 3770 2320 3828 Vsus.
2358 3774 2445 3828 15.
2478 3773 2548 3827 Et
2582 3777 2683 3843 sic,
2721 3775 3125 3848 longanimiter
3158 3783 3350 3853 ferens,
3393 3796 3669 3844 assecutus

2077 3875 2154 3916 est
2180 3867 2608 3931 promissionem.
2645 3867 2755 3934 Qui
2794 3870 2962 3941 igitur
3002 3872 3057 3926 in
3083 3873 3189 3928 line
3220 3873 3481 3945 Epistulae
3505 3879 3665 3948 dicit,

2077 3959 2221 4019 quod
2261 3958 2348 4013 isti
2384 3974 2577 4015 omnes
2601 3977 2708 4015 non
2744 3975 3081 4034 acceperunt
3104 3969 3532 4039 promissiones,
3568 3975 3663 4031 sed

2080 4050 2300 4105 eminus
2336 4066 2429 4105 cas
2469 4051 2655 4107 intuiti
2683 4068 2809 4109 sunt
2835 4066 2889 4111 et
2921 4058 3304 4117 salutaverunt
3333 4103 3350 4129 ,
3412 4064 3501 4120 hic
3534 4080 3667 4123 vero

2077 4143 2157 4196 ait
2205 4143 2582 4198 Abrahamum
2640 4149 3000 4202 consecutum
3038 4153 3666 4223 csse._'promissionem?

2076 4233 2194 4289 Non
2228 4233 2296 4289 de
2321 4235 2513 4289 iisdem
2550 4236 2637 4291 hic
2671 4247 2726 4292 et
2767 4239 2878 4294 illic
2918 4240 3186 4313 loquitur,
3244 4262 3432 4302 verum
3476 4249 3567 4306 hic
3596 4251 3667 4307 de

2078 4325 2149 4382 iis
2189 4342 2311 4396 qua:
2342 4326 2395 4380 in
2460 4328 2569 4381 vita
2603 4328 2651 4382 ei
2705 4331 2980 4400 promissa
3014 4344 3173 4390 erant
3219 4336 3487 4409 loquitttr,
3540 4358 3667 4414 qua:

2076 4420 2352 4475 Abraham
2395 4437 2528 4476 sane
2564 4422 2724 4493 longo
2763 4435 2885 4495 post
2926 4435 3175 4498 tempore
3212 4444 3504 4491 assecutus
3534 4447 3660 4493 est:

2078 4510 2191 4566 illic
2258 4524 2439 4567 autem
2515 4513 2583 4568 de
2643 4516 3003 4583 coelesdbus,
3063 4536 3186 4589 quae
3242 4525 3487 4580 nondum
3539 4539 3660 4584 erat

2074 4615 2381 4660 assecutus.
2445 4603 2752 4675 Utrumque
2808 4623 2959 4673 vero,
3016 4619 3071 4665 et
3121 4614 3266 4682 quod
3322 4629 3658 4678 consecutus

2070 4696 2165 4760 sit,
2202 4704 2256 4749 et
2313 4696 2459 4766 quod
2501 4697 2743 4752 ualidum
2782 4701 2855 4755 sit
2893 4713 3252 4771 consecutus,
3279 4708 3345 4762 ad
3405 4712 3689 4769 consola-‘

2074 4789 2280 4843 tionem
2308 4790 2756 4859 pusillanimilms
2788 4792 3129 4852 inserviunt:
3153 4800 3386 4856 alterum
3409 4805 3653 4875 quidem,

2070 4880 2218 4950 quod
2242 4890 2296 4936 et
2321 4898 2442 4947 nos,
2461 4881 2505 4936 si
2533 4884 2804 4952 patienter
2827 4901 2889 4939 ex
2901 4897 3235 4956 spectamus.
3258 4908 3618 4967 assequemur
3638 4922 3652 4957 :

2072 4973 2303 5026 alterum
2337 4988 2488 5038 vero,
2517 4975 2663 5043 quod
2705 4975 2752 5029 si
2788 4975 2877 5030 ille
2915 4977 3165 5034 nondum
3220 4991 3303 5038 est
3337 4997 3655 5057 aSsccutus,

2073 5063 2167 5133 qui
2200 5069 2329 5117 ante
2360 5073 2438 5117 tot
2490 5078 2667 5119 annos
2719 5078 3138 5126 consummatus
3192 5084 3297 5141 est,
3354 5078 3652 5136 admodum

2070 5154 2397 5225 insipientes
2430 5170 2530 5211 nos
2560 5171 2773 5223 sumus,
2798 5173 2922 5213 cum
2952 5175 3096 5233 aegre
3123 5163 3349 5223 ferimus
3379 5183 3480 5224 nos
3511 5184 3651 5226 nou-

2068 5246 2198 5301 dum
2242 5248 2484 5318 assequi.
2551 5245 2795 5304 Observa
2848 5261 3031 5308 autem
3090 5258 3367 5327 quomodo
3423 5260 3648 5331 dixerit,

2067 5356 2167 5412 per
2196 5340 2670 5412 longanimitatem
2722 5357 2849 5398 eum
2911 5355 3269 5403 consecutum
3324 5354 3647 5422 promissio-

2066 5450 2214 5499 nem,
2246 5445 2307 5489 ut
2340 5435 2622 5520 ingentem
2656 5435 3097 5507 longanimitatis
3125 5443 3230 5497 vim
3262 5452 3430 5516 atque
3453 5461 3650 5520 poten-

2069 5529 2201 5582 tiam
2261 5529 2331 5584 ob
2382 5510 2577 5585 oculos
2620 5541 2808 5600 ponat,
2858 5541 2911 5589 et
2968 5535 3114 5606 quod
3172 5542 3467 5608 promissio
3532 5547 3652 5601 sola

1684 5707 1882 5769 Varia)
1916 5708 2245 5775 lectiones.

408 5806 455 5839 as
476 5801 792 5876 ἀποναρκᾷ
824 5803 964 5873 πρὸς
997 5802 1094 5873 τὴν
1126 5802 1310 5857 πίστιν
1340 5818 1415 5857 m.
