4080 6450
406 338 513 400 fiz'i'l

1344 333 1933 409 THEDPIIYLACTI
1974 332 2070 391 BU
2086 331 2393 391 LGARLE
2437 331 2638 391 ARCH
2655 332 2796 393 l-EP.

3589 330 3700 394 263

408 450 630 512 solatio,
674 446 946 519 siquidem
998 446 1251 503 Pontifex
1289 455 1477 502 noster
1500 456 1586 503 est
1625 447 1679 500 in
1720 446 2001 516 supernis,

2110 442 2325 513 κλησις,
2355 444 2471 512 εἴγε
2508 444 2621 498 ἄνω
2649 445 2677 497 6
2720 442 3043 514 ’Λρχιερείις
3075 441 3257 513 ἡμῶν,
3289 443 3386 498 καὶ
3417 442 3553 498 πολὺ
3586 445 3707 514 βελ-

408 556 474 596 ac
499 541 1062 611 titulto-przestaritior
1111 541 1179 596 iis
1239 542 1334 612 qui
1380 552 1510 595 sunt
1561 538 1705 610 apud
1752 537 1995 595 Judeeos.

405 635 593 690 Primo
641 636 948 690 secundum
980 633 1239 690 modum:
1280 649 1387 687 non
1420 633 1564 689 enim
1604 634 1762 702 juxta
1795 646 1989 687 eorum

406 728 679 791 ordinem,
734 728 829 783 sed
904 728 1209 784 secundum
1267 726 1521 783 ordinem
1609 724 1997 781 Melchisedec.

408 821 615 877 Deinde
660 822 782 877 loco
816 821 1299 898 ettabernaculo:
1333 832 1499 889 supra
1548 817 1697 873 enim
1732 817 1789 872 in
1844 817 2001 873 caelis

407 924 525 979 est;
564 923 775 985 postea,
821 912 1214 969 Testamento:
1277 910 1342 966 de
1392 909 1722 967 melioribus
1764 910 1913 966 enim
1949 919 2002 965 ct

406 1006 807 1074 perl‘eCtoribus
843 1005 1036 1072 bonis;
1086 1004 1214 1059 item
1248 1002 1579 1059 duratione:
1628 1004 2003 1074 sempiternus

405 1098 576 1164 enim,
606 1105 661 1151 et
689 1112 798 1151 non
840 1095 1235 1166 temporarias.
1264 1090 1576 1158 Postremo,
1607 1100 1880 1165 persona:
1913 1092 2003 1149 Fi-

409 1188 515 1241 lius
557 1185 705 1241 enim
749 1183 841 1241 Dei
880 1191 986 1239 est.
1022 1182 1263 1238 Proinde
1308 1196 1379 1239 ne
1428 1183 1741 1255 languentis
1790 1184 1998 1237 animo.

407 1278 533 1333 llaec
560 1286 742 1333 autem
775 1277 963 1332 omnia
998 1285 1223 1347 prapter
1248 1288 1471 1333 carnem
1504 1276 1649 1332 dicta
1704 1288 1833 1333 sunt
1861 1296 1876 1331 :
1912 1291 2002 1333 se-

406 1370 648 1426 cundum
683 1369 829 1425 hanc
858 1370 1007 1424 enim
1042 1368 1221 1424 factus
1250 1376 1335 1425 est
1368 1366 1689 1441 Pontifex;

1002 1456 1238 1517 CAPUT
1284 1458 1396 1515 VII.

475 1556 645 1611 Vsns.
684 1556 807 1611 1-5.
843 1553 948 1608 Hic
972 1557 1111 1608 enim
1141 1554 1513 1618 Melchisedec,
1543 1567 1638 1607 rex
1675 1552 1878 1623 Salcm,
1910 1570 2002 1608 sa-

407 1648 593 1704 cerdos
623 1646 721 1704 Dei
744 1646 966 1712 summi,
997 1647 1087 1715 qui
1139 1645 1373 1700 obriauit
1420 1645 1652 1701 Abraha.’
1697 1663 1931 1718 regresso
1967 1664 2001 1701 a

405 1741 550 1796 crede
591 1755 794 1811 regum,
818 1748 869 1794 et
901 1739 1169 1793 benedixit
1194 1739 1262 1794 ei.
1292 1738 1395 1794 Cui
1428 1748 1477 1793 et
1502 1738 1738 1795 decimas
1765 1741 1997 1795 onmium

407 1836 590 1890 diuisit
643 1832 937 1888 Abraham.
989 1830 1206 1904 Scopus
1250 1840 1336 1890 εει
1396 1834 1668 1904 apostolo,
1715 1846 2001 1890 common-

408 1942 591 1985 εει-πο
655 1928 954 1984 discrimen
1005 1926 1220 1984 Veteris
1282 1935 1336 1982 et
1385 1925 1521 1984 Novi
1595 1925 1933 1985 Testamenti
1984 1946 2001 1984 :

409 2033 573 2095 atque
609 2023 712 2078 hoc
744 2020 929 2079 statim
981 2021 1038 2077 in
1071 2020 1300 2078 exordio
1359 2020 1645 2087 indicavit,
1695 2035 1819 2077 cum
1855 2021 2003 2077 dice-

408 2127 513 2182 ret,
564 2115 818 2171 Patribus
862 2114 1074 2188 quidem
1109 2115 1317 2170 locutus
1363 2126 1439 2169 est
1475 2115 1616 2189 Deus
1659 2131 1752 2182 per
1804 2132 2000 2181 servos,

407 2208 732 2279 prophetas:
771 2208 922 2263 nobis
953 2217 1151 2274 autem,
1181 2208 1276 2278 qui
1306 2223 1502 2264 sumus
1536 2207 1591 2263 in
1617 2207 1769 2264 Novo
1808 2207 2003 2264 Testa-

411 2308 620 2366 mento,
667 2298 875 2353 locutus
925 2307 1004 2353 est
1036 2312 1127 2366 per
1168 2295 1395 2353 Filium.
1431 2296 1571 2365 Quia
1624 2312 1756 2355 vero
1802 2297 2004 2354 inﬁrmi

409 2400 570 2445 erant
606 2390 913 2457 auditores,
938 2390 1145 2460 quippe
1173 2390 1266 2459 qui
1301 2390 1565 2460 languido
1594 2400 1786 2446 essent
1816 2391 2003 2445 animo

412 2481 469 2533 in
510 2479 935 2545 tentationibus,
965 2479 1187 2534 illorum
1222 2479 1743 2550 pusillanimitatem
1778 2480 2001 2534 interim

411 2570 760 2637 retocillavit,
811 2579 868 2627 et
899 2569 1194 2641 deinceps,
1252 2586 1376 2628 cum
1444 2570 1663 2627 abunde
1717 2586 1812 2628 eos
1858 2571 2003 2628 refe—

412 2663 602 2728 cisset,
636 2678 830 2727 rursus
854 2663 923 2719 de
956 2663 1280 2720 excellentia
1332 2663 1467 2720 Novi
1504 2661 1863 2731 Testamenti,
1896 2678 2003 2733 qua

411 2754 581 2810 Vetus
604 2762 920 2826 exsuperat,
949 2755 1160 2811 inducit
1193 2771 1527 2812 sermonem.
1545 2753 1847 2813 Considera
1874 2771 2006 2813 vero

409 2844 533 2914 ejus
582 2846 932 2916 sapientiam.
971 2844 1229 2903 Ostendit
1282 2845 1670 2914 Melchisedec,
1728 2849 1823 2921 qui
1885 2856 2004 2904 erat

408 2942 575 3005 typus
625 2932 864 3005 Christi,
922 2936 1377 2993 excellentiorem
1433 2938 1749 2994 Abrahamo
1806 2937 2000 2995 fuisse.

408 3025 525 3082 Nisi
556 3027 707 3082 enim
732 3026 932 3084 fuisset
954 3028 1326 3098 praestantior.
1364 3045 1475 3085 non
1512 3029 1891 3088 benedixisset
1927 3031 1999 3097 ei,

2104 531 2235 585 τίων
2266 533 2375 586 τῶν
2410 534 2562 605 παρὰ
2600 534 2897 594 Ἰουδαίοις.
2948 535 3059 587 Kal
3111 532 3190 604 τῷ
3224 534 3447 606 τρόπῳ·
3480 534 3543 589 ού
3596 537 3707 607 γὰρ

2105 624 2249 677 κατὰ
2277 623 2377 696 τὴν
2407 624 2563 690 τάξιν
2615 625 2868 690 ἐκείνων,
2904 625 3041 679 ἀλλὰ
3072 625 3219 679 κατᾶ
3251 626 3350 695 τὴν
3375 626 3529 693 τάξιν
3556 628 3709 683 Μελ-

2102 715 2346 786 χισεδέκ.
2385 716 2494 770 Kal
2518 716 2598 769 τῶ
2628 716 2780 787 τόπῳ
2831 717 2927 770 καὶ
2972 717 3039 786 τῇ
3075 718 3284 788 σκηνῇ·
3324 717 3436 771 ἄνω
3466 717 3575 790 γὰρ
3609 719 3710 772 καὶ

2104 810 2163 863 ὲν
2188 809 2268 883 τῷ
2298 808 2536 881 οὐρανῷ.
2572 810 2684 863 Kal
2728 812 2795 881 τῇ
2850 809 3100 883 Διαθήκῃ
3130 826 3144 841 ⁸
3181 810 3280 864 ἐπὶ
3321 810 3431 883 γὰρ
3487 811 3731 883 μείζοσιΔ
3786 860 3795 867 ,

2104 905 2200 956 καὶ
2239 901 2625 973 τελειοτέροις,
2660 902 2757 956 καὶ
2804 902 2882 973 τῷ
2918 902 3136 974 μονίμῳ
3157 919 3170 933 ·
3204 900 3425 965 αἰώνιος
3454 904 3586 974 γὰρ,
3608 903 3710 957 καὶ

2103 996 2163 1048 ού
2200 997 2540 1068 πρόσκαιρος
2564 1013 2581 1028 ο
2622 997 2718 1050 καὶ
2758 995 2836 1067 τῷ
2872 996 3156 1069 προσώπῳ
3185 1010 3200 1027 ·
3226 996 3356 1062 Υἱὸς
3394 996 3503 1068 γὰρ
3539 995 3707 1052 Θεοῦ.

2109 1087 2270 1140 Ὥστε
2302 1089 2379 1160 μὴ
2410 1087 2697 1159 ἀθυμεῖτε.
2735 1088 2923 1143 Ταῦτα
2950 1088 3009 1143 δὲ
3059 1088 3241 1144 πάντα
3267 1088 3358 1144 διὰ
3394 1088 3497 1162 τὴν
3518 1090 3708 1162 σάρκα

2110 1177 2332 1249 εἴρηται
2360 1195 2374 1210 ’
2403 1178 2547 1233 κατὰ
2576 1178 2686 1251 γὰρ
2719 1177 2931 1251 ταύτην
2961 1178 3180 1249 ἐγένετο
3194 1180 3240 1213 ’⁸
3286 1179 3628 1252 Ἀρχιερεύς.

2188 1322 2239 1333 Ἇ

2720 1457 2975 1514 ΚΕΦΔΛ.
3001 1461 3076 1514 Ζ’.

2179 1543 2371 1616 Οὗτος
2412 1547 2526 1618 γὰρ
2586 1551 2620 1603 ὁ
2673 1550 3053 1620 Μελχισεδὲκ
3088 1551 3395 1621 ﬂaceidae
3465 1557 3705 1628 Σαλήμ,

2105 1643 2298 1711 Ιερεὺς
2336 1642 2442 1698 τοῦ
2492 1642 2642 1698 Θεοῦ
2699 1643 2808 1699 τοῦ
2849 1645 3143 1713 ὑψίστου,
3207 1650 3241 1701 ό
3298 1651 3705 1721 συναντήσας

2109 1735 2366 1805 ’Ἀϐραὰμ
2394 1736 2845 1806 ὑποστρέφοντι
2875 1737 2996 1793 ἀπὸ
3013 1735 3123 1806 τῆς
3148 1738 3348 1809 κοπῆς
3366 1726 3485 1796 τῶν
3517 1745 3706 1808 βασι-

2104 1825 2282 1891 λέων,
2314 1825 2413 1880 και
2457 1827 2815 1896 εὐλογήσας
2840 1828 3062 1883 αὐτόν’
3096 1818 3146 1897 ᾧ
3170 1832 3266 1885 καὶ
3302 1831 3566 1902 δεκάτην
3581 1836 3705 1891 ἀπὸ

2106 1918 2352 1973 πάντων
2381 1919 2672 1995 ἐμέρισεν
2705 1921 2989 1993 Ἀϐραάμ.
3033 1925 3243 1989 Σκόπος
3277 1926 3358 1998 τῷ
3414 1929 3704 2002 ἀποστόλῳ

2105 2010 2277 2074 δεῖξαι
2304 2010 2365 2064 τὸ
2396 2011 2654 2085 διάφορον
2684 2014 2782 2084 τῆς
2812 2013 3057 2080 Παλαιᾶς
3082 2018 3177 2071 καὶ
3210 2018 3307 2089 τῆς
3338 2019 3544 2092 Καινῆς
3567 2035 3580 2049 ·
3604 2025 3702 2075 καὶ

2102 2103 2265 2157 τοῦτο
2293 2104 2455 2167 εὐθὺς
2480 2105 2577 2175 μὲν
2607 2105 2706 2159 καὶ
2739 2108 2799 2160 ἐν
2840 2109 3153 2179 προοιμίοις
3186 2112 3233 2143 ⁹⁹
3266 2111 3470 2179 ἔδειξεν
3501 2115 3701 2178 εἰπὼν,

2103 2197 2187 2249 ὅτι
2227 2195 2352 2263 Τοῖς
2375 2197 2495 2265 μὲν
2526 2196 2718 2252 πάλαι
2761 2198 3034 2269 ὡμίλησε
3080 2201 3181 2255 διὰ
3220 2202 3341 2257 τῶν
3384 2203 3622 2260 δούλων
3667 2212 3705 2263 ὀ

2107 2288 2270 2353 Θεὸς,
2298 2287 2418 2342 τῶν
2475 2289 2828 2358 προφητῶν·
2863 2290 3010 2361 ἡμῖν
3038 2292 3109 2346 δὲ
3148 2296 3263 2358 τοῖς
3311 2298 3368 2348 ἐν
3400 2299 3467 2366 τῇ
3499 2298 3700 2368 Καινῇ,
3764 2288 3785 2299 “

2104 2380 2280 2446 ἐντῷ
2328 2379 2460 2447 Υἱῷ.
2516 2381 2674 2435 Ἐπεὶ
2718 2382 2774 2437 δὲ
2825 2382 3073 2447 ἀσθενεῖς
3100 2379 3243 2454 ἦσαν
3289 2388 3338 2441 οἱ
3385 2388 3699 2450 ἀκούοντες,

2108 2472 2202 2525 ἅτε
2230 2472 2736 2543 ὀλιγοψυχήσαντες
2763 2475 2821 2527 ὲν
2854 2477 2970 2538 τοῖς
2994 2463 3346 2547 πειρασμοῖς,
3366 2479 3711 2549 ἀνεκτήσατο

2106 2565 2292 2619 αὐτῶν
2324 2565 2425 2638 τὴν
2456 2565 2817 2638 ὀλιγοψυχίαν
2864 2570 2923 2621 ἐν
2976 2569 3054 2639 τῷ
3105 2570 3470 2640 μεταξὺ,σκαὶ
3515 2571 3704 2628 λοιπὸν

2111 2658 2249 2728 μετὰ
2279 2656 2340 2711 τὺ
2392 2657 2593 2722 ἱκανῶς
2641 2660 2843 2723 αὐτοὺς
2894 2661 3337 2733 ἀνακτήσασθαι,
3397 2664 3560 2720 πάλιν
3608 2665 3705 2721 τδν

2107 2752 2235 2822 περὶ
2257 2748 2353 2804 τοῦ
2395 2751 2688 2823 ὑπερέχειν
2714 2752 2816 2823 τὴν
2844 2752 3055 2826 Καινὴν
3082 2754 3181 2825 τῆς
3215 2755 3461 2820 Halani;
3489 2757 3704 2825 εἰσάγει

2106 2838 2289 2908 λόγον.
2322 2843 2433 2895 Καὶ
2463 2842 2566 2913 ὅρα
2593 2842 2811 2912 σοφίαν.
2838 2844 3095 2899 Δεῐκνυσι
3126 2845 3219 2900 τὸν
3249 2847 3614 2919 Μελχισεδὲκ,
3644 2849 3707 2914 ὃς

2105 2933 2277 2998 τύπος
2311 2929 2380 3006 ἦν
2409 2934 2502 2988 τοῦ
2564 2935 2827 3007 Χριστοῦ,
2876 2937 3217 3010 ὑπερέχοντα
3262 2939 3358 2993 τοῦ
3424 2940 3701 3011 Ἀϐραάμ.

2106 3029 2170 3083 Ei
2232 3030 2308 3100 μὴ
2366 3028 2477 3101 γὰρ
2513 3028 2830 3101 ὑπερεῖχεν,
2878 3031 2979 3107 οὐκ
3013 3030 3081 3086 ἂν
3130 3032 3347 3101 εὐλόγει
3389 3032 3572 3099 αὑτὸν,
3611 3036 3707 3088 καὶ

410 3134 515 3175 nec
560 3119 809 3176 decimas
849 3119 921 3176 ab
963 3133 1030 3174 eo
1082 3121 1413 3191 accepisset.
1445 3119 1719 3187 Quoniam
1762 3136 1892 3178 vero
1930 3122 2002 3179 ab

2106 3123 2340 3188 δεκάτας
2400 3122 2498 3177 ἀπ’
2556 3122 2725 3177 αὐτοῦ
2786 3123 3118 3195 ἐλάμϐανεν.
3156 3125 3313 3181 Ἐπεὶ
3368 3126 3427 3182 δὲ
3472 3127 3581 3181 ἀπὸ
3609 3128 3706 3183 τοῦ

409 3212 723 3269 Abrahamo
782 3211 1202 3268 deducebantur
1258 3212 1579 3270 sacerdotes
1638 3214 1798 3286 legis,
1862 3216 2000 3271 istos

409 3319 634 3375 quoque
675 3303 1039 3360 Melchisedec
1095 3304 1385 3375 praecellit,
1418 3313 1700 3377 quatenus
1757 3306 1897 3378 ipsis
1946 3316 2003 3363 ct

412 3396 711 3462 benedixit,
738 3410 803 3451 ac
832 3396 1083 3452 decimas
1108 3398 1177 3452 ab
1206 3398 1341 3468 ipsis
1377 3397 1611 3468 accepit,
1657 3400 2003 3471 quandoqui-

410 3490 537 3543 dem
560 3498 614 3544 et
646 3486 982 3558 progenitori
1014 3502 1207 3543 eorum
1246 3488 1608 3554 benedixerit,
1652 3503 1717 3545 ac
1756 3485 2000 3547 decimas

412 3578 733 3652 sumpserit.
755 3577 912 3646 Quod
953 3582 1000 3634 si
1032 3578 1206 3651 ﬁgura
1245 3579 1453 3635 Christi
1474 3580 1843 3637 Melchisech
1877 3595 1999 3639 tan-

412 3684 559 3743 tum,
596 3673 815 3729 excellit
875 3672 1192 3730 sacerdotes
1227 3673 1384 3745 legis,
1427 3683 1637 3746 quanto
1686 3678 1871 3749 petius
1905 3694 1999 3735 ve-

409 3783 509 3824 rus
550 3766 912 3823 Melchisedec
949 3765 1249 3825 Christus?
1292 3767 1420 3825 Haec
1462 3771 1682 3839 quidem
1738 3779 1823 3827 est
1870 3786 2000 3828 sen-

413 3863 581 3916 tentia
615 3861 784 3916 totius
829 3859 957 3919 loci.
1003 3860 1350 3917 Abbrevians
1400 3871 1584 3919 autem
1626 3865 2002 3919 narrationem

412 3954 480 4005 de
524 3950 924 4019 Melchisedec,
971 3950 1251 4007 subinfert
1297 3954 1846 4024 contemplationem,
1888 3971 2005 4028 my-

412 4044 550 4098 stice
571 4052 626 4097 et
645 4044 1009 4114 spiritualiter
1036 4043 1324 4100 historiam
1359 4047 1427 4099 ad
1461 4046 1780 4117 allegoriam
1808 4053 1996 4104 trans-

414 4132 619 4186 ferens.

492 4223 731 4277 Primum
793 4223 1005 4294 quidem
1066 4239 1132 4278 ea:
1169 4224 1604 4296 interpretatione
1651 4226 1851 4284 dicitur
1910 4245 2009 4284 rex

406 4317 657 4387 justitiw.
709 4315 965 4371 Declarat
1012 4316 1114 4371 hoc
1159 4317 1282 4372 loco
1333 4334 1575 4389 quanam
1620 4321 1834 4378 ratione
1874 4321 2008 4376 Mel-

415 4409 667 4465 chisedec
698 4409 771 4464 sit
790 4406 960 4479 ﬁgura
1002 4406 1211 4465 Christi
1239 4426 1253 4464 :
1278 4425 1363 4466 'ac
1392 4410 1633 4482 primum
1678 4414 1901 4484 quidem
1937 4414 2007 4469 ab

2117 3211 2373 3285 Ἀϐραὰμ
2403 3215 2706 3286 κατήγοντο
2732 3215 2782 3269 οι
2846 3217 3066 3285 νομικοὶ⁵
3091 3216 3282 3287 ἱερεῖς,
3328 3216 3574 3287 δηλονότι
3606 3220 3706 3272 καὶ

2102 3306 2308 3362 τούτων
2329 3307 2587 3378 ὑπερέχει
2610 3308 2639 3361 6
2690 3306 3054 3379 Μελχισεδὲκ,
3080 3307 3154 3373 ὡς
3186 3307 3284 3363 καὶ
3329 3310 3529 3373 αὐτοὺς
3551 3308 3708 3363 εύλο-

2104 3389 2219 3458 γῶν
2277 3392 2373 3445 καὶ
2431 3394 2808 3460 ἀπώεκατῶν,
2845 3398 2903 3448 ἐν
2927 3389 3011 3460 οἷς
3039 3395 3128 3449 τὸν
3162 3397 3487 3468 προπάτορα
3520 3398 3704 3453 αὐτῶν

2105 3483 2318 3554 εὐλόγει
2346 3486 2440 3538 καὶ
2469 3486 2749 3541 ὲδεκὰτου.
2792 3488 2855 3541 Εἰ
2895 3488 2951 3542 δὲ
2983 3488 3012 3541 6
3072 3489 3244 3554 τύπος
3286 3489 3385 3544 τοῦ
3414 3490 3654 3563 Χριστοῦ
3680 3495 3709 3544 6
3806 3532 3813 3537 .

2106 3575 2446 3646 Μελχισεδὲκ
2471 3578 2728 3633 τοσοῦτον
2768 3579 3018 3651 διαφέρει
3049 3580 3159 3635 τῶν
3205 3580 3449 3653 νομικῶν
3486 3583 3705 3653 ἱερέων,

2109 3668 2264 3737 πόσῳ
2299 3669 2502 3740 μᾶλλον
2532 3670 2562 3724 6
2593 3670 2858 3741 ἀληθινὸς.
2880 3672 3216 3744 Μελχισεδὲκ
3245 3675 3274 3727 ὁ
3305 3674 3540 3744 Χριστός
3566 3671 3710 3737 ;Οὗο

2104 3777 2198 3824 τος
2240 3761 2341 3831 μὲν
2369 3763 2397 3815 6
2425 3760 2550 3827 νοῦς
2594 3761 2744 3827 ἄπας
2777 3762 2875 3817 τοῦ
2912 3764 3141 3837 χωρίου.
3175 3765 3472 3837 Συντεμὼν
3506 3765 3565 3820 δὲ
3597 3768 3709 3819 τῶν

2106 3853 2240 3924 περὶ
2265 3853 2361 3907 τοῦ
2387 3853 2731 3926 Μελχισεδὲκ
2759 3855 3039 3928 διήγησιν,
3059 3857 3316 3929 ἐπιφέρει
3340 3858 3708 3931 τὴννθεωρίεν

2110 3947 2391 4016 μυστικῶς
2441 3946 2539 3999 καὶ
2590 3946 2987 4020 πνευματικῶς
3049 3946 3389 4020 ἁλληγορῶνι
3415 3949 3516 4020 τὴν
3565 3950 3707 4003 ἱστο-

2111 4038 2259 4110 ρίαν.

2107 4225 2129 4289 ζ
2180 4223 2425 4291 Πρῶτον
2456 4224 2576 4294 μὲν
2627 4224 3107 4315 ἑρμηνευόμενος
3144 4227 3449 4295 βασιλεὺς
3485 4230 3708 4286 δικαιο-

2108 4317 2330 4385 σύνης.
2365 4317 2660 4372 Δείκνυσιν
2688 4317 2927 4373 ἐνταῦθα
2973 4318 3094 4384 πῶς
3123 4322 3151 4376 6
3180 4322 3517 4393 Μελχισεδὲκ
3538 4326 3710 4390 τύπος

2109 4406 2204 4461 τοῦ
2239 4408 2502 4479 Χριστοῦ.
2540 4409 2649 4462 Καὶ
2673 4410 2891 4481 πρῶτον
2923 4411 3020 4465 ἀπ’
3048 4413 3239 4479 αὐτοῦ,
3271 4417 3430 4486 φησί,
3463 4416 3556 4470 τοῦ
3582 4417 3706 4475 6V5-

415 4506 538 4573 ipso
566 4502 789 4557 nomine
814 4501 967 4558 disce
996 4511 1247 4557 exactam
1280 4504 1578 4560 rationem.
1606 4504 1801 4561 Melchi
1830 4506 2002 4573 enim,

2114 4517 2283 4571 ματος
2317 4501 2558 4571 μάνθανε
2588 4501 2687 4573 τὴν
2708 4502 3024 4573 ἀκρίϐειαν.
3042 4503 3220 4576 Μελχὶ
3244 4506 3345 4577 μὲν
3369 4510 3501 4580 γὰρ,
3515 4510 3706 4573 ,βασι-

417 4614 545 4660 rex;
590 4596 765 4652 Sedcc
793 4594 1073 4667 justitiam
1110 4597 1275 4652 valet.
1313 4596 1453 4664 Quis
1491 4608 1674 4654 autem
1735 4599 1880 4655 alius
1925 4608 2005 4656 est

2108 4594 2260 4658 λεύς
2277 4610 2291 4624 ·
2319 4592 2484 4648 Σεδὲκ
2506 4594 2585 4660 δὲ,
2618 4595 3001 4664 δικαιοσύνη.
3020 4597 3117 4662 Τίς
3128 4596 3185 4652 δὲ
3208 4598 3370 4663 ἄλλος
3403 4601 3657 4671 βασιλεὺς
3683 4606 3700 4634 ¹

418 4705 510 4743 rrx
531 4689 783 4757 justitiat,
818 4694 1018 4756 praeter
1042 4685 1333 4743 Dominum
1358 4696 1611 4745 nostrum
1637 4688 1826 4746 Iesum
1852 4691 2009 4748 Chri-

418 4779 609 4836 stunt?

484 4873 689 4928 Deinde
732 4879 908 4927 autem
947 4880 998 4927 et
1043 4886 1135 4926 rex
1179 4869 1380 4938 Sciens,
1419 4873 1560 4943 quod
1587 4882 1666 4928 est
1697 4889 1792 4929 rex
1831 4876 2002 4944 pacis.

417 4970 498 5024 Ab
530 4967 684 5022 urbis
710 4964 955 5032 nomine,
995 4962 1197 5036 inquit,
1225 4964 1280 5020 id
1313 4965 1477 5021 etiam
1508 4965 1735 5036 planum
1767 4976 1871 5023 est.
1899 4969 2004 5023 Sa-

419 5064 522 5111 lcm
563 5056 709 5113 enim
745 5069 930 5124 pacem
959 5053 1123 5118 valet,
1146 5054 1193 5109 si
1223 5055 1628 5124 interpreteris.
1656 5054 1793 5123 Quis
1817 5065 2004 5114 autem

411 5148 581 5221 692
618 5148 763 5202 alius
832 5146 986 5216 pacis
1044 5161 1136 5202 rex
1189 5154 1278 5203 est
1317 5156 1516 5216 praeter
1552 5145 1859 5216 Christum,
1914 5152 2008 5222 qni

418 5239 726 5312 plantavit
755 5252 819 5295 ea
844 5252 966 5310 quae
994 5247 1125 5294 sunt
1160 5239 1213 5291 in
1259 5237 1440 5304 castis,
1469 5246 1525 5294 et
1546 5254 1669 5309 quae
1699 5254 1871 5312 super
1898 5253 2010 5298 ter-

420 5332 579 5387 iam?
612 5329 755 5387 Nulli
798 5331 1117 5387 mortalium
1169 5331 1699 5401 ronvenit,justiti:e
1742 5334 2010 5406 pacisque

420 5440 543 5479 csse
578 5439 779 5495 regem,
817 5434 1178 5496 praeterquam
1204 5423 1296 5477 uni
1329 5422 1576 5481 Christo.

411 5575 416 5589 ,
471 5523 663 5584 ,Vsns.
691 5523 747 5580 ὅ.
778 5522 902 5579 Sine
942 5532 1113 5594 patre,
1138 5520 1254 5576 sine
1285 5526 1477 5588 matre,
1518 5522 1632 5577 sine
1673 5523 2004 5595 genealogia.

2108 4684 2483 4757 δικαιοσύνης,
2509 4685 2626 4741 ἀλλ’
2657 4686 2691 4757 ἢ
2715 4686 2744 4740 6
2770 4688 2976 4759 Κύριος
3002 4688 3161 4760 ἡμῶν
3198 4689 3407 4761 Ἰησοῦς
3431 4693 3705 4763 Χριστός;

2185 4883 2432 4939 Ἔπειτα
2468 4882 2538 4938 δὲ
2571 4883 2668 4939 καὶ
2702 4884 3008 4953 ,βασιλεὺς
3035 4888 3277 4960 Σαλήμο
3310 4890 3343 4943 ὃ
3373 4891 3507 4946 ἐστι
3529 4893 3710 4957 ,βασι-

2111 4976 2262 5042 λεὺς
2288 4975 2553 5044 εἰρήνης.
2611 4977 2723 5031 Kal
2776 4978 2887 5032 ἀπὸ
2935 4978 3037 5050 τῆς
3070 4980 3303 5046 πόλεως,
3349 4984 3507 5052 φησὶ,
3548 4982 3710 5039 τοῦτο

2114 5067 2296 5137 δῆλον.
2334 5068 2528 5140 Σαλὴμ
2560 5069 2668 5141 γὰρ
2694 5070 3062 5143 ἑρμηνεύεται
3088 5072 3308 5145 εἰρήνη.
3339 5075 3437 5139 Τίς
3456 5075 3514 5129 δὲ
3545 5075 3708 5139 ἄλλος

2082 5148 2086 5169 ἵ
2120 5157 2371 5230 βασιλεὺς
2410 5159 2640 5233 εἰρήνης
2689 5161 2723 5233 ἦ
2755 5164 2785 5216 ὀ
2816 5163 3077 5235 Χριστὸς,
3124 5166 3154 5219 6
3187 5167 3610 5238 εἰρηνοποιήσας
3639 5168 3709 5223 τὰ

2117 5252 2177 5306 ὲν
2205 5253 2319 5315 τοῖς
2351 5252 2605 5323 οὐρανοῖς
2634 5254 2729 5307 καὶ
2770 5254 2842 5308 τὰ
2870 5256 2966 5308 ἐπὶ
2998 5256 3098 5328 τῆς
3121 5257 3264 5329 γῆς;
3292 5258 3483 5314 Οὐδενὶ
3495 5258 3711 5331 ἀνθρώ-

2118 5362 2236 5398 πων
2254 5345 2496 5416 ’ἀρμόξει
2522 5345 2605 5411 τὸ,
2635 5347 2736 5417 τῆς
2764 5347 3117 5421 δικαιοσύνης
3152 5351 3247 5405 καὶ
3291 5353 3517 5426 εἰρήνης
3544 5352 3707 5425 βασι-

2115 5437 2243 5501 λεὺς
2289 5439 2331 5503 ί,
2363 5440 2413 5491 εἰ
2441 5438 2516 5511 μὴ
2541 5439 2690 5511 μόνῳ
2717 5441 2962 5515 Χριστῷ.

2191 5527 2483 5600 Ἀπᾶτωρ,
2532 5530 2797 5603 ἀμήτωρ,
2843 5534 3341 5610 ἀγενεαλόγητος.
3378 5537 3564 5610 Ἔχεις
3609 5537 3710 5593 καὶ

1778 5702 1987 5770 Variae
2033 5708 2379 5776 lectiones.

495 5809 542 5845 ⁸⁸
574 5807 796 5880 γέγονεν
822 5825 875 5865 ο.
952 5813 1089 5884 θῆὲκ
1128 5810 1433 5881 προοιμίων
1466 5826 1520 5867 o.
1604 5811 1618 5843 ⁸
1648 5804 1791 5867 εἶναι
1821 5809 2050 5883 βασιλέα
2082 5827 2137 5869 0.
