4080 6472
372 491 479 556 $3

1128 487 1536 553 EXPOSITIO
1572 486 1658 550 IN
1697 486 1938 548 EPIST.
1979 486 2080 546 AD
2107 483 2498 546 HEBREOS.
2534 482 2777 542 -C:\P.
2816 480 2953 544 VII.

3543 482 3652 547 2m
3687 560 3693 567 ,

377 602 570 673 ἑτέραν
593 590 921 670 ὁμοιότητα.
944 600 1162 674 ’Ὠσπερ
1189 602 1299 675 γὰρ
1322 604 1351 657 ό
1370 601 1712 674 Μελχισεδὲκ
1744 601 1975 672 ἀπάτωρ

2086 599 2258 654 Aliam
2271 597 2359 653 hic
2376 594 2794 652 similitudinem
2811 595 2999 650 habes.
3027 592 3498 661 Quemadmodum
3515 598 3661 655 enim

378 694 497 748 ἐστὶ
516 691 613 746 καὶ
632 689 901 761 ἀμήτωρ,
929 690 1032 763 οὐχ
1049 691 1132 745 ὅτι
1159 692 1261 745 οὐκ
1288 685 1404 762 εἷχε
1438 688 1703 762 πατέραή
1737 686 1973 759 μητέρα,

377 777 495 854 εἶχε
526 779 638 851 γὰρ
660 780 760 835 καὶ
794 762 1090 847 αύτδςςώς
1119 762 1201 846 εἷς
1230 781 1341 836 τῶν
1382 782 1713 853 ἀνθρώπων,
1738 779 1855 833 ἀλλ’
1893 778 1977 832 ὅτι

376 876 482 928 οὐκ
512 870 920 944 εγενεαλογήθη
963 870 1113 945 παρὰ
1137 876 1204 945 τῇ
1260 874 1477 945 Γραφῇ,
1498 872 1621 926 οὐδὲ
1652 870 1976 943 ἐμφαίνεται

376 966 555 1035 ὃνομα
576 962 688 1019 τῶν
725 963 928 1033 γονέων
954 960 1120 1017 αὐτοῦ
1152 979 1168 999 ⁶
1196 962 1341 1017 οὕτω
1384 963 1479 1017 καὶ
1510 963 1539 1015 ὁ
1567 961 1802 1033 Χριστὸς
1833 961 1976 1016 ἀπά-

377 1073 500 1129 τωρ
524 1055 643 1109 ιστὶ
668 1053 815 1109 κατὰ
843 1054 948 1123 τὴν
997 1053 1152 1109 κάτω
1179 1053 1437 1125 γέννησιν
1458 1067 1471 1081 ·
1529 1052 1594 1106 ἐκ
1644 1053 1812 1124 μόνης
1867 1050 1977 1121 γὰρ

378 1144 791 1217 τῆςῐῐαρθὲνου
842 1143 1067 1215 Μαρίας
1121 1142 1388 1215 ἐγεννήθη
1421 1142 1487 1196 τὸ
1543 1138 1689 1198 κατά
1748 1141 1930 1213 σάρκα
1958 1156 1973 1172 ο

380 1239 615 1310 ἀμήτωρ
646 1236 707 1291 δὲ
736 1235 882 1292 κατὰ
920 1234 1021 1298 τὴν
1065 1230 1178 1290 ἄνω
1206 1235 1462 1308 γέννησιν
1493 1250 1507 1266 ·
1552 1236 1619 1289 ἐκ
1660 1235 1844 1306 μόνον⁴
1867 1232 1977 1305 γὰρ

387 1328 482 1383 τοῦ
508 1327 727 1398 nam;
781 1324 890 1397 πρὸ
947 1326 1169 1381 πάντων
1197 1325 1308 1380 τῶν
1341 1323 1560 1381 αἰώνων
1595 1325 1853 1398 ἀρρήτως
1882 1325 1978 1378 καὶ

386 1423 758 1492 ἀνεπινοήτως
786 1425 1139 1492 γεγέννηται.
1184 1419 1349 1477 Ἀλλά
1396 1418 1493 1473 καὶ
1518 1417 1972 1487 ἀγενεαλόγητος.

386 1511 510 1580 τὴν
532 1513 646 1583 γὰρ
668 1517 886 1583 γενεὰν
912 1510 1103 1568 αὐτοῦ
1135 1510 1229 1579 τις
1248 1509 1641 1583 διηγήσεως
1688 1509 1844 1562 Ἐπεὶ
1882 1508 1978 1564 καὶ

377 1604 549 1660 div»
577 1604 853 1677 γεννήσας
899 1605 1116 1677 Πατὴρ,
1147 1604 1578 1676 ἀνερμήνευτος,
1613 1603 1710 1657 καὶ
1764 1601 1925 1666 αὐτὸς
1949 1602 1978 1655 ό

379 1698 587 1768 τρόπος
618 1697 722 1767 τῆς
746 1698 1082 1768 γεννήσεως.
1138 1686 1253 1752 Καὶ
1297 1696 1332 1767 ή
1371 1695 1525 1751 κάτω
1575 1695 1633 1749 δὲ
1663 1695 1978 1766 γεννήσασα

376 1790 597 1862 μήτηρ,
620 1789 766 1861 λόγῳ
790 1786 901 1861 οὐχ’
922 1788 1248 1854 ὑποπίπτει,
1282 1788 1425 1843 κατά
1447 1805 1512 1857 γε
1534 1786 1626 1842 τδν
1647 1789 1849 1860 τρόπον
1876 1786 1980 1855 τῆς

378 1882 719 1952 γεννήσεως,
749 1874 884 1946 οἷον,
912 1881 1035 1945 πῶς
1083 1881 1343 1951 εγέννησε
1372 1878 1664 1952 παρθένος,
1707 1878 1823 1943 πῶς
1848 1879 1975 1934 ἄνευ

2078 688 2441 747 Melchisedec
2470 688 2590 745 sine
2610 694 2763 758 patre
2801 697 2885 744 est
2915 695 2968 743 et
2999 686 3119 742 sine
3147 693 3339 755 matre,
3367 702 3476 743 non
3517 691 3661 759 quod

2078 795 2189 836 non
2220 779 2475 836 habuerit
2518 787 2727 850 patrem
2778 789 2872 834 aut
2920 787 3172 844 matrem,
3226 780 3460 837 habebat
3510 781 3659 837 enim

2080 868 2219 939 ipse,
2252 868 2327 923 uti
2356 867 2668 924 mortalium
2701 882 2869 936 unus,
2896 868 2993 923 sed
3030 869 3158 940 quia
3187 872 3504 941 genealogia
3538 871 3661 940 ejus

2079 974 2185 1015 non
2215 946 2397 1015 exstat
2438 959 2494 1013 in
2529 957 2832 1030 Scriptura,
2866 975 3043 1031 neque
3100 970 3384 1032 parentum
3418 962 3538 1033 ejus
3577 979 3667 1018 no-

2079 1065 2204 1107 men
2233 1058 2462 1121 apparet
2495 1065 2512 1105 :
2541 1050 2687 1106 hunc
2710 1050 2777 1107 ad
2795 1053 3015 1108 modum
3044 1052 3333 1110 :Christus
3376 1053 3495 1111 sine
3510 1065 3668 1127 patre

2077 1146 2163 1197 est
2192 1139 2497 1196 secundum
2556 1138 2875 1201 inferiorem
2923 1144 3377 1211 generationem:
3418 1160 3483 1202 ex
3548 1146 3666 1202 sola

2078 1248 2319 1306 namque
2355 1231 2579 1305 Virgine
2631 1233 2797 1291 Maria
2858 1234 3076 1306 genitus
3126 1246 3234 1304 est,
3287 1245 3563 1308 quatenus
3598 1240 3669 1294 ad

2079 1338 2302 1380 carnem
2330 1326 2568 1380 attinet:
2606 1324 2726 1381 sine
2766 1334 2942 1381 matre
2991 1338 3174 1382 autem
3226 1338 3308 1384 cst
3360 1330 3664 1386 secundum

2080 1430 2373 1487 supernam
2424 1416 2808 1473 nativitatem:
2854 1432 2922 1473 ex
2956 1418 3076 1476 solo
3123 1420 3270 1475 enim
3326 1419 3487 1477 Patre
3539 1426 3668 1478 ante

2079 1508 2266 1563 omnia
2300 1506 2500 1564 saecula
2542 1507 2897 1565 ineﬂ‘ahiliter
2944 1517 3001 1564 et
3033 1509 3668 1580 incomprehensibiliter

2078 1607 2370 1670 generatus
2404 1607 2508 1654 est.
2528 1597 2795 1654 Praeterea
2817 1600 3132 1670 genealogia
3151 1604 3314 1656 etiam
3334 1610 3508 1658 vacat.
3529 1604 3665 1658 Nam

2078 1692 2466 1761 generationem
2512 1690 2626 1761 ejus
2669 1692 2788 1761 quis
2830 1692 3148 1748 enarrabit?
3207 1692 3665 1766 Quandoquidem

2078 1792 2132 1838 ct
2162 1784 2254 1854 qui
2285 1797 2524 1855 superne
2570 1784 2627 1839 in
2651 1784 2808 1839 cmlis
2830 1785 3019 1855 genuit
3042 1801 3166 1840 eum
3189 1784 3370 1853 Pater,
3406 1790 3472 1844 sit
3500 1790 3664 1845 etiam

2082 1877 2511 1948 inexplicabilis,
2543 1883 2709 1947 atque
2737 1876 2874 1933 adeo
2905 1877 3018 1944 ipse
3044 1878 3241 1933 modus
3270 1880 3664 1950 generationis.

376 1974 618 2037 ὠδίνων,
648 1973 746 2027 καὶ
793 1972 864 2028 τὰ
890 1972 1140 2027 τοιαῦτα.
1198 1970 1257 2026 '0
1290 1973 1395 2043 μὲν
1426 1970 1522 2026 οὖν
1563 1971 1801 2043 Χριστὸς
1844 1971 1977 2041 ἀλη-

2086 1969 2252 2024 Porro
2290 1975 2346 2024 et
2371 1984 2495 2040 qua:
2527 1966 2739 2024 inferne
2789 1968 2845 2023 in
2883 1968 3045 2024 terris
3085 1982 3211 2023 cum
3242 1971 3455 2041 peperit
3492 1980 3668 2030 mater

381 2066 497 2131 ea»;
523 2066 621 2120 καὶ
646 2065 882 2138 ἀμήτωρ
904 2066 1000 2119 καὶ
1030 2066 1261 2135 ἀπάτωρ
1276 2065 1446 2119 ἐστίν.
1462 2062 1522 2119 '0
1546 2063 1603 2118 δὲ
1638 2063 1976 2135 Μελχισεδὲκ

378 2157 621 2228 ἀπάτωρ
655 2160 752 2211 καὶ
781 2158 1040 2231 ἀμήτωρ,
1074 2155 1178 2209 οὐκ
1223 2154 1474 2227 ἀληθῶς·
1526 2154 1844 2210 ἀνένδεκτόν
1867 2154 1976 2226 γὰρ

378 2248 579 2303 τοῦτο·
608 2247 747 2303 ἀλλά
771 2247 851 2319 τῷ
873 2249 949 2320 μή
980 2247 1319 2320 ὲμςρέρεσοαι
1348 2248 1414 2318 τῇ
1441 2245 1634 2319 Γραφῇ
1651 2248 1778 2310 τοὺς
1807 2246 1973 2302 αὑτοῦ

378 2342 586 2410 γονεῖς,
621 2338 765 2394 ὥστε
796 2340 879 2404 τὸ,
919 2339 1419 2412 ἀγενεαλόγητος,
1484 2337 1678 2411 ὥσπερ
1726 2339 1975 2409 ὲιρερμηο

382 2432 638 2486 vsustde
664 2434 785 2485 ἐστι
814 2429 935 2500 τοῦ,
971 2430 1216 2500 ἀπάτωρ
1252 2430 1353 2486 και
1398 2428 1858 2500 ἀμήτωροοῑονεὶ
1889 2429 1977 2482 λέ-

381 2542 579 2594 γοντος
595 2523 692 2579 τοῦ
734 2523 1066 2579 ’Δποστόλου
1085 2538 1099 2552 ·
1129 2520 1319 2587 Οὕτως
1345 2518 1500 2576 εἶπον
1522 2521 1614 2577 τὸν
1641 2519 1976 2590 Μελχισεδὲκ

380 2617 642 2688 ἀπάτορα
663 2617 759 2670 καὶ
794 2617 1070 2687 ἀμήτορα,
1092 2614 1168 2680 th;
1180 2614 1636 2686 ἀγενεαλόγητον,
1664 2612 1758 2667 καὶ
1791 2609 1867 2674 ώς
1897 2608 1974 2681 μὴ

386 2706 864 2779 μνημονευθείσης
891 2706 991 2775 τῆς
1018 2705 1214 2775 γενεᾶς
1272 2703 1437 2759 αὐτοῦ
1472 2703 1622 2775 παρὰ
1654 2706 1720 2775 τῇ
1752 2702 1970 2774 Γραφῇ.

2083 2060 2186 2116 sub
2218 2060 2486 2115 rationem
2518 2075 2627 2116 non
2651 2059 2799 2115 cadit
2833 2058 3137 2115 secundum
3170 2061 3394 2116 modum
3432 2076 3665 2134 genera-

2083 2153 2273 2220 tionis,
2316 2152 2578 2209 nimirum
2620 2152 2898 2224 quomodo
2935 2152 3091 2223 virgo
3126 2154 3354 2225 peperit,
3389 2157 3669 2226 quomodo

2082 2244 2203 2298 sine
2249 2242 2550 2309 doloribus,
2590 2257 2656 2297 ac
2711 2241 2933 2300 similia.
2970 2242 3225 2299 Christus
3269 2246 3437 2317 igitur
3474 2262 3667 2304 revera

2084 2333 2205 2387 sine
2243 2343 2396 2402 patre
2433 2346 2498 2388 ac
2537 2332 2656 2388 sine
2686 2340 2861 2388 matre
2890 2343 3008 2390 est:
3044 2333 3405 2392 Melchisedec
3447 2353 3576 2394 vero
3611 2350 3668 2396 et

2081 2424 2200 2480 sine
2241 2432 2396 2495 patre
2437 2431 2493 2479 ει
2516 2423 2638 2480 sine
2695 2435 2871 2480 matre
2896 2465 2914 2490 ,
2958 2438 3066 2479 non
3111 2440 3299 2481 revera
3334 2427 3475 2495 tileri
3516 2430 3664 2483 enim

2080 2515 2184 2571 hoc
2207 2531 2314 2570 non
2337 2515 2563 2587 potest),
2589 2515 2685 2571 sed
2713 2526 2979 2585 quatenus
3009 2527 3264 2587 parentes
3286 2517 3407 2588 eius
3434 2521 3485 2574 in
3515 2517 3667 2575 Scri-

2080 2620 2236 2677 ptura
2272 2622 2379 2662 non
2415 2608 2823 2678 exprimuntur.
2876 2607 3060 2674 Quare
3095 2610 3242 2679 quod
3288 2611 3401 2665 ait:
3432 2611 3547 2667 sine
3574 2628 3669 2683 ge-

2076 2699 2344 2771 nealogia,
2378 2696 2542 2756 veluti
2567 2701 2957 2768 interpretatur
2986 2701 3119 2770 quid
3150 2704 3243 2769 sit,
3295 2704 3408 2758 sine
3432 2713 3584 2773 patre
3600 2720 3670 2759 ac

382 2803 498 2856 sine
528 2809 721 2866 matre,
750 2799 979 2871 perinde
1017 2798 1174 2868 quasi
1203 2797 1499 2868 Apostolus
1534 2796 1776 2854 diceret:
1802 2795 1953 2851 lianc
1979 2795 2046 2851 ad
2066 2796 2335 2850 rationem
2360 2794 2472 2849 dixi
2499 2793 2864 2850 Melchisedec
2913 2802 3069 2881 patre
3125 2808 3189 2851 ac
3242 2804 3418 2853 matre
3471 2814 3669 2855 vacare

387 2894 537 2963 quod
573 2893 892 2967 genealogia
933 2893 1055 2963 ejus
1082 2892 1137 2947 in
1166 2889 1455 2962 Scriptura
1483 2905 1591 2946 non
1627 2892 1990 2962 exprimatur,
2019 2905 2122 2947 nec
2152 2888 2359 2945 mentio
2387 2888 2608 2959 generis
2632 2888 2756 2956 ejus
2796 2888 2850 2943 in
2884 2887 3171 2959 Scriptura
3204 2887 3317 2943 liat.

454 2984 625 3051 Πήτε
652 2982 855 3053 ἀρχὴν·
884 2981 1143 3053 ἡμερῶν,
1199 2981 1353 3054 μήτε
1377 2981 1531 3052 ζωῆς
1575 2981 1753 3050 τέλος
1779 2983 1937 3053 ἔχων
1958 3000 1972 3014 ’

380 3074 848 3150 ἀφωμοιωμένος
869 3073 943 3129 δὲ
976 3072 1059 3141 τῷ
1094 3072 1206 3141 Υιῷ
1225 3074 1334 3131 τοῦ
1364 3075 1538 3139 Θεοῦ,
1573 3074 1745 3146 μένει
1786 3074 1980 3144 ἱερεὺς

379 3171 476 3239 εις
511 3168 581 3224 τὸ
605 3166 909 3237 διηνεκές.
961 3168 1075 3222 Καὶ
1115 3166 1275 3222 τοῦτο
1323 3166 1471 3221 οὕτω
1527 3167 1744 3239 νοήσεις
1776 3166 1852 3231 ὼς
1886 3168 1983 3221 καὶ

385 3258 457 3313 τά
516 3256 926 3330 προειρημένα.
967 3256 1060 3321 Ὠς
1112 3256 1214 3327 μὲν
1260 3255 1372 3329 γὰρ
1427 3256 1737 3329 ἄνθρωπος,
1778 3252 1925 3328 εῖχεν
1955 3256 1984 3309 ό

384 3350 733 3423 Μελχισεδὲκ
791 3349 1013 3413 πάντως
1069 3353 1166 3403 καὶ
1203 3348 1385 3421 ἀρχὴν
1415 3349 1664 3421 ήμερῶν,
1701 3350 1795 3404 καὶ
1832 3349 1985 3412 τέλος

383 3443 538 3513 ζωῆς
569 3460 587 3476 ο
619 3441 766 3513 πλὴν
788 3441 926 3496 καθὸ
969 3443 1132 3513 ήμείς
1187 3441 1288 3495 οὐκ
1322 3439 1483 3512 ῐσμεν
1518 3439 1643 3497 οὔτε
1665 3440 1796 3495 πότε
1831 3442 1987 3510 ὲγεν-

387 3534 552 3606 νήθη,
590 3530 724 3587 οὔτε
756 3533 887 3587 πότε
918 3530 1296 3604 ἐτελεύτησεν,
1323 3531 1400 3597 ώς
1426 3531 1566 3605 πρὸς
1594 3532 1694 3607 τὴν
1711 3532 1989 3607 ἡμετέραν

389 3626 623 3696 γνῶσιν,
648 3623 778 3680 οὒτε
799 3623 974 3699 ἀρχὴν
995 3624 1132 3699 ἔχει,
1158 3626 1285 3683 οὔτε
1321 3625 1499 3691 τέλος.
1547 3626 1608 3680 '0
1644 3625 1830 3698 μέντοι
1853 3627 1989 3697 Χρι-

394 3720 521 3782 στὸς
552 3717 799 3786 ἀληθῶς,
869 3718 968 3773 ἆτε
1028 3719 1185 3785 Θεὸς,
1211 3719 1339 3774 οὔτε
1364 3720 1541 3791 ἀρχην
1576 3717 1804 3790 ήμερῶν
1833 3718 1983 3788 ἔχει*

396 3809 635 3881 ἄναρχος
659 3808 773 3879 γὰρ
797 3810 940 3864 κατά
968 3809 1069 3881 τὴν
1100 3811 1207 3864 ἀπὸ
1249 3812 1443 3882 χρόνον
1474 3810 1671 3883 ἀρχὴν,
1697 3812 1745 3864 si
1775 3812 1868 3865 καὶ
1895 3812 1988 3865 τὸν

402 3903 620 3973 Πατέρα
647 3900 762 3972 ἔχει
789 3899 966 3972 ἀρχὴν
995 3900 1071 3965 ώς
1095 3902 1269 3956 αἴτιον
1297 3918 1311 3932 ·
1341 3901 1468 3955 οὔτε
1518 3903 1672 3966 τέλος
1703 3919 1721 3935 ο
1765 3901 1988 3955 ἀτελεύ-

360 4054 366 4061 ,
408 4008 565 4062 mw;
590 3995 699 4065 γάρ
720 4011 734 4025 ·
766 3994 828 4047 τὺ
857 3994 915 4047 δὲ
948 3992 1171 4065 σύμπαν
1193 3995 1393 4059 εἰπεῖν,
1429 3994 1622 4057 ἀΐδιος.
1668 3992 1778 4048 Ποῦ
1805 3994 1988 4048 τοίνυν

413 4084 466 4137 οι
505 4085 795 4155 Ἄρειανιίς
842 4085 1220 4142 Ἀκουέτωσαν
1281 4088 1366 4142 ὅτι
1414 4089 1443 4141 ὁ
1472 4086 1602 4152 Υἱὸς
1629 4089 1650 4120 ³
1681 4085 1857 4159 ἀρχὴν
1884 4087 1988 4141 οὐκ

404 4177 547 4248 ἔχει.
580 4176 770 4243 Οὕτως
799 4172 896 4232 οὖν
921 4178 1140 4234 δίδωσιν
1164 4180 1299 4250 ήμτν
1326 4181 1355 4234 ό
1380 4178 1595 4244 Παῦλος
1624 4178 1774 4233 λύειν
1805 4178 1826 4211 ⁸
1847 4194 1860 4210 ·
1892 4181 1989 4233 καὶ

399 4270 541 4342 ὅπερ
564 4270 634 4326 ἄν
670 4271 977 4344 ἀπορήσειέ
1036 4287 1139 4337 τις,
1185 4270 1303 4336 πῶς
1356 4270 1641 4343 όΧριστδς
1688 4271 1865 4342 ἱερεὺς
1907 4272 1988 4335 εἰς

395 4363 493 4418 τὸν
532 4362 715 4419 αἰῶνα
766 4364 911 4420 κατά
940 4363 1042 4436 τὴν
1091 4362 1247 4428 τάξιν
1296 4362 1656 4434 Μελχισεδὲκ,
1702 4364 1835 4418 ὅπου
1861 4380 1925 4433 γε
1957 4364 1987 4415 ὅ

397 4438 742 4525 “altaalta:
797 4453 1122 4526 ἐτεθνήκει,
1181 4454 1279 4508 καὶ
1327 4454 1428 4508 οὐκ
1493 4454 1715 4522 ἐγένετο
1767 4455 1847 4518 εἰς
1897 4459 1988 4508 τὸν

394 4547 576 4601 αἰῶνα
618 4546 824 4618 ἱερεύς.
859 4545 1115 4617 Λύσομεν
1139 4544 1252 4616 γὰρ
1302 4543 1574 4610 ἐντεῦθεν,
1618 4546 1776 4623 τοῦτο
1798 4545 1989 4615 λέγον-

402 4654 521 4706 τες,
558 4639 645 4692 ὅτι
673 4639 704 4691 ό
732 4638 835 4709 μὲν
864 4638 1101 4709 Χριστὸς
1130 4636 1349 4701 αἰώνιος
1377 4634 1455 4693 ὢν
1484 4638 1578 4691 καὶ
1605 4637 1985 4708 ἀτελεύτητος,

2157 2980 2342 3052 Neque
2376 2981 2589 3034 initium
2622 2980 2854 3044 dierum,
2895 2996 3057 3052 neque
3092 2981 3217 3036 vita:
3244 2982 3404 3051 ﬁnem
3431 2981 3669 3049 habens;

2084 3074 2422 3131 assimilatas
2440 3082 2617 3128 autem
2642 3071 2785 3128 Filio
2821 3072 2934 3140 Dei,
2967 3083 3145 3128 manet
3174 3074 3422 3131 sacerdos
3462 3076 3518 3130 in
3547 3092 3673 3145 per-

2081 3180 2314 3239 petuum.
2347 3165 2461 3223 Hoc
2513 3169 2678 3224 etiam
2726 3166 2957 3238 perinde
3000 3166 3298 3238 intelliges,
3335 3177 3396 3223 ut
3443 3178 3673 3239 prsente.

2088 3267 2318 3314 morata.
2337 3258 2621 3325 Quatenus
2641 3259 2786 3314 enim
2811 3258 2979 3314 homo
3000 3268 3143 3324 erat,
3173 3259 3410 3317 trahebat
3438 3275 3670 3333 prorsus

2089 3349 2454 3405 Melchisedec
2501 3364 2626 3406 cum
2684 3351 3015 3424 principium
3068 3352 3306 3421 dierum,
3354 3362 3469 3410 tum
3507 3354 3671 3411 tinem

2093 3442 2253 3495 vitae:
2294 3455 2481 3498 verum
2517 3451 2792 3513 quatenus
2819 3452 2921 3501 nes
2951 3445 3233 3501 nescimus
3264 3446 3484 3516 quando
3506 3457 3674 3503 natus

2083 3533 2162 3589 sit
2188 3544 2283 3589 aut
2306 3542 2585 3599 mortuus,
2623 3535 2770 3606 quod
2796 3536 2994 3592 attinet
3030 3536 3099 3592 ad
3126 3546 3375 3594 noStram
3399 3540 3675 3610 cognitio-

2088 3642 2238 3693 nem,
2268 3642 2448 3699 tteque
2473 3630 2808 3700 principium
2872 3644 3047 3701 neque
3081 3629 3244 3686 linem
3278 3631 3466 3688 habet.
3503 3615 3673 3688 Chri-

2088 3728 2209 3776 stus
2239 3727 2424 3776 tamen
2449 3735 2657 3789 revera,
2697 3730 2757 3776 ut
2790 3722 2959 3790 Deus,
2992 3738 3173 3794 neque
3204 3723 3424 3779 initium
3458 3725 3676 3781 dierum

2091 3810 2291 3865 habet:
2325 3810 2602 3881 principio
2633 3810 2779 3866 enim
2803 3819 2974 3878 caret,
2998 3812 3156 3882 juxta
3174 3814 3502 3885 principium
3526 3817 3675 3887 quod

2087 3914 2120 3955 a
2152 3910 2398 3970 tempore
2436 3902 2659 3970 dicitur,
2692 3903 2905 3958 etiamsi
2954 3901 3171 3959 Patrem
3225 3904 3424 3961 haheat
3465 3907 3675 3975 princi-

2088 3992 2237 4062 pium
2286 4000 2546 4063 tanquam
2587 3982 2809 4049 causam
2846 4011 2864 4049 :
2902 4009 3080 4065 neque
3112 3993 3313 4051 ﬁnem:
3345 3996 3678 4054 immortalis

2085 4082 2233 4140 enim
2262 4093 2367 4151 est,
2400 4094 2562 4157 atque
2597 4094 2660 4141 ut
2698 4088 3015 4141 summatim
3053 4086 3256 4155 dicam,
3280 4090 3673 4160 sempiternus.

2091 4174 2192 4232 Ubi
2222 4186 2352 4233 sunt
2379 4177 2547 4247 igitur
2575 4177 2804 4232 Ariani?
2833 4178 3075 4235 Audiant
3110 4178 3309 4236 Filium
3343 4181 3673 4254 principium

2089 4284 2203 4324 non
2233 4271 2458 4327 habere.
2483 4269 2640 4326 lianc
2654 4270 2726 4327 ad
2751 4271 3022 4329 rationem
3048 4271 3255 4331 Paulus
3282 4288 3384 4332 nos
3412 4276 3673 4343 instituit,

2088 4361 2365 4432 quomodo
2400 4361 2548 4419 istud
2583 4364 2657 4420 sit
2684 4363 3006 4419 diluendum
3042 4382 3057 4419 :
3099 4376 3266 4437 atque
3297 4367 3465 4423 etiam
3494 4369 3675 4425 sicubi

2089 4455 2291 4528 aliquis
2330 4456 2712 4526 dubitaverit,
2766 4459 3042 4530 quomodo
3090 4459 3348 4517 Christus
3414 4464 3673 4521 sacerdos

2091 4548 2164 4604 sit
2203 4550 2259 4603 in
2305 4557 2572 4606 aeternum
2633 4552 2936 4607 secundum
2993 4549 3245 4608 ordinem
3287 4551 3672 4620 Melchisedec,

2091 4638 2539 4711 quandoquidem
2565 4641 2929 4700 Melehisedec
2956 4653 3204 4698 mortuus
3233 4651 3337 4711 est,
3370 4658 3472 4701 nec
3492 4645 3674 4703 factus

400 4730 486 4784 ἀει
539 4731 696 4783 ἔστιν
755 4729 936 4799 ἱερεὺς
977 4730 1046 4799 τῇ
1093 4726 1347 4799 ἀληθείᾳ.
1410 4728 1523 4781 Καὶ
1580 4727 1678 4783 νῦν
1737 4729 1837 4798 μὲν
1878 4729 1982 4799 γὰρ

2092 4741 2180 4789 est
2202 4735 2462 4790 sacerdos
2486 4734 2541 4790 in
2567 4736 2983 4807 sempiternum.
3009 4734 3174 4808 693
3206 4736 3488 4794 Diluemus
3510 4740 3678 4811 igitur

394 4820 667 4878 ἑκάστοτε
709 4821 904 4876 ἑαυτὸν
935 4822 1076 4888 ὑπὲρ
1097 4820 1257 4893 ἡμῶν
1297 4821 1635 4892 προσφέρειν
1672 4821 1990 4875 πιστεύεται

394 4915 487 4968 διῇ
513 4913 629 4969 τῶν
665 4912 998 4983 λειτουργῶν
1029 4910 1220 4977 αὺτοῦ,
1250 4912 1426 4977 ἄλλως
1465 4929 1527 4967 τε
1567 4914 1661 4967 καὶ
1686 4914 1762 4977 ώς
1798 4914 1990 4983 ἐντυγ-

392 5004 587 5076 χάνων
614 5003 696 5074 τῷ
726 5002 904 5076 Πατρὶ
936 5002 1080 5074 ὑπὲρ
1103 5002 1265 5074 ήμῶν
1293 5020 1306 5036 ·
1333 5005 1431 5057 καὶ
1447 5003 1572 5057 τότε
1603 5004 1659 5057 δὲ
1700 5005 1773 5067 τά
1797 5005 1994 5058 τελεώ-

393 5111 544 5167 τερα
589 5093 941 5167 ιερουργήσει
999 5095 1133 5165 ήμῖν
1176 5093 1272 5149 καὶ
1327 5093 1732 5168 μυστικώτερα,
1798 5096 1993 5151 ἑαυτὸν

396 5191 539 5262 ἡμῖν
585 5188 672 5251 εις
698 5186 906 5258 βρῶσιν
935 5187 1031 5240 καὶ
1078 5187 1238 5242 πόσιν
1296 5188 1579 5260 προτιθεὶς
1633 5189 1835 5253 καινῶς
1896 5189 1992 5242 καὶ

396 5281 547 5352 ὕπερ
573 5278 760 5333 πᾶσαν
785 5277 992 5347 νόησιν.
1027 5277 1087 5332 '0
1137 5277 1195 5331 δὲ
1247 5278 1585 5349 Μελχισεδὲκ
1632 5278 1992 5352 ἀτελεύτητον

394 5376 620 5445 λέγεται
644 5372 793 5445 ἔχειν
810 5373 910 5444 τήν
943 5369 1264 5455 ἱερωσύνην,
1284 5373 1386 5451 ὀὐχ
1403 5375 1484 5439 ὅτ,
1524 5374 1591 5445 ζῇ
1618 5373 1736 5428 ἀεί’
1769 5368 1993 5445 ἐτεθνή.

400 5469 626 5541 κειτάρ
653 5483 668 5499 ·
712 5463 853 5521 ἀλλά
904 5470 1043 5522 καθὸ
1093 5470 1200 5526 οὐκ
1262 5468 1565 5539 ἐμφέρεται
1602 5469 1669 5540 τῇ
1717 5468 1906 5543 Γραφῇ
1934 5471 1995 5526 τὸ

400 5565 552 5628 τέλος
579 5562 778 5627 αὐτοῦ,
808 5562 876 5614 ἶν’
914 5560 1165 5615 ἐντεῦθεν
1187 5561 1409 5632 ἔχοιμεν
1441 5559 1755 5630 γινώσκειν,
1782 5562 1915 5617 πότε
1954 5564 1987 5631 ή

405 5652 672 5727 ιερωσύνη
705 5651 880 5706 αὐτοῦ
899 5651 1198 5707 ἐπαύσατο.
1239 5652 1454 5722 Ὠσπερ
1504 5647 1598 5707 οὖν
1647 5651 1743 5705 καὶ
1782 5654 1839 5704 ὲν
1876 5657 1990 5716 τοῖς

2099 4826 2247 4893 hinc,
2276 4827 2545 4894 dicentes,
2583 4827 2888 4894 Christum,
2940 4843 3066 4884 cum
3114 4838 3353 4888 aeternus
3384 4830 3458 4886 sit
3485 4840 3541 4886 et
3571 4833 3678 4887 im-

2096 4920 2367 4987 mortalis,
2408 4936 2603 4999 revera
2644 4936 2863 4993 semper
2892 4936 3015 4978 esse
3050 4925 3421 4980 sacerdotem.
3454 4924 3587 4980 Nam
3620 4935 3676 4982 et

2096 5024 2244 5067 nunc
2284 5012 2506 5083 quidem
2541 5028 2761 5085 semper
2778 5021 2835 5069 et
2865 5013 3069 5084 uhiqne
3107 5014 3352 5085 seipsum
3386 5030 3486 5087 pro
3515 5017 3678 5094 nobis

2094 5101 2292 5159 oﬂ’erre
2318 5104 2567 5161 creditur
2609 5118 2709 5176 per
2742 5105 3026 5162 ministros
3049 5120 3203 5169 suos.
3223 5107 3525 5177 praesertim
3547 5122 3675 5165 cum

2096 5198 2239 5271 apud
2275 5198 2491 5257 Patrem
2543 5215 2644 5273 pro
2690 5201 2851 5257 nobis
2884 5202 3209 5258 intercedit:
3235 5210 3351 5258 tum
3383 5217 3514 5259 vero
3549 5220 3678 5275 per-

2099 5289 2334 5347 fectiora
2373 5300 2429 5348 et
2450 5293 2626 5363 magis
2643 5291 2873 5362 mystica
2912 5307 3068 5347 sacra
3097 5306 3198 5363 pro
3227 5293 3389 5349 nobis
3412 5292 3674 5363 perﬁciet,

2101 5380 2342 5451 seipsum
2372 5381 2533 5437 nobis
2572 5381 2628 5436 in
2661 5381 2846 5436 cihttm
2878 5388 2936 5436 et
2953 5388 3143 5451 potum
3178 5393 3510 5450 proponens,
3536 5398 3680 5441 novo

2101 5471 2339 5539 quodam
2359 5474 2522 5529 modo
2555 5487 2775 5528 omnem
2804 5472 3009 5543 ingenii
3039 5475 3262 5543 captum
3284 5486 3674 5544 exsuperante.

2098 5563 2461 5621 Melchisedec
2504 5577 2685 5622 autem
2733 5574 3001 5622 aeternum
3058 5568 3263 5621 habere
3310 5566 3677 5626 sacerdotium

2098 5654 2328 5724 dicitur,
2348 5672 2457 5715 non
2486 5660 2635 5731 quod
2661 5659 2808 5717 vivat
2832 5660 3071 5728 semper,
3104 5662 3353 5714 mortuus
3383 5659 3529 5729 enim
3560 5668 3647 5716 est

1781 5833 1980 5896 Vat-ite
2008 5833 2337 5898 lectiones.

469 5937 489 5967 ⁸
513 5930 764 6010 Χριστός
799 5947 859 5989 0.
939 5931 959 5963 ³
987 5931 1168 6001 λέγειν
1207 5947 1260 5987 0.
