4080 6418
439 344 543 413 ἓῖι

1376 348 1951 409 ΤΙΙΕΟΙ’11ὶἸ.Α(ΙΤΙ
2004 351 2414 411 BULGAllle
2458 355 2817 415 ARCIIIEP.

3610 342 3721 408 272

439 475 627 515 verum
673 462 801 531 quia
852 476 958 515 non
1015 464 1237 517 traditur
1281 463 1332 517 in
1373 462 1661 532 Scriptura
1720 460 1843 514 linis
1878 460 2021 526 ejus.

2134 463 2418 533 ὀνόμασιν,
2455 466 2780 518 ἐπ’ἐκείνου
2834 463 2934 535 μὲν
2992 458 3550 532 προσηγορίαιμόναι
3582 453 3724 530 ἦσαν

439 560 499 606 ιιι
540 552 663 607 inde
694 553 969 623 possimus
1002 569 1335 625 cognoscere
1381 553 1600 623 quando
1653 552 2022 607 sacerdorinm

438 647 560 715 ejus
597 645 912 701 cessaverit.
949 644 1417 712 Quemadmodum
1475 644 1642 713 igitur
1685 643 1911 697 nomina
1967 645 2022 697 in

440 738 534 792 illo
581 753 713 793 sane
751 738 882 791 sola:
926 737 1323 807 appellationes
1356 733 1600 799 fuerunt,
1660 734 2023 790 Melchisedec

440 840 495 883 et
537 844 628 883 rex
663 827 872 892 Salem,
904 829 960 883 in
990 829 1213 883 Christo
1251 835 1433 881 autem
1459 842 1643 882 rerum
1668 828 1902 886 veritas:
1942 828 2021 883 sic

438 932 492 976 et
532 923 678 991 quod
730 938 905 994 neque
938 923 1267 993 principium
1310 937 1488 992 neque
1542 920 1703 977 linem
1746 923 2024 989 habuerit,

438 1015 495 1068 in
521 1014 612 1068 illo
641 1015 883 1080 quidem,
910 1016 1037 1084 quia
1072 1015 1245 1069 sacris
1278 1012 1503 1069 Litteris
1543 1029 1652 1069 non
1685 1023 1832 1070 esset
1863 1016 2030 1070 inser-

438 1116 577 1171 tmn,
616 1114 777 1177 typus
806 1115 956 1159 erat:
995 1104 1050 1160 in
1086 1105 1311 1160 Christo
1341 1113 1549 1171 autem,
1589 1105 1892 1161 secundum
1934 1122 2030 1161 re-

437 1205 675 1249 rttatem.
724 1192 778 1247 Si
821 1194 966 1249 enim
1001 1194 1245 1264 undique
1294 1193 1479 1250 l‘utura
1532 1203 1653 1249 erat
1693 1194 2023 1262 similitudo,

435 1306 546 1345 non
574 1291 686 1359 jam
720 1289 889 1359 ﬁgura
915 1301 1099 1343 essent
1123 1305 1187 1344 ac
1216 1290 1440 1351 veritas.
1465 1304 1651 1344 verum
1675 1298 1769 1343 aut
1798 1299 2028 1357 utraque

435 1395 619 1455 typus,
653 1392 747 1437 aut
793 1393 1026 1453 utraque
1055 1383 1278 1437 veritas.
1326 1382 1519 1437 Nonne
1565 1392 1749 1437 autem
1809 1394 1866 1437 et
1919 1387 2025 1436 hoc

435 1473 490 1527 in
556 1474 894 1544 imaginibus
941 1473 1263 1529 cernimus?
1303 1475 1517 1528 Etenim
1568 1475 1657 1529 hic
1706 1474 2018 1529 umbratilis

434 1565 653 1634 pictura
686 1562 754 1617 ad
787 1564 1088 1635 perfectam
1115 1563 1226 1631 jam
1262 1563 1559 1633 imaginem
1600 1562 2020 1618 similitudinem

434 1656 729 1726 quamdam
793 1658 981 1721 habet,
1022 1662 1294 1725 quatenus
1331 1655 1710 1710 characterem
1759 1654 1881 1724 ejus
1927 1670 2023 1723 per

2135 555 2215 618 τὸ,
2278 554 2637 625 Μελχισεδὲκ,
2699 555 2792 608 καὶ
2853 555 2933 619 τὸ,
2968 553 3225 623 βασιλεὺς
3275 552 3488 622 Σαλὴμ,
3548 551 3642 603 ἐπὶ
3665 551 3724 603 δὲ

2134 645 2375 714 Χριστοῦ
2418 648 2763 719 πραγμάτων
2822 646 3051 718 ἀλήθεια
3079 662 3092 676 ·
3146 645 3293 699 οὓτω
3326 644 3422 698 καὶ
3473 644 3555 708 τὸ,
3587 644 3725 716 μήτε

2129 737 2308 807 ἀρχὴν
2336 737 2482 809 ἔχειν
2512 740 2650 809 μήτε
2694 739 2869 802 τέλος,
2904 739 2992 791 ἐπ’
3025 737 3235 792 ἐκείνου
3268 735 3390 807 μὲν,
3421 736 3511 790 διὰ
3544 737 3605 788 τ’)
3648 736 3725 805 μὴ

2128 830 2463 900 γεγράφθαι,
2504 831 2674 897 τύπος
2709 832 2819 904 γὰρ
2851 826 2920 904 ἦν
2950 847 2963 861 '
2988 830 3082 882 ἐπὶ
3107 829 3165 883 δὲ
3187 829 3429 899 Χριστοῦ
3457 830 3578 882 κατ’
3601 828 3727 897 ἀλή-

2131 921 2306 975 θειαν.
2337 922 2398 976 El
2429 923 2539 995 γὰρ
2567 922 2846 994 πανταχοῦ
2906 923 3131 992 ἔμελλεν
3176 917 3316 977 εἶναι
3361 922 3396 991 ἠ
3444 920 3725 991 ὁμοιότης.

2132 1014 2319 1067 οὐκέτι
2347 1014 2515 1078 τύπος
2546 1016 2612 1070 ἂν
2638 1011 2706 1086 ἦν
2756 1015 2851 1069 καὶ
2904 1015 3158 1087 ἀλήθεια,
3216 1014 3332 1067 ἀλλ’
3365 1013 3399 1085 ἦ
3438 1013 3728 1083 ἀμφότερα

2134 1104 2326 1171 τύπος,
2381 1103 2415 1174 ἢ
2475 1106 2765 1175 ἀμφότερα
2815 1104 3067 1176 ἀλήθεια.
3111 1104 3181 1156 Ἣ
3212 1103 3335 1175 ούχὶ
3374 1103 3469 1157 καὶ
3500 1102 3727 1155 ἐπὶτῶν

2134 1198 2347 1251 ἐκείνου
2378 1196 2606 1251 είκόνων
2630 1196 2788 1251 τοῦτο
2804 1195 3152 1268 θεωροῦμενς
3183 1194 3293 1249 Καὶ
3315 1194 3422 1265 γὰρ
3446 1191 3727 1246 κάνταῦοα

2134 1291 2169 1357 ὴ
2198 1286 2543 1358 σκιαγραφία
2573 1287 2711 1357 πρὸς
2734 1285 2836 1356 τὴν
2878 1284 3339 1339 ἀποτελεσθεῖσαν
3392 1284 3494 1353 ήδη
3541 1282 3727 1336 είκόνα

2134 1380 2249 1449 ἔχει
2290 1379 2386 1434 καὶ
2417 1380 2604 1448 ὅμοιόν
2626 1396 2700 1445 τι,
2733 1378 2870 1433 καθὸ
2904 1379 3177 1432 ἀποτυποί
3198 1377 3286 1430 διὰ
3314 1376 3425 1429 τῶν
3447 1375 3727 1446 γραμμῶν

2136 1469 2398 1540 ἀμυδρῶς
2422 1470 2516 1523 τὸν
2546 1471 2877 1542 χαρακτῆρα
2901 1486 2913 1499 ’
2944 1469 3059 1539 ἔχει
3089 1472 3184 1522 καὶ
3220 1468 3496 1547 ἀνόμοιον,
3525 1467 3661 1521 καθὸ
3690 1469 3727 1537 ἠ

2133 1561 2301 1617 εἰκὼν
2338 1562 2425 1615 διὰ
2455 1562 2564 1616 τῶν
2620 1549 2951 1634 χρωμάτων,
3000 1561 3396 1630 ἐναργέστερον
3423 1559 3517 1611 καὶ
3555 1562 3726 1626 ἔκφα-

2136 1656 2393 1725 νέστερον
2418 1656 2509 1709 τὸν
2539 1654 2869 1728 χαρακτῆρα
2897 1652 3134 1717 ἐδέξατο.

434 1745 616 1802 lineas
653 1747 890 1800 obscure
939 1744 1210 1799 denotat:
1248 1742 1412 1799 habet
1446 1743 2054 1811 etdissimilitudinem,
2112 1756 2388 1814 quatenus
2436 1746 2616 1817 imago
2676 1761 2773 1816 per
2845 1745 3064 1802 colores
3133 1745 3306 1815 magis
3367 1744 3719 1816 perspicuam

436 1856 651 1895 necnon
687 1840 1083 1895 cvidentiorem
1118 1837 1351 1892 l‘ormam
1386 1839 1651 1907 suscepit.

508 1935 675 1991 Vens.
709 1936 763 1990 4.
802 1933 1095 1988 Intuemini
1127 1945 1302 1987 autent
1331 1945 1562 2004 quantus
1593 1936 1662 1989 sit
1705 1935 1828 1999 iste,
1858 1936 1942 1988 cui
1967 1945 2014 1988 et

2200 1932 2479 2002 θεωρεῖτε
2533 1929 2601 1986 δὲ
2647 1932 2908 2001 πηλίκος
2956 1926 3170 1997 οὗτος,
3222 1924 3270 1997 ᾧ
3313 1930 3410 1983 καὶ
3457 1928 3717 1996 δεκάτην

435 2031 674 2084 decimas
711 2028 856 2082 dedit
880 2027 943 2082 de
978 2027 1165 2095 spoliis
1197 2025 1470 2079 Abraham
1498 2028 1831 2096 patriarcha.
1856 2025 2018 2082 Post-

433 2138 664 2192 eaquam
730 2122 957 2185 liguratn
1032 2120 1245 2174 veritati
1315 2119 1705 2190 adoptaverat,
1768 2120 1851 2175 vel
1900 2135 2022 2189 qua:

435 2226 562 2269 sunt
595 2213 982 2278 Mclchisedec,
1024 2213 1283 2276 Christo.
1333 2213 1675 2267 conﬁdenter
1721 2214 1833 2282 jam
1859 2215 2021 2268 dein-

435 2324 565 2378 ceps
595 2309 960 2372 demonstrat,
1012 2317 1197 2376 typutn
1242 2306 1447 2376 ipsum,
1480 2306 1586 2359 hoc
1624 2316 1706 2361 cst
1737 2305 2024 2360 Melchise-

435 2402 557 2464 der,
597 2399 732 2470 ipsis
765 2397 905 2468 apud
961 2395 1183 2453 Judzeos
1220 2397 1366 2452 reris
1413 2398 1801 2454 sacerdotibus
1835 2399 2020 2468 splen-

434 2492 706 2547 didiorem
736 2505 859 2546 esse
891 2506 903 2544 :
943 2505 1043 2545 nec
1074 2492 1206 2561 ipsis
1254 2492 1409 2556 solis.
1467 2508 1655 2548 verum
1708 2493 1873 2548 etiam
1904 2494 2023 2561 ipso

435 2584 767 2658 patriarcha.
827 2584 883 2637 Si
926 2595 1111 2638 autent
1147 2592 1333 2655 typus,
1380 2585 1555 2640 multo
1614 2586 1800 2656 potius
1854 2602 2021 2641 verus

436 2673 686 2731 Pontici
719 2674 975 2730 Christus
1008 2674 1129 2728 istis
1155 2676 1261 2730 erit
1295 2676 1662 2746 praestantior.
1704 2674 1897 2731 Videte
1924 2676 2021 2745 igi-

434 2779 543 2830 tur,
580 2766 779 2837 inquit,
833 2775 1078 2835 quantus
1107 2766 1180 2822 sit
1217 2766 1343 2832 iste,
1377 2777 1432 2822 et
1470 2777 1735 2838 quantum
1764 2768 2017 2831 excellat,

433 2858 524 2911 cui
560 2856 704 2911 dona
734 2856 1021 2923 oﬂ'erebat,
1055 2871 1161 2911 non
1195 2858 1440 2929 vulgaris
1488 2866 1638 2914 certe
1694 2861 1879 2922 homo,
1922 2857 2018 2914 sed

436 2949 712 3004 Abraham
766 2949 894 3004 talis
949 2958 1244 3020 tantusque
1303 2950 1618 3021 patriarcha
1662 2968 1678 3005 :
1718 2967 1825 3005 non
1875 2952 2018 3004 enim

434 3043 577 3094 citra
638 3041 937 3106 rationem,
993 3038 1337 3107 Patriarcha,
1394 3043 1672 3112 apposuit,
1727 3057 1913 3096 verum
1963 3051 2022 3094 ut

432 3132 651 3186 clierret
680 3146 968 3200 personam
1005 3148 1018 3185 :
1057 3143 1132 3199 et,
1164 3130 1239 3186 De
1275 3132 1484 3198 spoliis,
1519 3131 1620 3185 line
1662 3142 1767 3195 est,
1800 3129 2018 3185 exuviis

434 3223 886 3295 prmsmntiorum
915 3233 967 3277 et
1025 3203 1471 3279 honoratiorum:
1523 3222 1630 3278 Nec
1676 3222 1782 3278 dici
1818 3232 2018 3294 potest,

2142 2027 2387 2097 Ἀϐραὰμ
2420 2027 2645 2082 ἔδωκεν
2659 2027 2726 2081 ἐκ
2751 2024 3239 2094 τῶνάκροθινίων
3267 2028 3299 2077 ὀ
3319 2021 3708 2093 πατριάρχης.

2140 2122 2360 2192 Ἐπειδὴ
2390 2122 2481 2174 τὸν
2508 2121 2675 2175 τύπον
2708 2123 2774 2191 τῇ
2804 2119 3033 2190 ἀληθείᾳ
3071 2120 3407 2188 ἐφήρμοσεν,
3452 2117 3618 2186 ἤγουν
3646 2118 3716 2170 τὰ

2126 2211 2220 2264 τοῦ
2255 2213 2586 2281 Μελχισεδὲκ
2611 2212 2686 2282 τῷ
2717 2211 2959 2282 Χριστῷ,
2988 2210 3179 2284 θσῤῥεί
3222 2210 3429 2275 λοιπὶν,
3462 2209 3555 2261 καὶ
3576 2212 3715 2263 ἀπο-

2125 2304 2401 2357 δείκνυσιν
2432 2306 2509 2357 ὃτι
2542 2306 2569 2357 6
2592 2304 2783 2367 τύπος,
2834 2304 3135 2365 τουτέστιν,
3169 2304 3195 2355 6
3237 2300 3592 2371 Μελχισεδὲκ,
3617 2300 3717 2352 αύ-

2125 2396 2235 2449 τῶν
2265 2396 2372 2449 τῶν
2404 2397 2535 2467 παρ’
2574 2396 2850 2458 Ἰουδαίοις
2909 2395 3130 2459 ἀληθῶν
3167 2394 3359 2463 ξερέων
3398 2393 3713 2465 λαμπρότεο

2130 2507 2219 2558 ρος
2241 2506 2253 2520 ·
2291 2491 2384 2542 καὶ
2418 2490 2519 2541 οὐκ
2558 2488 2742 2542 αὐτῶν
2778 2488 2959 2558 μόνον,
2991 2486 3126 2539 ἀλλὰ
3170 2488 3265 2538 καὶ
3304 2483 3399 2538 τοῦ
3436 2485 3711 2556 πατριάρ-

2126 2601 2220 2652 χου
2262 2582 2452 2636 αὐτοῦ.
2487 2583 2547 2635 Ei
2582 2582 2639 2635 δὲ
2669 2584 2696 2634 6
2723 2580 2918 2645 τύπος,
2950 2578 3132 2649 πολλῷ
3161 2577 3364 2649 μᾶλλον
3397 2578 3425 2630 ό
3461 2576 3712 2646 ἀληθινὸς

2141 2672 2459 2742 Ἀρχιερεὺς
2485 2670 2721 2741 Χριστὸς
2763 2669 3019 2741 ὑπερέξει
3078 2669 3303 2722 τούτων.
3367 2667 3536 2720 Ἴδετε
3581 2664 3710 2728 οὖν,

2127 2765 2282 2835 φησι,
2316 2763 2545 2833 πηλίκος
2572 2762 2720 2816 ἐστὶν
2780 2757 2958 2827 οὗτος,
2993 2761 3091 2815 καὶ
3141 2761 3307 2813 πόσον
3350 2760 3633 2832 ὑπερέχει,
3668 2754 3716 2827 ᾧ

2125 2857 2276 2925 δῶρα
2320 2857 2664 2925 προσέφερεν
2705 2856 2803 2925 οὐχ
2853 2858 2881 2909 ό
2933 2855 3113 2925 τυχὼν
3169 2853 3480 2925 ἄνθρωπος,
3534 2854 3648 2906 ἀλλ’
3689 2854 3719 2905 ό

2138 2949 2413 3017 Ἀϐραὰμ.
2447 2949 2474 3000 ὁ
2502 2946 2758 3010 τοσοῦτος
2800 2950 2829 3001 6
2853 2946 3222 3018 πατριάρχης·
3244 2947 3345 3000 οὐκ
3366 2947 3577 3015 ἀλόγως
3607 2948 3717 3017 γὰρ

2125 3042 2204 3102 τὸ,
2251 3038 2643 3110 πατριάρχης,
2697 3039 3059 3110 προσέθηκεν,
3117 3038 3232 3092 ἀλλ’
3289 3038 3377 3092 ἵνα
3438 3038 3608 3111 ἐξάρῃ
3658 3040 3720 3092 τὸ

2128 3134 2418 3203 πρόσωπον
2448 3150 2459 3163 ·
2531 3133 2649 3195 καὶ,
2701 3134 2769 3186 ἐκ
2807 3131 2927 3187 τῶν
2990 3133 3367 3202 ἀκροθινίων,
3418 3135 3716 3197 τουτέστιν,

2128 3228 2190 3278 ἐκ
2239 3227 2348 3277 τῶν
2404 3225 2662 3299 λαφύρων
2695 3226 2804 3279 τῶν
2834 3227 3169 3297 κρειττόνων
3215 3227 3311 3279 καὶ
3348 3226 3716 3296 τιμιωτέρων.

431 3315 578 3386 quod
613 3315 774 3371 veluti
809 3315 855 3369 ei
894 3316 986 3386 qui
1021 3331 1127 3368 una
1164 3315 1366 3371 bellmn
1399 3315 1635 3385 gesserit
1681 3331 1806 3370 cum
1834 3330 1918 3381 eo,
1956 3333 2019 3368 ae

2129 3320 2354 3372 Καῖούκ
2387 3320 2532 3372 ἐστιν
2560 3320 2758 3384 εἰπεῖν,
2805 3320 2886 3372 ὅτι
2933 3320 3006 3381 ὡς
3045 3322 3579 3389 συστρατευσαμένῳ
3620 3321 3719 3375 καὶ

432 3409 731 3465 auxiliaius
753 3409 820 3463 sit
859 3408 932 3473 ei,
967 3407 1220 3464 diviserit
1250 3408 1753 3478 compensationem
1793 3408 2021 3472 laboris,

432 3503 532 3557 sed
564 3502 712 3557 domi
752 3501 1040 3557 residenti.
1094 3498 1224 3554 Eam
1253 3502 1399 3554 enim
1457 3499 1529 3555 ob
1584 3515 1696 3555 rem
1749 3510 1803 3555 et
1856 3518 2021 3569 supra

433 3595 709 3666 prazdixit,
755 3595 900 3665 quod
953 3595 1265 3648 occurrerit
1312 3593 1628 3648 Ahrahamo
1662 3596 1956 3648 revertenti
1992 3611 2023 3648 a

432 3689 583 3744 crede
615 3703 826 3757 regum.
873 3687 929 3742 Si
954 3696 1138 3743 autem
1174 3687 1297 3757 ipso
1331 3686 1648 3757 patriarcha
1683 3688 1861 3757 major
1910 3698 2017 3748 est,

430 3781 578 3853 quod
625 3782 741 3851 ipsa
780 3780 1118 3835 decimarum
1175 3779 1324 3834 datio
1372 3794 1505 3834 sane
1562 3778 1788 3843 iudicat,
1846 3780 2019 3833 multo

431 3874 608 3941 magis
632 3872 1017 3927 sacerdotibus
1045 3871 1200 3942 legis.

508 3967 677 4019 Vens.
712 3966 766 4030 5,
799 3967 848 4019 ὕ.
891 3963 956 4018 Et
980 3964 1191 4034 quidem
1231 3964 1296 4019 de
1327 3966 1459 4033 [illis
1491 3963 1613 4018 Levi
1658 3964 2019 4018 sacerdotium

431 4060 774 4126 acripieules,
834 4058 1152 4110 mandatum
1193 4057 1385 4110 habent
1438 4057 1676 4111 decimas
1722 4073 1939 4111 sumere
1988 4073 2022 4109 a

428 4153 623 4223 populo
664 4154 953 4206 secundum
999 4151 1182 4220 legem,
1234 4151 1331 4203 hoc
1360 4149 1528 4222 695
1557 4160 1657 4216 est,
1694 4169 1724 4204 a
1756 4150 2020 4218 fratribus

430 4247 566 4311 suis,
594 4261 899 4315 quanquam
938 4253 985 4297 et
1028 4244 1131 4311 ipsi
1170 4244 1395 4298 exierint
1429 4243 1712 4297 delumbis
1768 4242 2019 4297 Abralur.

432 4336 603 4407 Cujus
642 4346 815 4390 autem
863 4339 1133 4406 generatio
1166 4351 1266 4388 non
1300 4344 1690 4389 annumeratur
1716 4336 1772 4388 iu
1796 4335 1897 4401 eis,
1925 4335 2024 4388 de-

432 4430 602 4484 cimas
642 4428 865 4495 sumpsit
917 4426 982 4499 ab
1025 4426 1309 4480 Abraham.
1348 4424 1549 4480 Probat
1586 4425 1699 4496 jam
1742 4425 2022 4497 quomodo

432 4522 796 4577 Melehisedcc
826 4520 896 4574 sit
917 4520 1230 4573 Abrahamo
1256 4518 1453 4586 major,
1481 4517 1739 4589 inquiens
1771 4538 1782 4573 :
1812 4515 1919 4583 Qui
1950 4534 2014 4571 ex

432 4614 682 4669 Levitica
736 4615 882 4667 tribu
952 4612 1264 4668 sacerdotio
1331 4611 1723 4682 fungebantur,
1777 4611 2022 4665 decimas

433 4705 722 4762 sumebant
746 4726 773 4758 :l
806 4708 1029 4776 popufo,
1061 4712 1251 4776 utpote
1275 4704 1368 4774 qui
1412 4705 1826 4773 prsestantiores
1855 4711 2020 4773 atque

433 4800 822 4854 honoratiores
851 4808 1032 4852 essent
1067 4809 1289 4867 propter
1335 4796 1633 4851 sacerdotii
1669 4795 2020 4864 dignitatem.

427 4895 566 4949 Nam
597 4902 818 4963 propter
844 4890 976 4962 quid
997 4893 1145 4945 aliud
1175 4889 1578 4962 papulusipsc,
1608 4889 1701 4958 qui
1738 4887 2022 4942 laboribus

427 4997 481 5040 et
521 4984 784 5041 aerumnis
808 4983 1085 5053 allligitur.
1115 4983 1497 5038 sacerdotibus
1517 4996 1620 5034 non
1646 4979 2024 5035 laborantibus

430 5098 610 5151 neque
667 5062 859 5149 agrum
914 5077 1225 5131 colentibus
1277 5076 1460 5131 omnis
1505 5077 1725 5147 generis
1777 5074 2024 5128 decimas

429 5174 691 5235 nll‘erunt,
732 5170 836 5225 nisi
865 5169 990 5238 quia
1017 5167 1321 5222 diviniores
1350 5176 1502 5231 sunt,
1533 5165 1842 5235 ulajoriquc
1872 5164 2023 5234 operi

431 5265 678 5320 vacant?
730 5262 905 5317 Tanta
959 5270 1046 5316 est
1097 5258 1392 5316 sacerdotii
1453 5258 1718 5329 dignitas,
1777 5256 2025 5327 adeoque

430 5361 527 5427 qui
564 5376 628 5413 eo
663 5359 974 5428 funguntur
1041 5352 1401 5409 sublimiores
1453 5358 1583 5407 sunt
1624 5349 1866 5421 propriis
1916 5351 2025 5403 lra-

433 5451 633 5512 tribus,
668 5457 832 5517 atque
854 5446 924 5503 iis
958 5444 1052 5515 qui
1076 5459 1142 5498 ex
1181 5443 1375 5498 iisdem
1411 5441 1614 5495 lumbis
1647 5442 1759 5495 sint
1789 5441 2019 5511 egressi.

433 5539 887 5610 Quandoquidem
924 5539 1093 5609 igitur
1128 5532 1495 5591 Melchisedec
1520 5532 1894 5588 Abrahamum
1922 5532 2019 5587 dc-

436 5633 685 5698 cimavit,
718 5647 842 5686 cum
874 5641 1057 5687 tamen
1090 5643 1160 5686 ex
1211 5643 1278 5685 eo
1320 5643 1426 5684 non
1462 5626 1917 5682 denumeraretur
1967 5626 2017 5679 ei

434 5724 775 5798 genealogia,
812 5723 863 5778 id
895 5733 1001 5788 cst,
1035 5737 1162 5779 cum
1207 5738 1317 5778 non
1363 5727 1512 5776 esset
1552 5734 1617 5773 ex
1640 5719 1760 5789 ejus
1792 5733 2016 5788 genere,

433 5819 738 5886 alienigena
767 5816 913 5874 enim
940 5823 1078 5884 erat,
1114 5816 1294 5887 potior
1333 5814 1452 5885 ipso
1482 5821 1566 5869 est
1611 5819 1663 5867 ct
1690 5809 2010 5867 sublimior.

2049 4672 2101 4732 D

2127 3412 2540 3483 συμπυνήσαντι
2576 3412 2882 3483 ἀπεμέρισέ
2913 3428 3035 3465 τινα
3064 3412 3302 3483 ἀμοιϐὴν
3319 3412 3412 3465 τοῦ
3442 3413 3716 3484 καμάτου,

2125 3503 2242 3557 ἀλλ’
2274 3505 2414 3557 οἴκοι
2446 3505 2768 3575 καθημένῳ.
2812 3504 2913 3557 Διά
2945 3504 3106 3557 τοῦτο
3137 3504 3247 3574 γὰρ
3282 3508 3544 3575 προεῖπεν
3572 3508 3717 3560 ἀνω-

2125 3596 2289 3665 τέρω,
2357 3595 2442 3648 ὅτι
2503 3597 2813 3666 συνήντησε
2871 3594 2951 3666 τῷ
3018 3595 3271 3667 Ἀϐραὰμ
3321 3596 3716 3667 ὑποστρέφοντι

2125 3690 2234 3742 ἀπὸ
2264 3688 2362 3758 τῆς
2392 3689 2567 3758 κοπῆς
2596 3688 2706 3741 τῶν
2734 3688 3022 3759 βασιλέων.
3066 3689 3126 3742 Εἰ
3155 3688 3212 3741 δὲ
3247 3688 3341 3742 τοῦ
3373 3690 3716 3761 πατριάρχου

2127 3781 2354 3849 μείζων,
2387 3780 2485 3833 καὶ
2510 3778 2668 3832 τοῦτο
2697 3779 2849 3849 δηλοί
2874 3781 2905 3848 ἡ
2947 3778 3046 3849 τῆς
3072 3768 3302 3849 δεκάτης
3331 3780 3501 3842 δόσις,
3536 3780 3719 3851 πολλῷ

2130 3872 2334 3942 μᾶλλον
2362 3870 2470 3925 τῶν
2495 3871 2737 3941 νομικῶν
2775 3873 2983 3943 ἱερέων.

2196 3967 2304 4021 Καὶ
2333 3970 2387 4022 οι
2405 3966 2525 4038 μὲν
2561 3968 2631 4021 ἐκ
2672 3965 2792 4021 τῶν
2836 3967 2985 4021 υἱῶν
3038 3968 3185 4022 Λεινῒ
3218 3968 3336 4036 τὴν
3381 3970 3719 4040 ἱερωσύνη»-

2123 4057 2561 4128 λαμϐάνοντες,
2591 4058 2851 4126 ἐντολὴν
2874 4060 3130 4129 ἔχουσιν
3159 4061 3580 4117 ἀποδεκατοῦν
3608 4067 3719 4118 τὸν

2124 4152 2279 4205 λαὸν
2321 4153 2473 4205 κατὰ
2509 4153 2617 4205 τὸν
2643 4152 2851 4220 νόμον,
2893 4154 3192 4218 τουτέστι,
3232 4154 3375 4222 τοὺς
3409 4155 3718 4227 ἀδελφοὺς

2125 4242 2345 4308 αὐτῶν,
2402 4243 2616 4311 καίπερ
2693 4243 3145 4313 ἐξεληλυθότας
3206 4241 3291 4301 ἐκ
3323 4249 3432 4318 τῆς
3484 4251 3718 4320 ὀσφύος

2138 4334 2408 4405 Ὰῦραιίμ.
2455 4334 2517 4388 '0
2576 4333 2645 4387 δὲ
2687 4334 2774 4403 μὴ
2818 4339 3366 4407 γενεαλογούμενος
3390 4340 3460 4405 ἐξ
3495 4340 3714 4407 αὐτῶν,

2126 4424 2497 4479 δεδεκάτωκε
2530 4425 2639 4479 τὸν
2680 4424 2950 4496 Ἀϐραάμ.
2999 4427 3115 4481 Νῦν
3160 4432 3566 4497 κατασκευάζει
3600 4433 3720 4497 πῶς

2131 4515 2335 4585 μείζων
2362 4517 2511 4568 ἐστὶν
2535 4516 2562 4568 ό
2589 4515 2926 4585 Μελχισεδὲκ
2956 4517 3051 4572 τοῦ
3086 4519 3338 4592 Ἁϐραάμ
3361 4540 3376 4555 ⁸
3411 4525 3504 4576 καί
3527 4541 3719 4595 φησιν,

2127 4609 2208 4661 ὅτι
2234 4610 2262 4661 6
2300 4610 2363 4660 ὲκ
2392 4609 2489 4679 τῆς
2512 4608 2808 4677 Λευῖτικῆς
2832 4609 3004 4680 φυλῆς
3029 4612 3404 4684 ἱερατεύοντες
3427 4616 3720 4672 έδεκάτουν

2128 4702 2218 4754 τὸν
2242 4699 2406 4764 λαὸν,
2458 4700 2727 4771 πρόδηλον
2775 4700 2852 4766 ὡς
2910 4703 3196 4772 κρείττους
3248 4710 3340 4760 καὶ
3397 4710 3717 4782 τιμιώτεροι

2126 4790 2281 4855 ὅντες
2317 4790 2406 4843 διὰ
2434 4791 2496 4844 τὸ
2523 4791 2620 4862 τῆς,
2650 4792 2950 4863 ἱερωσύνης
2985 4795 3225 4867 ἀξίωμα.
3257 4799 3416 4864 Τίνος
3434 4800 3542 4872 γὰρ
3556 4803 3719 4856 ἄλλου

2127 4883 2314 4937 ἕνεκεν
2346 4885 2394 4936 οἱ
2419 4883 2514 4937 τοῦ
2549 4883 2680 4938 λαοῦ
2731 4888 3062 4958 κοπτόμενοι
3092 4890 3249 4944 αὐτοὶ
3295 4893 3390 4945 καὶ
3435 4894 3718 4949 ταλαιπω-

2130 4976 2408 5048 ρούμενοι,
2449 4979 2559 5042 τοῖς
2589 4979 2831 5049 ἱερεῦσιν
2854 4982 2916 5034 οὐ
2952 4983 3238 5049 κοπιῶσιν,
3262 4986 3386 5038 ούοὲ
3408 4991 3716 5060 γεωργοῦσι

2128 5073 2502 5143 προσφέρουσι
2536 5074 2636 5135 τὰς
2654 5075 2720 5127 ὲκ
2758 5074 2958 5139 παντὸς
2991 5077 3185 5143 γένους
3214 5078 3465 5147 δεκάτας,
3508 5082 3540 5154 il
3578 5084 3717 5136 πὰν-

2127 5179 2236 5226 τως
2256 5163 2332 5226 ὼς
2366 5163 2687 5234 θειοτέροις,
2721 5167 2814 5218 καὶ
2868 5167 3079 5235 μείζονι
3121 5168 3270 5242 ἔργῳ
3303 5175 3716 5247 προσασχολου-

2132 5253 2355 5324 μένοις;
2389 5254 2656 5309 Τοσοῦτόν
2705 5257 2826 5309 ἐστι
2886 5258 2946 5310 τὸ
2992 5259 3093 5329 τῆς
3144 5262 3446 5336 ἱερωσύνης
3477 5266 3716 5339 ἀξίωμα⁹

2128 5347 2224 5400 καὶ
2275 5346 2451 5409 οὕτως
2512 5347 2563 5399 oi
2607 5346 2765 5400 τοῦτο
2820 5347 3036 5420 ἔχοντες
3080 5352 3408 5426 ὑψηλότεροί
3458 5360 3563 5412 εἰσι
3610 5361 3721 5414 τῶν

2125 5439 2343 5492 οἰκείων
2379 5439 2649 5509 ἀδελφῶν,
2685 5442 2778 5495 καὶ
2800 5444 2865 5496 ὲκ
2891 5446 2991 5515 τῆς
3026 5445 3201 5516 αὐτῆς
3236 5449 3439 5519 ὀσφύος
3468 5451 3725 5524 ἐξεληλυ-

2127 5533 2319 5588 θότων.
2356 5535 2467 5588 Καὶ
2499 5535 2884 5606 όΜελχισεδὲκ
2938 5538 3119 5591 τοίνυν
3158 5543 3348 5614 ἐπειδὴ
3375 5545 3720 5602 δεδεκάτωκε

2126 5626 2220 5678 τὸν
2288 5625 2579 5697 Ἀϐραὰμ,
2629 5629 2724 5681 καὶ
2776 5627 2952 5683 ταῦτα
3001 5630 3077 5701 μὴ
3128 5635 3624 5707 γενεαλογούμενος
3663 5641 3724 5705 ἐξ

2127 5719 2318 5786 αὐτοῦ,
2347 5720 2621 5788 τουτέστι,
2660 5719 2737 5792 μὴ
2768 5722 2861 5775 τοῦ
2880 5722 3048 5776 αὐτοῦ
3070 5724 3144 5777 ὢν
3166 5725 3381 5795 γένους,
3423 5729 3722 5799 ἀλλόφυλος

2128 5812 2235 5881 γάρ
2258 5806 2349 5882 ἦν,
2387 5812 2654 5884 κρείττων
2695 5815 2861 5871 αὑτοῦ
2899 5818 3014 5871 ἐστι
3051 5818 3160 5900 καὶ.
3192 5818 3544 5894 ὑψηλότερος.
3598 5826 3722 5900 βὼς

3745 647 3789 671 Ω
