  <div class='ocr_page' id='page_1' title='image "/cluster/home/n/w/nwhite01/storage/ocr_20150623/125:no.3/coo.31924054870302/145.png"; bbox 0 0 4080 6420; ppageno 0'>
   <div class='ocr_carea' id='block_1_1' title="bbox 438 361 542 424">
    <p class='ocr_par' dir='ltr' id='par_1_1' title="bbox 438 361 542 424">
     <span class='ocr_line' id='line_1_1' title="bbox 438 361 542 424; baseline 0.019 -2"><span class='ocrx_word' id='word_1_1' title='bbox 438 361 542 424; x_wconf 79' lang='lat'><strong>275</strong></span> 
     </span>
    </p>
   </div>
   <div class='ocr_carea' id='block_1_2' title="bbox 1346 364 2748 432">
    <p class='ocr_par' dir='ltr' id='par_1_2' title="bbox 1346 364 2748 432">
     <span class='ocr_line' id='line_1_2' title="bbox 1346 364 2748 432; baseline 0.004 -6"><span class='ocrx_word' id='word_1_2' title='bbox 1346 364 1652 431; x_wconf 80' lang='lat' dir='ltr'><strong>THEOPH</strong></span> <span class='ocrx_word' id='word_1_3' title='bbox 1664 370 1921 431; x_wconf 75' lang='lat' dir='ltr'><strong>YLACTI</strong></span> <span class='ocrx_word' id='word_1_4' title='bbox 1957 369 2371 430; x_wconf 67' lang='lat' dir='ltr'><strong>BULGARUE</strong></span> <span class='ocrx_word' id='word_1_5' title='bbox 2396 370 2748 432; x_wconf 81' lang='lat' dir='ltr'><strong>ARCHIEP.</strong></span> 
     </span>
    </p>
   </div>
   <div class='ocr_carea' id='block_1_3' title="bbox 3595 354 3702 420">
    <p class='ocr_par' dir='ltr' id='par_1_3' title="bbox 3595 354 3702 420">
     <span class='ocr_line' id='line_1_3' title="bbox 3595 354 3702 420; baseline -0.019 0"><span class='ocrx_word' id='word_1_6' title='bbox 3595 354 3702 420; x_wconf 74' lang='lat'><strong>276</strong></span> 
     </span>
    </p>
   </div>
   <div class='ocr_carea' id='block_1_4' title="bbox 437 470 2028 554">
    <p class='ocr_par' dir='ltr' id='par_1_4' title="bbox 437 477 2018 549">
     <span class='ocr_line' id='line_1_4' title="bbox 437 477 2018 549; baseline 0.004 -18"><span class='ocrx_word' id='word_1_7' title='bbox 437 482 577 542; x_wconf 86' lang='lat' dir='ltr'><strong>erat,</strong></span> <span class='ocrx_word' id='word_1_8' title='bbox 613 489 679 531; x_wconf 85' lang='lat' dir='ltr'><strong>ac</strong></span> <span class='ocrx_word' id='word_1_9' title='bbox 710 490 774 531; x_wconf 77' lang='lat' dir='ltr'><strong>ex</strong></span> <span class='ocrx_word' id='word_1_10' title='bbox 830 477 1042 533; x_wconf 78' lang='lat' dir='ltr'><strong>semine</strong></span> <span class='ocrx_word' id='word_1_11' title='bbox 1075 477 1195 549; x_wconf 79' lang='lat' dir='ltr'><strong>ejus</strong></span> <span class='ocrx_word' id='word_1_12' title='bbox 1239 490 1576 546; x_wconf 76' lang='lat' dir='ltr'><strong>nasciturus,</strong></span> <span class='ocrx_word' id='word_1_13' title='bbox 1618 484 1723 539; x_wconf 90' lang='lat' dir='ltr'><strong>etsi</strong></span> <span class='ocrx_word' id='word_1_14' title='bbox 1770 482 2018 538; x_wconf 87' lang='lat' dir='ltr'><strong>nondum</strong></span> 
     </span>
    </p>
   </div>
   <div class='ocr_carea' id='block_1_5' title="bbox 2134 470 3702 554">
    <p class='ocr_par' dir='ltr' id='par_1_5' title="bbox 2134 470 3702 554">
     <span class='ocr_line' id='line_1_5' title="bbox 2134 470 3702 554; baseline -0.008 -18"><span class='ocrx_word' id='word_1_15' title='bbox 2134 483 2443 554; x_wconf 75' lang='grc' dir='ltr'>σπέρματος</span> <span class='ocrx_word' id='word_1_16' title='bbox 2478 483 2645 537; x_wconf 77' lang='grc' dir='ltr'>αὐτοῦ</span> <span class='ocrx_word' id='word_1_17' title='bbox 2680 480 2891 552; x_wconf 75' lang='grc' dir='ltr'>μέλλων</span> <span class='ocrx_word' id='word_1_18' title='bbox 2930 478 3187 548; x_wconf 80' lang='grc' dir='ltr'>γενέσθαι</span> <span class='ocrx_word' id='word_1_19' title='bbox 3208 517 3223 542; x_wconf 93' lang='grc'><strong>,</strong></span> <span class='ocrx_word' id='word_1_20' title='bbox 3259 477 3309 531; x_wconf 78' lang='grc' dir='ltr'><strong>εἱ</strong></span> <span class='ocrx_word' id='word_1_21' title='bbox 3344 473 3439 529; x_wconf 69' lang='grc' dir='ltr'><strong>καὶ</strong></span> <span class='ocrx_word' id='word_1_22' title='bbox 3475 470 3702 544; x_wconf 81' lang='grc' dir='ltr'><strong>μηδέπω</strong></span> 
     </span>
    </p>
   </div>
   <div class='ocr_carea' id='block_1_6' title="bbox 438 565 2020 638">
    <p class='ocr_par' dir='ltr' id='par_1_6' title="bbox 438 565 2020 638">
     <span class='ocr_line' id='line_1_6' title="bbox 438 565 2020 638; baseline 0.006 -20"><span class='ocrx_word' id='word_1_23' title='bbox 438 572 603 618; x_wconf 63' lang='lat' dir='ltr'><strong>natus</strong></span> <span class='ocrx_word' id='word_1_24' title='bbox 638 572 804 619; x_wconf 91' lang='lat' dir='ltr'><strong>esset.</strong></span> <span class='ocrx_word' id='word_1_25' title='bbox 836 565 947 621; x_wconf 84' lang='lat' dir='ltr'><strong>Nec</strong></span> <span class='ocrx_word' id='word_1_26' title='bbox 966 565 1125 634; x_wconf 79' lang='lat' dir='ltr'><strong>dixit,</strong></span> <span class='ocrx_word' id='word_1_27' title='bbox 1160 567 1386 635; x_wconf 68' lang='lat' dir='ltr'><strong>Levitaa,</strong></span> <span class='ocrx_word' id='word_1_28' title='bbox 1414 572 1533 637; x_wconf 90' lang='lat' dir='ltr'><strong>sed,</strong></span> <span class='ocrx_word' id='word_1_29' title='bbox 1557 570 1703 638; x_wconf 77' lang='lat' dir='ltr'><strong>Levi,</strong></span> <span class='ocrx_word' id='word_1_30' title='bbox 1733 580 1792 626; x_wconf 86' lang='lat' dir='ltr'><strong>ut</strong></span> <span class='ocrx_word' id='word_1_31' title='bbox 1821 571 2020 627; x_wconf 80' lang='lat' dir='ltr'><strong>excel-</strong></span> 
     </span>
    </p>
   </div>
   <div class='ocr_carea' id='block_1_7' title="bbox 439 650 2021 729">
    <p class='ocr_par' dir='ltr' id='par_1_7' title="bbox 439 650 2021 729">
     <span class='ocr_line' id='line_1_7' title="bbox 439 650 2021 729; baseline 0.009 -27"><span class='ocrx_word' id='word_1_32' title='bbox 439 650 661 705; x_wconf 88' lang='lat' dir='ltr'><strong>lentiam</strong></span> <span class='ocrx_word' id='word_1_33' title='bbox 694 656 965 729; x_wconf 82' lang='lat' dir='ltr'><strong>ostendat.</strong></span> <span class='ocrx_word' id='word_1_34' title='bbox 1021 653 1222 726; x_wconf 62' lang='lat' dir='ltr'><strong>Paptel</strong></span> <span class='ocrx_word' id='word_1_35' title='bbox 1264 666 1532 728; x_wconf 85' lang='lat' dir='ltr'><strong>quantum</strong></span> <span class='ocrx_word' id='word_1_36' title='bbox 1577 677 1747 717; x_wconf 88' lang='lat' dir='ltr'><strong>ausus</strong></span> <span class='ocrx_word' id='word_1_37' title='bbox 1774 662 1898 717; x_wconf 88' lang='lat' dir='ltr'><strong>est!</strong></span> <span class='ocrx_word' id='word_1_38' title='bbox 1937 662 2021 716; x_wconf 79' lang='lat' dir='ltr'><strong>io-</strong></span> 
     </span>
    </p>
   </div>
   <div class='ocr_carea' id='block_1_8' title="bbox 439 741 2019 827">
    <p class='ocr_par' dir='ltr' id='par_1_8' title="bbox 439 741 2019 827">
     <span class='ocr_line' id='line_1_8' title="bbox 439 741 2019 827; baseline 0.006 -32"><span class='ocrx_word' id='word_1_39' title='bbox 439 758 528 796; x_wconf 90' lang='lat' dir='ltr'><strong>ras</strong></span> <span class='ocrx_word' id='word_1_40' title='bbox 560 741 718 812; x_wconf 89' lang='lat' dir='ltr'><strong>ejecit</strong></span> <span class='ocrx_word' id='word_1_41' title='bbox 751 741 1001 808; x_wconf 75' lang='lat' dir='ltr'><strong>Judait-a,</strong></span> <span class='ocrx_word' id='word_1_42' title='bbox 1037 760 1269 817; x_wconf 81' lang='lat' dir='ltr'><strong>eamque</strong></span> <span class='ocrx_word' id='word_1_43' title='bbox 1301 750 1370 802; x_wconf 90' lang='lat' dir='ltr'><strong>ob</strong></span> <span class='ocrx_word' id='word_1_44' title='bbox 1391 765 1503 805; x_wconf 89' lang='lat' dir='ltr'><strong>rem</strong></span> <span class='ocrx_word' id='word_1_45' title='bbox 1550 752 1602 827; x_wconf 81' lang='lat' dir='ltr'><strong>iu</strong></span> <span class='ocrx_word' id='word_1_46' title='bbox 1637 750 2019 821; x_wconf 81' lang='lat' dir='ltr'><strong>superioribus</strong></span> 
     </span>
    </p>
   </div>
   <div class='ocr_carea' id='block_1_9' title="bbox 440 832 2020 911">
    <p class='ocr_par' dir='ltr' id='par_1_9' title="bbox 440 832 2020 911">
     <span class='ocr_line' id='line_1_9' title="bbox 440 832 2020 911; baseline 0.006 -24"><span class='ocrx_word' id='word_1_47' title='bbox 440 832 713 902; x_wconf 69' lang='lat' dir='ltr'><strong>praedixit,</strong></span> <span class='ocrx_word' id='word_1_48' title='bbox 773 834 967 907; x_wconf 84' lang='lat' dir='ltr'><strong>Segnes</strong></span> <span class='ocrx_word' id='word_1_49' title='bbox 1014 836 1148 905; x_wconf 80' lang='lat' dir='ltr'><strong>facti</strong></span> <span class='ocrx_word' id='word_1_50' title='bbox 1198 840 1325 895; x_wconf 73' lang='lat' dir='ltr'><strong>estis</strong></span> <span class='ocrx_word' id='word_1_51' title='bbox 1356 844 1530 911; x_wconf 83' lang='lat' dir='ltr'><strong>:quia</strong></span> <span class='ocrx_word' id='word_1_52' title='bbox 1595 842 1722 896; x_wconf 85' lang='lat' dir='ltr'><strong>talia</strong></span> <span class='ocrx_word' id='word_1_53' title='bbox 1771 842 2020 897; x_wconf 87' lang='lat' dir='ltr'><strong>dicturus</strong></span> 
     </span>
    </p>
   </div>
   <div class='ocr_carea' id='block_1_10' title="bbox 440 925 2022 1005">
    <p class='ocr_par' dir='ltr' id='par_1_10' title="bbox 440 925 2022 1005">
     <span class='ocr_line' id='line_1_10' title="bbox 440 925 2022 1005; baseline 0.008 -28"><span class='ocrx_word' id='word_1_54' title='bbox 440 931 582 990; x_wconf 80' lang='lat' dir='ltr'><strong>erat,</strong></span> <span class='ocrx_word' id='word_1_55' title='bbox 615 940 684 979; x_wconf 86' lang='lat' dir='ltr'><strong>ne</strong></span> <span class='ocrx_word' id='word_1_56' title='bbox 729 925 1028 981; x_wconf 85' lang='lat' dir='ltr'><strong>resilircnt.</strong></span> <span class='ocrx_word' id='word_1_57' title='bbox 1087 926 1414 1000; x_wconf 72' lang='lat' dir='ltr'><strong>Praeparatis</strong></span> <span class='ocrx_word' id='word_1_58' title='bbox 1475 933 1640 1005; x_wconf 77' lang='lat' dir='ltr'><strong>igitur</strong></span> <span class='ocrx_word' id='word_1_59' title='bbox 1675 931 1810 1005; x_wconf 73' lang='lat' dir='ltr'><strong>ipsis</strong></span> <span class='ocrx_word' id='word_1_60' title='bbox 1856 939 2022 1003; x_wconf 87' lang='lat' dir='ltr'><strong>atque</strong></span> 
     </span>
    </p>
   </div>
   <div class='ocr_carea' id='block_1_11' title="bbox 441 1021 2018 1097">
    <p class='ocr_par' dir='ltr' id='par_1_11' title="bbox 441 1021 2018 1097">
     <span class='ocr_line' id='line_1_11' title="bbox 441 1021 2018 1097; baseline 0.007 -28"><span class='ocrx_word' id='word_1_61' title='bbox 441 1021 806 1087; x_wconf 64' lang='lat' dir='ltr'><strong>przemunitis,</strong></span> <span class='ocrx_word' id='word_1_62' title='bbox 839 1022 917 1076; x_wconf 93' lang='lat' dir='ltr'><strong>uti</strong></span> <span class='ocrx_word' id='word_1_63' title='bbox 954 1022 1191 1091; x_wconf 87' lang='lat' dir='ltr'><strong>volebat,</strong></span> <span class='ocrx_word' id='word_1_64' title='bbox 1238 1025 1320 1081; x_wconf 91' lang='lat' dir='ltr'><strong>sic</strong></span> <span class='ocrx_word' id='word_1_65' title='bbox 1365 1026 1478 1095; x_wconf 88' lang='lat' dir='ltr'><strong>jam</strong></span> <span class='ocrx_word' id='word_1_66' title='bbox 1514 1027 1649 1083; x_wconf 77' lang='lat' dir='ltr'><strong>dicit</strong></span> <span class='ocrx_word' id='word_1_67' title='bbox 1700 1043 1819 1097; x_wconf 84' lang='lat' dir='ltr'><strong>quae</strong></span> <span class='ocrx_word' id='word_1_68' title='bbox 1882 1029 2018 1082; x_wconf 84' lang='lat' dir='ltr'><strong>vult.</strong></span> 
     </span>
    </p>
   </div>
   <div class='ocr_carea' id='block_1_12' title="bbox 442 1110 2023 1191">
    <p class='ocr_par' dir='ltr' id='par_1_12' title="bbox 442 1110 2023 1191">
     <span class='ocr_line' id='line_1_12' title="bbox 442 1110 2023 1191; baseline 0.005 -26"><span class='ocrx_word' id='word_1_69' title='bbox 442 1110 558 1165; x_wconf 75' lang='lat' dir='ltr'><strong>Non</strong></span> <span class='ocrx_word' id='word_1_70' title='bbox 589 1111 732 1165; x_wconf 89' lang='lat' dir='ltr'><strong>enim</strong></span> <span class='ocrx_word' id='word_1_71' title='bbox 758 1112 1222 1182; x_wconf 86' lang='lat' dir='ltr'><strong>quemadmodum</strong></span> <span class='ocrx_word' id='word_1_72' title='bbox 1261 1124 1409 1172; x_wconf 83' lang='lat' dir='ltr'><strong>terra</strong></span> <span class='ocrx_word' id='word_1_73' title='bbox 1437 1126 1659 1191; x_wconf 84' lang='lat' dir='ltr'><strong>recepto</strong></span> <span class='ocrx_word' id='word_1_74' title='bbox 1693 1114 1903 1174; x_wconf 81' lang='lat' dir='ltr'><strong>semine</strong></span> <span class='ocrx_word' id='word_1_75' title='bbox 1925 1132 2023 1173; x_wconf 86' lang='lat' dir='ltr'><strong>au-</strong></span> 
     </span>
    </p>
   </div>
   <div class='ocr_carea' id='block_1_13' title="bbox 441 1202 2021 1271">
    <p class='ocr_par' dir='ltr' id='par_1_13' title="bbox 441 1202 2021 1271">
     <span class='ocr_line' id='line_1_13' title="bbox 441 1202 2021 1271; baseline 0.005 -17"><span class='ocrx_word' id='word_1_76' title='bbox 441 1206 552 1269; x_wconf 77' lang='lat' dir='ltr'><strong>get,</strong></span> <span class='ocrx_word' id='word_1_77' title='bbox 583 1214 647 1253; x_wconf 91' lang='lat' dir='ltr'><strong>ac</strong></span> <span class='ocrx_word' id='word_1_78' title='bbox 675 1214 926 1257; x_wconf 85' lang='lat' dir='ltr'><strong>crescere</strong></span> <span class='ocrx_word' id='word_1_79' title='bbox 962 1202 1097 1258; x_wconf 91' lang='lat' dir='ltr'><strong>illud</strong></span> <span class='ocrx_word' id='word_1_80' title='bbox 1128 1203 1281 1271; x_wconf 74' lang='lat' dir='ltr'><strong>facit,</strong></span> <span class='ocrx_word' id='word_1_81' title='bbox 1313 1207 1394 1261; x_wconf 90' lang='lat' dir='ltr'><strong>sic</strong></span> <span class='ocrx_word' id='word_1_82' title='bbox 1423 1208 1601 1261; x_wconf 87' lang='lat' dir='ltr'><strong>anima</strong></span> <span class='ocrx_word' id='word_1_83' title='bbox 1630 1208 1854 1262; x_wconf 85' lang='lat' dir='ltr'><strong>verbum</strong></span> <span class='ocrx_word' id='word_1_84' title='bbox 1886 1223 2021 1262; x_wconf 81' lang='lat' dir='ltr'><strong>con-</strong></span> 
     </span>
    </p>
   </div>
   <div class='ocr_carea' id='block_1_14' title="bbox 438 1286 2022 1377">
    <p class='ocr_par' dir='ltr' id='par_1_14' title="bbox 438 1286 2022 1377">
     <span class='ocr_line' id='line_1_14' title="bbox 438 1286 2022 1377; baseline 0.008 -36"><span class='ocrx_word' id='word_1_85' title='bbox 438 1291 577 1345; x_wconf 82' lang='lat' dir='ltr'><strong>tinet</strong></span> <span class='ocrx_word' id='word_1_86' title='bbox 602 1302 666 1355; x_wconf 83' lang='lat' dir='ltr'><strong>et</strong></span> <span class='ocrx_word' id='word_1_87' title='bbox 701 1292 867 1347; x_wconf 77' lang='lat' dir='ltr'><strong>fovet.</strong></span> <span class='ocrx_word' id='word_1_88' title='bbox 933 1294 1047 1351; x_wconf 92' lang='lat' dir='ltr'><strong>Illic</strong></span> <span class='ocrx_word' id='word_1_89' title='bbox 1076 1297 1222 1351; x_wconf 91' lang='lat' dir='ltr'><strong>enim</strong></span> <span class='ocrx_word' id='word_1_90' title='bbox 1248 1286 1450 1377; x_wconf 83' lang='lat' dir='ltr'><strong>natura</strong></span> <span class='ocrx_word' id='word_1_91' title='bbox 1479 1310 1565 1377; x_wconf 82' lang='lat' dir='ltr'><strong>est</strong></span> <span class='ocrx_word' id='word_1_92' title='bbox 1597 1314 1716 1371; x_wconf 64' lang='lat' dir='ltr'><strong>qtae</strong></span> <span class='ocrx_word' id='word_1_93' title='bbox 1748 1299 2022 1357; x_wconf 84' lang='lat' dir='ltr'><strong>stabilita-</strong></span> 
     </span>
    </p>
   </div>
   <div class='ocr_carea' id='block_1_15' title="bbox 440 1374 2023 1459">
    <p class='ocr_par' dir='ltr' id='par_1_15' title="bbox 440 1374 2023 1459">
     <span class='ocr_line' id='line_1_15' title="bbox 440 1374 2023 1459; baseline 0.009 -24"><span class='ocrx_word' id='word_1_94' title='bbox 440 1393 546 1436; x_wconf 88' lang='lat' dir='ltr'><strong>tem</strong></span> <span class='ocrx_word' id='word_1_95' title='bbox 586 1384 787 1440; x_wconf 82' lang='lat' dir='ltr'><strong>habet:</strong></span> <span class='ocrx_word' id='word_1_96' title='bbox 816 1386 906 1442; x_wconf 91' lang='lat' dir='ltr'><strong>hic</strong></span> <span class='ocrx_word' id='word_1_97' title='bbox 928 1396 1108 1444; x_wconf 86' lang='lat' dir='ltr'><strong>autem</strong></span> <span class='ocrx_word' id='word_1_98' title='bbox 1145 1374 1543 1459; x_wconf 66' lang='lat' dir='ltr'><strong>volut&#39;ttas,res</strong></span> <span class='ocrx_word' id='word_1_99' title='bbox 1577 1393 1727 1448; x_wconf 88' lang='lat' dir='ltr'><strong>varia</strong></span> <span class='ocrx_word' id='word_1_100' title='bbox 1781 1403 1832 1449; x_wconf 86' lang='lat' dir='ltr'><strong>et</strong></span> <span class='ocrx_word' id='word_1_101' title='bbox 1867 1393 2023 1449; x_wconf 81' lang='lat' dir='ltr'><strong>facile</strong></span> 
     </span>
    </p>
   </div>
   <div class='ocr_carea' id='block_1_16' title="bbox 440 1475 2023 1555">
    <p class='ocr_par' dir='ltr' id='par_1_16' title="bbox 440 1475 2023 1555">
     <span class='ocr_line' id='line_1_16' title="bbox 440 1475 2023 1555; baseline 0.011 -31"><span class='ocrx_word' id='word_1_102' title='bbox 440 1475 749 1530; x_wconf 79' lang='lat' dir='ltr'><strong>mutabilis.</strong></span> <span class='ocrx_word' id='word_1_103' title='bbox 793 1476 975 1543; x_wconf 80' lang='lat' dir='ltr'><strong>Quare</strong></span> <span class='ocrx_word' id='word_1_104' title='bbox 1018 1489 1322 1553; x_wconf 56' lang='lat' dir='ltr'><strong>praceptor</strong></span> <span class='ocrx_word' id='word_1_105' title='bbox 1355 1484 1523 1547; x_wconf 81' lang='lat' dir='ltr'><strong>multa</strong></span> <span class='ocrx_word' id='word_1_106' title='bbox 1558 1494 1889 1555; x_wconf 80' lang='lat' dir='ltr'><strong>praestruere</strong></span> <span class='ocrx_word' id='word_1_107' title='bbox 1927 1486 2023 1541; x_wconf 83' lang='lat' dir='ltr'><strong>de-</strong></span> 
     </span>
    </p>
   </div>
   <div class='ocr_carea' id='block_1_17' title="bbox 439 1564 552 1618">
    <p class='ocr_par' dir='ltr' id='par_1_17' title="bbox 439 1564 552 1618">
     <span class='ocr_line' id='line_1_17' title="bbox 439 1564 552 1618; baseline 0.009 -1"><span class='ocrx_word' id='word_1_108' title='bbox 439 1564 552 1618; x_wconf 79' lang='lat' dir='ltr'><strong>bet.</strong></span> 
     </span>
    </p>
   </div>
   <div class='ocr_carea' id='block_1_18' title="bbox 514 1696 2020 1777">
    <p class='ocr_par' dir='ltr' id='par_1_18' title="bbox 514 1696 2020 1777">
     <span class='ocr_line' id='line_1_18' title="bbox 514 1696 2020 1777; baseline 0.006 -26"><span class='ocrx_word' id='word_1_109' title='bbox 514 1696 681 1755; x_wconf 76' lang='lat' dir='ltr'><strong>Vens.</strong></span> <span class='ocrx_word' id='word_1_110' title='bbox 714 1702 799 1757; x_wconf 77' lang='grc'><strong>11.</strong></span> <span class='ocrx_word' id='word_1_111' title='bbox 832 1703 897 1759; x_wconf 82' lang='lat' dir='ltr'><strong>Si</strong></span> <span class='ocrx_word' id='word_1_112' title='bbox 928 1722 1050 1775; x_wconf 84' lang='lat' dir='ltr'><strong>ergo</strong></span> <span class='ocrx_word' id='word_1_113' title='bbox 1099 1709 1487 1762; x_wconf 76' lang='lat' dir='ltr'><strong>consummatio</strong></span> <span class='ocrx_word' id='word_1_114' title='bbox 1529 1725 1620 1777; x_wconf 85' lang='lat' dir='ltr'><strong>per</strong></span> <span class='ocrx_word' id='word_1_115' title='bbox 1664 1708 2020 1773; x_wconf 74' lang='lat' dir='ltr'><strong>sacerdotium</strong></span> 
     </span>
    </p>
   </div>
   <div class='ocr_carea' id='block_1_19' title="bbox 2125 562 3698 645">
    <p class='ocr_par' dir='ltr' id='par_1_19' title="bbox 2125 562 3698 645">
     <span class='ocr_line' id='line_1_19' title="bbox 2125 562 3698 645; baseline -0.008 -19"><span class='ocrx_word' id='word_1_116' title='bbox 2125 574 2342 645; x_wconf 80' lang='grc' dir='ltr'>ἐτέχθη.</span> <span class='ocrx_word' id='word_1_117' title='bbox 2373 576 2484 630; x_wconf 71' lang='grc' dir='ltr'>Καὶ</span> <span class='ocrx_word' id='word_1_118' title='bbox 2514 575 2613 629; x_wconf 71' lang='grc' dir='ltr'><strong>οὐκ</strong></span> <span class='ocrx_word' id='word_1_119' title='bbox 2661 568 2838 635; x_wconf 74' lang='grc' dir='ltr'>εἶπεν,</span> <span class='ocrx_word' id='word_1_120' title='bbox 2874 572 2924 626; x_wconf 85' lang='grc' dir='ltr'><strong>οἱ</strong></span> <span class='ocrx_word' id='word_1_121' title='bbox 2949 572 3197 639; x_wconf 77' lang='grc' dir='ltr'><strong>Λευῖται,</strong></span> <span class='ocrx_word' id='word_1_122' title='bbox 3221 564 3569 625; x_wconf 80' lang='grc' dir='ltr'><strong>ἀλλ’ὀΛευῒ,</strong></span> <span class='ocrx_word' id='word_1_123' title='bbox 3607 562 3698 615; x_wconf 81' lang='grc' dir='ltr'><strong>ἵνα</strong></span> 
     </span>
    </p>
   </div>
   <div class='ocr_carea' id='block_1_20' title="bbox 2122 653 3707 736">
    <p class='ocr_par' dir='ltr' id='par_1_20' title="bbox 2122 653 3707 736">
     <span class='ocr_line' id='line_1_20' title="bbox 2122 653 3707 736; baseline -0.006 -16"><span class='ocrx_word' id='word_1_124' title='bbox 2122 665 2271 736; x_wconf 80' lang='grc' dir='ltr'>δείξῃ</span> <span class='ocrx_word' id='word_1_125' title='bbox 2299 667 2397 733; x_wconf 76' lang='grc' dir='ltr'><strong>τὴν</strong></span> <span class='ocrx_word' id='word_1_126' title='bbox 2426 666 2721 736; x_wconf 80' lang='grc' dir='ltr'>ὑπεροχήν.</span> <span class='ocrx_word' id='word_1_127' title='bbox 2766 664 2963 733; x_wconf 83' lang='grc' dir='ltr'>Βαϐαὶ,</span> <span class='ocrx_word' id='word_1_128' title='bbox 2990 662 3042 717; x_wconf 82' lang='grc' dir='ltr'>τι</span> <span class='ocrx_word' id='word_1_129' title='bbox 3070 661 3401 731; x_wconf 70' lang='grc' dir='ltr'>ἔτόλμησεν;</span> <span class='ocrx_word' id='word_1_130' title='bbox 3437 653 3707 726; x_wconf 74' lang='grc' dir='ltr'>Ἔρρεψεν</span> 
     </span>
    </p>
   </div>
   <div class='ocr_carea' id='block_1_21' title="bbox 2123 746 3702 825">
    <p class='ocr_par' dir='ltr' id='par_1_21' title="bbox 2123 746 3702 825">
     <span class='ocr_line' id='line_1_21' title="bbox 2123 746 3702 825; baseline -0.008 -14"><span class='ocrx_word' id='word_1_131' title='bbox 2123 757 2230 824; x_wconf 77' lang='grc' dir='ltr'><strong>ἔξω</strong></span> <span class='ocrx_word' id='word_1_132' title='bbox 2254 758 2323 812; x_wconf 85' lang='grc' dir='ltr'><strong>τὰ</strong></span> <span class='ocrx_word' id='word_1_133' title='bbox 2369 758 2657 813; x_wconf 74' lang='grc' dir='ltr'>Ἰουδαϊκὰ.</span> <span class='ocrx_word' id='word_1_134' title='bbox 2683 756 2784 817; x_wconf 85' lang='grc' dir='ltr'><strong>Διὰ</strong></span> <span class='ocrx_word' id='word_1_135' title='bbox 2809 757 2969 810; x_wconf 74' lang='grc' dir='ltr'>τοῦτο</span> <span class='ocrx_word' id='word_1_136' title='bbox 3010 753 3328 825; x_wconf 74' lang='grc' dir='ltr'><strong>προέλεγεν,</strong></span> <span class='ocrx_word' id='word_1_137' title='bbox 3366 751 3449 803; x_wconf 80' lang='grc' dir='ltr'><strong>ὅτι</strong></span> <span class='ocrx_word' id='word_1_138' title='bbox 3471 746 3702 814; x_wconf 77' lang='grc' dir='ltr'>Νωθροὶ</span> 
     </span>
    </p>
   </div>
   <div class='ocr_carea' id='block_1_22' title="bbox 2124 837 3702 923">
    <p class='ocr_par' dir='ltr' id='par_1_22' title="bbox 2124 837 3702 923">
     <span class='ocr_line' id='line_1_22' title="bbox 2124 837 3702 923; baseline -0.013 -13"><span class='ocrx_word' id='word_1_139' title='bbox 2124 853 2425 923; x_wconf 75' lang='grc' dir='ltr'><strong>γεγόνατε,</strong></span> <span class='ocrx_word' id='word_1_140' title='bbox 2473 850 2665 919; x_wconf 77' lang='grc' dir='ltr'>ἐπειδὴ</span> <span class='ocrx_word' id='word_1_141' title='bbox 2709 850 2939 905; x_wconf 79' lang='grc' dir='ltr'>τοιαῦτα</span> <span class='ocrx_word' id='word_1_142' title='bbox 2975 847 3205 919; x_wconf 65' lang='grc' dir='ltr'>ἔμελλεν</span> <span class='ocrx_word' id='word_1_143' title='bbox 3257 843 3450 908; x_wconf 78' lang='grc' dir='ltr'>εἰπεῖν,</span> <span class='ocrx_word' id='word_1_144' title='bbox 3485 839 3575 893; x_wconf 73' lang='grc' dir='ltr'>ἵνα</span> <span class='ocrx_word' id='word_1_145' title='bbox 3624 837 3702 908; x_wconf 78' lang='grc' dir='ltr'>μὴ</span> 
     </span>
    </p>
   </div>
   <div class='ocr_carea' id='block_1_23' title="bbox 2124 933 3700 1016">
    <p class='ocr_par' dir='ltr' id='par_1_23' title="bbox 2124 933 3700 1016">
     <span class='ocr_line' id='line_1_23' title="bbox 2124 933 3700 1016; baseline -0.011 -18"><span class='ocrx_word' id='word_1_146' title='bbox 2124 945 2591 1016; x_wconf 76' lang='grc' dir='ltr'>ἀποσκιρτήσωσι.</span> <span class='ocrx_word' id='word_1_147' title='bbox 2644 941 3179 1013; x_wconf 82' lang='grc' dir='ltr'>Προκατασκευάσας</span> <span class='ocrx_word' id='word_1_148' title='bbox 3228 933 3356 999; x_wconf 74' lang='grc' dir='ltr'>οὖν,</span> <span class='ocrx_word' id='word_1_149' title='bbox 3407 934 3502 988; x_wconf 74' lang='grc' dir='ltr'>καὶ</span> <span class='ocrx_word' id='word_1_150' title='bbox 3561 946 3700 1001; x_wconf 81' lang='grc' dir='ltr'>προ-</span> 
     </span>
    </p>
   </div>
   <div class='ocr_carea' id='block_1_24' title="bbox 2126 1020 3705 1105">
    <p class='ocr_par' dir='ltr' id='par_1_24' title="bbox 2126 1020 3705 1105">
     <span class='ocr_line' id='line_1_24' title="bbox 2126 1020 3705 1105; baseline -0.009 -17"><span class='ocrx_word' id='word_1_151' title='bbox 2126 1034 2459 1105; x_wconf 79' lang='grc' dir='ltr'>καταρτεσας</span> <span class='ocrx_word' id='word_1_152' title='bbox 2501 1035 2698 1098; x_wconf 78' lang='grc' dir='ltr'>αὐτοὺς</span> <span class='ocrx_word' id='word_1_153' title='bbox 2724 1034 2800 1098; x_wconf 85' lang='grc' dir='ltr'>ὼς</span> <span class='ocrx_word' id='word_1_154' title='bbox 2837 1032 3120 1102; x_wconf 72' lang='grc' dir='ltr'>ἠϐούλετο,</span> <span class='ocrx_word' id='word_1_155' title='bbox 3157 1028 3335 1091; x_wconf 69' lang='grc' dir='ltr'>οὕτως</span> <span class='ocrx_word' id='word_1_156' title='bbox 3364 1026 3466 1096; x_wconf 69' lang='grc' dir='ltr'><strong>ἤδη</strong></span> <span class='ocrx_word' id='word_1_157' title='bbox 3489 1023 3643 1091; x_wconf 82' lang='grc' dir='ltr'>λέγει</span> <span class='ocrx_word' id='word_1_158' title='bbox 3666 1020 3705 1075; x_wconf 70' lang='grc' dir='ltr'><strong>ἆ</strong></span> 
     </span>
    </p>
   </div>
   <div class='ocr_carea' id='block_1_25' title="bbox 2128 1114 3705 1199">
    <p class='ocr_par' dir='ltr' id='par_1_25' title="bbox 2128 1114 3705 1199">
     <span class='ocr_line' id='line_1_25' title="bbox 2128 1114 3705 1199; baseline -0.01 -17"><span class='ocrx_word' id='word_1_159' title='bbox 2128 1128 2398 1199; x_wconf 78' lang='grc' dir='ltr'>βούλεται.</span> <span class='ocrx_word' id='word_1_160' title='bbox 2455 1127 2532 1179; x_wconf 87' lang='grc' dir='ltr'>Ού</span> <span class='ocrx_word' id='word_1_161' title='bbox 2587 1125 2697 1196; x_wconf 69' lang='grc' dir='ltr'><strong>γὰρ</strong></span> <span class='ocrx_word' id='word_1_162' title='bbox 2748 1124 2940 1196; x_wconf 72' lang='grc' dir='ltr'>ὥσπερ</span> <span class='ocrx_word' id='word_1_163' title='bbox 2989 1124 3023 1194; x_wconf 78' lang='grc' dir='ltr'>ὴ</span> <span class='ocrx_word' id='word_1_164' title='bbox 3077 1122 3151 1190; x_wconf 83' lang='grc' dir='ltr'>γῆ</span> <span class='ocrx_word' id='word_1_165' title='bbox 3206 1114 3596 1190; x_wconf 76' lang='grc' dir='ltr'>παραλαϐοῦσα</span> <span class='ocrx_word' id='word_1_166' title='bbox 3641 1114 3705 1166; x_wconf 79' lang='grc' dir='ltr'><strong>τὸ</strong></span> 
     </span>
    </p>
   </div>
   <div class='ocr_carea' id='block_1_26' title="bbox 2128 1206 3705 1292">
    <p class='ocr_par' dir='ltr' id='par_1_26' title="bbox 2128 1206 3705 1292">
     <span class='ocr_line' id='line_1_26' title="bbox 2128 1206 3705 1292; baseline -0.011 -17"><span class='ocrx_word' id='word_1_167' title='bbox 2128 1221 2371 1292; x_wconf 73' lang='grc' dir='ltr'>σπέρμα,</span> <span class='ocrx_word' id='word_1_168' title='bbox 2402 1218 2556 1287; x_wconf 79' lang='grc' dir='ltr'>αύξει</span> <span class='ocrx_word' id='word_1_169' title='bbox 2613 1218 2764 1281; x_wconf 78' lang='grc' dir='ltr'>αὐτὸ,</span> <span class='ocrx_word' id='word_1_170' title='bbox 2822 1216 2965 1271; x_wconf 75' lang='grc' dir='ltr'>οὕτω</span> <span class='ocrx_word' id='word_1_171' title='bbox 3026 1215 3182 1283; x_wconf 78' lang='grc' dir='ltr'>καὶὴ</span> <span class='ocrx_word' id='word_1_172' title='bbox 3220 1209 3367 1282; x_wconf 76' lang='grc' dir='ltr'>ψυχὴ</span> <span class='ocrx_word' id='word_1_173' title='bbox 3422 1206 3705 1274; x_wconf 77' lang='grc' dir='ltr'>τὸνλόγον</span> 
     </span>
    </p>
   </div>
   <div class='ocr_carea' id='block_1_27' title="bbox 2127 1300 3704 1383">
    <p class='ocr_par' dir='ltr' id='par_1_27' title="bbox 2127 1300 3704 1383">
     <span class='ocr_line' id='line_1_27' title="bbox 2127 1300 3704 1383; baseline -0.01 -17"><span class='ocrx_word' id='word_1_174' title='bbox 2127 1314 2348 1383; x_wconf 75' lang='grc' dir='ltr'>κατέχει</span> <span class='ocrx_word' id='word_1_175' title='bbox 2378 1312 2471 1367; x_wconf 74' lang='grc' dir='ltr'><strong>καὶ</strong></span> <span class='ocrx_word' id='word_1_176' title='bbox 2500 1311 2717 1382; x_wconf 81' lang='grc' dir='ltr'>τρέφει.</span> <span class='ocrx_word' id='word_1_177' title='bbox 2754 1310 2905 1365; x_wconf 85' lang='grc' dir='ltr'>Ἐκεῖ</span> <span class='ocrx_word' id='word_1_178' title='bbox 2931 1310 3029 1378; x_wconf 80' lang='grc' dir='ltr'><strong>μὲν</strong></span> <span class='ocrx_word' id='word_1_179' title='bbox 3052 1306 3162 1378; x_wconf 84' lang='grc' dir='ltr'>γὰρ</span> <span class='ocrx_word' id='word_1_180' title='bbox 3190 1305 3349 1373; x_wconf 79' lang='grc' dir='ltr'>φύσις</span> <span class='ocrx_word' id='word_1_181' title='bbox 3384 1301 3552 1362; x_wconf 78' lang='grc' dir='ltr'>ἐστὶν,</span> <span class='ocrx_word' id='word_1_182' title='bbox 3577 1300 3704 1369; x_wconf 81' lang='grc' dir='ltr'>ἦτις</span> 
     </span>
    </p>
   </div>
   <div class='ocr_carea' id='block_1_28' title="bbox 2124 1393 3705 1475">
    <p class='ocr_par' dir='ltr' id='par_1_28' title="bbox 2124 1393 3705 1475">
     <span class='ocr_line' id='line_1_28' title="bbox 2124 1393 3705 1475; baseline -0.01 -17"><span class='ocrx_word' id='word_1_183' title='bbox 2124 1406 2186 1458; x_wconf 74' lang='grc' dir='ltr'>τὸ</span> <span class='ocrx_word' id='word_1_184' title='bbox 2215 1407 2478 1475; x_wconf 72' lang='grc' dir='ltr'>στάσιμον</span> <span class='ocrx_word' id='word_1_185' title='bbox 2508 1403 2621 1474; x_wconf 83' lang='grc' dir='ltr'>ἔχει</span> <span class='ocrx_word' id='word_1_186' title='bbox 2646 1419 2659 1431; x_wconf 89' lang='grc'><strong>·</strong></span> <span class='ocrx_word' id='word_1_187' title='bbox 2687 1401 2924 1457; x_wconf 69' lang='grc' dir='ltr'>ἐνταῦθα</span> <span class='ocrx_word' id='word_1_188' title='bbox 2951 1400 3006 1454; x_wconf 83' lang='grc' dir='ltr'>δὲ</span> <span class='ocrx_word' id='word_1_189' title='bbox 3033 1396 3377 1470; x_wconf 81' lang='grc' dir='ltr'>προαίρεσις,</span> <span class='ocrx_word' id='word_1_190' title='bbox 3427 1393 3705 1459; x_wconf 84' lang='grc' dir='ltr'>πολυτρο-</span> 
     </span>
    </p>
   </div>
   <div class='ocr_carea' id='block_1_29' title="bbox 2125 1480 3704 1566">
    <p class='ocr_par' dir='ltr' id='par_1_29' title="bbox 2125 1480 3704 1566">
     <span class='ocr_line' id='line_1_29' title="bbox 2125 1480 3704 1566; baseline -0.011 -15"><span class='ocrx_word' id='word_1_191' title='bbox 2125 1496 2376 1551; x_wconf 52' lang='lat' dir='ltr'><strong>«cum»;</strong></span> <span class='ocrx_word' id='word_1_192' title='bbox 2403 1496 2593 1566; x_wconf 82' lang='grc' dir='ltr'>χρῆμα</span> <span class='ocrx_word' id='word_1_193' title='bbox 2639 1496 2735 1547; x_wconf 72' lang='grc' dir='ltr'><strong>καὶ</strong></span> <span class='ocrx_word' id='word_1_194' title='bbox 2763 1492 3207 1564; x_wconf 82' lang='grc' dir='ltr'>εύμετάπτωτον.</span> <span class='ocrx_word' id='word_1_195' title='bbox 3243 1486 3335 1541; x_wconf 77' lang='grc' dir='ltr'>Διὸ</span> <span class='ocrx_word' id='word_1_196' title='bbox 3359 1485 3467 1557; x_wconf 81' lang='grc' dir='ltr'><strong>χρὴ</strong></span> <span class='ocrx_word' id='word_1_197' title='bbox 3495 1482 3586 1537; x_wconf 69' lang='grc' dir='ltr'><strong>τὸν</strong></span> <span class='ocrx_word' id='word_1_198' title='bbox 3616 1480 3704 1533; x_wconf 83' lang='grc' dir='ltr'>δι-</span> 
     </span>
    </p>
   </div>
   <div class='ocr_carea' id='block_1_30' title="bbox 2125 1585 3063 1658">
    <p class='ocr_par' dir='ltr' id='par_1_30' title="bbox 2125 1585 3063 1658">
     <span class='ocr_line' id='line_1_30' title="bbox 2125 1585 3063 1658; baseline -0.003 -18"><span class='ocrx_word' id='word_1_199' title='bbox 2125 1588 2395 1642; x_wconf 78' lang='grc' dir='ltr'>δάσκαλον</span> <span class='ocrx_word' id='word_1_200' title='bbox 2430 1587 2601 1640; x_wconf 73' lang='grc' dir='ltr'>πολλὰ</span> <span class='ocrx_word' id='word_1_201' title='bbox 2628 1585 3063 1658; x_wconf 83' lang='grc' dir='ltr'>προοικονομεὶν.</span> 
     </span>
    </p>
   </div>
   <div class='ocr_carea' id='block_1_31' title="bbox 2195 1711 3710 1793">
    <p class='ocr_par' dir='ltr' id='par_1_31' title="bbox 2195 1711 3710 1793">
     <span class='ocr_line' id='line_1_31' title="bbox 2195 1711 3710 1793; baseline -0.009 -17"><span class='ocrx_word' id='word_1_202' title='bbox 2195 1725 2262 1776; x_wconf 76' lang='lat' dir='ltr'><strong>EI</strong></span> <span class='ocrx_word' id='word_1_203' title='bbox 2285 1721 2400 1792; x_wconf 81' lang='grc' dir='ltr'><strong>μὲν</strong></span> <span class='ocrx_word' id='word_1_204' title='bbox 2433 1718 2549 1776; x_wconf 74' lang='grc' dir='ltr'><strong>οὖν</strong></span> <span class='ocrx_word' id='word_1_205' title='bbox 2577 1722 2883 1786; x_wconf 72' lang='grc' dir='ltr'>τελείωσις</span> <span class='ocrx_word' id='word_1_206' title='bbox 2916 1720 3013 1773; x_wconf 83' lang='grc' dir='ltr'>διὰ</span> <span class='ocrx_word' id='word_1_207' title='bbox 3054 1718 3165 1786; x_wconf 83' lang='grc' dir='ltr'><strong>τῆς</strong></span> <span class='ocrx_word' id='word_1_208' title='bbox 3196 1711 3515 1793; x_wconf 79' lang='grc' dir='ltr'>Λευῖτικῆς</span> <span class='ocrx_word' id='word_1_209' title='bbox 3543 1713 3710 1779; x_wconf 74' lang='grc' dir='ltr'>ἱερω-</span> 
     </span>
    </p>
   </div>
   <div class='ocr_carea' id='block_1_32' title="bbox 440 1783 2028 1881">
    <p class='ocr_par' dir='ltr' id='par_1_32' title="bbox 440 1783 2020 1869">
     <span class='ocr_line' id='line_1_32' title="bbox 440 1783 2020 1869; baseline 0.007 -33"><span class='ocrx_word' id='word_1_210' title='bbox 440 1783 728 1841; x_wconf 73' lang='lat' dir='ltr'><strong>L’eviticum</strong></span> <span class='ocrx_word' id='word_1_211' title='bbox 756 1802 869 1844; x_wconf 88' lang='lat' dir='ltr'><strong>erat</strong></span> <span class='ocrx_word' id='word_1_212' title='bbox 895 1790 1137 1861; x_wconf 78' lang='lat' dir='ltr'><strong>(populus</strong></span> <span class='ocrx_word' id='word_1_213' title='bbox 1159 1795 1297 1847; x_wconf 82' lang='lat' dir='ltr'><strong>enim</strong></span> <span class='ocrx_word' id='word_1_214' title='bbox 1325 1795 1419 1848; x_wconf 83' lang='lat' dir='ltr'><strong>sub</strong></span> <span class='ocrx_word' id='word_1_215' title='bbox 1455 1796 1562 1863; x_wconf 84' lang='lat' dir='ltr'><strong>ipso</strong></span> <span class='ocrx_word' id='word_1_216' title='bbox 1593 1797 1753 1869; x_wconf 78' lang='lat' dir='ltr'><strong>legem</strong></span> <span class='ocrx_word' id='word_1_217' title='bbox 1778 1812 1885 1850; x_wconf 68' lang='grc' dir='ltr'><strong>εσσε</strong></span> <span class='ocrx_word' id='word_1_218' title='bbox 1900 1798 2020 1867; x_wconf 83' lang='lat' dir='ltr'><strong>pit),</strong></span> 
     </span>
    </p>
   </div>
   <div class='ocr_carea' id='block_1_33' title="bbox 2134 1783 3706 1881">
    <p class='ocr_par' dir='ltr' id='par_1_33' title="bbox 2134 1783 3706 1881">
     <span class='ocr_line' id='line_1_33' title="bbox 2134 1783 3706 1881; baseline -0.009 -15"><span class='ocrx_word' id='word_1_219' title='bbox 2134 1783 2325 1878; x_wconf 67' lang='grc' dir='ltr'><strong>σύιηνίς</strong></span> <span class='ocrx_word' id='word_1_220' title='bbox 2355 1808 2455 1881; x_wconf 81' lang='grc' dir='ltr'><strong>ἦν,</strong></span> <span class='ocrx_word' id='word_1_221' title='bbox 2498 1814 2530 1865; x_wconf 85' lang='grc' dir='ltr'><strong><em>ό</em></strong></span> <span class='ocrx_word' id='word_1_222' title='bbox 2560 1812 2711 1877; x_wconf 82' lang='grc' dir='ltr'>λαὸς</span> <span class='ocrx_word' id='word_1_223' title='bbox 2758 1783 2873 1879; x_wconf 69' lang='grc' dir='ltr'>γὰρ</span> <span class='ocrx_word' id='word_1_224' title='bbox 2906 1809 2999 1863; x_wconf 75' lang='grc' dir='ltr'><strong>ἐπ’</strong></span> <span class='ocrx_word' id='word_1_225' title='bbox 3037 1783 3193 1875; x_wconf 73' lang='grc' dir='ltr'>αὐτῇ</span> <span class='ocrx_word' id='word_1_226' title='bbox 3249 1787 3706 1871; x_wconf 78' lang='grc' dir='ltr'>νενομοθέτητο,</span> 
     </span>
    </p>
   </div>
   <div class='ocr_carea' id='block_1_34' title="bbox 442 1876 2028 1969">
    <p class='ocr_par' dir='ltr' id='par_1_34' title="bbox 442 1876 2020 1957">
     <span class='ocr_line' id='line_1_34' title="bbox 442 1876 2020 1957; baseline 0.008 -30"><span class='ocrx_word' id='word_1_227' title='bbox 442 1876 569 1943; x_wconf 85' lang='lat' dir='ltr'><strong>quid</strong></span> <span class='ocrx_word' id='word_1_228' title='bbox 620 1878 794 1934; x_wconf 80' lang='lat' dir='ltr'><strong>adhuc</strong></span> <span class='ocrx_word' id='word_1_229' title='bbox 848 1884 1203 1938; x_wconf 84' lang='lat' dir='ltr'><strong>necessarium</strong></span> <span class='ocrx_word' id='word_1_230' title='bbox 1261 1886 1386 1955; x_wconf 76' lang='lat' dir='ltr'><strong>fuit,</strong></span> <span class='ocrx_word' id='word_1_231' title='bbox 1440 1890 1723 1941; x_wconf 74' lang='lat' dir='ltr'><strong>sccrmdum</strong></span> <span class='ocrx_word' id='word_1_232' title='bbox 1780 1885 2020 1957; x_wconf 80' lang='lat' dir='ltr'><strong>ordinem</strong></span> 
     </span>
    </p>
   </div>
   <div class='ocr_carea' id='block_1_35' title="bbox 2134 1876 3710 1969">
    <p class='ocr_par' dir='ltr' id='par_1_35' title="bbox 2134 1876 3710 1969">
     <span class='ocr_line' id='line_1_35' title="bbox 2134 1876 3710 1969; baseline -0.009 -13"><span class='ocrx_word' id='word_1_233' title='bbox 2134 1904 2215 1968; x_wconf 79' lang='grc' dir='ltr'><strong>τίς</strong></span> <span class='ocrx_word' id='word_1_234' title='bbox 2244 1876 2329 1956; x_wconf 66' lang='grc' dir='ltr'>ἔτι</span> <span class='ocrx_word' id='word_1_235' title='bbox 2355 1876 2542 1969; x_wconf 43' lang='grc' dir='ltr'>χρεία,</span> <span class='ocrx_word' id='word_1_236' title='bbox 2578 1876 2725 1953; x_wconf 63' lang='grc' dir='ltr'>κατὰ</span> <span class='ocrx_word' id='word_1_237' title='bbox 2897 1897 3070 1963; x_wconf 76' lang='grc' dir='ltr'>τάξιν</span> <span class='ocrx_word' id='word_1_238' title='bbox 3088 1891 3467 1964; x_wconf 70' lang='grc' dir='ltr'>Μελχισεδὲκ</span> <span class='ocrx_word' id='word_1_239' title='bbox 3499 1889 3710 1958; x_wconf 72' lang='grc' dir='ltr'>ἕτερον</span> 
     </span>
    </p>
   </div>
   <div class='ocr_carea' id='block_1_36' title="bbox 442 1966 2019 2045">
    <p class='ocr_par' dir='ltr' id='par_1_36' title="bbox 442 1966 2019 2045">
     <span class='ocr_line' id='line_1_36' title="bbox 442 1966 2019 2045; baseline 0.008 -26"><span class='ocrx_word' id='word_1_240' title='bbox 442 1966 785 2026; x_wconf 76' lang='grc' dir='ltr'>ΜειεΙιίεειιεε</span> <span class='ocrx_word' id='word_1_241' title='bbox 808 1973 973 2026; x_wconf 79' lang='lat' dir='ltr'><strong>alium</strong></span> <span class='ocrx_word' id='word_1_242' title='bbox 1003 1991 1215 2045; x_wconf 78' lang='lat' dir='ltr'><strong>surgere</strong></span> <span class='ocrx_word' id='word_1_243' title='bbox 1245 1974 1594 2043; x_wconf 74' lang='lat' dir='ltr'><strong>sacerdotem,</strong></span> <span class='ocrx_word' id='word_1_244' title='bbox 1615 1986 1663 2030; x_wconf 88' lang='lat' dir='ltr'><strong>et</strong></span> <span class='ocrx_word' id='word_1_245' title='bbox 1698 1994 1803 2031; x_wconf 83' lang='lat' dir='ltr'><strong>non</strong></span> <span class='ocrx_word' id='word_1_246' title='bbox 1835 1993 2019 2031; x_wconf 78' lang='lat' dir='ltr'><strong>secun-</strong></span> 
     </span>
    </p>
   </div>
   <div class='ocr_carea' id='block_1_37' title="bbox 446 2052 2021 2141">
    <p class='ocr_par' dir='ltr' id='par_1_37' title="bbox 446 2052 2021 2141">
     <span class='ocr_line' id='line_1_37' title="bbox 446 2052 2021 2141; baseline 0.01 -31"><span class='ocrx_word' id='word_1_247' title='bbox 446 2052 568 2112; x_wconf 75' lang='lat' dir='ltr'><strong>dum</strong></span> <span class='ocrx_word' id='word_1_248' title='bbox 617 2061 856 2137; x_wconf 79' lang='lat' dir='ltr'><strong>ordinem</strong></span> <span class='ocrx_word' id='word_1_249' title='bbox 891 2064 1127 2120; x_wconf 73' lang='lat' dir='ltr'><strong>Aaronis</strong></span> <span class='ocrx_word' id='word_1_250' title='bbox 1173 2066 1281 2141; x_wconf 80' lang='lat' dir='ltr'><strong>dici</strong></span> <span class='ocrx_word' id='word_1_251' title='bbox 1311 2069 1337 2123; x_wconf 84' lang='lat'><strong><em>?</em></strong></span> <span class='ocrx_word' id='word_1_252' title='bbox 1383 2066 1500 2122; x_wconf 79' lang='lat' dir='ltr'><strong>Jam</strong></span> <span class='ocrx_word' id='word_1_253' title='bbox 1556 2078 1684 2124; x_wconf 88' lang='lat' dir='ltr'><strong>ante</strong></span> <span class='ocrx_word' id='word_1_254' title='bbox 1733 2067 2021 2125; x_wconf 79' lang='lat' dir='ltr'><strong>Melchise-</strong></span> 
     </span>
    </p>
   </div>
   <div class='ocr_carea' id='block_1_38' title="bbox 443 2150 2017 2237">
    <p class='ocr_par' dir='ltr' id='par_1_38' title="bbox 443 2150 2017 2237">
     <span class='ocr_line' id='line_1_38' title="bbox 443 2150 2017 2237; baseline 0.006 -33"><span class='ocrx_word' id='word_1_255' title='bbox 443 2150 637 2207; x_wconf 82' lang='lat' dir='ltr'><strong>decqu</strong></span> <span class='ocrx_word' id='word_1_256' title='bbox 670 2154 724 2208; x_wconf 90' lang='lat' dir='ltr'><strong>in</strong></span> <span class='ocrx_word' id='word_1_257' title='bbox 750 2156 1101 2211; x_wconf 80' lang='lat' dir='ltr'><strong>sacerdotum</strong></span> <span class='ocrx_word' id='word_1_258' title='bbox 1135 2158 1329 2235; x_wconf 88' lang='lat' dir='ltr'><strong>ordine</strong></span> <span class='ocrx_word' id='word_1_259' title='bbox 1378 2168 1491 2214; x_wconf 87' lang='lat' dir='ltr'><strong>tum</strong></span> <span class='ocrx_word' id='word_1_260' title='bbox 1522 2160 1856 2237; x_wconf 80' lang='lat' dir='ltr'><strong>Ahraltamo,</strong></span> <span class='ocrx_word' id='word_1_261' title='bbox 1905 2171 2017 2235; x_wconf 85' lang='lat' dir='ltr'><strong>tum</strong></span> 
     </span>
    </p>
   </div>
   <div class='ocr_carea' id='block_1_39' title="bbox 444 2242 2022 2318">
    <p class='ocr_par' dir='ltr' id='par_1_39' title="bbox 444 2242 2022 2318">
     <span class='ocr_line' id='line_1_39' title="bbox 444 2242 2022 2318; baseline 0.006 -22"><span class='ocrx_word' id='word_1_262' title='bbox 444 2243 573 2299; x_wconf 70' lang='lat' dir='ltr'><strong>Levi</strong></span> <span class='ocrx_word' id='word_1_263' title='bbox 630 2246 791 2316; x_wconf 84' lang='lat' dir='ltr'><strong>longe</strong></span> <span class='ocrx_word' id='word_1_264' title='bbox 847 2250 1282 2318; x_wconf 68' lang='lat' dir='ltr'><strong>praestantiorem</strong></span> <span class='ocrx_word' id='word_1_265' title='bbox 1343 2242 1516 2308; x_wconf 78' lang='lat' dir='ltr'><strong>fuisse</strong></span> <span class='ocrx_word' id='word_1_266' title='bbox 1560 2254 1815 2311; x_wconf 80' lang='lat' dir='ltr'><strong>ostendit.</strong></span> <span class='ocrx_word' id='word_1_267' title='bbox 1866 2251 2022 2307; x_wconf 86' lang='lat' dir='ltr'><strong>Nunc</strong></span> 
     </span>
    </p>
   </div>
   <div class='ocr_carea' id='block_1_40' title="bbox 441 2338 2019 2415">
    <p class='ocr_par' dir='ltr' id='par_1_40' title="bbox 441 2338 2019 2415">
     <span class='ocr_line' id='line_1_40' title="bbox 441 2338 2019 2415; baseline 0.005 -24"><span class='ocrx_word' id='word_1_268' title='bbox 441 2353 640 2393; x_wconf 86' lang='lat' dir='ltr'><strong>rursus</strong></span> <span class='ocrx_word' id='word_1_269' title='bbox 660 2338 811 2394; x_wconf 82' lang='lat' dir='ltr'><strong>aliud</strong></span> <span class='ocrx_word' id='word_1_270' title='bbox 855 2350 1234 2412; x_wconf 78' lang='lat' dir='ltr'><strong>argumentum</strong></span> <span class='ocrx_word' id='word_1_271' title='bbox 1264 2343 1510 2409; x_wconf 84' lang='lat' dir='ltr'><strong>adducit,</strong></span> <span class='ocrx_word' id='word_1_272' title='bbox 1549 2345 1844 2400; x_wconf 85' lang='lat' dir='ltr'><strong>ostendens</strong></span> <span class='ocrx_word' id='word_1_273' title='bbox 1876 2348 2019 2415; x_wconf 84' lang='lat' dir='ltr'><strong>quod</strong></span> 
     </span>
    </p>
   </div>
   <div class='ocr_carea' id='block_1_41' title="bbox 443 2422 2023 2506">
    <p class='ocr_par' dir='ltr' id='par_1_41' title="bbox 443 2422 2023 2506">
     <span class='ocr_line' id='line_1_41' title="bbox 443 2422 2023 2506; baseline 0.005 -24"><span class='ocrx_word' id='word_1_274' title='bbox 443 2428 813 2485; x_wconf 83' lang='lat' dir='ltr'><strong>sacerdotium</strong></span> <span class='ocrx_word' id='word_1_275' title='bbox 841 2422 1142 2487; x_wconf 89' lang='lat' dir='ltr'><strong>secundum</strong></span> <span class='ocrx_word' id='word_1_276' title='bbox 1172 2432 1451 2491; x_wconf 87' lang='lat' dir='ltr'><strong>Christum</strong></span> <span class='ocrx_word' id='word_1_277' title='bbox 1479 2435 1636 2506; x_wconf 85' lang='lat' dir='ltr'><strong>longe</strong></span> <span class='ocrx_word' id='word_1_278' title='bbox 1661 2435 1731 2491; x_wconf 88' lang='lat' dir='ltr'><strong>sit</strong></span> <span class='ocrx_word' id='word_1_279' title='bbox 1754 2436 2023 2490; x_wconf 79' lang='lat' dir='ltr'><strong>excellen-</strong></span> 
     </span>
    </p>
   </div>
   <div class='ocr_carea' id='block_1_42' title="bbox 445 2514 2020 2599">
    <p class='ocr_par' dir='ltr' id='par_1_42' title="bbox 445 2514 2020 2599">
     <span class='ocr_line' id='line_1_42' title="bbox 445 2514 2020 2599; baseline 0.007 -32"><span class='ocrx_word' id='word_1_280' title='bbox 445 2516 557 2570; x_wconf 82' lang='lat' dir='ltr'><strong>tius</strong></span> <span class='ocrx_word' id='word_1_281' title='bbox 593 2516 909 2575; x_wconf 77' lang='lat' dir='ltr'><strong>Levitarum</strong></span> <span class='ocrx_word' id='word_1_282' title='bbox 945 2521 1277 2586; x_wconf 88' lang='lat' dir='ltr'><strong>sacerdotio,</strong></span> <span class='ocrx_word' id='word_1_283' title='bbox 1309 2528 1365 2578; x_wconf 90' lang='lat' dir='ltr'><strong>et</strong></span> <span class='ocrx_word' id='word_1_284' title='bbox 1398 2523 1548 2593; x_wconf 85' lang='lat' dir='ltr'><strong>quod</strong></span> <span class='ocrx_word' id='word_1_285' title='bbox 1579 2514 1786 2599; x_wconf 63' lang='grc' dir='ltr'>ειη-ἰειί</span> <span class='ocrx_word' id='word_1_286' title='bbox 1832 2538 2020 2593; x_wconf 81' lang='lat' dir='ltr'><strong>sacer-</strong></span> 
     </span>
    </p>
   </div>
   <div class='ocr_carea' id='block_1_43' title="bbox 442 2606 2020 2687">
    <p class='ocr_par' dir='ltr' id='par_1_43' title="bbox 442 2606 2020 2687">
     <span class='ocr_line' id='line_1_43' title="bbox 442 2606 2020 2687; baseline 0.004 -25"><span class='ocrx_word' id='word_1_287' title='bbox 442 2607 654 2662; x_wconf 90' lang='lat' dir='ltr'><strong>dotium</strong></span> <span class='ocrx_word' id='word_1_288' title='bbox 691 2609 763 2663; x_wconf 87' lang='lat' dir='ltr'><strong>sit</strong></span> <span class='ocrx_word' id='word_1_289' title='bbox 796 2610 1122 2678; x_wconf 77' lang='lat' dir='ltr'><strong>perfectum,</strong></span> <span class='ocrx_word' id='word_1_290' title='bbox 1147 2606 1365 2667; x_wconf 84' lang='lat' dir='ltr'><strong>illorum</strong></span> <span class='ocrx_word' id='word_1_291' title='bbox 1397 2606 1580 2687; x_wconf 80' lang='lat' dir='ltr'><strong>autem</strong></span> <span class='ocrx_word' id='word_1_292' title='bbox 1618 2612 2020 2684; x_wconf 77' lang='lat' dir='ltr'><strong>imperfectum.</strong></span> 
     </span>
    </p>
   </div>
   <div class='ocr_carea' id='block_1_44' title="bbox 445 2700 2025 2776">
    <p class='ocr_par' dir='ltr' id='par_1_44' title="bbox 445 2700 2025 2776">
     <span class='ocr_line' id='line_1_44' title="bbox 445 2700 2025 2776; baseline 0.007 -24"><span class='ocrx_word' id='word_1_293' title='bbox 445 2700 580 2753; x_wconf 77' lang='lat' dir='ltr'><strong>Nam</strong></span> <span class='ocrx_word' id='word_1_294' title='bbox 633 2700 678 2754; x_wconf 88' lang='lat' dir='ltr'><strong>si</strong></span> <span class='ocrx_word' id='word_1_295' title='bbox 711 2700 1014 2770; x_wconf 79' lang='lat' dir='ltr'><strong>perfectum</strong></span> <span class='ocrx_word' id='word_1_296' title='bbox 1064 2711 1182 2758; x_wconf 86' lang='lat' dir='ltr'><strong>erat</strong></span> <span class='ocrx_word' id='word_1_297' title='bbox 1230 2705 1594 2762; x_wconf 84' lang='lat' dir='ltr'><strong>sacerdotium</strong></span> <span class='ocrx_word' id='word_1_298' title='bbox 1637 2707 1790 2776; x_wconf 73' lang='lat' dir='ltr'><strong>legis,</strong></span> <span class='ocrx_word' id='word_1_299' title='bbox 1828 2723 2025 2763; x_wconf 81' lang='lat' dir='ltr'><strong>secun-</strong></span> 
     </span>
    </p>
   </div>
   <div class='ocr_carea' id='block_1_45' title="bbox 444 2786 2024 2869">
    <p class='ocr_par' dir='ltr' id='par_1_45' title="bbox 444 2786 2024 2869">
     <span class='ocr_line' id='line_1_45' title="bbox 444 2786 2024 2869; baseline 0.004 -25"><span class='ocrx_word' id='word_1_300' title='bbox 444 2794 574 2844; x_wconf 88' lang='lat' dir='ltr'><strong>dum</strong></span> <span class='ocrx_word' id='word_1_301' title='bbox 621 2792 868 2848; x_wconf 90' lang='lat' dir='ltr'><strong>ordinem</strong></span> <span class='ocrx_word' id='word_1_302' title='bbox 913 2795 1145 2851; x_wconf 82' lang='lat' dir='ltr'><strong>Aarouis</strong></span> <span class='ocrx_word' id='word_1_303' title='bbox 1196 2797 1485 2866; x_wconf 82' lang='lat' dir='ltr'><strong>oportebat</strong></span> <span class='ocrx_word' id='word_1_304' title='bbox 1515 2814 1809 2869; x_wconf 67' lang='lat' dir='ltr'><strong>exsurgere</strong></span> <span class='ocrx_word' id='word_1_305' title='bbox 1842 2786 2024 2854; x_wconf 80' lang='lat' dir='ltr'><strong>sacer-</strong></span> 
     </span>
    </p>
   </div>
   <div class='ocr_carea' id='block_1_46' title="bbox 449 2886 2025 2965">
    <p class='ocr_par' dir='ltr' id='par_1_46' title="bbox 449 2886 2025 2965">
     <span class='ocr_line' id='line_1_46' title="bbox 449 2886 2025 2965; baseline 0.006 -26"><span class='ocrx_word' id='word_1_306' title='bbox 449 2886 632 2940; x_wconf 83' lang='lat' dir='ltr'><strong>dotem</strong></span> <span class='ocrx_word' id='word_1_307' title='bbox 669 2900 682 2940; x_wconf 86' lang='lat'><strong>:</strong></span> <span class='ocrx_word' id='word_1_308' title='bbox 723 2900 845 2941; x_wconf 90' lang='lat' dir='ltr'><strong>nam</strong></span> <span class='ocrx_word' id='word_1_309' title='bbox 886 2888 1066 2944; x_wconf 81' lang='lat' dir='ltr'><strong>Aaron</strong></span> <span class='ocrx_word' id='word_1_310' title='bbox 1111 2906 1176 2945; x_wconf 86' lang='lat' dir='ltr'><strong>ex</strong></span> <span class='ocrx_word' id='word_1_311' title='bbox 1215 2891 1363 2960; x_wconf 80' lang='lat' dir='ltr'><strong>tribu</strong></span> <span class='ocrx_word' id='word_1_312' title='bbox 1410 2890 1653 2946; x_wconf 77' lang='lat' dir='ltr'><strong>Leritica</strong></span> <span class='ocrx_word' id='word_1_313' title='bbox 1689 2899 1827 2947; x_wconf 86' lang='lat' dir='ltr'><strong>erat.</strong></span> <span class='ocrx_word' id='word_1_314' title='bbox 1862 2894 2025 2965; x_wconf 83' lang='lat' dir='ltr'><strong>Atqui</strong></span> 
     </span>
    </p>
   </div>
   <div class='ocr_carea' id='block_1_47' title="bbox 447 2974 2025 3057">
    <p class='ocr_par' dir='ltr' id='par_1_47' title="bbox 447 2974 2025 3057">
     <span class='ocr_line' id='line_1_47' title="bbox 447 2974 2025 3057; baseline 0.004 -27"><span class='ocrx_word' id='word_1_315' title='bbox 447 2996 557 3031; x_wconf 86' lang='lat' dir='ltr'><strong>non</strong></span> <span class='ocrx_word' id='word_1_316' title='bbox 585 2979 889 3057; x_wconf 82' lang='lat' dir='ltr'><strong>secundum</strong></span> <span class='ocrx_word' id='word_1_317' title='bbox 932 2981 1178 3036; x_wconf 87' lang='lat' dir='ltr'><strong>ordinem</strong></span> <span class='ocrx_word' id='word_1_318' title='bbox 1210 2982 1463 3048; x_wconf 79' lang='lat' dir='ltr'><strong>Aaronis,</strong></span> <span class='ocrx_word' id='word_1_319' title='bbox 1498 3000 1686 3039; x_wconf 86' lang='lat' dir='ltr'><strong>verum</strong></span> <span class='ocrx_word' id='word_1_320' title='bbox 1724 2974 2025 3057; x_wconf 80' lang='lat' dir='ltr'><strong>secundum</strong></span> 
     </span>
    </p>
   </div>
   <div class='ocr_carea' id='block_1_48' title="bbox 444 3053 2023 3157">
    <p class='ocr_par' dir='ltr' id='par_1_48' title="bbox 444 3053 2023 3157">
     <span class='ocr_line' id='line_1_48' title="bbox 444 3053 2023 3157; baseline 0.003 -33"><span class='ocrx_word' id='word_1_321' title='bbox 444 3069 694 3124; x_wconf 85' lang='lat' dir='ltr'><strong>ordinem</strong></span> <span class='ocrx_word' id='word_1_322' title='bbox 754 3053 1114 3147; x_wconf 76' lang='lat' dir='ltr'><strong>Melchisedec</strong></span> <span class='ocrx_word' id='word_1_323' title='bbox 1168 3072 1365 3147; x_wconf 80' lang='lat' dir='ltr'><strong>dicitur</strong></span> <span class='ocrx_word' id='word_1_324' title='bbox 1397 3090 1688 3157; x_wconf 75' lang='lat' dir='ltr'><strong>exsurgere</strong></span> <span class='ocrx_word' id='word_1_325' title='bbox 1745 3076 2023 3131; x_wconf 80' lang='lat' dir='ltr'><strong>sacerdos.</strong></span> 
     </span>
    </p>
   </div>
   <div class='ocr_carea' id='block_1_49' title="bbox 449 3162 2095 3237">
    <p class='ocr_par' dir='ltr' id='par_1_49' title="bbox 449 3162 2095 3237">
     <span class='ocr_line' id='line_1_49' title="bbox 449 3162 2095 3237; baseline 0.004 -23"><span class='ocrx_word' id='word_1_326' title='bbox 449 3162 738 3232; x_wconf 70' lang='lat' dir='ltr'><strong>Reliquum</strong></span> <span class='ocrx_word' id='word_1_327' title='bbox 771 3171 855 3219; x_wconf 84' lang='lat' dir='ltr'><strong>est</strong></span> <span class='ocrx_word' id='word_1_328' title='bbox 888 3163 1075 3234; x_wconf 84' lang='lat' dir='ltr'><strong>igitur,</strong></span> <span class='ocrx_word' id='word_1_329' title='bbox 1115 3174 1171 3219; x_wconf 91' lang='lat' dir='ltr'><strong>ut</strong></span> <span class='ocrx_word' id='word_1_330' title='bbox 1206 3166 1367 3220; x_wconf 86' lang='lat' dir='ltr'><strong>veluti</strong></span> <span class='ocrx_word' id='word_1_331' title='bbox 1393 3165 1708 3237; x_wconf 80' lang='lat' dir='ltr'><strong>imperfecto</strong></span> <span class='ocrx_word' id='word_1_332' title='bbox 1733 3168 1849 3229; x_wconf 88' lang='lat' dir='ltr'><strong>illo,</strong></span> <span class='ocrx_word' id='word_1_333' title='bbox 1882 3170 2024 3221; x_wconf 83' lang='lat' dir='ltr'><strong>aliud</strong></span> <span class='ocrx_word' id='word_1_334' title='bbox 2054 3171 2095 3229; x_wconf 88' lang='lat' dir='ltr'><strong><em>C</em></strong></span> 
     </span>
    </p>
   </div>
   <div class='ocr_carea' id='block_1_50' title="bbox 445 3251 2021 3337">
    <p class='ocr_par' dir='ltr' id='par_1_50' title="bbox 445 3251 2021 3337">
     <span class='ocr_line' id='line_1_50' title="bbox 445 3251 2021 3337; baseline 0.005 -28"><span class='ocrx_word' id='word_1_335' title='bbox 445 3257 717 3325; x_wconf 65' lang='lat' dir='ltr'><strong>quoddam</strong></span> <span class='ocrx_word' id='word_1_336' title='bbox 941 3260 1342 3316; x_wconf 72' lang='lat' dir='ltr'><strong>introducatur.</strong></span> <span class='ocrx_word' id='word_1_337' title='bbox 1373 3262 1547 3318; x_wconf 82' lang='lat' dir='ltr'><strong>Porro</strong></span> <span class='ocrx_word' id='word_1_338' title='bbox 1591 3262 1705 3319; x_wconf 71' lang='lat' dir='ltr'><strong>haec</strong></span> <span class='ocrx_word' id='word_1_339' title='bbox 1733 3265 2021 3337; x_wconf 78' lang='lat' dir='ltr'><strong>particula,</strong></span> 
     </span>
    </p>
   </div>
   <div class='ocr_carea' id='block_1_51' title="bbox 446 3336 2021 3431">
    <p class='ocr_par' dir='ltr' id='par_1_51' title="bbox 446 3336 2021 3431">
     <span class='ocr_line' id='line_1_51' title="bbox 446 3336 2021 3431; baseline 0.007 -30"><span class='ocrx_word' id='word_1_340' title='bbox 446 3351 553 3412; x_wconf 77' lang='grc' dir='ltr'>ἐτι,</span> <span class='ocrx_word' id='word_1_341' title='bbox 589 3336 841 3421; x_wconf 73' lang='lat' dir='ltr'><strong>magnam</strong></span> <span class='ocrx_word' id='word_1_342' title='bbox 869 3342 1044 3425; x_wconf 70' lang='lat' dir='ltr'><strong>habet</strong></span> <span class='ocrx_word' id='word_1_343' title='bbox 1083 3356 1396 3425; x_wconf 81' lang='lat' dir='ltr'><strong>emphasin,</strong></span> <span class='ocrx_word' id='word_1_344' title='bbox 1452 3357 1842 3431; x_wconf 86' lang='lat' dir='ltr'><strong>propemodum</strong></span> <span class='ocrx_word' id='word_1_345' title='bbox 1877 3359 2021 3431; x_wconf 84' lang='lat' dir='ltr'><strong>enim</strong></span> 
     </span>
    </p>
   </div>
   <div class='ocr_carea' id='block_1_52' title="bbox 446 3439 2025 3518">
    <p class='ocr_par' dir='ltr' id='par_1_52' title="bbox 446 3439 2025 3518">
     <span class='ocr_line' id='line_1_52' title="bbox 446 3439 2025 3518; baseline 0.006 -25"><span class='ocrx_word' id='word_1_346' title='bbox 446 3441 549 3494; x_wconf 84' lang='lat' dir='ltr'><strong>hoc</strong></span> <span class='ocrx_word' id='word_1_347' title='bbox 579 3440 711 3494; x_wconf 86' lang='lat' dir='ltr'><strong>dicit</strong></span> <span class='ocrx_word' id='word_1_348' title='bbox 745 3458 757 3494; x_wconf 90' lang='lat'><strong>:</strong></span> <span class='ocrx_word' id='word_1_349' title='bbox 791 3439 849 3495; x_wconf 92' lang='lat' dir='ltr'><strong>Si</strong></span> <span class='ocrx_word' id='word_1_350' title='bbox 885 3441 1142 3517; x_wconf 85' lang='lat' dir='ltr'><strong>Christus</strong></span> <span class='ocrx_word' id='word_1_351' title='bbox 1183 3448 1494 3518; x_wconf 82' lang='lat' dir='ltr'><strong>secundum</strong></span> <span class='ocrx_word' id='word_1_352' title='bbox 1522 3447 1771 3502; x_wconf 89' lang='lat' dir='ltr'><strong>ordinem</strong></span> <span class='ocrx_word' id='word_1_353' title='bbox 1803 3447 2025 3502; x_wconf 83' lang='lat' dir='ltr'><strong>Melchi-</strong></span> 
     </span>
    </p>
   </div>
   <div class='ocr_carea' id='block_1_53' title="bbox 452 3522 2026 3608">
    <p class='ocr_par' dir='ltr' id='par_1_53' title="bbox 452 3522 2026 3608">
     <span class='ocr_line' id='line_1_53' title="bbox 452 3522 2026 3608; baseline 0.008 -25"><span class='ocrx_word' id='word_1_354' title='bbox 452 3531 633 3585; x_wconf 84' lang='lat' dir='ltr'><strong>scdeci</strong></span> <span class='ocrx_word' id='word_1_355' title='bbox 673 3531 868 3587; x_wconf 77' lang='lat' dir='ltr'><strong>fuisset</strong></span> <span class='ocrx_word' id='word_1_356' title='bbox 891 3544 1071 3598; x_wconf 84' lang='lat' dir='ltr'><strong>antea,</strong></span> <span class='ocrx_word' id='word_1_357' title='bbox 1118 3551 1181 3600; x_wconf 85' lang='lat' dir='ltr'><strong>ac</strong></span> <span class='ocrx_word' id='word_1_358' title='bbox 1214 3537 1412 3594; x_wconf 89' lang='lat' dir='ltr'><strong>deinde</strong></span> <span class='ocrx_word' id='word_1_359' title='bbox 1440 3539 1537 3593; x_wconf 82' lang='lat' dir='ltr'><strong>&#39;lex</strong></span> <span class='ocrx_word' id='word_1_360' title='bbox 1567 3549 1714 3596; x_wconf 90' lang='lat' dir='ltr'><strong>esset</strong></span> <span class='ocrx_word' id='word_1_361' title='bbox 1732 3522 1884 3608; x_wconf 81' lang='lat' dir='ltr'><strong>data,</strong></span> <span class='ocrx_word' id='word_1_362' title='bbox 1917 3558 2026 3605; x_wconf 89' lang='lat' dir='ltr'><strong>non</strong></span> 
     </span>
    </p>
   </div>
   <div class='ocr_carea' id='block_1_54' title="bbox 452 3622 2025 3702">
    <p class='ocr_par' dir='ltr' id='par_1_54' title="bbox 452 3622 2025 3702">
     <span class='ocr_line' id='line_1_54' title="bbox 452 3622 2025 3702; baseline 0.007 -27"><span class='ocrx_word' id='word_1_363' title='bbox 452 3622 729 3676; x_wconf 77' lang='lat' dir='ltr'><strong>immerito</strong></span> <span class='ocrx_word' id='word_1_364' title='bbox 781 3622 905 3691; x_wconf 83' lang='lat' dir='ltr'><strong>quis</strong></span> <span class='ocrx_word' id='word_1_365' title='bbox 958 3624 1186 3691; x_wconf 86' lang='lat' dir='ltr'><strong>diceret,</strong></span> <span class='ocrx_word' id='word_1_366' title='bbox 1235 3628 1381 3693; x_wconf 91' lang='lat' dir='ltr'><strong>quod</strong></span> <span class='ocrx_word' id='word_1_367' title='bbox 1436 3629 1605 3684; x_wconf 85' lang='lat' dir='ltr'><strong>veluti</strong></span> <span class='ocrx_word' id='word_1_368' title='bbox 1642 3629 2025 3702; x_wconf 76' lang='lat' dir='ltr'><strong>imperfectum</strong></span> 
     </span>
    </p>
   </div>
   <div class='ocr_carea' id='block_1_55' title="bbox 449 3713 2027 3785">
    <p class='ocr_par' dir='ltr' id='par_1_55' title="bbox 449 3713 2027 3785">
     <span class='ocr_line' id='line_1_55' title="bbox 449 3713 2027 3785; baseline 0.01 -20"><span class='ocrx_word' id='word_1_369' title='bbox 449 3722 597 3768; x_wconf 80' lang='lat' dir='ltr'><strong>esset</strong></span> <span class='ocrx_word' id='word_1_370' title='bbox 628 3713 1006 3771; x_wconf 84' lang='lat' dir='ltr'><strong>Melehisedeci</strong></span> <span class='ocrx_word' id='word_1_371' title='bbox 1035 3718 1425 3785; x_wconf 85' lang='lat' dir='ltr'><strong>sacerdotium,</strong></span> <span class='ocrx_word' id='word_1_372' title='bbox 1455 3722 1641 3775; x_wconf 87' lang='lat' dir='ltr'><strong>datum</strong></span> <span class='ocrx_word' id='word_1_373' title='bbox 1671 3724 1740 3779; x_wconf 91' lang='lat' dir='ltr'><strong>sit</strong></span> <span class='ocrx_word' id='word_1_374' title='bbox 1766 3724 2027 3781; x_wconf 85' lang='lat' dir='ltr'><strong>sacerdo-</strong></span> 
     </span>
    </p>
   </div>
   <div class='ocr_carea' id='block_1_56' title="bbox 451 3808 2029 3880">
    <p class='ocr_par' dir='ltr' id='par_1_56' title="bbox 451 3808 2029 3880">
     <span class='ocr_line' id='line_1_56' title="bbox 451 3808 2029 3880; baseline 0.01 -26"><span class='ocrx_word' id='word_1_375' title='bbox 451 3808 584 3859; x_wconf 88' lang='lat' dir='ltr'><strong>tium</strong></span> <span class='ocrx_word' id='word_1_376' title='bbox 617 3808 918 3862; x_wconf 87' lang='lat' dir='ltr'><strong>secundum</strong></span> <span class='ocrx_word' id='word_1_377' title='bbox 941 3808 1134 3880; x_wconf 84' lang='lat' dir='ltr'><strong>legem,</strong></span> <span class='ocrx_word' id='word_1_378' title='bbox 1168 3811 1401 3867; x_wconf 87' lang='lat' dir='ltr'><strong>Aarouis</strong></span> <span class='ocrx_word' id='word_1_379' title='bbox 1433 3814 1715 3871; x_wconf 85' lang='lat' dir='ltr'><strong>nimirum.</strong></span> <span class='ocrx_word' id='word_1_380' title='bbox 1739 3813 1895 3870; x_wconf 87' lang='lat' dir='ltr'><strong>Nunc</strong></span> <span class='ocrx_word' id='word_1_381' title='bbox 1926 3831 2029 3870; x_wconf 84' lang='lat' dir='ltr'><strong>au-</strong></span> 
     </span>
    </p>
   </div>
   <div class='ocr_carea' id='block_1_57' title="bbox 452 3901 2028 3969">
    <p class='ocr_par' dir='ltr' id='par_1_57' title="bbox 452 3901 2028 3969">
     <span class='ocr_line' id='line_1_57' title="bbox 452 3901 2028 3969; baseline 0.007 -19"><span class='ocrx_word' id='word_1_382' title='bbox 452 3909 559 3952; x_wconf 89' lang='lat' dir='ltr'><strong>tem</strong></span> <span class='ocrx_word' id='word_1_383' title='bbox 590 3901 862 3969; x_wconf 82' lang='lat' dir='ltr'><strong>posterior</strong></span> <span class='ocrx_word' id='word_1_384' title='bbox 887 3908 977 3956; x_wconf 85' lang='lat' dir='ltr'><strong>est</strong></span> <span class='ocrx_word' id='word_1_385' title='bbox 1012 3902 1288 3968; x_wconf 82' lang='lat' dir='ltr'><strong>Christus,</strong></span> <span class='ocrx_word' id='word_1_386' title='bbox 1320 3912 1375 3959; x_wconf 90' lang='lat' dir='ltr'><strong>et</strong></span> <span class='ocrx_word' id='word_1_387' title='bbox 1397 3906 1556 3959; x_wconf 87' lang='lat' dir='ltr'><strong>aliam</strong></span> <span class='ocrx_word' id='word_1_388' title='bbox 1590 3907 1881 3962; x_wconf 77' lang='lat' dir='ltr'><strong>sacerdotii</strong></span> <span class='ocrx_word' id='word_1_389' title='bbox 1916 3906 2028 3961; x_wconf 82' lang='lat' dir='ltr'><strong>for-</strong></span> 
     </span>
    </p>
   </div>
   <div class='ocr_carea' id='block_1_58' title="bbox 452 3990 2029 4067">
    <p class='ocr_par' dir='ltr' id='par_1_58' title="bbox 452 3990 2029 4067">
     <span class='ocr_line' id='line_1_58' title="bbox 452 3990 2029 4067; baseline 0.008 -26"><span class='ocrx_word' id='word_1_390' title='bbox 452 4005 596 4042; x_wconf 86' lang='lat' dir='ltr'><strong>mam</strong></span> <span class='ocrx_word' id='word_1_391' title='bbox 626 3992 854 4060; x_wconf 84' lang='lat' dir='ltr'><strong>accepit.</strong></span> <span class='ocrx_word' id='word_1_392' title='bbox 890 3990 1242 4062; x_wconf 84' lang='lat' dir='ltr'><strong>Perspicuum</strong></span> <span class='ocrx_word' id='word_1_393' title='bbox 1276 4005 1361 4051; x_wconf 80' lang='lat' dir='ltr'><strong>est</strong></span> <span class='ocrx_word' id='word_1_394' title='bbox 1413 3998 1579 4067; x_wconf 78' lang='lat' dir='ltr'><strong>igitur</strong></span> <span class='ocrx_word' id='word_1_395' title='bbox 1632 4000 1804 4067; x_wconf 85' lang='lat' dir='ltr'><strong>quod,</strong></span> <span class='ocrx_word' id='word_1_396' title='bbox 1862 3999 2029 4054; x_wconf 65' lang='lat' dir='ltr'><strong>veluti</strong></span> 
     </span>
    </p>
   </div>
   <div class='ocr_carea' id='block_1_59' title="bbox 454 4082 2028 4156">
    <p class='ocr_par' dir='ltr' id='par_1_59' title="bbox 454 4082 2028 4156">
     <span class='ocr_line' id='line_1_59' title="bbox 454 4082 2028 4156; baseline 0.008 -23"><span class='ocrx_word' id='word_1_397' title='bbox 454 4082 857 4149; x_wconf 77' lang='lat' dir='ltr'><strong>imperfectiorc</strong></span> <span class='ocrx_word' id='word_1_398' title='bbox 887 4085 1194 4142; x_wconf 77' lang='lat' dir='ltr'><strong>exsistente</strong></span> <span class='ocrx_word' id='word_1_399' title='bbox 1227 4088 1535 4144; x_wconf 85' lang='lat' dir='ltr'><strong>sacerdotio</strong></span> <span class='ocrx_word' id='word_1_400' title='bbox 1573 4091 1827 4156; x_wconf 84' lang='lat' dir='ltr'><strong>Aaronis,</strong></span> <span class='ocrx_word' id='word_1_401' title='bbox 1882 4092 2028 4146; x_wconf 82' lang='lat' dir='ltr'><strong>aliud</strong></span> 
     </span>
    </p>
   </div>
   <div class='ocr_carea' id='block_1_60' title="bbox 456 4168 2034 4253">
    <p class='ocr_par' dir='ltr' id='par_1_60' title="bbox 456 4168 2034 4253">
     <span class='ocr_line' id='line_1_60' title="bbox 456 4168 2034 4253; baseline 0.008 -28"><span class='ocrx_word' id='word_1_402' title='bbox 456 4175 841 4230; x_wconf 76' lang='lat' dir='ltr'><strong>introducitur.</strong></span> <span class='ocrx_word' id='word_1_403' title='bbox 893 4176 1034 4242; x_wconf 87' lang='lat' dir='ltr'><strong>Quid</strong></span> <span class='ocrx_word' id='word_1_404' title='bbox 1056 4168 1235 4234; x_wconf 89' lang='lat' dir='ltr'><strong>autem</strong></span> <span class='ocrx_word' id='word_1_405' title='bbox 1270 4188 1374 4244; x_wconf 87' lang='lat' dir='ltr'><strong>est,</strong></span> <span class='ocrx_word' id='word_1_406' title='bbox 1407 4179 1517 4236; x_wconf 83' lang='lat' dir='ltr'><strong>Sub</strong></span> <span class='ocrx_word' id='word_1_407' title='bbox 1554 4182 1668 4252; x_wconf 80' lang='lat' dir='ltr'><strong>ipso</strong></span> <span class='ocrx_word' id='word_1_408' title='bbox 1693 4183 1855 4253; x_wconf 84' lang='lat' dir='ltr'><strong>legent</strong></span> <span class='ocrx_word' id='word_1_409' title='bbox 1884 4199 2034 4238; x_wconf 79' lang='lat' dir='ltr'><strong>acce-</strong></span> 
     </span>
    </p>
   </div>
   <div class='ocr_carea' id='block_1_61' title="bbox 460 4260 2033 4344">
    <p class='ocr_par' dir='ltr' id='par_1_61' title="bbox 460 4260 2033 4344">
     <span class='ocr_line' id='line_1_61' title="bbox 460 4260 2033 4344; baseline 0.012 -32"><span class='ocrx_word' id='word_1_410' title='bbox 460 4264 577 4329; x_wconf 79' lang='lat' dir='ltr'><strong>pit?</strong></span> <span class='ocrx_word' id='word_1_411' title='bbox 601 4260 715 4320; x_wconf 83' lang='lat' dir='ltr'><strong>Hoc</strong></span> <span class='ocrx_word' id='word_1_412' title='bbox 739 4272 843 4329; x_wconf 90' lang='lat' dir='ltr'><strong>est,</strong></span> <span class='ocrx_word' id='word_1_413' title='bbox 867 4281 976 4322; x_wconf 87' lang='lat' dir='ltr'><strong>non</strong></span> <span class='ocrx_word' id='word_1_414' title='bbox 1009 4276 1189 4337; x_wconf 86' lang='lat' dir='ltr'><strong>potest</strong></span> <span class='ocrx_word' id='word_1_415' title='bbox 1212 4269 1486 4340; x_wconf 83' lang='lat' dir='ltr'><strong>quispiam</strong></span> <span class='ocrx_word' id='word_1_416' title='bbox 1516 4272 1700 4328; x_wconf 89' lang='lat' dir='ltr'><strong>dicere</strong></span> <span class='ocrx_word' id='word_1_417' title='bbox 1730 4274 1875 4343; x_wconf 86' lang='lat' dir='ltr'><strong>quod</strong></span> <span class='ocrx_word' id='word_1_418' title='bbox 1911 4290 2033 4344; x_wconf 87' lang='lat' dir='ltr'><strong>per—</strong></span> 
     </span>
    </p>
   </div>
   <div class='ocr_carea' id='block_1_62' title="bbox 456 4354 2036 4427">
    <p class='ocr_par' dir='ltr' id='par_1_62' title="bbox 456 4354 2036 4427">
     <span class='ocr_line' id='line_1_62' title="bbox 456 4354 2036 4427; baseline 0.01 -20"><span class='ocrx_word' id='word_1_419' title='bbox 456 4354 662 4427; x_wconf 81' lang='lat' dir='ltr'><strong>fectum</strong></span> <span class='ocrx_word' id='word_1_420' title='bbox 696 4356 917 4427; x_wconf 89' lang='lat' dir='ltr'><strong>quidem</strong></span> <span class='ocrx_word' id='word_1_421' title='bbox 969 4360 1044 4416; x_wconf 89' lang='lat' dir='ltr'><strong>sit</strong></span> <span class='ocrx_word' id='word_1_422' title='bbox 1076 4362 1443 4420; x_wconf 83' lang='lat' dir='ltr'><strong>sacerdotium</strong></span> <span class='ocrx_word' id='word_1_423' title='bbox 1503 4363 1806 4420; x_wconf 84' lang='lat' dir='ltr'><strong>secundum</strong></span> <span class='ocrx_word' id='word_1_424' title='bbox 1864 4366 2036 4423; x_wconf 80' lang='lat' dir='ltr'><strong>Aaro-</strong></span> 
     </span>
    </p>
   </div>
   <div class='ocr_carea' id='block_1_63' title="bbox 456 4448 2034 4527">
    <p class='ocr_par' dir='ltr' id='par_1_63' title="bbox 456 4448 2034 4527">
     <span class='ocr_line' id='line_1_63' title="bbox 456 4448 2034 4527; baseline 0.01 -28"><span class='ocrx_word' id='word_1_425' title='bbox 456 4461 577 4501; x_wconf 74' lang='lat' dir='ltr'><strong>uem</strong></span> <span class='ocrx_word' id='word_1_426' title='bbox 611 4466 623 4501; x_wconf 93' lang='lat'>:</span> <span class='ocrx_word' id='word_1_427' title='bbox 661 4448 785 4505; x_wconf 88' lang='lat' dir='ltr'><strong>aliis</strong></span> <span class='ocrx_word' id='word_1_428' title='bbox 812 4465 939 4506; x_wconf 85' lang='lat' dir='ltr'><strong>vero</strong></span> <span class='ocrx_word' id='word_1_429' title='bbox 963 4452 1152 4508; x_wconf 74' lang='lat' dir='ltr'><strong>datum</strong></span> <span class='ocrx_word' id='word_1_430' title='bbox 1190 4464 1298 4521; x_wconf 87' lang='lat' dir='ltr'><strong>est,</strong></span> <span class='ocrx_word' id='word_1_431' title='bbox 1332 4470 1441 4511; x_wconf 89' lang='lat' dir='ltr'><strong>non</strong></span> <span class='ocrx_word' id='word_1_432' title='bbox 1466 4455 1602 4527; x_wconf 82' lang='lat' dir='ltr'><strong>ipsis</strong></span> <span class='ocrx_word' id='word_1_433' title='bbox 1627 4455 1870 4516; x_wconf 70' lang='lat' dir='ltr'><strong>Hebraeis</strong></span> <span class='ocrx_word' id='word_1_434' title='bbox 1902 4460 2034 4515; x_wconf 90' lang='lat' dir='ltr'><strong>:sed</strong></span> 
     </span>
    </p>
   </div>
   <div class='ocr_carea' id='block_1_64' title="bbox 2124 1980 3711 2060">
    <p class='ocr_par' dir='ltr' id='par_1_64' title="bbox 2124 1980 3711 2060">
     <span class='ocr_line' id='line_1_64' title="bbox 2124 1980 3711 2060; baseline -0.008 -12"><span class='ocrx_word' id='word_1_435' title='bbox 2124 1996 2489 2049; x_wconf 80' lang='grc' dir='ltr'>ἀνίστασθαι</span> <span class='ocrx_word' id='word_1_436' title='bbox 2519 1992 2700 2060; x_wconf 78' lang='grc' dir='ltr'>ἱερέα,</span> <span class='ocrx_word' id='word_1_437' title='bbox 2729 1991 2826 2045; x_wconf 76' lang='grc' dir='ltr'>καὶ</span> <span class='ocrx_word' id='word_1_438' title='bbox 2844 1990 2931 2060; x_wconf 78' lang='grc' dir='ltr'>μὴ</span> <span class='ocrx_word' id='word_1_439' title='bbox 2964 1988 3114 2043; x_wconf 82' lang='grc' dir='ltr'>κατὰ</span> <span class='ocrx_word' id='word_1_440' title='bbox 3133 1986 3249 2055; x_wconf 79' lang='grc' dir='ltr'><strong>τὴν</strong></span> <span class='ocrx_word' id='word_1_441' title='bbox 3274 1984 3450 2050; x_wconf 77' lang='grc' dir='ltr'>τάξιν</span> <span class='ocrx_word' id='word_1_442' title='bbox 3479 1980 3711 2050; x_wconf 80' lang='grc' dir='ltr'>Ἀαρὼν</span> 
     </span>
    </p>
   </div>
   <div class='ocr_carea' id='block_1_65' title="bbox 2124 2073 3709 2156">
    <p class='ocr_par' dir='ltr' id='par_1_65' title="bbox 2124 2073 3709 2156">
     <span class='ocr_line' id='line_1_65' title="bbox 2124 2073 3709 2156; baseline -0.01 -15"><span class='ocrx_word' id='word_1_443' title='bbox 2124 2087 2409 2156; x_wconf 75' lang='grc' dir='ltr'>λέγεσθαι</span> <span class='ocrx_word' id='word_1_444' title='bbox 2431 2102 2449 2149; x_wconf 86' lang='lat'><strong><em>;</em></strong></span> <span class='ocrx_word' id='word_1_445' title='bbox 2486 2084 2751 2151; x_wconf 80' lang='grc' dir='ltr'>Ἕδειξεν,</span> <span class='ocrx_word' id='word_1_446' title='bbox 2790 2084 2872 2137; x_wconf 79' lang='grc' dir='ltr'><strong>ὅτι</strong></span> <span class='ocrx_word' id='word_1_447' title='bbox 2896 2085 2924 2136; x_wconf 98' lang='lat'><strong>6</strong></span> <span class='ocrx_word' id='word_1_448' title='bbox 2951 2079 3289 2152; x_wconf 81' lang='grc' dir='ltr'>Μελχισεδὲκ</span> <span class='ocrx_word' id='word_1_449' title='bbox 3318 2077 3454 2130; x_wconf 77' lang='grc' dir='ltr'>πολὺ</span> <span class='ocrx_word' id='word_1_450' title='bbox 3481 2073 3709 2146; x_wconf 72' lang='grc' dir='ltr'>βελτίων</span> 
     </span>
    </p>
   </div>
   <div class='ocr_carea' id='block_1_66' title="bbox 2124 2165 3709 2250">
    <p class='ocr_par' dir='ltr' id='par_1_66' title="bbox 2124 2165 3709 2250">
     <span class='ocr_line' id='line_1_66' title="bbox 2124 2165 3709 2250; baseline -0.009 -18"><span class='ocrx_word' id='word_1_451' title='bbox 2124 2176 2193 2250; x_wconf 78' lang='grc' dir='ltr'>ἦν</span> <span class='ocrx_word' id='word_1_452' title='bbox 2221 2180 2316 2231; x_wconf 79' lang='grc' dir='ltr'><strong>καὶ</strong></span> <span class='ocrx_word' id='word_1_453' title='bbox 2348 2178 2442 2231; x_wconf 83' lang='grc' dir='ltr'><strong>τοῦ</strong></span> <span class='ocrx_word' id='word_1_454' title='bbox 2476 2177 2752 2247; x_wconf 81' lang='grc' dir='ltr'>Ἀϐραὰμ,</span> <span class='ocrx_word' id='word_1_455' title='bbox 2786 2176 2882 2229; x_wconf 68' lang='lat' dir='ltr'><strong>mi.</strong></span> <span class='ocrx_word' id='word_1_456' title='bbox 2915 2173 3009 2227; x_wconf 73' lang='grc' dir='ltr'>τοῦ</span> <span class='ocrx_word' id='word_1_457' title='bbox 3044 2171 3197 2236; x_wconf 74' lang='grc' dir='ltr'><strong>Λευῖ,</strong></span> <span class='ocrx_word' id='word_1_458' title='bbox 3238 2170 3298 2222; x_wconf 79' lang='grc' dir='ltr'>ὲν</span> <span class='ocrx_word' id='word_1_459' title='bbox 3327 2166 3479 2239; x_wconf 71' lang='grc' dir='ltr'>τάξει</span> <span class='ocrx_word' id='word_1_460' title='bbox 3511 2165 3709 2236; x_wconf 75' lang='grc' dir='ltr'>ἱερέων</span> 
     </span>
    </p>
   </div>
   <div class='ocr_carea' id='block_1_67' title="bbox 2128 2257 3709 2339">
    <p class='ocr_par' dir='ltr' id='par_1_67' title="bbox 2128 2257 3709 2339">
     <span class='ocr_line' id='line_1_67' title="bbox 2128 2257 3709 2339; baseline -0.01 -16"><span class='ocrx_word' id='word_1_461' title='bbox 2128 2270 2291 2334; x_wconf 77' lang='grc' dir='ltr'>αὐτὸς</span> <span class='ocrx_word' id='word_1_462' title='bbox 2318 2271 2632 2339; x_wconf 79' lang='grc' dir='ltr'>γενόμενος.</span> <span class='ocrx_word' id='word_1_463' title='bbox 2660 2266 2779 2322; x_wconf 79' lang='grc' dir='ltr'><strong>Νῦν</strong></span> <span class='ocrx_word' id='word_1_464' title='bbox 2816 2262 2972 2328; x_wconf 78' lang='grc' dir='ltr'>αὖθις</span> <span class='ocrx_word' id='word_1_465' title='bbox 3004 2265 3191 2336; x_wconf 75' lang='grc' dir='ltr'>ἕτερον</span> <span class='ocrx_word' id='word_1_466' title='bbox 3222 2260 3559 2332; x_wconf 73' lang='grc' dir='ltr'>ἐπιχείρημα</span> <span class='ocrx_word' id='word_1_467' title='bbox 3590 2257 3709 2309; x_wconf 83' lang='grc' dir='ltr'>εἱσ-</span> 
     </span>
    </p>
   </div>
   <div class='ocr_carea' id='block_1_68' title="bbox 2131 2346 3710 2429">
    <p class='ocr_par' dir='ltr' id='par_1_68' title="bbox 2131 2346 3710 2429">
     <span class='ocr_line' id='line_1_68' title="bbox 2131 2346 3710 2429; baseline -0.011 -15"><span class='ocrx_word' id='word_1_468' title='bbox 2131 2362 2270 2428; x_wconf 84' lang='grc' dir='ltr'>άγει,</span> <span class='ocrx_word' id='word_1_469' title='bbox 2299 2360 2515 2422; x_wconf 75' lang='grc' dir='ltr'>δεικνὺς</span> <span class='ocrx_word' id='word_1_470' title='bbox 2564 2359 2705 2428; x_wconf 83' lang='grc' dir='ltr'>ὅτιή</span> <span class='ocrx_word' id='word_1_471' title='bbox 2743 2356 2886 2413; x_wconf 82' lang='grc' dir='ltr'>κατὰ</span> <span class='ocrx_word' id='word_1_472' title='bbox 2932 2354 3168 2429; x_wconf 73' lang='grc' dir='ltr'>Χριστὸν</span> <span class='ocrx_word' id='word_1_473' title='bbox 3209 2349 3482 2423; x_wconf 84' lang='grc' dir='ltr'><strong>ἱερωσύνη</strong></span> <span class='ocrx_word' id='word_1_474' title='bbox 3524 2346 3710 2410; x_wconf 79' lang='grc' dir='ltr'>πολλῷ</span> 
     </span>
    </p>
   </div>
   <div class='ocr_carea' id='block_1_69' title="bbox 2129 2440 3698 2524">
    <p class='ocr_par' dir='ltr' id='par_1_69' title="bbox 2129 2440 3698 2524">
     <span class='ocr_line' id='line_1_69' title="bbox 2129 2440 3698 2524; baseline -0.01 -18"><span class='ocrx_word' id='word_1_475' title='bbox 2129 2452 2388 2524; x_wconf 81' lang='grc' dir='ltr'>ὑπερέχει</span> <span class='ocrx_word' id='word_1_476' title='bbox 2430 2452 2529 2523; x_wconf 83' lang='grc' dir='ltr'><strong>τῆς</strong></span> <span class='ocrx_word' id='word_1_477' title='bbox 2563 2451 2671 2505; x_wconf 82' lang='grc' dir='ltr'>τῶν</span> <span class='ocrx_word' id='word_1_478' title='bbox 2706 2449 2977 2516; x_wconf 76' lang='grc' dir='ltr'>Δενῖτῷν·</span> <span class='ocrx_word' id='word_1_479' title='bbox 3015 2448 3111 2505; x_wconf 77' lang='grc' dir='ltr'>καὶ</span> <span class='ocrx_word' id='word_1_480' title='bbox 3139 2447 3223 2503; x_wconf 78' lang='grc' dir='ltr'><strong>ὅτι</strong></span> <span class='ocrx_word' id='word_1_481' title='bbox 3253 2446 3287 2515; x_wconf 85' lang='grc' dir='ltr'><strong>ἡ</strong></span> <span class='ocrx_word' id='word_1_482' title='bbox 3313 2443 3414 2513; x_wconf 81' lang='grc' dir='ltr'>μὲν</span> <span class='ocrx_word' id='word_1_483' title='bbox 3439 2440 3534 2496; x_wconf 78' lang='grc' dir='ltr'>τοῦ</span> <span class='ocrx_word' id='word_1_484' title='bbox 3565 2441 3698 2511; x_wconf 84' lang='grc' dir='ltr'>Χρι-</span> 
     </span>
    </p>
   </div>
   <div class='ocr_carea' id='block_1_70' title="bbox 2127 2527 3710 2611">
    <p class='ocr_par' dir='ltr' id='par_1_70' title="bbox 2127 2527 3710 2611">
     <span class='ocr_line' id='line_1_70' title="bbox 2127 2527 3710 2611; baseline -0.009 -15"><span class='ocrx_word' id='word_1_485' title='bbox 2127 2543 2220 2596; x_wconf 82' lang='grc' dir='ltr'>τοῦ</span> <span class='ocrx_word' id='word_1_486' title='bbox 2244 2543 2444 2608; x_wconf 81' lang='grc' dir='ltr'>τελεία,</span> <span class='ocrx_word' id='word_1_487' title='bbox 2477 2544 2510 2611; x_wconf 73' lang='grc' dir='ltr'><strong>ἡ</strong></span> <span class='ocrx_word' id='word_1_488' title='bbox 2540 2541 2596 2596; x_wconf 83' lang='grc' dir='ltr'><strong>δὲ</strong></span> <span class='ocrx_word' id='word_1_489' title='bbox 2620 2540 2845 2595; x_wconf 74' lang='grc' dir='ltr'>ἐκείνων</span> <span class='ocrx_word' id='word_1_490' title='bbox 2879 2539 3095 2609; x_wconf 75' lang='grc' dir='ltr'>ἀτελής.</span> <span class='ocrx_word' id='word_1_491' title='bbox 3132 2537 3242 2600; x_wconf 77' lang='grc' dir='ltr'><strong>Καὶ</strong></span> <span class='ocrx_word' id='word_1_492' title='bbox 3273 2535 3383 2610; x_wconf 81' lang='grc' dir='ltr'>γὰρ</span> <span class='ocrx_word' id='word_1_493' title='bbox 3432 2533 3482 2591; x_wconf 88' lang='grc' dir='ltr'><strong>εἱ</strong></span> <span class='ocrx_word' id='word_1_494' title='bbox 3518 2527 3587 2604; x_wconf 76' lang='grc' dir='ltr'>ἦν</span> <span class='ocrx_word' id='word_1_495' title='bbox 3616 2547 3710 2583; x_wconf 87' lang='grc' dir='ltr'>τε-</span> 
     </span>
    </p>
   </div>
   <div class='ocr_carea' id='block_1_71' title="bbox 2126 2622 3711 2705">
    <p class='ocr_par' dir='ltr' id='par_1_71' title="bbox 2126 2622 3711 2705">
     <span class='ocr_line' id='line_1_71' title="bbox 2126 2622 3711 2705; baseline -0.008 -18"><span class='ocrx_word' id='word_1_496' title='bbox 2126 2634 2245 2687; x_wconf 81' lang='grc' dir='ltr'>λεία</span> <span class='ocrx_word' id='word_1_497' title='bbox 2278 2635 2311 2705; x_wconf 82' lang='grc' dir='ltr'>ἡ</span> <span class='ocrx_word' id='word_1_498' title='bbox 2340 2632 2541 2704; x_wconf 79' lang='grc' dir='ltr'>νομικὴ</span> <span class='ocrx_word' id='word_1_499' title='bbox 2569 2631 2861 2705; x_wconf 88' lang='grc' dir='ltr'>ἱερωσύνη,</span> <span class='ocrx_word' id='word_1_500' title='bbox 2884 2628 3026 2685; x_wconf 82' lang='grc' dir='ltr'>κατὰ</span> <span class='ocrx_word' id='word_1_501' title='bbox 3050 2628 3148 2700; x_wconf 83' lang='grc' dir='ltr'><strong>τὴν</strong></span> <span class='ocrx_word' id='word_1_502' title='bbox 3175 2627 3330 2692; x_wconf 81' lang='grc' dir='ltr'>τάξιν</span> <span class='ocrx_word' id='word_1_503' title='bbox 3362 2624 3576 2695; x_wconf 82' lang='grc' dir='ltr'>’Δαρὼν</span> <span class='ocrx_word' id='word_1_504' title='bbox 3599 2622 3711 2675; x_wconf 70' lang='grc' dir='ltr'>ἔδει</span> 
     </span>
    </p>
   </div>
   <div class='ocr_carea' id='block_1_72' title="bbox 2129 2709 3714 2796">
    <p class='ocr_par' dir='ltr' id='par_1_72' title="bbox 2129 2709 3714 2796">
     <span class='ocr_line' id='line_1_72' title="bbox 2129 2709 3714 2796; baseline -0.008 -17"><span class='ocrx_word' id='word_1_505' title='bbox 2129 2727 2431 2795; x_wconf 78' lang='grc' dir='ltr'><strong>ἀναστῆναι</strong></span> <span class='ocrx_word' id='word_1_506' title='bbox 2475 2724 2625 2796; x_wconf 82' lang='grc' dir='ltr'>ἱερέα</span> <span class='ocrx_word' id='word_1_507' title='bbox 2654 2739 2667 2753; x_wconf 81' lang='lat'><strong><em>°</em></strong></span> <span class='ocrx_word' id='word_1_508' title='bbox 2699 2723 2729 2776; x_wconf 92' lang='lat'><strong>6</strong></span> <span class='ocrx_word' id='word_1_509' title='bbox 2758 2723 2868 2796; x_wconf 74' lang='grc' dir='ltr'><strong>γὰρ</strong></span> <span class='ocrx_word' id='word_1_510' title='bbox 2914 2719 3127 2792; x_wconf 70' lang='grc' dir='ltr'>Ἀαρὼν</span> <span class='ocrx_word' id='word_1_511' title='bbox 3170 2719 3271 2788; x_wconf 75' lang='grc' dir='ltr'>τῆς</span> <span class='ocrx_word' id='word_1_512' title='bbox 3324 2714 3613 2786; x_wconf 82' lang='grc' dir='ltr'>Λευῖτικῆς</span> <span class='ocrx_word' id='word_1_513' title='bbox 3640 2709 3714 2785; x_wconf 83' lang='grc' dir='ltr'>ἦν</span> 
     </span>
    </p>
   </div>
   <div class='ocr_carea' id='block_1_73' title="bbox 2130 2804 3713 2887">
    <p class='ocr_par' dir='ltr' id='par_1_73' title="bbox 2130 2804 3713 2887">
     <span class='ocr_line' id='line_1_73' title="bbox 2130 2804 3713 2887; baseline -0.008 -17"><span class='ocrx_word' id='word_1_514' title='bbox 2130 2817 2327 2886; x_wconf 77' lang='grc' dir='ltr'>φυλῆς.</span> <span class='ocrx_word' id='word_1_515' title='bbox 2373 2817 2537 2871; x_wconf 82' lang='grc' dir='ltr'>Ἀλλὰ</span> <span class='ocrx_word' id='word_1_516' title='bbox 2565 2817 2672 2887; x_wconf 80' lang='grc' dir='ltr'>μὴν</span> <span class='ocrx_word' id='word_1_517' title='bbox 2702 2816 2762 2868; x_wconf 86' lang='grc' dir='ltr'><strong>ού</strong></span> <span class='ocrx_word' id='word_1_518' title='bbox 2794 2815 2936 2869; x_wconf 84' lang='grc' dir='ltr'>κατὰ</span> <span class='ocrx_word' id='word_1_519' title='bbox 2970 2812 3067 2883; x_wconf 80' lang='grc' dir='ltr'>τὴν</span> <span class='ocrx_word' id='word_1_520' title='bbox 3104 2811 3260 2878; x_wconf 78' lang='grc' dir='ltr'>τάξιν</span> <span class='ocrx_word' id='word_1_521' title='bbox 3297 2807 3533 2878; x_wconf 77' lang='grc' dir='ltr'>Ἀαρὼν,</span> <span class='ocrx_word' id='word_1_522' title='bbox 3571 2804 3713 2863; x_wconf 79' lang='grc' dir='ltr'>ἀλλὰ</span> 
     </span>
    </p>
   </div>
   <div class='ocr_carea' id='block_1_74' title="bbox 2130 2898 3709 2979">
    <p class='ocr_par' dir='ltr' id='par_1_74' title="bbox 2130 2898 3709 2979">
     <span class='ocr_line' id='line_1_74' title="bbox 2130 2898 3709 2979; baseline -0.006 -15"><span class='ocrx_word' id='word_1_523' title='bbox 2130 2910 2271 2971; x_wconf 73' lang='grc' dir='ltr'>κατὰ</span> <span class='ocrx_word' id='word_1_524' title='bbox 2291 2909 2390 2978; x_wconf 82' lang='grc' dir='ltr'>τὴν</span> <span class='ocrx_word' id='word_1_525' title='bbox 2407 2909 2559 2974; x_wconf 79' lang='grc' dir='ltr'>τάξιν</span> <span class='ocrx_word' id='word_1_526' title='bbox 2575 2907 2908 2979; x_wconf 82' lang='grc' dir='ltr'>Μελχισεδὲκ</span> <span class='ocrx_word' id='word_1_527' title='bbox 2925 2905 3141 2974; x_wconf 73' lang='grc' dir='ltr'>λέγεται</span> <span class='ocrx_word' id='word_1_528' title='bbox 3163 2900 3487 2958; x_wconf 76' lang='grc' dir='ltr'>ἀνίστασθαι</span> <span class='ocrx_word' id='word_1_529' title='bbox 3506 2898 3709 2970; x_wconf 86' lang='grc' dir='ltr'>ἱερεύς.</span> 
     </span>
    </p>
   </div>
   <div class='ocr_carea' id='block_1_75' title="bbox 2130 2982 3711 3071">
    <p class='ocr_par' dir='ltr' id='par_1_75' title="bbox 2130 2982 3711 3071">
     <span class='ocr_line' id='line_1_75' title="bbox 2130 2982 3711 3071; baseline -0.007 -18"><span class='ocrx_word' id='word_1_530' title='bbox 2130 2999 2332 3055; x_wconf 81' lang='grc' dir='ltr'>Λοιπὸν</span> <span class='ocrx_word' id='word_1_531' title='bbox 2363 2982 2478 3065; x_wconf 73' lang='grc' dir='ltr'>οὖν,</span> <span class='ocrx_word' id='word_1_532' title='bbox 2505 2998 2581 3062; x_wconf 87' lang='grc' dir='ltr'>ὡς</span> <span class='ocrx_word' id='word_1_533' title='bbox 2612 2996 2839 3071; x_wconf 69' lang='grc' dir='ltr'>ἀτελοῦς</span> <span class='ocrx_word' id='word_1_534' title='bbox 2864 2994 3030 3066; x_wconf 75' lang='grc' dir='ltr'>οὔσης</span> <span class='ocrx_word' id='word_1_535' title='bbox 3058 2995 3300 3063; x_wconf 65' lang='grc' dir='ltr'>ἐκείνης,</span> <span class='ocrx_word' id='word_1_536' title='bbox 3332 2991 3469 3063; x_wconf 77' lang='grc' dir='ltr'>ἄλλη</span> <span class='ocrx_word' id='word_1_537' title='bbox 3493 2991 3711 3049; x_wconf 84' lang='grc' dir='ltr'>ἀντεισ-</span> 
     </span>
    </p>
   </div>
   <div class='ocr_carea' id='block_1_76' title="bbox 2140 3079 3711 3157">
    <p class='ocr_par' dir='ltr' id='par_1_76' title="bbox 2140 3079 3711 3157">
     <span class='ocr_line' id='line_1_76' title="bbox 2140 3079 3711 3157; baseline -0.008 -13"><span class='ocrx_word' id='word_1_538' title='bbox 2140 3090 2355 3157; x_wconf 84' lang='grc' dir='ltr'>άγεται.</span> <span class='ocrx_word' id='word_1_539' title='bbox 2385 3090 2497 3145; x_wconf 72' lang='grc' dir='ltr'>Καὶ</span> <span class='ocrx_word' id='word_1_540' title='bbox 2541 3090 2619 3153; x_wconf 73' lang='grc' dir='ltr'><strong>τὸ,</strong></span> <span class='ocrx_word' id='word_1_541' title='bbox 2671 3088 2783 3154; x_wconf 77' lang='grc' dir='ltr'>ἔτι,</span> <span class='ocrx_word' id='word_1_542' title='bbox 2829 3088 2884 3141; x_wconf 73' lang='grc' dir='ltr'>δὲ</span> <span class='ocrx_word' id='word_1_543' title='bbox 2916 3086 3118 3155; x_wconf 72' lang='grc' dir='ltr'>πολλὴν</span> <span class='ocrx_word' id='word_1_544' title='bbox 3151 3084 3247 3155; x_wconf 75' lang='grc' dir='ltr'>τὴν</span> <span class='ocrx_word' id='word_1_545' title='bbox 3287 3083 3526 3153; x_wconf 72' lang='grc' dir='ltr'>ἔμφασιν</span> <span class='ocrx_word' id='word_1_546' title='bbox 3558 3079 3670 3151; x_wconf 74' lang='grc' dir='ltr'>ἔχει</span> <span class='ocrx_word' id='word_1_547' title='bbox 3698 3095 3711 3107; x_wconf 93' lang='grc'><strong>·</strong></span> 
     </span>
    </p>
   </div>
   <div class='ocr_carea' id='block_1_77' title="bbox 2130 3170 3716 3253">
    <p class='ocr_par' dir='ltr' id='par_1_77' title="bbox 2130 3170 3716 3253">
     <span class='ocr_line' id='line_1_77' title="bbox 2130 3170 3716 3253; baseline -0.009 -15"><span class='ocrx_word' id='word_1_548' title='bbox 2130 3184 2333 3238; x_wconf 72' lang='grc' dir='ltr'>ὡσανεὶ</span> <span class='ocrx_word' id='word_1_549' title='bbox 2386 3182 2494 3253; x_wconf 79' lang='grc' dir='ltr'>γὰρ</span> <span class='ocrx_word' id='word_1_550' title='bbox 2539 3180 2705 3237; x_wconf 74' lang='grc' dir='ltr'>τοῦτο</span> <span class='ocrx_word' id='word_1_551' title='bbox 2734 3181 2882 3248; x_wconf 80' lang='grc' dir='ltr'>λέγει</span> <span class='ocrx_word' id='word_1_552' title='bbox 2915 3181 3023 3243; x_wconf 79' lang='grc' dir='ltr'>ὅτι,</span> <span class='ocrx_word' id='word_1_553' title='bbox 3052 3176 3117 3231; x_wconf 86' lang='grc' dir='ltr'>Εἰ</span> <span class='ocrx_word' id='word_1_554' title='bbox 3155 3176 3254 3247; x_wconf 77' lang='grc' dir='ltr'><strong>μὲν</strong></span> <span class='ocrx_word' id='word_1_555' title='bbox 3281 3170 3351 3245; x_wconf 80' lang='grc' dir='ltr'>ἦν</span> <span class='ocrx_word' id='word_1_556' title='bbox 3408 3176 3435 3228; x_wconf 86' lang='lat'><strong>6</strong></span> <span class='ocrx_word' id='word_1_557' title='bbox 3478 3172 3716 3243; x_wconf 81' lang='grc' dir='ltr'>Χριστὸς</span> 
     </span>
    </p>
   </div>
   <div class='ocr_carea' id='block_1_78' title="bbox 2132 3259 3716 3342">
    <p class='ocr_par' dir='ltr' id='par_1_78' title="bbox 2132 3259 3716 3342">
     <span class='ocr_line' id='line_1_78' title="bbox 2132 3259 3716 3342; baseline -0.009 -14"><span class='ocrx_word' id='word_1_558' title='bbox 2132 3274 2278 3329; x_wconf 75' lang='grc' dir='ltr'>κατὰ</span> <span class='ocrx_word' id='word_1_559' title='bbox 2309 3273 2408 3342; x_wconf 80' lang='grc' dir='ltr'><strong>τὴν</strong></span> <span class='ocrx_word' id='word_1_560' title='bbox 2436 3271 2589 3339; x_wconf 74' lang='grc' dir='ltr'>τάξιν</span> <span class='ocrx_word' id='word_1_561' title='bbox 2623 3269 2962 3341; x_wconf 84' lang='grc' dir='ltr'>Μελχισεδὲκ</span> <span class='ocrx_word' id='word_1_562' title='bbox 3002 3269 3296 3339; x_wconf 80' lang='grc' dir='ltr'>πρότερον,</span> <span class='ocrx_word' id='word_1_563' title='bbox 3335 3259 3454 3318; x_wconf 78' lang='grc' dir='ltr'>εἶτα</span> <span class='ocrx_word' id='word_1_564' title='bbox 3488 3265 3517 3317; x_wconf 92' lang='lat'><strong>6</strong></span> <span class='ocrx_word' id='word_1_565' title='bbox 3549 3262 3716 3332; x_wconf 73' lang='grc' dir='ltr'>νόμος</span> 
     </span>
    </p>
   </div>
   <div class='ocr_carea' id='block_1_79' title="bbox 2133 3351 3717 3437">
    <p class='ocr_par' dir='ltr' id='par_1_79' title="bbox 2133 3351 3717 3437">
     <span class='ocr_line' id='line_1_79' title="bbox 2133 3351 3717 3437; baseline -0.009 -18"><span class='ocrx_word' id='word_1_566' title='bbox 2133 3364 2313 3433; x_wconf 80' lang='grc' dir='ltr'>ἐδόθη,</span> <span class='ocrx_word' id='word_1_567' title='bbox 2352 3363 2578 3426; x_wconf 76' lang='grc' dir='ltr'>εἰκότως</span> <span class='ocrx_word' id='word_1_568' title='bbox 2609 3363 2673 3416; x_wconf 80' lang='grc' dir='ltr'>ἄν</span> <span class='ocrx_word' id='word_1_569' title='bbox 2701 3379 2785 3437; x_wconf 86' lang='grc' dir='ltr'><strong>τις</strong></span> <span class='ocrx_word' id='word_1_570' title='bbox 2821 3356 2996 3426; x_wconf 77' lang='grc' dir='ltr'>εἶπεν,</span> <span class='ocrx_word' id='word_1_571' title='bbox 3051 3357 3258 3420; x_wconf 71' lang='grc' dir='ltr'>ὅτικὼς</span> <span class='ocrx_word' id='word_1_572' title='bbox 3289 3354 3511 3417; x_wconf 77' lang='grc' dir='ltr'>ἀτελοῦς</span> <span class='ocrx_word' id='word_1_573' title='bbox 3549 3351 3717 3420; x_wconf 77' lang='grc' dir='ltr'>οὔσης</span> 
     </span>
    </p>
   </div>
   <div class='ocr_carea' id='block_1_80' title="bbox 2134 3442 3718 3525">
    <p class='ocr_par' dir='ltr' id='par_1_80' title="bbox 2134 3442 3718 3525">
     <span class='ocr_line' id='line_1_80' title="bbox 2134 3442 3718 3525; baseline -0.009 -17"><span class='ocrx_word' id='word_1_574' title='bbox 2134 3457 2233 3525; x_wconf 82' lang='grc' dir='ltr'>τῇς</span> <span class='ocrx_word' id='word_1_575' title='bbox 2262 3453 2405 3508; x_wconf 84' lang='grc' dir='ltr'>κατὰ</span> <span class='ocrx_word' id='word_1_576' title='bbox 2440 3453 2532 3507; x_wconf 73' lang='grc' dir='ltr'><strong>τὸν</strong></span> <span class='ocrx_word' id='word_1_577' title='bbox 2566 3450 2926 3522; x_wconf 81' lang='grc' dir='ltr'>Μελχισεδὲκ,</span> <span class='ocrx_word' id='word_1_578' title='bbox 2980 3447 3137 3519; x_wconf 79' lang='grc' dir='ltr'>ἐδόθη</span> <span class='ocrx_word' id='word_1_579' title='bbox 3184 3447 3217 3516; x_wconf 87' lang='grc' dir='ltr'><strong>ἡ</strong></span> <span class='ocrx_word' id='word_1_580' title='bbox 3262 3446 3404 3500; x_wconf 80' lang='grc' dir='ltr'>κατὰ</span> <span class='ocrx_word' id='word_1_581' title='bbox 3431 3443 3524 3497; x_wconf 84' lang='grc' dir='ltr'><strong>τὸν</strong></span> <span class='ocrx_word' id='word_1_582' title='bbox 3551 3442 3718 3511; x_wconf 85' lang='grc' dir='ltr'>νόμον</span> 
     </span>
    </p>
   </div>
   <div class='ocr_carea' id='block_1_81' title="bbox 2132 3531 3717 3614">
    <p class='ocr_par' dir='ltr' id='par_1_81' title="bbox 2132 3531 3717 3614">
     <span class='ocr_line' id='line_1_81' title="bbox 2132 3531 3717 3614; baseline -0.008 -18"><span class='ocrx_word' id='word_1_583' title='bbox 2132 3544 2424 3614; x_wconf 78' lang='grc' dir='ltr'>ἱερωσύνη,</span> <span class='ocrx_word' id='word_1_584' title='bbox 2454 3541 2732 3597; x_wconf 83' lang='grc' dir='ltr'>τουτέστιν</span> <span class='ocrx_word' id='word_1_585' title='bbox 2770 3543 2803 3611; x_wconf 84' lang='grc' dir='ltr'>ἠ</span> <span class='ocrx_word' id='word_1_586' title='bbox 2855 3538 2949 3593; x_wconf 81' lang='grc' dir='ltr'>τοῦ</span> <span class='ocrx_word' id='word_1_587' title='bbox 3004 3536 3238 3607; x_wconf 82' lang='grc' dir='ltr'>Ἀαρών.</span> <span class='ocrx_word' id='word_1_588' title='bbox 3265 3535 3381 3589; x_wconf 77' lang='grc' dir='ltr'><strong>Νῦν</strong></span> <span class='ocrx_word' id='word_1_589' title='bbox 3410 3535 3467 3587; x_wconf 82' lang='grc' dir='ltr'>δὲ</span> <span class='ocrx_word' id='word_1_590' title='bbox 3490 3531 3717 3602; x_wconf 76' lang='grc' dir='ltr'>ὕστερός</span> 
     </span>
    </p>
   </div>
   <div class='ocr_carea' id='block_1_82' title="bbox 2132 3625 3717 3706">
    <p class='ocr_par' dir='ltr' id='par_1_82' title="bbox 2132 3625 3717 3706">
     <span class='ocr_line' id='line_1_82' title="bbox 2132 3625 3717 3706; baseline -0.008 -17"><span class='ocrx_word' id='word_1_591' title='bbox 2132 3637 2279 3689; x_wconf 73' lang='grc' dir='ltr'>ἐστιν</span> <span class='ocrx_word' id='word_1_592' title='bbox 2323 3638 2352 3689; x_wconf 85' lang='grc' dir='ltr'>ὁ</span> <span class='ocrx_word' id='word_1_593' title='bbox 2389 3634 2649 3706; x_wconf 81' lang='grc' dir='ltr'>Χριστὸς,</span> <span class='ocrx_word' id='word_1_594' title='bbox 2686 3633 2782 3688; x_wconf 66' lang='grc' dir='ltr'><strong>καὶ⁹</strong></span> <span class='ocrx_word' id='word_1_595' title='bbox 2812 3632 3000 3704; x_wconf 73' lang='grc' dir='ltr'>ἕτερον</span> <span class='ocrx_word' id='word_1_596' title='bbox 3025 3629 3321 3700; x_wconf 84' lang='grc' dir='ltr'>λαμϐάνων</span> <span class='ocrx_word' id='word_1_597' title='bbox 3348 3626 3520 3680; x_wconf 90' lang='grc' dir='ltr'>τύπον</span> <span class='ocrx_word' id='word_1_598' title='bbox 3551 3625 3717 3695; x_wconf 84' lang='grc' dir='ltr'>ἱερω-</span> 
     </span>
    </p>
   </div>
   <div class='ocr_carea' id='block_1_83' title="bbox 2136 3714 3717 3798">
    <p class='ocr_par' dir='ltr' id='par_1_83' title="bbox 2136 3714 3717 3798">
     <span class='ocr_line' id='line_1_83' title="bbox 2136 3714 3717 3798; baseline -0.008 -18"><span class='ocrx_word' id='word_1_599' title='bbox 2136 3725 2321 3798; x_wconf 82' lang='grc' dir='ltr'>σύνης.</span> <span class='ocrx_word' id='word_1_600' title='bbox 2359 3724 2634 3796; x_wconf 85' lang='grc' dir='ltr'>Πρόδηλον</span> <span class='ocrx_word' id='word_1_601' title='bbox 2658 3723 2773 3788; x_wconf 78' lang='grc' dir='ltr'>οὖν,</span> <span class='ocrx_word' id='word_1_602' title='bbox 2808 3724 2891 3778; x_wconf 78' lang='grc' dir='ltr'><strong>ὅτι</strong></span> <span class='ocrx_word' id='word_1_603' title='bbox 2919 3722 2997 3787; x_wconf 85' lang='grc' dir='ltr'><strong>ὡς</strong></span> <span class='ocrx_word' id='word_1_604' title='bbox 3025 3720 3389 3789; x_wconf 83' lang='grc' dir='ltr'>ἀτελεστὲρας</span> <span class='ocrx_word' id='word_1_605' title='bbox 3423 3714 3589 3784; x_wconf 72' lang='grc' dir='ltr'>οὔσης</span> <span class='ocrx_word' id='word_1_606' title='bbox 3615 3714 3717 3781; x_wconf 82' lang='grc' dir='ltr'>τῆς</span> 
     </span>
    </p>
   </div>
   <div class='ocr_carea' id='block_1_84' title="bbox 2134 3803 3719 3890">
    <p class='ocr_par' dir='ltr' id='par_1_84' title="bbox 2134 3803 3719 3890">
     <span class='ocr_line' id='line_1_84' title="bbox 2134 3803 3719 3890; baseline -0.008 -18"><span class='ocrx_word' id='word_1_607' title='bbox 2134 3818 2226 3872; x_wconf 72' lang='grc' dir='ltr'>τοῦ</span> <span class='ocrx_word' id='word_1_608' title='bbox 2265 3818 2499 3890; x_wconf 79' lang='grc' dir='ltr'>’Δαρὼν,</span> <span class='ocrx_word' id='word_1_609' title='bbox 2525 3817 2907 3885; x_wconf 81' lang='grc' dir='ltr'>ἀντεισάγεται</span> <span class='ocrx_word' id='word_1_610' title='bbox 2937 3814 3120 3885; x_wconf 75' lang='grc' dir='ltr'>ἑτέρα,</span> <span class='ocrx_word' id='word_1_611' title='bbox 3149 3813 3217 3866; x_wconf 85' lang='lat' dir='ltr'><strong>Ti</strong></span> <span class='ocrx_word' id='word_1_612' title='bbox 3236 3811 3293 3865; x_wconf 74' lang='grc' dir='ltr'>δέ</span> <span class='ocrx_word' id='word_1_613' title='bbox 3325 3812 3439 3864; x_wconf 75' lang='grc' dir='ltr'>ἐστι</span> <span class='ocrx_word' id='word_1_614' title='bbox 3466 3808 3549 3874; x_wconf 81' lang='grc' dir='ltr'>τὸ,</span> <span class='ocrx_word' id='word_1_615' title='bbox 3585 3803 3719 3860; x_wconf 76' lang='grc' dir='ltr'><strong>Ἐπ’</strong></span> 
     </span>
    </p>
   </div>
   <div class='ocr_carea' id='block_1_85' title="bbox 2132 3900 3717 3983">
    <p class='ocr_par' dir='ltr' id='par_1_85' title="bbox 2132 3900 3717 3983">
     <span class='ocr_line' id='line_1_85' title="bbox 2132 3900 3717 3983; baseline -0.01 -18"><span class='ocrx_word' id='word_1_616' title='bbox 2132 3908 2287 3983; x_wconf 82' lang='grc' dir='ltr'><strong>αὐτῇ</strong></span> <span class='ocrx_word' id='word_1_617' title='bbox 2304 3908 2735 3979; x_wconf 82' lang='grc' dir='ltr'>νέγομοθέτητο</span> <span class='ocrx_word' id='word_1_618' title='bbox 2753 3924 2773 3974; x_wconf 92' lang='grc'><em>;</em></span> <span class='ocrx_word' id='word_1_619' title='bbox 2793 3904 2950 3975; x_wconf 81' lang='grc' dir='ltr'>Τοῦτ’</span> <span class='ocrx_word' id='word_1_620' title='bbox 2973 3904 3139 3971; x_wconf 72' lang='grc' dir='ltr'>ἔστιν,</span> <span class='ocrx_word' id='word_1_621' title='bbox 3163 3904 3263 3959; x_wconf 76' lang='grc' dir='ltr'>οὔκ</span> <span class='ocrx_word' id='word_1_622' title='bbox 3284 3902 3396 3974; x_wconf 75' lang='grc' dir='ltr'>ἔχει</span> <span class='ocrx_word' id='word_1_623' title='bbox 3417 3917 3500 3965; x_wconf 88' lang='grc' dir='ltr'><strong>τις</strong></span> <span class='ocrx_word' id='word_1_624' title='bbox 3516 3900 3717 3962; x_wconf 76' lang='grc' dir='ltr'>εἰπεῖν,</span> 
     </span>
    </p>
   </div>
   <div class='ocr_carea' id='block_1_86' title="bbox 2132 3986 3716 4077">
    <p class='ocr_par' dir='ltr' id='par_1_86' title="bbox 2132 3986 3716 4077">
     <span class='ocr_line' id='line_1_86' title="bbox 2132 3986 3716 4077; baseline -0.008 -21"><span class='ocrx_word' id='word_1_625' title='bbox 2132 3986 2214 4056; x_wconf 82' lang='grc' dir='ltr'><strong>ὅτι</strong></span> <span class='ocrx_word' id='word_1_626' title='bbox 2262 4002 2447 4077; x_wconf 77' lang='grc' dir='ltr'>τελεία</span> <span class='ocrx_word' id='word_1_627' title='bbox 2508 4004 2612 4071; x_wconf 77' lang='grc' dir='ltr'>μέν</span> <span class='ocrx_word' id='word_1_628' title='bbox 2666 4001 2813 4054; x_wconf 74' lang='grc' dir='ltr'>ἐστιν</span> <span class='ocrx_word' id='word_1_629' title='bbox 2853 4002 2890 4070; x_wconf 79' lang='grc' dir='ltr'><strong>ἡ</strong></span> <span class='ocrx_word' id='word_1_630' title='bbox 2931 3996 3072 4053; x_wconf 81' lang='grc' dir='ltr'>κατὰ</span> <span class='ocrx_word' id='word_1_631' title='bbox 3129 3992 3343 4067; x_wconf 80' lang='grc' dir='ltr'>Ἀαρὼν</span> <span class='ocrx_word' id='word_1_632' title='bbox 3402 3991 3716 4064; x_wconf 82' lang='grc' dir='ltr'>ἱερωσύνη·</span> 
     </span>
    </p>
   </div>
   <div class='ocr_carea' id='block_1_87' title="bbox 2134 4082 3722 4164">
    <p class='ocr_par' dir='ltr' id='par_1_87' title="bbox 2134 4082 3722 4164">
     <span class='ocr_line' id='line_1_87' title="bbox 2134 4082 3722 4164; baseline -0.011 -13"><span class='ocrx_word' id='word_1_633' title='bbox 2134 4094 2312 4158; x_wconf 79' lang='grc' dir='ltr'>ἄλλοις</span> <span class='ocrx_word' id='word_1_634' title='bbox 2344 4094 2401 4147; x_wconf 81' lang='grc' dir='ltr'>δὲ</span> <span class='ocrx_word' id='word_1_635' title='bbox 2435 4093 2614 4164; x_wconf 75' lang='grc' dir='ltr'>ἐδόθη,</span> <span class='ocrx_word' id='word_1_636' title='bbox 2642 4093 2738 4147; x_wconf 74' lang='grc' dir='ltr'><strong>καὶ</strong></span> <span class='ocrx_word' id='word_1_637' title='bbox 2758 4091 2819 4145; x_wconf 84' lang='grc' dir='ltr'><strong>οὐ</strong></span> <span class='ocrx_word' id='word_1_638' title='bbox 2846 4092 2959 4154; x_wconf 83' lang='grc' dir='ltr'>τοῖς</span> <span class='ocrx_word' id='word_1_639' title='bbox 3004 4087 3299 4161; x_wconf 76' lang='grc' dir='ltr'>Ἑϐραίοις,</span> <span class='ocrx_word' id='word_1_640' title='bbox 3335 4084 3469 4139; x_wconf 78' lang='grc' dir='ltr'>ἀλλὰ</span> <span class='ocrx_word' id='word_1_641' title='bbox 3501 4082 3722 4146; x_wconf 81' lang='grc' dir='ltr'>πάντως</span> 
     </span>
    </p>
   </div>
   <div class='ocr_carea' id='block_1_88' title="bbox 2137 4166 3716 4260">
    <p class='ocr_par' dir='ltr' id='par_1_88' title="bbox 2137 4166 3716 4260">
     <span class='ocr_line' id='line_1_88' title="bbox 2137 4166 3716 4260; baseline -0.008 -19"><span class='ocrx_word' id='word_1_642' title='bbox 2137 4188 2217 4260; x_wconf 80' lang='grc' dir='ltr'>τῷ</span> <span class='ocrx_word' id='word_1_643' title='bbox 2250 4166 2582 4259; x_wconf 51' lang='lat' dir='ltr'><strong>maestior],</strong></span> <span class='ocrx_word' id='word_1_644' title='bbox 2636 4187 2734 4239; x_wconf 75' lang='grc' dir='ltr'>καὶ</span> <span class='ocrx_word' id='word_1_645' title='bbox 2773 4181 2858 4235; x_wconf 78' lang='grc' dir='ltr'><strong>ἐπ’</strong></span> <span class='ocrx_word' id='word_1_646' title='bbox 2894 4183 3031 4253; x_wconf 78' lang='grc' dir='ltr'>αὐτῇ</span> <span class='ocrx_word' id='word_1_647' title='bbox 3071 4177 3441 4251; x_wconf 78' lang='grc' dir='ltr'>ἐνομοθετήθη</span> <span class='ocrx_word' id='word_1_648' title='bbox 3490 4178 3519 4228; x_wconf 94' lang='lat'><strong>6</strong></span> <span class='ocrx_word' id='word_1_649' title='bbox 3546 4173 3716 4237; x_wconf 77' lang='grc' dir='ltr'>λαὸς’</span> 
     </span>
    </p>
   </div>
   <div class='ocr_carea' id='block_1_89' title="bbox 2137 4260 3721 4348">
    <p class='ocr_par' dir='ltr' id='par_1_89' title="bbox 2137 4260 3721 4348">
     <span class='ocr_line' id='line_1_89' title="bbox 2137 4260 3721 4348; baseline -0.009 -16"><span class='ocrx_word' id='word_1_650' title='bbox 2137 4260 2693 4348; x_wconf 70' lang='grc' dir='ltr'>τοντέστιν,ὡρὶσθη,</span> <span class='ocrx_word' id='word_1_651' title='bbox 2714 4274 2855 4329; x_wconf 82' lang='grc' dir='ltr'>ὥστε</span> <span class='ocrx_word' id='word_1_652' title='bbox 2889 4272 3197 4345; x_wconf 80' lang='grc' dir='ltr'>κεχρῆσθαι</span> <span class='ocrx_word' id='word_1_653' title='bbox 3230 4271 3391 4340; x_wconf 80' lang='grc' dir='ltr'>αὐτῇ,</span> <span class='ocrx_word' id='word_1_654' title='bbox 3428 4266 3721 4337; x_wconf 69' lang='grc' dir='ltr'>καὶταύτῃ</span> 
     </span>
    </p>
   </div>
   <div class='ocr_carea' id='block_1_90' title="bbox 2145 4357 3722 4440">
    <p class='ocr_par' dir='ltr' id='par_1_90' title="bbox 2145 4357 3722 4440">
     <span class='ocr_line' id='line_1_90' title="bbox 2145 4357 3722 4440; baseline -0.009 -16"><span class='ocrx_word' id='word_1_655' title='bbox 2145 4371 2402 4440; x_wconf 75' lang='grc' dir='ltr'>στοιχεῖν,</span> <span class='ocrx_word' id='word_1_656' title='bbox 2436 4369 2532 4422; x_wconf 75' lang='grc' dir='ltr'><strong>καὶ</strong></span> <span class='ocrx_word' id='word_1_657' title='bbox 2575 4367 2642 4421; x_wconf 88' lang='grc' dir='ltr'>δι’</span> <span class='ocrx_word' id='word_1_658' title='bbox 2678 4367 2849 4437; x_wconf 79' lang='grc' dir='ltr'>αὐτῆς</span> <span class='ocrx_word' id='word_1_659' title='bbox 2893 4361 3111 4420; x_wconf 75' lang='grc' dir='ltr'>ἅπαντα</span> <span class='ocrx_word' id='word_1_660' title='bbox 3170 4365 3456 4435; x_wconf 80' lang='grc' dir='ltr'>πράττειν.</span> <span class='ocrx_word' id='word_1_661' title='bbox 3509 4358 3608 4413; x_wconf 84' lang='grc' dir='ltr'><strong>Διὰ</strong></span> <span class='ocrx_word' id='word_1_662' title='bbox 3665 4357 3722 4411; x_wconf 83' lang='grc' dir='ltr'>τι</span> 
     </span>
    </p>
   </div>
   <div class='ocr_carea' id='block_1_91' title="bbox 2145 4457 3432 4531">
    <p class='ocr_par' dir='ltr' id='par_1_91' title="bbox 2145 4457 3432 4531">
     <span class='ocr_line' id='line_1_91' title="bbox 2145 4457 3432 4531; baseline -0.003 -18"><span class='ocrx_word' id='word_1_663' title='bbox 2145 4461 2325 4515; x_wconf 84' lang='grc' dir='ltr'>τοίνυν</span> <span class='ocrx_word' id='word_1_664' title='bbox 2340 4459 2638 4531; x_wconf 60' lang='grc' dir='ltr'>ἐξεϐλήθη,</span> <span class='ocrx_word' id='word_1_665' title='bbox 2670 4459 2702 4530; x_wconf 81' lang='grc' dir='ltr'>ἢ</span> <span class='ocrx_word' id='word_1_666' title='bbox 2732 4459 2975 4528; x_wconf 78' lang='grc' dir='ltr'>δηλονότι</span> <span class='ocrx_word' id='word_1_667' title='bbox 3003 4458 3079 4522; x_wconf 85' lang='grc' dir='ltr'>ὡς</span> <span class='ocrx_word' id='word_1_668' title='bbox 3107 4457 3432 4528; x_wconf 79' lang='grc' dir='ltr'>ἀνὶσχυρος;</span> 
     </span>
    </p>
   </div>
   <div class='ocr_carea' id='block_1_92' title="bbox 457 4541 3724 4622">
    <p class='ocr_par' dir='ltr' id='par_1_92' title="bbox 457 4541 3724 4622">
     <span class='ocr_line' id='line_1_92' title="bbox 457 4541 3724 4622; baseline 0.003 -28"><span class='ocrx_word' id='word_1_669' title='bbox 457 4541 598 4594; x_wconf 82' lang='lat' dir='ltr'><strong>enim</strong></span> <span class='ocrx_word' id='word_1_670' title='bbox 635 4543 862 4598; x_wconf 89' lang='lat' dir='ltr'><strong>omnino</strong></span> <span class='ocrx_word' id='word_1_671' title='bbox 918 4544 1121 4615; x_wconf 82' lang='lat' dir='ltr'><strong>pupulo</strong></span> <span class='ocrx_word' id='word_1_672' title='bbox 1150 4546 1336 4601; x_wconf 85' lang='lat' dir='ltr'><strong>datum</strong></span> <span class='ocrx_word' id='word_1_673' title='bbox 1371 4556 1475 4615; x_wconf 90' lang='lat' dir='ltr'><strong>est,</strong></span> <span class='ocrx_word' id='word_1_674' title='bbox 1533 4555 1696 4620; x_wconf 86' lang='lat' dir='ltr'><strong>atque</strong></span> <span class='ocrx_word' id='word_1_675' title='bbox 1747 4548 1853 4606; x_wconf 87' lang='lat' dir='ltr'><strong>sub</strong></span> <span class='ocrx_word' id='word_1_676' title='bbox 1906 4555 2029 4622; x_wconf 76' lang='lat' dir='ltr'><strong>Ipso</strong></span> <span class='ocrx_word' id='word_1_677' title='bbox 2069 4551 2379 4607; x_wconf 87' lang='lat' dir='ltr'><strong>sacerdotio</strong></span> <span class='ocrx_word' id='word_1_678' title='bbox 2415 4550 2647 4621; x_wconf 86' lang='lat' dir='ltr'><strong>populus</strong></span> <span class='ocrx_word' id='word_1_679' title='bbox 2692 4551 2863 4622; x_wconf 80' lang='lat' dir='ltr'><strong>legem</strong></span> <span class='ocrx_word' id='word_1_680' title='bbox 2894 4548 3102 4621; x_wconf 88' lang='lat' dir='ltr'><strong>accepit</strong></span> <span class='ocrx_word' id='word_1_681' title='bbox 3139 4567 3152 4603; x_wconf 89' lang='lat'><strong>:</strong></span> <span class='ocrx_word' id='word_1_682' title='bbox 3217 4548 3318 4602; x_wconf 88' lang='lat' dir='ltr'><strong>hoc</strong></span> <span class='ocrx_word' id='word_1_683' title='bbox 3375 4556 3482 4612; x_wconf 89' lang='lat' dir='ltr'><strong>est,</strong></span> <span class='ocrx_word' id='word_1_684' title='bbox 3548 4541 3724 4617; x_wconf 66' lang='lat' dir='ltr'><strong>praeﬁ-</strong></span> 
     </span>
    </p>
   </div>
   <div class='ocr_carea' id='block_1_93' title="bbox 458 4632 3722 4724">
    <p class='ocr_par' dir='ltr' id='par_1_93' title="bbox 458 4632 3722 4724">
     <span class='ocr_line' id='line_1_93' title="bbox 458 4632 3722 4724; baseline 0.001 -38"><span class='ocrx_word' id='word_1_685' title='bbox 458 4632 631 4686; x_wconf 77' lang='lat' dir='ltr'><strong>nitum</strong></span> <span class='ocrx_word' id='word_1_686' title='bbox 657 4643 777 4691; x_wconf 88' lang='lat' dir='ltr'><strong>erat</strong></span> <span class='ocrx_word' id='word_1_687' title='bbox 800 4644 862 4690; x_wconf 92' lang='lat' dir='ltr'><strong>ut</strong></span> <span class='ocrx_word' id='word_1_688' title='bbox 892 4637 997 4693; x_wconf 89' lang='lat' dir='ltr'><strong>isto</strong></span> <span class='ocrx_word' id='word_1_689' title='bbox 1020 4646 1287 4707; x_wconf 88' lang='lat' dir='ltr'><strong>uteretur,</strong></span> <span class='ocrx_word' id='word_1_690' title='bbox 1319 4642 1509 4714; x_wconf 88' lang='lat' dir='ltr'><strong>sicque</strong></span> <span class='ocrx_word' id='word_1_691' title='bbox 1544 4643 1849 4711; x_wconf 78' lang='lat' dir='ltr'><strong>incederet,</strong></span> <span class='ocrx_word' id='word_1_692' title='bbox 1875 4652 2039 4715; x_wconf 88' lang='lat' dir='ltr'><strong>atque</strong></span> <span class='ocrx_word' id='word_1_693' title='bbox 2061 4658 2158 4724; x_wconf 81' lang='lat' dir='ltr'><strong>per</strong></span> <span class='ocrx_word' id='word_1_694' title='bbox 2212 4646 2390 4716; x_wconf 90' lang='lat' dir='ltr'><strong>ipsum</strong></span> <span class='ocrx_word' id='word_1_695' title='bbox 2445 4643 2629 4699; x_wconf 83' lang='lat' dir='ltr'><strong>omnia</strong></span> <span class='ocrx_word' id='word_1_696' title='bbox 2674 4649 2882 4714; x_wconf 82' lang='lat' dir='ltr'><strong>ageret.</strong></span> <span class='ocrx_word' id='word_1_697' title='bbox 2936 4641 3045 4699; x_wconf 86' lang='lat' dir='ltr'><strong>Cur</strong></span> <span class='ocrx_word' id='word_1_698' title='bbox 3096 4640 3264 4711; x_wconf 76' lang='lat' dir='ltr'><strong>igitur</strong></span> <span class='ocrx_word' id='word_1_699' title='bbox 3322 4637 3560 4708; x_wconf 86' lang='lat' dir='ltr'><strong>ejectum</strong></span> <span class='ocrx_word' id='word_1_700' title='bbox 3614 4645 3722 4695; x_wconf 75' lang='grc' dir='ltr'>εει.</span> 
     </span>
    </p>
   </div>
   <div class='ocr_carea' id='block_1_94' title="bbox 455 4731 1263 4801">
    <p class='ocr_par' dir='ltr' id='par_1_94' title="bbox 455 4731 1263 4801">
     <span class='ocr_line' id='line_1_94' title="bbox 455 4731 1263 4801; baseline 0.01 -17"><span class='ocrx_word' id='word_1_701' title='bbox 455 4731 562 4787; x_wconf 81' lang='lat' dir='ltr'><strong>nisi</strong></span> <span class='ocrx_word' id='word_1_702' title='bbox 596 4732 740 4801; x_wconf 89' lang='lat' dir='ltr'><strong>quod</strong></span> <span class='ocrx_word' id='word_1_703' title='bbox 769 4732 1067 4789; x_wconf 84' lang='lat' dir='ltr'><strong>invalidum</strong></span> <span class='ocrx_word' id='word_1_704' title='bbox 1106 4737 1263 4791; x_wconf 86' lang='lat' dir='ltr'><strong>erat?</strong></span> 
     </span>
    </p>
   </div>
   <div class='ocr_carea' id='block_1_95' title="bbox 529 4832 2028 4941">
    <p class='ocr_par' dir='ltr' id='par_1_95' title="bbox 529 4864 2028 4941">
     <span class='ocr_line' id='line_1_95' title="bbox 529 4864 2028 4941; baseline 0.004 -20"><span class='ocrx_word' id='word_1_705' title='bbox 529 4865 693 4921; x_wconf 67' lang='lat' dir='ltr'><strong>Vens.</strong></span> <span class='ocrx_word' id='word_1_706' title='bbox 737 4867 818 4920; x_wconf 70' lang='lat' dir='ltr'><strong>l2.</strong></span> <span class='ocrx_word' id='word_1_707' title='bbox 864 4864 1149 4921; x_wconf 80' lang='lat' dir='ltr'><strong>Translata</strong></span> <span class='ocrx_word' id='word_1_708' title='bbox 1200 4869 1687 4941; x_wconf 76' lang='lat' dir='ltr'><strong>enimsacerdotio,</strong></span> <span class='ocrx_word' id='word_1_709' title='bbox 1726 4888 1931 4929; x_wconf 74' lang='lat' dir='ltr'><strong>necesse</strong></span> <span class='ocrx_word' id='word_1_710' title='bbox 1956 4883 2028 4928; x_wconf 77' lang='lat' dir='ltr'><strong>est</strong></span> 
     </span>
    </p>
   </div>
   <div class='ocr_carea' id='block_1_96' title="bbox 2134 4832 3728 4941">
    <p class='ocr_par' dir='ltr' id='par_1_96' title="bbox 2217 4859 3728 4938">
     <span class='ocr_line' id='line_1_96' title="bbox 2217 4859 3728 4938; baseline -0.005 -14"><span class='ocrx_word' id='word_1_711' title='bbox 2217 4865 2692 4938; x_wconf 74' lang='grc' dir='ltr'>Μετατιθεμένης</span> <span class='ocrx_word' id='word_1_712' title='bbox 2712 4868 2822 4938; x_wconf 78' lang='grc' dir='ltr'>γὰρ</span> <span class='ocrx_word' id='word_1_713' title='bbox 2855 4863 2962 4935; x_wconf 81' lang='grc' dir='ltr'>τῆς</span> <span class='ocrx_word' id='word_1_714' title='bbox 2985 4865 3340 4934; x_wconf 76' lang='grc' dir='ltr'>ἱερωσύνης,</span> <span class='ocrx_word' id='word_1_715' title='bbox 3359 4862 3427 4928; x_wconf 82' lang='grc' dir='ltr'><strong>ἐξ</strong></span> <span class='ocrx_word' id='word_1_716' title='bbox 3452 4859 3728 4932; x_wconf 77' lang='grc' dir='ltr'>ἀνάγκης</span> 
     </span>
    </p>
   </div>
   <div class='ocr_carea' id='block_1_97' title="bbox 456 4948 2036 5043">
    <p class='ocr_par' dir='ltr' id='par_1_97' title="bbox 456 4948 2036 5043">
     <span class='ocr_line' id='line_1_97' title="bbox 456 4948 2036 5043; baseline 0.003 -30"><span class='ocrx_word' id='word_1_717' title='bbox 456 4969 515 5014; x_wconf 81' lang='lat' dir='ltr'><strong>ut</strong></span> <span class='ocrx_word' id='word_1_718' title='bbox 543 4960 671 5030; x_wconf 81' lang='lat' dir='ltr'><strong>tegis</strong></span> <span class='ocrx_word' id='word_1_719' title='bbox 702 4959 985 5029; x_wconf 74' lang='lat' dir='ltr'><strong>translatio</strong></span> <span class='ocrx_word' id='word_1_720' title='bbox 1014 4962 1131 5029; x_wconf 82' lang='lat' dir='ltr'><strong>ﬁat.</strong></span> <span class='ocrx_word' id='word_1_721' title='bbox 1165 4959 1418 5016; x_wconf 88' lang='lat' dir='ltr'><strong>Ostendit</strong></span> <span class='ocrx_word' id='word_1_722' title='bbox 1442 4948 1554 5032; x_wconf 81' lang='lat' dir='ltr'><strong>jam</strong></span> <span class='ocrx_word' id='word_1_723' title='bbox 1581 4964 1752 5043; x_wconf 73' lang='lat' dir='ltr'><strong>legem</strong></span> <span class='ocrx_word' id='word_1_724' title='bbox 1776 4948 2036 5043; x_wconf 78' lang='lat' dir='ltr'><strong>abolitam</strong></span> 
     </span>
    </p>
   </div>
   <div class='ocr_carea' id='block_1_98' title="bbox 457 5040 2039 5131">
    <p class='ocr_par' dir='ltr' id='par_1_98' title="bbox 457 5040 2039 5131">
     <span class='ocr_line' id='line_1_98' title="bbox 457 5040 2039 5131; baseline 0.003 -23"><span class='ocrx_word' id='word_1_725' title='bbox 457 5068 581 5108; x_wconf 83' lang='lat' dir='ltr'><strong>esse</strong></span> <span class='ocrx_word' id='word_1_726' title='bbox 611 5068 675 5109; x_wconf 82' lang='lat' dir='ltr'><strong>ex</strong></span> <span class='ocrx_word' id='word_1_727' title='bbox 718 5052 1104 5120; x_wconf 86' lang='lat' dir='ltr'><strong>consequenti,</strong></span> <span class='ocrx_word' id='word_1_728' title='bbox 1134 5068 1199 5108; x_wconf 85' lang='lat' dir='ltr'><strong>ac</strong></span> <span class='ocrx_word' id='word_1_729' title='bbox 1230 5054 1379 5110; x_wconf 86' lang='lat' dir='ltr'><strong>aliud</strong></span> <span class='ocrx_word' id='word_1_730' title='bbox 1430 5040 1817 5131; x_wconf 81' lang='lat' dir='ltr'><strong>testamentum</strong></span> <span class='ocrx_word' id='word_1_731' title='bbox 1849 5040 2039 5114; x_wconf 83' lang='lat' dir='ltr'><strong>surro-</strong></span> 
     </span>
    </p>
   </div>
   <div class='ocr_carea' id='block_1_99' title="bbox 457 5134 2039 5215">
    <p class='ocr_par' dir='ltr' id='par_1_99' title="bbox 457 5134 2039 5215">
     <span class='ocr_line' id='line_1_99' title="bbox 457 5134 2039 5215; baseline 0.004 -18"><span class='ocrx_word' id='word_1_732' title='bbox 457 5152 667 5215; x_wconf 79' lang='lat' dir='ltr'><strong>gatum.</strong></span> <span class='ocrx_word' id='word_1_733' title='bbox 698 5142 753 5198; x_wconf 91' lang='lat' dir='ltr'><strong>Si</strong></span> <span class='ocrx_word' id='word_1_734' title='bbox 775 5143 919 5199; x_wconf 90' lang='lat' dir='ltr'><strong>enim</strong></span> <span class='ocrx_word' id='word_1_735' title='bbox 939 5144 1303 5200; x_wconf 85' lang='lat' dir='ltr'><strong>sacerdotium</strong></span> <span class='ocrx_word' id='word_1_736' title='bbox 1330 5134 1652 5201; x_wconf 80' lang='lat' dir='ltr'><strong>translatum</strong></span> <span class='ocrx_word' id='word_1_737' title='bbox 1679 5158 1783 5212; x_wconf 89' lang='lat' dir='ltr'><strong>est,</strong></span> <span class='ocrx_word' id='word_1_738' title='bbox 1815 5162 2039 5203; x_wconf 85' lang='lat' dir='ltr'><strong>necesse</strong></span> 
     </span>
    </p>
   </div>
   <div class='ocr_carea' id='block_1_100' title="bbox 459 5235 2043 5311">
    <p class='ocr_par' dir='ltr' id='par_1_100' title="bbox 459 5235 2043 5311">
     <span class='ocr_line' id='line_1_100' title="bbox 459 5235 2043 5311; baseline 0.002 -21"><span class='ocrx_word' id='word_1_739' title='bbox 459 5246 544 5291; x_wconf 86' lang='lat' dir='ltr'><strong>est</strong></span> <span class='ocrx_word' id='word_1_740' title='bbox 611 5236 783 5305; x_wconf 81' lang='lat' dir='ltr'><strong>legem</strong></span> <span class='ocrx_word' id='word_1_741' title='bbox 838 5235 1003 5291; x_wconf 88' lang='lat' dir='ltr'><strong>etiam</strong></span> <span class='ocrx_word' id='word_1_742' title='bbox 1068 5235 1230 5289; x_wconf 84' lang='lat' dir='ltr'><strong>aliam</strong></span> <span class='ocrx_word' id='word_1_743' title='bbox 1286 5250 1450 5311; x_wconf 89' lang='lat' dir='ltr'><strong>esse:</strong></span> <span class='ocrx_word' id='word_1_744' title='bbox 1493 5238 1750 5301; x_wconf 79' lang='lat' dir='ltr'><strong>sacerdos</strong></span> <span class='ocrx_word' id='word_1_745' title='bbox 1804 5251 2043 5309; x_wconf 87' lang='lat' dir='ltr'><strong>namque</strong></span> 
     </span>
    </p>
   </div>
   <div class='ocr_carea' id='block_1_101' title="bbox 462 5318 2039 5405">
    <p class='ocr_par' dir='ltr' id='par_1_101' title="bbox 462 5318 2039 5405">
     <span class='ocr_line' id='line_1_101' title="bbox 462 5318 2039 5405; baseline 0.002 -24"><span class='ocrx_word' id='word_1_746' title='bbox 462 5328 669 5396; x_wconf 85' lang='lat' dir='ltr'><strong>absque</strong></span> <span class='ocrx_word' id='word_1_747' title='bbox 706 5335 1035 5382; x_wconf 88' lang='lat' dir='ltr'><strong>testamento</strong></span> <span class='ocrx_word' id='word_1_748' title='bbox 1073 5338 1125 5383; x_wconf 88' lang='lat' dir='ltr'><strong>et</strong></span> <span class='ocrx_word' id='word_1_749' title='bbox 1157 5328 1366 5403; x_wconf 73' lang='lat' dir='ltr'><strong>legibus</strong></span> <span class='ocrx_word' id='word_1_750' title='bbox 1393 5318 1442 5383; x_wconf 86' lang='lat' dir='ltr'><strong>et</strong></span> <span class='ocrx_word' id='word_1_751' title='bbox 1472 5330 1759 5405; x_wconf 73' lang='lat' dir='ltr'><strong>przeccptis</strong></span> <span class='ocrx_word' id='word_1_752' title='bbox 1793 5343 1900 5384; x_wconf 87' lang='lat' dir='ltr'><strong>non</strong></span> <span class='ocrx_word' id='word_1_753' title='bbox 1932 5339 2039 5385; x_wconf 83' lang='lat' dir='ltr'><strong>est.</strong></span> 
     </span>
    </p>
   </div>
   <div class='ocr_carea' id='block_1_102' title="bbox 459 5406 2039 5489">
    <p class='ocr_par' dir='ltr' id='par_1_102' title="bbox 459 5406 2039 5489">
     <span class='ocr_line' id='line_1_102' title="bbox 459 5406 2039 5489; baseline 0.002 -17"><span class='ocrx_word' id='word_1_754' title='bbox 459 5419 811 5472; x_wconf 83' lang='lat' dir='ltr'><strong>Translatum</strong></span> <span class='ocrx_word' id='word_1_755' title='bbox 840 5430 923 5475; x_wconf 85' lang='lat' dir='ltr'><strong>est</strong></span> <span class='ocrx_word' id='word_1_756' title='bbox 949 5428 1134 5476; x_wconf 85' lang='lat' dir='ltr'><strong>autem</strong></span> <span class='ocrx_word' id='word_1_757' title='bbox 1165 5420 1529 5489; x_wconf 76' lang='lat' dir='ltr'><strong>sacerdotium</strong></span> <span class='ocrx_word' id='word_1_758' title='bbox 1565 5406 1675 5475; x_wconf 77' lang='lat' dir='ltr'><strong>non</strong></span> <span class='ocrx_word' id='word_1_759' title='bbox 1705 5420 1881 5487; x_wconf 88' lang='lat' dir='ltr'><strong>solum</strong></span> <span class='ocrx_word' id='word_1_760' title='bbox 1910 5422 2039 5488; x_wconf 88' lang='lat' dir='ltr'><strong>ritu,</strong></span> 
     </span>
    </p>
   </div>
   <div class='ocr_carea' id='block_1_103' title="bbox 464 5507 2038 5580">
    <p class='ocr_par' dir='ltr' id='par_1_103' title="bbox 464 5507 2038 5580">
     <span class='ocr_line' id='line_1_103' title="bbox 464 5507 2038 5580; baseline 0.004 -19"><span class='ocrx_word' id='word_1_761' title='bbox 464 5507 568 5561; x_wconf 76' lang='lat' dir='ltr'><strong>hoc</strong></span> <span class='ocrx_word' id='word_1_762' title='bbox 593 5518 695 5572; x_wconf 89' lang='lat' dir='ltr'><strong>est,</strong></span> <span class='ocrx_word' id='word_1_763' title='bbox 723 5516 780 5561; x_wconf 92' lang='lat' dir='ltr'><strong>ut</strong></span> <span class='ocrx_word' id='word_1_764' title='bbox 808 5524 917 5563; x_wconf 91' lang='lat' dir='ltr'><strong>non</strong></span> <span class='ocrx_word' id='word_1_765' title='bbox 953 5509 1027 5564; x_wconf 84' lang='lat' dir='ltr'><strong>sit</strong></span> <span class='ocrx_word' id='word_1_766' title='bbox 1053 5524 1219 5580; x_wconf 88' lang='lat' dir='ltr'><strong>porro</strong></span> <span class='ocrx_word' id='word_1_767' title='bbox 1261 5510 1562 5565; x_wconf 86' lang='lat' dir='ltr'><strong>secundum</strong></span> <span class='ocrx_word' id='word_1_768' title='bbox 1595 5510 1838 5565; x_wconf 87' lang='lat' dir='ltr'><strong>ordinem</strong></span> <span class='ocrx_word' id='word_1_769' title='bbox 1863 5510 2038 5568; x_wconf 83' lang='lat' dir='ltr'><strong>Aaro-</strong></span> 
     </span>
    </p>
   </div>
   <div class='ocr_carea' id='block_1_104' title="bbox 464 5599 2033 5665">
    <p class='ocr_par' dir='ltr' id='par_1_104' title="bbox 464 5599 2033 5665">
     <span class='ocr_line' id='line_1_104' title="bbox 464 5599 2033 5665; baseline 0.001 -11"><span class='ocrx_word' id='word_1_770' title='bbox 464 5600 574 5664; x_wconf 76' lang='lat' dir='ltr'><strong>nis,</strong></span> <span class='ocrx_word' id='word_1_771' title='bbox 601 5599 699 5654; x_wconf 87' lang='lat' dir='ltr'><strong>sed</strong></span> <span class='ocrx_word' id='word_1_772' title='bbox 744 5602 1046 5656; x_wconf 88' lang='lat' dir='ltr'><strong>secundum</strong></span> <span class='ocrx_word' id='word_1_773' title='bbox 1081 5600 1330 5657; x_wconf 86' lang='lat' dir='ltr'><strong>ordinem</strong></span> <span class='ocrx_word' id='word_1_774' title='bbox 1381 5601 1788 5665; x_wconf 80' lang='lat' dir='ltr'><strong>Melchisedeci,</strong></span> <span class='ocrx_word' id='word_1_775' title='bbox 1847 5617 2033 5656; x_wconf 85' lang='lat' dir='ltr'><strong>verum</strong></span> 
     </span>
    </p>
   </div>
   <div class='ocr_carea' id='block_1_105' title="bbox 463 5690 2041 5747">
    <p class='ocr_par' dir='ltr' id='par_1_105' title="bbox 463 5690 2041 5747">
     <span class='ocr_line' id='line_1_105' title="bbox 463 5690 2041 5747; baseline 0.001 -2"><span class='ocrx_word' id='word_1_776' title='bbox 463 5690 628 5745; x_wconf 82' lang='lat' dir='ltr'><strong>etiam</strong></span> <span class='ocrx_word' id='word_1_777' title='bbox 651 5692 953 5746; x_wconf 89' lang='lat' dir='ltr'><strong>secundum</strong></span> <span class='ocrx_word' id='word_1_778' title='bbox 981 5693 1207 5747; x_wconf 87' lang='lat' dir='ltr'><strong>tribum.</strong></span> <span class='ocrx_word' id='word_1_779' title='bbox 1248 5692 1463 5747; x_wconf 86' lang='lat' dir='ltr'><strong>Etenim</strong></span> <span class='ocrx_word' id='word_1_780' title='bbox 1485 5706 1516 5745; x_wconf 90' lang='lat' dir='ltr'><strong>a</strong></span> <span class='ocrx_word' id='word_1_781' title='bbox 1540 5691 1685 5747; x_wconf 89' lang='lat' dir='ltr'><strong>tribu</strong></span> <span class='ocrx_word' id='word_1_782' title='bbox 1716 5691 2041 5747; x_wconf 85' lang='lat' dir='ltr'><strong>sacerdotali</strong></span> 
     </span>
    </p>
   </div>
   <div class='ocr_carea' id='block_1_106' title="bbox 466 5778 2037 5854">
    <p class='ocr_par' dir='ltr' id='par_1_106' title="bbox 466 5778 2037 5854">
     <span class='ocr_line' id='line_1_106' title="bbox 466 5778 2037 5854; baseline 0.001 -19"><span class='ocrx_word' id='word_1_783' title='bbox 466 5778 703 5837; x_wconf 77' lang='lat' dir='ltr'><strong>Aaronis</strong></span> <span class='ocrx_word' id='word_1_784' title='bbox 752 5781 819 5838; x_wconf 85' lang='lat' dir='ltr'><strong>ad</strong></span> <span class='ocrx_word' id='word_1_785' title='bbox 850 5782 1056 5854; x_wconf 76' lang='lat' dir='ltr'><strong>regiam</strong></span> <span class='ocrx_word' id='word_1_786' title='bbox 1093 5782 1297 5841; x_wconf 89' lang='lat' dir='ltr'><strong>tribum</strong></span> <span class='ocrx_word' id='word_1_787' title='bbox 1327 5780 1482 5839; x_wconf 81' lang='lat' dir='ltr'><strong>Jttdae</strong></span> <span class='ocrx_word' id='word_1_788' title='bbox 1506 5790 1591 5841; x_wconf 85' lang='lat' dir='ltr'><strong>est</strong></span> <span class='ocrx_word' id='word_1_789' title='bbox 1623 5783 2037 5854; x_wconf 80' lang='lat' dir='ltr'><strong>transpositam.</strong></span> 
     </span>
    </p>
   </div>
   <div class='ocr_carea' id='block_1_107' title="bbox 1884 6066 1902 6097">
    <p class='ocr_par' dir='ltr' id='par_1_107' title="bbox 1884 6066 1902 6097">
     <span class='ocr_line' id='line_1_107' title="bbox 1884 6066 1902 6097; baseline 0 0"><span class='ocrx_word' id='word_1_790' title='bbox 1884 6066 1902 6097; x_wconf 92' lang='lat'><strong>\</strong></span> 
     </span>
    </p>
   </div>
   <div class='ocr_carea' id='block_1_108' title="bbox 2149 4954 3729 5030">
    <p class='ocr_par' dir='ltr' id='par_1_108' title="bbox 2149 4954 3729 5030">
     <span class='ocr_line' id='line_1_108' title="bbox 2149 4954 3729 5030; baseline -0.004 -14"><span class='ocrx_word' id='word_1_791' title='bbox 2149 4963 2251 5017; x_wconf 79' lang='grc' dir='ltr'>καὶ</span> <span class='ocrx_word' id='word_1_792' title='bbox 2282 4964 2472 5030; x_wconf 85' lang='grc' dir='ltr'>νόμου</span> <span class='ocrx_word' id='word_1_793' title='bbox 2494 4962 2814 5030; x_wconf 80' lang='grc' dir='ltr'>μετάθεσις</span> <span class='ocrx_word' id='word_1_794' title='bbox 2838 4960 3087 5029; x_wconf 76' lang='grc' dir='ltr'>γίνεται.</span> <span class='ocrx_word' id='word_1_795' title='bbox 3105 4956 3219 5011; x_wconf 85' lang='grc' dir='ltr'><strong>Νῦν</strong></span> <span class='ocrx_word' id='word_1_796' title='bbox 3239 4956 3482 5009; x_wconf 83' lang='grc' dir='ltr'>δείκνυσι</span> <span class='ocrx_word' id='word_1_797' title='bbox 3510 4954 3606 5008; x_wconf 80' lang='grc' dir='ltr'><strong>καὶ</strong></span> <span class='ocrx_word' id='word_1_798' title='bbox 3632 4954 3729 5009; x_wconf 80' lang='grc' dir='ltr'><strong>τὸν</strong></span> 
     </span>
    </p>
   </div>
   <div class='ocr_carea' id='block_1_109' title="bbox 2148 5046 3726 5123">
    <p class='ocr_par' dir='ltr' id='par_1_109' title="bbox 2148 5046 3726 5123">
     <span class='ocr_line' id='line_1_109' title="bbox 2148 5046 3726 5123; baseline -0.007 -15"><span class='ocrx_word' id='word_1_799' title='bbox 2148 5054 2314 5123; x_wconf 87' lang='grc' dir='ltr'>νόμον</span> <span class='ocrx_word' id='word_1_800' title='bbox 2346 5050 2795 5123; x_wconf 85' lang='grc' dir='ltr'>καταργούμενον</span> <span class='ocrx_word' id='word_1_801' title='bbox 2823 5048 3157 5113; x_wconf 82' lang='grc' dir='ltr'>ἀκολούθως,</span> <span class='ocrx_word' id='word_1_802' title='bbox 3188 5047 3281 5101; x_wconf 73' lang='grc' dir='ltr'>καὶ</span> <span class='ocrx_word' id='word_1_803' title='bbox 3307 5046 3503 5117; x_wconf 77' lang='grc' dir='ltr'>ἑτέραν</span> <span class='ocrx_word' id='word_1_804' title='bbox 3526 5046 3726 5116; x_wconf 79' lang='grc' dir='ltr'>διαθή-</span> 
     </span>
    </p>
   </div>
   <div class='ocr_carea' id='block_1_110' title="bbox 2149 5137 3724 5216">
    <p class='ocr_par' dir='ltr' id='par_1_110' title="bbox 2149 5137 3724 5216">
     <span class='ocr_line' id='line_1_110' title="bbox 2149 5137 3724 5216; baseline -0.005 -18"><span class='ocrx_word' id='word_1_805' title='bbox 2149 5161 2253 5216; x_wconf 89' lang='grc' dir='ltr'><strong>κην</strong></span> <span class='ocrx_word' id='word_1_806' title='bbox 2281 5144 2770 5213; x_wconf 80' lang='grc' dir='ltr'>ἀντεισαγομένην.</span> <span class='ocrx_word' id='word_1_807' title='bbox 2809 5140 2872 5194; x_wconf 84' lang='lat' dir='ltr'><strong>Ei</strong></span> <span class='ocrx_word' id='word_1_808' title='bbox 2905 5143 3016 5212; x_wconf 81' lang='grc' dir='ltr'>γὰρ</span> <span class='ocrx_word' id='word_1_809' title='bbox 3046 5142 3079 5211; x_wconf 81' lang='grc' dir='ltr'><strong>ἡ</strong></span> <span class='ocrx_word' id='word_1_810' title='bbox 3119 5137 3392 5210; x_wconf 77' lang='grc' dir='ltr'>ἱερωσύνη</span> <span class='ocrx_word' id='word_1_811' title='bbox 3435 5138 3724 5209; x_wconf 77' lang='grc' dir='ltr'>μετετέθη,</span> 
     </span>
    </p>
   </div>
   <div class='ocr_carea' id='block_1_111' title="bbox 2149 5229 3732 5308">
    <p class='ocr_par' dir='ltr' id='par_1_111' title="bbox 2149 5229 3732 5308">
     <span class='ocr_line' id='line_1_111' title="bbox 2149 5229 3732 5308; baseline -0.004 -17"><span class='ocrx_word' id='word_1_812' title='bbox 2149 5238 2367 5308; x_wconf 83' lang='grc' dir='ltr'>ἀνάγκη</span> <span class='ocrx_word' id='word_1_813' title='bbox 2395 5238 2493 5292; x_wconf 64' lang='grc' dir='ltr'>καὶ</span> <span class='ocrx_word' id='word_1_814' title='bbox 2524 5237 2691 5308; x_wconf 86' lang='grc' dir='ltr'>νόμον</span> <span class='ocrx_word' id='word_1_815' title='bbox 2745 5235 2936 5307; x_wconf 73' lang='grc' dir='ltr'>ἕτερον</span> <span class='ocrx_word' id='word_1_816' title='bbox 2965 5229 3130 5298; x_wconf 76' lang='grc' dir='ltr'>εἶναι,</span> <span class='ocrx_word' id='word_1_817' title='bbox 3167 5231 3346 5302; x_wconf 83' lang='grc' dir='ltr'>ἱερεὺς</span> <span class='ocrx_word' id='word_1_818' title='bbox 3394 5231 3506 5303; x_wconf 83' lang='grc' dir='ltr'>γὰρ</span> <span class='ocrx_word' id='word_1_819' title='bbox 3561 5232 3732 5301; x_wconf 71' lang='grc' dir='ltr'>χωρὶς</span> 
     </span>
    </p>
   </div>
   <div class='ocr_carea' id='block_1_112' title="bbox 2149 5321 3728 5399">
    <p class='ocr_par' dir='ltr' id='par_1_112' title="bbox 2149 5321 3728 5399">
     <span class='ocr_line' id='line_1_112' title="bbox 2149 5321 3728 5399; baseline -0.004 -17"><span class='ocrx_word' id='word_1_820' title='bbox 2149 5330 2415 5399; x_wconf 78' lang='grc' dir='ltr'>διαθήκης</span> <span class='ocrx_word' id='word_1_821' title='bbox 2466 5328 2562 5384; x_wconf 77' lang='grc' dir='ltr'>καὶ</span> <span class='ocrx_word' id='word_1_822' title='bbox 2617 5327 2797 5397; x_wconf 89' lang='grc' dir='ltr'>νόμων</span> <span class='ocrx_word' id='word_1_823' title='bbox 2834 5326 2931 5380; x_wconf 76' lang='grc' dir='ltr'>καὶ</span> <span class='ocrx_word' id='word_1_824' title='bbox 2971 5325 3416 5397; x_wconf 77' lang='grc' dir='ltr'>προσταγμάτων</span> <span class='ocrx_word' id='word_1_825' title='bbox 3459 5323 3561 5377; x_wconf 75' lang='grc' dir='ltr'>οὐκ</span> <span class='ocrx_word' id='word_1_826' title='bbox 3587 5321 3728 5381; x_wconf 69' lang='grc' dir='ltr'>ἐστι.</span> 
     </span>
    </p>
   </div>
   <div class='ocr_carea' id='block_1_113' title="bbox 2151 5416 3727 5492">
    <p class='ocr_par' dir='ltr' id='par_1_113' title="bbox 2151 5416 3727 5492">
     <span class='ocr_line' id='line_1_113' title="bbox 2151 5416 3727 5492; baseline -0.006 -16"><span class='ocrx_word' id='word_1_827' title='bbox 2151 5422 2437 5492; x_wconf 76' lang='grc' dir='ltr'>Μετετέθη</span> <span class='ocrx_word' id='word_1_828' title='bbox 2462 5421 2519 5474; x_wconf 81' lang='grc' dir='ltr'><strong>δὲ</strong></span> <span class='ocrx_word' id='word_1_829' title='bbox 2546 5421 2579 5490; x_wconf 78' lang='grc' dir='ltr'><strong>ἡ</strong></span> <span class='ocrx_word' id='word_1_830' title='bbox 2613 5419 2885 5491; x_wconf 83' lang='grc' dir='ltr'>ἱερωσύνη</span> <span class='ocrx_word' id='word_1_831' title='bbox 2934 5419 2997 5472; x_wconf 85' lang='grc' dir='ltr'><strong>ού</strong></span> <span class='ocrx_word' id='word_1_832' title='bbox 3042 5418 3204 5489; x_wconf 86' lang='grc' dir='ltr'>μόνον</span> <span class='ocrx_word' id='word_1_833' title='bbox 3234 5417 3312 5489; x_wconf 84' lang='grc' dir='ltr'>τῷ</span> <span class='ocrx_word' id='word_1_834' title='bbox 3337 5416 3544 5487; x_wconf 80' lang='grc' dir='ltr'>τρόπῳ,</span> <span class='ocrx_word' id='word_1_835' title='bbox 3576 5430 3727 5468; x_wconf 81' lang='grc' dir='ltr'>τουτ-</span> 
     </span>
    </p>
   </div>
   <div class='ocr_carea' id='block_1_114' title="bbox 2154 5502 3731 5581">
    <p class='ocr_par' dir='ltr' id='par_1_114' title="bbox 2154 5502 3731 5581">
     <span class='ocr_line' id='line_1_114' title="bbox 2154 5502 3731 5581; baseline -0.005 -18"><span class='ocrx_word' id='word_1_836' title='bbox 2154 5513 2292 5572; x_wconf 84' lang='grc' dir='ltr'>έστι,</span> <span class='ocrx_word' id='word_1_837' title='bbox 2332 5510 2409 5580; x_wconf 84' lang='grc' dir='ltr'>τῷ</span> <span class='ocrx_word' id='word_1_838' title='bbox 2445 5512 2521 5581; x_wconf 80' lang='grc' dir='ltr'>μὴ</span> <span class='ocrx_word' id='word_1_839' title='bbox 2556 5509 2699 5564; x_wconf 79' lang='grc' dir='ltr'>κατὰ</span> <span class='ocrx_word' id='word_1_840' title='bbox 2725 5511 2825 5579; x_wconf 81' lang='grc' dir='ltr'>τὴν</span> <span class='ocrx_word' id='word_1_841' title='bbox 2850 5509 3002 5575; x_wconf 83' lang='grc' dir='ltr'>τάξιν</span> <span class='ocrx_word' id='word_1_842' title='bbox 3053 5506 3263 5580; x_wconf 84' lang='grc' dir='ltr'>Ἀαρὼν</span> <span class='ocrx_word' id='word_1_843' title='bbox 3298 5502 3461 5571; x_wconf 79' lang='grc' dir='ltr'>εἶναι,</span> <span class='ocrx_word' id='word_1_844' title='bbox 3499 5504 3640 5558; x_wconf 76' lang='grc' dir='ltr'>κατὰ</span> <span class='ocrx_word' id='word_1_845' title='bbox 3675 5504 3731 5555; x_wconf 81' lang='grc' dir='ltr'>δὲ</span> 
     </span>
    </p>
   </div>
   <div class='ocr_carea' id='block_1_115' title="bbox 2152 5594 3732 5673">
    <p class='ocr_par' dir='ltr' id='par_1_115' title="bbox 2152 5594 3732 5673">
     <span class='ocr_line' id='line_1_115' title="bbox 2152 5594 3732 5673; baseline -0.005 -20"><span class='ocrx_word' id='word_1_846' title='bbox 2152 5600 2250 5673; x_wconf 76' lang='grc' dir='ltr'>τὴν</span> <span class='ocrx_word' id='word_1_847' title='bbox 2280 5598 2378 5652; x_wconf 78' lang='grc' dir='ltr'>τοῦ</span> <span class='ocrx_word' id='word_1_848' title='bbox 2407 5598 2765 5671; x_wconf 81' lang='grc' dir='ltr'>Μελχισεδὲκ,</span> <span class='ocrx_word' id='word_1_849' title='bbox 2783 5599 2919 5652; x_wconf 83' lang='grc' dir='ltr'>ἀλλὰ</span> <span class='ocrx_word' id='word_1_850' title='bbox 2951 5600 3045 5652; x_wconf 76' lang='grc' dir='ltr'><strong>καὶ</strong></span> <span class='ocrx_word' id='word_1_851' title='bbox 3068 5600 3136 5669; x_wconf 75' lang='grc' dir='ltr'>τῇ</span> <span class='ocrx_word' id='word_1_852' title='bbox 3167 5598 3331 5669; x_wconf 77' lang='grc' dir='ltr'><strong>φυλῇ.</strong></span> <span class='ocrx_word' id='word_1_853' title='bbox 3357 5596 3468 5649; x_wconf 76' lang='grc' dir='ltr'><strong>Καὶ</strong></span> <span class='ocrx_word' id='word_1_854' title='bbox 3490 5594 3596 5663; x_wconf 82' lang='grc' dir='ltr'><strong>γὰρ</strong></span> <span class='ocrx_word' id='word_1_855' title='bbox 3619 5594 3732 5646; x_wconf 73' lang='grc' dir='ltr'><strong>ἀπὸ</strong></span> 
     </span>
    </p>
   </div>
   <div class='ocr_carea' id='block_1_116' title="bbox 2151 5682 3727 5761">
    <p class='ocr_par' dir='ltr' id='par_1_116' title="bbox 2151 5682 3727 5761">
     <span class='ocr_line' id='line_1_116' title="bbox 2151 5682 3727 5761; baseline -0.004 -18"><span class='ocrx_word' id='word_1_856' title='bbox 2151 5691 2324 5761; x_wconf 79' lang='grc' dir='ltr'>φυλῆς</span> <span class='ocrx_word' id='word_1_857' title='bbox 2359 5690 2641 5761; x_wconf 83' lang='grc' dir='ltr'>ἱερατικῆς</span> <span class='ocrx_word' id='word_1_858' title='bbox 2682 5689 2780 5759; x_wconf 82' lang='grc' dir='ltr'>τῆς</span> <span class='ocrx_word' id='word_1_859' title='bbox 2823 5687 3035 5759; x_wconf 80' lang='grc' dir='ltr'>’Δαρὼν</span> <span class='ocrx_word' id='word_1_860' title='bbox 3072 5689 3155 5754; x_wconf 83' lang='grc' dir='ltr'><strong>εἱς</strong></span> <span class='ocrx_word' id='word_1_861' title='bbox 3194 5686 3479 5758; x_wconf 81' lang='grc' dir='ltr'>βασιλικὴν</span> <span class='ocrx_word' id='word_1_862' title='bbox 3507 5686 3606 5755; x_wconf 83' lang='grc' dir='ltr'><strong>τὴν</strong></span> <span class='ocrx_word' id='word_1_863' title='bbox 3630 5682 3727 5738; x_wconf 77' lang='grc' dir='ltr'>τοῦ</span> 
     </span>
    </p>
   </div>
   <div class='ocr_carea' id='block_1_117' title="bbox 2157 5770 3727 5852">
    <p class='ocr_par' dir='ltr' id='par_1_117' title="bbox 2157 5770 3727 5852">
     <span class='ocr_line' id='line_1_117' title="bbox 2157 5770 3727 5852; baseline -0.005 -17"><span class='ocrx_word' id='word_1_864' title='bbox 2157 5780 2336 5836; x_wconf 82' lang='grc' dir='ltr'>Ἰούδα</span> <span class='ocrx_word' id='word_1_865' title='bbox 2367 5779 2655 5852; x_wconf 78' lang='grc' dir='ltr'>μετετέθη.</span> <span class='ocrx_word' id='word_1_866' title='bbox 2685 5781 2791 5834; x_wconf 72' lang='grc' dir='ltr'>Καὶ</span> <span class='ocrx_word' id='word_1_867' title='bbox 2827 5781 2905 5835; x_wconf 81' lang='grc' dir='ltr'><strong>ἱδε</strong></span> <span class='ocrx_word' id='word_1_868' title='bbox 2940 5779 3000 5834; x_wconf 79' lang='grc' dir='ltr'>τὸ</span> <span class='ocrx_word' id='word_1_869' title='bbox 3026 5781 3347 5851; x_wconf 81' lang='grc' dir='ltr'>μυστήριον.</span> <span class='ocrx_word' id='word_1_870' title='bbox 3402 5776 3628 5847; x_wconf 85' lang='grc' dir='ltr'>Πρῶτον</span> <span class='ocrx_word' id='word_1_871' title='bbox 3657 5770 3727 5844; x_wconf 69' lang='grc' dir='ltr'>ἦν</span> 
     </span>
    </p>
   </div>
  </div>
