4080 6410
467 431 574 499 283

1386 429 1965 498 THEOPHYLACTI
2009 435 2102 492 BU
2115 435 2422 496 LGARL‘E
2461 436 2821 498 ARCHIEP.

3643 451 3750 510 2-84

466 554 635 614 modo
661 552 775 623 jam
808 549 901 608 ubi
935 561 1268 606 conservare
1301 560 1426 602 eum
1453 547 1734 612 convenit,
1793 543 2054 614 interpel-

2173 544 2278 608 πῶς
2305 544 2434 601 ἔνθα
2464 547 2638 604 σῶσαι
2661 547 2763 611 δεῖ,
2796 547 3152 620 ἐντυγχάνεις
3199 550 3258 604 Ὀ
3284 552 3460 609 πᾶσαν
3488 552 3628 626 ἔχων
3651 558 3754 630 τὴν

468 651 581 706 lat?
602 647 708 716 Qui
736 660 900 703 omne
923 643 1195 716 judicium
1214 642 1400 708 habet,
1424 639 1704 714 quomodo
1730 637 2058 695 intercedit?

467 741 572 808 Qui
640 733 1155 807 mandat’angelos,
1208 742 1270 790 ut
1302 733 1403 789 hos
1432 731 1652 803 quidem
1685 731 1741 787 in
1777 731 2056 786 caminum

468 835 743 903 injiciattt,
767 831 892 888 illos
926 845 1056 886 vero
1081 827 1451 886 conservent?
1491 826 1722 895 Propter
1751 827 2050 881 humanam

469 928 635 997 igitur
661 935 912 980 naturam
967 923 1072 978 hoc
1103 922 1306 977 dictum
1358 927 1463 988 est,
1525 919 1674 990 quod
1725 918 2053 974 intercedat.

469 1018 934 1076 Condescendens
980 1017 1126 1070 enim
1163 1013 1514 1068 auditoribus
1537 1013 1744 1068 Paulus
1777 1029 1791 1066 :
1829 1009 1908 1066 Ne
1937 1026 2056 1066 nte-

471 1111 660 1176 tuatis,
706 1108 908 1176 inquit,
959 1119 1141 1176 neque
1189 1104 1390 1159 dicatis
1425 1101 1579 1168 :Nac,
1620 1109 1768 1156 amat
1837 1101 2056 1170 quidem

471 1214 596 1262 nos,
620 1205 673 1252 et
705 1196 962 1252 ﬁduciam
991 1194 1153 1249 habet
1184 1193 1346 1264 700
1383 1192 1526 1264 apud
1554 1193 1794 1257 Patrem,
1824 1193 1917 1246 sed
1950 1208 2056 1246 non

471 1305 688 1361 semper
721 1296 901 1359 potest
931 1287 1107 1343 nostri
1144 1301 1334 1342 curam
1367 1301 1574 1356 gerere.
1609 1285 1686 1340 Ne
1710 1286 1812 1339 hoc
1836 1284 2055 1339 dicatis.

469 1380 616 1436 Vivit
650 1380 820 1447 enim,
885 1387 940 1434 ct
970 1393 1189 1449 semper
1219 1377 1572 1449 pontiﬁcium
1604 1392 1744 1447 opus
1769 1392 1869 1447 pro
1900 1376 2060 1433 nobis

465 1475 732 1542 perﬁcere
762 1480 966 1545 potest.
992 1471 1225 1539 Quando
1250 1479 1431 1527 autem
1516 1469 1911 1525 humanitatem
1978 1470 2061 1522 di-

468 1579 624 1629 xero,
667 1579 777 1619 non
838 1578 1068 1636 segrego
1116 1563 1293 1632 ipsam
1323 1577 1353 1616 a
1408 1561 1694 1618 divinitate
1740 1564 1872 1631 (una
1911 1559 2060 1616 enim

469 1660 766 1729 nti-iusque
796 1667 877 1713 est
907 1671 1145 1727 persona
1167 1656 1252 1712 vel
1287 1654 1646 1726 subjectum),
1679 1654 1776 1710 sed
1807 1653 1970 1709 velim
2005 1659 2062 1707 ut

476 1750 758 1806 auditores
785 1749 837 1804 id
870 1749 1202 1818 intelligant.
1228 1747 1374 1818 quod
1409 1747 1627 1818 utrique
1682 1756 1895 1800 naturae
1924 1760 2059 1800 con-

469 1840 640 1894 venit.
693 1841 964 1895 Praeterea
999 1839 1134 1895 illud
1202 1839 1382 1910 ipsum
1431 1837 1580 1908 quod
1611 1837 1786 1893 Filius
1833 1820 2059 1892 carnem

2165 639 2368 709 κρίσιν,
2422 640 2540 706 πῶς
2595 642 2952 712 ὲντυγχάνεις
2996 642 3056 698 '0
3095 645 3445 703 ἀποστέλλων
3494 649 3617 715 τούς
3654 652 3757 722 ἀγ-

2165 730 2380 798 γέλους,
2413 729 2556 785 ὥστε
2585 733 2714 797 τοὺς
2755 733 2854 803 μὲν
2899 733 2980 798 είς
3025 735 3258 805 κάμινον
3298 737 3581 807 ἐμϐαλεῖν,
3626 741 3754 806 τούς

2164 821 2220 875 δὲ
2257 823 2465 890 σῶσαι;
2497 824 2601 879 Διά
2647 825 2779 894 γοῦν
2807 825 2905 898 τὴν
2939 827 3342 900 ἁνθρωπότητα
3370 829 3451 898 τὸ,
3492 833 3759 905 ἐντυγχά-

2165 931 2301 980 νειν,
2360 911 2506 972 εἷπε.
2562 916 3031 985 Συγκαταὸαίνων
3067 920 3176 992 γὰρ
3228 924 3342 986 τοῖς
3391 921 3682 978 ἀκούουσιν
3727 927 3758 977 ὁ

2167 1005 2411 1071 Παῦλος·
2449 1008 2541 1079 Μὴ
2570 1009 2810 1081 δείσητε,
2863 1013 3021 1083 φησι,
3061 1015 3136 1083 μὴ
3189 1015 3410 1085 εἴπητε,
3443 1013 3572 1082 Ναὶ,
3610 1017 3760 1087 φιλεῖ

2169 1100 2269 1168 μὲν
2296 1101 2465 1170 ἡμᾶς,
2509 1103 2604 1155 καὶ
2656 1104 2978 1176 παρρησίαν
3025 1103 3140 1176 ἔχει
3185 1106 3322 1178 πρὸς
3368 1106 3460 1162 τὸν
3511 1109 3758 1180 Πατέρα,

2165 1189 2283 1244 ἀλλ’
2318 1191 2422 1244 οὐκ
2459 1192 2549 1245 ἀεὶ
2589 1191 2814 1246 δύναται
2847 1193 3209 1264 προΐστασθαι
3239 1195 3422 1267 ἡμῶν.
3475 1197 3570 1269 Μὴ
3597 1199 3763 1252 τοῦτο

2166 1284 2381 1356 εἴπητε,
2415 1287 2490 1356 Ζῇ
2550 1285 2680 1356 γὰρ,
2716 1287 2808 1341 καὶ
2844 1287 2932 1339 ἀεὶ
2985 1286 3206 1342 δύναται
3257 1287 3318 1342 τὸ
3368 1289 3764 1361 ἁρχιερατικὸν

2168 1377 2330 1450 ἔργον
2385 1380 2561 1431 ποιεῖν
2612 1379 2753 1452 ὑπὲρ
2809 1378 2990 1448 ἡμῶν.
3028 1379 3201 1434 Ὅταν
3259 1379 3317 1433 δὲ
3359 1381 3763 1452 ἀνθρωπότητα

2169 1473 2331 1534 εἴπω,
2363 1471 2423 1524 οὐ
2472 1471 2668 1543 διαιρῶ
2703 1472 2874 1544 αὐτὴν
2913 1473 3013 1543 τῆς
3046 1473 3300 1544 θεότητος
3337 1473 3460 1543 (μία
3485 1473 3595 1543 γὰρ
3625 1473 3765 1527 ὐπό-

2171 1580 2362 1628 στασις
2395 1565 2647 1632 ἀμφοῖν),
2682 1563 2818 1618 ἀ).λὰ
2843 1564 3037 1633 δίδωμι
3070 1567 3182 1627 τοῖς
3230 1565 3492 1619 ἀκούουσι
3523 1565 3590 1620 τὰ
3624 1566 3764 1635 πρέ-

2169 1673 2341 1710 ποντα
2371 1657 2500 1727 περὶ
2529 1657 2802 1727 ἑκατέρας
2865 1655 3087 1726 φύσεως
3134 1657 3358 1712 ἐννοεῖν.
3407 1656 3518 1712 Καὶ
3549 1657 3682 1710 αὐτὸ
3706 1657 3766 1710 δὲ

2169 1750 2345 1812 τοῦτο,
2379 1751 2440 1804 τδ
2476 1750 2657 1821 σάρκα
2714 1748 2990 1819 φοροῦντα
3044 1747 3137 1801 τὸν
3191 1749 3320 1801 Υίδν
3379 1747 3766 1818 συγκαθῆσθαι

2169 1843 2248 1913 τῷ
2295 1845 2493 1915 Πατρὶ,
2552 1843 2795 1908 ἔντευξίς
2832 1845 2980 1896 ἐστιν
3004 1842 3143 1914 ὑπὲρ
3180 1842 3372 1912 ήμῶνο
3423 1841 3627 1896 ὡσανεὶ
3660 1842 3766 1910 τῆς

469 1933 656 1988 ferens
687 1930 836 1986 Patri
865 1933 1097 1997 assidet,
1120 1931 1446 1988 intercessio
1473 1939 1560 1986 est
1592 1945 1692 2001 pro
1723 1929 1907 1992 nobis,
1938 1939 2062 1982 tan-

2173 1935 2371 2005 σαρκὸς
2404 1935 2542 2003 ὑπὲρ
2584 1935 2741 2005 ἡμῶν
2773 1933 3138 2004 δυσωπούσης
3176 1936 3269 1986 τὸν
3301 1933 3547 2005 Πατέρα,
3583 1933 3658 1992 ὡς
3691 1933 3768 1986 δι’

467 2042 632 2097 quam
657 2041 788 2080 caro
817 2040 915 2095 pro
955 2025 1116 2080 nobis
1179 2032 1369 2080 exoret
1429 2023 1668 2088 Patrem,
1704 2034 1764 2077 ut
1821 2038 1942 2092 qua:
1988 2022 2061 2077 ob

2173 2027 2296 2080 αὐτὸ
2323 2026 2484 2079 τοῦτο
2517 2025 2965 2100 προσληφθείσης
3012 2025 3256 2090 πάντως,
3297 2025 3386 2079 διὰ
3412 2024 3510 2096 τὴν
3560 2023 3768 2096 ἡμετέ-

473 2121 576 2174 hoc
610 2117 793 2190 ipsum
840 2117 1068 2173 omnino
1097 2117 1170 2172 sit
1195 2127 1500 2187 assumpta,
1537 2115 1796 2170 nimirum
1827 2115 1900 2170 ob
1926 2130 2058 2169 nos-

473 2221 610 2266 tram
645 2211 903 2267 salutent.

543 2302 710 2357 Vens.
740 2304 832 2358 26.
872 2302 1018 2358 Talis
1061 2302 1200 2357 enim
1234 2301 1450 2356 decebat
1474 2309 1533 2355 ut
1571 2303 1722 2357 nobis
1746 2309 1881 2356 esset
1915 2299 2062 2354 Pon-

472 2396 626 2464 tifex,
657 2406 895 2462 sanctus,
965 2396 1237 2450 innocens.
1301 2393 1660 2464 Perspicuum
1703 2403 1887 2449 estex
1952 2393 2060 2458 Itis,

471 2489 616 2559 quod
649 2496 703 2543 ct
738 2489 854 2544 haec
913 2487 982 2544 de
1038 2503 1205 2543 carne
1255 2489 1533 2558 loquatur,
1569 2495 1623 2543 et
1671 2503 1793 2557 qum
1828 2485 2061 2540 antehac

471 2582 630 2636 dixit.
667 2579 802 2648 Quis
862 2580 1006 2636 enim
1039 2580 1108 2635 de
1157 2580 1268 2634 Deo
1297 2579 1427 2634 talia
1454 2579 1677 2645 dixerit,
1709 2588 1764 2633 et
1794 2593 1904 2633 non
1937 2593 2063 2633 eruo

2167 2139 2267 2193 ραν
2301 2122 2600 2191 σωτηρίαν.

2241 2302 2517 2369 Τοιοῦτος
2569 2304 2681 2373 γὰρ
2731 2303 2872 2373 ἡμῖν
2903 2303 3168 2371 ἔπρεπεν
3198 2301 3532 2372 ἀρχιερεὺς,
3565 2302 3764 2368 ὅσιος,

2165 2399 2410 2462 ἄκακος.
2471 2399 2752 2468 Προφανὲς
2802 2398 2868 2450 ἐκ
2917 2397 3145 2462 τούτων,
3187 2398 3269 2450 ὅτι
3318 2395 3450 2468 περὶ
3488 2395 3584 2449 τοῦ
3618 2395 3770 2450 κατὰ

2167 2495 2350 2564 σάρκα
2383 2492 2534 2558 λέγει
2561 2491 2631 2544 τὰ
2663 2490 2770 2560 πρὸ
2799 2489 3030 2554 τούτων,
3073 2489 3168 2541 καὶ
3197 2488 3393 2542 ταῦτα.
3429 2489 3528 2551 Τίς
3555 2487 3664 2558 γὰρ
3694 2487 3769 2540 ἂν

2165 2585 2293 2654 περὶ
2333 2581 2471 2636 Θεοῦ
2501 2581 2729 2635 τοιαῦτα
2760 2584 2928 2647 εῐποι,
2979 2581 3074 2634 καὶ
3103 2580 3202 2634 οὐκ
3235 2578 3658 2652 αἰσχυνθήσεται
3691 2582 3768 2650 τῇ

470 2674 661 2730 bcscat
685 2671 1227 2743 incomprehensibili
1261 2672 1338 2727 illi
1373 2669 1718 2726 naturaehzrc
1747 2669 2062 2740 apponere?

2173 2673 2535 2744 Ξικαταλήπτῳ
2590 2673 2774 2744 ἐκείνῃ
2831 2670 2992 2741 φύσει
3048 2671 3224 2725 ταῦτα
3289 2669 3766 2740 προσανατιθείς;

471 2764 708 2820 Sanctus
741 2764 908 2836 igitur
935 2774 1040 2828 est,
1063 2765 1159 2835 qui
1195 2764 1330 2820 nihil
1364 2779 1558 2820 eorum
1591 2779 1713 2835 quae
1739 2763 1924 2819 facere
1961 2763 2061 2818 dc-

470 2857 560 2912 bet
588 2857 792 2912 omittit
818 2873 831 2910 :
862 2857 1068 2920 ἄκακος
1108 2866 1316 2922 autem,
1343 2858 1435 2927 qui
1469 2857 1600 2912 dolo
1641 2865 1696 2913 et
1719 2857 1862 2911 malo
1889 2867 2062 2912 caret.

473 2945 597 2999 Non
616 2948 752 2999 enim
779 2947 1018 3001 inventus
1042 2956 1120 3006 est
1150 2948 1202 3000 in
1227 2963 1316 3000 ore
1346 2947 1460 3016 ejus
1485 2947 1663 3007 dolus.

545 3035 889 3105 lmpotlums.
918 3037 1107 3109 Neque
1137 3040 1236 3093 has
1269 3039 1549 3109 quispiam
1582 3037 1786 3094 dixerit
1813 3037 1903 3092 Dci
1939 3053 2064 3093 esse

472 3130 665 3185 laudes
697 3138 992 3198 ;naturam
1037 3129 1184 3185 enim
1247 3130 1411 3186 habet
1443 3145 1565 3200 qua:
1596 3131 1767 3202 pollui
1801 3147 1908 3184 non
1947 3145 2048 3200 po-

2164 2766 2354 2829 ’Ὀσιος
2374 2765 2472 2836 μὲν
2492 2759 2586 2818 οῦν
2609 2764 2778 2827 ἐστιν,
2809 2766 2836 2817 ὀ
2863 2761 3033 2833 μηδὲν
3053 2761 3164 2814 τῶν
3182 2761 3582 2831 ὠφειλημένων
3605 2759 3766 2828 αὐτῷ

2165 2857 2612 2929 παραλιμπὰνων
2635 2873 2648 2886 ·
2682 2855 2892 2919 ἄκακος
2922 2855 2998 2920 δὲ,
3047 2856 3076 2908 ὁ
3121 2854 3306 2918 ἄδολος
3334 2853 3430 2906 καὶ
3463 2853 3764 2922 ἀπόνηρος.

2164 2951 2278 3020 Οὐχ
2307 2949 2508 3020 εὑρέθη
2534 2947 2644 3019 γὰρ
2671 2946 2822 3010 δόλος
2856 2949 2912 3001 ὲν
2938 2946 3017 3017 τῷ
3054 2945 3288 3016 στόματι
3315 2941 3504 2998 αὐτοῦ.

2248 3043 2570 3112 Ἀμίαντος.
2601 3039 2734 3094 Οὐδὲ
2762 3038 2937 3092 ταῦτα
2967 3038 3102 3092 Θεοῦ
3126 3038 3382 3099 ἐπαίνους
3404 3036 3546 3089 εἴποι
3569 3036 3633 3090 ἄν
3654 3053 3766 3099 tt;-

2167 3134 2334 3204 φύσιν
2367 3134 2476 3203 γὰρ
2504 3134 2617 3205 ἔχει
2646 3133 2721 3204 μὴ
2753 3131 3092 3202 μιαίνεσθαι.
3132 3131 3296 3184 Ἀλλὰ
3329 3129 3489 3200 δῆλον
3514 3129 3597 3182 ὃτι
3631 3131 3771 3200 περὶ

473 3226 600 3274 test.
637 3220 799 3290 Atqui
847 3219 1195 3290 perspicuum
1262 3230 1349 3277 est
1393 3220 1541 3292 quod
1604 3221 1673 3275 de
1719 3222 2061 3278 humanitate

2173 3228 2267 3297 τῆς
2297 3225 2724 3298 ἁνθρωπὸτητος
2753 3223 2849 3278 τοῦ
2891 3223 3010 3287 ἐνὸς
3045 3221 3287 3293 Χριστοῦ
3321 3220 3515 3276 ταῦτα.

475 3311 640 3367 unius
666 3311 868 3368 Christi
897 3312 1012 3369 hare
1038 3312 1204 3369 dicat.
1240 3316 1456 3382 fisi-7::

548 3405 863 3478 Segregattts
883 3423 915 3458 a
937 3407 1326 3476 peccatoribus,
1352 3415 1402 3462 et
1425 3407 1683 3462 excelsior
1703 3407 1848 3463 caelis
1867 3407 2064 3477 factus.

475 3497 772 3554 Pontiﬁces
799 3499 1025 3569 legales,
1053 3497 1252 3570 inquit,
1279 3501 1496 3556 etiamsi
1526 3487 1580 3554 in
1613 3501 1826 3556 caeteris
1864 3499 2071 3557 iuerint

475 3591 677 3656 sancti,
727 3599 785 3646 ut
821 3590 1074 3647 homines
1116 3599 1300 3648 tamen
1329 3592 1540 3662 aliquid
1590 3593 1708 3648 vitii
1760 3593 2069 3660 attrahunt,

478 3697 581 3738 nec
612 3684 839 3739 omnino
866 3684 1101 3754 sejuncti
1133 3694 1262 3740 sunt
1288 3700 1318 3739 a
1348 3687 1756 3755 peccatoribus.
1788 3686 1892 3752 Qui
1921 3687 2068 3741 enim

477 3777 583 3831 hoc
615 3776 730 3832 ﬁeri
761 3777 959 3848 possit,
994 3793 1119 3832 cum
1161 3787 1214 3833 ct
1238 3778 1342 3848 ipsi
1375 3781 1619 3850 peccatis
1649 3781 1760 3836 sint
1804 3781 2072 3836 obnoxii?

479 3868 768 3937 Praeterea,
826 3887 988 3926 nemo
1034 3871 1278 3942 ipsorum
1328 3873 1382 3927 in
1438 3874 1597 3930 cmlis
1652 3873 1808 3928 fuit:
1882 3885 2070 3930 noster

481 3977 609 4017 vero
673 3963 763 4016 hic
824 3960 1101 4030 Pontifex,
1159 3972 1528 4036 praeterquam
1559 3965 1710 4036 quod
1775 3966 1970 4036 plenus
1997 3968 2071 4022 sit

477 4054 660 4108 omnis
691 4055 934 4119 virtutis,
961 4065 1016 4109 et
1047 4071 1077 4109 a
1110 4057 1496 4125 peccatoribus
1529 4067 1873 4128 segregatus,
1907 4058 2071 4113 altior

479 4148 644 4201 ctiam
686 4146 819 4217 ipsis
885 4149 1042 4204 ccelis
1103 4149 1277 4204 factus
1301 4159 1407 4212 est,
1467 4166 1634 4221 super
1663 4159 1893 4220 paterno
1927 4153 2071 4208 solio

481 4239 704 4296 sedens.
750 4240 887 4296 Cum
940 4251 1122 4297 autem
1158 4243 1254 4308 ait,
1287 4243 1485 4312 factus,
1540 4247 1796 4302 omnibus
1862 4248 2073 4317 μετενί-

479 4347 645 4387 cuum
678 4341 763 4388 est
793 4331 939 4404 quod
968 4333 1034 4388 de
1058 4331 1282 4388 Christo
1315 4336 1572 4406 loquatur
1600 4337 1906 4393 secundum
1943 4353 2072 4392 car-

480 4442 626 4481 nem.
653 4426 786 4480 Natn
819 4435 880 4482 ut
907 4426 1048 4484 Deus
1083 4425 1341 4493 Verbum,
1375 4444 1590 4500 semper
1638 4440 1753 4483 erat
1812 4431 1966 4486 cmlis
1988 4433 2069 4486 al-

481 4520 607 4574 tior.

559 4607 837 4666 Vens.27.
876 4611 982 4679 Qui
1038 4627 1139 4665 non
1193 4612 1347 4666 habet
1395 4615 1759 4668 necessitatem
1814 4616 2067 4685 quolidie,
2102 4609 2151 4667 Ι)

478 4703 919 4773 quemadmodum
946 4706 1241 4774 pontiﬁces,
1275 4708 1425 4774 prius
1451 4723 1546 4773 pro
1572 4710 1682 4760 suis
1710 4709 1914 4762 delictis
1946 4709 2072 4763 Itas-

484 4797 588 4850 lias
617 4797 826 4865 o/ferre,
861 4796 1048 4852 deinde
1077 4815 1171 4867 pro
1193 4785 1418 4865 populi;
1450 4799 1585 4857 Cum
1625 4801 1880 4866 dixisset,
1935 4818 2068 4857 nos-

482 4897 628 4945 trum
672 4888 992 4944 Pontiliccm
1024 4906 1055 4945 a
1100 4893 1491 4960 peccatoribus
1539 4903 1884 4963 segregatqu
1925 4909 2070 4958 esse,

482 4997 631 5037 nunc
659 4979 808 5036 istud
847 4982 1165 5053 amplificat,
1190 4985 1407 5057 aitque:
1436 4985 1587 5040 Adeo
1620 4985 1754 5040 liber
1778 4995 1856 5041 est
1891 5002 1918 5039 a
1945 5001 2076 5056 pec-

483 5073 641 5138 catis,
674 5084 733 5128 ut
789 5082 844 5130 et
901 5075 1180 5130 victimam
1226 5075 1464 5134 ollcrens
1536 5079 1814 5149 pr0prium
1844 5093 2069 5148 corpus,

481 5181 597 5225 non
631 5183 730 5239 pro
795 5169 1094 5240 semetipso
1165 5171 1265 5226 hoc
1290 5172 1570 5239 obtulerit,
1597 5171 1872 5242 quomodo
1900 5172 2070 5237 enim,

484 5261 580 5332 qui
621 5272 906 5331 peccatum
937 5278 1045 5317 non
1076 5260 1441 5340 fecerat”?sed
1484 5278 1583 5334 pro
1610 5262 1792 5318 nobis.
1844 5261 2073 5332 Insuper

487 5364 544 5407 ct
578 5353 726 5408 aliud
753 5355 1050 5425 colligitur.
1099 5353 1260 5425 chis
1292 5354 1548 5412 Mosaicae
1573 5355 1860 5425 pontiﬁces
1889 5357 2074 5427 quoti-

486 5444 576 5499 die
603 5444 923 5513 olIerebant,
957 5463 1057 5503 cett
1093 5449 1185 5518 qui
1210 5462 1468 5518 ~prorsus
1505 5448 1797 5519 purilicare
1826 5464 1936 5502 non
1970 5465 2068 5519 po-

478 5536 744 5596 tuissent.
773 5536 972 5595 Noster
1001 5549 1185 5597 autem
1222 5539 1476 5597 Pontifex
1554 5542 1870 5612 hujusmodi
1912 5544 2076 5598 obtu—

486 5626 550 5684 lit
585 5629 940 5695 sacriﬁcium,
989 5633 1135 5703 quod
1190 5633 1325 5690 adeo
1373 5636 1629 5705 praeclara
1686 5639 1950 5707 potuerit,
2009 5647 2069 5691 nt

558 5746 604 5781 ”
639 5747 658 5803 l
690 5747 836 5804 l’ctt‘.
869 5764 928 5814 tt,
960 5750 1048 5805 ‘22.

2241 3405 2696 3475 Κεχωρισμένοςι
2742 3403 2862 3460 ἀπὸ
2911 3403 3030 3457 τῶν
3063 3403 3450 3473 ἁμαρτωλῶν,
3480 3401 3579 3456 καὶ
3605 3403 3774 3469 ὑψη-

2169 3500 2417 3568 λότερος
2449 3497 2567 3552 τῶν
2597 3495 2872 3567 οὐρανῶν
2906 3499 3246 3566 γενόμενος.
3287 3496 3350 3548 Oi
3389 3494 3492 3564 μὲν
3520 3495 3771 3562 νομικοὶ,

2172 3595 2362 3664 φησὶν,
2395 3593 2697 3663 ἀρχιερεῖς,
2728 3589 2832 3644 κᾶν
2864 3589 3008 3659 ἁγιοι
3054 3585 3166 3644 εἷεν
3193 3588 3323 3642 τὰτε
3359 3588 3513 3650 ἄλλα,
3557 3586 3634 3648 ὡς
3666 3585 3776 3639 ἁν-

2174 3688 2383 3758 Ορωποι
2417 3682 2774 3754 ἐπισύρονταί
2820 3700 2875 3735 τι
2921 3681 3022 3751 τῆς
3076 3681 3300 3744 κακίας,
3341 3679 3434 3732 καὶ
3482 3678 3542 3731 οὐ
3585 3676 3776 3748 πάντη

2174 3777 2573 3848 κεχωρισμένοι
2604 3775 2712 3828 εἰσὶ
2761 3774 2871 3827 τῶν
2905 3770 3269 3842 ἁμαρτωλῶν.
3312 3769 3438 3832 Πῶς
3486 3769 3616 3839 γὰρ,
3650 3768 3776 3836 οἵγε

2174 3869 2270 3921 καὶ
2321 3865 2477 3920 αὐτοὶ
2526 3862 2826 3934 ἁμαρτίαις
2861 3861 3080 3932 ἔνοχοις
3136 3859 3248 3913 Καὶ
3296 3857 3548 3928 προσέτι,
3588 3857 3778 3920 οὐδεὶς

2173 3957 2354 4012 αὐτῶν
2388 3958 2446 4010 ἐν
2466 3955 2682 4026 οὐρανῷ
2708 3953 2927 4024 ἐγένετο
2948 3971 2960 3982 ·
2996 3955 3024 4005 ὁ
3048 3951 3104 4004 δὲ
3138 3951 3412 4022 ἡμέτερος
3447 3950 3776 4022 Ἀρχιερεὺς

2176 4053 2313 4121 μετὰ
2348 4047 2440 4102 τοῦ
2472 4048 2656 4117 πάσης
2686 4047 2891 4117 ἀρετῆς
2923 4044 3290 4115 ὐπερπλήρης
3333 4038 3497 4107 εἶναι,
3531 4043 3628 4096 καὶ
3657 4041 3776 4096 τῶν

2175 4141 2521 4212 ἁμαρτωλῶν
2573 4137 2938 4210 κεχωρίσθαι,
2985 4136 3067 4190 ἔτι
3119 4136 3215 4190 καὶ
3271 4135 3604 4205 ὑψηλότερος
3659 4132 3776 4187 τῶν

2137 4229 2419 4303 οὐρανῶν
2467 4233 2716 4300 γέγονεν,
2775 4231 2854 4294 είς
2908 4229 3072 4283 αὐτὸν
3114 4228 3206 4282 τὸν
3260 4228 3530 4298 πατρικὸν
3577 4225 3776 4299 θρόνον

2175 4327 2426 4386 καθίσας.
2462 4322 2536 4377 Τὸ
2575 4323 2652 4386 δὲ,
2685 4322 3037 4392 γενόμενος,
3084 4320 3243 4391 δῆλον
3291 4321 3480 4383 πᾶσιν,
3514 4319 3596 4374 ὅτι
3639 4318 3777 4388 περὶ

2172 4417 2266 4472 τοῦ
2303 4417 2444 4472 κατὰ
2491 4417 2698 4480 σάρκα.
2737 4414 2827 4475 Ὠς
2861 4412 2971 4484 γὰρ
3013 4412 3148 4476 θεὸς
3198 4411 3394 4480 Λόγος,
3426 4407 3495 4480 ἦν
3541 4411 3629 4465 ἀεὶ
3661 4411 3776 4462 τῶν

2174 4509 2421 4579 οὐρανῶν
2461 4505 2821 4576 ὑψηλότερος.

2250 4604 2350 4668 ⁸·ος
2380 4602 2493 4656 οὐκ
2525 4600 2652 4668 ἕχει
2683 4597 2813 4652 καθ’
2859 4595 3092 4667 ἡμέραν
3133 4594 3431 4665 ἀνάγκην,
3467 4593 3672 4662 ὥσπερ
3713 4595 3774 4646 οι

2181 4691 2493 4760 ἀρχιερεῖς,
2545 4689 2841 4757 πρότερον
2887 4687 3040 4754 ὑπὲρ
3098 4685 3218 4739 τῶν
3268 4685 3437 4738 ἰδίων
3470 4681 3776 4753 ἁμαρτιῶν

2183 4785 2400 4850 θυσίας
2432 4780 2775 4851 ἀναφέρειν,
2824 4779 3030 4834 ἔπειτα
3061 4777 3179 4831 τῶν
3223 4777 3329 4832 τοῦ
3357 4776 3535 4833 λαοῦ.
3587 4773 3773 4828 Εἰπὼν

2182 4878 2265 4931 ὃτι
2313 4873 2723 4947 κεχωρισμένος
2759 4872 2876 4924 ἐστὶ
2905 4870 3013 4924 τῶν
3048 4868 3391 4940 ἁμαρτωλῶν
3423 4870 3452 4922 ὁ
3500 4868 3774 4938 ἡμέτερος

2199 4969 2536 5042 Ἀρχιερεὺς,
2593 4963 3004 5036 ὲμπλατύνεται
3058 4962 3257 5032 τούτῳ,
3312 4961 3406 5014 καί
3469 4977 3656 5030 φησιν,
3693 4961 3772 5013 ὅτι

2185 5062 2440 5117 τοσοῦτον
2469 5059 2754 5126 ἐλεύθερός
2804 5057 2956 5108 ἐστιν
3010 5054 3321 5126 ἁμαρτιῶν,
3364 5052 3506 5106 ὥστε
3543 5053 3638 5106 καὶ
3679 5052 3770 5105 θυ-

2183 5160 2305 5213 σίαν
2341 5152 2730 5227 προσενεγκὼν
2769 5153 2830 5204 τὸ
2873 5151 3004 5205 ῖδιον
3037 5152 3218 5222 σῶμα,
3265 5151 3366 5220 οὐχ
3408 5150 3548 5220 ὑπὲρ
3580 5144 3773 5201 ἑαυτοῦ

2180 5254 2340 5308 τοῦτο
2370 5252 2716 5323 προσήνεγκε
2743 5265 2754 5279 ·
2789 5247 2905 5309 πῶς
2930 5247 3060 5318 γὰρ,
3092 5244 3369 5317 ἁμαρτίαν
3400 5244 3476 5313 μὴ
3505 5243 3771 5313 ποιήσας;

2180 5354 2294 5408 ἀλλ’
2327 5353 2469 5423 ὑπὲρ
2529 5350 2709 5420 ἡμῶν.
2759 5345 2923 5400 Ἀλλὰ
2972 5347 3067 5399 καὶ
3116 5345 3264 5400 ἄλλο.
3318 5345 3380 5397 Ol
3423 5343 3522 5413 μὲν
3560 5335 3773 5413 νομικοὶ

2181 5449 2462 5519 ἀρχιερεῖς
2502 5443 2626 5496 καθ’
2655 5441 2896 5510 ἑκάστην
2933 5438 3234 5509 προσῆγον,
3273 5437 3348 5501 ὡς
3381 5436 3456 5508 μὴ
3486 5435 3772 5504 δυνάμενοι

2186 5541 2335 5606 ams,
2376 5537 2711 5608 καθαρίσαι·
2761 5528 2914 5596 οὗτος
2948 5533 3005 5586 δὲ
3051 5529 3309 5598 τοιαύτην
3363 5528 3554 5581 θυσίαν
3602 5542 3771 5596 προσ-

2191 5639 2391 5707 ήνεγκε
2415 5635 2457 5696 ⁸,
2515 5630 2611 5684 καὶ
2662 5628 2806 5682 οῦτω
2839 5626 3051 5698 μεγάλα
3087 5624 3418 5696 δυναμένην,
3455 5620 3594 5673 ὥστε
3632 5616 3771 5678 ΞπαΞ

1847 5855 2043 5916 Varia:
2075 5852 2406 5916 lectiones.

563 5948 585 5981 ⁵
615 5947 936 6018 προσήγαγε
954 5964 1010 6002 o.
