4080 6418
274 387 373 445 235

1038 393 1448 456 EXPOSITIO
1486 398 1566 459 IN
1605 399 1888 459 EPISTJ

2001 403 2391 469 IIEBREOS.
2426 410 2667 473 —CAP.
2711 413 2877 477 VIII.

3452 422 3560 485 286

283 496 579 568 καθαρίσαι
603 501 625 532 ⁸
657 501 729 556 δι’
758 503 932 576 αὐτῆς
958 505 1047 561 τὸν
1071 510 1293 580 κόσμον.
1326 512 1471 583 ’Λρα
1496 515 1590 568 καὶ
1624 515 1682 568 ἐν
1703 513 1880 586 τούτῳ

1988 518 2205 586 penitus
2240 537 2337 590 per
2384 523 2562 592 ipsum
2595 525 2911 582 universum
2969 528 3235 586 mundum
3291 535 3566 604 purgarit.

287 593 538 664 ὑπερέχει
571 595 832 650 ἐκείνων.

357 684 540 739 τοῦτο
589 686 704 756 γὰρ
753 690 1048 759 ἐποίησεν
1075 693 1338 763 ἐφάπαξ,
1374 696 1592 752 ἑαυτὸν·
1635 697 1880 769 ἀνενέγ-

290 793 420 842 κας.
473 777 636 832 Ποῖον
668 780 870 847 τοῦτο;
902 785 978 837 Τὸ
1025 791 1412 856 προσενεγκεῖν
1456 791 1598 862 ὑπὲρ
1647 791 1755 845 τῶν
1786 791 1880 846 τοῦ

289 869 418 918 Laeti
454 867 773 938 ἁμαρτιῶν,
809 873 909 944 οὐχ
956 874 1096 946 ὑπὲρ
1149 877 1370 932 ἑαυτοῦ.
1425 879 1632 943 ”Απαξ,
1690 879 1880 949 φησὶν,

291 953 612 1025 ἱερῖύσατο·
677 960 818 1028 μετὰ
856 963 1032 1018 ταῦτα
1075 965 1132 1019 δὲ
1177 968 1413 1039 κάθηται
1463 969 1537 1033 ὡς
1578 973 1878 1041 Δεσπότης.

291 1046 407 1099 Ἱνα
438 1048 552 1120 γὰρ
582 1050 658 1121 μὴ
689 1052 907 1108 ἀκούων
942 1057 1112 1127 ἱερέα,
1146 1060 1378 1134 νομίσῃς
1408 1062 1573 1116 αὐτὸν
1601 1063 1689 1117 ἀεὶ
1721 1065 1884 1116 ἐστά-

292 1158 400 1207 νιι,
432 1145 527 1196 καὶ
559 1145 881 1217 λειτουργὸν
917 1145 1076 1218 εἶναι,
1105 1154 1381 1208 δείκνυσιν
1409 1157 1494 1210 ὅτι
1531 1159 1653 1210 κατ’
1678 1161 1883 1210 οἰκονοο

300 1235 424 1299 μίαν
460 1235 644 1304 ἱερεὺς
677 1239 893 1307 γέγονε.
931 1241 1043 1313 Τῆς
1071 1244 1125 1296 δὲ
1155 1247 1470 1316 οἰκονομίας
1513 1248 1882 1320 τελεσθείσης,

304 1323 452 1388 αὖθις
479 1326 580 1380 τοῦ
609 1330 817 1384 οἰκείου
855 1331 1025 1402 ὕψους
1053 1335 1369 1392 ἐπελάϐετο.

367 1509 435 1562 ’0
469 1513 662 1580 νόμος
711 1514 823 1582 γὰρ
843 1515 1219 1583 “ὰνθ,οώπους
1266 1521 1630 1586 καθίστησιν
1679 1521 1883 1590 ἀρχιε-

285 1601 449 1668 ρεῖς,
488 1603 751 1670 ἔχοντας
803 1606 1148 1662 ἀσθένειαν.
1205 1610 1321 1662 Ἵνα
1368 1609 1442 1682 μὴ
1480 1612 1747 1684 νομίσῃς,
1800 1613 1883 1667 ὅτι

286 1694 441 1758 ᾰπαξ
474 1696 580 1764 μὲν
612 1700 982 1769 προσήνεγκε,
1010 1701 1152 1772 πλὴν
1179 1702 1273 1756 καὶ
1305 1705 1445 1774 ὑπὲρ
1472 1705 1693 1758 ἑαυτοῦο
1717 1723 1886 1759 κατα-

286 1785 552 1848 σκευάζει
580 1787 677 1842 νῦν
706 1790 786 1843 ὅτι
830 1791 930 1861 οὐχ
969 1792 1109 1863 ὑπὲρ
1137 1794 1355 1848 οἰκείων
1391 1795 1678 1865 ἁμαρτιῶν
1709 1815 1882 1868 προσ-

285 1876 547 1944 ἤνεγκεν.
594 1881 654 1936 Ὀ
687 1883 784 1951 μὲν
813 1884 924 1955 γὰρ
958 1884 1123 1955 νόμος
1159 1885 1351 1956 ψιλοὺς
1379 1888 1707 1958 ἀνθρώπους
1748 1890 1882 1944 καθ·
1917 1869 1958 1924 Β

291 1966 508 2038 inquit:
540 1972 845 2042 ἀρχιερεῖς,
879 1974 1107 2046 ἔχοντας
1137 1977 1446 2042 ἀσθένειαν,
1493 1981 1765 2046 τουτέστι,
1803 1982 1879 2052 μὴ

289 2058 632 2128 δυναμένους
691 2066 1014 2136 ἀντιστῆναι
1038 2069 1082 2108 ⁸·
1133 2071 1198 2140 τῇ
1261 2071 1546 2143 ἁμαρτίᾳ,
1595 2072 1731 2126 ἀλλὰ
1787 2074 1882 2126 καὶ

289 2152 492 2214 αὖτοὺς
535 2154 612 2217 ὡς
651 2156 901 2221 ἀσθενεῖς
955 2159 1363 2224 ὑποπίπτοντας
1417 2162 1780 2234 πταίσμασιν.
1821 2165 1882 2218 Ὀ

285 2243 343 2294 δὲ
363 2243 548 2308 οὕτως
569 2247 644 2299 ὦν
672 2248 897 2313 δυνατὸς
927 2251 1001 2314 ὡς
1027 2252 1176 2317 Υἱὸς,
1203 2254 1320 2318 πῶς
1344 2255 1411 2308 ἂν
1436 2254 1547 2325 ἔχοι
1571 2256 1878 2327 ἁμαρτίανς

295 2337 370 2405 μὴ
399 2338 543 2406 ἔχων
564 2340 644 2402 δὲ,
661 2341 805 2405 τίνος
835 2343 1022 2398 ἕνεκεν
1043 2346 1380 2418 προσέφερεν
1403 2347 1469 2402 ἂν
1496 2350 1625 2419 περὶ
1647 2349 1840 2402 ἑαυτοῦ
1865 2365 1880 2415 ;

289 2425 438 2483 Ἀλλ’
487 2432 615 2488 οὐδὲ
666 2434 808 2505 ὑπὲρ
860 2436 968 2490 τῶν
1019 2438 1201 2492 ἄλλων
1243 2441 1527 2505 πολλάκις,
1567 2442 1684 2496 ἀλλ’
1714 2442 1879 2508 ἅπαξ.

292 2525 531 2588 Δυνατδς
565 2527 675 2597 γὰρ
697 2525 796 2594 ὢν,
824 2529 986 2599 ἢρκει
1030 2533 1128 2585 καὶ
1155 2531 1244 2586 διὰ
1284 2532 1379 2586 τοῦ
1415 2534 1564 2603 ἅπαξ
1599 2552 1882 2607 προσαγα-

292 2619 408 2680 γεῖν
435 2617 499 2669 τὸ
528 2620 641 2671 πᾶν
666 2619 884 2676 ἀνύσαι.
907 2623 1146 2694 Νοήσεις
1167 2625 1226 2678 δὲ
1256 2625 1546 2682 ἀσθένειαν
1577 2628 1672 2681 καὶ
1715 2627 1885 2698 αὐτὴν

291 2708 388 2774 τὴν
424 2708 732 2780 ἁμαρτίαν,
785 2713 862 2781 ὡς
909 2714 1181 2786 πολλαχοῦ
1239 2734 1407 2787 φησιν
1458 2719 1624 2782 αὐτὸς
1670 2715 1826 2781 οὗτος
1857 2721 1886 2774 ὀ

293 2798 532 2864 Παῦλος,
566 2802 598 2867 ἢ
633 2805 851 2859 καὶτὸν
902 2806 1151 2864 θάνατον.
1211 2811 1410 2880 Θνητοὶ
1442 2812 1570 2880 ,γὰρ
1628 2811 1782 2876 ὄντες
1836 2813 1886 2866 οἱ

294 2893 510 2958 νομικοὶ
533 2893 840 2965 ἀρχιερεῖς,
872 2898 967 2951 καὶ
998 2899 1267 2966 ἀσθενεῖς,
1298 2903 1425 2957 οὔτε
1460 2903 1617 2958 αὐτοὶ
1639 2905 1888 2978 ἀναμάρ-

293 2999 447 3052 τητοι
482 2980 651 3056 ἦσαν,
684 2987 811 3044 οὔτε
857 2991 1063 3057 ἄλλους’
1082 2995 1346 3064 ἠδύναντο
1391 2999 1727 3069 καθαρίσαι·
1763 3003 1791 3056 ὁ
1829 3003 1886 3055 δὲ

294 3073 568 3143 ἀθάνατος
591 3081 690 3134 καὶ
718 3083 960 3154 ἰσχυρός.
1001 3087 1200 3141 ’Ἄκουε
1232 3089 1287 3143 δὲ
1323 3093 1417 3146 καὶ
1452 3093 1559 3146 τῶν
1590 3094 1740 3163 ἑξῆς.

376 3353 442 3406 '0
472 3353 662 3422 λόγος
715 3353 786 3409 δὲ
837 3355 950 3425 τῆς
1005 3358 1382 3428 ὁρκωμοσίας
1429 3360 1537 3428 τῆς
1583 3361 1736 3431 μετὰ
1782 3364 1888 3418 τὸν

293 3445 487 3513 νόμον
513 3485 529 3508 ,
599 3446 739 3501 Flor
823 3449 908 3515 εὶς
976 3450 1085 3505 τὸν
1158 3451 1346 3507 αιῶνιι
1407 3448 1883 3526 τετελειωμένον.

294 3538 437 3606 Ὅρα
466 3536 573 3600 τὰς
602 3537 1018 3606 ἀντιδιαστολάς
1037 3557 1051 3572 ·
1086 3543 1205 3596 ἐκεῖ
1234 3544 1420 3614 νόμος,
1456 3545 1692 3600 ἐνταῦθα
1729 3547 1889 3616 λόγος

298 3627 678 3696 ὁρκωμοσίας,
731 3629 999 3696 τουτέστι,
1059 3630 1430 3701 βεϐαιότατος,
1488 3635 1885 3705 ἀληθέστατοςο

301 3717 416 3770 ἐκεῖ
442 3716 726 3787 ἂνθρωποι
753 3719 931 3774 δοῦλοι
963 3721 1206 3790 πάντως,
1246 3724 1485 3782 ἐνταῦθα
1509 3725 1658 3793 Υἱὸς,
1690 3728 1890 3784 δεσπό-

308 3827 400 3881 της
422 3811 629 3884 δηλαδή
651 3830 666 3846 ·
692 3815 812 3870 iter
831 3813 1100 3882 ἀσθενεῖς,
1133 3821 1402 3884 τουτέστι,
1433 3824 1886 3893 προσπταίοντες,

318 3903 584 3976 apag-tim
609 3906 851 3977 ἔχοντες,
877 3909 1093 3981 θανάτῳ
1124 3911 1479 3982 ὁποκείμενοι
1502 3931 1515 3944 ·
1541 3915 1781 3969 ἐνταῦθα
1809 3919 1889 3980 εἰς

326 3995 411 4045 τὸν
434 3995 599 4050 αἰῶνα
624 3999 1065 4069 τετελειωμένος,
1096 4003 1376 4058 τουτέστιν
1405 4005 1599 4072 ἀΐδιος,
1641 4006 1885 4072 δυνατὸς,

316 4085 377 4138 οὐ
409 4085 505 4138 νῦν
534 4088 682 4157 μόνον
719 4092 1133 4164 ἀναμάρτητος,
1185 4096 1301 4148 ἀλλ’
1336 4097 1442 4152 ἀεί.
1480 4099 1542 4152 Εἰ
1573 4100 1755 4153 τοίνυν
1802 4100 1890 4154 τέ-

308 4173 454 4241 λειός
479 4179 645 4246 ἐστιν,
678 4183 730 4235 εί
753 4183 1027 4253 μηδέποτε
1058 4187 1391 4258 ἁμαρτάνει,
1425 4191 1474 4245 εί
1502 4191 1588 4246 ἀεὶ
1623 4192 1712 4263 ζῇ,
1744 4193 1889 4257 τίνος

306 4269 490 4325 ἕνεκεν
540 4275 918 4345 προσήνεγκεν
964 4276 1030 4334 ἂν
1059 4279 1202 4351 ὑπὲρ
1253 4281 1474 4350 ἑαυτοῦ,
1505 4283 1539 4353 ἢ
1575 4284 1713 4348 ὅλως
1744 4284 1887 4358 ὑπὲρ

305 4364 476 4418 ἄλλων
507 4365 712 4431 πολλάς
728 4369 781 4436 ';

921 4463 1174 4522 ΚΕΦΔΛ.
1204 4463 1285 4520 Η’.

1984 607 2164 677 Quare
2200 620 2254 669 et
2280 613 2336 669 in
2363 614 2466 671 hoc
2495 617 2718 673 excellit
2746 618 2871 675 illos
2902 619 3180 678 Christus.

2055 707 2169 758 Hoc
2194 707 2332 760 enim
2364 708 2486 776 fecit
2515 709 2694 775 semel,
2759 727 2814 765 se
2861 713 3144 784 o/Ierendo.
3198 714 3370 781 Quale
3423 716 3570 774 hoc?

1985 794 2056 852 Ut
2077 797 2294 853 oﬂ'erret
2321 813 2418 868 pro
2445 801 2631 870 populi
2663 803 2928 873 peccatis,
2965 819 3073 859 non
3111 821 3213 878 pro
3243 809 3566 877 semetipso.

1988 889 2190 956 Semel,
2223 891 2422 962 inquit,
2480 894 2638 970 70],
2685 910 2903 951 sacrum
2943 897 3096 964 fecit,
3175 906 3368 968 postea
3434 912 3569 954 vero

1985 988 2046 1034 ut
2077 980 2338 1039 Dominus
2387 985 2564 1039 sedet.
2594 985 2672 1039 Ne
2700 987 2846 1040 enim
2877 1001 3003 1040 cum
3057 986 3216 1044 audis
3272 1003 3398 1043 eum
3443 1003 3570 1044 esse

1984 1072 2347 1140 sacerdmem,
2375 1075 2658 1132 existimes
2695 1092 2820 1132 eum
2881 1088 3146 1149 perpetuo
3172 1087 3320 1135 stare
3373 1095 3438 1134 ac
3463 1079 3569 1134 mi-

1988 1165 2226 1221 nistrum
2265 1181 2410 1234 esse,
2463 1166 2704 1222 ostendit
2752 1167 2898 1240 quod
2950 1185 3048 1240 per
3103 1169 3570 1241 dispensationem

1986 1253 2163 1312 factus
2191 1265 2278 1312 est
2307 1257 2568 1336 sacerdos
2611 1276 2625 1314 :
2677 1247 3088 1330 dispensatione
3134 1273 3318 1318 autem
3380 1273 3570 1319 trans-

1985 1355 2128 1412 acta,
2177 1349 2462 1419 proprium
2515 1365 2712 1408 rursus
2743 1351 2914 1409 decus
2969 1363 3024 1409 et
3075 1353 3359 1426 fastigium
3419 1368 3573 1410 rece-

1986 1441 2086 1512 pit.

2061 1531 2226 1590 Vsns.
2271 1533 2363 1592 28.
2399 1534 2510 1590 Lex
2550 1537 2689 1592 enim
2737 1537 3258 1593 Iwminesconstituit
3299 1542 3572 1611 pontiﬁces

1984 1625 2345 1694 inﬁrmitatem
2418 1627 2686 1684 habentes.
2743 1627 2820 1683 Ne
2879 1629 3170 1699 intelligas,
3225 1631 3368 1699 quod
3403 1634 3574 1688 semel

1985 1717 2206 1786 quidem
2238 1718 2523 1785 obtulerit,
2561 1735 2752 1776 verum
2787 1730 2838 1775 et
2891 1737 2992 1791 pro
3023 1722 3340 1792 semetipso,
3373 1725 3576 1779 astruit

1985 1825 2133 1865 nunc
2161 1811 2307 1880 quod
2364 1828 2474 1868 non
2535 1829 2634 1884 pro
2697 1815 2936 1883 propriis
2991 1816 3232 1896 peccatis
3293 1816 3574 1873 victimam

1983 1902 2262 1958 obtulerit.
2291 1904 2396 1961 Lex
2432 1907 2577 1961 enim
2607 1907 2786 1962 nudos
2823 1908 3076 1964 homines
3100 1910 3391 1979 pontiﬁces
3416 1909 3568 1978 facit,

1984 1997 2288 2052 inﬁrmitati
2321 1998 2614 2066 obnoxios,
2647 1999 2750 2055 hoc
2785 2009 2891 2065 est,
2941 2001 3034 2070 qui
3070 2016 3178 2055 non
3210 2002 3427 2070 possint
3474 2003 3574 2058 ob-

1984 2087 2180 2141 sistere
2225 2095 2476 2157 peccato,
2513 2088 2607 2145 sed
2629 2089 2722 2160 qui
2757 2105 2858 2146 ceu
2888 2089 3090 2145 inﬁrmi
3143 2090 3468 2162 impingunt,
3521 2100 3577 2147 et.

1985 2179 2040 2232 in
2099 2193 2315 2234 errores
2355 2188 2409 2234 et
2452 2188 2676 2250 peccata
2727 2189 2914 2236 ruant.
2981 2183 3052 2236 At
3104 2198 3233 2237 vero
3288 2185 3379 2252 qui
3440 2182 3576 2238 adeo

1985 2279 2180 2338 potens
2211 2277 2374 2325 estut
2409 2269 2608 2338 Filius,
2659 2272 2939 2344 quomodo
2974 2282 3265 2342 peccaturo
3326 2274 3576 2329 habeat?

1983 2359 2218 2417 Peccato
2255 2372 2438 2418 autem
2475 2380 2582 2419 non
2619 2364 2877 2430 infectus,
2925 2380 3026 2421 cur
3052 2364 3273 2422 offerret
3328 2383 3431 2439 pro
3487 2383 3576 2424 se-

1985 2455 2154 2526 ipso?
2209 2457 2317 2512 Sed
2351 2472 2529 2528 neque
2564 2473 2662 2527 pro
2692 2457 2816 2514 aliis
2856 2458 3078 2528 quidem
3127 2475 3293 2531 saepe,
3349 2459 3445 2516 sed
3485 2475 3576 2516 se-

1987 2547 2090 2603 mel
2110 2556 2349 2603 tantum.
2379 2548 2516 2603 Cum
2540 2549 2686 2603 enim
2718 2557 2914 2618 potens
2937 2557 3107 2614 esset,
3141 2549 3444 2605 suﬂiciebat
3480 2565 3579 2622 per

1987 2638 2322 2693 oblationem
2357 2653 2478 2707 quae
2509 2639 2688 2693 ‘semel
2723 2637 2897 2704 ﬁeret,
2927 2647 3103 2695 totum
3158 2640 3442 2710 perlicere.
3472 2642 3578 2697 Per

1987 2728 2363 2783 inﬁrmitatem
2413 2738 2593 2782 autem
2656 2727 2835 2796 ipsum
2887 2728 3093 2798 pariter
3149 2739 3434 2798 peccatum
3487 2731 3578 2786 in-

1990 2821 2226 2891 telliges,
2258 2819 2486 2890 perinde
2519 2835 2582 2874 ac
2606 2835 2983 2890 sarpenumero
3013 2821 3129 2892 ipse
3173 2821 3380 2878 Paulus
3399 2823 3572 2893 dicit,

1988 2911 2074 2965 vel
2097 2911 2273 2980 ipsum
2310 2909 2447 2965 adeo
2486 2922 2739 2966 mortem.
2773 2907 2909 2964 Nam
2941 2925 3064 2965 cum
3104 2911 3362 2967 mortales
3397 2920 3580 2968 essent

1991 3002 2194 3072 legales
2249 3001 2541 3072 pontiﬁces
2593 3009 2648 3057 et
2685 2984 2910 3069 inﬁrmi,
2965 3020 3142 3070 neque
3185 3005 3288 3075 ipsi
3339 3006 3581 3075 peccatis

1991 3100 2310 3157 caruerunt,
2344 3108 2526 3163 neque
2543 3093 2682 3147 alios
2709 3094 2775 3148 ab
2810 3094 2879 3149 iis
2932 3095 3205 3152 mundare
3264 3105 3581 3167 potuerunt.

1916 3209 1959 3267 ο
1994 3184 2104 3241 Iste
2146 3200 2276 3239 vero
2318 3185 2646 3241 immortalis
2675 3193 2837 3242 estet
2888 3186 3068 3244 fortis.
3105 3187 3250 3244 Audi
3284 3203 3416 3245 vero
3455 3205 3580 3261 quae

1991 3285 2322 3344 sequuntur.

2060 3372 2245 3425 Sermo
2282 3377 2458 3424 autem
2511 3367 2872 3437 iurisiurandi
2904 3369 3042 3438 quod
3090 3380 3208 3438 post
3264 3370 3428 3440 legem
3474 3379 3576 3438 est,

1988 3460 2184 3516 Filium
2216 3463 2270 3516 in
2327 3471 2582 3516 wternum
2629 3461 2940 3529 perfectum.
2975 3460 3217 3520 Observa
3281 3464 3580 3519 contraria.

1988 3549 2107 3605 Illic
2153 3550 2261 3615 lex,
2285 3549 2374 3604 hic
2410 3565 2537 3605 vero
2566 3563 2750 3604 sermo
2782 3548 3168 3618 jurisjurandi,
3191 3549 3294 3604 hoc
3322 3559 3428 3616 est,
3466 3566 3583 3605 cer.

1989 3641 2262 3705 tissimus,
2300 3641 2628 3697 verissimus
2663 3657 2678 3694 :
2715 3639 2830 3694 illic
2869 3641 3122 3696 homines
3160 3641 3306 3696 servi
3331 3643 3581 3708 omnino,

1991 3734 2080 3789 hic
2107 3748 2235 3790 vero
2270 3733 2466 3799 Filius,
2514 3731 2782 3788 Dominus
2856 3732 3153 3788 videlicet:
3189 3733 3300 3787 illic
3358 3732 3583 3799 inﬁrmi,

1991 3827 2096 3882 hoc
2122 3835 2208 3883 est
2257 3827 2652 3897 impingentes,
2686 3826 2929 3894 peccatis
2972 3825 3182 3888 infecti,
3244 3825 3408 3879 morti
3478 3825 3582 3880 ob-

1990 3921 2165 3986 noxii,
2195 3919 2282 3975 hic
2345 3934 2480 3974 vero
2535 3920 2589 3974 in
2659 3918 3056 3988 sempiternum
3115 3914 3412 3988 perfectus,
3483 3917 3585 3974 hoc

1989 4023 2074 4070 est
2146 4015 2532 4084 sempiternus,
2590 4020 2804 4083 potens,
2865 4027 2972 4065 non
3037 4025 3185 4065 nunc
3244 4009 3586 4065 solummodo

1993 4106 2390 4176 impeccabilis,
2456 4107 2548 4162 sed
2574 4121 2812 4177 semper.
2869 4105 2925 4161 Si
2962 4106 3128 4176 igitur
3157 4107 3438 4178 perfectus
3471 4117 3581 4171 est,

1991 4199 2038 4252 si
2095 4212 2374 4268 nunquam
2434 4208 2650 4268 peccat,
2707 4197 2752 4253 si
2822 4213 3042 4268 semper
3087 4197 3244 4263 vivit,
3309 4198 3586 4268 quomodo

1991 4306 2090 4362 pro
2125 4291 2308 4362 seipso
2339 4291 2558 4358 obtulit,
2615 4301 2708 4345 aut
2756 4292 2981 4346 omnino
3029 4307 3128 4362 pro
3155 4291 3278 4348 aliis
3323 4291 3585 4364 frequen-

1989 4383 2102 4438 ter?

2569 4473 2800 4530 CAPUT
2874 4472 3010 4528 γιιι.

368 4548 719 4618 Κεφάλαιον
759 4551 827 4607 δὲ
870 4553 971 4608 ἐπὶ
1005 4555 1133 4623 τοῖς
1181 4555 1555 4626 λεγομένοις,
1617 4563 1888 4618 τοιοῦτον

2069 4565 2229 4622 Vsus.
2252 4566 2304 4620 1.
2339 4564 2648 4636 Capitulum
2679 4577 2856 4619 autem
2881 4579 3038 4624 super
3065 4580 3129 4618 ea
3166 4579 3283 4630 qua:
3310 4563 3589 4632 dicuntur,

300 4639 522 4708 ἔχομεν
551 4641 850 4713 ἀρχιερέα,
882 4645 951 4712 ὃς
989 4645 1276 4703 ἐκάθισεν
1306 4649 1377 4704 ἐν
1408 4649 1579 4720 δεξιᾷ
1615 4653 1721 4708 τοῦ
1760 4659 1892 4723 θρό-

299 4748 414 4786 νου
462 4732 576 4801 τῆς
609 4739 1050 4808 μεγαλωσύνης
1092 4742 1164 4795 ἐν
1199 4741 1328 4809 τοῖς
1367 4745 1668 4814 οὐρανοῖς.
1705 4750 1892 4819 Κεφά-

295 4825 454 4880 λαιον
486 4828 577 4880 ἀεὶ
603 4828 666 4881 τὸ
693 4830 954 4899 μέγιστον
983 4831 1202 4902 λέγεται
1228 4851 1244 4867 ο
1269 4835 1397 4889 ὅταν
1422 4854 1508 4902 τις
1541 4840 1600 4892 δν
1631 4840 1801 4912 ὀλίγῳ
1826 4842 1895 4897 τὰ

295 4917 616 4988 κυριώτερα
654 4921 995 4991 παραλαῦεἰν
1054 4924 1247 4996 μέλλῃ,
1304 4927 1363 4979 ὲν
1413 4930 1702 5002 κεφαλαίῳ
1757 4933 1894 5004 φησὶ

291 5008 580 5061 ποιεῖσθαι
603 5009 697 5062 τὸν
750 5010 908 5078 λόγον
934 5030 948 5044 ο
990 5012 1182 5086 ὥσπερ
1229 5017 1326 5070 καὶ
1372 5017 1409 5086 ὴ
1453 5019 1668 5090 κεφαλὴ
1717 5022 1894 5092 μικρὰ

293 5095 441 5155 οὖσα
474 5101 538 5154 τὸ
569 5101 904 5175 κυριώτερόν
939 5106 1058 5161 ἐστι
1110 5107 1207 5162 τοῦ
1266 5107 1539 5180 σώματος.
1583 5112 1755 5182 Φησὶν
1800 5113 1894 5169 οὖν

298 5191 401 5245 καὶ
432 5191 531 5244 νῦν
565 5193 594 5244 ὀ
635 5195 956 5260 ’Δπὸστολος
979 5213 994 5228 ο
1040 5199 1385 5269 Κεφάλαιον
1414 5201 1484 5255 δὲ
1513 5202 1613 5256 ἐπὶ
1642 5203 1766 5270 τοῖς
1792 5208 1894 5259 λε-

299 5284 610 5351 γομένοις,
642 5286 940 5355 τουτέστιν,
971 5289 1060 5343 ἵνα
1088 5290 1231 5346 εἴπω
1257 5293 1317 5346 τὸ
1345 5293 1601 5362 μέγιστον
1640 5296 1735 5348 καὶ
1765 5313 1896 5348 συν-

300 5371 698 5442 εκτικώτερον,
730 5376 862 5430 Θεὸν
890 5377 1090 5449 ἔχομεν
1129 5380 1438 5453 Ἀρχιερέα.
1479 5382 1554 5436 Τὸ
1579 5384 1686 5454 γὰρ
1722 5385 1894 5456 καθῆ-

302 5460 459 5526 σθαι,
485 5463 701 5527 οὐδενὸς
741 5465 924 5532 ἄλλον,
967 5469 998 5539 ἦ
1027 5468 1188 5524 Θεοῦ.
1222 5470 1366 5541 Ὅρα
1410 5472 1468 5526 δὲ
1519 5472 1636 5537 πῶς
1663 5477 1895 5532 ταπεινὰ

1996 4657 2177 4715 Talem
2193 4658 2440 4712 habemus
2462 4657 2797 4725 Pontiﬁcem,
2814 4656 2905 4726 qui
2920 4655 3156 4710 consedit
3187 4655 3239 4709 in
3264 4653 3481 4709 dextera
3507 4673 3588 4709 se-

1994 4750 2078 4804 dis
2105 4749 2408 4818 majestatis
2439 4749 2494 4802 in
2519 4749 2687 4804 caelis.
2711 4748 3030 4818 Capitulom
3058 4762 3276 4818 semper
3302 4748 3446 4819 quod
3471 4763 3578 4802 me

1994 4843 2202 4898 ximum
2238 4849 2347 4908 est,
2369 4841 2596 4907 dicitur,
2627 4841 2678 4896 si
2713 4840 2936 4911 quando
2962 4841 3232 4910 qttispiam
3267 4840 3410 4912 quod
3445 4855 3589 4912 prae-

1997 4936 2220 5006 cipuum
2249 4942 2353 5000 est,
2385 4949 2447 4990 se
2501 4934 2692 5004 paucis
2755 4933 3285 5004 comprehensurum
3343 4933 3592 4998 dicit,-in

2000 5040 2213 5080 summa
2248 5041 2372 5081 sese
2405 5027 2570 5081 verba
2605 5024 2879 5079 facturum
2927 5024 3062 5079 dicit
3095 5022 3590 5094 :quemadmodum

2000 5127 2186 5187 caput,
2219 5117 2347 5172 licet
2392 5132 2623 5187 parvum
2662 5117 2756 5180 sit,
2803 5116 3079 5186 pra'cipua
3103 5123 3289 5168 tamen
3333 5112 3589 5182 corporis

2004 5226 2131 5280 pars
2183 5217 2287 5266 est.
2315 5208 2407 5265 Ait
2441 5209 2606 5279 igitur
2636 5208 2804 5264 etiam
2847 5222 2996 5263 nunc
3023 5206 3325 5277 Apostolus
3358 5222 3372 5259 :
3413 5203 3587 5272 Caput

2005 5309 2182 5353 autem
2209 5315 2392 5354 eorum
2419 5313 2537 5370 que
2577 5299 2850 5357 dicuntur,
2877 5297 2980 5352 hoc
3009 5301 3117 5358 est,
3153 5302 3213 5347 ut
3235 5293 3411 5347 dicam
3438 5290 3590 5360 quod

2001 5389 2302 5444 maximum
2335 5400 2421 5446 est
2447 5401 2501 5444 et
2529 5389 2886 5460 praecipuum,
2919 5388 3086 5443 Deum
3117 5385 3381 5440 habemus
3400 5383 3586 5438 Ponti-

1999 5475 2177 5531 ﬁcem.
2209 5477 2510 5536 Cousidere
2557 5479 2700 5534 enim
2756 5478 2962 5533 nullius
3018 5486 3103 5532 est
3130 5476 3377 5540 alterius,
3421 5487 3592 5545 quam

307 5553 490 5607 πολλὰ
546 5555 737 5622 εἰπὼν,
771 5555 854 5624 τὸ,
903 5559 1219 5631 ἀρχιερεὺς,
1276 5560 1357 5627 τὸ,
1411 5564 1753 5634 ἐντυγχάνει,
1809 5569 1888 5621 καί

2012 5566 2133 5622 Dei.
2167 5566 2410 5624 Observa
2436 5567 2597 5639 702
2620 5575 2800 5623 autem
2831 5567 2974 5638 quod
3006 5581 3129 5622 cum
3156 5567 3324 5644 multa
3362 5563 3587 5620 humilia

1673 5736 1870 5799 Variae
1892 5738 2223 5803 lectiones.

405 5831 427 5861 '
463 5828 699 5900 καθᾶραι
731 5848 782 5887 ο.
862 5833 904 5864 ⁶⁶
926 5831 1208 5903 ἀντιϐῆναι
1229 5847 1282 5886 o.
1360 5834 1378 5863 τ
1408 5833 1670 5901 πολλάκις
1694 5854 1745 5893 o.
