4080 6434
463 479 571 546 287

1401 480 1984 542 ΤΙΙΕΟΙῚΙΥΕᾹΟΤΙ
2020 478 2433 540 BULGAHIE
2469 479 2828 539 ARCIIIEP.

3643 477 3755 542 283

465 592 717 654 dixisset,
761 589 944 659 qualia
992 599 1144 653 sunt,
1200 589 1475 661 pontifex,
1538 588 1880 644 intercedere
1912 588 2053 657 apud

2163 588 2264 640 ὅσα
2293 589 2391 656 τῆς
2422 587 2861 660 ἀνθρωπότητος,
2900 590 2992 642 ἐπὶ
3020 589 3080 643 τὸ
3128 588 3331 661 ὑψηλὸν
3362 590 3553 662 ἀνέϐη,
3600 596 3696 645 καὶ
3725 592 3757 646 ὃ
3804 660 3807 661 ν

466 683 708 746 Patrem,
739 693 1141 753 etqumcuuque
1171 682 1238 736 ad
1272 683 1671 737 humanitatem
1709 684 2059 754 spectabant,

471 776 526 829 in
547 776 716 829 altum
752 775 1020 838 asrendit,
1047 775 1121 845 {et
1149 775 1212 830 ad
1234 775 1283 828 id
1312 778 1456 845 quod
1483 775 1702 829 deitatis
1727 783 1832 835 est,
1866 790 2060 843 nempe

469 864 681 919 sedere.
738 863 888 917 Facit
930 874 1111 917 autem
1149 865 1252 918 hoc
1286 879 1525 933 semper,
1559 864 1706 919 sicut
1740 873 1795 918 et
1856 879 2062 930 praece-

470 964 595 1026 ptor
627 955 743 1025 ejus
776 958 829 1009 in
856 956 1169 1024 Evangelia,
1198 967 1253 1009 ut
1280 972 1375 1025 per
1398 955 1623 1011 humilia
1651 956 1868 1026 quidem
1894 972 2056 1011 manu

469 1050 633 1104 ducat
658 1049 961 1102 auditorem
990 1056 1046 1101 ut
1070 1049 1293 1101 verbum
1317 1048 1581 1117 percipiat
1618 1066 1630 1103 :
1679 1049 1881 1121 alioqui
1912 1051 2058 1104 enim

471 1159 578 1196 non
606 1141 922 1210 assequitur
956 1140 1196 1205 auditor,
1222 1140 1325 1195 nisi
1351 1141 1614 1210 paulatim
1644 1141 1903 1196 ascendat
1930 1158 1943 1194 :
1967 1158 2062 1212 per

469 1235 724 1289 sublimia
751 1252 879 1291 vero
899 1237 1116 1303 doceat,
1150 1238 1294 1309 quod
1337 1239 1428 1294 illa
1460 1255 1516 1294 se
1531 1237 1871 1294 demittenda
1904 1240 2060 1295 dixe-

469 1330 562 1383 rit.
632 1329 916 1384 ἸἸιι-υιιιιιιι
960 1343 1143 1388 autem
1214 1333 1546 1401 majestatis,
1610 1333 1853 1402 patrium
1901 1333 2064 1399 dicit,

470 1422 552 1473 vel
591 1422 734 1489 quod
801 1422 962 1476 Pater
999 1426 1166 1478 etiam
1204 1425 1699 1492 majestasdicatur
1743 1444 1755 1480 :
1795 1426 1875 1479 vel
1909 1427 2060 1495 quod

472 1514 795 1582 simpliciter
832 1516 1068 1571 ιΙΙΙὈυιιδ
1107 1516 1414 1588 maiestatis
1460 1519 1534 1573 sit
1592 1518 1828 1573 thronus
1882 1519 2063 1573 Inani-

472 1621 617 1658 IllllS.

542 1695 796 1750 Vens.2.
860 1695 1182 1751 Sanctorum
1257 1699 1518 1753 minister.
1584 1698 2060 1766 Quemadmodum

472 1787 672 1841 terreni
712 1788 996 1857 pontiﬁces
1021 1789 1390 1859 ingredientes
1416 1791 1467 1844 in
1505 1791 1707 1847 Sancta
1739 1801 2059 1857 sanctorum

476 1879 918 1935 ministrabiut:
990 1882 1137 1936 hunc
1178 1882 1242 1936 ad
1334 1883 1553 1937 modum
1607 1895 1661 1938 et
1713 1884 1817 1938 ἱμιε
1866 1900 2058 1940 revera

468 1984 786 2027 sanctorum
820 1984 871 2029 et
892 1991 1147 2029 verorum
1188 1989 1543 2051 arcanorum,
1581 1980 2059 2049 supercmlestium

468 2062 752 2129 nimirum,
781 2078 858 2119 est
897 2068 1170 2123 minister.
1207 2068 1438 2124 Videtur
1471 2078 1653 2124 autem
1681 2072 1784 2127 sibi
1816 2073 1931 2142 ipse
1971 2072 2061 2129 hic

472 2158 751 2210 adversari
805 2158 1032 2215 Paulus.
1079 2159 1134 2215 In
1208 2163 1476 2232 principio
1533 2165 1678 2219 enim
1739 2166 1929 2219 dixit:
1978 2167 2060 2220 Ad

465 2264 618 2318 quem
671 2253 980 2320 angetomm
1030 2255 1167 2308 dixit
1196 2297 1212 2323 ,
1258 2256 1436 2312 Sede?
1487 2267 1543 2313 et
1581 2277 1595 2316 ;
1642 2258 1834 2315 Nonne
1879 2277 2058 2315 omnes

466 2341 925 2400 administratorii
968 2350 1195 2418 spiritus
1236 2352 1409 2406 sunt?
1474 2355 1634 2422 quasi
1671 2355 1924 2410 videlicet
1955 2357 2056 2412 ad-

466 2436 720 2490 minister
772 2440 965 2494 sedere
1020 2457 1129 2512 non
1180 2443 1429 2498 deberet.
1514 2443 1614 2499 Hic
1677 2463 1807 2502 vero
1844 2456 2060 2517 postea-

467 2542 632 2597 quam
678 2531 1015 2586 asseruisset
1059 2549 1183 2587 eum
1249 2535 1441 2591 sedere
1487 2537 1538 2590 in
1572 2541 1791 2593 dextera
1852 2540 2055 2604 throni,

466 2636 664 2680 rursus
719 2625 929 2681 inducit
970 2643 1114 2682 etnn.
1161 2629 1499 2685 ministrum.
1543 2630 1645 2698 Qui
1684 2633 1852 2702 igitur
1910 2628 2095 2689 istnd'

466 2718 621 2777 dicit.
678 2720 782 2775 nisi
813 2729 870 2773 ut
900 2721 1126 2776 omnino
1172 2723 1458 2793 indulgeat
1485 2725 1855 2789 auditoribus,
1890 2736 2056 2795 atque

467 2809 697 2863 humilia
748 2816 980 2868 summis
1020 2816 1386 2883 permisceat?
1439 2816 1698 2872 Nonnulli
1732 2827 1913 2872 autem
1968 2819 2053 2872 in-

466 2903 815 2969 tellexerunt,
844 2907 1088 2961 minister
1126 2916 1459 2973 sanctorum,
1501 2926 1600 2980 pro
1635 2910 1923 2965 hominum
1987 2912 2057 2965 ah

466 2995 590 3062 ipso
611 2997 1107 3052 sanctilicatorum.
1142 2999 1342 3056 Noster
1362 3001 1533 3069 enim,
1566 3000 1769 3073 inquit,
1799 3002 2049 3058 Pontifex

466 3097 574 3143 est.

537 3177 613 3232 Ac
649 3170 978 3234 tabernaculi
1008 3160 1117 3236 veri
1143 3183 1285 3253 quod
1315 3184 1434 3253 ﬁxit
1466 3183 1630 3251 Deus,
1667 3195 1843 3240 etnon
1875 3186 2050 3242 homo.

2162 679 2261 748 τῆς
2296 678 2551 748 θεότητός
2588 681 2728 733 ἐστι.
2765 681 2917 733 Ποιεί
2958 679 3016 734 δὲ
3047 680 3206 735 τοῦτο
3243 683 3357 745 ἀεὶ,
3384 680 3574 751 ὥσπερ
3604 683 3700 736 καὶ
3728 683 3762 736 ὀ

2160 768 2483 833 διδασκαλος
2516 771 2683 824 αὐτοῦ
2713 773 2771 825 ἐν
2794 771 2872 842 τῷ
2903 772 3219 844 Εὐαγγελίῳ
3243 791 3256 805 ³
3289 774 3376 828 ἵνα
3400 774 3489 828 διά
3518 775 3618 845 μὲν
3646 775 3759 829 τῶν

2162 863 2431 916 ταπεινῶν
2462 866 2856 935 χειραγωγήσῃ
2885 866 2974 918 τὸν
3017 867 3293 937 ἀκροατὴν
3326 870 3470 920 ὥστε
3509 867 3759 938 παραδέ-

2164 955 2359 1019 ξασθαι
2415 959 2508 1009 τὸν
2561 957 2752 1023 λόγον·
2807 957 2984 1020 ἄλλως
3024 959 3133 1026 γὰρ
3180 959 3240 1011 οὑ
3289 958 3692 1028 παρακολουθεῖ
3727 961 3760 1012 ό

2163 1048 2404 1114 ἀκούων,
2436 1052 2484 1102 εἰ
2523 1049 2598 1120 μὴ
2633 1048 2775 1103 κατὰ
2808 1050 3005 1122 μικρὸν
3039 1051 3321 1105 ἀναϐαίνει
3352 1067 3366 1081 ·
3419 1052 3508 1105 διὰ
3550 1051 3606 1105 δὲ
3645 1052 3760 1104 τῶν

2164 1141 2387 1213 ὑψηλῶν
2436 1142 2646 1216 διδάξῃ,
2696 1144 2783 1197 ὃτι
2822 1144 3231 1212 συγκατὰεασις
3263 1140 3331 1215 ἦν
3365 1146 3569 1199 ἐκεῖνα.
3618 1145 3763 1215 Θρέ-

2163 1252 2253 1287 νον
2298 1234 2355 1287 δὲ
2389 1235 2783 1306 μεγαλωσύνης
2815 1235 2905 1288 τίιν
2945 1236 3218 1306 πατρικὸν
3247 1252 3437 1305 φησιν,
3482 1236 3515 1305 ἦ
3553 1237 3632 1290 ὅτι
3662 1236 3762 1288 καὶ

2164 1329 2192 1380 ὁ
2246 1328 2440 1398 Πατὴρ
2495 1328 2715 1398 λεχθείη
2775 1330 2842 1382 ἂν
2914 1327 3066 1398 αὖτῷ
3123 1327 3523 1399 μεγαλωσύνη*
3577 1328 3608 1397 ἢ
3670 1331 3761 1383 ὅτι

2163 1419 2350 1483 ἁπλῶς
2386 1420 2526 1474 οὕτω
2573 1422 2762 1491 θρόνος
2809 1420 3208 1491 μεγαλωσύνης
3241 1422 3270 1475 ὁ
3319 1421 3576 1491 μέγιστος
3628 1421 3759 1492 096-

2165 1530 2278 1577 νος.

2244 1697 2364 1749 Τῶν
2403 1699 2592 1766 ἁγίων
2640 1700 3013 1770 λειτουργός.
3063 1700 3278 1771 Ὠσπερ
3306 1702 3356 1753 οἱ
3391 1701 3542 1755 κάτω
3566 1703 3757 1777 ἀρχιε-

2167 1791 2279 1859 ρεῖς
2309 1790 2685 1860 εἰσερχόμενοι
2716 1791 2795 1855 είς
2822 1793 2889 1845 τὰ
2934 1792 3108 1860 ’Ἅγια
3142 1792 3251 1847 τῶν
3284 1794 3457 1863 ἁγίων
3487 1793 3753 1866 ἐλειτοῦρο

2166 1896 2297 1948 γουν
2323 1897 2335 1911 ο
2374 1879 2520 1934 οὕτω
2545 1881 2641 1935 καὶ
2667 1877 2821 1947 οὗτος
2849 1882 2957 1937 τῶν
2988 1883 3158 1949 ὄντως
3185 1885 3380 1952 ἁγίων,
3408 1886 3520 1940 τῶν
3550 1886 3741 1957 ἀληθι-

2167 1969 2277 2023 νῶν
2338 1971 2570 2037 ἀδύτων,
2641 1973 2752 2028 τῶν
2810 1975 3155 2047 ἐπουρανίων
3223 1978 3343 2031 ἐστὶ
3416 1978 3757 2050 λειτουργᾴς.

2162 2061 2416 2118 Φαίνεται
2444 2065 2501 2118 δὲ
2537 2065 2776 2122 ἐνταῦθα
2816 2068 3215 2138 ὲναντιολογεϊν
3250 2071 3484 2133 Παῦλος.
3524 2072 3612 2126 Ἐν
3656 2071 3757 2142 μὲν

2162 2154 2273 2223 γὰρ
2305 2156 2616 2225 προοιμίοις
2656 2158 2886 2228 εἴρηκε·
2933 2160 3092 2228 Πρὸς
3142 2162 3278 2216 τίνα
3321 2161 3438 2216 τῶν
3480 2163 3757 2233 ἀγγέλων

2160 2240 2323 2299 εἷπε·
2382 2245 2621 2311 Ka’00v;
2682 2250 2831 2319 Οὐχὶ
2901 2249 3124 2319 πάντες
3188 2253 3309 2308 εἶσί
3382 2255 3765 2324 λειτουργικὰ

2160 2338 2509 2408 πνεύματιι;
2551 2340 2626 2405 ὡς
2656 2341 2857 2414 δηλαδὴ
2900 2344 2998 2397 τοῦ
3028 2343 3354 2417 λειτουργοῦ
3395 2348 3472 2418 μὴ
3508 2347 3756 2416 ὀφείλονν

2158 2445 2252 2493 τος
2296 2432 2598 2502 καθῆσθαιο
2647 2434 2743 2488 νῦν
2771 2435 2827 2490 δὲ
2869 2436 3062 2504 εἰπὼν,
3097 2439 3178 2492 ὅτι
3218 2435 3475 2494 ἐκάθισεν
3516 2442 3575 2494 ὲν
3602 2440 3760 2513 δεξιᾷ

2159 2521 2255 2575 τοῦ
2299 2522 2514 2594 θρόνου,
2552 2526 2720 2580 πάλιν
2765 2529 2984 2597 εἰσάγει
3021 2530 3188 2584 αὑτὸν
3234 2530 3577 2602 λειτουργὸν.
3627 2535 3755 2598 Πῶς

2157 2614 2253 2669 οὖν
2303 2617 2464 2671 τοῦτό
2509 2637 2712 2689 φησιν,
2762 2622 2794 2691 ἢ
2852 2622 3069 2686 πάντως
3123 2625 3603 2693 συγκαταϐαίνων,
3657 2629 3757 2680 καὶ

2158 2709 2468 2779 ἀναμιγνὺς
2519 2715 2632 2775 τοίς
2666 2714 2895 2785 ὑψηλοῖς
2928 2716 2996 2770 τά
3026 2717 3297 2783 ταπεινάς
3352 2719 3509 2782 Τινὲς
3562 2719 3621 2772 δὲ
3671 2718 3756 2785 τὸ,

2157 2801 2509 2871 λειτουργὸς
2571 2802 2692 2857 τῶν
2732 2806 2937 2874 ἁγίων,
2979 2805 3151 2871 οὕτως
3185 2808 3437 2878 ἐνόησαν,
3479 2810 3604 2864 ἀντὶ
3652 2809 3746 2864 τοῦ

2160 2896 2271 2948 τῶν
2317 2895 2669 2966 ἡγιασμένων
2713 2898 2805 2952 ὑπ’
2837 2899 3004 2953 αὐτοῦ
3043 2899 3381 2971 ἀνθρώπων·
3433 2902 3592 2973 ἡμῶν
3641 2902 3754 2974 γὰρ

2157 2989 2298 3050 ἐστι,
2330 2989 2519 3059 φησὶν,
2549 2990 2867 3061 ἀρχιερεύς.

2233 3177 2339 3231 Καὶ
2395 3177 2504 3244 τῆς
2531 3178 2773 3247 σκηνῆς
2804 3180 2915 3248 τῆς
2959 3156 3276 3250 ἀληθινῆς,
3313 3180 3395 3249 ῆν
3444 3184 3675 3249 ἔπηξεν
3721 3188 3755 3238 ό

468 3267 571 3325 ilic
623 3273 832 3327 excitat
879 3289 975 3328 cos
1019 3275 1112 3343 qui
1144 3291 1207 3329 ex
1240 3273 1446 3330 Judreis
1475 3277 1846 3333 crediderant.
1914 3278 2053 3347 Quia

2162 3270 2400 3336 Κύριος.
2443 3270 2540 3324 καὶ
2593 3273 2707 3325 οὐκ
2758 3272 3093 3341 ἄνθρωπος.
3138 3273 3406 3328 Ἐνταῦθα
3450 3275 3755 3345 διανίστησι

466 3363 614 3416 enim
654 3364 959 3419 verisimile
999 3377 1118 3421 erat
1140 3382 1235 3421 eos
1269 3368 1782 3426 dubitando'dicere
1810 3389 1822 3425 :
1848 3370 2059 3427 Taber-

467 3452 724 3505 naculum
773 3453 1086 3522 huiusmodi
1139 3473 1244 3510 non
1270 3457 1533 3514 habemus
1574 3458 1696 3512 :En
1737 3461 1936 3529 majus.
1974 3462 2060 3517 in-

466 3546 612 3608 quit,
650 3543 1066 3597 tabernaculum
1104 3544 1193 3598 hic
1246 3556 1301 3600 et
1336 3560 1546 3608 verum,
1587 3548 1788 3603 cwlum
1856 3548 2056 3616 ipsum.

466 3632 638 3695 Vetus
664 3652 900 3706 namque
937 3637 1347 3693 tabernaculum
1399 3639 1571 3708 ﬁgura
1604 3650 1727 3695 erat
1771 3641 1964 3709 hujus;
2006 3651 2061 3696 et

468 3726 604 3782 illud
639 3730 858 3799 quidem
902 3730 1067 3785 homo
1108 3731 1241 3797 ﬁxit,
1298 3732 1380 3786 vel
1412 3731 1686 3795 Beselecl,
1729 3734 1807 3786 vel
1858 3732 2056 3796 Moses,

467 3823 572 3877 hoc
605 3834 788 3877 autem
841 3822 1003 3878 Deus.
1057 3823 1197 3878 llinc
1249 3837 1431 3881 autem
1479 3826 1711 3880 observa
1746 3828 2052 3881 secundum

466 3916 648 3970 divum
684 3915 951 3971 Joannem
971 3915 1454 3988 Cbrysostomum,
1481 3917 1627 3988 quod
1655 3918 1856 3974 caelum
1880 3934 2057 3988 neque

467 4019 783 4073 moveatur,
823 4025 1001 4078 neque
1023 4012 1317 4065 rotundum
1351 4013 1422 4068 sit
1450 4029 1463 4065 :
1496 4020 1728 4081 utraque
1754 4012 1897 4068 enim
1920 4012 2058 4066 tollit

468 4104 615 4172 quod
649 4104 746 4166 ait,
774 4102 917 4170 fixit.

544 4193 711 4248 Vens.
759 4195 813 4246 5.
851 4194 1038 4249 Omnis
1103 4194 1244 4248 enim
1294 4173 1535 4263 pontifex
1602 4194 1671 4249 ad
1731 4193 2058 4264 offerendum

467 4302 688 4340 munera
723 4298 773 4341 et
807 4286 1008 4357 hostias
1070 4288 1413 4341 constituitur
1463 4305 1481 4343 :
1536 4288 1674 4343 unde
1725 4305 1934 4344 necesse
1979 4297 2058 4342 est

466 4379 684 4435 ethunc
729 4381 920 4435 habere
953 4380 1157 4449 aliquid
1194 4381 1333 4450 quod
1387 4382 1597 4450 offerat.
1658 4381 1796 4449 Quia
1840 4381 2057 4436 dixerat

468 4473 836 4533 eunusedcre,
896 4489 963 4525 ne
1024 4473 1409 4543 imposturam
1449 4474 1738 4529 arbitreris
1771 4474 1916 4543 quod
1964 4488 2057 4527 5a-

467 4559 665 4614 ccrdos
720 4560 923 4615 dicitur
952 4577 968 4627 ;
1020 4563 1260 4624 etiamsi,
1295 4562 1497 4632 inquit,
1514 4563 1738 4628 sedeat,
1764 4572 2053 4633 propterea

466 4662 650 4710 tamen
713 4640 820 4709 non
855 4655 1019 4710 desiit
1062 4672 1185 4711 esse
1256 4657 1524 4727 pontifex.
1571 4657 1766 4713 Omnia
1817 4672 2053 4727 namque

469 4761 590 4813 qua:
622 4757 751 4799 sunt
787 4746 1127 4814 pontiﬁcum,
1155 4746 1341 4811 habet,
1366 4763 1429 4802 ae
1457 4746 1921 4817 quemadmodum
1972 4747 2050 4801 illi

466 4839 726 4900 oll‘ernnt,
769 4841 849 4892 sic
893 4848 945 4893 et
990 4840 1107 4909 ipse
1161 4840 1366 4894 obtulit
1424 4840 1804 4910 semetipsum.
1848 4839 2052 4895 Sedere

465 4931 912 5000 enilndignitatis
952 4942 1034 4985 est
1065 4933 1235 5001 ipsius
1269 4947 1283 4985 :
1319 4934 1635 5002 pontiﬁcatu
1663 4940 1846 4987 autem
1873 4932 2047 5002 fungi,

466 5023 653 5074 inultae
688 5036 1008 5090 niagnrcqne
1037 5030 1122 5075 est
1158 5022 1486 5078 clementia}.
1535 5020 1829 5085 Praeterea,
1881 5038 2051 5091 quan-

465 5112 757 5181 doquidem
801 5112 1047 5165 nonnulli
1095 5112 1462 5181 inquirerent,
1499 5125 1598 5165 cur
1646 5120 1877 5189 mortem
1914 5109 2046 5164 sub-

463 5204 641 5264 iissiet,
679 5204 721 5257 si
754 5202 927 5256 Filius
962 5202 1054 5257 Dei
1108 5218 1173 5258 ac
1238 5203 1608 5272 sempiternus
1664 5209 1776 5256 erat
1815 5242 1829 5267 ,
1888 5202 2049 5255 diluit

466 5298 573 5353 hoc
622 5298 873 5366 inquiens
913 5311 930 5350 :
964 5294 1421 5365 Quandoquidem
1469 5293 1730 5350 sacerdos
1772 5302 1914 5355 erat,
1955 5309 2048 5348 sa-

470 5392 666 5446 cerdos
698 5401 876 5446 autem
911 5392 1031 5445 sine
1056 5389 1236 5444 hostia
1254 5404 1363 5444 non
1386 5398 1494 5453 est,
1535 5388 1905 5444 necessarium
1932 5397 2050 5443 erat

467 5481 673 5538 habere
694 5483 950 5550 quiddam
981 5492 1033 5537 et
1070 5484 1216 5536 hunc
1273 5480 1433 5551 703
1494 5482 1634 5552 quod
1689 5481 1898 5550 o/ferat.
1934 5481 2048 5533 Hoc

468 5587 653 5629 animo
706 5577 837 5628 nihil
871 5584 1204 5645 eratin-mter
1235 5576 1411 5645 ipsius
1465 5590 1686 5644 corpus.
1720 5573 2048 5629 Necessario

469 5666 656 5735 itaque
703 5647 952 5721 nulrtuus
1019 5675 1125 5722 est.
1192 5666 1337 5722 Inter
1367 5674 1549 5722 autem
1577 5664 1780 5721 donum
1814 5675 1864 5720 ct
1889 5666 2043 5719 victi-

2162 3362 2289 3424 τοὺς
2350 3361 2410 3425 ἐξ
2481 3362 2754 3416 Ἰουδαίων
2820 3365 3276 3429 πεπιστευκότας.
3360 3366 3579 3438 Ἐπειδὴ
3642 3367 3755 3436 γὰρ

2161 3453 2307 3516 εἰκὸς
2335 3449 2401 3523 ἦν
2432 3454 2627 3517 αὐτοὺς
2665 3455 3013 3525 ἀπορεῖσθαι,
3053 3458 3135 3510 ὃτι
3186 3458 3392 3529 σκηνὴν
3422 3458 3522 3512 οὐκ
3554 3457 3757 3530 ἔχομεν

2160 3541 2421 3613 τοιαύτην
2445 3557 2457 3571 ·
2502 3542 2658 3608 Ἰδοὺ,
2692 3545 2848 3614 φησι,
2878 3545 3081 3614 μείζων
3118 3546 3293 3618 σκηνὴ
3322 3547 3415 3601 καὶ
3441 3547 3693 3620 ἀληθινὴ.
3723 3549 3757 3602 δ

2160 3633 2414 3704 οὐρανός.
2459 3633 2520 3685 Ἢ
2554 3633 2664 3704 γὰρ
2705 3636 2915 3689 παλαια
2952 3636 3125 3700 τύπος
3158 3633 3227 3708 ἦν
3277 3638 3519 3708 ταύτης’
3558 3640 3754 3693 κάκεί-

2161 3743 2260 3796 νην
2290 3725 2391 3791 μὲν
2424 3725 2711 3796 ἄνθρωπος
2733 3725 2958 3796 ἔπηξεν,
2987 3730 3020 3799 ἢ
3047 3730 3075 3782 δ
3106 3728 3370 3800 Βεζελεὴλ
3393 3731 3433 3793 ⁸,
3462 3731 3495 3803 ἢ
3529 3735 3555 3786 ὁ
3581 3733 3755 3788 Μωῦ-

2163 3817 2284 3885 σῆς,
2316 3815 2523 3887 ταύτην
2548 3818 2604 3871 δὲ
2644 3817 2797 3878 Θεός.
2848 3821 3139 3875 Ἐντεῦθεν
3169 3820 3226 3875 δὲ
3267 3823 3571 3893 σημείωσαι
3608 3826 3766 3881 κατᾶ

2161 3908 2254 3961 τὸν
2287 3908 2558 3980 μακάριον
2602 3908 2874 3983 Ἰωάννην,
2907 3912 2988 3965 ὅτι
3025 3911 3147 3967 οὔτε
3182 3917 3412 3969 κινεῖται
3443 3916 3472 3967 δ
3497 3917 3755 3987 οὐρανὸς,

2160 3998 2283 4054 οὔτε
2315 4002 2665 4073 σφαιροειδής
2696 4002 2870 4057 ἐστιν’
2912 4003 2974 4060 τὸ
3014 4006 3148 4076 γὰρ,
3185 4005 3438 4074 ἔπηξεν,
3462 4009 3755 4080 ἀμφότερα

2161 4093 2284 4145 ἁναι
2295 4096 2398 4161 ρεῖ.

2234 4183 2362 4249 Πᾶς
2396 4185 2507 4254 γὰρ
2533 4186 2850 4256 ἀρχιερεὺς
2878 4192 2967 4255 εὶς
2998 4188 3064 4242 τὸ
3102 4193 3469 4261 προσφέρειν
3501 4193 3658 4262 δῶρά
3687 4212 3757 4250 τε

2159 4278 2255 4331 καὶ
2289 4278 2508 4344 θυσίας
2539 4278 2926 4334 καθίσταται*
2961 4280 3103 4336 ὅθεν
3138 4284 3472 4352 ἀναγκαῖον
3500 4287 3664 4356 ἔχειν
3695 4306 3754 4341 τι

2158 4369 2259 4423 καὶ
2294 4370 2510 4424 τοῦτον
2542 4369 2573 4423 ὃ
2604 4373 3008 4442 προσενέγκῃ.
3057 4373 3277 4445 Ἐπειδὴ
3307 4371 3461 4430 εἶπεν
3489 4378 3571 4431 ὅτι
3613 4380 3752 4433 κάθ-

2156 4479 2307 4531 ηται,
2352 4461 2439 4516 ἵνα
2472 4461 2547 4533 μὴ
2590 4461 2809 4532 ἀπάτην
2839 4463 3070 4534 νομίσῃς
3110 4464 3172 4517 τὸ
3216 4466 3366 4536 ἱερέα
3403 4468 3565 4522 αὑτδν
3591 4470 3750 4538 εἰρῆ-

2160 4553 2305 4618 σθαι,
2336 4553 2528 4623 φησὶν,
2561 4554 2646 4606 ὅτι
2677 4553 2727 4606 εἰ
2768 4555 2864 4607 καὶ
2893 4554 3156 4625 κάθηται,
3186 4555 3304 4608 ἀλλ’
3333 4553 3428 4611 οὗν
3461 4558 3561 4612 οὐκ
3591 4559 3752 4614 ἀπώ-

2087 4634 2131 4688 D
2160 4645 2283 4697 λεσε
2320 4644 2378 4697 τὸ
2419 4644 2712 4715 ἀρχιερεὺς
2754 4642 2926 4698 εἶναι·
2972 4648 3303 4717 πάνταγὰρ
3335 4647 3404 4701 τὰ
3433 4647 3538 4710 τῶν
3567 4649 3754 4720 ἀρχιε-

2163 4740 2305 4810 ρέων
2351 4740 2484 4811 ἔχει,
2521 4741 2613 4792 καὶ
2646 4739 2838 4812 ὥσπερ
2882 4742 3088 4796 ἐκείνοι
3124 4744 3550 4814 προσφέρουσιν,
3599 4744 3747 4799 οὕτω

2102 4838 2117 4857 ⁸
2160 4835 2254 4888 καὶ
2284 4834 2445 4896 αὐτὸς
2501 4834 2877 4905 προσήνεγκεν
2935 4835 3149 4889 ἑαυτόν.
3191 4837 3265 4889 Τὸ
3308 4838 3407 4905 μὲν
3452 4837 3560 4909 γὰρ
3609 4838 3749 4891 καθ-

2158 4926 2349 4996 ῆσθαι,
2376 4927 2476 4995 τῆς
2508 4924 2667 4991 ἀξίας
2698 4926 2864 4980 αὐτοῦ
2885 4942 2900 4958 ο
2951 4927 3012 4981 τὸ
3045 4927 3103 4980 δὲ
3150 4929 3596 4999 ἀρχιερατεῦσαι,
3643 4931 3747 4999 τῆς

2159 5018 2574 5089 φιλανθρωπίας
2618 5020 2718 5089 τῆς
2751 5010 2975 5089 πολλῆς.
3035 5021 3144 5074 Καὶ
3194 5020 3370 5084 ἄλλως
3419 5022 3497 5085 δὲ,
3554 5022 3743 5092 ἐπειδὴ

2156 5111 2384 5180 ἐζήτουν
2400 5110 2562 5176 τινὲς,
2581 5111 2724 5172 τίνος
2739 5110 2927 5165 ἕνεκεν
2945 5110 3238 5176 ἀπέθανεν,
3261 5113 3374 5179 εἴγε
3394 5113 3519 5176 Υἱὸς
3540 5109 3628 5184 ἦν,
3653 5113 3747 5167 καὶ

2150 5206 2365 5265 αἰώνιος
2383 5218 2398 5233 ⁶
2429 5203 2543 5256 λύει
2559 5203 2737 5267 τοῦτο,
2757 5204 2850 5257 καί
2872 5221 3057 5274 φησιν,
3078 5206 3182 5272 ὄτι,
3202 5206 3420 5275 Ἐπειδὴ
3451 5207 3631 5276 ἱερεὺς

2155 5296 2335 5367 ἱερεὺς
2352 5295 2409 5347 δὲ
2440 5294 2608 5364 χωρὶς
2631 5292 2822 5357 θυσίας
2851 5296 2951 5347 οὐκ
2979 5294 3147 5360 ἔστιν,
3176 5296 3473 5365 ἀναγκαῖον
3499 5292 3569 5367 ἦν
3599 5298 3747 5367 ἔχειν

2157 5404 2209 5440 τι
2246 5386 2338 5438 καὶ
2378 5384 2589 5447 τῦῦτον,
2618 5385 2649 5436 ὃ
2698 5383 3110 5454 προσενέγκῃ·
3163 5386 3323 5440 τοῦτο
3370 5387 3427 5441 δὲ
3457 5387 3613 5440 οὐδὲν
3649 5382 3745 5457 ἦν,

2155 5478 2269 5531 ἀλλ’
2300 5478 2333 5549 ἦ
2364 5476 2424 5529 τὸ
2466 5474 2661 5529 ἑαυτοῦ
2713 5474 2895 5544 σῶμα,
2943 5477 3280 5543 Ἀναγκαίως
3322 5478 3434 5550 ἄρα
3473 5477 3741 5534 ἀπέθανε.

2157 5569 2342 5634 Δώρου
2366 5569 2422 5621 δὲ
2458 5568 2553 5620 καὶ
2580 5567 2770 5629 θυσίας
2794 5566 2870 5637 τῷ
2903 5568 3003 5638 μὲν
3044 5569 3266 5641 ἀκριϐεῖ
3293 5570 3437 5640 λόγῳ
3485 5570 3599 5622 ἐστὶ
3627 5568 3743 5622 δια·

2157 5662 2319 5732 φορά.
2343 5661 2540 5713 Basia:
2575 5659 2673 5731 μὲν
2706 5660 2810 5731 γάρ
2836 5663 2975 5713 εἰσιν
3001 5662 3056 5715 αἱ
3086 5661 3151 5714 δι’
3184 5663 3415 5731 αἵματος
3449 5660 3540 5715 καὶ
3564 5660 3742 5729 κρεῶν

1837 5840 2033 5903 Variae
2078 5840 2412 5904 lectiones.

553 5944 574 5975 '
587 5944 849 6012 Βεσελεήλ
876 5961 946 5999 m.
