4080 6416
489 379 603 446 291

1424 381 1526 440 'TII
1541 373 2012 439 EOPIIYLACTI
2048 373 2461 435 BUl.GARl.-’E
2504 377 2862 439 ARCIIIEP.

3659 384 3774 449 2‘32

495 493 1213 564 comprehendimus,quam
1251 509 1371 563 qua;
1402 509 1498 563 per
1522 492 1772 546 auditum
1801 488 2088 552 discimus,

2200 488 2281 541 λον
2315 493 2833 566 καταλαμϐάνομεν,
2881 495 2913 566 ἢ
2965 494 3001 550 ἃ.
3061 495 3130 548 δι’
3170 495 3342 567 ἀκοῆς
3395 497 3770 570 μανθάνομεν,

492 597 782 657 propterea
821 585 961 641 Deus
999 585 1130 641 Mosi
1167 586 1493 642 monSIravit
1531 583 1737 645 omnia,
1771 599 1876 636 non
1909 583 2085 636 solum

495 679 949 732 constitutionem
1012 677 1373 740 tabernaculi,
1421 691 1607 730 verum
1645 675 1809 728 etiam
1849 688 1971 742 quae
2017 671 2086 725 ad

495 769 768 823 sacriﬁcia
801 779 852 823 et
881 771 1050 822 alium
1085 769 1293 823 cultum
1324 767 1686 837 pertinerent.

565 858 731 914 Vens.
765 859 818 915 6.
871 858 1027 913 Nunc
1077 871 1252 912 autem
1313 856 1654 911 excellentius
1700 863 1972 910 assecutus
2011 861 2087 907 est

495 950 872 1002 ministerium.
929 949 1121 1002 Abilla
1158 946 1429 1002 sententia
1455 947 1566 1000 haec
1623 944 1962 1014 dependent,
2001 942 2088 995 ni-

495 1039 694 1092 mirum
732 1057 744 1092 :
784 1038 843 1093 Si
872 1039 1010 1091 enim
1053 1053 1207 1105 super
1243 1047 1439 1091 terram
1473 1046 1630 1102 esset,
1671 1052 1779 1089 non
1821 1044 1957 1089 esset
1994 1051 2079 1087 sa-

495 1130 695 1184 cerdos.
726 1131 844 1185 Jam
880 1147 1008 1185 vero
1037 1145 1160 1184 cum
1213 1145 1378 1199 super
1426 1138 1628 1184 terram
1672 1143 1779 1182 non
1839 1128 1932 1190 sit,
1991 1125 2086 1180 sed

493 1223 693 1277 uelum
733 1223 930 1277 habeat
990 1222 1304 1279 sacerdotio
1338 1239 1440 1276 suo
1497 1222 1706 1285 locum,
1747 1219 2087 1274 excellentius

488 1326 766 1368 assecutus
811 1324 891 1369 est
946 1317 1302 1369 ministerium
1359 1331 1378 1370 .'
1444 1317 1545 1370 hoc
1598 1325 1702 1379 est,
1747 1329 1854 1368 nott
1899 1319 1985 1366 est
2038 1310 2086 1366 ei

493 1409 866 1464 ministerium
931 1411 1056 1471 tale.
1093 1409 1255 1478 quale
1289 1416 1376 1464 est
1405 1408 1724 1478 pontificum
1777 1422 1946 1476 super
1978 1413 2090 1459 ter-

493 1513 648 1565 ram,
684 1502 776 1554 sed
804 1500 1052 1565 caeleste,
1083 1510 1344 1571 tanquam
1389 1501 1567 1555 locum
1621 1499 1828 1554 habens
1881 1497 2086 1568 proprii

491 1592 788 1646 sacerdotii
815 1593 1039 1647 ewlum.

571 1684 783 1748 Quanto
812 1693 859 1738 et
891 1684 1122 1738 melioris
1157 1681 1482 1738 Testamenti
1512 1690 1590 1736 est
1623 1679 1907 1735 mediator.
1947 1680 2086 1736 Cum

490 1777 788 1831 extulisset
819 1775 1022 1830 Christi
1055 1774 1451 1837 sacerdotium,
1479 1789 1508 1827 a
1535 1773 1678 1839 loco,
1718 1787 1748 1826 a
1773 1773 2084 1836 sacerdote,

488 1878 549 1924 et
583 1868 831 1929 victima,
871 1867 1071 1922 deinde
1112 1865 1464 1929 ,Testamenti
1497 1865 1878 1919 excellentiam
1906 1865 2084 1934 ponit.

491 1959 662 2029 Atqui
695 1959 836 2012 dixit
868 1959 1090 2028 quidem
1133 1959 1288 2028 prius
1321 1957 1590 2011 imbecille
1613 1971 1734 2012 esse
1786 1966 1844 2010 et
1899 1957 2091 2010 inutile

495 2049 668 2104 Vetus
701 2047 1145 2114 Testamentum,
1184 2057 1405 2118 propter
1431 2047 1722 2102 infantiam
1756 2056 1810 2102 et
1835 2047 2090 2101 imbecil-

497 2140 708 2195 litatem
743 2140 1084 2205 auditorum,
1121 2140 1216 2196 sed
1253 2139 1438 2196 subito
1499 2139 1898 2196 reconciliatus
1951 2149 2090 2194 erat.

493 2230 655 2285 Nunc
700 2240 878 2286 autem
922 2233 1028 2287 hac
1051 2233 1119 2288 de
1170 2247 1230 2286 re
1265 2230 1590 2287 disserendo
1629 2231 1840 2287 diutius
1900 2231 2094 2286 immo-

501 2335 678 2392 ratur,
710 2334 1228 2396 commonstratque
1264 2326 1474 2381 Novum
1507 2324 1922 2381 Testamentum
1971 2341 2096 2381 esse

500 2420 854 2490 praestantius
892 2417 1073 2475 Veteri
1108 2438 1121 2474 :
1154 2421 1262 2476 hoc
1295 2428 1380 2475 est
1405 2419 1756 2490 Evangelium
1787 2461 1803 2487 ,
1853 2420 2014 2490 cujus
2039 2427 2094 2474 et

505 2511 776 2564 mediator
799 2525 864 2565 ac
896 2511 1057 2565 dator
1089 2519 1174 2566 est
1216 2510 1498 2568 Christus.
1528 2512 1643 2591 Ipse
1713 2527 1951 2582 namque
1995 2526 2097 2582 no-

513 2601 600 2656 bis
675 2601 957 2675 Evangelii
1015 2605 1266 2660 minister
1321 2603 1498 2659 factus
1563 2615 1671 2671 est,
1733 2605 1875 2660 servi
1919 2603 2120 2658 forma'

498 2705 744 2768 accepta,
795 2698 1260 2769 quemadmodum
1315 2698 1450 2769 legis
1476 2697 1744 2754 mediator
1779 2706 1899 2753 erat
1931 2696 2084 2768 Moy-

507 2803 622 2844 88$.

575 2879 729 2945 Quod
760 2879 813 2933 in
847 2880 1152 2934 melioribus
1185 2879 1682 2949 repromissionibus
1717 2882 1980 2936 sancitum
1995 2892 2094 2936 est.

504 2965 664 3033 Quod
699 2968 1048 3038 potissimum
1078 2983 1174 3024 eos
1229 2971 1321 3038 qui
1368 2984 1430 3024 ex
1478 2967 1687 3026 Judaeis
1746 2971 2100 3026 crediderant

502 3057 876 3122 refocillabat,
918 3059 1022 3112 hoc
1085 3059 1264 3129 ponit,
1315 3074 1512 3128 nempe
1562 3061 1708 3128 quod
1755 3060 2093 3116 Testamenti

2188 579 2287 632 διὰ
2305 583 2462 635 τοῦτο
2493 582 2625 648 Θεὸς
2653 585 2731 656 τῷ
2764 587 2956 639 Μωσεῖ
2987 585 3234 651 ὑπέδειξε
3273 586 3476 652 πάντα,
3507 588 3567 641 οὐ
3611 591 3780 659 μόνον

2189 673 2290 742 τὴν
2333 674 2681 745 κατασκευὴν
2729 677 2828 747 τῆς
2887 681 3128 748 σκηνῆς,
3183 677 3322 734 ἀλλὰ
3381 680 3478 733 καὶ
3528 681 3598 733 τὰ
3641 679 3781 753 περὶ

2191 763 2394 817 θυσιῶν
2419 766 2512 818 καὶ
2543 767 2641 836 τῆς
2667 767 2833 837 ἄλλης
2866 768 3142 840 λατρείας.

2261 858 2411 912 Νυνὶ
2467 859 2538 912 δὲ
2591 859 3027 932 διαφορωτέρας
3102 861 3314 931 τέτυχε
3377 866 3782 934 λειτουργίας.

2203 951 2445 1006 Ἐκείνου
2479 954 2572 1007 τοῦ
2601 956 2876 1026 νοήματος
2908 957 3143 1026 ἤρτηται
3171 957 3366 1024 ταῦτα,
3400 958 3496 1011 τοῦ
3521 973 3535 986 ·
3565 960 3631 1012 El
3659 961 3786 1030 μὲν

2189 1043 2301 1112 γὰρ
2330 1043 2412 1112 ἦν
2438 1045 2536 1098 ἐπὶ
2592 1044 2726 1115 γῆς,
2771 1048 2884 1100 οὐκ
2927 1044 3004 1101 ἂν
3046 1041 3126 1118 ἦν
3183 1049 3397 1117 ἱερεύς.
3429 1049 3568 1103 Νυνὶ
3603 1051 3662 1104 δέ
3691 1052 3772 1122 μὴ

2191 1133 2288 1198 ὢν,
2337 1139 2524 1206 φησὶν,
2578 1135 2671 1188 ἐπὶ
2712 1137 2840 1207 γῆς,
2892 1138 3030 1192 ἀλλὰ
3061 1139 3154 1192 τὸν
3189 1140 3420 1210 οὐρανόν
3449 1140 3590 1210 ἔχων
3627 1142 3787 1214 ἱερα-

2194 1231 2360 1292 τεῖον,
2400 1227 2840 1298 διαφορωτέρας
2868 1230 3127 1300 ἐπέτυχε
3171 1234 3550 1301 λειτουργίας
3573 1249 3586 1262 ·
3616 1251 3785 1288 τουτ-

2192 1317 2378 1385 έστιν,
2421 1320 2520 1373 οὐκ
2563 1321 2708 1373 ἐστιν
2759 1320 2927 1375 αὑτοῦ
2963 1322 2996 1392 ἡ
3047 1322 3362 1394 λειτουργία
3397 1328 3640 1397 τοιαύτη,
3691 1326 3790 1382 οἵα

2192 1413 2226 1480 ἡ
2257 1410 2365 1464 τῶν
2401 1413 2494 1464 ἐπὶ
2516 1413 2619 1482 γῆς
2640 1413 2969 1485 ἀρχιερέων,
3002 1413 3118 1468 ἀλλ’
3166 1416 3442 1485 οὐράνιος,
3469 1417 3566 1472 ἅτε
3610 1419 3786 1473 τόπον

2197 1505 2398 1574 ἔχουσα
2420 1505 2522 1572 τῆς
2547 1509 2757 1569 οἰκείας
2781 1505 3006 1577 τελετῆς
3027 1508 3121 1560 τὸν
3150 1507 3406 1578 οὐρανόν.

2275 1681 2433 1748 Ὄσῳ
2475 1681 2576 1737 καί
2608 1683 2951 1752 κρείττονός
3003 1684 3136 1738 ἐστι
3165 1685 3468 1753 Ammiane
3498 1689 3787 1756 μεσίτης.

2191 1775 2438 1845 Ἐπάρας
2489 1777 2588 1846 τὴν
2661 1777 2802 1830 κατὰ
2857 1778 3094 1847 Χριστὸν
3146 1779 3490 1849 ἱερωσύνην,
3538 1782 3646 1834 ἀπὸ
3689 1783 3790 1836 τοῦ

2192 1868 2380 1928 τόπου,
2403 1867 2610 1921 καὶτοῦ
2638 1869 2850 1938 ίερὲως,
2878 1868 2976 1921 καὶ
3004 1869 3103 1940 τῆς
3134 1868 3348 1936 Θυσίας,
3377 1867 3440 1922 οὗ
3453 1889 3528 1924 τω
3553 1873 3648 1925 καὶ
3680 1875 3791 1942 τῆς

2199 1958 2482 2030 Διαθὴκης
2519 1959 2580 2012 τὸ
2637 1961 2802 2030 μέσον
2834 1959 3038 2031 τίθησι.
3093 1961 3204 2014 Καί
3259 1980 3342 2016 τοι
3383 1960 3506 2017 εἷπε
3561 1966 3660 2034 μὲν
3692 1967 3797 2020 καὶ

2197 2051 2482 2122 πρότερον,
2523 2053 2603 2106 ὅτι
2653 2052 2888 2123 ἀσθενὴς
2929 2049 2998 2126 ἦν
3033 2054 3065 2125 ή
3098 2055 3311 2110 Παλαιὰ
3347 2056 3441 2109 καὶ
3478 2057 3794 2126 ἀνωφελὴς,

2193 2144 2282 2198 διὰ
2329 2145 2392 2198 τὸ
2443 2146 2718 2216 νηπιῶδες
2782 2146 2894 2198 τῶν
2953 2147 3267 2200 ἀκουόντων
3298 2163 3312 2180 ο
3372 2147 3512 2202 ἀλλὰ
3569 2150 3796 2220 ταχέως

2197 2236 2514 2307 ἀπηλλάγη.
2578 2237 2692 2290 Νῦν
2751 2237 2810 2291 δέ
2862 2237 3194 2309 ἐνδιατρίϐει
3259 2239 3337 2311 τῷ
3388 2241 3519 2311 περὶ
3575 2242 3794 2312 ταύτης

2195 2325 2363 2395 λόγῳ,
2428 2327 2524 2379 καὶ
2575 2327 2869 2392 δείκνυσιν,
2918 2329 3001 2381 ὃτι
3045 2331 3077 2399 ἡ
3115 2329 3229 2383 Νέα
3265 2329 3510 2402 Διαοήκη
3566 2333 3796 2402 ἐκείνης

2197 2419 2464 2490 κρείττων
2493 2434 2506 2448 ·
2550 2420 2819 2484 τουτέστι,
2852 2420 2913 2473 τὸ
2939 2420 3295 2488 Εὑαγγέλιον,
3334 2416 3395 2476 οὗ
3429 2423 3658 2495 μεσίτης
3692 2426 3793 2480 καὶ

2197 2511 2356 2580 δότης
2403 2510 2552 2563 ἐστὶν
2592 2511 2620 2562 ὁ
2657 2512 2934 2583 Χριστόςς
2989 2513 3155 2575 αὐτὸς
3206 2514 3316 2584 γὰρ
3366 2516 3499 2586 ἡμῖν
3536 2516 3796 2583 διάκονος

2197 2601 2294 2655 τοῦ
2367 2602 2704 2671 Εὑαγγελίου
2760 2605 2977 2673 γέγονε,
3048 2605 3238 2660 δούλου
3300 2608 3519 2679 μορφὴν
3579 2609 3792 2678 λαϐὼν,

2198 2693 2388 2765 ὥσπερ
2428 2694 2516 2748 τοῦ
2548 2695 2714 2766 νόμου
2761 2697 2996 2768 μεσίτης
3022 2699 3050 2750 ὁ
3085 2698 3350 2768 Μωῦσῆς.

2273 2873 2434 2936 "Heu;
2465 2873 2564 2926 ἐπὶ
2597 2873 2938 2942 κρείττοσιν
2967 2873 3352 2945 ἐπαγγελίαις
3392 2878 3792 2950 νενομοθέτη-

2200 2980 2315 3018 ται.
2345 2964 2410 3016 Ὀ
2441 2964 2678 3033 μάλιστα
2717 2965 2848 3028 τοὺς
2877 2964 2936 3030 ἐξ
2967 2965 3241 3020 Ἰουδαίων
3274 2968 3503 3032 πιστοὺς
3521 2969 3791 3041 ἀνέψυχε,

2201 3052 2362 3107 τοῦτο
2393 3053 2631 3123 τίθησιν,
2658 3053 2740 3106 ὅτι
2770 3051 2865 3106 ἐπὶ
2898 3052 3210 3121 κρείττοσιν
3241 3053 3598 3123 ἐπαγγελίαις
3631 3059 3790 3110 ἐστὶν

503 3151 681 3206 nostri
716 3152 1113 3221 promissiones
1156 3150 1415 3204 meliores
1464 3159 1617 3204 sunt.
1656 3150 1772 3204 Non
1806 3153 1948 3206 enim
1975 3163 2085 3206 ter-

2202 3146 2506 3218 ἡήμετέρα
2549 3146 2819 3218 Διαθήκη.
2867 3145 2942 3199 Οὐ
2994 3145 3104 3217 γὰρ
3129 3146 3232 3216 γῆς
3269 3146 3472 3214 ἀγαθὰ,
3508 3148 3602 3200 καὶ
3634 3149 3793 3202 εὐτε-

503 3256 582 3297 raa
623 3245 766 3296 bona
804 3242 1089 3312 prolisque
1127 3239 1370 3295 felicitas
1438 3248 1492 3296 et
1552 3240 1849 3295 liberorum
1921 3243 2095 3296 abun—

503 3331 718 3398 (lautia,
769 3336 861 3387 sed
902 3334 1170 3388 caelorum
1200 3348 1428 3402 regnum
1489 3331 1840 3403 Evangelium
1874 3349 2099 3390 servan—

503 3422 657 3477 tibus
711 3421 1050 3493 promissutn
1125 3430 1230 3476 est.
1289 3419 1367 3476 Ne
1433 3422 1603 3491 igitur
1669 3423 1792 3478 sitis
1855 3426 2097 3494 pusilla-

504 3514 686 3570 nimes
747 3532 763 3572 :
823 3515 1246 3570 cxcellentiores
1328 3523 1462 3570 sunt
1514 3513 1795 3584 Evangelii
1860 3517 2097 3586 promis-

505 3608 736 3674 siones;
771 3607 1000 3662 stultum
1043 3617 1128 3662 est
1186 3613 1371 3662 autem
1407 3608 1624 3678 potiora
1685 3608 1954 3664 habentes
2004 3611 2098 3665 de-

506 3697 756 3771 fatigari.

578 3793 748 3848 Vens.
785 3793 836 3848 7.
876 3792 938 3849 Si
969 3795 1111 3849 enim
1139 3797 1373 3864 primum
1407 3796 1543 3851 illud
1607 3805 1724 3850 erat
1774 3795 2101 3866 irreprelten-

505 3885 681 3948 sibile,
736 3902 841 3940 non
876 3889 1054 3958 utique
1078 3888 1294 3942 secundi
1349 3889 1496 3942 locus
1539 3889 1912 3960 inquireretur.
1955 3887 2100 3943 Con-

508 3977 692 4034 sidera
723 3975 997 4033 ordinem.
1029 3976 1174 4033 Dixit
1200 3978 1408 4034 Christi
1447 3976 1865 4032 Testamentum
1901 3977 2100 4032 melius

510 4082 636 4123 esse
698 4067 904 4122 Veteri.
989 4065 1144 4121 l‘nde
1205 4069 1309 4122 nec
1369 4069 1591 4136 planum
1658 4068 1753 4122 fit?
1805 4066 2098 4134 Quoniam,

510 4160 716 4229 inquit,
763 4159 819 4213 in
859 4157 1187 4214 melioribus
1210 4160 1672 4228 promissionibus
1695 4161 1968 4216 sancitum
1993 4167 2100 4215 est.

509 4249 648 4305 Nam
678 4251 724 4306 si
760 4252 1006 4319 potiores
1031 4259 1161 4304 sunt
1188 4251 1586 4322 promissiones
1608 4261 1663 4306 et
1687 4251 2098 4318 retributiones,

510 4342 864 4413 perspicuum
917 4348 1003 4397 est
1044 4342 1188 4412 quod
1230 4342 1427 4398 melius
1455 4342 1532 4399 sit
1579 4345 1744 4400 etiam
1777 4342 2103 4400 Testamen-

511 4439 655 4498 tum,
709 4446 774 4488 ac
810 4442 1082 4503 praecepta
1125 4433 1423 4491 diviniora.
1483 4432 1642 4492 Unde
1699 4447 1879 4491 autem
1929 4437 2101 4505 liquet

511 4526 659 4594 quod
696 4527 1111 4593 pmstantiorcs
1158 4528 1270 4582 sint
1305 4527 1905 4598 promissiones?Qnia
1961 4530 2095 4583 illud

511 4615 735 4684 quidem
786 4617 1052 4687 reiectum
1111 4629 1219 4686 est,
1257 4620 1465 4691 inquit,
1529 4621 1632 4676 hoc
1657 4638 1787 4676 vero
1837 4637 2098 4694 surroga-

510 4713 652 4759 tum.
712 4704 1008 4778 Propterea
1071 4711 1216 4765 enim
1263 4709 1476 4766 Novum
1523 4712 1935 4769 Testamentum
1987 4714 2099 4784 pri-

514 4807 722 4850 matum
755 4798 989 4866 obtinet,
1027 4802 1153 4870 quia
1177 4802 1376 4856 melius
1406 4811 1460 4858 et
1507 4805 1820 4874 perfectius.
1883 4804 2096 4860 Etenim

513 4888 559 4944 si
618 4889 750 4944 illud
780 4877 942 4962 705
1000 4902 1146 4949 esset
1186 4895 1694 4965 irreprebensibile,
1768 4899 1870 4952 hoc
1903 4909 2008 4964 est,
2049 4897 2097 4952 si

514 4981 1030 5051 irreprehensubiles
1067 4984 1294 5052 faceret,
1337 5002 1681 5059 nequaquam
1731 4989 1961 5042 alterum
2008 4992 2096 5043 itt-

515 5075 922 5131 troduceretur.
944 5075 1415 5142 Quemadmodum
1447 5087 1634 5133 autem
1661 5083 1882 5151 proprie
1912 5083 2096 5138 dicere

514 5170 802 5224 solemus:
837 5165 956 5222 Non
1020 5177 1105 5224 est
1153 5171 1662 5240 irreprebensibilis
1698 5173 1916 5236 domus,
1973 5191 2096 5244 pro,

514 5259 796 5316 Defectum
829 5261 1015 5326 habet,
1060 5263 1142 5316 vel
1173 5263 1518 5333 putredinem
1547 5284 1559 5318 :
1595 5268 1675 5320 sic
1711 5275 1764 5320 et
1802 5267 1970 5324 Vetus
1995 5269 2101 5326 Te-

2202 3239 2327 3292 κνία
2364 3239 2460 3292 καὶ
2504 3237 2856 3304 πολυτεκνία,
2891 3236 3029 3292 ἀλλὰ
3055 3237 3302 3308 βασιλεία
3329 3238 3581 3310 οὐρανῶν
3610 3240 3794 3309 ἐπήγ-

2199 3332 2390 3400 γελται
2453 3334 2568 3394 τοῖς
2623 3331 2686 3384 τὸ
2754 3331 3090 3399 Εὐαγγέλιον
3143 3330 3393 3403 τηροῦσι.
3447 3331 3540 3401 Μὴ
3601 3330 3794 3384 τοίνυν

2210 3425 2614 3496 μικροψυχεῖτε
2647 3442 2660 3456 ·
2698 3423 2988 3495 κρείττους
3041 3424 3182 3477 εἰσὶν
3216 3425 3274 3479 αἱ
3324 3423 3416 3477 τοῦ
3453 3424 3798 3492 Εὑαγγελίου

2201 3518 2532 3588 ἐπαγγελίαι
2570 3533 2583 3547 ’
2621 3516 2852 3587 ἀνόητον
2907 3515 2965 3569 δὲ
3005 3515 3066 3568 τδ
3111 3515 3181 3570 τὰ
3232 3514 3521 3586 κρείττονα
3560 3513 3796 3584 ἔχοντας

2199 3614 2564 3683 ἀποκάμνειν.

2269 3791 2338 3843 El
2395 3790 2506 3859 γὰρ
2538 3790 2576 3858 ἡ
2609 3787 2810 3857 πρώτη
2854 3788 3056 3855 ἐκείνη
3087 3783 3166 3858 ἦν
3197 3787 3524 3856 ἄμεμπτος,
3566 3787 3680 3840 οὐκ
3711 3785 3796 3840 ἂν

2202 3880 2487 3949 δευτέρας
2554 3877 2808 3948 ἐζητεῖτο
2872 3879 3080 3944 τόπος.
3168 3879 3312 3947 Ὅρα
3368 3877 3543 3943 τάξιν.
3618 3872 3797 3931 Εἶπεν

2202 3975 2285 4028 ὅτι
2350 3973 2617 4043 κρείττων
2668 3972 2882 4041 ἐστινὴ
2937 3969 3079 4023 κατὰ
3129 3968 3368 4041 Χριστὸν
3408 3969 3658 4040 Διαθήκη
3687 3971 3797 4040 τῆς

2204 4066 2470 4128 Παλαιᾶς.
2505 4065 2614 4118 Καὶ
2639 4064 2803 4117 πόθεν
2833 4061 2993 4134 δῆλον
3021 4078 3036 4128 ;
3072 4063 3242 4127 Διότι,
3273 4063 3460 4132 φησὶν,
3487 4062 3580 4114 ἐπὶ
3605 4063 3799 4132 κρείτ-

2205 4173 2357 4211 τοσιν
2398 4154 2760 4224 ἐπαγγελίαις
2797 4151 3244 4223 νενομοθέτηται.
3319 4151 3383 4204 El
3445 4152 3554 4222 γὰρ
3601 4152 3799 4221 κρείτ-

2205 4266 2331 4313 τους
2381 4248 2437 4303 αἱ
2471 4246 2799 4315 ἐπαγγελίαι
2834 4247 2927 4300 καὶ
2969 4245 3026 4298 αἱ
3065 4243 3429 4314 ἀντιμισθίαι,
3455 4242 3679 4314 εῠδηλον
3707 4243 3797 4297 ὅτι

2207 4342 2302 4398 καὶ
2358 4343 2392 4412 ἡ
2446 4341 2692 4410 Διαθήκη
2739 4338 3050 4410 κρείττων,
3107 4337 3204 4391 καὶ
3251 4337 3319 4391 τὰ
3363 4336 3718 4406 ἐπιτάγματα
3751 4337 3792 4367 ¹¹

2210 4435 2481 4505 θειότερα.
2544 4431 2718 4485 Πόθεν
2765 4431 2944 4502 δῆλον,
2986 4431 3069 4484 ὅτι
3121 4430 3404 4502 κρείττους
3440 4430 3496 4483 αἱ
3548 4431 3796 4498 ἐπαγγε-

2205 4527 2370 4595 λίαις
2432 4523 2522 4592 Ἐξ
2563 4517 2660 4589 ὧν,
2713 4525 2904 4594 φησιν,
2949 4523 3132 4592 ἐκείνη
3176 4521 3272 4591 μὲν
3329 4519 3620 4591 ἐξεϐλήθη,
3648 4517 3792 4591 αὕτη

2204 4621 2263 4674 δέ
2319 4617 2674 4688 ἁντεισήχθη.
2715 4615 2814 4670 Διὰ
2845 4616 2952 4686 γὰρ
2990 4614 3152 4668 τοῦτο
3186 4616 3219 4686 ἡ
3255 4613 3372 4666 Νέα
3423 4615 3650 4684 κρατεῖ,
3704 4612 3792 4666 ὅτι

2207 4710 2436 4782 βελτίων
2491 4712 2586 4764 καὶ
2621 4708 2960 4778 τελειοτέρα.
3020 4706 3082 4760 Ei
3127 4707 3236 4776 γὰρ
3275 4707 3459 4777 ἐκείνη
3503 4701 3570 4777 ἧν
3602 4705 3790 4775 ἄμεμ-

2211 4817 2368 4866 πτος,
2405 4801 2710 4866 τουτέστιν,
2743 4801 2792 4851 εἰ
2819 4799 3144 4869 ἀμέμπτους
3185 4797 3380 4862 ἐποίει,
3434 4798 3532 4850 οὐκ
3560 4796 3625 4849 ἂν
3667 4795 3792 4849 δευ-

2207 4897 2342 4965 τέρα
2371 4896 2656 4964 εἱσήγητο.
2727 4893 2939 4964 Ὠσπερ
2977 4891 3032 4945 δέ
3065 4890 3482 4960 ἰδιωτικώτερον
3516 4891 3788 4961 εἰώθαμεν

2208 4988 2411 5054 λέγειν,
2436 4987 2550 5038 Οὐκ
2581 4984 3032 5055 ἕστινίᾶμεμπτος
3060 4983 3092 5052 ὴ
3127 4981 3296 5043 οἰκία,
3322 4980 3445 5033 ἀντὶ
3469 4979 3584 5045 τοῦ,
3601 4982 3786 5033 Ἐλάτ-

2206 5099 2366 5149 τωμα
2404 5081 2552 5150 ἔχει,
2607 5077 2878 5148 σάθρωμα
2904 5090 2918 5104 ·
2956 5074 3099 5127 οὕτω
3138 5074 3236 5127 καὶ
3275 5073 3374 5142 τὴν
3409 5073 3653 5127 Παλαιὰν
3682 5069 3790 5140 ἔφη’

2211 5175 2286 5246 μὴ
2333 5170 2475 5226 εἷναι
2532 5172 2862 5241 ἄμεμπτον,
2937 5166 3037 5236 οὐχ
3095 5165 3170 5228 ὼς
3240 5164 3505 5234 πονηρὰν,
3559 5162 3673 5216 ἀλλ’
3713 5163 3785 5226 ὼς

2215 5268 2290 5338 μὴ
2331 5265 2643 5335 δυναμένην
2681 5259 2993 5332 βελτιῶσαι,
3030 5251 3120 5311 οἷα
3147 5257 3358 5326 νηπίοις
3387 5255 3656 5308 δοθεῖσαν.

515 5366 850 5414 stamentum
878 5361 1012 5413 dicit
1032 5375 1142 5414 non
1171 5363 1940 5433 esseirrepreltensibile,non
1967 5369 2112 5439 quod
2147 5385 2378 5442 pravum
2411 5366 2506 5428 sit,
2543 5375 2733 5418 verum
2759 5359 2903 5429 quod
2943 5358 3200 5413 meliores
3244 5357 3473 5411 reddere
3503 5375 3611 5415 non
3663 5369 3788 5424 pos-

514 5447 610 5513 sit,
639 5459 828 5519 utpote
855 5450 1100 5519 parvulis
1132 5450 1414 5507 traditum.

591 5539 754 5599 Vens.
789 5543 842 5598 8.
877 5542 1139 5599 Incussus
1173 5545 1310 5599 enim
1343 5562 1429 5601 eos
1472 5548 1619 5604 dicit.
1654 5547 1772 5606 Non
1807 5550 1965 5615 dixit,
2007 5551 2091 5606 in-

2272 5545 2664 5616 Μεμφόμενος
2686 5539 2795 5612 γὰρ
2835 5539 3041 5606 αὐτοῖς
3072 5539 3254 5609 λέγει.
3310 5539 3423 5592 Οὶκ
3470 5533 3618 5603 εἷπε,
3649 5550 3783 5605 μεμ-

1855 5727 1943 5791 Va
1956 5727 2060 5790 rite
2101 5727 2428 5789 lectiones.

589 5822 631 5855 ⁸⁸
659 5821 1049 5897 ἐπαγγέλματα
1077 5842 1132 5883 o.
