4080 6416
489 349 602 416 295

1409 351 1512 411 'l'll
1528 347 1989 410 EOi’IlYLAC‘l‘l
2024 344 2432 406 BULGARl/E
2472 342 2829 405 ARCUIEP.

3654 336 3768 400 £96

568 466 730 520 Vens.
761 450 846 522 Μ’.
886 465 951 518 Et
981 481 1083 520 non
1115 464 1371 520 docebunt
1405 466 1757 537 unusquisque
1782 465 2082 533 proximum

2259 461 2370 515 Kal
2429 462 2502 513 οὐ
2536 458 2623 528 μὴ
2676 457 3003 522 διδάξωσιν
3048 455 3305 523 ἕκαστος
3336 453 3443 507 τὸν
3495 451 3773 519 πλησίον

493 576 674 624 suum,
704 568 753 612 et
783 559 1139 627 unusquisque
1170 559 1394 627 fratrem
1434 574 1612 621 suum,
1642 557 1816 610 dicens
1836 571 1853 609 .'
1873 555 2079 626 Cogno-

499 668 581 707 sce
627 652 912 704 Dominum
947 667 965 705 :
1001 654 1258 721 quoniam
1296 668 1472 705 omnes
1510 652 1672 704 scient
1717 665 1817 714 me,
1856 665 1888 701 a
1915 665 2078 717 parvo

496 745 738 813 ipsorum
771 760 934 813 usque
957 745 1025 795 ad
1059 760 1307 812 magnum
1338 743 1596 811 ipsorum.
1642 739 1956 794 Doctrinam
1990 738 2080 793 hic

499 836 917 887 laboriosiorem
946 834 1345 887 institutionem
1376 832 1531 885 dicit.
1563 829 1701 884 Ecce
1724 829 1868 883 enim
1902 828 2078 897 palam

500 926 803 988 cernimus,
862 924 1004 991 quod
1071 938 1177 976 non
1233 923 1419 976 multis
1468 921 1649 976 verbis
1695 921 1836 990 apud
1883 919 2080 973 mentis

497 1027 783 1082 computes
834 1015 1200 1083 indigeamus,
1266 1023 1325 1068 ut
1375 1015 1808 1081 persuadeamus
1859 1014 1961 1075 eis,
2022 1021 2082 1066 ut

500 1106 720 1158 (Zhristo
746 1106 903 1158 tidem
937 1106 1256 1160 adhibeant.
1300 1105 1437 1160 Nam
1483 1104 1708 1159 Judaica
1743 1104 1965 1174 quidem
1997 1108 2081 1157 lex

500 1195 555 1249 in
615 1211 783 1249 unum
829 1198 1088 1265 angulum
1143 1198 1402 1252 conclusa
1450 1208 1589 1262 erat,
1639 1200 1910 1267 paucique
1947 1198 2086 1252 hanc

497 1297 742 1341 norant:
795 1289 1169 1358 apostolorum
1215 1299 1398 1343 autem
1433 1304 1602 1344 sonus
1638 1293 1689 1343 in
1722 1306 1938 1344 omnem
1973 1301 2084 1344 ter-

499 1392 619 1431 ram
665 1386 751 1434 est
787 1393 1065 1448 egressus.
1095 1378 1387 1443 Prmterea,
1423 1395 1546 1433 eum
1594 1381 1735 1435 [lens
1770 1397 1934 1449 super
1976 1390 2087 1434 ter-

499 1485 616 1523 ram
645 1471 698 1524 in
733 1486 902 1526 carne
935 1484 1184 1527 versatus
1212 1482 1384 1537 esset,
1436 1483 1799 1542 naturamque
1837 1484 2083 1528 nostram

500 1575 600 1631 per
635 1563 1069 1632 assumptionem
1110 1564 1441 1629 demeasset,
1479 1565 1817 1635 resplenduit
1869 1568 1922 1619 in
1969 1581 2086 1620 om-

490 1651 655 1706 nium
681 1652 881 1706 animis
909 1668 1054 1707 verae
1090 1656 1426 1722 cognitionis
1465 1655 1555 1710 Dei
1589 1657 1797 1721 lumen,
1832 1672 1895 1710 ac
1921 1657 2084 1710 voluti

2179 552 2391 617 αὐτοῦ,
2432 552 2527 605 καὶ
2556 550 2815 615 ἕκαστος
2861 549 2969 604 τὸν
3001 547 3271 617 ἀδελφὸν
3300 544 3510 613 αὐτοῦ,
3539 545 3767 615 λέγων·

2182 645 2372 700 Γνῶθι
2442 645 2547 698 τὸν
2599 644 2817 710 Κύριον
2846 658 2861 671 ο
2925 642 3015 695 ὅτι
3050 640 3275 705 πάντες
3321 637 3642 706 είδησουσί
3688 654 3771 706 με

2179 740 2297 792 ἀπὸ
2325 735 2543 805 μικροῦ
2584 735 2784 788 αὐτῶν
2811 732 2924 800 ἕως
2950 731 3223 802 μεγάλου
3253 729 3473 784 αὐτῶν.
3508 727 3769 797 Διδαχὴν,

2184 828 2420 881 ἐνταῦθα
2454 827 2551 899 τὴν
2588 826 3002 895 ὲπιπονωτέραν
3037 822 3389 877 διδασκαλίαν
3426 822 3593 889 λέγει.
3633 821 3773 874 Ἰδοὺ

2186 921 2295 989 γὰρ
2326 917 2564 987 ὁρῶμεν,
2612 918 2693 970 ὅτι
2728 917 2789 968 οὐ
2820 916 3085 970 πλειόνων
3113 915 3285 982 λόγων
3319 913 3453 983 πρὸς
3483 913 3609 976 τοὺς
3644 912 3773 978 ὑγι-

2189 1010 2437 1072 αίνοντας
2479 1009 2571 1061 τὸν
2602 1008 2725 1061 νοῦν
2759 1007 2995 1077 δεόμεθα
3047 1008 3128 1068 είς
3158 1005 3219 1058 τὺ
3252 1007 3439 1057 πεῖσαι
3484 1002 3773 1055 πιστεύειν

2186 1104 2263 1174 τῷ
2321 1102 2563 1174 Χριστῷ.
2635 1102 2698 1154 ’Ιί
2746 1100 2845 1170 μὲν
2890 1097 2996 1170 γὰρ
3060 1099 3326 1166 Ἰουδαῖκὴ
3365 1098 3657 1165 νομοθεσία
3707 1098 3775 1149 ἐν

2192 1197 2292 1268 μιᾷ
2323 1195 2494 1267 γωνίᾳ
2531 1193 2995 1264 περιεκέκλειστο,
3035 1193 3129 1246 καὶ
3176 1191 3346 1273 ὀλίγοι
3394 1190 3593 1262 ⁴ᾔδεσαν
3639 1191 3777 1242 τεύ-

2187 1307 2288 1358 την
2317 1306 2328 1319 ·
2359 1288 2468 1339 τῶν
2499 1286 2554 1339 δὲ
2584 1285 2897 1339 ἀποστόλων
2925 1286 2952 1337 ὁ
2986 1284 3221 1352 φθόγγος
3252 1283 3332 1346 είς
3367 1284 3541 1335 πᾶσαν
3575 1279 3777 1351 ἐξῆλθε

2187 1382 2284 1451 τὴν
2317 1381 2440 1450 γῆν.
2496 1378 2607 1431 Καὶ⁵
2638 1376 2813 1439 ἄλλως
2850 1376 2930 1439 δὲ,
2978 1374 3074 1429 τοῦ
3126 1374 3267 1428 Θεοῦ
3320 1376 3414 1428 ἐπὶ
3445 1374 3543 1444 τῆς
3574 1376 3679 1444 γῆς
3711 1375 3779 1424 ἐν

2191 1474 2355 1541 σαρκὶ
2384 1471 2788 1541 διατρίψαντος,
2825 1470 2919 1522 καὶ
2949 1469 3049 1538 τὴν
3085 1469 3246 1537 φύσιν
3288 1467 3447 1538 ἡμῶν
3479 1469 3547 1539 τῇ
3597 1483 3783 1537 προσ-

2189 1565 2349 1634 λήψει
2378 1564 2699 1625 οεὼσαντος,
2738 1560 2979 1631 ἔλαμψεν
3030 1563 3087 1612 ἐν
3118 1562 3243 1624 ταῖς
3291 1560 3515 1612 πάντων
3564 1558 3776 1629 ψυχαῖς

2194 1659 2250 1712 τὸ
2276 1660 2370 1729 τῆς
2401 1656 2636 1727 ἀληἿυῦς
2670 1656 3003 1723 οεογνωσίας
3044 1655 3180 1723 φῶς,
3206 1656 3300 1707 καὶ
3327 1648 3436 1705 οἷόν
3464 1671 3546 1715 τις
3576 1655 3778 1721 ἐπιτη-

495 1742 748 1811 qnaedam
780 1745 1031 1812 aptitudo
1085 1745 1247 1800 insita
1296 1756 1419 1801 erat
1467 1749 1707 1802 humano
1738 1747 1958 1818 ingenio
1992 1764 2087 1817 per

2200 1752 2403 1819 Βενότης
2436 1750 2657 1817 ἑνετέῐιη
2686 1751 2751 1817 τῇ
2792 1746 3113 1820 ἀνθρωπίνῃ
3152 1746 3311 1816 φύσει
3354 1744 3459 1798 ὑπὸ
3484 1745 3580 1815 τῆς
3611 1745 3779 1814 χάρι-

497 1836 755 1905 gratiam,
789 1846 847 1889 ut
879 1835 1051 1890 Deum
1096 1853 1222 1892 vere
1250 1849 1596 1907 agnosceret.

571 1922 738 1978 Vens.
774 1924 860 1980 12.
896 1926 1320 1995 Quia'propitius
1353 1946 1443 1983 ero
1478 1931 1855 2000 iniquitatibus
1879 1946 2083 1993 eorum,

494 2024 546 2068 et
589 2027 927 2085 peccatorum
960 2034 1138 2070 eorum
1175 2027 1224 2071 et
1260 2021 1601 2089 iniquitatum
1635 2037 1815 2074 eorum
1847 2038 1950 2075 non
1981 2039 2088 2075 me-

498 2107 716 2161 morabo
764 2110 1016 2179 amplius.
1051 2110 1151 2164 Per
1186 2114 1454 2181 baptisma
1484 2113 1712 2169 abluens
1753 2129 1852 2169 nos
1888 2130 1917 2167 a
1949 2130 2087 2185 prae-

502 2200 789 2252 teritormn
834 2211 1185 2268 peccatorum
1218 2204 1494 2269 sordibus,
1543 2221 1650 2259 non
1693 2208 1931 2276 amplius
1979 2224 2092 2260 me-

502 2288 664 2342 tuinit
695 2305 886 2343 eorum
923 2308 1043 2359 quae
1065 2301 1225 2347 antea
1252 2292 1403 2349 fuere
1439 2296 1645 2352 abluta.

574 2378 742 2435 Vens.
774 2380 860 2435 15.
896 2380 1030 2436 Cum
1058 2385 1208 2446 dicit,
1254 2401 1467 2451 novum,
1510 2389 1804 2458 antiquavit
1831 2390 2086 2456 primum.

500 2469 896 2542 Interpretatur
941 2475 1319 2542 propheticum
1352 2479 1725 2544 'vocabulum,
1781 2480 2034 2550 inquiens
2074 2496 2087 2532 :

502 2563 619 2619 Hoc
653 2564 832 2636 ipsum
858 2567 1004 2637 quod
1040 2569 1269 2625 omnino
1300 2586 1501 2626 novum
1529 2573 1857 2636 nominavit,
1888 2572 2113 2627 indicio.

504 2663 614 2721 cst,
646 2658 882 2726 primum
908 2672 1065 2715 vetus
1094 2662 1288 2717 videri.

578 2746 736 2813 Quod
763 2761 940 2804 autem
961 2753 1273 2822 antiquetur
1294 2762 1346 2808 et
1368 2755 1612 2821 senescit,
1631 2770 1788 2825 prope
1819 2756 2093 2811 interitum

502 2850 604 2893 est.
640 2840 877 2909 Accepta
931 2859 959 2896 a
998 2847 1267 2915 propheta
1297 2847 1552 2903 libertate
1582 2857 1637 2903 et
1678 2848 1900 2911 ﬁducia.
1936 2848 2092 2903 dein-

503 2944 636 2998 ceps
674 2930 845 3001 legem
892 2939 1062 2993 taxat,
1109 2935 1410 2990 ostendens
1461 2946 1647 2992 nostra
1694 2952 1842 2991 nunc
1872 2937 2093 2993 ﬂorere.

504 3015 666 3073 Certe
691 3021 915 3089 quidem
945 3036 976 3076 e
1033 3025 1370 3093 prophetieo'
1405 3025 1553 3083 dicto
1600 3032 1890 3084 vetustatis
1936 3046 2099 3085 voea-

512 3106 704 3163 bulnin
745 3112 976 3180 adeptus
1009 3123 1117 3180 est,
1151 3129 1180 3168 a
1209 3116 1391 3185 seipso
1420 3126 1602 3171 autem
1635 3119 1762 3173 illud
1796 3120 2095 3176 senectutis

513 3199 736 3275 adjecit,
787 3219 851 3257 ac
884 3203 1142 3275 deinceps
1180 3208 1489 3273 necessario
1525 3208 1710 3263 intulit
1747 3210 2093 3265 obscuratio-
2123 3179 2165 3236 θ

512 3306 638 3345 nem
672 3293 912 3348 debitam
948 3295 1050 3368 legi
1083 3314 1099 3351 :
1153 3297 1380 3367 perinde
1414 3301 1570 3369 quasi
1603 3301 1754 3356 dicat
1783 3320 1795 3355 :
1838 3301 1957 3357 Non
1993 3304 2098 3357 im-

508 3392 750 3452 portune
816 3402 1016 3441 novum
1074 3399 1233 3443 vetus
1287 3405 1504 3447 cessare
1541 3393 1689 3458 fecit,
1737 3394 1830 3449 sed
1877 3404 2099 3465 propter

513 3477 755 3537 senium,
798 3491 1021 3546 propter
1049 3486 1373 3536 vetustatem
1406 3481 1550 3553 ejus,
1598 3484 1698 3539 hoc
1733 3494 1839 3549 est,
1874 3500 2099 3556 promer

514 3566 949 3623 imbecillitatem
985 3577 1040 3625 et
1093 3572 1443 3630 inutilitatem
1487 3594 1502 3631 :
1541 3576 1768 3646 perinde
1804 3593 1867 3633 ac
1895 3580 2003 3634 alio
2042 3582 2095 3634 in

509 3657 635 3712 loco
670 3660 800 3713 dicit
836 3677 852 3712 :
899 3659 1043 3715 Nam
1076 3667 1215 3733 quod
1242 3665 1563 3733 impossibile
1590 3679 1705 3723 erat
1734 3668 1857 3740 legi,
1907 3672 1961 3725 in
1996 3687 2098 3743 quo

512 3750 892 3820 inﬁrmabatur
918 3771 1011 3823 per
1041 3770 1252 3809 carnem
1284 3759 1352 3811 '°.

1115 3845 1347 3904 CAPUT
1396 3847 1490 3908 IX.

591 3930 756 3988 Vens.
785 3933 838 3987 1.
866 3932 1110 3990 Habebat
1134 3938 1340 4007 quidem
1379 3942 1529 4009 prius
1551 3941 1963 4013 justiﬁcationes
1986 3949 2100 4003 cul-

514 4026 673 4079 turie.
702 4025 747 4077 A
766 4027 1075 4093 sacerdote,
1104 4043 1132 4081 a
1154 4032 1486 4095 sacerdotio,
1511 4034 1670 4105 707
1704 4051 1732 4090 a
1766 4046 2097 4098 testamento

513 4116 969 4169 commenstravit
984 4117 1131 4186 quod
1147 4118 1440 4189 linettrillic
1456 4125 1766 4183 habiturum
1787 4142 1932 4187 esset
1953 4150 1969 4191 :
1983 4134 2095 4203 jam

513 4211 569 4256 et
610 4204 680 4257 ab
711 4206 886 4273 ipsius
922 4209 1265 4264 tabernaculi
1290 4209 1463 4267 forma
1500 4217 1643 4272 idem
1677 4234 2096 4282 commonstrat.

516 4292 653 4350 Tres
680 4297 824 4349 enim
867 4296 1094 4354 fuerunt
1123 4301 1251 4368 loci,
1291 4306 1532 4361 exterior
1563 4310 1783 4379 quidem
1815 4316 2095 4385 omnibus,

515 4396 571 4442 et
604 4386 807 4445 indicis
844 4400 896 4446 et
933 4391 1139 4450 Graecis
1167 4394 1476 4454 destinatus
1506 4416 1521 4454 :
1556 4401 1754 4459 deinde
1783 4414 1900 4460 erat
1946 4409 2097 4462 vela-

519 4495 667 4549 men,
699 4482 838 4537 intra
860 4485 1006 4554 quod
1025 4485 1478 4558 ingrediebantur
1500 4496 1818 4552 sacerdotes
1852 4502 2100 4568 quotidie

2118 1821 2164 1879 Β
2193 1861 2303 1905 τος,
2338 1843 2471 1911 πρὸς
2503 1844 2562 1895 τὸ
2584 1845 2674 1896 τὸν
2698 1844 2863 1904 ὅντως
2900 1841 3096 1893 εἰδέναι
3127 1838 3282 1893 Θεύν.

2270 1935 2391 1987 Ὅτι
2439 1936 2616 1999 ἵλεως
2667 1935 2880 2003 ἔσομαι
2930 1932 3056 1997 ταῖς
3104 1931 3361 1995 ἀδικίαις
3402 1928 3622 1992 αὐτῶν,
3673 1926 3777 1980 καὶ

2195 2024 2313 2079 τῶν
2341 2025 2643 2094 ἀμαρτιων
2665 2023 2863 2080 αὐτῶν
2886 2025 2980 2077 καὶ
3020 2022 3139 2075 τῶν
3166 2021 3428 2091 ἀνομιῶν
3464 2018 3662 2072 αὐτῶν
3699 2020 3777 2072 οὐ

2188 2117 2274 2185 μὴ
2302 2116 2553 2186 μνησθῶ
2572 2118 2681 2171 ἔτι.
2730 2118 2828 2172 Διά
2876 2115 2971 2170 τοῦ
3028 2114 3407 2186 βαπτίσματος
3449 2111 3784 2168 ἀποπλύνων

2194 2207 2343 2277 ἡμᾶς
2391 2205 2484 2261 τοῦ
2522 2206 2696 2275 ῥύπου
2726 2208 2835 2260 τῶν
2878 2205 3290 2275 προγεγονότων
3336 2202 3782 2274 ἁμαρτημάτων,

2195 2299 2380 2351 οὐκέτι
2412 2299 2689 2370 μέμνηται
2721 2298 2906 2352 αὐτῶν
2930 2297 3038 2350 τῶν
3064 2294 3599 2367 προαποπ).υθέντων
3634 2294 3723 2346 ³⁸⁸.

2281 2391 2378 2444 Ἐν
2410 2392 2489 2461 τῷ
2525 2391 2753 2460 λέγειν,
2787 2390 3028 2458 καινὴν,
3063 2389 3450 2443 «exulatione
3482 2385 3594 2454 τὴν
3624 2383 3784 2453 πρώ-

2198 2497 2331 2545 την.
2386 2479 2714 2551 Ἑρμηνεύει
2739 2480 2840 2551 τὴν
2872 2480 3217 2548 προφητικὴν
3246 2480 3427 2548 ῥῆσιν,
3462 2477 3556 2531 καί
3587 2492 3778 2547 φησιν,

2198 2573 2279 2624 ὅτι
2320 2572 2452 2625 αὐτὸ
2473 2570 2634 2624 τοῦτο
2677 2570 2738 2624 τδ
2767 2571 2905 2634 ὅλως
2940 2569 3208 2639 ὀνομάσαι
3248 2571 3466 2639 καινὴν,
3516 2569 3780 2622 ἐνδεικτι-

2201 2662 2296 2714 κόν
2335 2662 2451 2713 ἐστι
2478 2659 2574 2714 τοῦ
2612 2661 2711 2731 τὴν
2743 2661 2966 2733 πρώτην
2996 2662 3234 2716 παλαιὰν
3263 2663 3449 2716 λοιπὸν
3471 2662 3669 2715 δοκεῖν.

2275 2750 2353 2806 Τὸ
2408 2750 2479 2804 δὲ
2532 2753 2985 2820 παλαιούμενον
3040 2752 3141 2807 καὶ
3195 2751 3505 2822 γηράσκον
3535 2791 3550 2817 ,
3597 2747 3779 2819 ἐγγὺς

2200 2841 2572 2910 ἀφανισμοῦ.
2622 2842 2819 2895 Λαϐὼν
2853 2843 2960 2896 ἀπὸ
2990 2842 3083 2896 τοῦ
3122 2843 3404 2914 προφήτου
3433 2842 3530 2911 τὴν
3556 2841 3778 2913 παρρη-

2205 2934 2347 2998 σίαν,
2405 2934 2747 2989 καθάπτεται
2793 2934 2980 2989 λοιπὸν
3029 2933 3123 2987 τοῦ
3179 2935 3348 3002 νόμου
3381 2973 3394 2996 ,
3441 2930 3654 2994 δεικνὺς
3697 2930 3782 2983 ὅτι

2202 3026 2273 3080 τὰ
2308 3026 2554 3097 ἡμέτερα
2604 3026 2699 3080 νῦν
2727 3027 2883 3081 ἀνθεῖ
2906 3044 2921 3058 ·
2970 3028 3033 3081 ὲκ
3065 3028 3165 3097 μὲν
3195 3021 3289 3080 οὖν
3318 3025 3411 3081 τοῦ
3437 3021 3781 3097 προφητικοῦ

2206 3116 2372 3188 ῥητοῦ
2410 3118 2706 3189 ὲπορίσατο
2731 3116 2792 3171 sb
2821 3118 2916 3189 τῆς
2941 3118 3176 3181 παλαιᾶς
3198 3117 3390 3187 ὄνομα,
3423 3116 3555 3183 παρ’
3583 3113 3781 3168 ἑαυτοῦ

2201 3209 2259 3262 δὲ
2305 3209 2613 3281 προσέθηκε
2642 3209 2705 3263 τὸ
2743 3208 2838 3264 τοῦ
2868 3212 3074 3283 γήρως,
3118 3210 3213 3263 καὶ
3243 3210 3431 3263 λοιπὸν
3464 3207 3781 3275 ἀναγκαίως

2203 3300 2486 3371 ἐπήγαγεν
2533 3302 2886 3371 ὀφειλόμενον
2954 3302 3044 3356 τὸν
3102 3302 3408 3371 ἀφανισμὶν
3456 3298 3535 3370 τῷ
3585 3301 3777 3368 νόμῳο

2203 3388 2404 3442 ὡσανεὶ
2438 3389 2597 3443 τοῦτο
2639 3389 2813 3459 λέγων
2839 3407 2853 3421 ⁸
2896 3391 3009 3444 Οὐκ
3061 3392 3308 3462 ἀκαίρως
3361 3390 3708 3445 κατέπαυσεν
3748 3388 3785 3459 ἡ

2204 3480 2299 3534 νέα
2336 3479 2434 3550 τὴν
2477 3482 2741 3547 παλαιὰν,
2792 3480 2928 3536 ἀλλά
2964 3481 3053 3535 διὰ
3084 3482 3146 3535 τὸ
3174 3482 3371 3552 γῆρας,
3420 3480 3508 3535 διὰ
3536 3479 3634 3550 τὴν
3685 3495 3788 3532 πα·

2204 3569 2463 3639 λαιόττδτα
2493 3571 2686 3642 αὐτῆς,
2719 3572 2965 3626 τουτέστι
3007 3573 3096 3627 διὰ
3126 3572 3189 3626 es
3212 3564 3447 3634 ἀσθενὲς
3499 3573 3595 3624 καὶ
3640 3572 3788 3623 ἀνω-

2205 3663 2367 3733 φελές
2397 3679 2412 3696 ο
2453 3664 2529 3728 ὼς
2582 3667 2679 3718 καὶ
2708 3663 2945 3735 ἀλλαχοῦ
2980 3663 3131 3733 λέγει
3156 3682 3172 3697 ο
3218 3664 3288 3720 Τὸ
3336 3664 3446 3735 γὰρ
3480 3663 3789 3718 ἀδύνατον

2204 3756 2310 3810 τοῦ
2340 3757 2551 3826 νόμον,
2606 3756 2674 3811 ἑκ
2705 3750 2753 3824 ᾦ
2780 3758 3024 3826 ἠσθένει
3063 3757 3161 3812 διὰ
3191 3756 3302 3827 τῆς
3330 3757 3580 3826 σαρκός.

2808 3850 3061 3907 ΚΕΦΑΛ.
3104 3850 3182 3904 6'.

2270 3936 2413 4008 Εἶχε
2458 3940 2573 4008 μὲν
2622 3936 2737 3997 οὗν
2777 3942 2814 4009 ἡ
2850 3942 3050 4011 πρώτη
3080 3941 3448 4012 δικαιώματα
3483 3941 3789 4011 λατρείας.

2209 4027 2455 4095 Ἐδειξεν
2493 4031 2601 4085 ἀπὸ
2640 4031 2735 4085 τοῦ
2794 4032 3005 4104 ἱερέως,
3048 4033 3155 4086 ἀπὸ
3196 4033 3294 4102 τῆς
3317 4031 3645 4103 ἱερωσύνης,
3680 4031 3793 4085 ἀπὸ

2202 4123 2303 4193 τῆς
2337 4122 2627 4193 διαθήκης,
2664 4124 2746 4177 ὅτι
2777 4123 2970 4195 ἔμελλε
3004 4124 3155 4187 τέλος
3183 4124 3328 4196 ἔχειν
3356 4126 3475 4178 ἐκεῖ
3501 4139 3517 4153 ⁸
3546 4124 3791 4178 δείκνυσι

2203 4217 2299 4269 νῦν
2336 4216 2433 4269 καὶ
2466 4217 2562 4270 ἀπ’
2586 4216 2753 4270 αὑτοῦ
2785 4216 2885 4285 τῆς
2912 4218 3117 4287 σκηνῆς
3146 4216 3239 4270 τοῦ
3272 4218 3577 4289 σχήματος.
3627 4217 3795 4287 Τρεῖς

2204 4308 2313 4377 γὰρ
2358 4303 2501 4379 ἦσαν
2544 4308 2723 4362 τόποι.
2771 4308 2832 4362 '0
2888 4310 2987 4380 μὲν
3036 4310 3162 4377 ἔξω,
3197 4310 3583 4382 ἀφωρισμένος
3633 4312 3791 4375 πᾶσι,

2206 4398 2301 4450 καὶ
2338 4397 2617 4461 Ἰουδαίοις
2643 4400 2741 4453 καὶ
2771 4398 3032 4468 Ἕλλησιν
3063 4415 3078 4431 ’
3139 4395 3261 4455 εἶτα
3282 4397 3352 4472 ἦν
3389 4403 3796 4472 καταπέτασμα

2208 4484 2270 4541 οὗ
2305 4488 2453 4543 ἔνδον
2483 4490 2803 4561 είσήρχοντο
2848 4492 2897 4545 οἱ
2952 4492 3120 4562 ἱερεῖς
3149 4533 3164 4558 ,
3204 4494 3305 4558 τὰς
3358 4493 3615 4565 λατρείας
3664 4492 3792 4547 καθ’

515 4586 733 4628 sacrum
813 4574 1097 4633 iacientes.
1153 4578 1254 4635 llic
1303 4589 1486 4637 autem
1532 4584 1685 4642 locus
1731 4590 2095 4658 appellabatut

2215 4585 2454 4655 ἑκάστην
2499 4585 2892 4648 ἐπιτελοῦντες.
2957 4579 3130 4649 Οὗτος
3175 4586 3232 4640 δὲ
3273 4589 3303 4641 ὁ
3344 4588 3508 4651 τόπος
3546 4589 3798 4641 ἐκαλεῖτο

520 4674 759 4719 sancta:
810 4680 932 4735 quae
972 4675 1134 4739 typus
1189 4671 1413 4728 fuerunt
1462 4673 1682 4733 Veteris
1744 4677 2105 4748 Testamenti,

524 4754 725 4824 quippe
754 4758 900 4825 quod
944 4760 1215 4815 sacriﬁcia
1253 4777 1351 4832 per
1385 4766 1711 4836 sanguinem
1740 4770 1856 4824 illic
1887 4787 2114 4843 perage-

524 4842 751 4899 bantur.
787 4843 989 4901 Sancta
1018 4843 1497 4908 vero'sanctorum
1519 4857 1694 4911 nostri
1721 4860 1964 4929 mysterii
1996 4842 2114 4917 sive

525 4936 860 4988 sacramenti
900 4936 1071 5005 ﬁgura
1107 4940 1346 4996 fuerunt.
1377 4940 1622 4998 Habebat
1648 4944 1815 5015 igitur
1855 4949 2113 5017 primum,

528 5025 634 5080 hoc
685 5038 769 5081 est
801 5027 969 5083 Vetus
1006 5028 1416 5089 Testamentum
1438 5075 1455 5101 ,
1513 5037 1987 5107 jnstiﬁcationes,_
2013 5043 2117 5098 hoc

527 5129 613 5172 est
642 5119 915 5187 symbola,
961 5120 1241 5191 instituta,
1295 5127 1684 5195 legislationes.
1719 5133 1937 5187 Atenim
1998 5144 2113 5190 tum

531 5209 795 5275 habebat,
828 5229 978 5268 iiuuc
1014 5230 1142 5269 vero
1173 5232 1284 5272 non
1322 5219 1487 5275 habet
1516 5237 1529 5272 :
1574 5225 1812 5277 cessavit
1842 5230 2005 5280 enim.

605 5301 673 5355 Et
703 5315 954 5358 sanctum
985 5308 1267 5363 sa'culure.
1307 5308 1595 5369 Swrulare.
1623 5304 1951 5384 appellabat,
1985 5322 2112 5390 quia

535 5394 790 5451 omnibus
827 5396 972 5451 adid
1010 5402 1227 5466 patebat
1273 5404 1480 5470 aditus,
1523 5414 1751 5476 eratque
1785 5409 1936 5465 locus
1976 5430 2111 5466 mn.

609 5567 656 5598 "
682 5566 839 5623 Boni.
872 5584 992 5635 \‘Ill,
1028 5572 1084 5627 ‘5.

2219 4679 2388 4744 ’Ἅγια
2415 4695 2426 4707 ·
2468 4677 2628 4732 ἆτινα
2646 4677 2818 4742 τύπος
2841 4674 2983 4749 ἦσαν
3010 4679 3109 4750 τῆς
3143 4681 3409 4746 Παλαιᾶς,
3454 4679 3549 4733 ἀτε
3575 4679 3685 4733 τῶν
3727 4679 3796 4732 δι’

2220 4771 2454 4839 αἵματος
2483 4769 2686 4824 θυσιῶν
2717 4769 3062 4840 τελουμένων
3096 4773 3235 4826 ἐκεῖ.
3277 4773 3359 4825 Τὰ
3390 4772 3448 4826 δὲ
3493 4772 3661 4840 Ἅγια
3688 4771 3800 4824 τιίν

2222 4863 2413 4930 ἁγίων,
2464 4862 2632 4925 τύπος
2665 4856 2807 4932 ἦσαν
2846 4863 2943 4917 τοῦ
2982 4863 3115 4935 παρ’
3143 4866 3277 4935 ἡμῖν
3310 4863 3637 4936 μυστηρίου.
3669 4857 3798 4932 Εἶχε

2227 4954 2324 5023 μὲν
2356 4948 2471 5018 οὖν,
2510 4953 2698 5023 φησὶν,
2729 4954 2762 5025 ή
2795 4953 3009 5025 πρώτη,
3045 4956 3323 5008 τουτέστιν
3357 4956 3392 5025 ὴ
3435 4953 3651 5009 Παλαιὰ
3674 4956 3772 5006 Δια

2224 5043 2388 5114 θὶμη,
2432 5042 2797 5115 δικαιώματα,
2860 5047 3107 5099 τουτέστι
3152 5045 3419 5117 σύμόολα,
3468 5046 3501 5118 ἢ
3564 5044 3795 5114 θεσμοὺς

2223 5137 2319 5188 καὶ
2369 5136 2691 5207 νομοθεσίας
2713 5151 2729 5167 ⁶
2765 5136 2903 5189 ἀλλὰ
2948 5137 3072 5190 τότε
3120 5134 3254 5208 εἶχε,
3303 5137 3401 5192 νῦν
3426 5137 3482 5191 δὲ
3504 5138 3605 5191 οὐκ
3637 5137 3747 5207 ἔχει
3781 5150 3795 5164 ·

2222 5227 2504 5283 πέπαυται
2537 5231 2669 5300 γάρ.

2299 5323 2369 5375 Τό
2431 5340 2496 5376 τε
2554 5325 2728 5393 ἅγιον
2806 5326 3123 5395 κοσμικόν.
3178 5323 3485 5393 Κοσμικὸν
3545 5315 3801 5382 εἷπενη,

2219 5414 2406 5483 ἐπειδὴ
2433 5417 2597 5470 πᾶσιν
2625 5419 2832 5486 ἐφεῖται
2872 5419 3191 5485 ἐπιϐαίνειν,
3224 5420 3317 5471 καὶ
3346 5416 3504 5487 δῆλος
3540 5408 3608 5486 ἦν
3638 5413 3802 5477 τόπος

1902 5674 2102 5739 Variae
2135 5677 2470 5743 lectiones.

622 5761 684 5791 η’
720 5761 1214 5830 προαπολυοέντιυν
1248 5780 1320 5819 in.
1440 5767 1481 5799 ”
1520 5767 1739 5837 λέγειο.
