4080 6438
420 377 531 439 ιλιι
1140 384 1545 447 EXPOSITIU
1586 387 1667 447 IN
1708 388 1948 449 EPIST.
1988 389 2088 449 AD
2126 389 2517 451 IIEBIMSOS.
2546 418 2610 428 —
2644 356 2805 456 CAQP.
2849 396 2952 457 IX.

3590 402 3694 465 302

421 485 574 544 ὅστις
612 483 949 554 κεχώρισται
986 476 1097 542 τῶν
1127 488 1508 557 ἁμαρτωλῶνς
1543 491 1708 545 Ὥστε
1748 492 2007 562 πάμπολυ

2115 496 2375 552 toribus?
2408 496 2595 567 Itaque
2629 515 2886 572 magnum
2919 513 3003 558 est
3033 503 3334 561 disr-rituen
3376 507 3519 563 inter
3552 511 3698 567 hunc

417 575 483 626 τὺ
512 573 770 644 διάφορον
804 575 999 631 τούτου
1051 577 1190 649 πρὸς
1232 580 1465 636 ἐκεῖνον.
1500 582 1621 635 Τῶν
1649 585 2007 655 ἀγνοημάτων

2117 597 2171 640 et
2208 586 2382 640 illum.
2418 585 2747 659 Ignorantiis
2803 600 2981 647 autem
3015 594 3172 660 dixit,
3206 611 3313 651 non
3352 602 3609 668 peccatis,
3639 603 3693 656 in

413 665 476 718 δὲ
518 662 692 730 εἶπεν,
718 667 844 736 οὐχὶ
895 669 1333 739 ἁμαρτημάτων,
1370 673 1449 736 είς
1499 672 1668 728 πλείω
1712 674 1876 744 φόϐον
1912 677 2007 746 ἑμ-

2116 676 2379 745 majorem
2430 687 2635 734 metum
2686 681 2994 751 conjiciens
3023 693 3078 738 et
3107 697 3320 743 veteres
3367 687 3607 757 Judteos,
3642 703 3698 748 et

421 755 638 808 ϐάλλων
669 756 919 821 καὶτοὺς
957 760 1126 813 πάλαι
1168 762 1477 827 Ἰουδαίους,
1516 766 1608 817 καὶ
1650 764 1878 829 πάντας,
1919 769 2007 819 καὶ

2116 780 2331 833 omnes,
2375 783 2440 823 ac
2466 770 2833 839 comprimens
2880 775 3211 843 superbiam.
3265 777 3377 835 Etsi
3422 781 3566 836 enim
3597 798 3698 837 vo-

425 848 814 902 καταστὲλλων
857 851 919 902 τὸ
978 851 1258 922 φρόνημα.
1310 855 1373 907 Εἰ
1426 855 1537 926 γὰρ
1584 857 1676 909 καὶ
1741 857 1816 928 μὴ
1868 858 2007 911 ἑκὼν

2116 855 2357 912 luntarie
2390 873 2497 912 non
2534 863 2797 929 peccasti,
2852 863 3113 933 ignorans
3137 874 3321 922 tamen
3371 872 3633 940 peccasti,
3663 888 3694 927 a

414 942 704 1011 ἥμαρτες,
782 940 901 995 ἀλλ’
964 942 1114 997 ἄκων
1181 945 1276 997 καὶ
1336 946 1645 1016 ἀγνοήσας,
1713 950 1806 1001 καὶ
1883 950 2007 1004 τού·

2113 964 2224 1017 quo
2250 965 2410 1004 nemo
2434 960 2520 1006 est
2550 967 2743 1021 purus.
2770 952 3001 1019 Quidam
3020 965 3200 1013 autem
3233 959 3492 1016 dixerunt
3524 963 3695 1031 quod,

415 1047 515 1083 του
573 1030 751 1094 οὖῗείς
825 1030 946 1084 ἐστι
1006 1032 1266 1102 καθαρός.
1308 1035 1481 1099 ,Τινὲς
1535 1036 1592 1089 δὲ
1654 1036 1864 1108 ἔφησαν
1926 1040 2009 1093 ὅτι

416 1119 720 1177 κάντεῦθεν
768 1120 830 1173 τὸ
876 1122 1135 1190 διάφορον
1182 1125 1397 1188 δεικνὺς
1432 1126 1534 1196 τῆς
1592 1128 1731 1180 κατὰ
1771 1130 2008 1199 Χριστὸν

416 1213 613 1276 θυσίας
642 1214 742 1267 καὶ
773 1214 880 1267 τῶν
914 1215 1173 1282 νομικῶν,
1203 1215 1378 1280 οὕτως
1430 1215 1604 1272 εἶπεν.
1646 1221 1713 1274 Δί
1751 1222 1851 1290 μὲν
1899 1223 2006 1292 γάρ

348 1326 357 1335 ι
416 1306 650 1373 νομικαὶ
686 1307 756 1358 τὰ
799 1307 858 1357 ἐν
912 1306 1109 1378 ἀγνοίᾳ
1145 1307 1485 1378 συνεχώρουν
1516 1310 2004 1381 πλημμελήματα·

416 1399 452 1466 ἡ
485 1398 546 1449 δὲ
597 1397 694 1449 τοῦ
724 1397 983 1468 Χριστοῦ,
1016 1400 1110 1452 καὶ
1158 1401 1222 1453 τὰ
1258 1401 1317 1454 ὲν
1370 1402 1575 1472 εἰδήσει
1627 1404 2004 1476 ἁμαρτήματα

415 1488 641 1557 ἀφίησι.

493 1576 679 1632 Τοῦτο
712 1578 1052 1647 δηλοῦντος
1094 1581 1202 1636 τοῦ
1256 1585 1605 1653 Πνεύματος
1652 1587 1760 1641 τοῦ
1807 1588 2001 1657 ἁγίου,

410 1668 597 1737 μήπω
615 1670 1071 1738 πεφανερῶσθαι
1105 1672 1222 1738 τὴν
1246 1673 1366 1727 τῶν
1386 1675 1571 1744 ἁγίων
1588 1676 1750 1742 ὁδὸν,
1780 1679 1865 1733 ἔτι
1895 1679 2005 1747 τῆς

2115 1039 2244 1095 hinc
2285 1043 2581 1099 discrimen
2609 1047 2907 1102 ostendens
2934 1050 3191 1105 sacrilicii
3222 1050 3430 1109 Christi
3474 1062 3528 1109 et
3559 1056 3693 1125 legis

2113 1131 2478 1198 oblationum,
2501 1136 2580 1190 sic
2616 1134 2835 1191 dixerit.
2860 1136 3018 1209 Logis
3059 1140 3204 1195 enim
3237 1142 3569 1205 oblationes,
3604 1147 3699 1201 de-

2111 1218 2240 1273 licta
2268 1236 2332 1275 ex
2370 1224 2680 1291 ignorantia
2723 1227 2962 1283 admissa
3019 1231 3375 1288 remittebant
3423 1250 3437 1288 :
3489 1234 3693 1289 Christi

2110 1319 2289 1365 autem
2340 1314 2569 1380 oblatio,
2621 1328 2848 1386 peccata
2898 1322 3061 1376 etiam
3120 1322 3360 1380 scienter
3396 1328 3693 1384 commissa

2108 1401 2408 1456 condonat.
3112 1421 3120 1430 '

2176 1577 2342 1633 Vens.
2377 1579 2429 1635 8.
2464 1585 2580 1637 Hoc
2601 1585 3165 1671 signiﬁcante'Spiritu
3209 1603 3416 1661 sancto,
3450 1598 3692 1654 nondum

2104 1674 2439 1737 propalatam
2471 1689 2584 1729 esse
2609 1688 2916 1733 sanctorum
2957 1683 3112 1745 viam,
3137 1686 3309 1752 primo
3341 1688 3690 1746 tabernaculo

409 1759 662 1828 πρώτής
686 1760 930 1828 σκηνῆς
950 1763 1220 1832 ἐχούσης
1246 1764 1491 1821 στάσιν.
1521 1769 1783 1839 ’Δρχεται
1816 1770 2002 1824 λοιπὸν

2109 1758 2280 1813 adhuc
2311 1760 2531 1817 habente
2562 1775 2784 1821 statum.
2816 1768 3050 1847 ‘Orditur
3072 1773 3332 1846 deinceps
3371 1781 3544 1849 magis
3579 1796 3693 1853 my-

412 1853 916 1925 ἁναγωγικώτερον
960 1858 1187 1926 θεωρεῖν
1220 1859 1290 1912 τὰ
1328 1863 1459 1930 περὶ
1488 1861 1599 1913 τῶν
1641 1862 1878 1930 σκηνῶν,
1908 1865 2004 1917 καί

2109 1851 2246 1905 stice
2273 1854 2633 1924 contemplari
2660 1871 2724 1913 ea
2755 1843 2877 1928 quae
2912 1861 2980 1917 de
3006 1842 3374 1923 tabernaculis
3410 1842 3691 1936 dii-untur,

414 1964 606 2017 φησιν,
628 1949 712 2001 ὅτι
738 1947 959 2018 Ἐπειδὴ
980 1948 1051 2004 τὰ
1074 1949 1173 2018 μὲν
1207 1950 1377 2018 ’Ἅγια
1403 1951 1510 2007 τῶν
1540 1952 1710 2021 ἁγίων
1740 1954 1918 2009 ἄϐατα
1942 1953 2011 2027 ἦν

411 2042 532 2103 τοίς
580 2039 765 2103 ἄλλοις
791 2039 1052 2111 ἱερεῦσιν,
1083 2041 1120 2095 ἃ
1161 2044 1334 2106 τύπος
1372 2045 1480 2097 eici.
1537 2046 1634 2098 τοῦ
1668 2047 1929 2116 οὐρανοῦ·
1966 2049 2000 2119 ἡ

417 2131 612 2201 μέντοι
645 2131 840 2203 πρώτη
894 2137 1092 2202 σκηνὴ,
1137 2135 1433 2201 τουτέστιν,
1469 2137 1502 2205 ἡ
1545 2138 1684 2207 μετὰ
1719 2139 1780 2192 τὸ
1810 2139 2009 2205 ἔξωθεν

408 2222 810 2293 θυσιαστήριον
843 2222 905 2276 τὸ
942 2224 1178 2294 χαλκοῦν
1215 2225 1406 2297 πρώτη
1442 2228 1604 2291 εὐθὺς
1640 2228 1810 2296 οὖσα,
1854 2230 2009 2301 βάσι-

414 2331 523 2383 μος
548 2308 619 2384 ἦν
655 2314 837 2377 αὐτοῖς
865 2315 1182 2381 διαπαντὸς,
1214 2317 1486 2388 σύμϐολον
1526 2315 1664 2374 οὖσα
1711 2320 1812 2391 τῆς
1863 2323 2005 2376 κατὰ

411 2406 587 2477 νόμον
639 2405 922 2476 λατρείας,
968 2406 1228 2475 ἐδηλοῦτο
1266 2409 1635 2478 συμϐολικῶς,
1678 2412 1760 2465 ὄτι
1805 2412 1912 2477 ἕως
1943 2408 2003 2467 οῦ

410 2497 642 2551 ἵσταται
679 2497 712 2566 ή
747 2497 921 2567 σκηνὴ
953 2496 1116 2566 αῦτη,
1156 2500 1461 2565 τουτέστιν,
1502 2500 1610 2565 ἕως
1647 2495 1709 2554 οὗ
1750 2507 1945 2572 κρατεῖ
1975 2505 2003 2557 ὁ

409 2589 607 2656 νόμος,
654 2590 750 2643 καὶ
789 2590 847 2643 αἱ
894 2589 1014 2642 κατ’
1047 2589 1210 2643 αὐτὸν
1249 2590 1499 2661 λατρείαι
1557 2592 1862 2659 τελοῦνται,
1901 2596 2004 2650 οὐκ

410 2683 535 2735 ἔστι
570 2680 803 2751 βάσιμος
830 2681 864 2749 ἡ
886 2680 999 2734 τῶν
1022 2680 1197 2748 ἁγίων
1219 2681 1357 2747 ὁδὸς,
1398 2683 1702 2748 τουτέστιν,
1729 2686 1765 2755 ἡ
1800 2686 1881 2748 είς
1909 2689 2003 2739 τὸν

407 2771 651 2841 οὐρανὸν
680 2769 909 2834 εἴσοδος,
942 2771 1055 2833 τοῖς
1081 2770 1180 2833 τὰς
1222 2771 1480 2836 τοιαύτας
1522 2773 1779 2844 λατρείας
1820 2775 2002 2827 entre-

418 2863 613 2918 λοῦσιν
634 2879 650 2895 ο
684 2861 821 2919 ἀλλὰ
848 2863 1060 2925 τούτοις
1093 2862 1192 2930 μὶν
1232 2865 1447 2935 ἀφανής
1483 2865 1623 2929 ἐστι,
1670 2866 1766 2919 καὶ
1794 2866 1999 2923 astoni-

412 2955 694 3018 κλεισται,
722 2952 867 3022 μόνῳ
881 2950 939 3005 δὲ
966 2953 1046 3023 τῷ
1070 2952 1153 3005 ἑνὶ
1182 2952 1457 3024 ’Δρχιερεῖ
1473 2955 1693 3029 Χριστῷ
1713 2955 1998 3027 ἀφωρίσθη

415 3047 453 3115 τι,
489 3044 609 3108 eae;
650 3041 815 3112 αὕτη.

491 3138 664 3202 "Hac
721 3135 1033 3205 παραϐολὴ
1063 3138 1151 3203 είς
1198 3136 1305 3194 τὸν
1343 3137 1553 3206 καιρὸν
1597 3138 1706 3192 τὸν
1747 3126 1995 3205 ἐνεστη-
2020 3169 2066 3231 C

408 3232 566 3289 κότα
590 3270 607 3295 ,
644 3230 773 3284 καθ’
807 3229 879 3283 ὃν
942 3228 1101 3297 δῶρά
1130 3246 1195 3284 τε
1235 3229 1331 3285 καί
1392 3231 1597 3284 θυσίαι
1634 3232 2001 3302 προφέρον-

412 3340 514 3374 ται
537 3362 555 3387 ,
599 3319 690 3388 μὴ
725 3318 1059 3388 δυνάμεναι
1109 3321 1259 3373 κατὰ
1293 3320 1659 3386 συνείδησιν
1696 3321 2007 3383 τελειῶσαι

409 3414 528 3467 τὸν
555 3412 947 3480 λατρεύοντα.
977 3409 1159 3481 Ὅπερ
1193 3412 1477 3480 προεῖπον,
1502 3414 1680 3464 ἐκεῖνο
1711 3412 1808 3465 νῦν
1840 3431 2007 3485 φησιν

407 3505 443 3556 ὁ
482 3499 833 3564 Ἀπόστολος,
899 3501 983 3554 ὅτι
1012 3502 1045 3570 ἡ
1104 3500 1278 3575 σκηνὴ
1325 3500 1534 3570 ἐκείνη,
1578 3503 1636 3553 ἑν
1685 3495 1719 3576 ᾖ
1767 3502 2001 3557 διαπαν-

411 3596 505 3659 ab;
559 3594 879 3663 είσήρχοντο
907 3591 960 3647 oi
1024 3593 1218 3661 ἱερεῖς,
1258 3590 1543 3663 παραϐολὴ
1600 3587 1688 3663 ἦν,
1736 3594 2006 3656 τουτέστι,

417 3686 591 3747 τύπος
617 3687 716 3738 καὶ
746 3682 1089 3752 σκιαγραφία
1116 3681 1211 3734 τοῦ
1264 3681 1408 3735 κατὰ
1456 3681 1548 3734 τὸν
1593 3684 1757 3752 νόμον
1790 3684 2009 3752 ἐνεστη-

421 3777 582 3839 κότος
608 3773 832 3844 καιροῦ,
858 3773 953 3826 τοῦ
988 3774 1096 3844 πρὸ
1119 3772 1216 3841 τῆς
1248 3771 1488 3843 Χριστοῦ
1518 3773 1853 3844 παρουσίας·
1885 3773 2008 3827 καθ’

417 3870 480 3922 ὃν
506 3869 702 3938 καιρὸν
740 3865 991 3919 τοιαῦται
1035 3864 1219 3917 θυσίαι
1252 3864 1672 3934 προσφέρονται,
1704 3863 1799 3917 καὶ
1834 3862 2008 3928 οὕτως

427 3960 691 4027 ἀσθενεῖς,
722 3958 866 4011 ὥστε
900 3956 979 4028 μὴ
1009 3955 1277 4009 δύνασθαι
1311 3955 1452 4009 κατὰ
1489 3956 1820 4024 συνείδησιν,
1853 3972 2010 4009 τουτ-

437 4050 725 4113 inuasit
755 4052 848 4102 τὸν
870 4048 978 4103 ἔσω
1004 4046 1313 4118 ἄνθρωπον,
1335 4044 1619 4101 τελειῶσαι
1651 4047 1777 4110 τοὺς
1804 4045 2007 4107 ταύτας

429 4145 864 4213 προσφέροντας.
923 4139 1203 4209 Σωμάτων
1256 4137 1365 4207 γὰρ
1421 4134 1648 4205 ῥύπους,
1700 4137 1762 4190 οὐ
1815 4134 2006 4205 ψυχῶν

416 4233 700 4303 ἁμαρτίας
731 4229 1047 4299 ἐκάθαιρον.
1084 4226 1158 4281 Ub
1206 4225 1317 4297 γάρ
1365 4224 1636 4297 μοιχείαν,
1668 4224 1702 4295 ἢ
1757 4224 1935 4293 φόνον,
1970 4224 2003 4295 ἢ

416 4322 734 4394 ἱεροσυλίαν
763 4320 985 4391 ἀφιέναι
1014 4318 1297 4391 ἠδύναντο.

485 4415 701 4469 Μόνον
731 4411 833 4465 ἐπί
856 4409 1133 4480 βρώμασι
1163 4407 1261 4461 καί
1287 4406 1539 4476 πόμασι,
1566 4405 1662 4460 καὶ
1700 4406 2006 4475 διαφόροις

2114 1942 2336 2009 aitque:
2366 1943 2822 2017 Quandoquidem
2859 1949 3061 2011 Sancta
3097 1968 3411 2014 sanctorum
3447 1961 3695 2018 inacces-

2113 2033 2295 2087 sibilla
2327 2044 2484 2090 erant
2509 2039 2738 2108 reliquis
2773 2045 3178 2114 sacerdotibus,
3208 2064 3330 2118 quae
3362 2049 3533 2122 ﬁgura
3564 2062 3694 2107 sunt

2112 2121 2235 2175 caeli
2264 2139 2278 2175 :
2314 2131 2370 2176 at
2393 2139 2522 2178 vero
2544 2127 2778 2196 primum
2810 2132 3243 2202 tabernaculum,
3276 2137 3380 2192 hoc
3403 2121 3506 2207 est,
3547 2143 3695 2211 quod

2112 2221 2233 2281 post
2256 2213 2583 2271 exteriorem
2610 2232 2805 2272 aeream
2827 2235 2979 2276 aram
3012 2223 3188 2293 primo
3215 2227 3399 2285 statim
3430 2242 3695 2286 occurre-

2112 2303 2223 2370 bat,
2249 2315 2510 2376 perpetuo
2533 2310 2668 2379 ipsis
2701 2312 2917 2381 quidem
2951 2316 3191 2385 patebat,
3241 2325 3433 2389 utpote
3466 2322 3690 2391 symbo-

2109 2392 2218 2446 lum
2248 2395 2432 2451 cultus
2466 2398 2677 2468 legalis,
2710 2402 2888 2472 typice
2917 2404 3284 2477 significabat,
3316 2409 3460 2479 quod
3494 2424 3695 2480 quam-

2106 2485 2201 2540 diu
2230 2490 2564 2545 consisteret
2604 2493 3024 2551 tabernaculum
3053 2495 3179 2562 hoc,
3213 2500 3316 2554 hoc
3351 2510 3458 2568 est,
3488 2501 3696 2558 tantis-

2105 2593 2204 2648 per
2253 2582 2383 2636 dum
2416 2582 2499 2638 lex
2552 2582 2796 2651 ﬂoreret,
2844 2587 3344 2660 perﬁcerenturque
3384 2595 3688 2647 secundum

2102 2685 2225 2725 eam
2265 2673 2494 2728 culturae
2549 2681 2601 2728 et
2640 2690 2820 2742 saera,
2872 2678 2926 2733 in
2963 2677 3164 2736 Sancta
3211 2691 3529 2737 sanctorum
3581 2699 3691 2739 non

2105 2768 2315 2829 pateret
2344 2763 2549 2826 aditus,
2584 2764 2686 2820 hoe
2719 2774 2825 2832 est,
2881 2767 2935 2821 in
2966 2767 3167 2822 coelum
3215 2769 3522 2840 ingressus,
3562 2772 3690 2827 talia

2104 2863 2261 2902 sacra
2288 2849 2706 2919 pandentibus
2734 2871 2749 2907 :
2797 2869 2988 2911 verum
3022 2872 3131 2913 non
3165 2861 3503 2930 conspicuus
3541 2870 3692 2918 esset

2104 2940 2282 3007 hisce,
2314 2943 2409 2998 sed
2434 2945 2722 3010 occlusus,
2752 2946 2859 3002 soli
2902 2955 3083 3004 autem
3124 2950 3215 3005 uni
3246 2952 3500 3008 Pontilici
3528 2952 3691 3009 Chri-

2100 3038 2188 3085 sto
2216 3044 2497 3102 segregata
2527 3033 2632 3088 l'uit
2654 3036 2768 3093 haec
2796 3038 2902 3092 via.

2172 3123 2335 3194 710
2359 3123 2519 3180 Vens.
2547 3126 2599 3181 9.
2619 3127 2749 3194 Qua:
2769 3139 2846 3183 est
2870 3131 3393 3204 parabolajtentporis
3409 3138 3680 3203 instantis,

2109 3214 2161 3267 iu
2182 3231 2283 3279 quo
2309 3232 2528 3271 munera
2571 3229 2618 3272 et
2651 3218 2838 3275 hostire
2863 3223 3178 3291 offeruntur,
3202 3243 3319 3296 quat
3348 3244 3452 3282 non
3471 3241 3693 3298 possunt

2100 3305 2261 3374 juxta
2279 3308 2654 3362 conscientiam
2674 3314 2964 3379 perfectum
2982 3313 3156 3381 facere
3179 3318 3506 3374 servientem.
3532 3322 3692 3386 Quod

2109 3404 2235 3450 ante
2250 3395 2384 3460 dixi,
2407 3397 2540 3450 illud
2559 3414 2704 3452 nunc
2724 3402 3017 3469 Apostolus
3040 3405 3155 3458 ait.:
3196 3420 3414 3476 nempe,
3438 3410 3693 3465 taberna-

2109 3487 2289 3539 culum
2325 3487 2483 3551 illud,
2519 3491 2572 3543 in
2598 3492 2742 3560 quod
2771 3507 2989 3562 semper
3027 3494 3478 3566 ingrediebantur
3503 3514 3690 3556 sacer-

2109 3578 2285 3644 dotes,
2320 3591 2440 3634 erat
2484 3582 2769 3651 parabole,
2810 3585 2862 3639 id
2894 3592 3002 3651 est,
3034 3586 3207 3657 ﬁgura
3254 3598 3308 3645 et
3347 3592 3692 3651 adumbratio

2110 3674 2374 3743 temporis
2397 3677 2705 3731 secundum
2740 3679 2912 3749 legem
2953 3681 3214 3738 instantis
3235 3692 3364 3739 ante
3392 3684 3688 3742 adventum

2104 3761 2317 3818 Christi
2357 3782 2511 3836 :quo
2539 3775 2786 3837 tempore
2821 3771 3090 3839 ejusmodi
3125 3774 3394 3829 sacriﬁcia
3444 3776 3689 3830 oﬂ’crun-

2111 3862 2221 3918 tur,
2255 3862 2420 3922 atque
2453 3857 2592 3911 adeo
2629 3858 2946 3925 imbecillia,
2981 3868 3039 3915 ut
3083 3877 3195 3917 non
3227 3867 3439 3937 possint
3486 3880 3691 3921 secun-

2109 3946 2238 3999 dum
2287 3948 2704 4013 conscientiam,
2743 3950 2848 4006 hoc
2886 3961 2991 4015 est,
3029 3952 3344 4010 interiorem
3387 3956 3689 4025 hominem,

2107 4048 2497 4091 consummare
2559 4051 2658 4092 eos
2711 4039 2804 4108 qni
2867 4040 2960 4094 illa
3007 4041 3330 4099 on‘erebant.
3383 4046 3690 4116 Corporum

2108 4126 2255 4181 enim
2289 4126 2502 4191 sordes,
2555 4142 2664 4183 non
2716 4130 3026 4186 animarum
3091 4144 3314 4205 peccata
3358 4139 3690 4208 purgabant.

2107 4216 2227 4272 Non
2249 4219 2398 4273 enim
2423 4218 2781 4289 adulterium,
2812 4222 3192 4292 homicidium,
3224 4237 3319 4283 aut
3343 4229 3689 4299 sacrilegium

2109 4310 2391 4365 remittere
2420 4320 2736 4380 potuerunt.
3352 4318 3379 4327 ’

2179 4398 2347 4456 Vens.
2377 4399 2465 4455 10.
2498 4401 2884 4457 Tantummodo
2925 4405 2981 4459 in
3008 4405 3138 4461 cibis
3175 4415 3226 4461 et
3264 4411 3495 4478 potibus,
3541 4423 3593 4468 et
3624 4418 3685 4470 in

408 4501 814 4572 βαπτισμοῖς,
839 4500 937 4555 καί
960 4496 1317 4566 δικαιώμασι
1338 4496 1588 4566 σαρκὸς,
1609 4493 1779 4565 μέχρι
1798 4494 2005 4562 καιροῦ

2112 4494 2277 4547 uariis
2331 4495 2670 4562 baptismatis
2721 4505 2772 4549 et
2823 4496 3304 4566 justi/icationibus
3361 4505 3560 4570 carnis,
3617 4508 3688 4560 ad

415 4592 798 4664 διορθώσεως
818 4589 1189 4658 ἐπικείμενα.
1222 4587 1421 4649 Μόνον,
1456 4587 1642 4657 φησιν,
1682 4584 2006 4655 ἐπικείμενα

414 4686 533 4746 τοῖς
567 4682 695 4735 τότε
723 4677 1033 4748 ἀνθρώποις
1058 4676 1155 4730 καὶ
1193 4675 1592 4744 διαταττόμενα
1621 4674 1750 4745 περὶ
1785 4673 2010 4745 βρωμὰν

416 4792 532 4829 των
563 4775 663 4829 καὶ
688 4771 972 4842 πομάτων.
1000 4769 1133 4823 Τόδε
1173 4769 1316 4841 γὰρ,Ι
1346 4767 1501 4838 φησὶ,
1545 4765 1709 4836 φάγε,
1745 4771 1838 4820 καὶ
1888 4765 2008 4818 τόδε

418 4868 501 4939 μὴ
534 4866 740 4936 φάγῃς.
774 4864 897 4927 Πῶς
940 4862 1000 4915 δὲ
1054 4855 1197 4925 εἷπε,
1245 4860 1510 4930 πόμασι;
1545 4859 1721 4911 καίτοι
1751 4858 1880 4928 περὶ
1914 4873 2007 4910 πο-

421 4956 615 5033 μάτων
639 4954 905 5024 διαφορᾶς
934 4952 996 5005 οὐ
1044 4948 1400 5019 διελάμϐανεν
1430 4947 1459 5001 δ
1509 4947 1696 5018 νόμος.
1733 4947 1804 5000 Ἥ
1830 4946 2010 5000 τοίνυν

422 5048 589 5102 τοῦτό
621 5062 756 5115 φησι
799 5046 930 5115 περὶ
960 5040 1054 5094 τοῦ
1080 5040 1173 5094 τὸν
1202 5041 1356 5110 ίερέα
1384 5039 1460 5109 μὴ
1484 5039 1660 5092 πίνειν
1693 5035 1854 5101 οἶνον,
1882 5038 2010 5091 ὅταν

417 5138 658 5211 ἔμελλεν
716 5135 980 5189 εἰσελθεῖν
1000 5135 1083 5196 είς
1138 5130 1203 5184 τὸ
1230 5132 1457 5199 ’Δγιονο
1507 5128 1542 5199 ἢ
1584 5127 1849 5197 καὶπερὶ
1899 5128 2009 5181 τῶν

419 5233 620 5302 εὐχάς,
665 5227 947 5281 τουτέστιν
1015 5221 1335 5293 ὑποσχέσεις
1394 5219 1527 5290 περὶ
1605 5218 1818 5290 ἀποχῆς
1864 5218 2008 5271 οἴνου

426 5319 796 5388 ποιουμένων,
818 5314 1012 5384 ῶσπερ
1055 5311 1152 5367 καὶ
1190 5314 1241 5365 οἱ
1271 5310 1580 5381 Ναζαραῖοι
1599 5325 1615 5341 ο
1641 5309 1674 5380 ἢ
1698 5308 1886 5372 ἁπλῶς
1918 5308 2008 5373 ἐξ-

420 5408 721 5473 ευτελίζων
764 5405 835 5459 τά
882 5403 1110 5459 τοιαῦτα
1161 5400 1510 5470 διατάγματα
1561 5398 1656 5453 καὶ
1712 5399 2006 5469 διασύρων,

421 5501 589 5557 τοῦτο
631 5496 777 5553 εἶπε.
811 5494 1073 5565 Διάφοροι
1105 5492 1162 5546 δὲ
1209 5489 1512 5561 βαπτισμοὶ
1551 5485 1713 5561 ἦσαν.
1748 5489 1857 5543 Καὶ
1901 5488 2010 5559 γὰρ

424 5595 535 5648 κᾶν
576 5588 775 5659 νεκροῦ
809 5587 1011 5657 ⁴ἥψατο,
1042 5583 1149 5639 κᾶν
1169 5581 1396 5653 λεπροῦ,
1424 5580 1528 5635 κᾶν
1562 5581 1863 5652 γονοῤῥυὴς
1887 5579 2010 5648 ὲγέ-

426 5683 553 5736 νετό
584 5698 692 5746 τις,
723 5677 1084 5741 ὲϐαπτίζετο,
1123 5674 1218 5727 καὶ
1261 5670 1436 5736 οὕτως
1492 5671 1668 5724 ἐδόκει
1719 5669 2013 5741 καθαρίζε-

427 5776 575 5831 σθαι.
600 5773 789 5828 Ταῦτα
818 5770 876 5826 δὲ
904 5768 1252 5839 δικαιώματα
1279 5762 1424 5839 ἦσαν
1454 5766 1675 5836 σαρκὸς,
1733 5765 2012 5820 τουτέστιν

2112 4593 2313 4653 tempus
2362 4600 2525 4655 usque
2560 4586 2899 4641 correctionis
2947 4588 3217 4657 imposita.
3264 4589 3687 4658 Tantummodo,

2112 4672 2310 4743 inquit,
2359 4675 2614 4744 imposita
2650 4675 2968 4732 hominibus
3015 4677 3108 4747 qui
3141 4684 3256 4733 tum
3311 4680 3584 4748 vivebant,
3633 4693 3688 4740 et

2111 4762 2355 4831 injuncta
2380 4763 2448 4820 de
2466 4766 2608 4821 cibis
2632 4775 2687 4821 et
2705 4775 2860 4837 potu.
2888 4765 3003 4823 Hoc
3026 4768 3196 4836 enim,
3215 4769 3416 4841 inquit,
3442 4787 3687 4839 vescere,

2112 4856 2216 4911 hoc
2247 4871 2379 4912 vero
2408 4872 2481 4912 ne
2504 4858 2770 4914 vescaris.
2794 4859 3081 4926 Quomodo
3110 4868 3293 4915 autem
3317 4862 3475 4925 dixit,
3502 4864 3558 4917 in
3590 4879 3688 4931 po-

2111 4948 2292 5002 tibus?
2323 4949 2471 5018 atqui
2532 4947 2601 5003 de
2642 4955 2870 5019 potuum
2919 4949 3223 5005 differentia
3274 4952 3408 5007 nihil
3456 4954 3682 5008 tradidit

2112 5038 2221 5092 lex.
2247 5035 2346 5092 Vel
2377 5038 2545 5109 igitur
2574 5037 2681 5094 hoc
2707 5040 2863 5104 dicit,
2887 5040 3034 5110 quod
3061 5042 3320 5098 sacerdos
3349 5058 3455 5097 non
3484 5043 3686 5097 debue-

2112 5130 2183 5186 rit
2212 5130 2397 5185 bibere
2416 5131 2601 5184 vinum
2633 5130 2852 5198 quando
2876 5130 3225 5200 ingressurus
3277 5141 3423 5188 esset
3448 5133 3502 5187 in
3532 5132 3669 5187 San-

2111 5229 2199 5276 cta
2223 5241 2238 5277 :
2263 5223 2346 5276 vel
2366 5221 2435 5277 de
2465 5222 2554 5278 his
2590 5222 2744 5287 dicit,
2773 5222 2867 5292 qui
2898 5230 3045 5284 vota,
3078 5222 3182 5277 hoc
3209 5232 3315 5287 est,
3355 5223 3677 5291 promissio-
3748 5268 3753 5273 .

2112 5329 2209 5369 nes
2238 5312 2512 5369 faciebant
2544 5328 2575 5368 a
2604 5313 2735 5369 vino
2763 5311 3091 5378 abstinendi,
3123 5312 3270 5369 sicut
3307 5320 3362 5366 et
3390 5311 3634 5370 Νοτιεταί
3667 5333 3682 5371 :

2116 5406 2199 5459 vel
2242 5405 2596 5475 simpliciter,
2626 5412 2685 5459 ut
2714 5404 2982 5460 vilescere
3003 5403 3166 5459 faciat
3192 5404 3504 5475 huiusmodi
3536 5407 3688 5465 ordi-

2115 5496 2370 5551 nationes
2410 5504 2466 5549 et
2493 5496 2655 5561 ritus,
2696 5504 2861 5566 atque
2904 5504 2975 5550 Διιι
3029 5511 3128 5552 eos
3176 5498 3530 5577 perstringat,
3581 5500 3688 5557 hoc

2113 5586 2272 5643 dixit.
2301 5583 2449 5641 Varii
2480 5594 2662 5641 autem
2688 5586 2946 5658 baptismi
2974 5585 3115 5657 apud
3145 5601 3241 5646 eos
3268 5598 3449 5649 erant.
3475 5587 3611 5645 Nam
3640 5595 3685 5646 si

2114 5685 2391 5731 mortuum
2443 5677 2713 5749 attigisset
2761 5677 3033 5749 quispiam
3084 5677 3172 5733 vel
3216 5680 3514 5751 leprosum,
3552 5690 3606 5736 et
3641 5684 3685 5736 si

2116 5768 2342 5825 seminis
2368 5766 2574 5823 ﬂuxum
2622 5775 2902 5838 pateretur
2937 5768 3137 5842 aliquis
3161 5811 3177 5839 ,
3208 5771 3551 5841 abluebatur,
3578 5786 3686 5828 ca-
