4080 6414
436 405 546 473 3ὐ7

1318 412 1897 475 TIIEOPHYLACTI
1933 416 2346 476 BULGAM/‘E
2378 416 2736 476 ARCHIEP.

3578 391 3685 480 ses

511 516 842 572 Emundabit
904 518 1283 573 conscientiam
1349 530 1585 575 nostram
1650 521 1715 575 ab
1778 523 2016 591 operibus

2189 523 2473 593 Καθαριεῒ
2496 523 2612 592 τὴν
2626 524 2987 591 συνείδησιν
3002 523 3170 595 ἡμῶν
3193 524 3314 581 ἀπὸ
3341 523 3572 593 νεκρῶν
3593 524 3695 594 ἐρ-

434 608 682 661 mortuis.
719 606 837 660 illic
878 606 1098 676 quidem
1132 606 1291 672 dixit,
1326 608 1658 677 sanctiﬁcat;
1694 610 1789 664 sed
1832 619 2011 664 tamen

434 696 666 759 addidit,
707 693 780 749 ad
818 696 1241 749 emundatianem
1294 699 1470 751 carnis
1497 713 1516 752 :
1571 698 1662 752 hic
1704 715 1837 753 vero
1886 715 2011 753 cum

437 790 692 854 dixisset,
731 787 1076 850 Emundabit,
1104 788 1357 858 protinus
1391 790 1769 845 excellentiam
1792 792 2016 847 demon-

440 880 661 935 stravit.
715 879 881 934 Addit
912 881 1056 935 enim
1089 880 1234 950 quod
1262 882 1660 937 conscientiam
1707 884 2013 949 mundabit,

441 970 544 1026 hoc
575 981 681 1036 cst,
737 974 1052 1027 interiorem
1104 973 1402 1038 hominem,
1432 974 1576 1044 quod
1620 990 1753 1031 sane
1780 977 1873 1031 ille
1908 991 2015 1031 non

439 1066 579 1113 crat.
612 1060 675 1114 Et
721 1060 831 1113 illic
856 1060 1074 1129 quidem
1099 1061 1191 1129 qui
1221 1061 1491 1131 attigisset
1516 1071 1816 1128 mortuum,
1860 1080 2018 1118 mun-

438 1150 672 1204 dabatur
717 1169 729 1205 :
758 1150 847 1205 hic
878 1167 1010 1205 vero
1032 1153 1242 1222 puritas
1276 1153 1437 1208 datur
1491 1169 1520 1208 a
1566 1157 1801 1211 mortuis
1836 1156 2021 1226 operi-

441 1242 562 1304 bus,
597 1256 720 1311 quae
741 1257 871 1297 vere
900 1242 1264 1312 coinquinare
1296 1253 1547 1315 possunt,
1574 1254 1625 1301 et
1648 1260 1678 1300 a
1710 1243 1821 1301 Deo
1847 1245 2018 1300 abdu-

435 1339 580 1380 cere.

510 1417 603 1470 Ad‘
643 1417 973 1471 serviendum
1009 1418 1115 1473 Deo
1164 1420 1352 1473 riventi
1381 1428 1430 1474 et
1463 1438 1580 1475 vero
1612 1424 1636 1477 2
1664 1419 1899 1477 Proinde
1925 1422 2018 1491 qui

444 1516 657 1562 mortua
690 1522 861 1577 opera
910 1509 1153 1580 attingit,
1203 1525 1313 1564 non
1360 1513 1530 1566 servit
1582 1511 1692 1566 Deo
1728 1513 1930 1568 viventi
1966 1524 2021 1567 et

441 1616 593 1665 vero,
630 1605 726 1657 sed
759 1615 924 1672 opera
957 1617 1079 1673 quae
1116 1604 1267 1675 eligit
1298 1620 1400 1676 pro
1454 1604 1566 1660 Deo
1616 1605 1801 1661 habet.
1851 1603 1943 1660 Sic
1977 1607 2022 1661 is

447 1690 541 1760 qui
572 1690 747 1746 ventri
775 1690 995 1748 deditus
1044 1700 1150 1760 est,
1183 1703 1425 1749 ventrem
1454 1694 1620 1750 Deum
1660 1694 1786 1751 facit
1814 1712 1828 1749 :
1863 1695 2022 1766 713

446 1785 524 1840 sic
575 1800 776 1840 avarus
829 1785 1101 1841 idolorum
1154 1788 1328 1842 cultor
1352 1796 1459 1843 est.
1499 1785 1821 1857 Hujusmodi
1859 1789 2022 1859 igitur

2116 630 2256 683 γων.
2312 610 2460 666 Ἑκεί
2518 614 2616 684 μὲν
2646 608 2767 666 εἷπε
2789 613 2870 678 τὺ,
2905 612 3169 682 Ἀγιᾶζειο
3200 612 3339 667 ἀλλὰ
3369 612 3685 683 προσέθηκε

2115 705 2211 759 καὶ
2239 704 2322 768 τὸ,
2354 705 2505 774 πρὸς
2542 703 2656 772 τὴν
2698 702 2807 772 τῆς
2844 703 3076 770 σαρκὸς
3135 704 3512 772 καθαρότητα
3549 719 3562 733 ·
3605 704 3693 757 ἐνο

2116 798 2289 851 ταῦθα
2312 796 2387 860 δὲ,
2413 795 2709 864 Καθαριεῒ,
2729 795 2919 862 εἰπὼν,
2955 792 3161 860 ἔδειξεν
3189 794 3351 856 εὐθὺς
3379 795 3478 866 τὴν
3519 794 3693 866 ὑπερ-

2117 891 2268 960 οχήν.
2310 889 2538 957 Ἐπάγει
2589 888 2721 958 γὰρ,
2782 886 2867 941 ὅτι
2916 887 3019 958 τὴν
3082 887 3388 958 συνείδησιν
3415 886 3692 957 καθαριεῖ,

2116 984 2386 1046 τουτέστι,
2438 981 2529 1035 τὸν
2590 982 2741 1042 ἐντὸς
2802 981 3113 1052 ἄνθρωπον,
3166 980 3305 1050 ὅπερ
3332 981 3451 1033 ἐκεῖ
3472 979 3571 1033 οὐκ
3601 974 3692 1048 ἦν.

2120 1075 2298 1127 Κακεί
2318 1072 2416 1142 μὲν
2442 1071 2470 1124 ὁ
2501 1070 2779 1140 ἁψάμενος
2796 1069 3017 1140 νεκροῦ,
3048 1069 3428 1140 ὲκαθαρίζετο·
3460 1068 3696 1122 ἐνταῦθα

2120 1163 2175 1218 δὲ
2198 1168 2232 1236 ή
2262 1163 2530 1234 κάθαρσις
2558 1161 2667 1216 ἀπὸ
2693 1162 2904 1232 νεκρῶν
2947 1161 3127 1231 ἔργων
3162 1160 3273 1215 τῶν
3302 1159 3516 1231 ἀληθῶς
3549 1159 3699 1231 μιαί-

2122 1274 2233 1311 νειν
2259 1255 2595 1324 δυναμένων,
2621 1255 2714 1308 καὶ
2741 1254 2979 1321 ἀπάγειν
3009 1253 3171 1308 Θεοῦ.

2193 1437 2299 1502 Εἷς
2319 1433 2388 1490 τὸ
2412 1434 2729 1501 λατρεύειν
2749 1431 2871 1498 Θεῷ
2890 1431 3057 1493 (ira
3088 1433 3185 1486 καί
3210 1431 3475 1501 ἀληθινῷ
3493 1450 3515 1498 ;
3536 1434 3701 1486 ’Ὥστε

2122 1531 2151 1583 ὁ
2180 1527 2393 1596 νεκρῶν
2422 1525 2601 1595 ἔργων
2643 1524 2973 1593 ἁπτόμενος,
3006 1524 3067 1578 οὒ
3091 1524 3348 1596 λατρεύει
3394 1524 3512 1596 Θεῷ
3537 1525 3701 1590 ζῶντι

2124 1620 2220 1674 καὶ
2272 1617 2535 1687 ἀληθινῷ,
2591 1616 2729 1669 ἀλλὰ
2752 1615 2821 1669 τὰ
2871 1614 3070 1687 ἐργαᾶ
3116 1616 3463 1687 προαιρεῖται
3517 1617 3704 1670 ἐκεῖνα

2125 1711 2384 1765 θεοποιεῖ.
2447 1707 2640 1773 Οὕτως
2666 1709 2696 1762 ὁ
2715 1708 3131 1779 γαστρίμαργος
3161 1707 3401 1781 θεοποιεῖ
3454 1706 3557 1777 τὴν
3584 1724 3702 1760 κοι-

2125 1801 2246 1855 λίαν
2265 1819 2278 1831 ·
2306 1800 2479 1863 οὕτως
2508 1800 2536 1853 ὁ
2572 1799 2907 1869 πλεονέκτης
2963 1798 3358 1869 εἰδωλολατρεῖ.
3390 1795 3578 1869 Νεκρὰ
3610 1795 3707 1852 οἷν

445 1890 609 1944 opera
653 1884 866 1932 mortua
892 1885 1044 1941 sunt.
1084 1894 1192 1934 non
1225 1881 1402 1936 solum
1457 1881 1601 1950 quod
1631 1896 1660 1934 a
1690 1879 2023 1951 sempiterna

2134 1894 2234 1946 εἱσι
2263 1892 2329 1945 τὰ
2348 1890 2594 1953 τοιαῦτα,
2622 1891 2683 1943 οὐ
2716 1891 2874 1960 μόνον
2898 1889 2971 1952 ὡς
2998 1889 3100 1959 τῆς
3125 1889 3343 1943 αἰωνίου
3368 1886 3514 1959 ζωῆς
3545 1888 3704 1942 ἀλλό-

444 1968 554 2020 vita
598 1966 775 2021 aliena
819 1967 951 2032 sint,
981 1984 1167 2023 verum
1204 1969 1367 2024 etiam
1402 1970 1569 2041 quod,
1603 1970 1731 2024 dum
1758 1986 2025 2040 peragun-

448 2067 559 2121 tur,
586 2057 943 2112 exsecrabilia
975 2059 1107 2125 sint,
1132 2068 1294 2130 atque
1316 2061 1453 2116 adeo
1478 2076 1614 2116 vana
1645 2069 1697 2115 et
1718 2061 2023 2122 mendacia,

448 2150 506 2195 ut
535 2158 655 2213 qua!
687 2158 789 2199 nos
835 2144 1085 2201 inescant
1125 2154 1179 2200 et
1226 2147 1414 2202 suavia
1454 2148 1725 2214 videntur,
1761 2162 1884 2201 cum
1931 2149 2027 2200 mi-

448 2235 595 2287 nimc
618 2234 750 2289 sint.

522 2325 686 2381 Vens.
715 2326 802 2380 15.
834 2324 904 2380 Ει
939 2327 1058 2380 ideo
1092 2325 1233 2381 Novi
1275 2330 1594 2383 Testamenti
1651 2329 2023 2383 mediatorest.

362 2464 387 2490 ,
421 2417 607 2481 ‘Quod
660 2430 769 2471 non
823 2431 1033 2486 paucos
1063 2417 1487 2473 imbecilliorum
1545 2420 1816 2487 turbabat,
1879 2436 2026 2476 mors

453 2508 708 2563 videlicet
762 2507 1006 2563 Christi:
1045 2508 1101 2564 Si
1159 2511 1305 2564 enim
1336 2520 1589 2566 mortuus
1616 2520 1723 2577 est,
1750 2512 2026 2582 inquiunt,

450 2600 730 2670 quomodo
784 2600 937 2656 dabit
986 2617 1108 2672 quae
1155 2601 1453 2672 promisit?
1509 2602 1766 2673 huiejam
1821 2601 2027 2660 Paulus

461 2694 787 2750 medicinam
851 2696 1141 2763 adhibens,
1193 2697 1438 2752 ostendit
1457 2707 1682 2770 propter
1719 2698 1824 2754 hoc
1847 2700 2025 2770 ipsum

452 2796 632 2844 ratum
658 2796 713 2844 et
743 2787 955 2842 ﬁrmum
989 2803 1112 2844 esse
1148 2796 1562 2857 testamentum,
1616 2792 1744 2862 quia
1774 2801 2026 2847 mortuus

447 2890 564 2934 est:
626 2880 925 2934 viventium
983 2879 1130 2934 enim
1185 2886 1577 2936 testamentum
1638 2897 1747 2937 non
1794 2882 2025 2938 dicitur.

452 2972 585 3026 Eam
615 2971 685 3026 ob
711 2986 848 3036 rem,
874 2970 1074 3042 inquit,
1101 2980 1352 3028 mortuus
1373 2980 1476 3038 est,
1500 2981 1561 3027 ut
1588 2989 1688 3029 nos
1716 2974 2028 3042 mundaret,

452 3076 519 3117 ac
550 3061 604 3115 in
634 3068 964 3117 testamento
996 3062 1217 3132 reliquit
1246 3063 1405 3119 nobis
1453 3065 1943 3129 condonationem,
1976 3074 2031 3121 et

2127 2001 2275 2056 τρια,
2301 1983 2517 2036 ἀλλ’ὅτι
2546 1983 2640 2034 καὶ
2675 1981 2735 2034 ὲν
2765 1979 2916 2051 αὐτῷ
2946 1979 3026 2051 τῷ
3064 1980 3405 2051 πράττεσθαι
3441 1979 3707 2052 βδελυκτά

2126 2074 2252 2138 εἰσι,
2307 2072 2401 2126 καὶ
2452 2071 2624 2141 ψευδῆ
2673 2071 2751 2135 δὲ,
2794 2071 2867 2135 ὡς
2891 2071 3214 2137 δελεάζοντα
3276 2073 3448 2143 ἡμᾶς,
3499 2072 3705 2127 καὶδοο

2126 2166 2326 2219 κοῦντα
2351 2168 2449 2236 μὲν
2475 2165 2634 2237 ἡδέα,
2660 2166 2735 2237 μὴ
2763 2165 2890 2220 ὄντα
2917 2166 2995 2220 δέ.

2199 2339 2307 2394 Καὶ
2336 2338 2434 2392 διὰ
2460 2338 2634 2392 τοῦτο
2667 2339 2962 2406 Amarian
2984 2337 3208 2406 Καινῆς
3224 2340 3481 2408 μεσίτης
3507 2339 3703 2394 ἐστίν.

2133 2430 2306 2499 Ὅπερ
2357 2418 2618 2499 ἐτάραττε
2678 2425 2911 2490 πολλοὺς
2932 2423 3043 2480 τῶν
3090 2425 3573 2497 ἀσθενεστέρων,ὁ
3602 2425 3707 2480 θά-

2129 2535 2288 2582 νατος
2311 2518 2513 2589 δηλαδὴ
2554 2516 2647 2570 τοῦ
2700 2513 2960 2588 Χριστοῦ·
2998 2516 3063 2570 Et
3092 2517 3202 2588 γὰρ
3263 2519 3521 2584 ἀπέθανε,
3550 2522 3710 2585 φασὶ,

2130 2612 2249 2675 πῶς
2273 2609 2485 2665 δώσειᾶ
2515 2610 2874 2679 ἐπήγγελται;
2908 2609 3067 2663 τοῦτο
3102 2608 3197 2663 νῦν
3240 2611 3269 2664 ὀ
3300 2609 3512 2673 Παῦλος
3539 2609 3706 2679 θεραο

2132 2702 2337 2769 πεύων,
2385 2701 2659 2756 δείκνυσιν
2707 2701 2788 2755 ὅτι
2817 2699 2886 2754 δι’
2916 2701 3048 2755 αὐτὸ
3079 2703 3177 2772 μὲν
3201 2700 3294 2755 οὖν
3316 2700 3476 2755 τοῦτο
3518 2699 3711 2772 βεϐαία

2130 2797 2278 2851 ἐστὶν
2308 2798 2341 2866 ή
2375 2795 2611 2866 διαθήκη
2676 2792 2868 2860 αὐτοῦ,
2936 2792 3075 2847 διότι
3122 2793 3425 2848 ἀπέθανεν*
3454 2793 3547 2847 ἐπὶ
3601 2792 3713 2862 γὰρ

2131 2888 2352 2952 ζώντων
2378 2886 2609 2958 διαθήκη
2635 2885 2696 2940 οὗ
2721 2886 2963 2954 λέγεται.
2998 2884 3098 2939 Διὰ
3126 2886 3307 2949 τοῦτο,
3338 2886 3494 2955 φησὶ,
3530 2884 3619 2938 διὰ
3646 2885 3710 2937 τὸ

2132 2977 2429 3049 καθαρίσαι
2484 2976 2651 3047 ἡμᾶς,
2685 2976 2951 3043 ἀπέθανε,
2986 2975 3082 3029 καὶ⁸
3106 2976 3165 3028 ὲν
3188 2974 3427 3048 διαθήκῃ
3462 2975 3712 3029 κατέλει-

2130 3069 2232 3139 ψεν
2282 3070 2413 3140 ἡμῖν
2452 3069 2551 3139 τὴν
2606 3067 2821 3137 ἄφεσιν,
2867 3068 2963 3121 καὶ
2993 3069 3090 3138 τὴν
3120 3067 3425 3122 ἀπόλαυσιν
3454 3068 3562 3121 τῶν
3597 3083 3710 3120 πα-

460 3164 820 3224 paternorum
851 3154 1121 3209 bonorum
1158 3155 1501 3221 truitioncm,
1529 3156 1800 3212 mediator
1854 3154 2029 3212 factus

2134 3159 2324 3232 τρῴων
2375 3156 2620 3227 ἀγαθῶν,
2670 3157 2895 3228 μεσίτης
2939 3156 3235 3228 γενόμενος
3258 3157 3350 3211 τοῦ
3380 3156 3593 3228 Πατρδς
3617 3156 3713 3210 καὶ

455 3248 603 3302 inter
646 3245 865 3303 Patrem
914 3256 963 3302 et
988 3261 1112 3302 nos.
1144 3245 1306 3303 Pater
1362 3250 1508 3304 enim
1550 3249 1724 3304 noluit
1752 3251 2029 3306 dimittere

2136 3250 2315 3323 ἡμῶν.
2357 3250 2419 3304 Ὀ
2444 3249 2554 3321 γὰρ
2581 3249 2774 3320 Πατὴρ
2805 3248 2906 3303 οὐκ
2948 3247 3142 3320 ἤθελεν
3170 3250 3387 3318 ἀφεῖναι
3425 3249 3557 3321 ἡμῖν
3580 3249 3715 3317 κλη-

454 3337 617 3393 nobis
639 3337 1039 3403 hmreditatem,
1070 3337 1166 3392 sed
1196 3338 1542 3394 irascebatur
1574 3350 1633 3394 ut
1661 3339 1786 3395 ﬁliis
1834 3349 2029 3395 contu-

452 3430 708 3484 macibus
738 3435 793 3485 et
852 3429 1198 3486 abalienatis.
1230 3430 1482 3488 Christus
1510 3433 1699 3503 itaque
1759 3435 2034 3489 mediator

457 3519 642 3575 factus
674 3526 814 3586 erat,
852 3528 1020 3591 atque
1057 3521 1236 3590 ipsum
1262 3521 1424 3578 nobis
1451 3524 1849 3581 reconciliavit.
1882 3524 2032 3590 Quo-

456 3610 617 3666 modo
642 3610 666 3664 ?
695 3608 850 3676 Quod
876 3626 976 3666 nos
1002 3611 1452 3682 oportebatpati,
1477 3613 1613 3666 mori
1636 3614 1779 3668 enim
1810 3613 2034 3669 debuis-

462 3716 672 3767 semus,
705 3702 811 3758 hoc
832 3702 949 3773 ipse
979 3717 1079 3772 pro
1110 3703 1270 3759 nobis
1296 3704 1580 3769 sustinuit,
1606 3720 1816 3775 nosque
1842 3706 2037 3776 dignos

456 3799 789 3847 testamento
816 3791 1083 3863 reddidit,
1116 3802 1279 3862 atque
1318 3791 1584 3862 deinceps
1638 3800 2033 3847 testamentum

455 3885 651 3939 stabile
713 3882 991 3939 redditum
1054 3891 1142 3937 est
1195 3897 1295 3952 per
1359 3890 1588 3938 mortem
1622 3883 1769 3949 Filii,
1794 3898 1859 3940 eo
1889 3884 2035 3954 quod

462 3990 575 4030 non
607 3975 675 4031 ad
700 3975 957 4046 indignos
992 3974 1369 4030 haereditatem
1395 3975 1800 4030 transmiserat.
1823 3976 2035 4030 Etenim

456 4074 842 4123 testamentum
860 4067 1127 4135 quosdam
1151 4066 1392 4121 ham-cdes
1419 4065 1583 4121 habet
1611 4066 1832 4121 :-—audi
1853 4068 2037 4137 itaque

467 4158 856 4213 testamentum
888 4156 1134 4211 Christi:
1185 4156 1315 4211 Vota
1340 4166 1398 4210 ut
1421 4157 1510 4210 ubi
1542 4172 1634 4226 ego
1657 4174 1798 4221 sum,
1828 4166 1880 4213 et
1950 4158 2033 4213 illi

458 4239 647 4302 siut'”
670 4265 759 4314 ;—
791 4248 928 4303 aiios
947 4257 1129 4301 autem
1162 4247 1470 4303 exltaeredes
1494 4268 1506 4302 :
1532 4249 1654 4303 Non
1679 4265 1773 4317 pro
1797 4252 2038 4305 omnibus

461 4358 582 4396 vero
601 4357 750 4412 rogo,
776 4341 974 4412 inquit,
1004 4341 1096 4395 sed
1121 4357 1217 4409 pro
1241 4343 1306 4396 iis
1333 4348 1424 4409 qut
1442 4359 1536 4411 per
1568 4344 1778 4399 rerbum
1803 4345 2039 4415 ipsarum

2140 3343 2440 3416 ρονομίαν,
2494 3341 2610 3397 ἀλλ’
2669 3341 2939 3412 ὠργίζετο
2969 3339 3043 3404 ὡς
3077 3342 3215 3405 υἱοῖς
3269 3341 3564 3409 ἀθετήσασι
3616 3340 3715 3393 καὶ

2138 3437 2691 3510 ἀπηλλοτριωμένοις.
2745 3437 2804 3491 '0
2827 3432 2920 3491 οὖν
2953 3437 3190 3508 Χριστὸς
3217 3434 3445 3506 μεσίτης
3476 3436 3714 3503 ἐγένετο,

2139 3531 2235 3585 καὶ
2280 3529 2615 3601 κατήλλαξεν
2668 3528 2851 3583 αὐτόν.
2898 3528 3008 3583 Καὶ
3051 3526 3198 3594 πῶς;
3226 3528 3404 3597 ’Ὅπερ
3430 3525 3537 3579 ἔδει
3567 3526 3717 3596 ἡμᾶς

2141 3621 2358 3683 παθεῖν,
2382 3619 2674 3674 ἀποθανεῖν
2706 3619 2815 3689 γὰρ
2842 3618 3173 3688 ὠφείλομεν,
3196 3617 3354 3671 τοῦτο
3384 3617 3546 3680 αὐτὸς
3576 3617 3718 3688 ὑπὲρ

2138 3710 2299 3782 ἡμῶν
2322 3710 2553 3778 ὑπέστη,
2591 3710 2685 3761 καὶ
2714 3707 3140 3779 ὲποίησενήμᾶς
3177 3707 3361 3774 ἀξίους
3387 3708 3487 3778 τῆς
3516 3707 3712 3776 διαθήν

2142 3819 2267 3873 κης,
2321 3800 2416 3854 καὶ
2454 3799 2649 3854 λοιπὸν
2677 3802 2710 3871 ἡ
2748 3799 2984 3870 διαθήκη
3017 3798 3212 3870 βεϐαία
3241 3798 3460 3868 ἐγένετο
3490 3797 3582 3852 διὰ
3618 3798 3717 3851 τοῦ

2145 3894 2379 3949 θανάτου
2410 3892 2505 3947 τοῦ
2539 3890 2695 3958 Υἱοῦ,
2721 3892 2796 3957 ὡς
2816 3893 3011 3956 οὗκείς
3044 3892 3297 3960 ἀναξίους
3325 3892 3425 3961 τὴν
3467 3891 3720 3961 κληρονο-

2144 3983 2274 4052 μίαν
2303 3982 2747 4054 παραπέμψασα.
2812 3984 2925 4037 Καὶ
2963 3984 3134 4054 γὰρὴ
3176 3984 3412 4056 διαθήκη
3452 3986 3576 4049 τοὺς
3616 3985 3718 4056 μὲν

2144 4075 2519 4147 κληρονόμους
2568 4075 2679 4143 ἔχει
2700 4090 2789 4116 ⁸-
2819 4075 2981 4129 ἄκουε
3023 4074 3156 4142 γοῦν
3187 4077 3290 4141 τῆς
3317 4075 3457 4129 κατὰ
3484 4077 3721 4147 Χριστὸν

2144 4168 2435 4239 διαθήκηςο
2465 4166 2627 4222 Θέλω
2641 4167 2741 4219 ἵνα
2773 4166 2925 4220 ὅπου
2958 4166 3072 4236 ἐγώ
3091 4169 3228 4236 ειμι,
3260 4167 3360 4221 καί
3400 4163 3716 4224 οὗτοιῶσι·

2147 4288 2214 4301 --
2247 4261 2371 4322 τοὺς
2404 4257 2463 4312 δὲ
2494 4258 2857 4326 ἁποκλήρους·
2887 4259 2969 4311 Οὐ
2993 4257 3123 4324 περὶ
3144 4257 3386 4312 πάντων
3404 4257 3473 4312 δὲ
3505 4257 3719 4327 ἐρωτῶ,

2146 4345 2310 4400 ἀλλὰ
2335 4344 2468 4413 περὶ
2488 4342 2610 4396 τῶν
2634 4338 3049 4398 ,πιστευόντων
3059 4343 3157 4398 διὰ
3184 4346 3292 4400 τοῦ
3317 4347 3505 4415 λόγου
3522 4345 3722 4400 αὐτῶν

459 4435 677 4488 credunt
707 4435 763 4487 in
792 4450 874 4488 me
898 4434 966 4489 ".
985 4433 1400 4489 Testamentum
1425 4449 1587 4504 porro
1621 4444 1788 4491 testes
1830 4424 2029 4490 habet':

2153 4439 2241 4501 εις
2295 4434 2418 4504 ἐμέ.
2488 4432 2553 4487 Ἡ
2606 4432 2839 4504 διαθήκη
2891 4434 3180 4503 μάρτυρας
3239 4433 3377 4506 ἔχει’
3422 4435 3728 4504 Μαρτυρεῖ

462 4525 708 4582 Testatur
737 4534 909 4581 autem
929 4525 992 4580 de
1020 4542 1099 4579 me
1126 4526 1216 4597 ‘qui
1235 4527 1377 4580 misit
1393 4527 1533 4580 me”
1551 4543 1565 4590 ;
1585 4542 1649 4581 ac
1676 4541 1690 4585 :
1721 4525 2038 4581 Paraclems

462 4621 815 4675 testimonium
847 4620 976 4672 mihi
996 4619 1170 4683 dicet;
1197 4627 1252 4674 et
1286 4639 1298 4672 :
1350 4617 1450 4674 νος
1483 4629 1637 4673 testes
1664 4619 1763 4674 mei
1805 4622 1953 4674 estis.

537 4711 603 4766 Ut
630 4721 796 4764 morte
819 4710 1168 4785 intercedente
1221 4712 1272 4763 in
1307 4709 1663 4777 redemptione
1693 4726 1873 4764 eorum
1902 4726 2037 4780 prte-

463 4803 850 4856 Mricationum
867 4818 985 4870 qua:
1007 4813 1159 4856 erant
1188 4803 1282 4855 sub
1295 4802 1459 4870 priori
1490 4810 1822 4856 testamento.
1850 4802 2041 4856 Anim-

462 4894 704 4949 advertis
763 4893 967 4948 Christi
1024 4886 1257 4948 mortem
1290 4892 1379 4947 obv
1411 4900 1657 4948 nostram
1711 4891 2044 4961 redemptio-

464 5001 588 5040 nem
619 4984 813 5039 factam
838 4983 995 5040 esse?
1026 4984 1308 5050 Quomodo
1342 4984 1508 5054 igitur
1529 4998 1649 5038 eam
1692 4983 2046 5037 imbecillita-

462 5079 535 5133 tis
573 5092 697 5133 esse
726 5085 910 5147 putas,
962 5092 1086 5131 cum
1123 5077 1259 5131 adeo
1297 5085 1488 5146 potens
1521 5074 1704 5138 fuerit,
1739 5085 1797 5130 ut
1835 5092 1954 5146 qua}
1990 5076 2043 5130 in

467 5170 583 5240 lege
630 5178 790 5222 erant
855 5167 1342 5237 pmvaricationes
1424 5166 1690 5222 sanarit?
1762 5165 2046 5232 Quomodo

466 5262 635 5331 igitur
665 5258 735 5313 ad
761 5260 940 5330 legem
982 5258 1259 5328 confugis,
1321 5273 1443 5328 quae
1472 5257 1609 5313 adeo
1658 5266 1742 5313 est
1800 5257 2039 5322 infirma,

472 5362 533 5408 ut
558 5368 734 5423 neque
766 5351 1252 5423 praevaricationes
1284 5365 1407 5419 qua!
1441 5352 1493 5405 in
1528 5352 1644 5420 ipsa
1674 5353 1811 5404 lium.
1867 5350 2044 5405 corri-

472 5464 598 5516 gere
624 5448 908 5519 powerit?
932 5446 1191 5518 Nonquia
1230 5463 1394 5518 prava
1424 5457 1563 5514 erat,
1604 5446 1701 5503 sed
1733 5448 1860 5518 quia
1891 5448 2041 5502 intir-

435 5574 438 5577 λ
468 5552 575 5591 ma.

547 5625 960 5683 Promissianem
1004 5630 1286 5699 accipiant,
1329 5630 1418 5699 qui
1446 5631 1617 5684 vocali
1655 5641 1800 5697 sunt,
1831 5641 2041 5687 a'terme
2070 5688 2075 5695 _

540 5799 786 5859 II".loan.
817 5820 948 5872 xvn,
979 5805 1067 5860 24.
1144 5808 1186 5839 ²⁹
1215 5806 1371 5864 Joau.
1407 5824 1521 5874 \‘Ill,
1562 5809 1649 5865 Ἃ).
1728 5811 1771 5843 ³ο
1808 5807 1938 5866 ibid.
1980 5809 2060 5863 18.

2147 4531 2277 4597 περὶ
2301 4528 2448 4597 ἐμοῦ
2479 4531 2513 4583 ὀ
2531 4528 2776 4597 πέμψας
2794 4545 2869 4597 με
2894 4566 2908 4579 .
2938 4529 3051 4592 καὶ,
3077 4529 3132 4581 Ὁ
3156 4529 3545 4599 Haecin/tntae
3574 4546 3724 4599 μαρο

2145 4621 2395 4689 τυρήσει
2421 4620 2552 4687 περὶ
2573 4618 2748 4688 ἐμοῦ·
2785 4619 2898 4681 καὶ,
2928 4618 3130 4688 ’Υμεῖς
3156 4620 3225 4673 δὲ
3247 4620 3617 4690 μαρτυρεῖτε.

2219 4713 2418 4777 Ὅπως
2478 4709 2739 4765 θανάτου
2790 4711 3119 4779 γενομένου
3158 4714 3245 4777 είς
3297 4713 3726 4781 ἀπολύτρωσιν

2146 4802 2266 4857 τῶν
2295 4804 2391 4856 ἐπὶ
2429 4802 2745 4871 τῇςπρώτῃ
2785 4801 3042 4871 διαθήκῃ
3093 4803 3508 4870 παραϐάσεων.
3561 4804 3725 4873 Ὁρᾷς

2146 4895 2229 4948 ὅτι
2256 4897 2285 4948 ὁ
2321 4894 2551 4957 θάνατος
2576 4893 2671 4947 τοῦ
2729 4891 2968 4964 Χριστοῦ
2996 4893 3138 4965 ὑπὲρ
3162 4892 3261 4962 τῆς
3289 4895 3569 4964 ἡμετέρας
3590 4897 3729 4947 ἀπο-

2146 4983 2471 5054 λυτρώσεως
2502 4984 2758 5051 ὲγένετος
2784 4983 2908 5046 Πῶς
2933 4982 3027 5035 οὖν
3059 4981 3249 5036 τοῦτον
3278 4984 3561 5047 ἀσθενείας
3584 4982 3725 5037 εἶναι

2148 5076 2389 5144 νομίζεις
2419 5075 2510 5128 τὸν
2540 5072 2712 5138 οὕτως
2767 5074 3083 5144 ίσχύσαντα,
3110 5073 3253 5127 ὥστε
3300 5075 3395 5128 καὶ¹
3424 5075 3526 5138 τὰς
3563 5077 3619 5127 ὲν
3646 5074 3721 5141 τῷ

2149 5166 2298 5237 νόμῳ
2355 5165 2696 5237 παραϐάσεις
2748 5164 3035 5231 ἰάσασθαι;
3065 5166 3191 5230 Πῶς
3223 5164 3318 5220 οὖν
3363 5169 3722 5238 προστρέχεις

2148 5256 2227 5327 τῷ
2253 5257 2402 5329 νόμῳ
2442 5257 2521 5326 τῷ
2544 5255 2717 5319 οὕτως
2786 5257 3056 5329 ἀδυνάτῳ,
3112 5256 3255 5310 ὥστε
3315 5257 3453 5327 μηδὲ
3504 5258 3603 5320 τὰς
3632 5256 3723 5310 ἐπ’

2150 5348 2302 5421 αὐτῷ
2347 5348 2688 5417 παραϐάσεις
2722 5348 2987 5404 δύνασθαι
3008 5350 3447 5422 διορθώσασθαις
3497 5351 3611 5422 Οὐχ
3636 5353 3723 5405 ὅτι

2153 5445 2388 5513 πονηρὸς
2411 5437 2504 5513 ἦν,
2535 5441 2653 5496 ἀλλ’
2683 5443 2768 5496 ὅτι
2796 5442 3049 5516 ἀσθενής.

2227 5620 2346 5701 Tip-
2391 5631 2753 5702 ἐπαγγελίαν
2815 5629 3083 5685 ,ιάΰωσιν
3129 5633 3185 5685 οι
3214 5627 3570 5702 κεκλημένοι
3615 5626 3725 5695 τῆς
