4080 6420
521 371 626 436 315

1447 378 2033 442 THEOPHYLACTI
2074 384 2492 476 BULGARL-E
2534 387 2899 446 ARCHIEP-

3688 384 3798 452 316

521 491 658 548 illud
690 489 1104 554 commiserant,
1158 490 1407 559 impuues
1436 490 1547 542 sint
1597 490 1834 546 dimissi.
1878 491 2092 548 Peccati

2213 512 2290 558 ιες
2335 496 2676 565 ἀτιμώρητοι
2707 496 3034 565 ἀφείθησαν,
3087 493 3394 565 Ἀμαρτίας
3433 495 3540 565 γὰρ
3588 500 3803 568 παῤῥη·

523 585 668 639 enim
702 583 900 636 ﬁducia
925 592 980 635 et
1012 582 1238 635 libertas
1274 589 1358 635 est
1405 581 1736 649 supplicium
1795 583 2096 640 adducere.

523 675 786 741 Qumsivit
819 673 983 726 etiam
1027 670 1329 742 Gregorius
1363 673 1524 742 717
1557 672 1842 742 Nysseuus
1875 678 1928 729 itt
1964 675 2098 731 Ser-

523 779 684 818 mone
715 765 1088 830 Cateehetieu,
1120 773 1171 818 et
1230 772 1297 818 de
1328 763 1585 819 Natalitio
1615 766 1860 833 Christi,
1897 769 1965 824 de
1997 769 2101 824 hoc

523 857 669 925 ipso,
701 872 870 924 quare
895 860 950 909 in
983 857 1455 912 consummatione
1483 859 1809 912 saeculorum
1840 862 2103 915 incarna-

521 959 611 1001 tus
639 949 706 1000 sit
735 946 938 1013 Filius;
975 949 1113 1001 aein
1151 948 1296 1000 hunc
1339 949 1557 1002 modum
1599 949 1794 1004 diluit:
1827 951 2102 1016 Quemad-

531 1041 750 1093 modum
780 1043 972 1110 Optimi
1009 1043 1227 1104 medici,
1286 1041 1432 1096 intus
1480 1043 1662 1098 adhuc
1699 1045 1835 1098 febri
1897 1063 2101 1116 corpus

524 1131 895 1185 inﬂammante
927 1143 979 1185 et
1010 1148 1104 1200 per
1145 1147 1342 1187 causas
1377 1133 1549 1188 morbi
1570 1134 1890 1190 'eﬂ‘ectrices
1913 1137 2101 1192 incen-

525 1222 712 1285 dente,
750 1224 957 1276 nnl'um
999 1224 1262 1278 adhibent
1295 1235 1498 1294 a'groto
1529 1243 1594 1281 ex
1634 1227 1777 1282 cibis
1809 1229 2100 1295 auxilium,

529 1327 922 1387 exspectantes
974 1321 1243 1386 tantisper
1289 1318 1418 1374 dunt
1447 1321 1647 1381 malum
1708 1322 1775 1375 ad
1828 1338 2101 1377 summum

524 1410 857 1465 increverit:
893 1412 974 1464 sic
1005 1417 1058 1463 et
1082 1410 1370 1464 nobiscmu
1405 1421 1586 1466 aetum
1606 1419 1711 1467 est.
1752 1412 2104 1481 Exspectavit

529 1501 835 1556 animarum
872 1500 1142 1567 Medicus,
1173 1500 1349 1556 donec
1385 1503 1645 1556 universa
1697 1503 1919 1558 malitiae
1942 1505 2104 1574 aegri-

527 1593 657 1648 tudo
683 1593 1036 1662 panderetur,
1069 1602 1129 1648 ut
1157 1594 1290 1646 nihil
1320 1593 1432 1662 jam
1461 1594 1770 1650 abditorum
1795 1595 2102 1648 incuratum

531 1693 798 1748 maneret,
864 1685 1078 1740 mediCo
1135 1685 1483 1740 solummodo
1543 1687 1690 1756 quod
1757 1695 1906 1755 patet
1963 1688 2106 1742 visui

530 1784 777 1830 curante.
805 1776 1004 1832 Fusius
1033 1785 1215 1832 autem
1243 1778 1426 1833 disces
1454 1794 1575 1848 qua:
1602 1778 1735 1833 dicit
1755 1779 1972 1836 divinus
2000 1781 2102 1845 vir,

531 1867 576 1922 si
611 1868 708 1920 tibi
755 1869 1020 1937 placuerit
1053 1870 1199 1938 ipsas
1225 1869 1344 1933 eius
1373 1869 1683 1925 Conciones
1724 1872 1923 1941 legere.

604 1960 770 2017 Vens.
807 1963 896 2017 '27.
931 1963 998 2016 Et
1030 1965 1469 2032 quemadmodum
1516 1973 1777 2018 statutum
1809 1977 1885 2020 est
1935 1967 2107 2021 [tomi-

528 2056 682 2108 nibus
715 2055 871 2110 semel
905 2057 1060 2117 mori,
1096 2065 1276 2122 postea
1315 2065 1490 2110 autem
1517 2057 1806 2127 judicium.
1868 2058 2105 2114 Causam

524 2146 636 2213 jam
675 2163 822 2201 nunc
858 2148 1117 2216 exprimit
1151 2162 1323 2217 quare
1352 2149 1605 2204 Christus
1642 2151 1809 2206 semel
1837 2153 1909 2206 sit
1965 2167 2109 2206 mor-

531 2250 549 2292 t
574 2255 657 2293 IIIS
684 2256 697 2293 :
728 2255 921 2308 nempe
949 2241 1093 2308 quod
1125 2240 1286 2294 unius
1311 2242 1506 2296 mortis
1534 2241 1712 2296 lactus
1747 2243 1816 2296 sit
1838 2245 2104 2311 pretium.

531 2330 804 2384 Statutum
833 2331 980 2383 enim
1022 2341 1138 2384 erat
1169 2332 1484 2385 hominibus
1512 2333 1679 2386 semel
1707 2334 1871 2386 mori.
1911 2334 2093 2389 Semel

534 2421 719 2490 itaque
777 2432 1026 2475 mortuus
1073 2430 1159 2476 est
1195 2438 1292 2490 pro
1356 2423 1649 2478 universis.
1707 2424 1846 2489 Quid
1902 2425 2112 2494 igitur?

534 2529 679 2566 nunc
711 2528 842 2580 ergo
874 2528 982 2566 non
1024 2514 1331 2568 morimur?
1363 2515 1478 2578 Νεο,
1535 2515 1630 2570 sed
1665 2525 1840 2571 morte
1894 2533 2002 2571 non
2033 2518 2106 2572 ita

529 2602 858 2668 detinemur,
891 2612 949 2657 ut
989 2609 1245 2665 antehac,
1273 2604 1365 2658 sed
1403 2621 1496 2674 per
1553 2621 1700 2674 spem
1738 2608 2105 2662 resurrectio-

536 2695 644 2757 nis,
677 2695 837 2762 cujus
871 2696 980 2749 dttx
1044 2696 1220 2751 factus
1261 2705 1344 2750 est
1375 2699 1466 2766 qui
1527 2713 1627 2766 pro
1672 2698 1832 2753 nobis
1873 2708 2105 2753 mortem

532 2787 701 2840 subiit
749 2787 1024 2852 Christus,
1083 2803 1149 2840 ne
1199 2803 1348 2842 mors
1401 2790 1622 2858 quidem
1673 2799 1758 2845 est
1790 2806 1938 2844 mors
1980 2791 2106 2854 ista,

534 2893 724 2930 verum
760 2894 1014 2932 somnus.
1046 2878 1184 2944 Quia
1223 2880 1390 2948 igitur
1421 2897 1568 2935 mors
1592 2896 1785 2936 omnes
1812 2885 2100 2937 detentura

531 2977 670 3030 erat,
709 2977 998 3038 propterea
1027 2979 1278 3025 ntortuus
1309 2980 1413 3038 est,
1456 2981 1513 3026 ttt
1541 2989 1638 3029 nos
1685 2975 1966 3030 liberaret.
2003 2975 2098 3030 Vel

536 3075 645 3112 nun
673 3060 775 3115 hoc
803 3076 950 3114 nunc
977 3062 1147 3116 voluit
1179 3063 1422 3118 indicare
1444 3067 1764 3134 Apostolus,
1790 3067 1933 3136 quod
1963 3083 2111 3120 mor-

536 3157 646 3201 tem
677 3166 800 3220 quae
840 3151 1142 3207 debebatur
1173 3153 1334 3210 nobis
1371 3155 1425 3210 in
1445 3157 1777 3227 supplicium
1837 3159 1954 3228 ipse
1987 3175 2110 3230 per-

531 3241 779 3304 SilVOl'll,
837 3259 1027 3297 verum
1092 3246 1222 3314 quia
1291 3261 1416 3300 rere
1458 3247 1626 3300 homo
1682 3257 1801 3302 erat
1856 3249 2111 3305 Christus

533 3349 566 3402 p
599 3344 727 3388 :rter
758 3336 859 3390 hoc
894 3337 1037 3406 quod
1075 3337 1224 3394 Deus
1256 3350 1427 3404 esset,
1461 3341 1605 3395 sicut
1661 3343 1913 3397 homines
1942 3343 2110 3397 semel

535 3426 871 3492 moriuntur,
911 3429 1106 3483 deinde
1135 3430 1428 3499 judicium,
1465 3432 1546 3486 sic
1580 3441 1633 3486 et
1685 3435 1803 3502 ipse
1834 3435 2001 3488 semel
2029 3443 2113 3490 cst

537 3527 810 3574 mortuus.
845 3521 987 3574 Audi
1024 3534 1204 3575 autem
1237 3538 1357 3590 quae
1382 3535 1714 3590 sequuntur.

606 3609 772 3666 Vens.
800 3611 891 3665 98.
921 3612 1010 3668 Sic
1035 3622 1084 3665 et
1112 3611 1358 3668 Christus
1407 3615 1564 3667 semel
1613 3615 1842 3670 oblatus.
1874 3619 1912 3669 A
1965 3619 2115 3686 quo?

530 3702 648 3764 Ipse
673 3720 701 3757 a
731 3706 933 3774 seipse.
961 3704 1193 3759 Etiamsi
1226 3709 1370 3760 enim
1399 3707 1648 3776 pontifex
1681 3719 1786 3772 est,
1819 3719 1903 3765 est
1931 3725 2110 3766 tamen

529 3803 583 3846 ct
617 3795 978 3860 sacriﬁcium,
1011 3805 1066 3848 et
1098 3797 1342 3851 victima.

609 3883 675 3938 Ut
711 3888 1002 3940 multarunt
1043 3889 1254 3956 o/ferrel
1278 3901 1517 3956 peccata.
1555 3890 2029 3957 Quemadmodum
2057 3895 2110 3948 in

535 3990 691 4028 saera
736 3976 977 4046 Liltlrgiu
1032 3979 1316 4035 olli-rimus
1366 3992 1620 4048 peccata,
1655 3984 1926 4049 dicentes,
1987 3983 2113 4039 Sive

534 4067 690 4120 inviti
747 4068 859 4121 sive
888 4069 1176 4124 voluntarii
1242 4077 1616 4140 peccavimus,
1671 4075 1952 4130 condona:
2011 4077 2113 4129 hoc

533 4167 637 4218 est,
675 4160 1022 4212 meminimus
1050 4175 1239 4212 eorum
1285 4163 1544 4230 primum,
1581 4180 1645 4218 ac
1677 4166 1876 4224 deinde
1899 4168 2110 4222 condo-

532 4249 812 4303 nationem
867 4253 1156 4321 petimus}:
1213 4256 1357 4309 haud
1407 4273 1567 4311 secus
1625 4267 1680 4312 et
1729 4260 1844 4328 ipse
1893 4260 2111 4315 locutus

533 4351 616 4394 est
651 4341 716 4394 ad
745 4343 1000 4407 Patrem;
1041 4345 1146 4400 Pro
1174 4348 1301 4416 ipsis
1338 4365 1429 4417 ego
1459 4351 1735 4419 sancti/ica
1767 4352 2109 4420 nteipsum”.

533 4427 630 4483 Vel
659 4432 858 4487 obtulit
883 4448 1130 4504 peccata,
1167 4439 1269 4493 hoc
1294 4448 1400 4503 est,
1435 4441 1665 4495 abstulit
1714 4456 1776 4496 ea
1809 4444 1876 4498 ab
1929 4443 2113 4496 homi-

2205 587 2316 651 σία,
2346 588 2407 640 τὸ
2435 587 2708 656 τιμωρίιν
2744 589 2994 656 ὲπάγειν.
3048 588 3324 656 Ἢπόρησε
3357 587 3413 639 δὲ
3459 589 3555 642 καὶ
3584 591 3611 641 6
3641 589 3797 644 Νύσ-

2203 697 2304 750 σης
2342 680 2398 732 ἐν
2447 697 2506 732 τε
2536 679 2613 750 τῷ
2649 677 3036 750 Κατηχητικῴ,
3069 680 3164 733 καὶ
3213 678 3293 748 τῷ
3325 680 3404 741 εἰς
3434 679 3502 732 τὰ
3532 679 3626 731 τοῦ
3670 680 3804 748 Χρι-

2206 771 2334 824 στοῦ
2372 771 2624 838 γενέθλια
2658 771 2802 840 λόγῳ
2841 773 2968 842 περὶ
2997 770 3163 823 αὑτοῦ
3217 769 3430 835 τούτου,
3468 773 3566 824 Διά
3593 771 3646 823 τί
3704 771 3801 823 ἐπὶ
3881 808 3883 810 -

2206 860 2485 930 συντελείᾳ
2521 861 2630 913 τῶν
2677 860 2889 912 αίώνων
2934 859 3225 930 ὲσαρκώθη
3259 860 3288 910 6
3320 859 3444 922 Υἱός
3471 877 3485 924 ;
3517 861 3629 917 Καὶ
3669 851 3798 913 ἑπι-

2203 951 2410 1018 λύεται,
2463 953 2565 1015 ὅτι,
2609 953 2799 1021 ὥσπερ
2848 953 2898 1004 οἱ
2940 953 3151 1020 ἄριστοι
3220 951 3418 1022 ίατροὶ,
3465 949 3676 1004 ἔνδοθεν
3715 952 3804 1004 ἔτι

2203 1043 2298 1096 τοῦ
2338 1045 2575 1112 πυρετοῦ
2621 1044 2682 1096 τὸ
2724 1044 2886 1112 σῶμα
2934 1043 3367 1112 ὑποσμύχοντος,
3415 1045 3508 1095 καὶ
3554 1043 3641 1094 διὰ
3689 1042 3805 1094 τῶν

2205 1137 2504 1190 νοσοποιῶν
2546 1137 2734 1190 αἰτίων
2787 1137 3183 1202 ὲξαπτομένου,
3218 1135 3478 1204 οὐδεμίαν
3526 1135 3804 1204 ἐπάγουσι

2205 1227 2283 1296 τῷ
2311 1226 2632 1280 ἀσθενοῦντι
2676 1228 2740 1278 ὲκ
2763 1226 2872 1278 τῶν
2901 1227 3087 1278 σιτίων
3119 1226 3393 1295 βοήθειαν,
3428 1228 3802 1293 ἀναμένοντες

2207 1321 2288 1382 εἰς
2321 1321 2504 1388 ἀκμὴν
2541 1317 2858 1389 προσελθεῖν
2884 1317 2944 1369 τὺ
2969 1317 3159 1378 πάθοςο
3193 1317 3338 1369 οὕτω
3369 1317 3466 1368 καὶ
3497 1317 3585 1384 ἐφ’
3612 1316 3801 1385 ἡμῶν.

2218 1412 2528 1480 Ἀνέμεινεν
2556 1412 2585 1463 6
2611 1409 2722 1462 τῶν
2743 1409 2930 1478 ψυχῶν
2973 1409 3178 1477 Ἰατρὸς
3206 1407 3304 1476 τὴν
3340 1407 3440 1475 τῆς
3479 1409 3680 1469 κακίας
3710 1405 3806 1458 νό-

2209 1517 2301 1554 σον
2336 1503 2518 1555 πᾶσαν
2548 1501 2978 1570 ὲκκαλυφθῆναι,
3001 1499 3078 1562 ὡς
3121 1498 3188 1552 ἂν
3221 1497 3387 1568 μηδὲν
3416 1497 3524 1550 τῶν
3551 1514 3806 1567 κεκρυμ-

2211 1595 2388 1665 μένων
2421 1593 2794 1665 ἀθεράπευτον
2833 1592 3012 1663 μείνῃ,
3055 1589 3149 1644 τοῦ
3183 1590 3368 1660 ἰατροῦ
3406 1589 3568 1660 μόνον
3595 1590 3655 1641 τὸ
3691 1605 3808 1658 φα⁴

2207 1688 2297 1740 νὲν
2337 1687 2756 1757 θεραπεύοντος.
2815 1685 3159 1755 Πλατύτερον
3202 1682 3258 1736 δὲ
3292 1682 3534 1752 μαθήσῃ,
3567 1680 3603 1734 ἃ.
3634 1697 3808 1749 φησιν

2208 1779 2238 1830 6
2267 1778 2408 1841 θεῖος
2434 1777 2594 1848 ἀνὴρ,
2631 1777 2750 1846 εῐγε
2785 1794 2866 1830 σοι
2898 1775 3211 1847 βουλομένῳ
3247 1775 3395 1827 ἐστὶν
3433 1774 3677 1843 ὲντυχεῖν
3701 1771 3811 1825 αὑ-

2136 1870 2184 1928 Β
2213 1871 2324 1931 τοῖς
2357 1871 2470 1932 τοῖς
2501 1869 2711 1922 ἐκείνου
2740 1869 2942 1936 λόγοις.

2282 1966 2390 2019 Kal
2424 1967 2552 2020 καθ’
2583 1965 2736 2018 ὅσον
2763 1965 3074 2018 ἀπόκειται
3106 1960 3231 2028 τοῖς
3258 1960 3596 2028 ἀνθρώποις
3633 1959 3804 2024 ἅπαξ

2209 2056 2558 2122 ἀποθανεῖν,
2615 2057 2767 2125 μετὰ
2812 2055 2876 2108 δὲ
2934 2054 3110 2108 τοῦτο
3141 2055 3362 2122 κρίσις.
3414 2052 3528 2104 Νῦν
3571 2053 3668 2105 καὶ
3693 2050 3808 2121 τὴν

2211 2151 2392 2204 αἰτίαν
2437 2149 2587 2217 λέγει
2639 2149 2728 2202 διά
2782 2150 2827 2180 ³⁸
2860 2147 2912 2200 τί
2957 2145 3106 2210 ἅπαξ
3153 2145 3424 2199 ἀπέθανεν
3478 2147 3506 2198 6
3536 2145 3803 2212 Χριστός·

2210 2243 2365 2306 διότι,
2429 2245 2634 2312 φησὶν,
2694 2241 2813 2304 ἑνὸς
2881 2241 3114 2294 θανάτου
3178 2238 3497 2307 ἀντίλυτρον
3557 2237 3804 2305 ἐγένετο.

2224 2335 2516 2386 Ἀπέκειτο
2568 2335 2678 2403 γὰρ
2727 2336 2842 2396 τοῖς
2915 2332 3228 2402 ἀνθρώποις
3280 2329 3428 2394 ἅπαξ
3481 2329 3804 2382 ἀποθανεῖν.

2213 2425 2383 2478 Τοῦτο
2421 2422 2516 2479 οὖν
2543 2426 2605 2478 τὸ
2642 2411 2794 2489 ἅπαξ
2815 2425 3090 2486 ἀπέθανεν
3112 2425 3251 2493 ὑπὲρ
3291 2423 3535 2476 πάντων.
3565 2421 3630 2474 Τί
3661 2417 3760 2474 οὖν
3787 2438 3806 2485 ;

2210 2518 2325 2571 Νῦν
2351 2521 2451 2570 οὐκ
2476 2517 2928 2588 ἀποθνήσκομεν;
2958 2515 3094 2570 Ναί·
3124 2515 3237 2568 ἀλλ’
3257 2516 3356 2567 οὐκ
3379 2512 3813 2583 ὲγκρατούρεθα.

2211 2611 2287 2680 τῷ
2313 2611 2547 2680 θανάτῳ,
2587 2609 2778 2678 ὥσπερ
2808 2607 3018 2678 πρώην,
3048 2607 3184 2661 ἀλλά
3227 2606 3314 2658 διὰ
3339 2606 3438 2675 τὴν
3471 2603 3660 2657 ἐλπίδα
3697 2603 3812 2671 τῆς

2211 2701 2582 2766 ἀναστάσεως,
2631 2695 2698 2772 ἧς
2723 2699 2970 2769 ἀρχηγὸς
2995 2699 3212 2766 ἐγένετο
3245 2698 3273 2749 6
3308 2697 3447 2766 ὑπὲρ
3477 2695 3633 2766 ἡμῶν
3663 2696 3817 2746 ἀπο-

2213 2790 2390 2843 θανὼν
2420 2789 2677 2861 Χριστὸς,
2705 2791 2824 2842 οὐδὲ
2858 2789 3089 2850 θάνατός
3125 2788 3274 2840 ἐστιν
3300 2787 3328 2838 6
3364 2785 3592 2846 θάνατος
3619 2778 3809 2846 οὗτος,

2212 2883 2327 2935 ἀλλ’
2371 2882 2563 2944 ὕπνος.
2619 2882 2777 2934 Ἐπεὶ
2827 2877 2922 2934 οῦν
2971 2879 3167 2950 ἔμελλε
3203 2879 3412 2939 πάντας
3466 2876 3720 2944 κατέχειν
3775 2873 3810 2925 6

2214 2974 2463 3037 θάνατος,
2497 2972 2583 3025 διὰ
2628 2971 2790 3024 τοῦτο
2822 2971 3122 3035 ἀπέθανεν,
3171 2971 3262 3023 ἵνα
3291 2969 3441 3038 ἡμᾶς
3485 2965 3807 3036 ἀπαλλάξῃ.

2214 3068 2281 3118 "ll
2311 3066 2372 3118 οὐ
2414 3064 2571 3118 τοῦτο
2611 3063 2863 3133 βούλεται
2906 3062 3002 3116 νῦν
3038 3060 3233 3132 δηλοῦν
3262 3064 3290 3115 6
3326 3059 3671 3122 ’Λπόστολο;,
3712 3060 3818 3115 ὅτι

2211 3158 2304 3211 τὸν
2336 3157 2692 3227 ὀφειλόμενον
2746 3157 2880 3226 ἡμῖν
2939 3156 3018 3219 εἰς
3069 3153 3346 3225 τιμωρίαν
3377 3153 3607 3206 θάνατον
3635 3149 3811 3213 αὐτὸς

2214 3252 2492 3315 ἀπέτισεν,
2526 3250 2640 3302 ἀλλ’
2687 3250 2770 3302 ὃτι
2831 3247 3022 3318 ἐπειδὴ
3058 3246 3348 3316 ἄνθρωπος
3398 3240 3467 3316 ἦν
3513 3243 3731 3311 ἀληθῶς
3779 3247 3818 3296 6

2214 3341 2448 3412 Χριστὸς
2485 3343 2624 3410 μετά
2669 3339 2762 3393 τοῦ
2797 3339 2892 3392 καὶ
2925 3337 3060 3399 Θεὸς
3088 3333 3258 3402 εἶναι,
3289 3335 3478 3406 ὥσπερ
3509 3335 3558 3388 ol
3589 3332 3814 3404 ἄνθρω-

2216 3449 2306 3485 ποι
2341 3432 2492 3496 ἅπαξ
2518 3431 2982 3501 ἀποθνήσκουσιν,
3023 3425 3144 3482 εἶτα
3197 3429 3230 3498 ἡ
3278 3428 3485 3498 κρίσις,
3520 3425 3581 3478 οὔ
3597 3443 3664 3478 τω
3703 3425 3816 3478 καὶ

2215 3525 2378 3588 αὐτὸς
2404 3524 2552 3588 ἀπαξ
2583 3524 2877 3578 ἀπέθανεν.
2915 3524 3111 3576 Ἄκουε
3156 3516 3250 3574 οῦν
3288 3522 3386 3573 καὶ⁷
3415 3518 3524 3571 τῶν
3557 3517 3707 3587 ἑξῆς.

2289 3617 2452 3670 Οὕτω
2490 3617 2586 3669 καί
2619 3618 2654 3670 ὁ
2692 3614 2947 3683 Χριστὸς
2977 3613 3137 3675 ἅπαξ
3151 3609 3614 3679 προσενεχθείς.
3661 3607 3818 3662 Ὑπὸ

2219 3709 2404 3772 τίνος;
2446 3707 2620 3771 Αὐτὸς
2678 3707 2768 3770 ὑφ’
2824 3703 3043 3759 ἑαυτοῦ.
3095 3702 3157 3757 El
3208 3705 3317 3773 γὰρ
3363 3699 3457 3755 καὶ
3509 3699 3816 3772 ἀρχιερεύς

2215 3801 2386 3863 ἐστιν,
2417 3800 2553 3853 ἀλλά
2584 3800 2677 3852 καὶ
2707 3798 2877 3867 θῦμα,
2923 3797 3014 3851 καὶ
3047 3796 3271 3866 ίερείον.

2287 3893 2389 3958 Εἰς
2425 3890 2492 3945 τὸ
2539 3890 2789 3944 πολλῶν
2822 3887 3177 3956 ἀνενεγκεῖν
3232 3885 3542 3955 ἁμαρτίας.
3587 3884 3822 3952 Ὥσπερ

2215 3985 2308 4036 ἐπὶ
2345 3986 2444 4054 τῆς
2483 3983 2646 4049 ἁγίας
2697 3981 3048 4050 λειτουργίας
3106 3977 3456 4048 ἀναιρέρομεν
3493 3979 3561 4030 τὰ
3617 3976 3816 4044 ἁμαρ-

2213 4079 2469 4144 τήματα,
2505 4074 2598 4127 καὶ⁵
2636 4073 2892 4142 λέγομεν,
2929 4073 3054 4125 lifts
3093 4071 3326 4132 ἄκοντες
3352 4108 3366 4133 ,
3419 4067 3530 4120 εἴτε
3580 4067 3818 4132 ἑκόντες

2213 4168 2537 4237 ἡμάρτομεν
2565 4206 2581 4229 ,
2637 4165 2999 4235 συγχώρησον
3026 4176 3041 4192 '
3098 4162 3348 4215 τουτέστι
3384 4201 3399 4223 ,
3471 4157 3814 4228 μεμνήμεθα

2212 4261 2392 4312 αὐτῶν
2435 4261 2674 4329 πρῶτον,
2703 4258 2798 4310 καὶ
2835 4259 2956 4310 τότε
2999 4256 3099 4326 τὴν
3137 4255 3487 4324 συγχώρησιν
3516 4251 3812 4319 αἰτοῦμεν·

2211 4349 2354 4402 οὕτω
2383 4350 2474 4401 καὶ
2502 4348 2666 4409 αὐτὸς
2719 4344 2844 4400 εἷπε
2891 4346 2969 4416 τῷ
3002 4345 3194 4415 Πατρί·
3238 4343 3408 4411 Ὑπὲρ
3456 4341 3657 4394 αὐτῶν
3684 4339 3815 4408 ἐγὼ

2212 4440 2422 4510 (frmido
2471 4441 2754 4508 ἐμαυτόν.
2809 4441 2878 4491 Ἢ
2931 4439 3202 4509 ἀνήνεγκε
3259 4437 3326 4490 τὰ
3398 4436 3810 4507 ἁμαρτήματα,

533 4524 805 4590 nibtts,et
860 4530 1062 4583 ohtnlit
1110 4531 1282 4596 Patri,
1317 4541 1373 4585 ut
1429 4533 1541 4601 ipsa
1609 4535 1868 4589 dimittat.
1926 4535 2106 4600 Quare

2217 4535 2516 4596 τουτέστιν,
2543 4529 2677 4603 ἦρεν
2702 4533 2840 4585 αὐτὰ
2866 4532 2974 4585 ἀπὸ
3004 4530 3113 4582 τῶν
3145 4529 3471 4598 ἀνθρώπων,
3503 4527 3598 4580 καὶ
3628 4542 3809 4596 προσ-

525 4625 707 4669 autem
744 4619 885 4672 dixit
913 4619 1206 4675 Multorum
1259 4632 1311 4678 et
1362 4641 1489 4687 non,
1522 4624 1815 4680 Omnium?
1839 4626 2108 4692 Quoniam

531 4723 639 4760 non
675 4725 868 4766 omnes
909 4713 1271 4769 crediderant.
1310 4716 1454 4770 Mors
1483 4716 1628 4770 enim
1659 4719 1779 4786 ejus
1817 4719 1920 4771 fuit
1939 4720 2114 4788 aequi-

528 4795 716 4849 valcns
751 4799 995 4852 omnium
1034 4801 1300 4864 interittti,
1351 4820 1433 4863 ac.
1474 4814 1737 4874 quantum
1773 4807 1826 4860 itt
1855 4808 1974 4878 ipso
2003 4816 2109 4875 est,

531 4901 626 4951 pro
677 4892 932 4946 omnibus
990 4905 1244 4950 mortuus
1293 4907 1396 4954 est.
1443 4897 1560 4953 Non
1621 4900 1868 4953 omnium
1925 4909 2109 4956 autem

527 4991 753 5045 peccata
792 4984 1014 5050 obtulit,
1047 5001 1114 5041 eo
1147 4990 1290 5054 quod
1349 4991 1629 5044 noluerint
1693 4990 1816 5059 ipsi.
1871 4989 2112 5045 Proinde

527 5071 778 5127 inutilem
813 5076 916 5129 sibi
960 5077 1082 5131 Filii
1117 5078 1211 5133 Dei
1246 5089 1479 5136 mortem
1525 5081 1626 5151 ipsi
1682 5083 1953 5146 iecerunt,
1986 5099 2109 5155 qua:

524 5179 614 5218 res
646 5176 730 5220 est
759 5183 893 5222 sane
928 5169 1226 5227 horrenda.
1262 5174 1387 5229 llaec
1434 5174 1543 5228 divi
1601 5175 1833 5232 Joannis
1863 5179 2110 5248 Chryso-

521 5271 549 5308 s
579 5259 687 5312 nmi
725 5272 810 5314 εει
844 5265 1143 5318 sententia.
1180 5265 1379 5337 Reperi
1407 5276 1591 5323 autem
1627 5270 1793 5340 718
1817 5272 1956 5341 apud
1984 5287 2109 5325 eum

522 5346 576 5397 in
629 5349 773 5404 hunc
813 5353 1087 5425 Evangelii
1130 5357 1308 5412 locum
1333 5399 1346 5420 ,
1381 5358 1451 5414 Ut
1493 5361 1728 5414 animant
1759 5378 1911 5416 suam
1937 5363 1990 5416 in
2021 5379 2107 5416 re-

519 5442 869 5504 demptionem
896 5443 1048 5498 daret
1080 5463 1176 5516 pro
1212 5450 1394 5503 multis
1425 5451 1491 5516 “,
1525 5452 1936 5509 annotationem
1963 5469 2106 5524 quo-

630 5619 672 5650 ³³
701 5619 861 5676 .loan.
885 5640 1016 5691 xvu,
1050 5629 1134 5682 l9.
1211 5633 1254 5663 ³⁸
1280 5631 1470 5688 Matth.
1499 5649 1648 5701 xxvr,
1683 5638 1772 5690 28.

2217 4630 2413 4699 ήνεγκε
2457 4627 2536 4696 τῷ
2580 4628 2780 4696 Πατρὶ,
2835 4626 2924 4678 ἵνα
2981 4623 3120 4677 αὐτὰ
3173 4623 3309 4692 ἀφῇ.
3351 4621 3510 4681 Τίνος
3533 4619 3590 4673 δὲ
3613 4619 3812 4670 ἕνεκεν

2212 4717 2355 4785 εἷπε,
2390 4719 2661 4783 Πολλῶν,
2696 4718 2787 4770 καὶ
2811 4718 2896 4780 οὗ,
2935 4717 3199 4779 Πάντων;
3244 4714 3464 4781 Ἐπειδὴ
3493 4712 3567 4781 μὴ
3601 4711 3814 4774 πάντες

2211 4811 2568 4864 ἐπίστευσαν.
2611 4809 2669 4864 '0
2719 4811 2820 4878 μὲν
2863 4811 2971 4878 γὰρ
3007 4808 3234 4870 θάνατος
3265 4805 3432 4860 αὑτοῦ
3472 4804 3812 4874 ἀντίρροπος

2209 4897 2279 4972 ἦν
2333 4902 2433 4970 τῆς
2489 4901 2709 4956 πάντων
2739 4899 3040 4962 ἀπωλείας,
3089 4899 3187 4950 καὶ
3222 4896 3346 4948 ὅσον
3396 4894 3458 4946 τὸ
3505 4894 3589 4945 ἐπ’
3623 4889 3806 4960 αὐτῷ,

2214 4992 2356 5064 ὑπὲρ
2389 4993 2610 5047 πάντων
2637 4991 2910 5046 ἀπέθανεν
2934 5007 2947 5021 ⁸
2980 4991 3040 5042 οὐ
3080 4989 3300 5041 πάντων
3326 4987 3382 5039 δὲ
3405 4989 3505 5048 τὰς
3526 4982 3811 5054 ἁμαρτίας

2208 5084 2503 5153 ἀνήνεγκε,
2540 5081 2631 5135 διὰ
2677 5082 2738 5135 τὸ
2775 5083 2851 5151 μὴ
2885 5081 3112 5150 θελῆσαι
3168 5077 3390 5137 αὐτούς.
3426 5077 3591 5128 Ὥστε
3627 5075 3805 5142 ἄκρη·
3877 5125 3886 5132 ,

2211 5194 2338 5228 στον
2369 5177 2584 5240 ἑαυτοῖς
2618 5173 2710 5227 τὸν
2745 5175 2977 5228 θάνατον
3005 5172 3098 5226 τοῦ
3134 5171 3263 5224 Υἱοῦ
3306 5169 3400 5224 τοῦ
3427 5167 3564 5222 Θεοῦ
3607 5165 3804 5233 ὲποίη-

2211 5285 2327 5333 σαν,
2390 5267 2418 5321 ὃ
2475 5268 2571 5320 καὶ
2618 5266 2822 5337 φρίκης
2867 5266 3040 5332 ἄξιον.
3103 5264 3262 5318 Οὓτω
3314 5263 3414 5332 μὲν
3453 5261 3482 5312 6
3525 5258 3806 5331 μακάριος

2230 5359 2509 5430 Ἰωάννης.
2568 5352 2743 5430 Εὗρον
2779 5359 2837 5412 δὲ
2890 5359 2949 5411 ὲν
2997 5357 3075 5426 τῷ
3107 5356 3424 5425 Εὐαγγελίῳ
3454 5355 3532 5415 είς
3564 5351 3648 5412 τὸ.
3691 5349 3806 5403 Kal

2216 5451 2429 5508 δοῦναι
2468 5451 2582 5520 τὴν
2612 5449 2827 5521 ψυχὴν
2866 5449 3056 5506 αὐτοῦ
3105 5449 3334 5517 λύτρον
3366 5444 3499 5503 ἀντί
3525 5438 3802 5507 πολλῶν,

1865 5727 2066 5791 Varia:
2100 5724 2427 5788 lectiones.

590 5811 634 5841 "
668 5813 738 5864 δι’
760 5815 822 5885 ἣν
854 5831 904 5870 ο,
