4080 6432
305 417 410 485 3H

1075 430 1484 494 EXPOSlTIO
1508 433 1588 494 IN
1633 435 1868 495 EPIST.
1904 436 2005 494 AD
2036 436 2429 499 IIEBREOS.
2473 462 2544 474 —
2576 439 2738 502 CAP.
2781 438 2886 499 IX.

3510 433 3620 497 318

315 535 701 606 παραγρανεὴν
753 537 1129 612 ἐκδεχομένην
1167 543 1249 607 τὸ,
1285 543 1556 610 πολλῶν,
1617 546 1742 599 ἀντί
1798 545 1915 609 τοῦ,

2039 548 2298 615 'untdam,
2330 549 2422 619 qui
2490 550 2864 620 intelligerent
2918 547 3124 612 multis,
3182 561 3282 617 pro
3338 548 3620 603 omnibus:

319 628 586 681 πάντων
617 627 812 682 πολλοὶ
857 633 968 702 γὰρ
1007 635 1098 686 καὶ
1137 635 1188 687 oi
1229 636 1450 693 πάντες.

413 723 518 775 Ἕκ
544 720 846 790 δευτέρου
884 725 1064 794 χωρὶς
1093 726 1385 796 ἁμαρτίας
1428 730 1761 799 ὀφθήσεται
1795 730 1923 797 τοῖς

319 813 519 868 αὐτὸν
569 814 1086 884 ἀπεκδεχομένοις
1129 823 1216 885 εις
1268 823 1594 888 σωτηρίαν.
1660 823 1925 877 Ἀπέθανε

324 905 454 974 μὲν,
497 907 657 975 φησὶ.
693 904 991 974 βαστάζων
1025 909 1093 962 τὰ
1149 912 1528 981 ἁμαρτήματα
1586 913 1744 982 ἡμῶν
1769 955 1783 978 ,
1833 915 1928 966 καὶ

327 1006 671 1067 προσφέρων
706 999 788 1068 τῷ
825 1000 1004 1072 Πατρὶ
1033 1042 1047 1062 ,
1093 1002 1180 1055 ἵνα
1234 1004 1434 1066 αὐτοὺς
1484 1002 1746 1077 ἐξαλείψῃ
1785 1005 1927 1076 ὑπὲρ

323 1084 402 1142 ὧν
431 1093 524 1142 καὶ
554 1091 823 1145 ἀπέθανε.
851 1092 954 1145 Τὸν
998 1094 1106 1162 γὰρ
1138 1097 1213 1165 μὴ
1252 1095 1449 1162 γνόντα
1486 1097 1782 1167 ἁμαρτίαν,
1824 1114 1928 1166 φη-

330 1183 444 1246 σὶν,
480 1183 769 1252 ἁμαρτίαν
825 1185 1086 1252 ἐποίησεν
1121 1189 1148 1238 ό
1181 1186 1393 1257 Πατὴρ,
1441 1187 1516 1251 ὡς
1550 1190 1616 1240 τὰ
1649 1187 1808 1258 ἡμῶν
1855 1191 1933 1241 οἰ-

332 1275 678 1341 κειοῦμενον.
718 1274 1057 1346 Ὀφθήσεται
1080 1277 1135 1329 δὲ
1160 1279 1224 1330 ἐκ
1249 1279 1513 1349 δευτέρου
1541 1280 1727 1332 οὐκέτι
1754 1279 1933 1350 ἁμαρ·-

335 1365 458 1426 τεας
482 1365 913 1434 ἐπιφερόμενος,
946 1368 1069 1420 οὐδὲ
1098 1367 1336 1422 θανάτου
1364 1369 1626 1440 δευτέρου
1657 1372 1724 1424 δι’
1755 1372 1930 1433 αὐτας

332 1457 615 1524 δεόμενος,
653 1456 772 1509 ἀλλ’
819 1459 896 1521 ὡς
940 1458 1136 1530 κριτὴς
1186 1462 1264 1523 είς
1301 1463 1582 1530 σωτηρίαν
1626 1465 1739 1525 τοῖς
1766 1461 1932 1514 αὐτὸν

330 1550 831 1621 ἀπεκδεχομένοις,
865 1553 1136 1616 τουτέστι,
1173 1555 1288 1617 τοῖς
1319 1554 1676 1608 πιστεύουσιν
1727 1556 1808 1617 είς
1847 1555 1939 1607 αύ-

327 1642 450 1699 τον.
486 1644 584 1694 καὶ
614 1641 902 1705 ἐλπίζουσι
950 1644 1049 1718 τὴν
1082 1643 1251 1698 αὑτοῦ
1291 1646 1620 1715 παρουσίαν·
1669 1645 1937 1716 πρόδηλον

331 1735 390 1786 δὲ
438 1736 524 1788 ὅτι
567 1735 663 1788 καὶ
718 1735 886 1800 ἀξίως
935 1735 1108 1806 αὐτῆς
1155 1737 1314 1802 ζῶσι.
1365 1738 1628 1805 Καίτοιγε
1674 1737 1734 1791 ού
1777 1739 1939 1810 μόνον

331 1829 416 1886 είς
480 1825 766 1896 σωτηρίαν
815 1825 978 1896 ἥξει,
1010 1827 1148 1880 ἀλλὰ
1207 1829 1304 1881 καὶ
1371 1829 1451 1891 είς
1510 1829 1780 1900 τιμωρίαν
1827 1831 1937 1882 τῶν

2027 655 2219 695 omnes
2249 641 2394 695 enim
2435 641 2590 696 multi
2625 653 2772 698 sunt.

2103 733 2347 787 Secundo
2412 735 2524 788 sine
2592 745 2806 804 peccato
2885 734 3158 804 apparebit
3218 732 3620 800 expectantibus

2035 825 2208 890 ipsum
2241 827 2294 879 in
2334 825 2584 880 salutem.
2616 827 2785 890 Obiit,
2821 827 3020 888 inquit.
3080 825 3336 894 bajulans
3395 832 3619 893 peccata

2033 924 2313 980 nostra,ct
2349 917 2588 973 oﬂ'erens
2619 916 2786 983 Patri,
2809 929 2865 970 ut
2889 934 2949 972 ea
2979 917 3342 979 oblitteraret,
3373 931 3472 984 pro
3498 915 3622 982 qui-

2033 1002 2135 1056 bus
2166 1011 2218 1056 et
2254 1012 2505 1059 mortuus
2529 1015 2632 1060 est.
2662 1005 2795 1059 Eum
2828 1007 2974 1060 enim
3017 1008 3107 1076 qui
3141 1022 3248 1060 non
3289 1013 3444 1057 norat
3491 1019 3618 1072 pec-

2033 1103 2240 1156 catum,
2280 1095 2483 1165 inquit,
2519 1105 2807 1164 peccatum
2852 1097 2981 1153 fecit
3030 1097 3209 1162 Pater,
3259 1097 3388 1166 quia
3437 1104 3621 1150 nostra

2035 1187 2138 1241 sibi
2195 1188 2534 1243 vindicabat.
2590 1189 2887 1258 Apparebit
2953 1201 3134 1245 autem
3177 1189 3421 1244 secundo
3478 1187 3623 1243 haud

2037 1295 2204 1349 porro
2233 1281 2473 1349 peccatis
2504 1283 2906 1352 subjiciendus,
2938 1297 3117 1351 neque
3148 1280 3406 1337 secundae
3434 1280 3626 1333 mortis

2040 1381 2332 1442 propterea
2371 1373 2613 1444 indigus,
2675 1391 2867 1429 verum
2928 1388 2989 1429 ut
3039 1374 3211 1444 judex
3262 1374 3328 1426 ad
3385 1373 3624 1426 salutem

2039 1464 2469 1534 expectantibus
2537 1467 2740 1536 ipsmn,
2803 1464 2909 1520 hoc
2973 1473 3097 1528 est,
3162 1463 3521 1518 credentibus
3571 1464 3626 1514 in

2039 1557 2243 1625 ipsum,
2277 1563 2331 1610 et
2365 1556 2718 1626 sperantibus
2751 1557 2873 1624 ejus
2905 1557 3237 1612 adventum:
3274 1555 3626 1625 perspicuum

2043 1654 2358 1711 autemest,
2390 1647 2536 1716 quod
2584 1654 2638 1702 et
2685 1647 2848 1716 digne
2904 1635 3024 1718 ipso
3089 1647 3426 1702 viventibus.
3463 1645 3627 1715 Atqui

2042 1751 2150 1790 non
2198 1745 2409 1790 tantum
2455 1735 2523 1791 ad
2583 1737 2816 1791 salutem
2865 1738 3068 1801 veniet,
3119 1752 3306 1790 verum
3344 1737 3509 1788 etiam
3563 1732 3628 1787 ad

2045 1829 2377 1899 supplicium
2416 1828 2718 1885 inﬁdelium
2745 1839 2802 1886 et
2833 1840 3186 1901 peccatorum
3233 1827 3450 1884 aderit:
3481 1835 3629 1882 atta-

331 1920 591 1970 ἀπίστων
625 1918 722 1970 καὶ
751 1917 860 1971 τῶν
888 1917 1247 1989 ἁμαρτωλῶνο
1281 1917 1398 1974 ἀλλ’
1433 1921 1586 1990 ὅμως
1605 1922 1664 1974 τὸ
1698 1921 1927 1993 φαιδρὸν

2047 1937 2169 1977 men
2201 1923 2344 1993 quod
2370 1924 2673 1995 gratiosum
2703 1933 2844 1990 erat,
2875 1923 3032 1979 dixit.

330 2028 480 2064 ιιπε.

968 2104 1223 2160 ΚΕΦΑΛ.
1255 2103 1311 2160 1’.

416 2197 611 2252 Σκιὰν
635 2195 746 2267 γὰρ
771 2198 928 2265 ἔχων
958 2201 990 2252 ό
1018 2199 1204 2267 νόμος
1245 2199 1365 2252 τῶν
1395 2201 1757 2268 μελλόντων
1784 2199 1930 2267 ἀτα-

330 2293 479 2345 θῶν.
527 2290 794 2344 Τουτέστι
830 2290 1001 2354 τύπος
1064 2288 1140 2342 ὼν
1167 2291 1274 2344 τῶν
1303 2291 1446 2346 κατὰ
1494 2292 1595 2360 τὴν
1625 2291 1771 2343 Νέαν
1807 2294 1933 2345 Δια-

332 2386 512 2454 θήκην
573 2383 878 2453 μελλόντων
933 2382 1168 2435 δίδοσθαι
1229 2385 1384 2453 παρὰ
1423 2382 1660 2455 Χριστοῦ
1687 2383 1915 2452 ἀγαθῶν

334 2481 452 2541 τοῖς
478 2477 695 2546 ταύτην
727 2475 1222 2547 παραδεξαμένοις.

400 2573 530 2623 Οὐκ
558 2567 760 2634 αὐτὴν
781 2567 896 2632 τὴν
923 2570 1128 2622 εἰκόνα
1178 2567 1298 2620 τῶν
1331 2568 1713 2637 πραγμάτων.
1765 2571 1932 2623 Τουτ-

333 2664 510 2723 ἐστιν,
573 2661 676 2713 οὐκ
735 2661 905 2729 αὐτὴν
965 2661 1065 2728 τὴν
1125 2659 1406 2729 ἀλήθειαν.
1468 2662 1819 2732 Πραγμάτων
1873 2663 1932 2715 δὲ

330 2757 548 2819 mium;
577 2752 691 2822 Τῆς
720 2751 936 2814 Θυσίας,
963 2751 1064 2820 τῆς
1112 2751 1382 2819 ἀφέσεως.
1430 2752 1779 2822 Σκιαγραφίᾳ
1821 2753 1930 2823 γὰρ

330 2847 608 2916 ξῴιιεισαν
634 2842 705 2894 τὰ
735 2841 965 2908 παλαιὰ,
995 2841 1207 2913 ἀμυδρὰ
1237 2841 1384 2894 ὄντα·
1403 2843 1472 2895 τὰ
1504 2841 1561 2894 δὲ
1597 2843 1928 2908 νέα,είκόνι,

328 2938 618 2992 τουτέστιν
682 2931 931 3002 ἀληθείᾳ,
963 2932 1037 2994 ὼς
1061 2931 1336 3002 λιμττρῶς
1380 2931 1671 3000 ὑφεστῶτα
1697 2935 1792 2985 καὶ
1824 2951 1916 2984 τε-

328 3033 585 3098 laeto-op)
599 3026 824 3097 ηθέντα.
853 3024 1009 3078 Οὕτω
1035 3025 1131 3094 μὲν
1149 3020 1243 3078 οὖν
1269 3027 1295 3078 ὁ
1331 3027 1388 3077 ὲν
1418 3026 1596 3094 ἁγίοις
1645 3025 1929 3096 Ἰωάννης.

328 3122 446 3177 Οὐκ
475 3120 763 3191 ἄῖςςηστον
790 3116 845 3168 δὲ
874 3114 1217 3186 παραλαϐεῖν
1245 3115 1342 3168 καὶ
1370 3115 1405 3169 ἃ
1449 3116 1476 3167 ό
1503 3115 1763 3181 Θεολόγος
1791 3115 1933 3182 Γρηο

330 3216 515 3284 γόριος
541 3208 843 3264 ὑποϐάλλει
877 3209 1022 3261 νοεῖν
1083 3209 1141 3260 ὲν
1195 3205 1272 3274 τῷ
1299 3208 1471 3278 τόπῳ.
1543 3207 1780 3270 Ἐκεῖνος
1827 3207 1930 3277 γὰρ

2655 2099 2887 2156 CAPUT
2923 2099 2996 2153 Χ.

2109 2188 2274 2244 Vens.
2302 2189 2615 2245 LUmbram
2643 2191 2783 2246 enim
2809 2191 3001 2246 habens
3027 2191 3110 2246 lea:
3141 2192 3445 2260 futurorum
3472 2191 3634 2244 bono-

2039 2297 2179 2335 rum.
2209 2279 2320 2335 lloe
2349 2290 2454 2345 est,
2513 2297 2638 2336 cum
2676 2283 2748 2337 sit
2779 2293 2942 2354 typus
2977 2283 3248 2338 bonorum
3274 2281 3410 2336 Novi
3440 2282 3633 2336 Testae

2039 2374 2235 2437 menti,
2267 2388 2392 2441 quae
2427 2373 2688 2430 Christus
2728 2374 2796 2428 iis
2825 2374 2924 2445 qui
2957 2374 3104 2430 istud
3133 2374 3451 2446 accipcrent
3480 2388 3634 2429 com-

2040 2468 2421 2521 municaturus
2443 2475 2582 2522 erat.

2112 2557 2233 2612 Non
2271 2561 2437 2627 ipsam
2469 2558 2752 2628 imaginem
2793 2575 2988 2613 rerum.
3041 2557 3157 2612 Hoc
3189 2569 3292 2622 est,
3327 2573 3432 2612 non
3457 2558 3630 2627 ipsam

2039 2651 2357 2705 veritatem.
2432 2651 2633 2704 lterum
2703 2661 2887 2706 autem
2935 2637 3248 2719 qualium?
3320 2649 3578 2704 sacriﬁcii
3617 2689 3632 2712 .

2041 2741 2414 2812 remissionis.
2481 2739 2769 2796 Umbratili
2833 2755 3074 2810 namque
3136 2741 3366 2810 picturae
3426 2738 3631 2793 similia

2039 2843 2198 2889 erant
2233 2841 2440 2898 vetera,
2475 2842 2665 2904 utpote
2683 2835 2957 2888 obscura:
3001 2847 3140 2888 nova
3191 2847 3342 2898 vero,
3376 2832 3630 2902 imagini,

2038 2926 2148 2983 hoc
2169 2935 2274 2986 est.
2301 2927 2544 2988 veritati.
2630 2935 2688 2981 ut
2728 2942 2851 2996 qua:
2885 2926 3035 2980 clare
3095 2925 3401 2980 subsistant
3427 2933 3477 2978 et
3511 2940 3638 2994 pcr-

2041 3021 2182 3076 foeta
2206 3019 2339 3077 sint.
2369 3021 2528 3076 llunc
2571 3021 2635 3074 ad
2689 3022 2910 3075 modum
2973 3019 3134 3074 divus
3177 3018 3419 3074 Joannes
3452 3019 3630 3089 Chry-

2041 3120 2320 3168 sostomus
2357 3111 2633 3181 intelligit.
2688 3108 2845 3163 Haud
2883 3109 2982 3164 abs
3041 3123 3100 3162 re
3144 3117 3328 3163 autem
3389 3107 3553 3162 fuerit
3577 3108 3631 3162 in

2043 3205 2280 3258 medium
2315 3203 2564 3274 proferre
2588 3218 2708 3273 qua:
2728 3202 3024 3272 Gregorius
3068 3199 3380 3268 Theologns
3404 3201 3459 3254 in
3486 3201 3636 3255 hunc

335 3308 483 3372 λέγει
515 3303 618 3357 καὶ
647 3305 705 3356 ὲν
732 3301 910 3362 ἄλλοις
953 3300 1072 3371 μὲν,
1098 3299 1238 3371 πλὴν
1258 3299 1641 3371 ἀριδηλότερον
1672 3302 1730 3353 ὲν
1753 3298 1830 3370 τῷ
1860 3303 1934 3362 εἰς

2049 3297 2230 3349 locum
2259 3295 2452 3350 tradit.
2489 3295 2581 3349 Ille
2612 3296 2758 3348 enim
2795 3294 2920 3348 aliis
2943 3291 3162 3360 quidem
3195 3291 3246 3344 in
3273 3290 3431 3355 locis,
3463 3293 3636 3361 magis

329 3401 390 3453 τὸ
428 3400 631 3466 [Mala
693 3394 837 3464 λόγῳ
868 3393 953 3446 ὅτι
1008 3393 1084 3445 Τὸ
1132 3394 1354 3462 νομικὸν
1399 3393 1610 3462 Πάσχα,
1637 3393 1823 3462 τολμῶ
1853 3395 1948 3447 καὶ

325 3495 497 3558 λέγω.
549 3487 726 3539 τύπον
787 3483 954 3546 τύπος
1007 3478 1076 3553 ἦν
1119 3482 1514 3553 ἀμυδρότερος.
1563 3484 1728 3536 Ὥστε
1752 3483 1944 3536 δίδωσι

331 3585 497 3652 νοεῖ),
540 3580 704 3631 σκιὰν
739 3577 837 3647 μὲν
883 3577 977 3629 τὸν
999 3578 1162 3645 νόμον
1193 3575 1448 3643 λέγεσθαι
1485 3577 1634 3644 παρὰ
1657 3575 1752 3628 τοῦ
1787 3577 1946 3629 Ἀπο-

337 3671 554 3726 στλιυ·
589 3669 779 3721 εἰκότα
806 3667 882 3731 δὲ,
921 3666 989 3719 τὰ
1049 3665 1144 3719 νῦν
1169 3667 1226 3718 ὲν
1245 3669 1310 3737 τῇ
1349 3667 1648 3738 Ἐκκλησία
1667 3666 1951 3734 τελούμεοε

338 3783 426 3823 u.
453 3764 531 3824 ὡς
564 3760 738 3814 ἄλλων
766 3759 1118 3827 τελειοτέρων
1141 3757 1270 3810 ὅντα
1315 3757 1606 3827 ἐμφάσεις,
1632 3759 1743 3812 τῶν
1783 3761 1838 3811 έν
1861 3759 1938 3828 τῷ

346 3855 595 3922 μέλλοντι
617 3851 780 3904 αἰῶνι
813 3849 1389 3921 μεταληφθησομένων
1417 3853 1528 3912 τοῖς
1564 3850 1754 3913 ἀξίοις·
1790 3851 1944 3904 ἅ’καὶ
1991 3841 1997 3846 ’

352 3944 648 4012 πραγματα
699 3941 858 3994 καλεί
905 3939 1002 3992 νῦν
1042 3942 1069 3993 ὀ
1110 3941 1244 3992 Ἀπό
1259 3939 1462 4002 ττολος.
1501 3941 1714 4010 Ὠσπερ
1767 3937 1862 3994 οὖν
1902 3943 1936 4010 ἠ

354 4034 522 4087 εἰκὼν
548 4035 730 4102 ἀπέχει
761 4049 816 4084 τι
841 4033 934 4085 τοῦ
978 4031 1339 4100 πρωτοτύπου
1391 4033 1746 4103 πράγματος,
1785 4031 1930 4084 οὕτω

346 4129 447 4179 καὶ
477 4125 547 4177 τὰ
573 4126 658 4179 νῦν
696 4130 975 4195 μυστήρια
1005 4124 1111 4177 τῶν
1159 4125 1217 4175 ἐν
1248 4123 1328 4192 τῷ
1379 4124 1630 4193 μέλλοντι
1665 4124 1932 4194 πραγμά-

340 4233 457 4266 των
499 4215 608 4267 τῶν
641 4206 1043 4284 τελειοτέρων·
1097 4215 1192 4266 καὶ
1247 4213 1439 4284 ὥσπερ
1491 4213 1589 4282 τῆς
1643 4215 1855 4278 εἰκόνος
1906 4217 1938 4286 ή

341 4309 693 4374 σκιαγραφία
743 4305 1018 4373 λείπεται,
1071 4305 1216 4358 οὕτω
1256 4305 1352 4358 καὶ
1401 4306 1615 4375 ὁνόμος
1660 4307 1762 4376 τῆς
1811 4309 1941 4370 νέας

337 4398 728 4452 ἀπολείπεται.

2050 3397 2230 3442 tamen
2273 3388 2326 3442 in
2359 3387 2629 3441 concione
2663 3386 2730 3440 de
2760 3385 3026 3439 l‘aschate
3057 3383 3338 3438 memoria!
3367 3381 3634 3452 prodidit,

2048 3481 2340 3542 nimirum,
2371 3479 2517 3549 quod
2549 3479 2760 3533 Pascha
2799 3477 2994 3546 legale,
3027 3476 3292 3530 audacter
3324 3474 3472 3535 dico,
3502 3482 3632 3544 typo

2047 3581 2210 3643 typus
2279 3571 2444 3626 fuerit
2507 3569 2824 3625 obscurior.
2893 3567 2993 3621 Dat
3055 3567 3242 3636 itaque
3300 3565 3632 3635 intelligere,

2047 3665 2298 3717 umbram
2330 3662 2553 3732 quidem
2587 3662 2758 3730 legem
2794 3659 2901 3714 dici
2926 3659 3070 3729 apud
3097 3659 3454 3728 Apostolum:
3497 3657 3637 3709 ima-

2045 3757 2226 3826 ginem
2259 3769 2412 3818 vero,
2447 3769 2570 3823 qua:
2609 3767 2760 3807 nunc
2818 3751 2873 3805 in
2937 3751 3185 3806 Ecclesia
3249 3749 3632 3819 perﬁciuntur,

2044 3865 2145 3904 ceu
2182 3866 2304 3918 qua:
2362 3849 2601 3903 aliorum
2672 3846 3069 3916 perfectiorum
3108 3846 3376 3900 bonorum
3421 3844 3636 3915 signiﬁ-

2044 3940 2292 3993 cationes
2327 3947 2475 4004 sunt,
2502 3954 2625 4008 qua:
2673 3937 2728 3991 in
2779 3936 2967 3990 futuro
3021 3937 3230 3990 saeculo
3279 3934 3463 4004 dignis
3504 3943 3636 3989 sunt

2047 4029 2442 4099 impertienda;
2522 4045 2644 4098 qua:
2737 4044 2882 4084 nunc
2939 4028 3239 4098 Apostolus
3299 4043 3390 4082 res
3450 4034 3632 4082 vocat.

2043 4122 2281 4176 Perinde
2315 4121 2484 4193 igitur
2513 4131 2571 4174 ut
2625 4122 2804 4188 imago
2868 4121 3036 4175 distat
3075 4121 3330 4174 nonnihil
3391 4135 3422 4173 a
3456 4120 3634 4188 primo

2043 4212 2378 4280 exemplari,
2467 4211 2814 4268 consimilem
2886 4211 2956 4266 ad
3033 4211 3254 4266 modum
3341 4214 3635 4281 praesentia

2044 4303 2307 4372 mysteria
2367 4303 2573 4356 distant
2633 4319 2663 4355 a
2720 4301 3142 4373 perfectioribus
3215 4303 3385 4356 futuri
3445 4303 3634 4358 saeculi

2043 4394 2226 4450 rebus.
2255 4386 2942 4463 Quemadtnodum'porro
2988 4395 3168 4463 prima
3221 4394 3518 4448 delineatio
3550 4403 3637 4449 est

2041 4485 2273 4540 inferior
2306 4486 2540 4556 imagine
2581 4485 2699 4554 ipsa
2729 4525 2745 4547 ,
2787 4489 2934 4539 hunc
2987 4484 3056 4538 ad
3090 4484 3311 4538 modum
3347 4484 3454 4538 Lex
3483 4484 3635 4538 Novo

2044 4573 2396 4629 Testamento
2427 4583 2512 4630 est
2540 4573 2788 4627 inferior.

412 4659 556 4714 Κατ’
579 4658 863 4712 ἐνιαυτὸν
901 4657 1032 4724 ταῖς
1080 4657 1290 4724 αὑταῖς
1321 4659 1584 4725 θυσίαις,
1626 4658 1700 4726 ἂς
1744 4675 1934 4727 προσ-

2113 4665 2217 4719 Per
2231 4665 2468 4735 singulos
2488 4679 2656 4718 annos
2672 4663 2868 4718 eisdem
2887 4663 3018 4731 ipsis
3037 4663 3225 4717 hostiis
3245 4681 3376 4733 quas
3399 4664 3632 4732 offerunt

339 4751 484 4819 φέρο
495 4763 643 4801 ινσιν
664 4750 749 4812 εις
777 4749 838 4799 τὸ
864 4747 1457 4814 διηνεκὲς,οὺδέποτε
1478 4750 1770 4805 δύνανται
1795 4752 1936 4817 τοὺς

338 4838 874 4908 προσερχομένους
902 4837 1317 4892 τελειῶσαι.Ἥ
1349 4839 1562 4894 διάνοια
1604 4840 1697 4894 τοῦ
1730 4842 1934 4911 χωρίου

338 4933 572 4998 τοιαύτη
594 4931 764 4982 ἐστίν·
790 4929 961 5001 Εἴπερ
983 4932 1136 5000 ἰσχὺν
1152 4927 1296 5001 εἶχον
1314 4933 1371 4984 αξ
1389 4932 1614 5002 νομικαὶ
1631 4932 1937 4998 ουσὲαι,οὐκ

339 5024 409 5075 ἂν
442 5022 712 5088 διηνεκῶς
745 5023 1170 5092 προσεφέροντο·
1206 5021 1355 5086 ἅπαξ
1383 5023 1493 5094 γὰρ
1545 5026 1935 5097 προσενεχθεῖ-

340 5131 454 5176 σαι,
492 5115 592 5166 καὶ
620 5113 996 5182 ὼςρελήσασαι,
1027 5114 1342 5167 ἐπαύσαντο
1375 5115 1461 5168 ἄν.
1487 5115 1604 5168 Νῦν
1636 5117 1692 5170 δὲ
1745 5120 1936 5188 ἐπειδὴ

338 5206 461 5259 κατ’
478 5205 738 5259 ἐνιαυτὸν
763 5207 1170 5275 προσεφέροντο
1188 5207 1268 5270 εἰς
1283 5205 1343 5260 τὺ
1371 5207 1641 5278 διηνεκὲς,
1667 5211 1936 5282 πρόδηλον

337 5301 418 5353 ὅτι
469 5298 742 5368 ἠσθένουν
801 5297 1110 5353 τελειῶσαι.
1165 5301 1275 5352 Καὶ
1309 5300 1399 5353 διὰ
1445 5301 1606 5354 τοῦτο
1639 5303 1778 5372 μετὰ
1832 5304 1932 5374 τὴν

340 5392 566 5462 πρώτην
635 5391 852 5452 θυσίαν,
899 5391 1183 5463 δευτέραν,
1245 5391 1341 5445 καὶ
1390 5391 1558 5462 ἄλλην
1597 5393 1716 5461 μετ’
1757 5396 1930 5466 αὐτὴν

338 5486 704 5558 προσέφερον.
741 5484 956 5553 Ὠσπερ
986 5483 1208 5538 καὶτῶν
1247 5487 1554 5556 φαρμάκων
1590 5488 1789 5558 ἰσχυρὰ
1811 5490 1932 5559 μὲν,

333 5581 428 5633 ὅσα
488 5578 647 5645 ἆπαξ
711 5575 1041 5630 ἐπιτεθέντα
1097 5577 1416 5648 θεραπεύει’
1469 5577 1539 5632 τὰ
1567 5579 1624 5633 δὲ
1676 5581 1934 5645 πολλάκις

329 5674 695 5744 ἐπιτιθέμενα
723 5709 740 5733 ,
789 5667 979 5721 αὐτόθι
1023 5667 1312 5738 δηλοῦνται
1348 5669 1638 5739 ἀνίσχυρα.
1675 5672 1933 5740 Ζητείται

321 5769 387 5835 δὲ,
421 5768 492 5821 ΤΞ
534 5762 644 5819 οὖν
671 5779 686 5826 ;
727 5759 868 5830 Οὐχὶ
896 5759 995 5811 καὶ
1033 5759 1192 5826 ἡμεῖς
1225 5759 1313 5811 ἀεὶ
1339 5758 1532 5822 θυσίας
1557 5761 1932 5832 ἀναιμάκτους

314 5859 768 5937 προςςιςέρομενς
808 5850 945 5907 Ναίο
985 5848 1101 5903 ἀλλ’
1131 5852 1439 5924 ἀνάμνησιν
1475 5853 1786 5925 ποιούμεθα
1834 5856 1926 5910 τοῦ

2034 4758 2412 4821 indesinenter,
2453 4771 2724 4825 nunquam
2754 4766 2970 4824 possunt
3013 4757 3318 4810 accedentes
3366 4757 3629 4826 perfectos

2034 4847 2229 4917 facere.
2262 4847 2435 4916 "njtts
2468 4848 2570 4901 loci
2611 4861 2810 4902 sensus
2833 4855 2918 4902 est
2966 4848 3280 4916 huiusmodi
3313 4865 3328 4903 :
3368 4847 3424 4902 Si
3466 4851 3639 4903 robur

2036 4939 2358 4995 habuissent
2394 4939 2560 5009 719
2608 4939 2837 4995 victime
2878 4939 3098 5008 legales,
3124 4955 3236 4993 non
3258 4953 3520 5009 perpetuo
3545 4939 3634 4994 of-

2041 5033 2317 5088 ferrentur
2344 5050 2358 5086 :
2389 5033 2558 5087 semel
2589 5034 2734 5087 enim
2761 5033 2981 5096 oblatae,
3023 5031 3205 5085 fructu
3243 5033 3476 5100 prolato,
3511 5046 3636 5086 ces-

2039 5135 2276 5178 sassent.
2313 5120 2434 5175 Jam
2470 5138 2600 5177 vero
2631 5121 2759 5192 quia
2792 5121 3094 5191 quotannis
3128 5131 3396 5191 perpetuo
3434 5120 3633 5176 odere-

2034 5211 2258 5276 bantur,
2293 5211 2515 5281 planum
2566 5221 2651 5265 est
2695 5218 2843 5281 quod
2880 5211 3212 5265 inﬁrmiores
3245 5220 3426 5274 erant,
3463 5225 3629 5279 quam

2035 5313 2094 5357 ut
2124 5316 2348 5374 possent
2402 5319 2735 5374 quemquam
2795 5303 3098 5373 perfectum
3149 5303 3400 5357 reddere.
3454 5304 3633 5374 Atque

2033 5395 2178 5448 hanc
2226 5395 2297 5449 ob
2343 5409 2571 5449 causam
2618 5402 2740 5462 post
2783 5395 3013 5463 primam
3046 5392 3403 5456 oblationem,
3433 5408 3633 5448 secun-

2033 5485 2160 5539 dam
2203 5500 2270 5540 ac
2308 5485 2527 5540 tertiam
2589 5483 2912 5540 oﬂ'erebant.
2963 5482 3437 5550 Quemadmodum
3487 5485 3633 5542 inter

2033 5579 2332 5647 pharmaca
2377 5593 2440 5632 ea
2483 5578 2660 5633 valida
2711 5579 3010 5642 habentur,
3042 5593 3164 5648 quae
3199 5578 3282 5632 vel
3321 5580 3490 5634 semel
3530 5580 3634 5633 im-

2034 5672 2212 5740 posita
2261 5679 2459 5725 curant
2517 5687 2534 5726 :
2572 5687 2694 5741 quae
2736 5681 2916 5726 autem
2987 5671 3192 5740 sa'pius
3238 5671 3622 5741 imponuntur,

2034 5763 2138 5816 hoc
2170 5762 2288 5831 ipso
2342 5762 2709 5817 ostenduntur
2740 5777 2862 5818 esse
2905 5763 3087 5817 minus
3121 5761 3302 5817 fortia.
3335 5761 3629 5817 Suboritur

2034 5864 2216 5910 autem
2253 5855 2342 5914 hic
2371 5857 2600 5925 qumstio
2629 5873 2639 5908 :
2672 5855 2810 5920 Quid
2839 5854 3042 5928 igitur?
3082 5853 3274 5912 Nonne
3307 5865 3360 5912 ct
3386 5870 3484 5910 nos
3515 5855 3615 5909 hu-
