4080 6416
522 414 631 478 313

1454 413 2033 475 THEOPHYLACTI
2101 408 2511 472 BULGAthE
2545 408 2899 469 ARClllEi‘.

3694 373 3810 464 ao

527 528 662 581 stias
694 525 1011 581 incruentas
1035 531 1298 596 perpetuo
1334 522 1665 579 ollerimus?
1698 524 1934 577 U.nnino
1963 540 1976 572 :
2007 520 2103 577 sed

2219 516 2468 571 θανάτου.
2524 515 2635 568 Καὶ
2687 513 2789 584 μία
2836 512 2984 566 ἐστὶν
3032 509 3209 581 αὕτη,
3245 511 3309 564 οὐ
3360 508 3580 565 πολλαὶ.
3616 509 3814 581 ἐπειδὴ

528 617 851 671 :nemoriam
906 616 1142 671 fac-imus
1205 617 1400 671 mortis
1442 615 1681 670 Domini.
1740 615 1949 685 Estque
2002 613 2108 668 ista

527 709 711 772 unica,
738 725 846 762 non
873 708 1076 771 multa),
1097 706 1538 778 quandoquidem
1565 706 1735 764 semel
1763 706 1980 759 oblatus
2002 711 2109 761 est.

522 797 661 853 I'iam
697 801 948 855 eumdem
983 815 1200 868 semper
1224 799 1525 863 offerimus,
1547 798 1657 853 into
1695 798 1877 866 potius
1907 810 2111 851 memoo

524 892 664 967 riam
703 893 850 944 illius
883 891 1181 945 oblationis
1215 889 1470 954 facimus,
1496 903 1604 959 qua
1648 904 1707 942 se
1739 892 1857 957 ipse
1889 888 2108 954 obtulit,

526 998 626 1035 cett
656 981 767 1050 jam
802 998 946 1034 nunc
981 979 1122 1034 facta
1161 982 1253 1034 sil.
1288 979 1527 1035 Proinde
1570 979 1793 1034 unicum
1828 987 1913 1034 est
1938 979 2113 1033 sacri-

528 1073 733 1125 ficium.
789 1072 923 1125 Nam
974 1071 1121 1140 quod
1161 1070 1226 1124 ad
1268 1071 1631 1140 quaestionem
1708 1070 1929 1134 attinet,
1969 1075 2111 1133 ﬁcum

523 1163 712 1217 multis
747 1163 801 1216 in
841 1162 977 1216 locis
1008 1162 1262 1225 oflertur,
1296 1176 1426 1214 num
1476 1160 1643 1227 igitur
1678 1161 1835 1214 multi
1867 1159 2114 1216 Christi?

522 1270 864 1323 nequaquam
896 1272 911 1309 ε
948 1256 1042 1311 sed
1071 1272 1214 1311 unus
1242 1264 1328 1311 est
1362 1255 1581 1324 ubique,
1613 1264 1667 1308 ct
1700 1254 1787 1309 hic
1818 1255 2032 1323 plenus,
2062 1263 2116 1308 et

521 1346 634 1400 illic
664 1347 859 1417 p!enus
894 1359 945 1402 ct
973 1348 1275 1416 perfectas.
1320 1362 1605 1416 unumque
1654 1361 1880 1415 corpus.
1913 1344 2119 1411 Quem.

520 1438 821 1492 admodum
868 1439 1033 1494 enim.
1066 1440 1325 1494 Christus
1376 1440 1429 1493 in
1483 1438 1668 1492 multis
1708 1439 1843 1493 locis
1899 1437 2116 1492 oblatus

521 1547 693 1586 unum
746 1546 950 1600 corpus
1006 1540 1112 1593 est.
1149 1540 1204 1586 et
1244 1548 1354 1585 non
1414 1531 1584 1585 nutlta
1635 1545 1889 1600 corpora,
1938 1531 2019 1584 sic
2063 1538 2118 1585 et

522 1639 690 1676 unum
741 1622 1098 1678 sacrificium.
1151 1621 1287 1675 Nam
1326 1624 1473 1677 illam
1527 1623 1764 1678 hostiam
1801 1621 2115 1688 oﬂ'erimns,

518 1729 643 1781 qnte
675 1724 789 1766 tum
817 1724 930 1767 erat
954 1713 1164 1767 oblata.
1198 1711 1315 1767 Illic
1349 1723 1531 1768 autem
1557 1713 1699 1767 alius
1729 1721 1850 1767 erat
1875 1714 1969 1783 qui
2001 1713 2118 1768 heri

520 1806 743 1859 oblatus
775 1812 915 1870 erat,
961 1819 1135 1875 agnus
1185 1803 1439 1866 fortasse,
1486 1820 1515 1857 a
1541 1805 1765 1858 victima
1795 1819 1916 1873 qua:
1953 1803 2114 1858 hodie

520 1897 597 1948 ozi'
633 1908 783 1961 rtnr;
838 1911 938 1949 nec
991 1897 1160 1952 veluti
1192 1899 1650 1951 commemoratio
1683 1908 1803 1952 erat
1841 1897 2112 1951 hesterna:

517 1989 835 2050 uitiationis,
877 1988 969 2057 qui
1008 1988 1168 2041 hodie
1214 1987 1549 2043 oli‘erehalur
1601 2005 1797 2059 agnus,
1848 1989 1945 2043 Sf‘d
1994 1989 2112 2058 ipse

517 2097 615 2149 per
659 2081 900 2148 stripsum
932 2080 1263 2135 sacriﬁcium
1313 2082 1652 2147 perficiebat.
1687 2081 1975 2146 Quomodo
2005 2080 2111 2149 igi-

517 2185 609 2228 tttr
650 2174 737 2227 hic
791 2174 867 2226 ait
920 2172 1243 2240 Apostolus,
1291 2173 1479 2227 iisdem
1532 2173 1867 2241 sacrificiis?
1905 2171 2108 2227 Eadem

516 2264 788 2319 sacriﬁcia
815 2263 1059 2325 fuerunt,
1082 2263 1529 2332 quandoquidem
1559 2264 1762 2318 eaedem
1789 2264 2006 2333 species
2027 2262 2116 2318 of-

520 2355 861 2419 ferebantur,
924 2355 1088 2407 veluti
1139 2370 1318 2424 agnus
1370 2354 1556 2417 hodie,
1605 2360 1662 2407 et
1706 2355 1758 2407 in
1807 2355 2111 2410 crastinum

520 2460 695 2515 agnus
724 2464 737 2498 :
778 2460 1013 2499 numero
1045 2460 1171 2499 vero
1208 2445 1449 2500 diversa.
1479 2443 1738 2499 Nonnulli
1769 2453 1949 2499 autem
1983 2460 2110 2501 eas-

517 2532 641 2588 dem
680 2534 780 2589 has
811 2548 934 2590 esse
969 2534 1227 2589 dixerunt
1273 2536 1436 2588 modo
1483 2535 1814 2599 oblationis;
1864 2535 1968 2590 hoc
2005 2546 2111 2602 est,

518 2629 663 2695 quod
712 2627 796 2680 vel
840 2643 937 2697 per
969 2627 1195 2689 caedem,
1226 2628 1310 2681 vel
1360 2627 1769 2681 cremationem.
1803 2627 1920 2682 fieri
1951 2629 2113 2697 jube-

517 2725 749 2771 rentur:
786 2718 972 2786 specie
1005 2733 1134 2773 vero
1165 2718 1439 2775 diversas.
1476 2725 1537 2772 ut
1581 2733 1732 2784 oves,
1770 2719 1958 2785 boves,
1994 2727 2114 2773 tur-

516 2816 689 2871 tvres,
740 2809 1051 2864 columbas.
1100 2808 1274 2864 Porro
1326 2810 1545 2866 etiamsi
1581 2810 1920 2880 exetnplaria
1964 2827 2115 2879 quaa-

516 2902 644 2956 dam
675 2901 936 2956 δύνανται
980 2903 1230 2957 scribant
1282 2919 1409 2958 eum
1442 2921 1494 2969 ν,
1553 2904 1741 2960 inveni
1802 2914 1986 2960 tamen
2019 2904 2116 2960 ad-

521 2990 901 3055 notationem,
968 2992 1195 3045 verbum
1232 2991 1449 3061 {isthuc
1509 2994 1630 3048 sine
1675 3011 1704 3047 ν
1756 2994 2111 3050 scribendum

520 3095 645 3135 csse
668 3090 983 3136 censentem
1021 3099 1034 3135 :
1069 3080 1327 3137 Umbram
1364 3084 1535 3146 enim,
1562 3085 1761 3154 inquit,
1794 3086 2001 3142 habens
2026 3086 2113 3142 lex

2219 608 2368 674 ἅπαξ
2400 607 2770 678 προσηνέχθη.
2804 606 2907 660 Τὸν
2936 605 3046 675 γὰρ
3078 604 3244 659 αὐτὸν
3274 605 3364 656 ἀεὶ
3394 603 3810 673 προσφέρομεν,

2217 700 2423 771 μᾶλλον
2448 699 2505 753 δὲ
2540 701 2850 770 ἀνάμνησιν
2879 700 2977 768 τῆς
3010 698 3335 768 προσφορᾶς
3363 696 3583 764 ἐκείνης
3620 694 3817 748 ποιοῦ-

2220 809 2342 861 μεν,
2391 792 2466 853 ὡς
2512 791 2608 844 νῦν
2643 791 2960 859 γινομένης.
2993 789 3161 842 Ὥστε
3221 788 3321 858 μία
3370 788 3523 841 ἐστὶν
3558 790 3589 855 ἡ
3620 787 3812 841 θυσία.

2230 883 2386 937 Ἐπεὶ
2421 884 2544 936 ὅσον
2577 901 2640 950 γε
2673 884 2818 937 κατὰ
2867 883 2929 936 τὸ
2981 881 3316 952 ζητούμενον
3340 920 3355 943 ,
3394 880 3584 950 ἐπειδὴ
3608 880 3816 934 πολλα-

2216 975 2312 1044 χοῦ
2350 977 2762 1045 προσφέρεται,
2806 970 2916 1045 ἆρα
2951 972 3137 1026 πολλοὶ
3200 971 3429 1043 Χριστοί
3451 987 3467 1035 ;
3516 969 3813 1039 Οὐδαμῶς’

2217 1066 2336 1121 ἀλλ’
2374 1062 2454 1129 εἷς
2508 1065 2812 1137 πανταχοῦ,
2866 1067 2962 1120 καὶ
3012 1064 3250 1118 ἐνταῦθα
3306 1063 3526 1132 πλήρης
3572 1061 3683 1125 ὢν,
3714 1060 3815 1115 καὶ

2219 1161 2338 1213 ἐκεῖ
2372 1159 2608 1229 πλήρης,
2640 1158 2700 1211 ἓν
2732 1158 2914 1228 σῶμα.
2944 1157 3162 1228 ’Ὥσπερ
3186 1155 3282 1210 οὖν
3316 1152 3589 1224 πολλαχοῦ
3640 1169 3818 1223 προσ-

2220 1251 2519 1321 φερόμενος
2576 1250 2635 1305 ἓν
2685 1250 2846 1318 σῶμα
2884 1251 3025 1310 ἐστι,
3088 1250 3181 1302 καὶ
3221 1248 3284 1301 οὐ
3338 1245 3509 1300 πολλὰ
3553 1243 3813 1314 σώματα,

2221 1346 2364 1400 οὕτω
2389 1349 2485 1399 καὶ
2515 1345 2613 1416 μία
2649 1344 2833 1401 θυσία.
2870 1345 3114 1415 Ἑκείνην
3155 1344 3265 1414 γὰρ
3301 1343 3685 1412 προσφέρομεν
3708 1326 3817 1408 τῆν

2222 1440 2346 1493 τότε
2387 1438 2875 1511 προσενεχθεῖσαν.
2937 1440 3088 1493 Ἐκεῖ
3129 1437 3185 1492 δὲ
3227 1437 3415 1507 ἕτερος
3468 1432 3569 1507 ἦν,
3606 1438 3634 1488 ὁ
3680 1435 3819 1505 χθές

2223 1528 2630 1601 προσενεχθεὶς,
2663 1531 2838 1601 ἀμνὸς
2871 1531 3056 1602 τυχὸν,
3105 1529 3258 1597 παρὰ
3287 1529 3379 1582 τὸν
3408 1528 3669 1598 σήμερον.
3697 1528 3821 1580 Καὶ

2221 1620 2321 1689 οὐχ
2358 1621 2436 1684 ὡς
2468 1621 2776 1690 ἀνάμνησιν
2803 1618 2900 1672 τοῦ
2932 1619 3060 1689 χθὲς
3084 1660 3100 1684 ,
3133 1619 3451 1688 προσήγετο
3480 1619 3507 1671 ὁ
3540 1618 3815 1688 σήμερον,

2225 1711 2341 1765 ἀλλ’
2369 1710 2445 1774 ὡς
2474 1711 2633 1773 αὐτὸς
2665 1710 2789 1764 καθ’
2821 1711 2983 1764 αὑτὸν
3011 1709 3206 1764 Θυσίαν
3250 1710 3443 1764 τελῶν.
3481 1709 3604 1774 Πῶς
3645 1705 3743 1763 οὖν
3785 1709 3822 1761 ὁ

2239 1802 2562 1865 Ἀπόστολος
2610 1792 2779 1870 λέγει,
2815 1801 2945 1865 ταῖς
2976 1801 3190 1867 αὐταῖς
3242 1803 3522 1867 θυσίαιςς
3552 1803 3615 1854 Ai
3645 1801 3823 1855 αὐταὶ

2221 1893 2320 1963 μὲν
2346 1889 2439 1946 οὖν
2464 1889 2607 1964 ἦσαν
2635 1892 2843 1960 θυσίαι,
2869 1893 3006 1947 καθὸ
3030 1892 3099 1946 τὰ
3125 1892 3270 1947 αὐτὰ
3299 1893 3415 1961 είδη
3443 1894 3817 1963 προσήγοντο,

2214 1981 2327 2040 οἷον
2357 1986 2531 2056 ἀμνὸς
2560 1987 2825 2056 σήμερον,
2859 1986 2953 2039 καὶ
2975 1984 3169 2056 αὔριον
3210 1986 3401 2057 ἀμνός·
3423 1986 3609 2057 ἑτέραι
3646 1986 3701 2040 δὲ
3733 1986 3823 2056 τῷ

2213 2078 2454 2149 ἀριθμῷ.
2493 2079 2652 2142 Τινὲς
2699 2077 2757 2131 δὲ
2811 2078 2912 2142 τὰς
2956 2078 3129 2141 αὑτὰς
3185 2079 3285 2148 μὲν
3331 2073 3473 2132 εἶναι
3499 2078 3705 2140 ταύτας
3732 2078 3820 2149 τῷ

2213 2171 2404 2241 τρόπῳ
2449 2170 2553 2239 τῆς
2607 2173 2987 2241 προσαγωγῆς
3047 2164 3204 2224 εἷπον
3230 2186 3244 2200 ·
3286 2171 3589 2234 τουτέστιν,
3630 2170 3663 2241 ἢ
3719 2170 3822 2224 διὰ

2216 2264 2453 2331 σφαγῆς,
2483 2262 2625 2333 ἥδίὰ
2660 2261 3082 2325 ὁλοκαυτώσεως
3111 2261 3360 2330 γίνεσθαι
3392 2263 3821 2331 προσταττομέ-

2214 2370 2334 2418 ναςο
2369 2354 2448 2425 τῷ
2491 2354 2550 2407 δὲ
2580 2354 3002 2424 εῖδει,,ὲτέρας·
3033 2348 3147 2407 οἷον
3184 2354 3456 2424 πρόϐατα,
3492 2352 3642 2423 βόας,
3678 2371 3822 2425 τρυ⁶

2214 2445 2403 2514 γόνας,
2438 2446 2789 2518 περιστεράς.
2828 2448 2900 2499 Τὸ
2918 2445 2975 2499 δὲ
3000 2445 3310 2507 δύνανται,
3346 2446 3395 2499 εί
3433 2445 3525 2499 καὶ
3557 2445 3625 2501 τὰ
3647 2447 3811 2499 ἀντί-

2215 2553 2403 2608 γραφα
2451 2536 2637 2608 ἔχουσι
2681 2538 2820 2607 μετὰ
2849 2537 2967 2601 τοῦ,
3001 2556 3053 2602 ν,
3082 2538 3197 2591 ἀλλ’
3229 2539 3381 2609 ὅμως
3431 2530 3592 2609 εὖρον
3627 2556 3822 2608 παρα-

2213 2626 2437 2697 γραφὴν
2491 2627 2661 2698 χωρὶς
2713 2626 2849 2694 τοῦ,
2893 2645 2948 2689 ν,
3006 2626 3166 2681 τοῦτο
3220 2628 3455 2698 γράφειν
3503 2625 3813 2693 ἀξιοῦσαν·

2216 2717 2383 2772 Σκιὰν
2434 2718 2543 2789 γὰρ
2593 2717 2755 2788 ἔχων,
2805 2719 3011 2789 φησὶν,
3048 2721 3077 2773 ὁ
3131 2719 3295 2789 νόμος
3332 2718 3444 2772 τῶν
3500 2718 3822 2789 μελλόντων

2216 2810 2458 2875 ἀγαθῶν,
2513 2812 2770 2865 οὐδέποτε
2832 2811 3086 2868 δύναται
3151 2813 3278 2875 τοὺς
3330 2812 3822 2883 προσερχομένους

2213 2901 2523 2957 τελειῶσαι.
2553 2902 2665 2957 Καὶ
2698 2902 2917 2971 ἀληθῶς
2947 2919 3033 2971 γε,
3063 2902 3189 2956 ὅσον
3220 2902 3367 2957 κατὰ
3404 2903 3465 2956 τὸ
3492 2902 3592 2971 τῆς
3618 2918 3819 2971 γραμ-

2219 2996 2458 3066 ματικῆς
2491 2996 2783 3067 ἀκριϐείας
2825 2994 3148 3061 ἀκόλουθον,
3199 2994 3345 3050 οὕτω
3403 2995 3485 3050 δεῖ
3528 2996 3673 3065 ἔχειν
3703 2996 3822 3064 τὴν

2216 3087 2473 3159 Γραφὴν,
2520 3089 2610 3143 ῖνα
2648 3090 2723 3159 μὴ
2762 3090 3111 3159 σολοικισμδς
3157 3087 3437 3161 ἀνακύψῃ.
3485 3086 3706 3158 Ἐπειδὴ
3752 3093 3823 3141 δὲ

523 3173 834 3227 futurorum
876 3174 1185 3243 bonorum,
1232 3192 1512 3245 nunquam
1565 3187 1739 3247 potest
1787 3180 2115 3235 accedentes

2219 3179 2284 3249 τῇ
2313 3179 2504 3249 Γραφῇ
2540 3180 2900 3250 τεχνολογιῶν
2936 3180 3114 3244 οὐδεὶς
3139 3180 3319 3248 λόγος,
3351 3179 3446 3232 καὶ
3473 3177 3646 3243 οὕτως
3672 3178 3824 3232 αὐτὸ

521 3262 800 3331 perfectos
834 3263 1036 3319 facere.
1074 3268 1152 3320 Ac
1189 3281 1315 3321 rere
1360 3266 1607 3336 quidrm,
1641 3276 1917 3338 quatenus
1952 3269 2108 3339 juxta

517 3357 898 3423 grammatica:
945 3366 1198 3412 exactam
1235 3359 1501 3413 rationem
1556 3361 1638 3415 sic
1678 3371 1933 3431 Oporteat
1963 3363 2111 3416 hunc

523 3448 704 3500 locum
745 3448 970 3512 habere,
1009 3466 1078 3504 ne
1128 3450 1480 3507 soloecismus
1509 3462 1776 3524 emergat.
1818 3453 1956 3519 Quia
1982 3469 2111 3509 vero

2217 3272 2504 3340 νοήσωμεν
2549 3271 2626 3335 ὡς
2666 3272 2733 3326 τὰ
2762 3272 3073 3342 ἀντίγραφα
3101 3270 3321 3342 ἔχουσιν
3348 3285 3363 3300 ⁸
3396 3270 3665 3324 Οὐδέποτε
3696 3268 3825 3340 γὰρ

2217 3362 2528 3426 δύνανται,
2568 3366 2617 3417 οἱ
2654 3364 3060 3435 προσφέροντες
3103 3363 3328 3435 δηλαδὴ,
3357 3362 3646 3417 τελειῶσαι
3677 3362 3826 3425 τοὺς

2225 3455 2726 3526 προσερχομένους.

520 3544 803 3612 Scriptura
855 3546 1059 3599 artium
1131 3546 1466 3602 subtilitates
1516 3563 1623 3601 non
1686 3557 1969 3615 moratur,
2023 3549 2099 3603 ita
2133 3549 2295 3604 etiam
2331 3552 2477 3607 istud
2507 3552 2899 3621 intelligamus,
2956 3552 3102 3605 sicut
3160 3551 3493 3621 exemplaria
3555 3551 3757 3607 habent
3800 3570 3825 3611 :

519 3632 809 3704 Nunquam
841 3635 987 3689 cnim
1019 3647 1240 3706 possunt
1274 3636 1589 3707 (oll‘erentes
1632 3640 1901 3710 videlicet)
1959 3639 2231 3710 perfectos
2274 3640 2457 3695 facere
2483 3641 2836 3696 accedentes.

595 3729 756 3782 Vens.
781 3730 839 3786 2.
870 3729 1086 3799 Alioqui
1113 3746 1215 3783 non
1253 3742 1546 3785 cessassent
1576 3735 1782 3802 o/ferri,
1813 3734 1953 3805 quod
1993 3734 2115 3788 mil-

521 3822 631 3875 lam
658 3822 908 3876 haberent
939 3825 1087 3878 ultra
1135 3826 1512 3878 conscientiam
1556 3836 1915 3892 peccatorum,
1942 3828 2113 3881 culto-

521 3927 603 3967 res
634 3913 792 3968 semel
814 3918 1048 3987 purgati.
1077 3915 1181 3971 Per
1204 3916 1689 3986 interrogationem
1721 3918 1854 3987 lege.
1882 3916 1939 3971 Si
1963 3918 2109 3971 enim

526 4015 750 4073 peccata
786 4009 1180 4073 removissent,
1242 4025 1426 4064 nonne
1469 4010 1633 4064 etiam
1666 4011 1863 4064 hostiae
1913 4010 2111 4064 desiis-

520 4106 645 4150 sent
673 4096 862 4152 oll'erri
882 4139 898 4163 ,
928 4102 1133 4170 quippe
1173 4101 1242 4156 iis
1274 4102 1492 4157 abunde
1517 4104 1651 4157 satis
1696 4103 1922 4172 adjulis,
1952 4103 2117 4174 720

2307 3734 2473 3788 Ἐπεὶ
2501 3735 2614 3788 οὐκ
2657 3733 2738 3789 ἂν
2769 3733 3121 3788 ἐπαύσαντο
3165 3734 3662 3801 προσφερόμεναι,
3708 3731 3827 3787 διὰ

2221 3828 2287 3880 τὸ
2312 3826 2613 3895 μηδεμίαν
2645 3827 2810 3895 ἔχειν
2843 3826 2932 3879 ἔτι
2961 3824 3323 3891 συνείδησιν
3346 3822 3646 3893 ἁμαρτιῶν
3666 3823 3829 3891 τοὺς

2217 3920 2643 3987 λατρεύοντας,
2687 3917 2853 3981 ἅπαξ
2891 3915 3404 3984 κεκαθαρμένους.
3435 3917 3571 3969 Κατ’
3602 3914 3827 3985 ἐρώτη-

2221 4026 2309 4063 σιν
2348 4008 2650 4077 ἀνάγνωθι.
2690 4009 2752 4062 Εἰ
2790 4008 2899 4078 γὰρ
2939 4008 3164 4067 ἔπαυον,
3201 4008 3389 4077 φησιν,
3430 4005 3717 4076 ἁμαρτίαι,
3746 4009 3822 4063 οὐ

2216 4102 2291 4173 μὴ
2325 4101 2767 4154 ἐπαύσαντο-καὶ
2832 4094 2995 4154 αὗται
3026 4098 3521 4170 προσφερόμεναι(
3557 4100 3649 4153 ἆτε
3698 4100 3825 4153 τῶν

525 4186 620 4252 qui
667 4201 857 4241 earum
910 4189 1308 4245 commoditate
1349 4192 1680 4262 indigerent,
1714 4209 1892 4263 neque
1946 4191 2111 4245 ullam

2219 4194 2487 4263 δεομένων
2512 4194 2611 4263 τῆς
2646 4193 2827 4246 αὐτῶν
2856 4192 3123 4260 ὠφελείας
3160 4191 3364 4255 ίκανῶς
3392 4190 3821 4261 ὠφεληθέντων,

529 4292 694 4346 porro
715 4283 922 4349 peccati
953 4283 1353 4337 conscientiam
1383 4284 1682 4339 haberent?
1713 4284 1817 4339 hoc
1842 4294 1950 4347 est,
1978 4285 2111 4338 nihil

532 4369 641 4425 sibi
689 4371 899 4426 conscii
944 4373 1182 4439 alicujus
1228 4375 1331 4437 rei,
1383 4391 1504 4443 qua:
1536 4391 1668 4431 cura
1724 4391 1863 4445 opus
1890 4376 2109 4439 habeat,

528 4470 816 4529 propterea
845 4463 989 4531 quod
1019 4465 1130 4519 sint
1151 4466 1349 4529 Sanati,
1379 4468 1593 4535 purgati
1620 4466 1814 4521 semel.

599 4549 763 4608 Vens.
805 4554 859 4608 3.
902 4552 1007 4608 Sed
1046 4556 1101 4607 in
1137 4554 1267 4620 ipsis
1301 4557 1737 4611 conantemoratio
1767 4567 2107 4623 peccatorum
2149 4595 2190 4647 ο

524 4660 616 4711 per
642 4645 880 4713 singulos
911 4662 1080 4699 annos
1114 4647 1196 4711 ﬁt.
1234 4645 1379 4700 Nihil
1419 4647 1590 4711 aliud,
1643 4648 1842 4717 inquit,
1873 4647 2117 4703 elliciunt

526 4738 788 4796 victimas.
823 4752 989 4805 quam
1021 4737 1165 4807 quod
1218 4745 1576 4808 peccatorum
1621 4747 1836 4793 tantum
1874 4754 2119 4794 commeo

527 4830 891 4884 morationem
943 4830 1168 4893 faciant,
1197 4830 1438 4897 hnc-est,
1482 4833 1773 4887 indicium.
1809 4832 1932 4887 Non
1972 4834 2117 4887 enim

526 4921 908 4976 remissionem
979 4930 1263 4991 praestant,
1323 4923 1419 4978 sed
1470 4939 1569 4993 per
1619 4925 1903 4980 assiduam
1958 4925 2118 4981 istam

524 5013 858 5068 oblationem
889 5013 1287 5078 {demonstrant
1339 5016 1526 5085 populi
1579 5027 1804 5084 peccata
1857 5030 1965 5070 non
1997 5032 2119 5073 esse

528 5105 783 5160 remissa.
816 5105 873 5159 Si
904 5106 1052 5161 enim
1082 5107 1309 5163 remissa
1330 5118 1521 5162 essent
1550 5119 1796 5178 peccata,
1819 5110 1949 5179 qttid
1978 5126 2118 5181 Opus
2178 5115 2185 5121 ’

525 5205 645 5249 erat
682 5196 1011 5251 saerificiis?
1056 5194 1628 5253 Commemoralionem
1672 5210 1857 5253 autem
1900 5201 2116 5265 dicens,

527 5289 678 5343 dedit
717 5291 813 5345 tibi
851 5290 1156 5359 intelligere
1182 5291 1328 5361 quod
1356 5292 1594 5347 victinue
1621 5293 1739 5347 ista:
1764 5309 1874 5347 non
1924 5295 1994 5349 oh
2031 5294 2119 5349 fu-

530 5388 654 5432 tura
684 5389 903 5449 peccata
933 5380 1376 5450 perﬁciebautur,
1403 5397 1593 5437 verum
1625 5384 1696 5439 ob
1727 5387 2021 5454 praeterita,
2061 5394 2121 5441 ut

531 5488 655 5538 gnte
685 5487 795 5527 non
841 5482 1025 5529 essent
1074 5475 1384 5547 condonata
1419 5475 1675 5532 videlicet
1739 5477 1844 5534 Per
1871 5481 2118 5551 singulos

533 5563 681 5616 enim
720 5578 917 5629 annos,
951 5573 1011 5619 ιιι
1038 5565 1110 5619 ita
1150 5566 1353 5629 dicam,
1398 5565 1553 5622 vituli
1604 5570 1829 5641 sanguis
1879 5585 1974 5641 pro
2020 5587 2120 5642 po.

2214 4287 2307 4341 καὶ
2364 4286 2639 4357 μηδεμίαν
2692 4286 2776 4338 ἔτι
2834 4286 3139 4355 συνείδησιν
3186 4286 3478 4354 ἁμαρτιῶν
3530 4285 3820 4355 ἑχόντων;

2215 4377 2495 4441 τουτέστι,
2529 4376 2701 4445 μηδὲν
2744 4375 2825 4429 ἔτι
2859 4377 3182 4430 συνειδότων
3215 4376 3429 4439 ἑαυτοῖς
3457 4374 3610 4440 ἄξιον
3647 4374 3826 4447 θεραο

2222 4470 2402 4533 πείας,
2434 4468 2525 4521 διὰ
2558 4468 2618 4521 τὸ
2650 4467 3052 4538 θεραπεύεσθαι
3090 4467 3237 4533 ἅπαξ
3270 4465 3666 4538 καθαρθέντας.

2301 4562 2457 4617 Ἀλλ’
2475 4563 2546 4617 ἐν
2567 4562 2781 4627 αὐταῖς
2826 4562 3172 4631 ἀνάμνησις
3212 4560 3514 4631 ἁμαρτιῶν
3542 4561 3669 4614 κατ’
3689 4561 3827 4617 ἑνι-

2218 4656 2427 4708 αυτόν.
2459 4655 2628 4708 Οὐδὲν
2651 4654 2799 4718 ἄλλο,
2833 4656 2989 4724 φησι,
3039 4652 3404 4723 κατορθοῦσιν
3433 4654 3489 4705 αί
3525 4652 3729 4716 θυσίαι,
3761 4657 3823 4708 ει

2223 4745 2297 4813 μὴ
2323 4744 2486 4814 μόνον
2522 4744 2838 4815 ἀνάμνησιν
2872 4744 3187 4815 ἁμαρτιῶν,
3222 4745 3525 4807 τουτέστιν,
3561 4744 3818 4814 ἔλεγχον.

2219 4838 2294 4889 Οὔ
2323 4836 2433 4908 γὰρ
2463 4835 2661 4906 ἄφεσιν
2708 4840 3063 4908 παρέχουσιν,
3109 4836 3223 4889 ἀλλ’
3265 4835 3691 4890 ἀποδεικνύουσι
3720 4837 3823 4892 διὰ

2219 4927 2313 4979 τοῦ
2341 4928 2427 4981 ἀεὶ
2458 4928 2894 4999 προσφέρεσθαι,
2931 4928 3014 4980 ὅτι
3049 4924 3236 4981 ἄλυτοί
3276 4928 3417 4980 εἰσιν
3449 4927 3506 4980 αἱ
3542 4926 3823 4994 ἁμαρτίαι

2218 5017 2315 5071 τοῦ
2345 5018 2498 5072 λαοῦ.
2534 5020 2593 5072 Εἰ
2621 5019 2732 5089 γὰρ
2769 5018 3042 5089 ἐλύθησαν
3070 5020 3126 5071 αί
3170 5018 3462 5088 ἁμαρτίαι.
3495 5019 3549 5071 τί
3580 5018 3687 5070 ἔδει
3720 5018 3822 5070 θυ-

2221 5109 2388 5175 σιῶνς
2439 5109 2806 5179 Ἀνιὶμνησιν
2848 5109 2905 5164 δὲ
2936 5108 3131 5170 εἰπὼν,
3164 5109 3367 5162 δέδωκέ
3413 5126 3499 5163 σοι
3537 5111 3697 5169 νοεῖν,
3726 5109 3819 5164 ὅτι
3883 5161 3895 5169 ,

2225 5202 2285 5255 αἱ
2315 5201 2499 5254 θυσίαι
2525 5203 2627 5255 οὐκ
2662 5201 2755 5253 ἐπὶ
2807 5202 3117 5270 ἁμαρτίαις
3164 5201 3579 5270 ἐπιγινομέναις
3618 5201 3662 5231 ’⁷
3693 5203 3819 5253 ὲτε-

2219 5295 2430 5357 λοῦντο,
2458 5295 2594 5349 ἀλλὰ
2625 5296 2720 5348 καὶ
2749 5295 2843 5347 ἐπὶ
2863 5295 2982 5356 ταῖς
3000 5293 3445 5363 προ-γεγονυίαις,
3473 5293 3549 5358 ὡς
3578 5295 3654 5365 μὴ
3680 5295 3819 5362 ἀφε-

2221 5388 2428 5450 θείσαις
2456 5387 2723 5457 δηλονότι.
2780 5386 2918 5441 Κατ’
2954 5386 3204 5438 ἐνιαυτὸν
3253 5384 3362 5455 γὰρ
3389 5427 3404 5453 ,
3440 5387 3574 5456 φέρε
3614 5386 3818 5453 εἰπεῖν,

2226 5480 2536 5548 προσήγετο
2562 5478 2704 5548 ὑπὲρ
2736 5477 2845 5533 τοῦ
2870 5475 3005 5530 λαοῦ
3033 5476 3093 5529 τὸ
3121 5471 3265 5546 αἷμα
3290 5478 3384 5530 τοῦ
3411 5477 3640 5547 μόσχου.
3668 5478 3816 5547 Ἀρα

2227 5570 2322 5624 οὖν
2349 5570 2427 5633 ὡς
2457 5570 2568 5623 τῶν
2620 5569 2803 5624 αὐτῶν
2835 5566 3127 5641 ἁμαρτιῶν
3158 5567 3359 5634 οὐσῶν,
3394 5571 3428 5639 ἡ
3477 5567 3617 5639 αὐτὴ
3651 5567 3815 5625 Θυσία

1895 5758 2090 5821 Variae
2126 5757 2454 5822 lectiones.

612 5851 657 5884 “
702 5848 841 5920 αἷμα
870 5867 923 5907 0.
1003 5853 1045 5883 ’⁷
1080 5854 1451 5928 ἐπαγομένους
1486 5877 1538 5913 τ).
