4080 6476
312 405 422 473 325

1063 406 1467 469 EXPOSITIO
1499 407 1580 469 IN
1620 406 1861 468 EPIST.
1905 410 2004 470 AD
2033 411 2426 475 HEBREOS.
2461 441 2529 451 --
2567 418 2723 478 CAP.
2770 421 2841 480 Χ.

3483 427 3591 492 326

317 519 396 571 Τὸ
441 513 659 584 θέλημα
723 511 822 567 τοῦ
881 514 1119 586 ιΙατρδς,
1155 515 1433 568 τουτέστιν
1463 516 1496 584 ἡ
1534 514 1621 569 διὰ
1677 514 1909 586 σταυροῦ

2024 517 2228 587 Patris,
2256 522 2358 576 hoc
2379 533 2486 587 est,
2523 541 2619 595 per
2655 542 2874 582 crucem
2909 531 3162 599 corporis
3190 529 3391 588 Christi
3414 543 3593 589 sacri-

309 607 409 662 τοῦ
444 606 699 675 σώματος
729 606 824 660 τοῦ
874 606 1114 676 Χριστοῦ
1158 606 1334 659 θυσία.
1370 606 1756 661 Ἐκϐἀλ).ονται
1807 607 1904 660 οὖν

309 702 524 755 ἐκεῖναι
574 701 666 753 ῐνα
724 701 894 771 σταθῇ
945 700 988 732 ³³
1043 699 1138 754 καὶ
1171 698 1442 768 βεϐαιωθῇ
1487 699 1643 769 ήδιὰ
1677 701 1774 768 τῆς
1809 700 1904 754 τοῦ

311 790 562 860 Χριστοῦ
612 789 831 858 σφαγῆς
870 789 1158 858 προσφορὰ
1216 788 1283 858 ἣν
1318 787 1584 856 ἠθέλησεν
1619 790 1646 840 ὁ
1691 788 1902 861 Πατήρ.

314 883 488 935 Ὥστε
557 881 622 935 οὐ
675 881 763 934 διὰ
820 880 918 943 τὰς
982 881 1256 948 ἁμαρτίας
1319 879 1428 932 τῶν
1484 880 1905 949 προσφερόντων

313 971 689 1040 ὲκὸἑσὶηνται
722 972 776 1024 αἱ
839 971 1042 1033 θυσίαι,
1079 971 1213 1026 ἀλλὰ
1263 971 1350 1024 διὰ
1399 971 1459 1022 τὸ
1485 971 1662 1026 αὐτῶν
1692 971 1902 1032 ἀτελές.

399 1064 500 1115 Ἐν
530 1057 580 1129 ᾧ
613 1062 903 1135 θελήματι
946 1063 1299 1131 ἡγιασμένοι
1339 1061 1548 1130 ἐσμὲν,
1583 1066 1634 1117 οἱ
1669 1062 1766 1115 διὰ
1800 1062 1906 1130 τῆς

313 1153 676 1221 προσφορᾶς
721 1154 826 1206 τοῦ
873 1153 1151 1222 σώματος
1205 1153 1311 1209 τοῦ
1345 1155 1602 1222 Χριστοῦ
1633 1154 1900 1222 ἐφάπαξ,

325 1244 416 1298 Ἕν
444 1239 492 1312 ᾧ
531 1245 828 1315 θελήματι,
874 1245 1033 1314 φησὶ,
1073 1243 1169 1298 τοῦ
1206 1246 1420 1315 [ἰατρὸς
1451 1245 1822 1318 ἡγιάσθημεν,
1853 1248 1903 1298 οἱ

320 1335 408 1387 διὰ
443 1337 543 1398 τῆς
574 1336 896 1406 προσφορᾶς
937 1335 1030 1388 τοῦ
1065 1335 1318 1404 σώματος
1371 1336 1466 1390 τοῦ
1510 1335 1752 1407 Χριστοῦ
1802 1337 1904 1405 τῆς

319 1425 542 1493 ἐσάπαξ
579 1427 903 1495 γενομένης.
954 1425 1310 1493 ἁγιασθέντες
1333 1443 1348 1458 ·
1388 1425 1547 1479 τοῦτο
1573 1427 1683 1498 γὰρ
1706 1428 1906 1494 ἔξωθεν

319 1517 868 1582 προσυπακουστέον.
908 1516 970 1570 Οἱ
996 1517 1104 1586 γὰρ
1142 1517 1536 1581 πιστεύσαντες
1572 1519 1904 1590 ἁγιασθῆναι

313 1608 403 1660 διὰ
429 1610 533 1677 τῆς
564 1611 886 1680 προσφορᾶς
909 1609 1004 1663 τοῦ
1039 1608 1406 1677 Μονογενοῦς,
1439 1611 1496 1662 ἐν
1534 1611 1612 1681 τῷ
1639 1611 1904 1682 θελήματι

311 1701 409 1754 τοῦ
444 1701 662 1772 Ματρὸς
699 1702 1067 1772 ἡγιάσθημεν.
1119 1703 1283 1760 Ὥστε
1311 1702 1376 1756 οὐ
1404 1704 1471 1756 τὰ
1508 1705 1706 1773 νομικα
1737 1704 1899 1774 θελή-

318 1811 470 1862 ματα
499 1793 598 1846 τοῦ
632 1793 790 1860 Θεοῦ,
815 1793 930 1852 ἀλλ’
962 1795 994 1864 ἡ
1021 1793 1161 1850 κατὰ
1195 1795 1427 1865 Χριστὸν
1469 1797 1776 1867 προσφορὰ,
1809 1797 1904 1852 καὶ

314 1888 342 1938 ὁ
369 1886 459 1940 διὰ
495 1885 706 1956 ταῦτης
738 1887 1033 1955 ἁγιασμὸς.

388 1978 496 2032 Καὶ
533 1975 656 2043 πᾶς
681 1977 798 2046 μὲν
853 1978 1045 2046 laps-bc
1072 1979 1295 2047 ἕστηκε
1333 1977 1464 2036 καθ’
1516 1979 1744 2048 ἡμέραν
1779 1982 1906 2034 λει-

317 2068 612 2136 τοιφγῶν,
661 2071 760 2128 irai
797 2071 904 2136 τὰς
936 2072 1125 2137 αὑτὰς
1189 2060 1491 2138 πολ-θῶας
1546 2071 1908 2140 προσφέρων

318 2162 572 2225 θυσίας,
630 2161 855 2224 αἵτινες
901 2159 1191 2213 οὐδέποτε
1249 2159 1542 2216 δύνανται
1607 2161 1909 2228 περιελεῖν

315 2250 636 2317 ἁμαρτίας.
675 2250 818 2318 ’Δρα
847 2250 906 2302 τὸ
931 2249 1172 2315 ἑστάναι,
1199 2249 1292 2303 τοῦ
1319 2250 1653 2322 λειτουργεῖν
1677 2254 1906 2322 σημεῖόν

318 2341 437 2392 ἐστι
467 2355 483 2369 ·
531 2340 593 2393 τδ
618 2339 676 2393 δὲ
699 2340 944 2406 καθίσαι,
974 2340 1166 2413 ὥσπερ
1197 2341 1292 2396 καὶ
1322 2343 1350 2398 ὁ
1375 2342 1632 2414 Χριστὸς,
1677 2343 1771 2398 τοῦ
1795 2344 1906 2398 λει-

317 2432 698 2502 τουργεῖσθαι.

387 2527 592 2591 Αὐτὸς
629 2526 700 2578 δὲ
757 2527 908 2594 μιαν
939 2525 1094 2595 ὑπὲρ
1141 2526 1440 2594 ἁμαρτιῶν
1496 2529 1907 2600 προσενέγκας

323 2617 550 2671 θυσίαν
578 2619 668 2682 εις
697 2619 763 2669 τὸ
800 2617 1097 2684 διηνεκές.
1129 2617 1300 2680 Αὐτὸς
1354 2618 1410 2671 δὲ
1443 2621 1471 2671 ὁ
1497 2619 1732 2689 Χριστὸς
1755 2621 1903 2689 μίαν,

322 2710 479 2775 φησὶ,
512 2708 864 2777 προσήνεγκε
884 2708 1076 2766 θυσίαν
1113 2707 1174 2760 τὸ
1199 2707 1396 2765 ἑαυτοῦ
1423 2707 1602 2777 σῶμα,
1633 2709 1773 2780 ὑπὲρ
1797 2710 1908 2764 τῶν

322 2799 612 2867 ἡμετέρων
646 2798 950 2869 ἁμαρτιῶν,
983 2801 1062 2862 εἰς
1093 2798 1154 2854 τὸ
1202 2798 1452 2871 διηνεκὲς
1487 2799 1721 2870 ἀρκοῦσι
1755 2803 1904 2873 ἡμῖν,

322 2887 461 2939 ὥστε
501 2888 578 2956 μὴ
601 2888 863 2958 δευτέρας
900 2888 1179 2961 δεηθῆναι.

405 2977 721 3031 Ἐκάθισεν
741 2979 813 3032 ἐν
858 2978 1028 3047 δεξιᾷ
1075 2979 1179 3036 τοῦ
1208 2982 1438 3049 Πατρός
1470 2983 1536 3036 ⁸⁸.
1573 2981 1643 3036 Τὸ
1688 2983 1907 3039 λοιπὸν

321 3072 749 3139 ἐκδεχόμενος,
784 3071 896 3139 ἕως
955 3071 1206 3126 τεθῶσιν
1236 3077 1290 3129 oi
1328 3074 1528 3144 ἐχθροὶ
1549 3076 1735 3130 αὐτοῦ
1785 3078 1904 3131 ὑπὸ

323 3165 467 3229 τοὺς
502 3164 702 3229 πόδας
725 3164 935 3217 αὑτοῦ.
974 3165 1138 3218 Ὥστε
1174 3166 1276 3219 οὐκ
1329 3165 1445 3222 ἔστι
1489 3167 1650 3238 μόνον
1694 3169 1906 3240 Ἀρχιε-

327 3257 474 3324 ρευς.
528 3255 670 3310 em
715 3256 812 3306 καὶ
870 3255 1022 3321 Θεὸς.
1053 3256 1209 3310 Μετὰ
1249 3256 1381 3324 γοῦν
1424 3259 1486 3312 τὸ
1531 3259 1822 3330 πληρῶσαι
1850 3261 1910 3314 τὸ

323 3345 504 3411 ἔργον.
540 3343 609 3396 δι’
642 3342 672 3396 ὃ
702 3344 797 3396 καὶ
848 3343 1163 3414 Ἀρχιερεὺς
1189 3345 1505 3416 ᾠκονόμησε
1553 3348 1907 3418 χρηματίσαι,

323 3438 549 3498 ἐκάθισε
584 3435 778 3488 λοιπὸν
806 3433 882 3498 ὡς
911 3435 1063 3500 Θεὸς,
1107 3439 1199 3489 καὶ
1242 3437 1521 3507 ἐκδέχεται
1563 3441 1651 3492 ἵνα
1680 3441 1910 3494 τεθῶσιν

320 3531 367 3580 οἱ
400 3529 597 3597 ἐχθροὶ
635 3526 803 3580 αὑτοῦ
842 3527 946 3580 ὑπὸ
984 3528 1109 3591 τοὺς
1150 3527 1316 3591 πόδας
1354 3529 1540 3587 αὐτοῦ.
1595 3531 1810 3602 Ἐχθροὶ
1854 3533 1910 3587 δὲ

323 3620 538 3680 τούτου,
570 3621 669 3670 καὶ
695 3619 893 3680 πάντες
930 3619 1030 3685 μὲν
1059 3619 1110 3670 οἱ
1147 3617 1370 3673 ἄπιστοι
1398 3623 1492 3674 καὶ
1546 3623 1594 3680 οἱ
1635 3623 1906 3694 δαίμονες,

325 3708 371 3761 οἳ
399 3713 500 3761 καὶ
524 3709 686 3762 αὐτοὶ
713 3709 1152 3778 ὑποταγήσονται
1177 3723 1189 3734 ·
1219 3709 1498 3768 τουτέστιν
1550 3713 1912 3783 ἀνενέργητος

327 3801 363 3869 ἡ
396 3799 568 3851 κακία
601 3798 781 3853 αὐτῶν
813 3798 964 3868 μένει
997 3798 1075 3867 τῷ
1137 3798 1388 3870 ἀσϐέστῳ
1424 3802 1558 3871 πυρὶ
1615 3804 1914 3872 παραδεδο-

336 3890 536 3956 μένων.
569 3888 719 3950 Τέως
757 3888 816 3941 δὲ
851 3887 948 3942 νῦν
1006 3889 1034 3940 ὀ
1101 3887 1308 3951 Παῦλος
1343 3889 1641 3960 ἐξαιρέτως
1685 3891 1912 3961 ἐχθροὺς

340 3979 493 4043 λέγει
552 3980 671 4041 τοὺς
723 3980 988 4042 ἀπίστους
1030 3978 1360 4049 Ἐϐραίους,
1419 3980 1912 4050 παραμυθούμενος

337 4070 474 4128 τοὺς
521 4067 576 4132 ὲΞ
630 4068 892 4124 Ἰουδαίων
943 4068 1190 4132 πιστοὺς.
1245 4069 1415 4144 μυρία
1461 4070 1609 4125 δεινὰ
1642 4071 1912 4136 παθόντας

332 4159 477 4229 παρ’
500 4159 696 4214 αὐτῶν.
728 4161 822 4232 Μὴ
880 4163 991 4234 γὰρ
1043 4160 1453 4234 μικροψυχεῖτε,
1485 4170 1672 4233 φησιν,
1709 4166 1913 4219 ὑποτα-

324 4255 623 4321 γήσονται,
679 4253 959 4320 μᾶλλονδὲ
1011 4253 1074 4305 τὸ
1111 4253 1316 4322 μεῖζον,
1363 4256 1912 4326 καταπατηθήσονται

325 4348 374 4396 οἱ
423 4343 526 4398 νῦν
596 4343 753 4414 ὑμῶν
802 4345 1358 4414 κατεπανιστάμενοι.
1394 4347 1503 4402 Καὶ
1551 4346 1709 4400 τοῦτο
1754 4348 1914 4419 δῆλον

325 4436 438 4489 ἀπὸ
468 4435 570 4488 τοῦ
606 4435 830 4490 καθίσαι
851 4437 942 4490 τὸν
969 4435 1202 4507 Χριστὸν
1231 4438 1294 4490 ὲκ
1315 4437 1504 4506 δεξιῶν
1551 4437 1644 4490 τοῦ
1679 4439 1912 4510 Πατρός.

2013 610 2222 668 licium.
2260 611 2568 681 Ejiciantnr
2603 618 2788 686 itaque
2821 619 2931 684 illa,
2964 628 3023 673 ut
3063 629 3344 676 statuatur
3376 633 3430 678 et
3455 639 3592 678 con-

2013 701 2260 760 ﬁrmetur
2284 721 2380 774 per
2402 707 2607 763 Christi
2638 711 2839 765 eadem
2867 712 3070 765 oblatio
3100 728 3264 781 quam
3295 715 3464 768 voluit
3495 715 3596 769 Pa-

2009 804 2114 847 ter.
2153 794 2425 859 Quocirca
2473 813 2578 852 non
2619 800 2689 852 ob
2735 810 2959 869 peccata
3007 802 3356 857 oﬂ'crentium
3390 807 3593 875 rejecta

2007 891 2137 937 sunt
2195 886 2486 951 sacriﬁcia,
2535 887 2629 942 sed
2682 898 3078 959 proptcrsuam
3115 893 3360 962 ipsorum
3392 897 3594 965 imper-

2009 978 2320 1035 rectionem.

2078 1070 2244 1126 Vens.
2281 1073 2367 1126 Ιθ.
2410 1072 2477 1128 In
2505 1092 2608 1144 qua
2635 1077 2903 1133 voluntate
2929 1081 3254 1148 sanctiﬁcati
3276 1098 3476 1148 sumus,
3501 1083 3594 1152 qui

2002 1175 2095 1226 per
2121 1163 2441 1218 oblationem
2465 1170 2704 1234 corporis
2733 1169 2930 1223 Christi
2965 1173 3143 1225 semel.
3187 1171 3240 1224 In
3269 1190 3374 1242 qua
3401 1175 3592 1228 volun-

2009 1255 2120 1301 tate
2150 1248 2328 1305 Patris
2374 1255 2705 1309 sanetiiieati
2738 1274 2952 1325 smnus,
2991 1260 3083 1329 qui
3129 1276 3226 1329 per
3259 1263 3588 1317 oblationem

2010 1343 2267 1409 corporis
2300 1341 2509 1398 Christi
2543 1348 2715 1403 semel
2746 1347 2948 1403 iactam
2995 1351 3324 1406 sanctiﬁcati
3359 1370 3588 1421 sumus;

2009 1430 2112 1485 hoc
2141 1435 2288 1487 enim
2320 1437 2766 1493 subaudiendum
2807 1451 2911 1496 est.
2948 1441 3057 1498 Nos
3085 1445 3230 1497 enim
3275 1444 3369 1514 qui
3411 1446 3592 1501 credi-

2008 1522 2191 1578 dimus
2225 1541 2325 1581 nos
2365 1542 2490 1599 esse
2531 1533 2907 1587 sanctiilcatos
2945 1549 3036 1603 per
3071 1535 3407 1591 oblationem
3462 1535 3595 1591 Uni-

2007 1617 2199 1684 geniti,
2229 1618 2282 1672 in
2308 1621 2589 1700 voluntate
2621 1623 2801 1680 Patris
2837 1627 3170 1680 sanctiﬁcati
3204 1643 3419 1684 sumus.
3453 1627 3593 1682 Pro-

2009 1707 2137 1762 inde
2180 1709 2371 1780 legalia
2424 1727 2532 1766 non
2587 1722 2718 1768 sunt
2763 1716 3016 1772 voluntas
3064 1717 3178 1782 Dei,
3233 1719 3329 1774 sed
3386 1719 3593 1775 oblatio

2008 1798 2238 1868 Christi,
2264 1813 2318 1864 et
2347 1820 2468 1875 qua:
2491 1821 2587 1875 per
2618 1807 2761 1861 hanc
2801 1817 2886 1864 est
2916 1812 3304 1867 sanctiﬁcatio.

2080 1975 2246 2034 Vens.
2283 1980 2370 2034 il.
2409 1978 2476 2034 Et
2505 1983 2675 2037 omnis
2697 1984 2906 2051 quidem
2935 1988 3184 2040 sacerdos
3218 1996 3327 2041 stat
3361 1987 3594 2056 quotidie

2007 2066 2340 2134 ministram,
2373 2079 2422 2124 et
2443 2073 2652 2126 easdem
2672 2091 2808 2140 saepe
2829 2075 3053 2143 o/j'erens
3076 2076 3296 2142 hostias,
3321 2094 3437 2147 qua:
3457 2095 3594 2132 nuu-

2007 2174 2162 2228 quam
2188 2173 2412 2225 possunt
2443 2164 2658 2234 auferre
2686 2177 2923 2234 peccata.
2965 2167 3124 2222 Stare
3155 2169 3322 2239 igitur
3376 2169 3592 2240 signum

2008 2250 2289 2305 servitutis
2319 2262 2405 2307 est
2431 2270 2445 2306 :
2484 2253 2676 2309 sedere
2719 2263 2924 2322 autem,
2954 2256 3178 2326 perinde
3207 2266 3266 2311 ut
3296 2257 3579 2324 Christus,

2009 2340 2222 2410 signum
2257 2342 2573 2401 dominatus
2596 2347 2687 2400 cui
2723 2347 3092 2402 ministerium
3123 2349 3432 2404 exhibetur.

2079 2515 2244 2573 νεεδ.
2285 2518 2371 2576 12.
2414 2519 2533 2588 Ipse
2562 2531 2738 2578 autent
2764 2538 2870 2578 una
2895 2538 2990 2587 pro
3036 2526 3263 2591 peccatis
3286 2525 3465 2579 oblata
3497 2526 3595 2580 lio-

2010 2609 2116 2662 stia
2161 2611 2214 2662 in
2258 2622 2588 2680 perpetuum.
2625 2612 2746 2682 Ipse
2779 2618 2972 2668 autem
3000 2614 3256 2670 Christus
3289 2631 3476 2679 unam,
3515 2618 3598 2669 in-

2008 2700 2147 2766 quit,
2179 2701 2378 2756 obtulit
2406 2704 2660 2765 hostiam,
2685 2721 2879 2774 nempe
2908 2721 3110 2774 corpus
3143 2722 3328 2773 suum,
3349 2723 3446 2776 pro
3468 2723 3597 2778 poc-

2009 2795 2149 2848 catis
2184 2795 2414 2856 nosu'is,
2451 2796 2502 2848 in
2551 2805 2871 2863 perpetuum
2918 2796 3078 2850 nobis
3115 2795 3495 2861 suiiicientcm,
3538 2807 3598 2853 ut

2008 2885 2249 2940 secunda
2285 2901 2394 2942 non
2425 2884 2796 2955 indigeamus.

2084 2971 2245 3028 Vens.
2282 2975 2369 3032 i5.
2413 2972 2566 3029 Sedet
2603 2976 2658 3029 in
2698 2979 2914 3030 dextera
2945 2975 3149 3031 Patris.
3178 2975 3254 3030 De
3282 2986 3470 3032 (αξιοι-ο
3505 2992 3597 3030 ea:-

2007 3079 2249 3133 spectaus
2293 3065 2458 3119 donec
2497 3076 2764 3134 ponantur
2805 3067 3008 3122 inimici
3050 3069 3165 3136 ejus
3189 3068 3477 3123 scabellum
3505 3085 3598 3140 pe-

1940 3193 1982 3250 c
2013 3154 2139 3209 dum
2183 3155 2318 3224 ejus.
2353 3156 2539 3227 Itaque
2573 3173 2682 3212 non
2715 3167 2799 3214 est
2851 3159 3010 3228 723
3058 3168 3270 3214 tantmn
3317 3159 3594 3225 Pontifex,

2015 3246 2111 3301 sed
2147 3247 2292 3304 Deus
2318 3249 2508 3306 etiam.
2534 3250 2822 3319 Completo
2864 3267 3101 3321 namque
3147 3267 3336 3320 opere,
3373 3261 3597 3322 propter

2012 3338 2159 3407 quod
2223 3348 2279 3398 et
2348 3338 2596 3396 Pontifex
2667 3340 2850 3395 divina
2921 3343 3170 3411 qtnedani
3245 3343 3591 3411 providentia

2013 3438 2098 3487 est
2128 3432 2453 3501 appellatus,
2495 3433 2650 3489 sedet
2681 3434 2942 3503 deinceps
2973 3444 3030 3488 ut
3059 3432 3222 3497 Deus,
3242 3445 3294 3488 et
3317 3445 3598 3502 exsnectat

2013 3531 2073 3578 ut
2106 3533 2384 3593 ponantur
2426 3526 2616 3582 hostes
2644 3525 2765 3596 ejus
2797 3527 2988 3582 subter
3028 3528 3192 3596 pedes
3225 3529 3368 3595 ejus.
3404 3527 3599 3583 Hostes

2011 3625 2192 3671 autem
2235 3617 2396 3685 hujus
2427 3627 2558 3672 sunt
2586 3627 2639 3672 et
2669 3632 2862 3674 omnes
2894 3617 3158 3682 inﬁdeles,
3206 3625 3260 3671 et
3289 3615 3595 3678 daemones,

2013 3708 2106 3777 qui
2147 3717 2202 3762 et
2237 3707 2342 3778 ipsi
2379 3709 2752 3778 subjicientnr
2783 3727 2797 3764 :
2833 3709 2939 3764 hoc
2975 3717 3081 3774 est,
3121 3706 3367 3761 ineﬂicax
3403 3722 3594 3762 eorum

2014 3797 2222 3854 malitia
2273 3799 2536 3862 manebit,
2575 3801 2782 3872 quippe
2830 3798 2926 3868 qui
2995 3797 3432 3866 inesstinguibili
3485 3797 3595 3864 igni

2016 3888 2327 3943 tradentur.
2376 3888 2599 3943 Interim
2629 3897 2810 3943 autem
2865 3888 3069 3943 Paulus
3105 3889 3379 3958 praecipue
3405 3887 3597 3942 hostes

2013 3979 2146 4034 dit-it
2180 3979 2428 4035 intideles
2471 3979 2750 4046 Hebrteos,
2779 3979 3212 4036 consolationem
3245 3979 3493 4048 praebens
3528 3981 3599 4034 iis

2015 4072 2106 4140 qui
2145 4087 2208 4124 ex
2236 4070 2447 4128 Judteis
2477 4073 2697 4128 Christo
2727 4087 2924 4127 nomen
2971 4072 3262 4136 dederant,
3299 4079 3465 4140 atque
3509 4071 3596 4124 in-

2014 4173 2302 4219 numerata
2331 4166 2472 4219 mala
2494 4167 2563 4219 ab
2594 4166 2703 4218 illis
2734 4173 3075 4235 paterentur.
3100 4162 3178 4218 Ne
3207 4164 3333 4220 sitis
3373 4163 3601 4232 pusilla-

2017 4253 2212 4318 nimes,
2243 4255 2443 4324 inquit.
2496 4253 2895 4324 Subjicientur,
2929 4255 3038 4309 imo
3087 4253 3232 4324 quod
3283 4254 3458 4323 majus
3492 4263 3596 4313 t-st.

2017 4343 2245 4411 pedibus
2271 4351 2643 4412 proteremur,
2673 4345 2765 4413 qui
2801 4360 2948 4401 nunc
2989 4344 3280 4412 insurgunt
3301 4346 3592 4399 adversum

2016 4449 2137 4488 vos.
2170 4436 2346 4504 Atque
2387 4435 2490 4492 hoc
2537 4435 2666 4488 inde
2710 4437 2900 4504 liquet,
2941 4435 3086 4503 quod
3119 4435 3376 4488 Christus
3409 4448 3439 4488 a
3468 4436 3602 4489 tit-x-

339 4529 498 4580 Ἐπεὶ
523 4530 639 4596 γὰρ
696 4528 854 4581 τοῦτο
904 4528 1120 4597 γέγονε,
1166 4531 1392 4582 κάκεῖνο
1421 4531 1734 4600 γενήσεται,
1773 4532 1909 4587 κατὰ

2021 4523 2119 4577 tris
2143 4523 2322 4578 Patris
2355 4525 2561 4579 sedeat.
2595 4524 2885 4594 Postquam
2925 4529 3069 4577 enim
3113 4524 3214 4578 hoc
3259 4522 3462 4576 factum
3487 4533 3597 4587 est,

326 4618 390 4670 τὸ
421 4622 480 4671 ἒν
537 4619 794 4688 Ψαλμοῖς
843 4619 1155 4689 εἰρημένον.
1197 4619 1321 4682 Πῶς
1375 4615 1469 4671 οὖν
1515 4620 1616 4672 οὐκ
1657 4620 1921 4689 ἐτέθησαν

328 4709 538 4771 εὐθέως
608 4710 715 4762 ὑπὸ
771 4709 898 4770 τοὺς
944 4708 1134 4772 πόδας,
1171 4708 1472 4767 τουτέστιν.
1521 4709 1620 4762 οὐκ
1662 4711 1726 4762 ὲκ
1755 4711 1920 4778 μέσου

327 4799 628 4865 ἑγένοντος
664 4798 762 4851 Διὰ
803 4798 930 4861 τοὺς
964 4797 1258 4868 μέλλοντας
1315 4797 1375 4862 ἐξ
1413 4798 1596 4852 αὐτῶν
1641 4797 1922 4851 τίκτεσθαι

325 4890 529 4943 ττιποὺ
539 4908 586 4952 ς.

401 4981 524 5050 Μιᾷ
556 4982 666 5051 γὰρ
693 4980 1010 5050 προσφορᾷ
1037 4981 1420 5036 τετελείωκεν
1445 4983 1531 5048 εις
1557 4981 1621 5034 τὸ
1649 4981 1925 5049 διηνεκὲς

325 5074 477 5139 τοὺς
541 5072 991 5141 ἁγιαζομένους.
1053 5072 1322 5136 Τελειως,
1384 5075 1570 5144 φησιν,
1637 5072 1924 5144 ἁμαρτιῶν

329 5165 621 5238 ἀπήλλαξε
680 5165 806 5227 τοὺς
863 5164 1262 5234 ἁγιαζομένους
1314 5166 1409 5218 καὶ
1467 5162 1791 5234 χριομένους
1849 5165 1926 5235 τῷ

332 5260 532 5329 αἵματι
557 5254 757 5315 αὑτοῦ.
793 5255 882 5307 διὰ
912 5255 1007 5308 τοῦ
1033 5254 1400 5324 βαπτισθῆναι
1438 5257 1519 5317 εἰς
1539 5254 1629 5308 τὸν
1671 5254 1921 5310 θάνατον.

330 5351 551 5413 Πάντας
571 5347 686 5417 γὰρ
707 5346 760 5398 οἱ
785 5344 1196 5416 βαπτιζόμενοι,
1230 5345 1499 5414 σύμφυτοι
1534 5345 1813 5414 γενόμενοι
1843 5347 1922 5416 τῷ

328 5440 642 5511 ὁμοιώματι
669 5435 767 5490 τοῦ
797 5435 1032 5490 θανάτου
1080 5435 1269 5502 αὐτοῦ,
1299 5435 1458 5504 δῆλον
1497 5434 1571 5498 ὡς
1616 5435 1694 5505 τῷ
1729 5437 1922 5505 αἵματι

330 5534 496 5588 αὑτοῦ
533 5533 886 5602 ἁγιάζονται.

2020 4623 2075 4669 et
2109 4616 2240 4669 illud
2273 4617 2582 4686 continget,
2616 4617 2773 4685 juxta
2809 4617 2936 4668 illud
2974 4615 3119 4684 quod
3154 4616 3206 4667 in
3253 4613 3484 4669 Psalmis
3510 4614 3599 4667 di-

2021 4715 2171 4762 ctum
2215 4717 2319 4762 est.
2367 4707 2654 4774 Quomodo
2691 4709 2855 4777 igitur
2892 4723 2996 4760 non
3036 4706 3225 4759 statim
3262 4706 3424 4774 positi
3468 4715 3599 4762 sunt

2021 4798 2126 4853 sub
2156 4799 2346 4867 pedes,
2378 4799 2483 4853 hoc
2517 4809 2620 4864 est,
2649 4798 2852 4854 sublati
2901 4813 2964 4850 cs
3001 4795 3444 4865 medio?P.ropter
3467 4798 3601 4852 iide-

2022 4889 2103 4944 les
2140 4888 2233 4957 qui
2263 4904 2326 4942 ex
2358 4889 2494 4957 ipsis
2527 4887 2852 4958 procreandi
2882 4896 3061 4941 erant.

2097 4979 2266 5036 Vens.
2303 4981 2388 5036 14.
2431 4979 2550 5034 Una
2610 4981 2748 5034 enim
2783 4979 3051 5032 oblatione
3104 4979 3490 5033 consununavit
3543 4979 3600 5031 in

2024 5073 2402 5140 sempiternum
2441 5072 2826 5140 sanctiﬁcatos.
2862 5069 3132 5134 Perfecto,
3169 5071 3370 5138 inquit,
3415 5085 3445 5124 a
3475 5083 3602 5135 pec-

2023 5163 2162 5216 catis
2218 5162 2466 5218 liberavit
2522 5162 2917 5225 sanctiticatos,
2969 5169 3024 5216 et
3054 5175 3082 5212 a
3114 5162 3378 5228 sanguine
3427 5161 3602 5227 ipsius

2024 5260 2343 5318 perunctos,
2379 5267 2445 5306 co
2472 5252 2616 5322 quod
2657 5251 2914 5319 baptizati
2952 5252 3062 5304 sint
3094 5251 3146 5302 in
3198 5257 3428 5303 mortem
3459 5249 3601 5314 ejus.

2027 5342 2232 5398 Omnes
2259 5344 2405 5397 enim
2429 5344 2520 5413 qui
2547 5343 2915 5411 haptizantur,
2946 5356 3068 5396 cum
3093 5340 3254 5394 simul
3291 5338 3423 5392 ﬁant
3451 5336 3603 5390 insiti

2032 5435 2388 5492 similitudini
2428 5434 2625 5490 mortis
2676 5435 2820 5504 ejus,
2875 5431 3226 5503 perspicuum
3257 5438 3341 5484 est
3369 5429 3514 5500 quod
3545 5445 3603 5483 ιιι

2034 5527 2303 5599 sanguine
2329 5526 2507 5598 ipsius
2533 5525 2968 5582 sanetillcantur.

1703 5699 1900 5761 Variae
1932 5701 2258 5770 lectiones.

385 5821 429 5852 ³³
460 5811 776 5884 σταθμηθῇ
813 5825 868 5865 o.
953 5808 999 5840 “
1034 5805 1167 5859 Θεοῦ
1200 5821 1252 5860 o.
