4080 6474
350 379 465 449 329

1110 377 1518 442 EXPOSITIO
1559 380 1640 442 ΙΝ
1682 376 1921 439 EPIST.
1976 378 2077 438 AD
2114 376 2507 439 llEBB/EOS.
2540 402 2609 412 --
2651 378 2812 439 CAP.
2840 378 2915 439 X.

3514 377 3620 438 330

352 497 473 558 τοῖς
507 489 674 561 αὐτὴν
694 488 1159 563 παραδεχομένοις
1180 490 1412 547 θανάτου
1447 491 1600 546 αἰτία
1620 490 1941 546 καθίστατο.

2052 491 2227 544 locum
2250 505 2357 543 non
2391 488 2576 555 habet,
2610 489 2707 545 sed
2735 488 3171 559 suscipientibus
3203 489 3378 560 ipsam
3430 491 3625 546 mortis

353 588 511 657 Δῦτη
525 586 582 640 δὲ
606 584 863 639 τοσοῦτον
883 585 963 646 είς
983 583 1130 656 ζωὴν
1152 583 1330 655 φέρει,
1350 585 1433 638 ὅτι
1451 584 1546 639 καὶ
1566 583 1704 656 αὐτὴ
1729 582 1796 655 ζῇ
1846 583 1943 638 καὶ

354 678 680 744 διαιωνίζει.
724 678 799 731 Ἦ
825 677 911 743 τὸ,
944 676 1158 740 ζῶσαν,
1198 677 1399 747 ὁμοίως
1422 676 1616 747 νόησον
1639 676 1739 746 τῷ,
1774 675 1943 747 πρόσ-

354 788 555 838 φατον,
584 768 707 823 ἀντὶ
743 769 863 836 τοῦ,
889 769 1018 823 νέαν
1044 769 1140 823 καὶ
1166 767 1494 833 Θάλλουσαν,
1518 768 1594 832 ὡς
1619 768 1758 838 πρὸς
1793 769 1940 821 ἀντι-

352 864 649 928 διαστολὴν
676 864 779 935 τῆς
837 865 919 929 είς
955 852 1024 919 τὰ
1080 864 1290 919 παλαιὰ
1327 864 1461 934 ἅγια
1491 864 1720 918 εἰσόδου·
1755 862 1939 933 ἐκείνη

351 957 467 1027 γὰρ
499 955 855 1028 νενέκρωται.

424 1046 535 1102 Διά
568 1048 677 1101 τοῦ
702 1044 1256 1117 καταπετάσματος,
1302 1048 1577 1103 τουτέστι
1638 1045 1752 1116 τῆς
1794 1062 1941 1113 σαρ-

352 1139 463 1205 κὸς
479 1140 692 1195 αὐτοῦ.
735 1141 1100 1195 Ἑνεκαίνισον
1133 1143 1266 1214 ημῖν
1303 1140 1403 1210 τὴν
1454 1138 1571 1195 ὁδὸν
1614 1139 1818 1210 ταύτην
1841 1140 1942 1209 τὴν

357 1237 439 1297 εἰς
461 1233 720 1303 οὐρανὸν,
745 1232 836 1287 διὰ
864 1234 963 1304 τῆς
995 1233 1198 1305 σαρκὸς
1234 1231 1430 1287 αὑτοῦ·
1454 1233 1545 1286 ὅτε
1572 1231 1683 1303 γὰρ
1707 1230 1851 1302 fiqu
1884 1232 1942 1285 ἐν

363 1325 437 1395 τῷ
463 1324 695 1395 σταυρῷ
741 1324 912 1397 αὕτη,
957 1324 1053 1381 καὶ
1099 1324 1403 1396 ἀνελήφθη,
1437 1324 1561 1378 τότε
1588 1322 1942 1393 ἀπεκάλυψεν

364 1417 494 1484 ὴμτν
518 1414 591 1467 τὰ
627 1415 870 1484 οὐράνια.
917 1416 1010 1469 Διὸ
1065 1416 1160 1470 καὶ
1212 1416 1488 1487 εὐκαίρως
1536 1416 1942 1486 καταπέτασμα

357 1505 533 1575 αὐτὴν
578 1506 831 1562 ἐκάλεσε.
882 1506 1056 1562 Τοῦτο
1089 1508 1200 1580 γὰρ
1229 1507 1360 1562 ἴδιον
1388 1508 1481 1561 τοῦ
1512 1506 1943 1575 καταπετάσμα-

350 1613 470 1660 τος.
494 1598 578 1663 τὸ,
608 1599 739 1652 ὅταν
766 1600 931 1670 ἀρθῇ,
962 1599 1369 1655 ἀνακαλύπτειν
1393 1600 1459 1653 τὰ
1486 1600 1654 1655 ἔνδον.

426 1688 545 1742 Kal
598 1689 759 1758 ἱερέα
814 1690 1029 1759 μέγαν,
1079 1690 1178 1744 ἐπὶ
1230 1690 1339 1745 τὸν
1374 1685 1547 1744 οἷκον
1592 1689 1699 1745 τοῦ
1769 1688 1937 1744 Θεοῦ.

352 1781 624 1849 Ἔχοντες
666 1781 869 1854 δηλαδὴ
918 1782 1069 1852 ίερέα
1117 1782 1217 1851 μὲν
1254 1782 1346 1836 τὸν
1383 1781 1641 1852 Χριστὸν,
1676 1778 1824 1836 οἷκον
1858 1781 1937 1847 δὲ,

350 1870 509 1941 ἡμᾶς
538 1873 667 1937 τοὺς
698 1874 946 1939 πιστοὺς,
971 1874 1112 1927 κατὰ
1150 1873 1241 1926 τό·
1287 1872 1615 1943 Ἐνοικήσω
1640 1872 1713 1926 ἐν
1740 1873 1945 1939 αὐτοῖς
1976 1851 2019 1911 Β

351 1963 454 2015 καὶ
484 1963 975 2033 ἐμπεριπατήσω.
1008 1963 1078 2018 Ἢ
1108 1964 1248 2034 ὅπερ
1273 1959 1429 2036 οἶμαι
1463 1965 1685 2036 μᾶλλον,
1710 1967 1802 2021 τὸν
1852 1969 1947 2021 οὐ·

354 2056 528 2124 ρανόν
547 2070 563 2085 ο
601 2058 810 2109 ἐκεῖνον
853 2057 964 2128 γὰρ
993 2061 1090 2111 καὶ
1113 2056 1283 2127 ’Ἅγια
1331 2057 1507 2125 καλεῖ,
1539 2060 1632 2112 καὶ
1663 2060 1720 2114 ὲν
1754 2058 1948 2130 ἐκείνῳ

352 2148 703 2219 λειτουργεῖν
727 2150 819 2204 τὸν
872 2150 1162 2222 ’Λρχιερέα
1191 2150 1362 2220 λέγει,
1394 2151 1537 2223 ὑπὲρ
1565 2151 1727 2223 ήμῶν
1751 2153 1948 2223 ἐντυγ-

352 2240 621 2309 χάνοντα.

432 2332 934 2404 Προσερχώμεθα.
959 2335 1112 2402 Τίνι;
1137 2337 1203 2408 τῇ
1232 2336 1435 2403 πίστει,
1468 2336 1563 2392 καὶ
1587 2338 1663 2409 τῇ
1696 2352 1947 2407 πνευμα-

352 2429 489 2497 τικῇ
522 2426 796 2499 λατρείᾳο
852 2427 887 2498 ἢ
946 2426 1027 2500 τῷ
1079 2427 1321 2501 οὐρανῷ,
1376 2427 1506 2483 ἔνθα
1558 2429 1588 2483 ὁ
1631 2428 1949 2501 ’Δρχιερεὺς

352 2519 544 2588 ἡμῶν.

424 2608 599 2663 Μετὰ
652 2608 952 2680 ἀληθινῆς
1031 2611 1299 2681 καρδίας.
1362 2610 1655 2667 Τουτέστιν
1726 2610 1939 2677 ἀδόλου,

354 2702 734 2774 ἀνυποκρίτου
787 2704 926 2777 πρὸς
973 2704 1102 2768 τοὺς
1154 2705 1418 2776 ἀδελφοὺς
1440 2745 1457 2773 ,
1512 2706 1547 2777 ἢ
1597 2703 1946 2769 ἀδιστάκτου,

362 2793 537 2865 μηδὲν
567 2793 1042 2867 ἀμφιϐαλλοὼης,
1070 2796 1239 2869 μηδὲν
1275 2796 1660 2869 ὲνδοιαζούσης
1690 2796 1950 2868 περὶτῶν

359 2886 699 2956 μελλόντων,
750 2887 846 2941 καὶ
882 2888 972 2943 διὰ
1002 2889 1162 2943 τοῦτο
1209 2889 1677 2962 μικροψυχοὼης.
1719 2888 1950 2956 Ἐπάγει

353 2994 453 3033 ουν
487 2994 506 3009 ⁸

439 3075 552 3127 Ἐν
593 3070 976 3140 πληροφορίᾳ
1019 3070 1302 3139 πίστεως.
1349 3074 1601 3128 Διδάσκει
1641 3077 1788 3147 ἡμᾶς
1833 3078 1953 3142 πῶς

2050 598 2216 637 causa
2249 582 2481 638 exstitit.
2506 584 2636 638 Haec
2656 590 2841 639 autem
2879 582 3020 639 adeo
3048 583 3116 637 ad
3145 584 3310 639 vitam
3333 583 3508 651 ducit,
3567 594 3626 639 ut

2049 683 2103 729 et
2133 674 2251 744 ipsa
2289 675 2436 729 vivat
2470 684 2524 731 et
2546 683 2750 731 {eterna
2786 676 2878 733 sit.
2905 673 3027 743 Vel,
3068 678 3341 745 viventem,
3395 677 3626 748 perinde

2050 766 2293 835 intellige
2326 776 2490 837 alque
2512 776 2809 834 recentem,
2846 781 2948 840 pro
2980 768 3101 824 viva
3148 777 3204 825 et
3256 771 3505 835 ﬂorente,
3556 770 3623 823 ad

2049 857 2351 913 discrimen
2376 859 2633 915 introitus
2657 859 2727 914 ad
2746 870 2927 916 vetera
2947 872 3141 917 sancta
3163 881 3176 916 :
3207 871 3457 918 mortuus
3475 862 3620 918 enim

2050 951 2142 1005 ille
2170 960 2274 1005 est.

2123 1041 2231 1097 Per
2267 1044 2519 1111 velamen,
2556 1045 2652 1099 hoc
2679 1053 2758 1100 est
2787 1062 3001 1101 carnem
3051 1063 3226 1102 suam.
3255 1046 3498 1102 lnitiavit
3526 1062 3627 1102 no-

2050 1136 2137 1192 bis
2163 1138 2309 1192 viam
2343 1139 2487 1193 hanc
2545 1138 2613 1194 ad
2648 1140 2821 1197 caelos
2875 1140 3191 1205 ducentem,
3249 1155 3348 1211 per
3399 1156 3624 1196 carnem

2051 1245 2228 1286 suam.
2256 1230 2489 1298 Quando
2526 1234 2673 1288 enim
2705 1233 2759 1288 in
2790 1248 3011 1289 crucem
3054 1248 3184 1289 caro
3217 1233 3435 1288 sublata
3482 1241 3623 1297 erat,

2049 1332 2104 1378 et
2142 1324 2195 1378 in
2227 1324 2428 1378 coelum
2459 1335 2700 1396 recepta,
2726 1334 2841 1381 tum
2882 1325 3143 1382 revelavit
3171 1325 3332 1382 nobis
3353 1325 3623 1381 crelestia.

2049 1414 2346 1486 Propterea
2376 1426 2432 1472 et
2463 1426 2770 1488 opportune
2834 1419 3085 1475 velamen
3141 1435 3261 1476 eam
3304 1419 3623 1490 appellavit.

2049 1508 2197 1564 Istud
2227 1511 2371 1566 enim
2401 1510 2683 1582 proprium
2713 1520 2799 1567 est
2841 1512 3158 1579 velamenti,
3191 1520 3250 1567 ut
3279 1528 3407 1569 cum
3443 1528 3627 1569 remo-

2051 1610 2166 1657 tum
2200 1601 2384 1671 fuerit,
2415 1605 2618 1660 revelet
2643 1620 2765 1674 quae
2803 1605 2915 1662 sint
2944 1606 3113 1661 intus.

2121 1692 2287 1750 Vens.
2316 1695 2404 1751 2i.
2442 1695 2509 1750 Et
2529 1696 2857 1752 sacerdotem
2907 1713 3156 1766 magnum
3202 1713 3361 1766 super
3410 1697 3629 1752 deruunt

2050 1782 2171 1838 Dei.
2212 1782 2491 1842 Habentes
2518 1787 2771 1843 videlicet
2801 1788 3146 1844 sacerdotem
3190 1789 3408 1859 quidem
3461 1789 3627 1845 Chri-

2047 1882 2234 1942 stum;
2270 1880 2492 1932 domum
2535 1878 2687 1943 vero;
2746 1894 2849 1935 nos
2880 1879 3090 1945 fideles,
3116 1880 3272 1950 juxta
3310 1881 3444 1937 illud
3479 1899 3494 1937 :
3530 1881 3628 1937 In-

2049 1965 2306 2022 habitabo
2325 1968 2381 2022 in
2412 1968 2565 2037 ipsis,
2588 1979 2638 2024 et
2674 1970 3017 2028 inambulabo
3050 1970 3107 2025 in
3156 1975 3261 2031 eis.
3322 1974 3440 2043 Vel,
3478 1976 3626 2046 quod

2049 2075 2178 2116 reor
2207 2075 2329 2116 esse
2362 2061 2568 2132 potius,
2599 2062 2800 2119 omium
2831 2082 2846 2118 :
2884 2065 3015 2122 illud
3047 2067 3194 2123 enim
3220 2075 3274 2123 et
3305 2076 3496 2124 sancta
3529 2085 3629 2140 ap-

2047 2151 2237 2220 pellat,
2274 2159 2328 2207 et
2356 2151 2413 2205 in
2436 2165 2505 2207 eo
2532 2151 2849 2208 Pontilicem
2873 2153 3187 2214 ministrare
3213 2158 3365 2222 dicit,
3401 2163 3503 2230 pro‘
3530 2175 3628 2216 no-

2051 2240 2137 2297 bis
2168 2240 2423 2297 videlicet
2451 2242 2866 2299 intercedendo.

2124 2330 2290 2390 Vens.
2325 2333 2416 2389 22.
2454 2333 2805 2392 Accedamus.
2837 2336 2919 2393 Ad
2944 2337 3075 2408 quid
3095 2339 3120 2394 ’ί
3139 2340 3217 2396 Ad
3243 2341 3400 2398 fidem
3432 2352 3484 2400 et
3512 2346 3627 2416 spi-

2049 2426 2306 2479 rltttalem
2355 2425 2565 2483 cultum
2603 2427 2731 2484 :vcl
2762 2427 2831 2485 ad
2881 2430 3109 2498 coelum,
3163 2434 3255 2490 ubi
3302 2445 3489 2493 noster
3543 2449 3630 2496 est

2049 2517 2318 2574 Pontifex.

2124 2609 2287 2681 725
2318 2611 2451 2668 Cum
2485 2630 2604 2668 vero
2631 2615 2807 2670 corde.
2836 2614 2956 2673 Hoc
2974 2628 3080 2685 est,
3105 2630 3329 2691 experte
3351 2622 3485 2688 doli,
3517 2639 3628 2680 non

2054 2704 2239 2759 fucato
2299 2721 2423 2776 erga
2484 2705 2703 2776 fratres,
2769 2710 2856 2765 vel
2918 2710 3054 2766 nihil
3116 2712 3424 2780 haesitante,
3493 2718 3632 2773 nihil

2053 2796 2390 2868 ambigente,
2448 2799 2587 2854 nihil
2637 2801 2926 2858 dubitante
2980 2803 3049 2860 de
3104 2803 3328 2874 futuris,
3385 2823 3449 2865 ac
3511 2825 3635 2881 pro-

2051 2896 2243 2960 pterea
2283 2888 2339 2944 in
2399 2891 2918 2962 pusillanimitatem
2967 2895 3272 2954 recidente.
3323 2897 3491 2956 infert
3530 2901 3641 2974 i52-

2054 2990 2179 3037 tur:

2126 3072 2193 3128 In
2219 3072 2554 3144 plenitudine
2588 3075 2735 3144 ﬁdei.
2780 3074 2952 3133 Docet
3002 3092 3107 3135 nos
3145 3094 3257 3151 quo
3314 3049 3474 3152 pacto
3521 3096 3632 3137 non

352 3165 420 3220 οὐ
460 3163 980 3257 μικροψυχήσομεν,
1035 3162 1133 3218 ἐὰν
1174 3164 1552 3236 πληροφορίαν
1602 3166 1819 3239 ἔχωμεν
1863 3171 1948 3222 πε.

2059 3162 2233 3218 simus
2255 3162 2590 3233 desponsuri
2611 3164 2880 3232 animum,
2914 3181 3134 3238 nempe,
3175 3166 3221 3223 si
3244 3165 3369 3223 ﬁdei
3394 3168 3635 3240 plenitu-

357 3244 560 3323 στεωξ,
594 3259 868 3324 τουτέστι,
922 3257 1105 3311 πίστιν
1151 3258 1576 3330 ἀπηρτισμένην
1618 3262 1713 3314 καὶ
1748 3262 1948 3315 τελειο-

2060 3254 2241 3311 dinem
2279 3255 2659 3322 habuerimus,
2711 3256 2814 3311 hoc
2847 3267 2953 3323 est,
2995 3257 3157 3314 ﬁdem
3194 3268 3635 3317 consummatam

352 3353 559 3422 τάτην.
602 3349 764 3401 Ἔστι
789 3348 900 3419 γὰρ
925 3347 1206 3402 πιστεύειν
1230 3349 1353 3420 μὲν,
1391 3349 1494 3403 οὐκ
1517 3351 1577 3402 ὲν
1606 3350 1951 3425 πληροφορίᾳ

348 3444 431 3499 δέ.
466 3444 690 3512 Ὠσπερ
720 3440 863 3504 τινὲς
897 3440 1172 3510 λέγουσιν,
1201 3441 1285 3495 ὅτι
1312 3442 1474 3497 ἐνίων
1506 3442 1608 3512 μὲν
1640 3442 1793 3497 ἔσται
1821 3445 1951 3500 ἀνά-

354 3553 575 3600 στασις,
618 3534 786 3588 τινῶν
816 3533 874 3587 δὲ
899 3534 1000 3588 οὐκ
1029 3533 1182 3587 ἔσται
1202 3551 1218 3567 ο
1257 3534 1419 3590 τοῦτο
1450 3536 1552 3590 οὐκ
1590 3534 1708 3589 ἔστι
1734 3537 1951 3609 πλήρης

356 3627 571 3688 πίστις,
622 3623 742 3678 ἀλλ’
789 3623 1013 3695 ἀτελής.
1055 3623 1144 3677 Ἑν
1187 3622 1533 3696 πληροφορίᾳ
1577 3618 1672 3677 οὖν
1711 3623 1951 3687 πίστεως

358 3714 829 3788 προσερχώμεθα.
888 3714 1110 3786 Ἐπειδὴ
1161 3714 1270 3785 γὰρ
1317 3713 1472 3768 οὐδέν
1519 3715 1667 3768 ἔστιν
1729 3715 1948 3785 ὁρατὸν,

360 3810 491 3865 οὔτε
522 3812 552 3861 ὁ
584 3807 713 3872 ναὸς
746 3810 776 3860 ὁ
802 3807 1058 3877 οὐρανὸς,
1084 3805 1216 3860 οὔτε
1247 3808 1275 3860 δ
1305 3808 1603 3878 ἀρχιερεὺς
1633 3808 1662 3860 ὀ
1691 3807 1947 3877 Χριστὸς,

366 3901 508 3955 sm
530 3901 861 3970 κέκρυπται,
907 3898 1098 3972 ὥσπερ
1136 3901 1232 3953 καὶ
1259 3899 1319 3953 τὸ
1347 3898 1577 3953 παλαιὸν
1606 3901 1634 3952 ὁ
1652 3899 1949 3971 ἀρχιερεὺς

378 3990 760 4059 ἁπεκρῦπτετο
786 3988 1072 4054 είσελθὼν,
1113 3988 1204 4043 διὰ
1248 3987 1409 4043 τοῦτο
1439 3989 1524 4043 δεῖ
1567 3988 1806 4053 πίστεως
1852 4006 1950 4043 πε-

383 4078 744 4151 πληρωμένης
775 4079 873 4134 καὶ
904 4078 1258 4134 ἀδιστᾶκτου.

445 4358 941 4429 Ἐῤῥαντισμένοι
970 4356 1080 4426 τὰς
1111 4355 1357 4426 καρδίας
1391 4355 1507 4412 ἀπὸ
1540 4355 1951 4426 συνειδήσεως

2057 3352 2112 3401 et
2152 3344 2642 3416 perfectissimam.
2669 3343 2803 3401 Nam
2842 3346 2962 3403 ﬁeri
3007 3355 3193 3419 potest
3223 3356 3284 3406 ut
3337 3348 3633 3421 quisquam

2058 3435 2270 3500 credat,
2299 3451 2410 3493 non
2450 3447 2631 3493 tamen
2666 3438 2720 3493 in
2746 3439 3085 3508 plenitudine
3120 3457 3137 3497 :
3168 3442 3634 3511 quemadmodum

2058 3527 2315 3582 nonnulli
2355 3527 2548 3583 dicunt
2574 3527 2938 3599 quorumdam
2983 3529 3229 3586 futuram
3264 3536 3636 3590 resurrectio-

2059 3635 2209 3687 nem,
2245 3620 2613 3692 quorumdam
2663 3635 2798 3676 vero
2848 3635 2958 3677 non
3010 3622 3273 3681 futuram.
3324 3624 3448 3683 Haec
3503 3642 3637 3683 sane

2057 3724 2169 3766 non
2197 3718 2284 3765 est
2326 3710 2487 3780 plena
2516 3708 2673 3776 ﬁdes,
2704 3709 2802 3766 sed
2830 3709 3170 3780 imperfecta.
3202 3712 3261 3767 In
3294 3714 3640 3782 plenitudine

2059 3805 2227 3875 igitur
2262 3802 2384 3857 fidei
2419 3801 2767 3858 accedamus.
2803 3802 3259 3874 Quandoquidem
3301 3807 3447 3861 enim
3496 3807 3638 3863 nihil

2060 3895 2243 3953 oculis
2292 3894 2502 3950 nostris
2562 3893 2874 3965 subjectum
2945 3905 3053 3961 est,
3126 3911 3304 3967 neque
3372 3899 3636 3969 templum

2059 3988 2240 4058 ipsum
2271 3985 2496 4055 coelum,
2531 3998 2708 4054 neque
2740 3984 2985 4055 pontifex
3007 3985 3283 4050 Christus,
3316 3987 3411 4042 sed
3449 3986 3636 4042 abdita

2058 4085 2213 4144 sunt,
2254 4077 2335 4132 uti
2363 4076 2492 4132 olim
2519 4074 2767 4146 pontifex
2812 4075 3098 4148 ingressus
3138 4075 3193 4132 in
3222 4086 3415 4133 sancta
3446 4077 3637 4132 occul-

2058 4172 2281 4227 tabalur
2308 4189 2324 4239 ;
2356 4179 2644 4241 propterea
2684 4183 2823 4241 opus
2845 4176 2933 4226 est
2983 4169 3090 4226 ﬁde
3118 4169 3363 4241 perfecta
3390 4180 3444 4226 et
3472 4169 3636 4226 indu-

2058 4265 2252 4320 bitata.

2132 4355 2349 4425 Aspersi
2388 4351 2553 4408 corda
2582 4368 2616 4406 a
2645 4352 2970 4407 conscientia
3022 4353 3190 4407 mala.
3224 4353 3362 4408 Cum
3412 4354 3481 4409 de
3531 4354 3639 4409 fido

359 4451 665 4520 πονηρᾶς.
709 4451 896 4504 Εἰπὼν
937 4451 1070 4520 περὶ
1109 4448 1368 4515 πίστεως,
1407 4448 1648 4503 δείκνυσι
1689 4447 1806 4516 νῦν,
1868 4451 1948 4504 ὅτι

2062 4454 2288 4510 locutus
2315 4456 2485 4512 esset,
2513 4458 2663 4500 nunc
2689 4443 2933 4500 ostendit
2959 4458 3068 4498 non
3098 4443 3270 4498 solam
3302 4443 3487 4507 ﬁdem,
3540 4459 3640 4499 ve-

358 4546 423 4598 οὺ
458 4543 651 4607 πίστις
684 4544 846 4614 μόνη,
897 4542 1037 4597 ἀλλὰ
1065 4542 1164 4598 καὶ
1213 4540 1328 4612 βίος
1375 4541 1630 4614 ἐνάρετος
1681 4540 1948 4613 ζητεῖται.

2062 4560 2185 4600 rum
2211 4542 2374 4598 etiam
2392 4540 2561 4594 vitam
2603 4537 2899 4592 virtutibus
2924 4544 3174 4591 ornatam
3212 4535 3436 4605 requiri.
3461 4533 3639 4590 Judaei

376 4635 628 4689 Ἰουδαῖοι
675 4634 777 4703 μὲν
823 4629 916 4687 οὖν
964 4633 1026 4687 τδ
1068 4631 1231 4704 σῶμα
1268 4631 1675 4703 ὲρῤαντίζοντο,
1704 4634 1863 4704 ἡμεῖς
1897 4633 1948 4687 δὲ

2062 4634 2285 4708 quidem
2315 4642 2549 4700 corpore
2581 4626 3109 4696 conspergebantur,
3144 4639 3245 4679 nos
3291 4637 3423 4679 vero
3448 4624 3637 4690 corde,

361 4731 461 4792 τὰς
513 4727 771 4797 καρδίας,
798 4727 943 4781 ὥστε
981 4726 1149 4797 μηδὲν
1178 4727 1394 4788 ἑαυτοῖς
1439 4726 1744 4779 συνειδέναι
1774 4743 1944 4797 πονη-

2061 4737 2124 4784 ιιι
2163 4725 2300 4781 nihil
2324 4722 2451 4777 mali
2488 4718 2648 4775 nobis
2690 4717 2900 4773 conscii
2941 4715 3136 4772 simus.
3198 4714 3641 4787 C0nspcrgemur

369 4822 488 4890 ρόν.
541 4819 1048 4890 Ῥαντισθησόμεθα
1079 4818 1137 4872 δὲ
1169 4819 1312 4889 αὐτῇ
1342 4820 1411 4889 τῇ
1446 4819 1638 4889 ἀρετῇ,
1671 4818 1704 4888 ἢ
1752 4817 1849 4871 καὶ
1887 4818 1948 4886 τῇ

2063 4827 2244 4873 autem
2276 4823 2329 4870 et
2364 4815 2484 4883 ipsa
2515 4812 2738 4875 virtute,
2771 4809 2858 4863 vel
2902 4807 3077 4879 gratia
3127 4807 3393 4877 Spiritus,
3425 4809 3516 4878 qui
3555 4823 3644 4862 rc-

362 4915 560 4982 χαριτι
609 4910 708 4964 τοῦ
760 4911 1101 4981 Πνεύματος,
1146 4911 1243 4965 τοῦ
1284 4911 1539 4978 ἀφιέντος
1582 4912 1715 4981 ἡμῖν
1763 4911 1822 4964 ὲν
1879 4911 1948 4981 τῷ

2066 4910 2220 4965 misit
2268 4905 2430 4961 nobis
2462 4905 2519 4959 in
2547 4902 2876 4972 baptismate
2911 4907 3156 4970 peccata,
3209 4910 3264 4955 et
3306 4899 3640 4955 confortavit

362 5003 589 5075 λουτρῷ
618 5002 719 5063 τὰς
765 5003 1065 5074 ἁμαρτίας,
1100 5005 1196 5057 καὶ
1237 5002 1644 5073 ὲνισχύσαντος,
1686 5002 1827 5056 ὥστε
1864 5003 1948 5057 ἐὰν

2069 5016 2191 5066 nos,
2223 5006 2283 5052 ut
2316 4995 2363 5052 si
2396 4995 2639 5049 animum
2682 4990 3104 5057 adverterimus,
3148 5005 3256 5047 non
3290 5006 3457 5063 porro
3490 4992 3544 5045 in
3574 5009 3640 5047 ea

366 5094 795 5164 σπουδάσωμεν,
829 5094 1026 5165 μηκέτι
1055 5097 1169 5156 τοῖς
1202 5094 1388 5158 αὐτοῖς
1420 5094 1794 5164 περιπίπτειν.
2061 5089 2393 5147 recidamus.

437 5187 557 5244 Kal
605 5186 964 5257 λελουμένοι
1019 5186 1088 5240 τὸ
1139 5185 1313 5255 σῶμα
1366 5184 1540 5239 ὕδατι
1578 5188 1755 5253 acadd;
1768 5184 1834 5251 ᾧ.
1870 5184 1948 5256 Tt;

2136 5181 2307 5236 Vens.
2338 5179 2431 5233 25.
2471 5176 2539 5229 Et
2563 5174 2735 5229 abluti
2764 5187 2957 5243 corpus
2991 5190 3131 5245 aqua
3150 5173 3657 5251 pura.Baptisma-.'

364 5278 467 5333 τοῦ
536 5276 955 5346 βαπτίσματος’
1007 5275 1238 5346 καθαρῷ
1289 5276 1388 5341 δὲ,
1456 5276 1491 5344 ἢ
1549 5274 1627 5345 τῷ
1687 5275 1948 5348 καθαροὺς

2067 5276 2135 5330 tis
2167 5274 2378 5328 scilicet
2417 5288 2431 5324 :
2462 5283 2596 5339 pura
2645 5280 2800 5333 vero,
2834 5266 2920 5320 vel
2970 5267 3115 5336 quod
3148 5282 3317 5337 puros
3377 5266 3528 5332 facit,
3558 5268 3647 5322 vel

366 5366 648 5432 ποιοῦντι,
673 5366 707 5437 ἢ
733 5367 812 5436 τῷ
847 5365 928 5438 μὴ
963 5366 1142 5437 ἔχοντι
1163 5361 1304 5436 αἷμα
1340 5364 1769 5436 μεμιγνυμὲνον,
1792 5366 1868 5431 ὡς
1897 5366 1948 5419 τί

2071 5365 2216 5437 quod
2247 5379 2353 5418 non
2409 5364 2606 5415 habeat
2637 5358 2942 5413 admixtum
2996 5359 3341 5429 sanguinem,
3398 5365 3462 5411 ut
3511 5358 3645 5414 olim

366 5457 609 5513 παλαιὸν
633 5456 697 5510 τὸ
715 5458 813 5528 τῆς
844 5455 1066 5513 σποδοῦ·
1094 5456 1158 5509 Εἰ
1184 5457 1326 5526 τάχα
1354 5456 1464 5525 γὰρ
1495 5455 1530 5525 ἡ
1563 5455 1623 5508 ὲν
1642 5454 1720 5525 τῷ
1750 5455 1948 5526 λουτρῷ

2067 5463 2284 5517 cincrea
2317 5456 2434 5509 illa.
2466 5454 2582 5509 Etsi
2628 5451 2774 5508 enim
2824 5450 2999 5522 gratia
3058 5448 3299 5519 Spiritus
3337 5450 3394 5505 in
3427 5449 3644 5521 baptis-

365 5553 531 5623 χάρις
568 5549 670 5606 τοῦ
699 5550 1019 5620 ηνεύματος
1059 5548 1156 5602 καὶ
1187 5547 1366 5618 ψυχὰς
1411 5547 1686 5619 καθαίρει,
1719 5548 1867 5618 ὅμως
1900 5550 1948 5602 τὶ

2070 5560 2215 5606 matc
2246 5549 2460 5603 animas
2515 5553 2731 5615 purget,
2782 5541 2999 5598 visibile
3049 5551 3232 5595 tamen
3294 5540 3385 5596 hic
3442 5541 3648 5597 visibili

366 5645 564 5707 ἀρατὸν
624 5642 707 5710 τῷ
756 5638 950 5714 ορατῷ
971 5640 1022 5674 ³⁸
1082 5638 1315 5694 ἐνταῦθα
1373 5638 1587 5704 Παῦλος
1641 5639 1948 5704 συνέταξεν⁴

2071 5638 2274 5692 Paulus
2294 5632 2598 5705 conjunxit.
2648 5629 2929 5702 Siquidem
2983 5629 3040 5685 in
3096 5629 3218 5699 ipso
3283 5641 3384 5685 usu
3436 5628 3648 5701 baptis-

617 5822 631 5836 .
1782 5756 1989 5819 Variis
2021 5755 2351 5820 lectiones.

434 5826 721 5898 ³⁶ὰοράτῳ
752 5842 806 5875 σι.

657 5921 951 5981 Parnm.-
1001 5922 1125 5975 ῦιι.
1154 5925 1402 5985 CXXV.

3223 5913 3287 5974 ll
