  <div class='ocr_page' id='page_1' title='image "/cluster/home/n/w/nwhite01/storage/ocr_20150623/125:no.3/coo.31924054870302/173.png"; bbox 0 0 4080 6442; ppageno 0'>
   <div class='ocr_carea' id='block_1_1' title="bbox 501 330 3777 407">
    <p class='ocr_par' dir='ltr' id='par_1_1' title="bbox 501 330 3777 407">
     <span class='ocr_line' id='line_1_1' title="bbox 501 330 3777 407; baseline -0.005 0"><span class='ocrx_word' id='word_1_1' title='bbox 501 341 605 407; x_wconf 83' lang='lat'><strong>331</strong></span> <span class='ocrx_word' id='word_1_2' title='bbox 1439 336 2022 401; x_wconf 84' lang='lat' dir='ltr'><strong>THEOPHYLACTI</strong></span> <span class='ocrx_word' id='word_1_3' title='bbox 2064 332 2481 397; x_wconf 71' lang='lat' dir='ltr'><strong>BULGARI/E</strong></span> <span class='ocrx_word' id='word_1_4' title='bbox 2507 330 2865 394; x_wconf 83' lang='lat' dir='ltr'><strong>ARCHIEP.</strong></span> <span class='ocrx_word' id='word_1_5' title='bbox 3669 331 3777 393; x_wconf 71' lang='lat'><strong>332</strong></span> 
     </span>
    </p>
   </div>
   <div class='ocr_carea' id='block_1_2' title="bbox 505 440 2096 527">
    <p class='ocr_par' dir='ltr' id='par_1_2' title="bbox 505 451 2085 527">
     <span class='ocr_line' id='line_1_2' title="bbox 505 451 2085 527; baseline -0.006 -14"><span class='ocrx_word' id='word_1_6' title='bbox 505 458 709 518; x_wconf 81' lang='lat' dir='ltr'><strong>matis.</strong></span> <span class='ocrx_word' id='word_1_7' title='bbox 787 457 1036 527; x_wconf 87' lang='lat' dir='ltr'><strong>corporis</strong></span> <span class='ocrx_word' id='word_1_8' title='bbox 1111 468 1281 512; x_wconf 89' lang='lat' dir='ltr'><strong>causa</strong></span> <span class='ocrx_word' id='word_1_9' title='bbox 1360 468 1503 526; x_wconf 87' lang='lat' dir='ltr'><strong>aqua</strong></span> <span class='ocrx_word' id='word_1_10' title='bbox 1559 452 1883 510; x_wconf 77' lang='lat' dir='ltr'><strong>assumitur.</strong></span> <span class='ocrx_word' id='word_1_11' title='bbox 1951 451 2085 507; x_wconf 85' lang='lat' dir='ltr'><strong>Cum</strong></span> 
     </span>
    </p>
   </div>
   <div class='ocr_carea' id='block_1_3' title="bbox 2202 440 3779 527">
    <p class='ocr_par' dir='ltr' id='par_1_3' title="bbox 2204 440 3779 519">
     <span class='ocr_line' id='line_1_3' title="bbox 2204 440 3779 519; baseline -0.006 -16"><span class='ocrx_word' id='word_1_12' title='bbox 2204 449 2360 504; x_wconf 71' lang='grc' dir='ltr'>Ἐπεὶ</span> <span class='ocrx_word' id='word_1_13' title='bbox 2384 448 2480 504; x_wconf 77' lang='grc' dir='ltr'>καὶ</span> <span class='ocrx_word' id='word_1_14' title='bbox 2512 450 2570 501; x_wconf 86' lang='grc' dir='ltr'><strong>ἐν</strong></span> <span class='ocrx_word' id='word_1_15' title='bbox 2608 448 2746 518; x_wconf 80' lang='grc' dir='ltr'>αὐτῇ</span> <span class='ocrx_word' id='word_1_16' title='bbox 2784 450 2849 519; x_wconf 82' lang='grc' dir='ltr'>τῇ</span> <span class='ocrx_word' id='word_1_17' title='bbox 2891 446 3052 519; x_wconf 80' lang='grc' dir='ltr'>χρείᾳ</span> <span class='ocrx_word' id='word_1_18' title='bbox 3089 445 3184 501; x_wconf 76' lang='grc' dir='ltr'>τοῦ</span> <span class='ocrx_word' id='word_1_19' title='bbox 3235 445 3634 518; x_wconf 72' lang='grc' dir='ltr'>βαπτίσματος,</span> <span class='ocrx_word' id='word_1_20' title='bbox 3680 440 3779 498; x_wconf 75' lang='grc' dir='ltr'>τοῦ</span> 
     </span>
    </p>
   </div>
   <div class='ocr_carea' id='block_1_4' title="bbox 508 536 2096 620">
    <p class='ocr_par' dir='ltr' id='par_1_4' title="bbox 508 544 2084 620">
     <span class='ocr_line' id='line_1_4' title="bbox 508 544 2084 620; baseline -0.003 -15"><span class='ocrx_word' id='word_1_21' title='bbox 508 551 654 605; x_wconf 90' lang='lat' dir='ltr'><strong>enim</strong></span> <span class='ocrx_word' id='word_1_22' title='bbox 686 564 784 605; x_wconf 92' lang='lat' dir='ltr'><strong>nos</strong></span> <span class='ocrx_word' id='word_1_23' title='bbox 815 550 1020 618; x_wconf 78' lang='lat' dir='ltr'><strong>gemini</strong></span> <span class='ocrx_word' id='word_1_24' title='bbox 1065 550 1265 617; x_wconf 87' lang='lat' dir='ltr'><strong>simus,</strong></span> <span class='ocrx_word' id='word_1_25' title='bbox 1302 549 1518 620; x_wconf 74' lang='lat' dir='ltr'><strong>genuina</strong></span> <span class='ocrx_word' id='word_1_26' title='bbox 1551 548 1725 604; x_wconf 76' lang='lat' dir='ltr'><strong>etiam</strong></span> <span class='ocrx_word' id='word_1_27' title='bbox 1774 544 2084 617; x_wconf 86' lang='lat' dir='ltr'><strong>puriﬁcatio</strong></span> 
     </span>
    </p>
   </div>
   <div class='ocr_carea' id='block_1_5' title="bbox 2202 536 3781 620">
    <p class='ocr_par' dir='ltr' id='par_1_5' title="bbox 2202 536 3781 613">
     <span class='ocr_line' id='line_1_5' title="bbox 2202 536 3781 613; baseline -0.004 -18"><span class='ocrx_word' id='word_1_28' title='bbox 2202 543 2449 613; x_wconf 59' lang='grc' dir='ltr'>δώματος</span> <span class='ocrx_word' id='word_1_29' title='bbox 2498 543 2660 595; x_wconf 82' lang='grc' dir='ltr'>’ἑνεκα</span> <span class='ocrx_word' id='word_1_30' title='bbox 2710 540 3209 613; x_wconf 77' lang='grc' dir='ltr'>παραλαμϐάνεται</span> <span class='ocrx_word' id='word_1_31' title='bbox 3242 539 3305 592; x_wconf 78' lang='grc' dir='ltr'><strong>τὸ</strong></span> <span class='ocrx_word' id='word_1_32' title='bbox 3356 538 3523 609; x_wconf 78' lang='grc' dir='ltr'>ὕδωρ.</span> <span class='ocrx_word' id='word_1_33' title='bbox 3569 536 3781 590; x_wconf 66' lang='grc' dir='ltr'>Διττιῖιν</span> 
     </span>
    </p>
   </div>
   <div class='ocr_carea' id='block_1_6' title="bbox 505 633 3424 711">
    <p class='ocr_par' dir='ltr' id='par_1_6' title="bbox 505 633 3424 711">
     <span class='ocr_line' id='line_1_6' title="bbox 505 633 3424 711; baseline -0.001 -19"><span class='ocrx_word' id='word_1_34' title='bbox 505 646 610 694; x_wconf 89' lang='lat' dir='ltr'><strong>est.</strong></span> <span class='ocrx_word' id='word_1_35' title='bbox 2190 638 2299 711; x_wconf 78' lang='grc' dir='ltr'><strong>γὰρ</strong></span> <span class='ocrx_word' id='word_1_36' title='bbox 2333 636 2504 690; x_wconf 77' lang='grc' dir='ltr'>ὄντων</span> <span class='ocrx_word' id='word_1_37' title='bbox 2533 637 2715 707; x_wconf 80' lang='grc' dir='ltr'>ἡμῶν,</span> <span class='ocrx_word' id='word_1_38' title='bbox 2746 636 2899 707; x_wconf 81' lang='grc' dir='ltr'>διττὴ</span> <span class='ocrx_word' id='word_1_39' title='bbox 2937 636 3035 690; x_wconf 74' lang='grc' dir='ltr'><strong>καὶ</strong></span> <span class='ocrx_word' id='word_1_40' title='bbox 3072 636 3105 706; x_wconf 83' lang='grc' dir='ltr'>ἡ</span> <span class='ocrx_word' id='word_1_41' title='bbox 3136 633 3424 704; x_wconf 77' lang='grc' dir='ltr'><strong>κάθαρσις.</strong></span> 
     </span>
    </p>
   </div>
   <div class='ocr_carea' id='block_1_7' title="bbox 576 720 2096 803">
    <p class='ocr_par' dir='ltr' id='par_1_7' title="bbox 576 727 2084 803">
     <span class='ocr_line' id='line_1_7' title="bbox 576 727 2084 803; baseline -0.003 -16"><span class='ocrx_word' id='word_1_42' title='bbox 576 733 865 787; x_wconf 83' lang='lat' dir='ltr'><strong>Teneamus</strong></span> <span class='ocrx_word' id='word_1_43' title='bbox 909 733 1021 803; x_wconf 87' lang='lat' dir='ltr'><strong>spei</strong></span> <span class='ocrx_word' id='word_1_44' title='bbox 1058 732 1438 802; x_wconf 74' lang='lat' dir='ltr'><strong>confessionem</strong></span> <span class='ocrx_word' id='word_1_45' title='bbox 1476 733 1772 786; x_wconf 78' lang='lat' dir='ltr'><strong>immotam.</strong></span> <span class='ocrx_word' id='word_1_46' title='bbox 1830 727 1942 783; x_wconf 90' lang='lat' dir='ltr'><strong>lloc</strong></span> <span class='ocrx_word' id='word_1_47' title='bbox 1979 737 2084 797; x_wconf 85' lang='lat' dir='ltr'><strong>est,</strong></span> 
     </span>
    </p>
   </div>
   <div class='ocr_carea' id='block_1_8' title="bbox 2202 720 3781 803">
    <p class='ocr_par' dir='ltr' id='par_1_8' title="bbox 2260 720 3781 797">
     <span class='ocr_line' id='line_1_8' title="bbox 2260 720 3781 797; baseline -0.001 -16"><span class='ocrx_word' id='word_1_48' title='bbox 2260 726 2617 797; x_wconf 80' lang='grc' dir='ltr'>Κατέχωμεν</span> <span class='ocrx_word' id='word_1_49' title='bbox 2635 725 2752 795; x_wconf 78' lang='grc' dir='ltr'><strong>τὴν</strong></span> <span class='ocrx_word' id='word_1_50' title='bbox 2774 726 3103 795; x_wconf 76' lang='grc' dir='ltr'><strong>ὁμολογίαν</strong></span> <span class='ocrx_word' id='word_1_51' title='bbox 3127 725 3236 794; x_wconf 81' lang='grc' dir='ltr'>τῆς</span> <span class='ocrx_word' id='word_1_52' title='bbox 3263 724 3510 791; x_wconf 77' lang='grc' dir='ltr'>ἐλπίδος</span> <span class='ocrx_word' id='word_1_53' title='bbox 3536 720 3781 788; x_wconf 79' lang='grc' dir='ltr'>ἀκλινῆ.</span> 
     </span>
    </p>
   </div>
   <div class='ocr_carea' id='block_1_9' title="bbox 505 815 2096 896">
    <p class='ocr_par' dir='ltr' id='par_1_9' title="bbox 505 821 2086 896">
     <span class='ocr_line' id='line_1_9' title="bbox 505 821 2086 896; baseline -0.002 -20"><span class='ocrx_word' id='word_1_54' title='bbox 505 840 667 895; x_wconf 87' lang='lat' dir='ltr'><strong>quam</strong></span> <span class='ocrx_word' id='word_1_55' title='bbox 698 826 930 895; x_wconf 81' lang='lat' dir='ltr'><strong>professi</strong></span> <span class='ocrx_word' id='word_1_56' title='bbox 966 841 1158 881; x_wconf 88' lang='lat' dir='ltr'><strong>sumus</strong></span> <span class='ocrx_word' id='word_1_57' title='bbox 1182 840 1356 896; x_wconf 82' lang='lat' dir='ltr'><strong>spem,</strong></span> <span class='ocrx_word' id='word_1_58' title='bbox 1388 841 1508 880; x_wconf 90' lang='lat' dir='ltr'><strong>eam</strong></span> <span class='ocrx_word' id='word_1_59' title='bbox 1545 824 1884 880; x_wconf 84' lang='lat' dir='ltr'><strong>retineamus</strong></span> <span class='ocrx_word' id='word_1_60' title='bbox 1913 821 2086 875; x_wconf 85' lang='lat' dir='ltr'><strong>stabi-</strong></span> 
     </span>
    </p>
   </div>
   <div class='ocr_carea' id='block_1_10' title="bbox 2202 815 3780 896">
    <p class='ocr_par' dir='ltr' id='par_1_10' title="bbox 2202 815 3780 889">
     <span class='ocr_line' id='line_1_10' title="bbox 2202 815 3780 889; baseline -0.003 -17"><span class='ocrx_word' id='word_1_61' title='bbox 2202 818 2475 881; x_wconf 74' lang='grc' dir='ltr'>Τουτὲστι,</span> <span class='ocrx_word' id='word_1_62' title='bbox 2509 818 2610 887; x_wconf 85' lang='grc' dir='ltr'>τὴν</span> <span class='ocrx_word' id='word_1_63' title='bbox 2638 817 3074 889; x_wconf 76' lang='grc' dir='ltr'><strong>ὁμολογηθεῖσαν</strong></span> <span class='ocrx_word' id='word_1_64' title='bbox 3112 818 3251 887; x_wconf 63' lang='grc' dir='ltr'>ἡμῖν</span> <span class='ocrx_word' id='word_1_65' title='bbox 3281 816 3491 880; x_wconf 82' lang='grc' dir='ltr'>ἐλπίδα,</span> <span class='ocrx_word' id='word_1_66' title='bbox 3530 815 3780 885; x_wconf 71' lang='grc' dir='ltr'>κατέχω-</span> 
     </span>
    </p>
   </div>
   <div class='ocr_carea' id='block_1_11' title="bbox 510 910 2096 991">
    <p class='ocr_par' dir='ltr' id='par_1_11' title="bbox 510 916 2089 991">
     <span class='ocr_line' id='line_1_11' title="bbox 510 916 2089 991; baseline -0.001 -20"><span class='ocrx_word' id='word_1_67' title='bbox 510 919 636 974; x_wconf 85' lang='lat' dir='ltr'><strong>lem.</strong></span> <span class='ocrx_word' id='word_1_68' title='bbox 677 919 1033 988; x_wconf 86' lang='lat' dir='ltr'><strong>Speravimus</strong></span> <span class='ocrx_word' id='word_1_69' title='bbox 1063 921 1205 974; x_wconf 80' lang='lat' dir='ltr'><strong>enim</strong></span> <span class='ocrx_word' id='word_1_70' title='bbox 1242 920 1296 974; x_wconf 92' lang='lat' dir='ltr'><strong>in</strong></span> <span class='ocrx_word' id='word_1_71' title='bbox 1330 919 1604 991; x_wconf 85' lang='lat' dir='ltr'><strong>principio</strong></span> <span class='ocrx_word' id='word_1_72' title='bbox 1642 918 1790 983; x_wconf 88' lang='lat' dir='ltr'><strong>ﬁdei,</strong></span> <span class='ocrx_word' id='word_1_73' title='bbox 1841 916 1989 989; x_wconf 88' lang='lat' dir='ltr'><strong>quod</strong></span> <span class='ocrx_word' id='word_1_74' title='bbox 2034 923 2089 971; x_wconf 88' lang='lat' dir='ltr'><strong>ct</strong></span> 
     </span>
    </p>
   </div>
   <div class='ocr_carea' id='block_1_12' title="bbox 2202 910 3779 991">
    <p class='ocr_par' dir='ltr' id='par_1_12' title="bbox 2202 910 3779 983">
     <span class='ocr_line' id='line_1_12' title="bbox 2202 910 3779 983; baseline 0 -19"><span class='ocrx_word' id='word_1_75' title='bbox 2202 928 2294 982; x_wconf 86' lang='grc' dir='ltr'><strong>μεν</strong></span> <span class='ocrx_word' id='word_1_76' title='bbox 2343 911 2513 983; x_wconf 68' lang='grc' dir='ltr'>αὐτὴν</span> <span class='ocrx_word' id='word_1_77' title='bbox 2564 911 2811 980; x_wconf 70' lang='grc' dir='ltr'>βεϐαίαν.</span> <span class='ocrx_word' id='word_1_78' title='bbox 2856 911 3200 982; x_wconf 85' lang='grc' dir='ltr'>Ἠλπίσαμεν</span> <span class='ocrx_word' id='word_1_79' title='bbox 3244 910 3355 982; x_wconf 82' lang='grc' dir='ltr'>γὰρ</span> <span class='ocrx_word' id='word_1_80' title='bbox 3405 912 3462 964; x_wconf 83' lang='grc' dir='ltr'><strong>ἐν</strong></span> <span class='ocrx_word' id='word_1_81' title='bbox 3492 911 3639 980; x_wconf 80' lang='grc' dir='ltr'>ἀρχῇ</span> <span class='ocrx_word' id='word_1_82' title='bbox 3678 911 3779 977; x_wconf 78' lang='grc' dir='ltr'>τῆς</span> 
     </span>
    </p>
   </div>
   <div class='ocr_carea' id='block_1_13' title="bbox 511 1010 2084 1083">
    <p class='ocr_par' dir='ltr' id='par_1_13' title="bbox 511 1010 2084 1083">
     <span class='ocr_line' id='line_1_13' title="bbox 511 1010 2084 1083; baseline -0.001 -20"><span class='ocrx_word' id='word_1_83' title='bbox 511 1014 614 1080; x_wconf 78' lang='lat' dir='ltr'><strong>ipsi</strong></span> <span class='ocrx_word' id='word_1_84' title='bbox 645 1013 843 1065; x_wconf 74' lang='lat' dir='ltr'><strong>emtum</strong></span> <span class='ocrx_word' id='word_1_85' title='bbox 894 1012 1197 1083; x_wconf 81' lang='lat' dir='ltr'><strong>ingressuri</strong></span> <span class='ocrx_word' id='word_1_86' title='bbox 1232 1015 1409 1068; x_wconf 86' lang='lat' dir='ltr'><strong>simus</strong></span> <span class='ocrx_word' id='word_1_87' title='bbox 1442 1029 1457 1065; x_wconf 90' lang='lat'><strong>:</strong></span> <span class='ocrx_word' id='word_1_88' title='bbox 1493 1021 1547 1067; x_wconf 90' lang='lat' dir='ltr'><strong>et</strong></span> <span class='ocrx_word' id='word_1_89' title='bbox 1603 1010 1836 1083; x_wconf 78' lang='lat' dir='ltr'><strong>professi</strong></span> <span class='ocrx_word' id='word_1_90' title='bbox 1873 1024 2084 1073; x_wconf 84' lang='lat' dir='ltr'><strong>sunms,</strong></span> 
     </span>
    </p>
   </div>
   <div class='ocr_carea' id='block_1_14' title="bbox 448 1096 2088 1178">
    <p class='ocr_par' dir='ltr' id='par_1_14' title="bbox 448 1096 2088 1178">
     <span class='ocr_line' id='line_1_14' title="bbox 448 1096 2088 1178; baseline -0.001 -21"><span class='ocrx_word' id='word_1_91' title='bbox 507 1107 729 1171; x_wconf 83' lang='lat' dir='ltr'><strong>quando</strong></span> <span class='ocrx_word' id='word_1_92' title='bbox 792 1104 967 1159; x_wconf 62' lang='lat' dir='ltr'><strong>foedus</strong></span> <span class='ocrx_word' id='word_1_93' title='bbox 1038 1103 1163 1159; x_wconf 86' lang='lat' dir='ltr'><strong>ﬁdei</strong></span> <span class='ocrx_word' id='word_1_94' title='bbox 1220 1104 1575 1170; x_wconf 82' lang='lat' dir='ltr'><strong>feriebamus,</strong></span> <span class='ocrx_word' id='word_1_95' title='bbox 1632 1103 2088 1159; x_wconf 88' lang='lat' dir='ltr'><strong>resurrectionem</strong></span> 
     </span>
    </p>
   </div>
   <div class='ocr_carea' id='block_1_15' title="bbox 2190 1003 3783 1074">
    <p class='ocr_par' dir='ltr' id='par_1_15' title="bbox 2190 1003 3783 1074">
     <span class='ocr_line' id='line_1_15' title="bbox 2190 1003 3783 1074; baseline 0 -18"><span class='ocrx_word' id='word_1_96' title='bbox 2190 1004 2449 1068; x_wconf 83' lang='grc' dir='ltr'>πίστεως,</span> <span class='ocrx_word' id='word_1_97' title='bbox 2506 1005 2590 1057; x_wconf 83' lang='grc' dir='ltr'><strong>ὅτι</strong></span> <span class='ocrx_word' id='word_1_98' title='bbox 2640 1005 2737 1058; x_wconf 77' lang='grc' dir='ltr'><strong>καὶ</strong></span> <span class='ocrx_word' id='word_1_99' title='bbox 2771 1005 2928 1059; x_wconf 80' lang='grc' dir='ltr'>αὐτοὶ</span> <span class='ocrx_word' id='word_1_100' title='bbox 2981 1006 3060 1064; x_wconf 77' lang='grc' dir='ltr'><strong>είς</strong></span> <span class='ocrx_word' id='word_1_101' title='bbox 3095 1005 3185 1058; x_wconf 77' lang='grc' dir='ltr'>τὸν</span> <span class='ocrx_word' id='word_1_102' title='bbox 3215 1004 3443 1074; x_wconf 73' lang='grc' dir='ltr'>οὐρανὸν</span> <span class='ocrx_word' id='word_1_103' title='bbox 3484 1003 3783 1056; x_wconf 83' lang='grc' dir='ltr'>εἰσελευσό-</span> 
     </span>
    </p>
   </div>
   <div class='ocr_carea' id='block_1_16' title="bbox 2194 1092 3782 1166">
    <p class='ocr_par' dir='ltr' id='par_1_16' title="bbox 2194 1092 3782 1166">
     <span class='ocr_line' id='line_1_16' title="bbox 2194 1092 3782 1166; baseline -0.003 -19"><span class='ocrx_word' id='word_1_104' title='bbox 2194 1095 2373 1165; x_wconf 90' lang='grc' dir='ltr'>μεθα·</span> <span class='ocrx_word' id='word_1_105' title='bbox 2422 1094 2516 1147; x_wconf 59' lang='grc' dir='ltr'><strong>καὶ⁷</strong></span> <span class='ocrx_word' id='word_1_106' title='bbox 2564 1094 3003 1166; x_wconf 70' lang='grc' dir='ltr'><strong>ὡμολογήσαμεν</strong></span> <span class='ocrx_word' id='word_1_107' title='bbox 3056 1095 3144 1148; x_wconf 83' lang='grc' dir='ltr'>ὅτε</span> <span class='ocrx_word' id='word_1_108' title='bbox 3192 1094 3295 1157; x_wconf 80' lang='grc' dir='ltr'>τὰς</span> <span class='ocrx_word' id='word_1_109' title='bbox 3356 1093 3634 1163; x_wconf 76' lang='grc' dir='ltr'><strong>συνθήκας</strong></span> <span class='ocrx_word' id='word_1_110' title='bbox 3679 1092 3782 1161; x_wconf 71' lang='grc' dir='ltr'>τῆς</span> 
     </span>
    </p>
   </div>
   <div class='ocr_carea' id='block_1_17' title="bbox 509 1184 2096 1261">
    <p class='ocr_par' dir='ltr' id='par_1_17' title="bbox 509 1193 2090 1261">
     <span class='ocr_line' id='line_1_17' title="bbox 509 1193 2090 1261; baseline 0.001 -13"><span class='ocrx_word' id='word_1_111' title='bbox 509 1206 852 1251; x_wconf 89' lang='lat' dir='ltr'><strong>mortuorum</strong></span> <span class='ocrx_word' id='word_1_112' title='bbox 886 1212 987 1251; x_wconf 88' lang='lat' dir='ltr'><strong>nos</strong></span> <span class='ocrx_word' id='word_1_113' title='bbox 1019 1197 1268 1261; x_wconf 87' lang='lat' dir='ltr'><strong>credere,</strong></span> <span class='ocrx_word' id='word_1_114' title='bbox 1303 1206 1360 1252; x_wconf 83' lang='lat' dir='ltr'><strong>et</strong></span> <span class='ocrx_word' id='word_1_115' title='bbox 1414 1197 1583 1253; x_wconf 89' lang='lat' dir='ltr'><strong>vitam</strong></span> <span class='ocrx_word' id='word_1_116' title='bbox 1616 1205 1904 1253; x_wconf 65' lang='lat' dir='ltr'><strong>aeternam.</strong></span> <span class='ocrx_word' id='word_1_117' title='bbox 1937 1193 2090 1249; x_wconf 85' lang='lat' dir='ltr'><strong>llanc</strong></span> 
     </span>
    </p>
   </div>
   <div class='ocr_carea' id='block_1_18' title="bbox 2202 1184 3783 1261">
    <p class='ocr_par' dir='ltr' id='par_1_18' title="bbox 2202 1184 3783 1258">
     <span class='ocr_line' id='line_1_18' title="bbox 2202 1184 3783 1258; baseline -0.003 -19"><span class='ocrx_word' id='word_1_118' title='bbox 2202 1186 2432 1250; x_wconf 81' lang='grc' dir='ltr'>πίστεως</span> <span class='ocrx_word' id='word_1_119' title='bbox 2485 1186 3005 1258; x_wconf 81' lang='grc' dir='ltr'>ἐποιούμεθα,.εἰς</span> <span class='ocrx_word' id='word_1_120' title='bbox 3061 1186 3361 1240; x_wconf 74' lang='grc' dir='ltr'><strong>ἀνάστασιν</strong></span> <span class='ocrx_word' id='word_1_121' title='bbox 3419 1184 3631 1253; x_wconf 81' lang='grc' dir='ltr'>νεκρῶν</span> <span class='ocrx_word' id='word_1_122' title='bbox 3690 1203 3783 1236; x_wconf 82' lang='grc' dir='ltr'>πι-</span> 
     </span>
    </p>
   </div>
   <div class='ocr_carea' id='block_1_19' title="bbox 510 1287 1515 1357">
    <p class='ocr_par' dir='ltr' id='par_1_19' title="bbox 510 1287 1515 1357">
     <span class='ocr_line' id='line_1_19' title="bbox 510 1287 1515 1357; baseline 0 -14"><span class='ocrx_word' id='word_1_123' title='bbox 510 1287 676 1357; x_wconf 81' lang='lat' dir='ltr'><strong>igitur</strong></span> <span class='ocrx_word' id='word_1_124' title='bbox 703 1290 1107 1345; x_wconf 79' lang='lat' dir='ltr'><strong>confessionem</strong></span> <span class='ocrx_word' id='word_1_125' title='bbox 1154 1291 1515 1345; x_wconf 85' lang='lat' dir='ltr'><strong>retineamus.</strong></span> 
     </span>
    </p>
   </div>
   <div class='ocr_carea' id='block_1_20' title="bbox 586 1469 2093 1542">
    <p class='ocr_par' dir='ltr' id='par_1_20' title="bbox 586 1469 2093 1542">
     <span class='ocr_line' id='line_1_20' title="bbox 586 1469 2093 1542; baseline 0.001 -19"><span class='ocrx_word' id='word_1_126' title='bbox 586 1469 793 1526; x_wconf 76' lang='lat' dir='ltr'><strong>Fidelis</strong></span> <span class='ocrx_word' id='word_1_127' title='bbox 828 1472 966 1526; x_wconf 87' lang='lat' dir='ltr'><strong>enim</strong></span> <span class='ocrx_word' id='word_1_128' title='bbox 998 1482 1074 1527; x_wconf 86' lang='lat' dir='ltr'><strong>est</strong></span> <span class='ocrx_word' id='word_1_129' title='bbox 1100 1473 1191 1541; x_wconf 83' lang='lat' dir='ltr'><strong>qui</strong></span> <span class='ocrx_word' id='word_1_130' title='bbox 1217 1473 1485 1540; x_wconf 73' lang='lat' dir='ltr'><strong>promisit.</strong></span> <span class='ocrx_word' id='word_1_131' title='bbox 1531 1471 1693 1528; x_wconf 75' lang='lat' dir='ltr'><strong>Vires</strong></span> <span class='ocrx_word' id='word_1_132' title='bbox 1728 1471 1890 1527; x_wconf 89' lang='lat' dir='ltr'><strong>nobis</strong></span> <span class='ocrx_word' id='word_1_133' title='bbox 1926 1471 2093 1542; x_wconf 74' lang='lat' dir='ltr'><strong>largi-</strong></span> 
     </span>
    </p>
   </div>
   <div class='ocr_carea' id='block_1_21' title="bbox 514 1559 2094 1630">
    <p class='ocr_par' dir='ltr' id='par_1_21' title="bbox 514 1559 2094 1630">
     <span class='ocr_line' id='line_1_21' title="bbox 514 1559 2094 1630; baseline -0.003 -15"><span class='ocrx_word' id='word_1_134' title='bbox 514 1570 607 1615; x_wconf 81' lang='lat' dir='ltr'><strong>tur</strong></span> <span class='ocrx_word' id='word_1_135' title='bbox 632 1560 710 1614; x_wconf 93' lang='lat' dir='ltr'><strong>uti</strong></span> <span class='ocrx_word' id='word_1_136' title='bbox 735 1575 886 1630; x_wconf 88' lang='lat' dir='ltr'><strong>spem</strong></span> <span class='ocrx_word' id='word_1_137' title='bbox 916 1560 1129 1614; x_wconf 87' lang='lat' dir='ltr'><strong>ﬁrmam</strong></span> <span class='ocrx_word' id='word_1_138' title='bbox 1162 1570 1481 1627; x_wconf 78' lang='lat' dir='ltr'><strong>teneamus;</strong></span> <span class='ocrx_word' id='word_1_139' title='bbox 1532 1574 1750 1630; x_wconf 88' lang='lat' dir='ltr'><strong>nempe,</strong></span> <span class='ocrx_word' id='word_1_140' title='bbox 1779 1559 1826 1614; x_wconf 90' lang='lat' dir='ltr'><strong>si</strong></span> <span class='ocrx_word' id='word_1_141' title='bbox 1859 1559 2094 1628; x_wconf 81' lang='lat' dir='ltr'><strong>dignita-</strong></span> 
     </span>
    </p>
   </div>
   <div class='ocr_carea' id='block_1_22' title="bbox 516 1649 2091 1722">
    <p class='ocr_par' dir='ltr' id='par_1_22' title="bbox 516 1649 2091 1722">
     <span class='ocr_line' id='line_1_22' title="bbox 516 1649 2091 1722; baseline -0.003 -15"><span class='ocrx_word' id='word_1_142' title='bbox 516 1662 626 1707; x_wconf 89' lang='lat' dir='ltr'><strong>tem</strong></span> <span class='ocrx_word' id='word_1_143' title='bbox 666 1650 788 1721; x_wconf 76' lang='lat' dir='ltr'><strong>ejus</strong></span> <span class='ocrx_word' id='word_1_144' title='bbox 816 1653 911 1720; x_wconf 88' lang='lat' dir='ltr'><strong>qui</strong></span> <span class='ocrx_word' id='word_1_145' title='bbox 948 1652 1220 1722; x_wconf 76' lang='lat' dir='ltr'><strong>promisit,</strong></span> <span class='ocrx_word' id='word_1_146' title='bbox 1253 1652 1439 1706; x_wconf 89' lang='lat' dir='ltr'><strong>animo</strong></span> <span class='ocrx_word' id='word_1_147' title='bbox 1464 1651 1890 1722; x_wconf 85' lang='lat' dir='ltr'><strong>perpendamus.</strong></span> <span class='ocrx_word' id='word_1_148' title='bbox 1928 1649 2091 1704; x_wconf 67' lang='lat' dir='ltr'><strong>Fide-</strong></span> 
     </span>
    </p>
   </div>
   <div class='ocr_carea' id='block_1_23' title="bbox 515 1739 2092 1812">
    <p class='ocr_par' dir='ltr' id='par_1_23' title="bbox 515 1739 2092 1812">
     <span class='ocr_line' id='line_1_23' title="bbox 515 1739 2092 1812; baseline -0.001 -15"><span class='ocrx_word' id='word_1_149' title='bbox 515 1742 585 1799; x_wconf 88' lang='lat' dir='ltr'><strong>lis</strong></span> <span class='ocrx_word' id='word_1_150' title='bbox 605 1744 747 1798; x_wconf 91' lang='lat' dir='ltr'><strong>cnim</strong></span> <span class='ocrx_word' id='word_1_151' title='bbox 769 1750 875 1809; x_wconf 92' lang='lat' dir='ltr'><strong>est,</strong></span> <span class='ocrx_word' id='word_1_152' title='bbox 898 1742 1004 1798; x_wconf 85' lang='lat' dir='ltr'><strong>hoc</strong></span> <span class='ocrx_word' id='word_1_153' title='bbox 1026 1749 1110 1797; x_wconf 88' lang='lat' dir='ltr'><strong>est</strong></span> <span class='ocrx_word' id='word_1_154' title='bbox 1160 1758 1344 1809; x_wconf 89' lang='lat' dir='ltr'><strong>verus,</strong></span> <span class='ocrx_word' id='word_1_155' title='bbox 1368 1743 1484 1812; x_wconf 82' lang='lat' dir='ltr'><strong>ipse</strong></span> <span class='ocrx_word' id='word_1_156' title='bbox 1508 1741 1764 1797; x_wconf 82' lang='lat' dir='ltr'><strong>Christus</strong></span> <span class='ocrx_word' id='word_1_157' title='bbox 1780 1740 1871 1812; x_wconf 87' lang='lat' dir='ltr'><strong>qui</strong></span> <span class='ocrx_word' id='word_1_158' title='bbox 1916 1739 2092 1795; x_wconf 75' lang='lat' dir='ltr'><strong>dixit:</strong></span> 
     </span>
    </p>
   </div>
   <div class='ocr_carea' id='block_1_24' title="bbox 519 1829 1584 1904">
    <p class='ocr_par' dir='ltr' id='par_1_24' title="bbox 519 1829 1584 1904">
     <span class='ocr_line' id='line_1_24' title="bbox 519 1829 1584 1904; baseline -0.001 -20"><span class='ocrx_word' id='word_1_159' title='bbox 519 1829 618 1885; x_wconf 87' lang='lat' dir='ltr'><strong>Ubi</strong></span> <span class='ocrx_word' id='word_1_160' title='bbox 649 1848 742 1904; x_wconf 85' lang='lat' dir='ltr'><strong>ego</strong></span> <span class='ocrx_word' id='word_1_161' title='bbox 776 1849 915 1899; x_wconf 89' lang='lat' dir='ltr'><strong>sum,</strong></span> <span class='ocrx_word' id='word_1_162' title='bbox 937 1841 989 1886; x_wconf 88' lang='lat' dir='ltr'><strong>et</strong></span> <span class='ocrx_word' id='word_1_163' title='bbox 1011 1832 1257 1886; x_wconf 89' lang='lat' dir='ltr'><strong>minister</strong></span> <span class='ocrx_word' id='word_1_164' title='bbox 1283 1847 1428 1886; x_wconf 83' lang='lat' dir='ltr'><strong>mens</strong></span> <span class='ocrx_word' id='word_1_165' title='bbox 1462 1831 1584 1885; x_wconf 86' lang='lat' dir='ltr'><strong>erit.</strong></span> 
     </span>
    </p>
   </div>
   <div class='ocr_carea' id='block_1_25' title="bbox 582 1922 2093 1990">
    <p class='ocr_par' dir='ltr' id='par_1_25' title="bbox 582 1922 2093 1990">
     <span class='ocr_line' id='line_1_25' title="bbox 582 1922 2093 1990; baseline -0.003 -11"><span class='ocrx_word' id='word_1_166' title='bbox 582 1922 752 1979; x_wconf 72' lang='lat' dir='ltr'><strong>Vens.</strong></span> <span class='ocrx_word' id='word_1_167' title='bbox 785 1923 877 1977; x_wconf 71' lang='lat'><strong>24.</strong></span> <span class='ocrx_word' id='word_1_168' title='bbox 916 1922 985 1977; x_wconf 82' lang='lat' dir='ltr'><strong>Et</strong></span> <span class='ocrx_word' id='word_1_169' title='bbox 1013 1923 1404 1977; x_wconf 78' lang='lat' dir='ltr'><strong>consideremus</strong></span> <span class='ocrx_word' id='word_1_170' title='bbox 1434 1938 1529 1977; x_wconf 87' lang='lat' dir='ltr'><strong>nos</strong></span> <span class='ocrx_word' id='word_1_171' title='bbox 1571 1931 1755 1976; x_wconf 86' lang='lat' dir='ltr'><strong>mutuo</strong></span> <span class='ocrx_word' id='word_1_172' title='bbox 1800 1924 1875 1976; x_wconf 73' lang='lat' dir='ltr'><strong>ad</strong></span> <span class='ocrx_word' id='word_1_173' title='bbox 1901 1937 2093 1990; x_wconf 81' lang='lat' dir='ltr'><strong>provo-</strong></span> 
     </span>
    </p>
   </div>
   <div class='ocr_carea' id='block_1_26' title="bbox 513 2014 2095 2084">
    <p class='ocr_par' dir='ltr' id='par_1_26' title="bbox 513 2014 2095 2084">
     <span class='ocr_line' id='line_1_26' title="bbox 513 2014 2095 2084; baseline -0.001 -12"><span class='ocrx_word' id='word_1_174' title='bbox 513 2019 774 2072; x_wconf 86' lang='lat' dir='ltr'><strong>cationem</strong></span> <span class='ocrx_word' id='word_1_175' title='bbox 806 2017 1096 2072; x_wconf 77' lang='lat' dir='ltr'><strong>charitatis</strong></span> <span class='ocrx_word' id='word_1_176' title='bbox 1139 2026 1189 2070; x_wconf 87' lang='lat' dir='ltr'><strong>et</strong></span> <span class='ocrx_word' id='word_1_177' title='bbox 1222 2014 1482 2072; x_wconf 82' lang='lat' dir='ltr'><strong>bonorum</strong></span> <span class='ocrx_word' id='word_1_178' title='bbox 1518 2031 1754 2084; x_wconf 81' lang='lat' dir='ltr'><strong>operum.</strong></span> <span class='ocrx_word' id='word_1_179' title='bbox 1793 2014 2095 2071; x_wconf 85' lang='lat' dir='ltr'><strong>Cbaritatis</strong></span> 
     </span>
    </p>
   </div>
   <div class='ocr_carea' id='block_1_27' title="bbox 492 2104 2087 2179">
    <p class='ocr_par' dir='ltr' id='par_1_27' title="bbox 492 2104 2087 2179">
     <span class='ocr_line' id='line_1_27' title="bbox 492 2104 2087 2179; baseline -0.003 -16"><span class='ocrx_word' id='word_1_180' title='bbox 492 2108 913 2179; x_wconf 73' lang='lat' dir='ltr'><strong>.perlemionem</strong></span> <span class='ocrx_word' id='word_1_181' title='bbox 968 2105 1144 2160; x_wconf 87' lang='lat' dir='ltr'><strong>addit.</strong></span> <span class='ocrx_word' id='word_1_182' title='bbox 1180 2104 1589 2161; x_wconf 81' lang='lat' dir='ltr'><strong>Consideremus</strong></span> <span class='ocrx_word' id='word_1_183' title='bbox 1644 2107 1816 2174; x_wconf 86' lang='lat' dir='ltr'><strong>enim,</strong></span> <span class='ocrx_word' id='word_1_184' title='bbox 1884 2105 2087 2177; x_wconf 86' lang='lat' dir='ltr'><strong>inquit,</strong></span> 
     </span>
    </p>
   </div>
   <div class='ocr_carea' id='block_1_28' title="bbox 506 2197 2097 2269">
    <p class='ocr_par' dir='ltr' id='par_1_28' title="bbox 506 2197 2097 2269">
     <span class='ocr_line' id='line_1_28' title="bbox 506 2197 2097 2269; baseline -0.001 -17"><span class='ocrx_word' id='word_1_185' title='bbox 506 2217 609 2254; x_wconf 78' lang='lat' dir='ltr'><strong>nos</strong></span> <span class='ocrx_word' id='word_1_186' title='bbox 646 2209 847 2264; x_wconf 88' lang='lat' dir='ltr'><strong>mutuo,</strong></span> <span class='ocrx_word' id='word_1_187' title='bbox 879 2198 983 2252; x_wconf 89' lang='lat' dir='ltr'><strong>hoc</strong></span> <span class='ocrx_word' id='word_1_188' title='bbox 1017 2206 1122 2262; x_wconf 89' lang='lat' dir='ltr'><strong>est,</strong></span> <span class='ocrx_word' id='word_1_189' title='bbox 1155 2197 1320 2268; x_wconf 72' lang='grc'><strong>’126</strong></span> <span class='ocrx_word' id='word_1_190' title='bbox 1345 2198 1732 2269; x_wconf 88' lang='lat' dir='ltr'><strong>inspiciamus,</strong></span> <span class='ocrx_word' id='word_1_191' title='bbox 1763 2198 1809 2254; x_wconf 88' lang='lat' dir='ltr'><strong>si</strong></span> <span class='ocrx_word' id='word_1_192' title='bbox 1840 2199 1966 2269; x_wconf 87' lang='lat' dir='ltr'><strong>quis</strong></span> <span class='ocrx_word' id='word_1_193' title='bbox 1989 2199 2097 2252; x_wconf 89' lang='lat' dir='ltr'><strong>vir-</strong></span> 
     </span>
    </p>
   </div>
   <div class='ocr_carea' id='block_1_29' title="bbox 517 2286 2098 2358">
    <p class='ocr_par' dir='ltr' id='par_1_29' title="bbox 517 2286 2098 2358">
     <span class='ocr_line' id='line_1_29' title="bbox 517 2286 2098 2358; baseline -0.003 -13"><span class='ocrx_word' id='word_1_194' title='bbox 517 2300 633 2345; x_wconf 86' lang='lat' dir='ltr'><strong>tute</strong></span> <span class='ocrx_word' id='word_1_195' title='bbox 663 2288 921 2358; x_wconf 77' lang='lat' dir='ltr'><strong>insignis,</strong></span> <span class='ocrx_word' id='word_1_196' title='bbox 956 2296 1016 2341; x_wconf 93' lang='lat' dir='ltr'><strong>ut</strong></span> <span class='ocrx_word' id='word_1_197' title='bbox 1044 2287 1192 2340; x_wconf 88' lang='lat' dir='ltr'><strong>hunc</strong></span> <span class='ocrx_word' id='word_1_198' title='bbox 1251 2286 1573 2341; x_wconf 86' lang='lat' dir='ltr'><strong>imitemur:</strong></span> <span class='ocrx_word' id='word_1_199' title='bbox 1610 2302 1720 2342; x_wconf 92' lang='lat' dir='ltr'><strong>non</strong></span> <span class='ocrx_word' id='word_1_200' title='bbox 1756 2295 1815 2341; x_wconf 91' lang='lat' dir='ltr'><strong>ut</strong></span> <span class='ocrx_word' id='word_1_201' title='bbox 1854 2287 2098 2342; x_wconf 83' lang='lat' dir='ltr'><strong>invidea-</strong></span> 
     </span>
    </p>
   </div>
   <div class='ocr_carea' id='block_1_30' title="bbox 515 2378 2096 2450">
    <p class='ocr_par' dir='ltr' id='par_1_30' title="bbox 515 2378 2096 2450">
     <span class='ocr_line' id='line_1_30' title="bbox 515 2378 2096 2450; baseline -0.004 -14"><span class='ocrx_word' id='word_1_202' title='bbox 515 2398 641 2437; x_wconf 86' lang='lat' dir='ltr'><strong>mus</strong></span> <span class='ocrx_word' id='word_1_203' title='bbox 681 2380 755 2446; x_wconf 90' lang='lat' dir='ltr'><strong>ei,</strong></span> <span class='ocrx_word' id='word_1_204' title='bbox 787 2379 886 2436; x_wconf 83' lang='lat' dir='ltr'><strong>sed</strong></span> <span class='ocrx_word' id='word_1_205' title='bbox 918 2380 1103 2450; x_wconf 89' lang='lat' dir='ltr'><strong>potius</strong></span> <span class='ocrx_word' id='word_1_206' title='bbox 1136 2384 1196 2432; x_wconf 90' lang='lat' dir='ltr'><strong>ut</strong></span> <span class='ocrx_word' id='word_1_207' title='bbox 1245 2378 1561 2446; x_wconf 88' lang='lat' dir='ltr'><strong>incitemur,</strong></span> <span class='ocrx_word' id='word_1_208' title='bbox 1625 2390 1685 2434; x_wconf 93' lang='lat' dir='ltr'><strong>ut</strong></span> <span class='ocrx_word' id='word_1_209' title='bbox 1729 2379 1920 2435; x_wconf 85' lang='lat' dir='ltr'><strong>eadem</strong></span> <span class='ocrx_word' id='word_1_210' title='bbox 1969 2393 2096 2433; x_wconf 87' lang='lat' dir='ltr'><strong>cum</strong></span> 
     </span>
    </p>
   </div>
   <div class='ocr_carea' id='block_1_31' title="bbox 516 2456 2100 2547">
    <p class='ocr_par' dir='ltr' id='par_1_31' title="bbox 516 2456 2100 2547">
     <span class='ocr_line' id='line_1_31' title="bbox 516 2456 2100 2547; baseline -0.006 -15"><span class='ocrx_word' id='word_1_211' title='bbox 516 2478 640 2547; x_wconf 87' lang='lat' dir='ltr'><strong>ipso</strong></span> <span class='ocrx_word' id='word_1_212' title='bbox 668 2456 837 2545; x_wconf 80' lang='lat' dir='ltr'><strong>opera</strong></span> <span class='ocrx_word' id='word_1_213' title='bbox 904 2470 1280 2542; x_wconf 87' lang='lat' dir='ltr'><strong>perﬁciamus.</strong></span> <span class='ocrx_word' id='word_1_214' title='bbox 1345 2469 1677 2526; x_wconf 90' lang='lat' dir='ltr'><strong>Provocatio</strong></span> <span class='ocrx_word' id='word_1_215' title='bbox 1739 2478 1924 2527; x_wconf 90' lang='lat' dir='ltr'><strong>autem</strong></span> <span class='ocrx_word' id='word_1_216' title='bbox 1984 2469 2100 2523; x_wconf 66' lang='lat' dir='ltr'><strong>haec</strong></span> 
     </span>
    </p>
   </div>
   <div class='ocr_carea' id='block_1_32' title="bbox 516 2561 2098 2631">
    <p class='ocr_par' dir='ltr' id='par_1_32' title="bbox 516 2561 2098 2631">
     <span class='ocr_line' id='line_1_32' title="bbox 516 2561 2098 2631; baseline -0.005 -7"><span class='ocrx_word' id='word_1_217' title='bbox 516 2567 809 2624; x_wconf 88' lang='lat' dir='ltr'><strong>cbaritatis</strong></span> <span class='ocrx_word' id='word_1_218' title='bbox 840 2573 946 2631; x_wconf 81' lang='lat' dir='ltr'><strong>est,</strong></span> <span class='ocrx_word' id='word_1_219' title='bbox 974 2579 1083 2620; x_wconf 86' lang='lat' dir='ltr'><strong>non</strong></span> <span class='ocrx_word' id='word_1_220' title='bbox 1122 2561 1365 2618; x_wconf 57' lang='lat' dir='ltr'><strong>invidia.</strong></span> <span class='ocrx_word' id='word_1_221' title='bbox 1398 2562 1469 2619; x_wconf 90' lang='lat' dir='ltr'><strong>Ut</strong></span> <span class='ocrx_word' id='word_1_222' title='bbox 1500 2564 1647 2619; x_wconf 90' lang='lat' dir='ltr'><strong>enim</strong></span> <span class='ocrx_word' id='word_1_223' title='bbox 1678 2562 1890 2619; x_wconf 88' lang='lat' dir='ltr'><strong>ferrum</strong></span> <span class='ocrx_word' id='word_1_224' title='bbox 1950 2563 2098 2617; x_wconf 89' lang='lat' dir='ltr'><strong>ferro</strong></span> 
     </span>
    </p>
   </div>
   <div class='ocr_carea' id='block_1_33' title="bbox 504 2653 2100 2717">
    <p class='ocr_par' dir='ltr' id='par_1_33' title="bbox 504 2653 2100 2717">
     <span class='ocr_line' id='line_1_33' title="bbox 504 2653 2100 2717; baseline -0.008 0"><span class='ocrx_word' id='word_1_225' title='bbox 504 2661 806 2717; x_wconf 82' lang='lat' dir='ltr'><strong>exacuitur</strong></span> <span class='ocrx_word' id='word_1_226' title='bbox 841 2679 854 2716; x_wconf 89' lang='lat'><strong>:</strong></span> <span class='ocrx_word' id='word_1_227' title='bbox 891 2660 973 2717; x_wconf 90' lang='lat' dir='ltr'><strong>sic</strong></span> <span class='ocrx_word' id='word_1_228' title='bbox 997 2660 1179 2716; x_wconf 87' lang='lat' dir='ltr'><strong>anima</strong></span> <span class='ocrx_word' id='word_1_229' title='bbox 1206 2674 1330 2715; x_wconf 89' lang='lat' dir='ltr'><strong>cum</strong></span> <span class='ocrx_word' id='word_1_230' title='bbox 1375 2657 1558 2712; x_wconf 87' lang='lat' dir='ltr'><strong>anima</strong></span> <span class='ocrx_word' id='word_1_231' title='bbox 1588 2653 1978 2710; x_wconf 85' lang='lat' dir='ltr'><strong>commercium</strong></span> <span class='ocrx_word' id='word_1_232' title='bbox 2001 2653 2100 2706; x_wconf 85' lang='lat' dir='ltr'><strong>ha-</strong></span> 
     </span>
    </p>
   </div>
   <div class='ocr_carea' id='block_1_34' title="bbox 514 2743 2099 2823">
    <p class='ocr_par' dir='ltr' id='par_1_34' title="bbox 514 2743 2099 2823">
     <span class='ocr_line' id='line_1_34' title="bbox 514 2743 2099 2823; baseline -0.009 -13"><span class='ocrx_word' id='word_1_233' title='bbox 514 2755 675 2819; x_wconf 84' lang='lat' dir='ltr'><strong>bens.</strong></span> <span class='ocrx_word' id='word_1_234' title='bbox 736 2753 803 2810; x_wconf 90' lang='lat' dir='ltr'><strong>ad</strong></span> <span class='ocrx_word' id='word_1_235' title='bbox 856 2753 1044 2809; x_wconf 89' lang='lat' dir='ltr'><strong>eadem</strong></span> <span class='ocrx_word' id='word_1_236' title='bbox 1109 2752 1284 2823; x_wconf 85' lang='lat' dir='ltr'><strong>ipsam</strong></span> <span class='ocrx_word' id='word_1_237' title='bbox 1332 2751 1557 2817; x_wconf 80' lang='lat' dir='ltr'><strong>incitat,</strong></span> <span class='ocrx_word' id='word_1_238' title='bbox 1602 2753 1982 2802; x_wconf 81' lang='lat' dir='ltr'><strong>verumtamen</strong></span> <span class='ocrx_word' id='word_1_239' title='bbox 2044 2743 2099 2797; x_wconf 90' lang='lat' dir='ltr'><strong>in</strong></span> 
     </span>
    </p>
   </div>
   <div class='ocr_carea' id='block_1_35' title="bbox 515 2833 2099 2908">
    <p class='ocr_par' dir='ltr' id='par_1_35' title="bbox 515 2833 2099 2908">
     <span class='ocr_line' id='line_1_35' title="bbox 515 2833 2099 2908; baseline -0.005 -11"><span class='ocrx_word' id='word_1_240' title='bbox 515 2844 805 2899; x_wconf 83' lang='lat' dir='ltr'><strong>charitate.</strong></span> <span class='ocrx_word' id='word_1_241' title='bbox 829 2841 926 2897; x_wconf 83' lang='lat' dir='ltr'><strong>Vel</strong></span> <span class='ocrx_word' id='word_1_242' title='bbox 945 2840 1344 2899; x_wconf 83' lang='lat' dir='ltr'><strong>conversemini</strong></span> <span class='ocrx_word' id='word_1_243' title='bbox 1367 2847 1576 2906; x_wconf 89' lang='lat' dir='ltr'><strong>mutuo,</strong></span> <span class='ocrx_word' id='word_1_244' title='bbox 1601 2850 1709 2908; x_wconf 87' lang='lat' dir='ltr'><strong>quo</strong></span> <span class='ocrx_word' id='word_1_245' title='bbox 1722 2833 2099 2891; x_wconf 88' lang='lat' dir='ltr'><strong>accendamini</strong></span> 
     </span>
    </p>
   </div>
   <div class='ocr_carea' id='block_1_36' title="bbox 519 2932 1547 3004">
    <p class='ocr_par' dir='ltr' id='par_1_36' title="bbox 519 2932 1547 3004">
     <span class='ocr_line' id='line_1_36' title="bbox 519 2932 1547 3004; baseline -0.001 -17"><span class='ocrx_word' id='word_1_246' title='bbox 519 2946 578 2987; x_wconf 88' lang='lat' dir='ltr'><strong>ut</strong></span> <span class='ocrx_word' id='word_1_247' title='bbox 628 2943 821 2987; x_wconf 91' lang='lat' dir='ltr'><strong>mutuo</strong></span> <span class='ocrx_word' id='word_1_248' title='bbox 855 2932 1101 3004; x_wconf 75' lang='lat' dir='ltr'><strong>diligatis</strong></span> <span class='ocrx_word' id='word_1_249' title='bbox 1129 2942 1183 2988; x_wconf 91' lang='lat' dir='ltr'><strong>et</strong></span> <span class='ocrx_word' id='word_1_250' title='bbox 1222 2932 1547 3000; x_wconf 82' lang='lat' dir='ltr'><strong>diligamini.</strong></span> 
     </span>
    </p>
   </div>
   <div class='ocr_carea' id='block_1_37' title="bbox 589 3021 2096 3079">
    <p class='ocr_par' dir='ltr' id='par_1_37' title="bbox 589 3021 2096 3079">
     <span class='ocr_line' id='line_1_37' title="bbox 589 3021 2096 3079; baseline -0.003 -1"><span class='ocrx_word' id='word_1_251' title='bbox 589 3021 759 3079; x_wconf 73' lang='lat' dir='ltr'><strong>Vens.</strong></span> <span class='ocrx_word' id='word_1_252' title='bbox 789 3023 882 3078; x_wconf 69' lang='lat'><strong>25.</strong></span> <span class='ocrx_word' id='word_1_253' title='bbox 912 3025 1034 3078; x_wconf 88' lang='lat' dir='ltr'><strong>Non</strong></span> <span class='ocrx_word' id='word_1_254' title='bbox 1080 3025 1379 3078; x_wconf 82' lang='lat' dir='ltr'><strong>deserentes</strong></span> <span class='ocrx_word' id='word_1_255' title='bbox 1413 3022 1777 3077; x_wconf 84' lang='lat' dir='ltr'><strong>collectionem</strong></span> <span class='ocrx_word' id='word_1_256' title='bbox 1832 3030 2096 3075; x_wconf 88' lang='lat' dir='ltr'><strong>nostram.</strong></span> 
     </span>
    </p>
   </div>
   <div class='ocr_carea' id='block_1_38' title="bbox 512 3111 2097 3187">
    <p class='ocr_par' dir='ltr' id='par_1_38' title="bbox 512 3111 2097 3187">
     <span class='ocr_line' id='line_1_38' title="bbox 512 3111 2097 3187; baseline -0.004 -16"><span class='ocrx_word' id='word_1_257' title='bbox 512 3115 868 3187; x_wconf 88' lang='lat' dir='ltr'><strong>Compertum</strong></span> <span class='ocrx_word' id='word_1_258' title='bbox 885 3115 1068 3181; x_wconf 82' lang='lat' dir='ltr'><strong>habet,</strong></span> <span class='ocrx_word' id='word_1_259' title='bbox 1108 3123 1436 3171; x_wconf 89' lang='lat' dir='ltr'><strong>conventum</strong></span> <span class='ocrx_word' id='word_1_260' title='bbox 1465 3119 1712 3167; x_wconf 89' lang='lat' dir='ltr'><strong>mutuum</strong></span> <span class='ocrx_word' id='word_1_261' title='bbox 1746 3111 2097 3166; x_wconf 73' lang='lat' dir='ltr'><strong>dilectionem</strong></span> 
     </span>
    </p>
   </div>
   <div class='ocr_carea' id='block_1_39' title="bbox 2193 1276 3781 1349">
    <p class='ocr_par' dir='ltr' id='par_1_39' title="bbox 2193 1276 3781 1349">
     <span class='ocr_line' id='line_1_39' title="bbox 2193 1276 3781 1349; baseline -0.002 -18"><span class='ocrx_word' id='word_1_262' title='bbox 2193 1278 2425 1345; x_wconf 80' lang='grc' dir='ltr'>στεύειν,</span> <span class='ocrx_word' id='word_1_263' title='bbox 2458 1277 2554 1330; x_wconf 77' lang='grc' dir='ltr'><strong>καὶ</strong></span> <span class='ocrx_word' id='word_1_264' title='bbox 2604 1278 2685 1341; x_wconf 86' lang='grc' dir='ltr'><strong>είς</strong></span> <span class='ocrx_word' id='word_1_265' title='bbox 2735 1277 2882 1349; x_wconf 75' lang='grc' dir='ltr'>ζωὴν</span> <span class='ocrx_word' id='word_1_266' title='bbox 2913 1276 3153 1333; x_wconf 82' lang='grc' dir='ltr'>αἰώνιον.</span> <span class='ocrx_word' id='word_1_267' title='bbox 3205 1276 3424 1348; x_wconf 78' lang='grc' dir='ltr'><strong>Ταύτην</strong></span> <span class='ocrx_word' id='word_1_268' title='bbox 3450 1276 3632 1331; x_wconf 78' lang='grc' dir='ltr'>τοίνυν</span> <span class='ocrx_word' id='word_1_269' title='bbox 3679 1276 3781 1347; x_wconf 69' lang='grc' dir='ltr'><strong>τὴν</strong></span> 
     </span>
    </p>
   </div>
   <div class='ocr_carea' id='block_1_40' title="bbox 2193 1369 2871 1441">
    <p class='ocr_par' dir='ltr' id='par_1_40' title="bbox 2193 1369 2871 1441">
     <span class='ocr_line' id='line_1_40' title="bbox 2193 1369 2871 1441; baseline 0 -16"><span class='ocrx_word' id='word_1_270' title='bbox 2193 1369 2490 1441; x_wconf 74' lang='grc' dir='ltr'>ὁμολογίαν</span> <span class='ocrx_word' id='word_1_271' title='bbox 2523 1371 2871 1441; x_wconf 82' lang='grc' dir='ltr'>κατέχωμεν.</span> 
     </span>
    </p>
   </div>
   <div class='ocr_carea' id='block_1_41' title="bbox 2263 1461 3782 1534">
    <p class='ocr_par' dir='ltr' id='par_1_41' title="bbox 2263 1461 3782 1534">
     <span class='ocr_line' id='line_1_41' title="bbox 2263 1461 3782 1534; baseline -0.003 -18"><span class='ocrx_word' id='word_1_272' title='bbox 2263 1463 2486 1529; x_wconf 83' lang='grc' dir='ltr'>Πιστὸς</span> <span class='ocrx_word' id='word_1_273' title='bbox 2521 1461 2631 1532; x_wconf 84' lang='grc' dir='ltr'>γὰρ</span> <span class='ocrx_word' id='word_1_274' title='bbox 2685 1466 2719 1518; x_wconf 85' lang='grc' dir='ltr'><em>ὁ</em></span> <span class='ocrx_word' id='word_1_275' title='bbox 2767 1463 3302 1534; x_wconf 73' lang='grc' dir='ltr'>ἐπαγγειλάμενος.</span> <span class='ocrx_word' id='word_1_276' title='bbox 3357 1462 3583 1516; x_wconf 85' lang='grc' dir='ltr'>Δίδωσιν</span> <span class='ocrx_word' id='word_1_277' title='bbox 3627 1461 3782 1533; x_wconf 68' lang='grc' dir='ltr'>ἰσχὺν</span> 
     </span>
    </p>
   </div>
   <div class='ocr_carea' id='block_1_42' title="bbox 2194 1552 3790 1631">
    <p class='ocr_par' dir='ltr' id='par_1_42' title="bbox 2194 1552 3790 1631">
     <span class='ocr_line' id='line_1_42' title="bbox 2194 1552 3790 1631; baseline -0.001 -23"><span class='ocrx_word' id='word_1_278' title='bbox 2194 1553 2311 1617; x_wconf 85' lang='grc' dir='ltr'>πῶς</span> <span class='ocrx_word' id='word_1_279' title='bbox 2344 1552 2648 1631; x_wconf 74' lang='grc' dir='ltr'>καθέξομεν</span> <span class='ocrx_word' id='word_1_280' title='bbox 2686 1554 2785 1627; x_wconf 80' lang='grc' dir='ltr'>τὴν</span> <span class='ocrx_word' id='word_1_281' title='bbox 2832 1555 3026 1609; x_wconf 89' lang='grc' dir='ltr'>ἐλπίδα</span> <span class='ocrx_word' id='word_1_282' title='bbox 3063 1554 3326 1625; x_wconf 76' lang='grc' dir='ltr'>βεϐαίαν·</span> <span class='ocrx_word' id='word_1_283' title='bbox 3375 1556 3471 1608; x_wconf 76' lang='grc' dir='ltr'><strong>ἐὰν</strong></span> <span class='ocrx_word' id='word_1_284' title='bbox 3510 1555 3790 1624; x_wconf 62' lang='grc' dir='ltr'>ἐννοήσωο</span> 
     </span>
    </p>
   </div>
   <div class='ocr_carea' id='block_1_43' title="bbox 2195 1639 3783 1717">
    <p class='ocr_par' dir='ltr' id='par_1_43' title="bbox 2195 1639 3783 1717">
     <span class='ocr_line' id='line_1_43' title="bbox 2195 1639 3783 1717; baseline -0.002 -17"><span class='ocrx_word' id='word_1_285' title='bbox 2195 1663 2296 1716; x_wconf 89' lang='grc' dir='ltr'><strong>μεν</strong></span> <span class='ocrx_word' id='word_1_286' title='bbox 2322 1646 2383 1699; x_wconf 82' lang='grc' dir='ltr'><strong>τὸ</strong></span> <span class='ocrx_word' id='word_1_287' title='bbox 2421 1646 2736 1714; x_wconf 74' lang='grc' dir='ltr'>ἀξιόπιστον</span> <span class='ocrx_word' id='word_1_288' title='bbox 2766 1646 2862 1701; x_wconf 82' lang='grc' dir='ltr'>τοῦ</span> <span class='ocrx_word' id='word_1_289' title='bbox 2894 1639 3397 1717; x_wconf 79' lang='grc' dir='ltr'>ἐπαγγειλαμένου.</span> <span class='ocrx_word' id='word_1_290' title='bbox 3428 1644 3626 1707; x_wconf 81' lang='grc' dir='ltr'>Πιστὸς</span> <span class='ocrx_word' id='word_1_291' title='bbox 3647 1646 3783 1714; x_wconf 72' lang='grc' dir='ltr'>γὰρ,</span> 
     </span>
    </p>
   </div>
   <div class='ocr_carea' id='block_1_44' title="bbox 2193 1737 3782 1810">
    <p class='ocr_par' dir='ltr' id='par_1_44' title="bbox 2193 1737 3782 1810">
     <span class='ocr_line' id='line_1_44' title="bbox 2193 1737 3782 1810; baseline 0 -20"><span class='ocrx_word' id='word_1_292' title='bbox 2193 1738 2473 1792; x_wconf 77' lang='grc' dir='ltr'>τουτέστιν</span> <span class='ocrx_word' id='word_1_293' title='bbox 2528 1738 2756 1808; x_wconf 82' lang='grc' dir='ltr'>ἀληθὴς,</span> <span class='ocrx_word' id='word_1_294' title='bbox 2798 1742 2825 1793; x_wconf 84' lang='grc' dir='ltr'><strong>ὁ</strong></span> <span class='ocrx_word' id='word_1_295' title='bbox 2868 1740 3104 1810; x_wconf 80' lang='grc' dir='ltr'>Χριστὸς</span> <span class='ocrx_word' id='word_1_296' title='bbox 3153 1742 3183 1793; x_wconf 85' lang='grc' dir='ltr'><em>ὸ</em></span> <span class='ocrx_word' id='word_1_297' title='bbox 3229 1738 3430 1797; x_wconf 76' lang='grc' dir='ltr'>εἰπών’</span> <span class='ocrx_word' id='word_1_298' title='bbox 3465 1738 3596 1792; x_wconf 86' lang='grc' dir='ltr'>Ὅτι</span> <span class='ocrx_word' id='word_1_299' title='bbox 3626 1737 3782 1791; x_wconf 82' lang='grc' dir='ltr'>ὅπου</span> 
     </span>
    </p>
   </div>
   <div class='ocr_carea' id='block_1_45' title="bbox 2122 1827 3458 1900">
    <p class='ocr_par' dir='ltr' id='par_1_45' title="bbox 2122 1827 3458 1900">
     <span class='ocr_line' id='line_1_45' title="bbox 2122 1827 3458 1900; baseline 0.002 -18"><span class='ocrx_word' id='word_1_300' title='bbox 2122 1832 2163 1888; x_wconf 82' lang='grc' dir='ltr'><strong>Β</strong></span> <span class='ocrx_word' id='word_1_301' title='bbox 2193 1828 2310 1898; x_wconf 79' lang='grc' dir='ltr'>είμί</span> <span class='ocrx_word' id='word_1_302' title='bbox 2339 1827 2474 1898; x_wconf 79' lang='grc' dir='ltr'>ἐγὼ,</span> <span class='ocrx_word' id='word_1_303' title='bbox 2508 1830 2607 1883; x_wconf 75' lang='grc' dir='ltr'><strong>καὶ</strong></span> <span class='ocrx_word' id='word_1_304' title='bbox 2638 1832 2674 1884; x_wconf 83' lang='grc' dir='ltr'><em>ὁ</em></span> <span class='ocrx_word' id='word_1_305' title='bbox 2703 1828 2987 1898; x_wconf 81' lang='grc' dir='ltr'>διάκονος</span> <span class='ocrx_word' id='word_1_306' title='bbox 3017 1834 3050 1885; x_wconf 83' lang='grc' dir='ltr'><em>ὀ</em></span> <span class='ocrx_word' id='word_1_307' title='bbox 3081 1831 3225 1900; x_wconf 76' lang='grc' dir='ltr'>ἐμὸς</span> <span class='ocrx_word' id='word_1_308' title='bbox 3262 1829 3458 1885; x_wconf 83' lang='grc' dir='ltr'>ἔσται.</span> 
     </span>
    </p>
   </div>
   <div class='ocr_carea' id='block_1_46' title="bbox 2267 1920 3791 1993">
    <p class='ocr_par' dir='ltr' id='par_1_46' title="bbox 2267 1920 3791 1993">
     <span class='ocr_line' id='line_1_46' title="bbox 2267 1920 3791 1993; baseline 0 -18"><span class='ocrx_word' id='word_1_309' title='bbox 2267 1921 2380 1975; x_wconf 75' lang='grc' dir='ltr'><strong>Καὶ</strong></span> <span class='ocrx_word' id='word_1_310' title='bbox 2438 1922 2825 1993; x_wconf 76' lang='grc' dir='ltr'>κατανοῶμεν</span> <span class='ocrx_word' id='word_1_311' title='bbox 2877 1923 3192 1991; x_wconf 81' lang='grc' dir='ltr'>ἀλλήλους</span> <span class='ocrx_word' id='word_1_312' title='bbox 3244 1926 3332 1989; x_wconf 80' lang='grc' dir='ltr'><strong>είς</strong></span> <span class='ocrx_word' id='word_1_313' title='bbox 3390 1920 3791 1993; x_wconf 67' lang='grc' dir='ltr'>παροξυσμεν</span> 
     </span>
    </p>
   </div>
   <div class='ocr_carea' id='block_1_47' title="bbox 2194 1999 3787 2084">
    <p class='ocr_par' dir='ltr' id='par_1_47' title="bbox 2194 1999 3787 2084">
     <span class='ocr_line' id='line_1_47' title="bbox 2194 1999 3787 2084; baseline -0.003 -16"><span class='ocrx_word' id='word_1_314' title='bbox 2194 2012 2432 2084; x_wconf 76' lang='grc' dir='ltr'>ἀγάπης</span> <span class='ocrx_word' id='word_1_315' title='bbox 2463 2012 2563 2067; x_wconf 79' lang='grc' dir='ltr'><strong>καί</strong></span> <span class='ocrx_word' id='word_1_316' title='bbox 2591 2013 2797 2068; x_wconf 83' lang='grc' dir='ltr'>καλῶν</span> <span class='ocrx_word' id='word_1_317' title='bbox 2815 2013 3027 2084; x_wconf 81' lang='grc' dir='ltr'><strong>ἔργων.</strong></span> <span class='ocrx_word' id='word_1_318' title='bbox 3056 1999 3131 2067; x_wconf 71' lang='grc' dir='ltr'><strong>Τ’ὸ</strong></span> <span class='ocrx_word' id='word_1_319' title='bbox 3155 2014 3363 2068; x_wconf 86' lang='grc' dir='ltr'>τέλειον</span> <span class='ocrx_word' id='word_1_320' title='bbox 3384 2015 3426 2045; x_wconf 82' lang='grc'><strong>⁸⁷</strong></span> <span class='ocrx_word' id='word_1_321' title='bbox 3461 2012 3787 2084; x_wconf 81' lang='grc' dir='ltr'>προστίθησι</span> 
     </span>
    </p>
   </div>
   <div class='ocr_carea' id='block_1_48' title="bbox 2194 2104 3785 2178">
    <p class='ocr_par' dir='ltr' id='par_1_48' title="bbox 2194 2104 3785 2178">
     <span class='ocr_line' id='line_1_48' title="bbox 2194 2104 3785 2178; baseline -0.002 -18"><span class='ocrx_word' id='word_1_322' title='bbox 2194 2109 2295 2178; x_wconf 82' lang='grc' dir='ltr'>τῆς</span> <span class='ocrx_word' id='word_1_323' title='bbox 2345 2105 2588 2176; x_wconf 82' lang='grc' dir='ltr'>ἀγάπης.</span> <span class='ocrx_word' id='word_1_324' title='bbox 2646 2105 3018 2177; x_wconf 83' lang='grc' dir='ltr'>Κατανοῶμεν</span> <span class='ocrx_word' id='word_1_325' title='bbox 3053 2107 3184 2177; x_wconf 85' lang='grc' dir='ltr'>γὰρ,</span> <span class='ocrx_word' id='word_1_326' title='bbox 3238 2107 3429 2177; x_wconf 78' lang='grc' dir='ltr'>φησὶν,</span> <span class='ocrx_word' id='word_1_327' title='bbox 3477 2104 3785 2176; x_wconf 82' lang='grc' dir='ltr'>ἀλλήλους·</span> 
     </span>
    </p>
   </div>
   <div class='ocr_carea' id='block_1_49' title="bbox 2196 2196 3788 2275">
    <p class='ocr_par' dir='ltr' id='par_1_49' title="bbox 2196 2196 3788 2275">
     <span class='ocr_line' id='line_1_49' title="bbox 2196 2196 3788 2275; baseline -0.003 -21"><span class='ocrx_word' id='word_1_328' title='bbox 2196 2200 2496 2265; x_wconf 81' lang='grc' dir='ltr'>τουτέστιν,</span> <span class='ocrx_word' id='word_1_329' title='bbox 2520 2199 2915 2270; x_wconf 81' lang='grc' dir='ltr'>ἐπισκοπῶμεν</span> <span class='ocrx_word' id='word_1_330' title='bbox 2949 2198 3112 2264; x_wconf 76' lang='grc' dir='ltr'>εἴτις</span> <span class='ocrx_word' id='word_1_331' title='bbox 3149 2200 3425 2269; x_wconf 79' lang='grc' dir='ltr'>ἐνάρετος,</span> <span class='ocrx_word' id='word_1_332' title='bbox 3474 2198 3562 2275; x_wconf 75' lang='grc' dir='ltr'><strong>ἵνα</strong></span> <span class='ocrx_word' id='word_1_333' title='bbox 3593 2196 3788 2252; x_wconf 82' lang='grc' dir='ltr'>τοῦτον</span> 
     </span>
    </p>
   </div>
   <div class='ocr_carea' id='block_1_50' title="bbox 2201 2290 3796 2364">
    <p class='ocr_par' dir='ltr' id='par_1_50' title="bbox 2201 2290 3796 2364">
     <span class='ocr_line' id='line_1_50' title="bbox 2201 2290 3796 2364; baseline -0.001 -19"><span class='ocrx_word' id='word_1_334' title='bbox 2201 2292 2536 2364; x_wconf 78' lang='grc' dir='ltr'>μιμώμεθαο</span> <span class='ocrx_word' id='word_1_335' title='bbox 2570 2292 2671 2363; x_wconf 80' lang='grc' dir='ltr'><strong>οὐχ</strong></span> <span class='ocrx_word' id='word_1_336' title='bbox 2724 2292 2813 2346; x_wconf 79' lang='grc' dir='ltr'>ἴνα</span> <span class='ocrx_word' id='word_1_337' title='bbox 2846 2291 3153 2363; x_wconf 74' lang='grc' dir='ltr'>φθονῶμεν,</span> <span class='ocrx_word' id='word_1_338' title='bbox 3202 2291 3319 2346; x_wconf 86' lang='grc' dir='ltr'>ἀλλ’</span> <span class='ocrx_word' id='word_1_339' title='bbox 3351 2292 3438 2346; x_wconf 81' lang='grc' dir='ltr'><strong>ἵνα</strong></span> <span class='ocrx_word' id='word_1_340' title='bbox 3473 2290 3796 2362; x_wconf 82' lang='grc' dir='ltr'>παροξυνώ-</span> 
     </span>
    </p>
   </div>
   <div class='ocr_carea' id='block_1_51' title="bbox 2203 2383 3790 2456">
    <p class='ocr_par' dir='ltr' id='par_1_51' title="bbox 2203 2383 3790 2456">
     <span class='ocr_line' id='line_1_51' title="bbox 2203 2383 3790 2456; baseline 0.001 -19"><span class='ocrx_word' id='word_1_341' title='bbox 2203 2385 2344 2454; x_wconf 87' lang='grc' dir='ltr'>μεθα</span> <span class='ocrx_word' id='word_1_342' title='bbox 2376 2384 2577 2456; x_wconf 83' lang='grc' dir='ltr'>μᾶλλον</span> <span class='ocrx_word' id='word_1_343' title='bbox 2599 2385 2680 2447; x_wconf 84' lang='grc' dir='ltr'><strong>είς</strong></span> <span class='ocrx_word' id='word_1_344' title='bbox 2701 2383 2762 2438; x_wconf 84' lang='grc' dir='ltr'><strong>τὸ</strong></span> <span class='ocrx_word' id='word_1_345' title='bbox 2787 2384 2854 2438; x_wconf 89' lang='grc' dir='ltr'><strong>τά</strong></span> <span class='ocrx_word' id='word_1_346' title='bbox 2881 2383 3023 2438; x_wconf 85' lang='grc' dir='ltr'><strong>αὐτά</strong></span> <span class='ocrx_word' id='word_1_347' title='bbox 3050 2384 3247 2455; x_wconf 81' lang='grc' dir='ltr'>ἐκείνῳ</span> <span class='ocrx_word' id='word_1_348' title='bbox 3273 2385 3415 2438; x_wconf 85' lang='grc' dir='ltr'>καλὰ</span> <span class='ocrx_word' id='word_1_349' title='bbox 3432 2384 3571 2455; x_wconf 78' lang='grc' dir='ltr'>ἔργα</span> <span class='ocrx_word' id='word_1_350' title='bbox 3591 2387 3790 2439; x_wconf 76' lang='grc' dir='ltr'>ποιεῖν.</span> 
     </span>
    </p>
   </div>
   <div class='ocr_carea' id='block_1_52' title="bbox 2211 2468 3795 2547">
    <p class='ocr_par' dir='ltr' id='par_1_52' title="bbox 2211 2468 3795 2547">
     <span class='ocr_line' id='line_1_52' title="bbox 2211 2468 3795 2547; baseline -0.001 -18"><span class='ocrx_word' id='word_1_351' title='bbox 2211 2476 2271 2529; x_wconf 87' lang='lat'><strong>&#39;0</strong></span> <span class='ocrx_word' id='word_1_352' title='bbox 2309 2476 2364 2529; x_wconf 79' lang='grc' dir='ltr'>δὲ</span> <span class='ocrx_word' id='word_1_353' title='bbox 2407 2474 2760 2547; x_wconf 79' lang='grc' dir='ltr'>παροξυσμὸς</span> <span class='ocrx_word' id='word_1_354' title='bbox 2799 2468 2956 2537; x_wconf 73' lang='grc' dir='ltr'>οὗτος</span> <span class='ocrx_word' id='word_1_355' title='bbox 2999 2474 3224 2547; x_wconf 82' lang='grc' dir='ltr'>ἀγάπης</span> <span class='ocrx_word' id='word_1_356' title='bbox 3272 2475 3441 2541; x_wconf 78' lang='grc' dir='ltr'>ἐστὶν,</span> <span class='ocrx_word' id='word_1_357' title='bbox 3486 2475 3609 2545; x_wconf 81' lang='grc' dir='ltr'>οὐχὶ</span> <span class='ocrx_word' id='word_1_358' title='bbox 3653 2474 3795 2543; x_wconf 80' lang='grc' dir='ltr'><strong>φθό-</strong></span> 
     </span>
    </p>
   </div>
   <div class='ocr_carea' id='block_1_53' title="bbox 2202 2568 3796 2640">
    <p class='ocr_par' dir='ltr' id='par_1_53' title="bbox 2202 2568 3796 2640">
     <span class='ocr_line' id='line_1_53' title="bbox 2202 2568 3796 2640; baseline -0.001 -17"><span class='ocrx_word' id='word_1_359' title='bbox 2202 2586 2294 2623; x_wconf 92' lang='grc' dir='ltr'><strong>νου</strong></span> <span class='ocrx_word' id='word_1_360' title='bbox 2318 2569 2383 2624; x_wconf 80' lang='grc'><strong>³⁸.</strong></span> <span class='ocrx_word' id='word_1_361' title='bbox 2423 2570 2636 2639; x_wconf 82' lang='grc' dir='ltr'>’Ὥσπερ</span> <span class='ocrx_word' id='word_1_362' title='bbox 2690 2568 2801 2636; x_wconf 86' lang='grc' dir='ltr'>γὰρ</span> <span class='ocrx_word' id='word_1_363' title='bbox 2852 2568 3074 2640; x_wconf 80' lang='grc' dir='ltr'>σίδηρος</span> <span class='ocrx_word' id='word_1_364' title='bbox 3124 2569 3344 2640; x_wconf 83' lang='grc' dir='ltr'>σίδηρον</span> <span class='ocrx_word' id='word_1_365' title='bbox 3394 2568 3598 2633; x_wconf 78' lang='grc' dir='ltr'>ὀξύνει,</span> <span class='ocrx_word' id='word_1_366' title='bbox 3644 2568 3796 2621; x_wconf 79' lang='grc' dir='ltr'>οὕτω</span> 
     </span>
    </p>
   </div>
   <div class='ocr_carea' id='block_1_54' title="bbox 2202 2658 3797 2734">
    <p class='ocr_par' dir='ltr' id='par_1_54' title="bbox 2202 2658 3797 2734">
     <span class='ocr_line' id='line_1_54' title="bbox 2202 2658 3797 2734; baseline -0.002 -18"><span class='ocrx_word' id='word_1_367' title='bbox 2202 2661 2475 2733; x_wconf 71' lang='grc' dir='ltr'>καὶψυχὴ</span> <span class='ocrx_word' id='word_1_368' title='bbox 2518 2661 2651 2734; x_wconf 77' lang='grc' dir='ltr'>πρὸς</span> <span class='ocrx_word' id='word_1_369' title='bbox 2698 2661 2879 2732; x_wconf 78' lang='grc' dir='ltr'>ψυχὴν</span> <span class='ocrx_word' id='word_1_370' title='bbox 2929 2661 3232 2732; x_wconf 79' lang='grc' dir='ltr'>ὁμιλοῦσα,</span> <span class='ocrx_word' id='word_1_371' title='bbox 3279 2660 3573 2733; x_wconf 81' lang='grc' dir='ltr'>παροξύνει</span> <span class='ocrx_word' id='word_1_372' title='bbox 3618 2658 3797 2731; x_wconf 76' lang='grc' dir='ltr'>αὐτὴν</span> 
     </span>
    </p>
   </div>
   <div class='ocr_carea' id='block_1_55' title="bbox 2202 2752 3795 2826">
    <p class='ocr_par' dir='ltr' id='par_1_55' title="bbox 2202 2752 3795 2826">
     <span class='ocr_line' id='line_1_55' title="bbox 2202 2752 3795 2826; baseline -0.001 -19"><span class='ocrx_word' id='word_1_373' title='bbox 2202 2755 2282 2817; x_wconf 84' lang='grc' dir='ltr'>εἰς</span> <span class='ocrx_word' id='word_1_374' title='bbox 2315 2754 2384 2807; x_wconf 82' lang='grc' dir='ltr'>τὰ</span> <span class='ocrx_word' id='word_1_375' title='bbox 2429 2754 2594 2818; x_wconf 78' lang='grc' dir='ltr'>αὐτὰ,</span> <span class='ocrx_word' id='word_1_376' title='bbox 2631 2754 2772 2823; x_wconf 80' lang='grc' dir='ltr'>πλὴν</span> <span class='ocrx_word' id='word_1_377' title='bbox 2824 2756 2884 2808; x_wconf 88' lang='grc' dir='ltr'><strong>ἐν</strong></span> <span class='ocrx_word' id='word_1_378' title='bbox 2930 2754 3143 2826; x_wconf 81' lang='grc' dir='ltr'><strong>ἀγάπῃ.</strong></span> <span class='ocrx_word' id='word_1_379' title='bbox 3194 2753 3264 2808; x_wconf 84' lang='grc' dir='ltr'><strong>Ἦ</strong></span> <span class='ocrx_word' id='word_1_380' title='bbox 3304 2753 3399 2808; x_wconf 79' lang='grc' dir='ltr'>καὶ</span> <span class='ocrx_word' id='word_1_381' title='bbox 3441 2755 3525 2807; x_wconf 81' lang='grc' dir='ltr'>ὅτι</span> <span class='ocrx_word' id='word_1_382' title='bbox 3561 2752 3795 2807; x_wconf 82' lang='grc' dir='ltr'>σύνεσθε</span> 
     </span>
    </p>
   </div>
   <div class='ocr_carea' id='block_1_56' title="bbox 2204 2842 3798 2917">
    <p class='ocr_par' dir='ltr' id='par_1_56' title="bbox 2204 2842 3798 2917">
     <span class='ocr_line' id='line_1_56' title="bbox 2204 2842 3798 2917; baseline 0.001 -21"><span class='ocrx_word' id='word_1_383' title='bbox 2204 2843 2481 2915; x_wconf 79' lang='grc' dir='ltr'>ἀλλήλοις,</span> <span class='ocrx_word' id='word_1_384' title='bbox 2514 2844 2656 2898; x_wconf 81' lang='grc' dir='ltr'>ὥστε</span> <span class='ocrx_word' id='word_1_385' title='bbox 2713 2844 3176 2917; x_wconf 78' lang='grc' dir='ltr'>ἐκθερμαίνεσθαι</span> <span class='ocrx_word' id='word_1_386' title='bbox 3225 2846 3306 2909; x_wconf 81' lang='grc' dir='ltr'><strong>είς</strong></span> <span class='ocrx_word' id='word_1_387' title='bbox 3353 2845 3415 2898; x_wconf 84' lang='grc' dir='ltr'>τὸ</span> <span class='ocrx_word' id='word_1_388' title='bbox 3446 2844 3666 2914; x_wconf 81' lang='grc' dir='ltr'>ἀγαπᾷν</span> <span class='ocrx_word' id='word_1_389' title='bbox 3694 2842 3798 2897; x_wconf 79' lang='grc' dir='ltr'>καὶ</span> 
     </span>
    </p>
   </div>
   <div class='ocr_carea' id='block_1_57' title="bbox 2204 2937 3325 3005">
    <p class='ocr_par' dir='ltr' id='par_1_57' title="bbox 2204 2937 3325 3005">
     <span class='ocr_line' id='line_1_57' title="bbox 2204 2937 3325 3005; baseline -0.001 -15"><span class='ocrx_word' id='word_1_390' title='bbox 2204 2937 2544 3005; x_wconf 81' lang='grc' dir='ltr'>ἀγαπᾶσθαι.</span> <span class='ocrx_word' id='word_1_391' title='bbox 3322 2944 3325 2949; x_wconf 77' lang='grc'><em>’</em></span> 
     </span>
    </p>
   </div>
   <div class='ocr_carea' id='block_1_58' title="bbox 2273 3026 3799 3098">
    <p class='ocr_par' dir='ltr' id='par_1_58' title="bbox 2273 3026 3799 3098">
     <span class='ocr_line' id='line_1_58' title="bbox 2273 3026 3799 3098; baseline -0.003 -16"><span class='ocrx_word' id='word_1_392' title='bbox 2273 3026 2371 3096; x_wconf 81' lang='grc' dir='ltr'><strong>Μὴ</strong></span> <span class='ocrx_word' id='word_1_393' title='bbox 2397 3028 2940 3096; x_wconf 72' lang='grc' dir='ltr'>ἐγκαταλείποντες</span> <span class='ocrx_word' id='word_1_394' title='bbox 2973 3028 3090 3097; x_wconf 79' lang='grc' dir='ltr'>τὴν</span> <span class='ocrx_word' id='word_1_395' title='bbox 3133 3028 3604 3098; x_wconf 74' lang='grc' dir='ltr'>ἐπισυναγωγὴν</span> <span class='ocrx_word' id='word_1_396' title='bbox 3645 3026 3799 3081; x_wconf 85' lang='grc' dir='ltr'>ἐαυ-</span> 
     </span>
    </p>
   </div>
   <div class='ocr_carea' id='block_1_59' title="bbox 2204 3115 3801 3192">
    <p class='ocr_par' dir='ltr' id='par_1_59' title="bbox 2204 3115 3801 3192">
     <span class='ocr_line' id='line_1_59' title="bbox 2204 3115 3801 3192; baseline -0.001 -19"><span class='ocrx_word' id='word_1_397' title='bbox 2204 3117 2342 3174; x_wconf 83' lang='grc' dir='ltr'>τῶν.</span> <span class='ocrx_word' id='word_1_398' title='bbox 2369 3115 2524 3173; x_wconf 81' lang='grc' dir='ltr'>Οἶδεν</span> <span class='ocrx_word' id='word_1_399' title='bbox 2545 3121 2628 3174; x_wconf 81' lang='grc' dir='ltr'>ὅτι</span> <span class='ocrx_word' id='word_1_400' title='bbox 2646 3120 2706 3173; x_wconf 84' lang='grc' dir='ltr'><strong>τὸ</strong></span> <span class='ocrx_word' id='word_1_401' title='bbox 2736 3120 3093 3192; x_wconf 84' lang='grc' dir='ltr'>συνέρχεσθαι</span> <span class='ocrx_word' id='word_1_402' title='bbox 3123 3118 3382 3190; x_wconf 86' lang='grc' dir='ltr'>ἀλλήλοις</span> <span class='ocrx_word' id='word_1_403' title='bbox 3435 3121 3535 3189; x_wconf 81' lang='grc' dir='ltr'>τὴν</span> <span class='ocrx_word' id='word_1_404' title='bbox 3562 3118 3801 3187; x_wconf 81' lang='grc' dir='ltr'>ἀγάπην</span> 
     </span>
    </p>
   </div>
   <div class='ocr_carea' id='block_1_60' title="bbox 519 3177 2096 3283">
    <p class='ocr_par' dir='ltr' id='par_1_60' title="bbox 519 3205 2096 3281">
     <span class='ocr_line' id='line_1_60' title="bbox 519 3205 2096 3281; baseline -0.004 -16"><span class='ocrx_word' id='word_1_405' title='bbox 519 3223 786 3281; x_wconf 69' lang='lat' dir='ltr'><strong>generare</strong></span> <span class='ocrx_word' id='word_1_406' title='bbox 826 3225 842 3263; x_wconf 87' lang='lat'><strong>:</strong></span> <span class='ocrx_word' id='word_1_407' title='bbox 876 3208 999 3265; x_wconf 88' lang='lat' dir='ltr'><strong>ideo</strong></span> <span class='ocrx_word' id='word_1_408' title='bbox 1031 3214 1219 3262; x_wconf 87' lang='lat' dir='ltr'><strong>monet</strong></span> <span class='ocrx_word' id='word_1_409' title='bbox 1254 3221 1352 3262; x_wconf 87' lang='lat' dir='ltr'><strong>eos</strong></span> <span class='ocrx_word' id='word_1_410' title='bbox 1386 3221 1454 3261; x_wconf 90' lang='lat' dir='ltr'><strong>ne</strong></span> <span class='ocrx_word' id='word_1_411' title='bbox 1504 3206 1766 3263; x_wconf 85' lang='lat' dir='ltr'><strong>emittant</strong></span> <span class='ocrx_word' id='word_1_412' title='bbox 1803 3205 1949 3259; x_wconf 88' lang='lat' dir='ltr'><strong>inter</strong></span> <span class='ocrx_word' id='word_1_413' title='bbox 1973 3219 2096 3261; x_wconf 89' lang='lat' dir='ltr'><strong>sese</strong></span> 
     </span>
    </p>
   </div>
   <div class='ocr_carea' id='block_1_61' title="bbox 2202 3177 3802 3283">
    <p class='ocr_par' dir='ltr' id='par_1_61' title="bbox 2205 3177 3802 3283">
     <span class='ocr_line' id='line_1_61' title="bbox 2205 3177 3802 3283; baseline -0.001 -20"><span class='ocrx_word' id='word_1_414' title='bbox 2205 3206 2391 3282; x_wconf 75' lang='grc' dir='ltr'>γεννᾷ,</span> <span class='ocrx_word' id='word_1_415' title='bbox 2441 3211 2522 3265; x_wconf 85' lang='grc' dir='ltr'><strong>διὸ</strong></span> <span class='ocrx_word' id='word_1_416' title='bbox 2575 3214 2835 3281; x_wconf 85' lang='grc' dir='ltr'>παραινεί</span> <span class='ocrx_word' id='word_1_417' title='bbox 2868 3177 2961 3283; x_wconf 54' lang='grc' dir='ltr'>μὴ</span> <span class='ocrx_word' id='word_1_418' title='bbox 2997 3177 3421 3280; x_wconf 68' lang='grc' dir='ltr'>ἐγκαταλείπειν</span> <span class='ocrx_word' id='word_1_419' title='bbox 3456 3177 3516 3264; x_wconf 62' lang='grc' dir='ltr'><strong>τδ</strong></span> <span class='ocrx_word' id='word_1_420' title='bbox 3561 3177 3802 3264; x_wconf 72' lang='grc' dir='ltr'>ἐπισυν-</span> 
     </span>
    </p>
   </div>
   <div class='ocr_carea' id='block_1_62' title="bbox 519 3296 2100 3371">
    <p class='ocr_par' dir='ltr' id='par_1_62' title="bbox 519 3296 2100 3371">
     <span class='ocr_line' id='line_1_62' title="bbox 519 3296 2100 3371; baseline -0.004 -14"><span class='ocrx_word' id='word_1_421' title='bbox 519 3299 865 3371; x_wconf 73' lang='lat' dir='ltr'><strong>congregari,</strong></span> <span class='ocrx_word' id='word_1_422' title='bbox 885 3314 1067 3367; x_wconf 89' lang='lat' dir='ltr'><strong>neque</strong></span> <span class='ocrx_word' id='word_1_423' title='bbox 1079 3299 1460 3370; x_wconf 89' lang='lat' dir='ltr'><strong>separationes</strong></span> <span class='ocrx_word' id='word_1_424' title='bbox 1476 3307 1529 3352; x_wconf 90' lang='lat' dir='ltr'><strong>et</strong></span> <span class='ocrx_word' id='word_1_425' title='bbox 1545 3296 1909 3353; x_wconf 86' lang='lat' dir='ltr'><strong>conciliabula</strong></span> <span class='ocrx_word' id='word_1_426' title='bbox 1930 3311 2100 3366; x_wconf 87' lang='lat' dir='ltr'><strong>prava</strong></span> 
     </span>
    </p>
   </div>
   <div class='ocr_carea' id='block_1_63' title="bbox 520 3388 2102 3460">
    <p class='ocr_par' dir='ltr' id='par_1_63' title="bbox 520 3388 2102 3460">
     <span class='ocr_line' id='line_1_63' title="bbox 520 3388 2102 3460; baseline -0.002 -13"><span class='ocrx_word' id='word_1_427' title='bbox 520 3393 844 3452; x_wconf 87' lang='lat' dir='ltr'><strong>moliantur.</strong></span> <span class='ocrx_word' id='word_1_428' title='bbox 908 3389 1009 3446; x_wconf 87' lang='lat' dir='ltr'><strong>Ubi</strong></span> <span class='ocrx_word' id='word_1_429' title='bbox 1063 3391 1209 3446; x_wconf 88' lang='lat' dir='ltr'><strong>enim</strong></span> <span class='ocrx_word' id='word_1_430' title='bbox 1261 3400 1385 3445; x_wconf 86' lang='lat' dir='ltr'><strong>sunt</strong></span> <span class='ocrx_word' id='word_1_431' title='bbox 1444 3392 1551 3446; x_wconf 87' lang='lat' dir='ltr'><strong>duo</strong></span> <span class='ocrx_word' id='word_1_432' title='bbox 1602 3388 1682 3445; x_wconf 81' lang='lat' dir='ltr'><strong>rel</strong></span> <span class='ocrx_word' id='word_1_433' title='bbox 1732 3398 1837 3444; x_wconf 87' lang='lat' dir='ltr'><strong>tres</strong></span> <span class='ocrx_word' id='word_1_434' title='bbox 1879 3406 2102 3460; x_wconf 85' lang='lat' dir='ltr'><strong>congre-</strong></span> 
     </span>
    </p>
   </div>
   <div class='ocr_carea' id='block_1_64' title="bbox 517 3482 2101 3554">
    <p class='ocr_par' dir='ltr' id='par_1_64' title="bbox 517 3482 2101 3554">
     <span class='ocr_line' id='line_1_64' title="bbox 517 3482 2101 3554; baseline -0.001 -14"><span class='ocrx_word' id='word_1_435' title='bbox 517 3486 650 3554; x_wconf 84' lang='lat' dir='ltr'><strong>gati,</strong></span> <span class='ocrx_word' id='word_1_436' title='bbox 675 3485 788 3540; x_wconf 89' lang='lat' dir='ltr'><strong>illic</strong></span> <span class='ocrx_word' id='word_1_437' title='bbox 813 3502 931 3540; x_wconf 84' lang='lat' dir='ltr'><strong>sum</strong></span> <span class='ocrx_word' id='word_1_438' title='bbox 962 3485 1019 3540; x_wconf 87' lang='lat' dir='ltr'><strong>in</strong></span> <span class='ocrx_word' id='word_1_439' title='bbox 1044 3484 1214 3539; x_wconf 70' lang='lat' dir='ltr'><strong>nxedio</strong></span> <span class='ocrx_word' id='word_1_440' title='bbox 1236 3501 1418 3540; x_wconf 84' lang='lat' dir='ltr'><strong>eorum</strong></span> <span class='ocrx_word' id='word_1_441' title='bbox 1439 3484 1508 3541; x_wconf 80' lang='grc'><strong>³⁸.</strong></span> <span class='ocrx_word' id='word_1_442' title='bbox 1554 3482 1697 3550; x_wconf 86' lang='lat' dir='ltr'><strong>Quin</strong></span> <span class='ocrx_word' id='word_1_443' title='bbox 1722 3485 1886 3539; x_wconf 88' lang='lat' dir='ltr'><strong>etiam</strong></span> <span class='ocrx_word' id='word_1_444' title='bbox 1913 3484 2101 3539; x_wconf 88' lang='lat' dir='ltr'><strong>Eccle-</strong></span> 
     </span>
    </p>
   </div>
   <div class='ocr_carea' id='block_1_65' title="bbox 517 3576 2102 3644">
    <p class='ocr_par' dir='ltr' id='par_1_65' title="bbox 517 3576 2102 3644">
     <span class='ocr_line' id='line_1_65' title="bbox 517 3576 2102 3644; baseline -0.001 -13"><span class='ocrx_word' id='word_1_445' title='bbox 517 3577 615 3631; x_wconf 75' lang='lat' dir='ltr'><strong>sia:</strong></span> <span class='ocrx_word' id='word_1_446' title='bbox 636 3576 813 3632; x_wconf 88' lang='lat' dir='ltr'><strong>oratio</strong></span> <span class='ocrx_word' id='word_1_447' title='bbox 845 3576 1067 3633; x_wconf 88' lang='lat' dir='ltr'><strong>Petrum</strong></span> <span class='ocrx_word' id='word_1_448' title='bbox 1120 3591 1152 3631; x_wconf 94' lang='lat' dir='ltr'><strong>a</strong></span> <span class='ocrx_word' id='word_1_449' title='bbox 1191 3576 1429 3633; x_wconf 75' lang='lat' dir='ltr'><strong>vinculis</strong></span> <span class='ocrx_word' id='word_1_450' title='bbox 1482 3576 1672 3644; x_wconf 81' lang='lat' dir='ltr'><strong>solvit,</strong></span> <span class='ocrx_word' id='word_1_451' title='bbox 1703 3585 1759 3633; x_wconf 90' lang='lat' dir='ltr'><strong>et</strong></span> <span class='ocrx_word' id='word_1_452' title='bbox 1806 3591 1837 3632; x_wconf 89' lang='lat' dir='ltr'><strong>a</strong></span> <span class='ocrx_word' id='word_1_453' title='bbox 1878 3590 2102 3632; x_wconf 88' lang='lat' dir='ltr'><strong>carcere</strong></span> 
     </span>
    </p>
   </div>
   <div class='ocr_carea' id='block_1_66' title="bbox 516 3666 791 3724">
    <p class='ocr_par' dir='ltr' id='par_1_66' title="bbox 516 3666 791 3724">
     <span class='ocr_line' id='line_1_66' title="bbox 516 3666 791 3724; baseline 0.015 -4"><span class='ocrx_word' id='word_1_454' title='bbox 516 3666 791 3724; x_wconf 80' lang='lat' dir='ltr'><strong>liberavit.</strong></span> 
     </span>
    </p>
   </div>
   <div class='ocr_carea' id='block_1_67' title="bbox 588 3757 2102 3831">
    <p class='ocr_par' dir='ltr' id='par_1_67' title="bbox 588 3757 2102 3831">
     <span class='ocr_line' id='line_1_67' title="bbox 588 3757 2102 3831; baseline 0.003 -18"><span class='ocrx_word' id='word_1_455' title='bbox 588 3757 741 3813; x_wconf 84' lang='lat' dir='ltr'><strong>Sicut</strong></span> <span class='ocrx_word' id='word_1_456' title='bbox 758 3759 1157 3814; x_wconf 75' lang='lat' dir='ltr'><strong>consuetudinis</strong></span> <span class='ocrx_word' id='word_1_457' title='bbox 1174 3769 1251 3814; x_wconf 85' lang='lat' dir='ltr'><strong>est</strong></span> <span class='ocrx_word' id='word_1_458' title='bbox 1271 3760 1609 3831; x_wconf 72' lang='lat' dir='ltr'><strong>quibusdam.</strong></span> <span class='ocrx_word' id='word_1_459' title='bbox 1633 3759 1735 3814; x_wconf 88' lang='lat' dir='ltr'><strong>Hic</strong></span> <span class='ocrx_word' id='word_1_460' title='bbox 1755 3767 1980 3816; x_wconf 86' lang='lat' dir='ltr'><strong>accusat</strong></span> <span class='ocrx_word' id='word_1_461' title='bbox 2002 3774 2102 3817; x_wconf 86' lang='lat' dir='ltr'><strong>eos</strong></span> 
     </span>
    </p>
   </div>
   <div class='ocr_carea' id='block_1_68' title="bbox 515 3849 1863 3921">
    <p class='ocr_par' dir='ltr' id='par_1_68' title="bbox 515 3849 1863 3921">
     <span class='ocr_line' id='line_1_68' title="bbox 515 3849 1863 3921; baseline 0.003 -16"><span class='ocrx_word' id='word_1_462' title='bbox 515 3850 609 3920; x_wconf 89' lang='lat' dir='ltr'><strong>qui</strong></span> <span class='ocrx_word' id='word_1_463' title='bbox 643 3850 713 3905; x_wconf 87' lang='lat' dir='ltr'><strong>ab</strong></span> <span class='ocrx_word' id='word_1_464' title='bbox 748 3849 994 3908; x_wconf 87' lang='lat' dir='ltr'><strong>Ecclesia</strong></span> <span class='ocrx_word' id='word_1_465' title='bbox 1022 3858 1374 3921; x_wconf 83' lang='lat' dir='ltr'><strong>separantur.</strong></span> <span class='ocrx_word' id='word_1_466' title='bbox 1858 3905 1863 3909; x_wconf 90' lang='lat'><strong>.</strong></span> 
     </span>
    </p>
   </div>
   <div class='ocr_carea' id='block_1_69' title="bbox 589 3941 2103 4014">
    <p class='ocr_par' dir='ltr' id='par_1_69' title="bbox 589 3941 2103 4014">
     <span class='ocr_line' id='line_1_69' title="bbox 589 3941 2103 4014; baseline -0.001 -15"><span class='ocrx_word' id='word_1_467' title='bbox 589 3942 698 3999; x_wconf 81' lang='lat' dir='ltr'><strong>Sed</strong></span> <span class='ocrx_word' id='word_1_468' title='bbox 725 3944 1064 4000; x_wconf 81' lang='lat' dir='ltr'><strong>consolantes</strong></span> <span class='ocrx_word' id='word_1_469' title='bbox 1086 3960 1173 3998; x_wconf 79' lang='lat' dir='ltr'><strong>vos</strong></span> <span class='ocrx_word' id='word_1_470' title='bbox 1210 3945 1375 4014; x_wconf 85' lang='lat' dir='ltr'><strong>ipsos.</strong></span> <span class='ocrx_word' id='word_1_471' title='bbox 1408 3941 1522 3999; x_wconf 84' lang='lat' dir='ltr'><strong>Hoc</strong></span> <span class='ocrx_word' id='word_1_472' title='bbox 1557 3951 1662 4007; x_wconf 87' lang='lat' dir='ltr'><strong>est,</strong></span> <span class='ocrx_word' id='word_1_473' title='bbox 1706 3952 1766 3998; x_wconf 91' lang='lat' dir='ltr'><strong>ut</strong></span> <span class='ocrx_word' id='word_1_474' title='bbox 1788 3952 1982 4000; x_wconf 90' lang='lat' dir='ltr'><strong>mutuo</strong></span> <span class='ocrx_word' id='word_1_475' title='bbox 2020 3943 2103 3998; x_wconf 82' lang='lat' dir='ltr'><strong>al-</strong></span> 
     </span>
    </p>
   </div>
   <div class='ocr_carea' id='block_1_70' title="bbox 517 4034 2098 4103">
    <p class='ocr_par' dir='ltr' id='par_1_70' title="bbox 517 4034 2098 4103">
     <span class='ocr_line' id='line_1_70' title="bbox 517 4034 2098 4103; baseline -0.003 -11"><span class='ocrx_word' id='word_1_476' title='bbox 517 4045 602 4092; x_wconf 86' lang='lat' dir='ltr'><strong>ter</strong></span> <span class='ocrx_word' id='word_1_477' title='bbox 632 4036 792 4092; x_wconf 89' lang='lat' dir='ltr'><strong>alteri</strong></span> <span class='ocrx_word' id='word_1_478' title='bbox 841 4036 965 4092; x_wconf 88' lang='lat' dir='ltr'><strong>sitis</strong></span> <span class='ocrx_word' id='word_1_479' title='bbox 1014 4036 1233 4103; x_wconf 87' lang='lat' dir='ltr'><strong>solatio,</strong></span> <span class='ocrx_word' id='word_1_480' title='bbox 1275 4036 1638 4091; x_wconf 86' lang='lat' dir='ltr'><strong>admonentes</strong></span> <span class='ocrx_word' id='word_1_481' title='bbox 1675 4049 1777 4090; x_wconf 88' lang='lat' dir='ltr'><strong>vos</strong></span> <span class='ocrx_word' id='word_1_482' title='bbox 1827 4034 2098 4101; x_wconf 86' lang='lat' dir='ltr'><strong>vicissim,</strong></span> 
     </span>
    </p>
   </div>
   <div class='ocr_carea' id='block_1_71' title="bbox 2204 3300 3806 3375">
    <p class='ocr_par' dir='ltr' id='par_1_71' title="bbox 2204 3300 3806 3375">
     <span class='ocr_line' id='line_1_71' title="bbox 2204 3300 3806 3375; baseline -0.002 -17"><span class='ocrx_word' id='word_1_483' title='bbox 2204 3304 2455 3373; x_wconf 87' lang='grc' dir='ltr'>ἀγεσθαι,</span> <span class='ocrx_word' id='word_1_484' title='bbox 2504 3304 2642 3375; x_wconf 80' lang='grc' dir='ltr'>μηδὲ</span> <span class='ocrx_word' id='word_1_485' title='bbox 2669 3304 2987 3375; x_wconf 83' lang='grc' dir='ltr'>χωρισμοὺς</span> <span class='ocrx_word' id='word_1_486' title='bbox 3020 3305 3116 3357; x_wconf 80' lang='grc' dir='ltr'>καὶ</span> <span class='ocrx_word' id='word_1_487' title='bbox 3156 3300 3636 3373; x_wconf 86' lang='grc' dir='ltr'>παρασυναγωγάς</span> <span class='ocrx_word' id='word_1_488' title='bbox 3668 3302 3806 3355; x_wconf 83' lang='grc' dir='ltr'>ἐπι-</span> 
     </span>
    </p>
   </div>
   <div class='ocr_carea' id='block_1_72' title="bbox 2202 3391 3802 3467">
    <p class='ocr_par' dir='ltr' id='par_1_72' title="bbox 2202 3391 3802 3467">
     <span class='ocr_line' id='line_1_72' title="bbox 2202 3391 3802 3467; baseline -0.001 -18"><span class='ocrx_word' id='word_1_489' title='bbox 2202 3395 2474 3467; x_wconf 85' lang='grc' dir='ltr'>τηδεύειν.</span> <span class='ocrx_word' id='word_1_490' title='bbox 2509 3396 2705 3451; x_wconf 78' lang='grc' dir='ltr'>Ὅπου</span> <span class='ocrx_word' id='word_1_491' title='bbox 2740 3395 2851 3466; x_wconf 77' lang='grc' dir='ltr'>γάρ</span> <span class='ocrx_word' id='word_1_492' title='bbox 2887 3397 3008 3450; x_wconf 79' lang='grc' dir='ltr'>εισι</span> <span class='ocrx_word' id='word_1_493' title='bbox 3046 3394 3159 3450; x_wconf 87' lang='grc' dir='ltr'>δύο</span> <span class='ocrx_word' id='word_1_494' title='bbox 3194 3394 3233 3463; x_wconf 76' lang='grc' dir='ltr'>ἢ</span> <span class='ocrx_word' id='word_1_495' title='bbox 3283 3393 3442 3463; x_wconf 75' lang='grc' dir='ltr'>τρεῖς</span> <span class='ocrx_word' id='word_1_496' title='bbox 3485 3391 3802 3461; x_wconf 69' lang='grc' dir='ltr'>συνηγμέ-</span> 
     </span>
    </p>
   </div>
   <div class='ocr_carea' id='block_1_73' title="bbox 2202 3484 3804 3556">
    <p class='ocr_par' dir='ltr' id='par_1_73' title="bbox 2202 3484 3804 3556">
     <span class='ocr_line' id='line_1_73' title="bbox 2202 3484 3804 3556; baseline -0.004 -15"><span class='ocrx_word' id='word_1_497' title='bbox 2202 3503 2319 3553; x_wconf 82' lang='grc' dir='ltr'>νοι,</span> <span class='ocrx_word' id='word_1_498' title='bbox 2351 3487 2480 3541; x_wconf 83' lang='grc' dir='ltr'>ἐκεῖ</span> <span class='ocrx_word' id='word_1_499' title='bbox 2502 3490 2619 3556; x_wconf 76' lang='grc' dir='ltr'>είμι</span> <span class='ocrx_word' id='word_1_500' title='bbox 2648 3487 2720 3540; x_wconf 79' lang='grc' dir='ltr'><strong>ἐν</strong></span> <span class='ocrx_word' id='word_1_501' title='bbox 2749 3486 2920 3555; x_wconf 79' lang='grc' dir='ltr'>μέσῳ</span> <span class='ocrx_word' id='word_1_502' title='bbox 2938 3485 3159 3542; x_wconf 83' lang='grc' dir='ltr'>αὐτῶν.</span> <span class='ocrx_word' id='word_1_503' title='bbox 3192 3487 3305 3541; x_wconf 76' lang='grc' dir='ltr'><strong>Καὶ</strong></span> <span class='ocrx_word' id='word_1_504' title='bbox 3334 3486 3433 3555; x_wconf 81' lang='grc' dir='ltr'>τῆς</span> <span class='ocrx_word' id='word_1_505' title='bbox 3462 3484 3804 3554; x_wconf 84' lang='grc' dir='ltr'>Ἐκκλησίας</span> 
     </span>
    </p>
   </div>
   <div class='ocr_carea' id='block_1_74' title="bbox 2204 3577 3801 3652">
    <p class='ocr_par' dir='ltr' id='par_1_74' title="bbox 2204 3577 3801 3652">
     <span class='ocr_line' id='line_1_74' title="bbox 2204 3577 3801 3652; baseline -0.002 -20"><span class='ocrx_word' id='word_1_506' title='bbox 2204 3582 2237 3652; x_wconf 82' lang='grc' dir='ltr'>ἡ</span> <span class='ocrx_word' id='word_1_507' title='bbox 2269 3581 2551 3651; x_wconf 81' lang='grc' dir='ltr'>προσευχὴ</span> <span class='ocrx_word' id='word_1_508' title='bbox 2584 3580 2680 3633; x_wconf 82' lang='grc' dir='ltr'>καὶ</span> <span class='ocrx_word' id='word_1_509' title='bbox 2711 3580 2919 3651; x_wconf 85' lang='grc' dir='ltr'>Πέτρον</span> <span class='ocrx_word' id='word_1_510' title='bbox 2964 3579 3122 3634; x_wconf 80' lang='grc' dir='ltr'>ἔλυσε</span> <span class='ocrx_word' id='word_1_511' title='bbox 3152 3578 3263 3633; x_wconf 86' lang='grc' dir='ltr'>τῶν</span> <span class='ocrx_word' id='word_1_512' title='bbox 3293 3579 3530 3649; x_wconf 83' lang='grc' dir='ltr'>δεσμῶν,</span> <span class='ocrx_word' id='word_1_513' title='bbox 3564 3577 3661 3631; x_wconf 72' lang='grc' dir='ltr'>καὶ</span> <span class='ocrx_word' id='word_1_514' title='bbox 3689 3577 3801 3646; x_wconf 50' lang='grc' dir='ltr'>τῆς</span> 
     </span>
    </p>
   </div>
   <div class='ocr_carea' id='block_1_75' title="bbox 2204 3673 2750 3743">
    <p class='ocr_par' dir='ltr' id='par_1_75' title="bbox 2204 3673 2750 3743">
     <span class='ocr_line' id='line_1_75' title="bbox 2204 3673 2750 3743; baseline 0.002 -18"><span class='ocrx_word' id='word_1_515' title='bbox 2204 3673 2455 3743; x_wconf 81' lang='grc' dir='ltr'>φυλακῆς</span> <span class='ocrx_word' id='word_1_516' title='bbox 2484 3673 2750 3728; x_wconf 83' lang='grc' dir='ltr'>ἀπέλυσε.</span> 
     </span>
    </p>
   </div>
   <div class='ocr_carea' id='block_1_76' title="bbox 2272 3762 3806 3837">
    <p class='ocr_par' dir='ltr' id='par_1_76' title="bbox 2272 3762 3806 3837">
     <span class='ocr_line' id='line_1_76' title="bbox 2272 3762 3806 3837; baseline -0.003 -19"><span class='ocrx_word' id='word_1_517' title='bbox 2272 3763 2477 3830; x_wconf 81' lang='grc' dir='ltr'>Καθὼς</span> <span class='ocrx_word' id='word_1_518' title='bbox 2514 3765 2652 3831; x_wconf 72' lang='grc' dir='ltr'>ἔθος</span> <span class='ocrx_word' id='word_1_519' title='bbox 2687 3765 2872 3821; x_wconf 79' lang='grc' dir='ltr'>τισίν.</span> <span class='ocrx_word' id='word_1_520' title='bbox 2909 3763 3178 3819; x_wconf 83' lang='grc' dir='ltr'>Ἐνταῦθα</span> <span class='ocrx_word' id='word_1_521' title='bbox 3219 3763 3501 3837; x_wconf 75' lang='grc' dir='ltr'>μέμφεται</span> <span class='ocrx_word' id='word_1_522' title='bbox 3544 3762 3657 3825; x_wconf 80' lang='grc' dir='ltr'>τοῖς</span> <span class='ocrx_word' id='word_1_523' title='bbox 3684 3778 3806 3832; x_wconf 83' lang='grc' dir='ltr'>χω-</span> 
     </span>
    </p>
   </div>
   <div class='ocr_carea' id='block_1_77' title="bbox 2203 3856 2535 3928">
    <p class='ocr_par' dir='ltr' id='par_1_77' title="bbox 2203 3856 2535 3928">
     <span class='ocr_line' id='line_1_77' title="bbox 2203 3856 2535 3928; baseline 0.006 -18"><span class='ocrx_word' id='word_1_524' title='bbox 2203 3856 2535 3928; x_wconf 78' lang='grc' dir='ltr'>ριζομένοις.</span> 
     </span>
    </p>
   </div>
   <div class='ocr_carea' id='block_1_78' title="bbox 2286 3946 3809 4020">
    <p class='ocr_par' dir='ltr' id='par_1_78' title="bbox 2286 3946 3809 4020">
     <span class='ocr_line' id='line_1_78' title="bbox 2286 3946 3809 4020; baseline -0.003 -15"><span class='ocrx_word' id='word_1_525' title='bbox 2286 3949 2475 4005; x_wconf 81' lang='grc' dir='ltr'>Ἀλλὰ</span> <span class='ocrx_word' id='word_1_526' title='bbox 2507 3951 3003 4020; x_wconf 69' lang='grc' dir='ltr'>παρακαλοῦντες</span> <span class='ocrx_word' id='word_1_527' title='bbox 3039 3949 3317 4017; x_wconf 73' lang='grc' dir='ltr'>ἑαυτούς.</span> <span class='ocrx_word' id='word_1_528' title='bbox 3353 3950 3671 4013; x_wconf 83' lang='grc' dir='ltr'>Τουτέστιν,</span> <span class='ocrx_word' id='word_1_529' title='bbox 3703 3946 3809 4001; x_wconf 84' lang='grc' dir='ltr'>ἀλ-</span> 
     </span>
    </p>
   </div>
   <div class='ocr_carea' id='block_1_79' title="bbox 2201 4036 3809 4116">
    <p class='ocr_par' dir='ltr' id='par_1_79' title="bbox 2201 4036 3809 4116">
     <span class='ocr_line' id='line_1_79' title="bbox 2201 4036 3809 4116; baseline -0.001 -22"><span class='ocrx_word' id='word_1_530' title='bbox 2201 4041 2386 4112; x_wconf 86' lang='grc' dir='ltr'>λήλοις</span> <span class='ocrx_word' id='word_1_531' title='bbox 2416 4041 2571 4107; x_wconf 74' lang='grc' dir='ltr'>ὄντες</span> <span class='ocrx_word' id='word_1_532' title='bbox 2605 4046 2685 4107; x_wconf 84' lang='grc' dir='ltr'><strong>είς</strong></span> <span class='ocrx_word' id='word_1_533' title='bbox 2735 4044 3116 4116; x_wconf 82' lang='grc' dir='ltr'>παραμυθίαν,</span> <span class='ocrx_word' id='word_1_534' title='bbox 3147 4045 3243 4097; x_wconf 76' lang='grc' dir='ltr'>καὶ</span> <span class='ocrx_word' id='word_1_535' title='bbox 3286 4036 3368 4106; x_wconf 71' lang='grc' dir='ltr'>εἷς</span> <span class='ocrx_word' id='word_1_536' title='bbox 3415 4042 3509 4097; x_wconf 72' lang='grc' dir='ltr'>τὸν</span> <span class='ocrx_word' id='word_1_537' title='bbox 3541 4041 3636 4095; x_wconf 71' lang='grc' dir='ltr'>ἕνα</span> <span class='ocrx_word' id='word_1_538' title='bbox 3667 4056 3809 4094; x_wconf 76' lang='grc' dir='ltr'>νου-</span> 
     </span>
    </p>
   </div>
   <div class='ocr_carea' id='block_1_80' title="bbox 517 4126 2096 4207">
    <p class='ocr_par' dir='ltr' id='par_1_80' title="bbox 517 4126 2096 4193">
     <span class='ocr_line' id='line_1_80' title="bbox 517 4126 2096 4193; baseline -0.001 -12"><span class='ocrx_word' id='word_1_539' title='bbox 517 4143 583 4183; x_wconf 85' lang='lat' dir='ltr'><strong>ac</strong></span> <span class='ocrx_word' id='word_1_540' title='bbox 615 4127 902 4193; x_wconf 86' lang='lat' dir='ltr'><strong>docentes,</strong></span> <span class='ocrx_word' id='word_1_541' title='bbox 939 4137 995 4183; x_wconf 90' lang='lat' dir='ltr'><strong>et</strong></span> <span class='ocrx_word' id='word_1_542' title='bbox 1023 4127 1402 4193; x_wconf 89' lang='lat' dir='ltr'><strong>consolantes,</strong></span> <span class='ocrx_word' id='word_1_543' title='bbox 1437 4142 1504 4182; x_wconf 90' lang='lat' dir='ltr'><strong>ac</strong></span> <span class='ocrx_word' id='word_1_544' title='bbox 1530 4126 1779 4182; x_wconf 85' lang='lat' dir='ltr'><strong>levamen</strong></span> <span class='ocrx_word' id='word_1_545' title='bbox 1827 4127 2096 4181; x_wconf 89' lang='lat' dir='ltr'><strong>malorum</strong></span> 
     </span>
    </p>
   </div>
   <div class='ocr_carea' id='block_1_81' title="bbox 2202 4126 3802 4207">
    <p class='ocr_par' dir='ltr' id='par_1_81' title="bbox 2204 4131 3802 4207">
     <span class='ocr_line' id='line_1_81' title="bbox 2204 4131 3802 4207; baseline 0 -19"><span class='ocrx_word' id='word_1_546' title='bbox 2204 4133 2506 4203; x_wconf 81' lang='grc' dir='ltr'>θετοῦντες,</span> <span class='ocrx_word' id='word_1_547' title='bbox 2569 4138 2665 4190; x_wconf 79' lang='grc' dir='ltr'>καὶ</span> <span class='ocrx_word' id='word_1_548' title='bbox 2727 4136 3097 4199; x_wconf 79' lang='grc' dir='ltr'>διδάσκοντες,</span> <span class='ocrx_word' id='word_1_549' title='bbox 3168 4135 3266 4189; x_wconf 78' lang='grc' dir='ltr'>καὶ</span> <span class='ocrx_word' id='word_1_550' title='bbox 3320 4131 3802 4207; x_wconf 82' lang='grc' dir='ltr'>παρηγοροῦντες.</span> 
     </span>
    </p>
   </div>
   <div class='ocr_carea' id='block_1_82' title="bbox 515 4217 2096 4298">
    <p class='ocr_par' dir='ltr' id='par_1_82' title="bbox 515 4217 2096 4290">
     <span class='ocr_line' id='line_1_82' title="bbox 515 4217 2096 4290; baseline 0 -16"><span class='ocrx_word' id='word_1_551' title='bbox 515 4220 917 4289; x_wconf 85' lang='lat' dir='ltr'><strong>impertientes.</strong></span> <span class='ocrx_word' id='word_1_552' title='bbox 954 4217 1154 4274; x_wconf 82' lang='lat' dir='ltr'><strong>Frater</strong></span> <span class='ocrx_word' id='word_1_553' title='bbox 1208 4220 1348 4273; x_wconf 88' lang='lat' dir='ltr'><strong>enim</strong></span> <span class='ocrx_word' id='word_1_554' title='bbox 1379 4234 1411 4272; x_wconf 90' lang='lat' dir='ltr'><strong>a</strong></span> <span class='ocrx_word' id='word_1_555' title='bbox 1447 4218 1618 4287; x_wconf 78' lang='lat' dir='ltr'><strong>fratre</strong></span> <span class='ocrx_word' id='word_1_556' title='bbox 1662 4218 1907 4288; x_wconf 79' lang='lat' dir='ltr'><strong>adjutus,</strong></span> <span class='ocrx_word' id='word_1_557' title='bbox 1944 4221 2096 4290; x_wconf 82' lang='lat' dir='ltr'><strong>quasi</strong></span> 
     </span>
    </p>
   </div>
   <div class='ocr_carea' id='block_1_83' title="bbox 2202 4217 3804 4298">
    <p class='ocr_par' dir='ltr' id='par_1_83' title="bbox 2215 4225 3804 4298">
     <span class='ocr_line' id='line_1_83' title="bbox 2215 4225 3804 4298; baseline -0.003 -16"><span class='ocrx_word' id='word_1_558' title='bbox 2215 4226 2506 4295; x_wconf 76' lang='grc' dir='ltr'>Ἀδελερὸς</span> <span class='ocrx_word' id='word_1_559' title='bbox 2536 4227 2647 4297; x_wconf 75' lang='grc' dir='ltr'>γὰρ</span> <span class='ocrx_word' id='word_1_560' title='bbox 2674 4228 2795 4285; x_wconf 84' lang='grc' dir='ltr'><strong>ὑπὸ</strong></span> <span class='ocrx_word' id='word_1_561' title='bbox 2818 4228 3087 4298; x_wconf 76' lang='grc' dir='ltr'>ἀδελφοῦ</span> <span class='ocrx_word' id='word_1_562' title='bbox 3106 4228 3544 4298; x_wconf 75' lang='grc' dir='ltr'>βοηθούμενος,</span> <span class='ocrx_word' id='word_1_563' title='bbox 3575 4225 3656 4292; x_wconf 88' lang='grc' dir='ltr'>ὠς</span> <span class='ocrx_word' id='word_1_564' title='bbox 3678 4225 3804 4277; x_wconf 78' lang='grc' dir='ltr'><strong>πό-</strong></span> 
     </span>
    </p>
   </div>
   <div class='ocr_carea' id='block_1_84' title="bbox 514 4311 2096 4388">
    <p class='ocr_par' dir='ltr' id='par_1_84' title="bbox 514 4311 991 4382">
     <span class='ocr_line' id='line_1_84' title="bbox 514 4311 991 4382; baseline 0.004 -17"><span class='ocrx_word' id='word_1_565' title='bbox 514 4311 701 4366; x_wconf 79' lang='lat' dir='ltr'><strong>civitas</strong></span> <span class='ocrx_word' id='word_1_566' title='bbox 731 4312 890 4382; x_wconf 82' lang='lat' dir='ltr'><strong>ﬁrma</strong></span> <span class='ocrx_word' id='word_1_567' title='bbox 922 4311 991 4367; x_wconf 78' lang='lat'><strong>&quot;.</strong></span> 
     </span>
    </p>
   </div>
   <div class='ocr_carea' id='block_1_85' title="bbox 2202 4311 3025 4388">
    <p class='ocr_par' dir='ltr' id='par_1_85' title="bbox 2202 4319 3025 4388">
     <span class='ocr_line' id='line_1_85' title="bbox 2202 4319 3025 4388; baseline -0.001 -15"><span class='ocrx_word' id='word_1_568' title='bbox 2202 4321 2299 4385; x_wconf 79' lang='grc' dir='ltr'><strong>λις</strong></span> <span class='ocrx_word' id='word_1_569' title='bbox 2328 4319 2541 4388; x_wconf 79' lang='grc' dir='ltr'>ὀχυρά.</span> <span class='ocrx_word' id='word_1_570' title='bbox 3020 4339 3025 4346; x_wconf 72' lang='grc'><strong>’</strong></span> 
     </span>
    </p>
   </div>
   <div class='ocr_carea' id='block_1_86' title="bbox 591 4401 2096 4482">
    <p class='ocr_par' dir='ltr' id='par_1_86' title="bbox 591 4401 2096 4474">
     <span class='ocr_line' id='line_1_86' title="bbox 591 4401 2096 4474; baseline 0.001 -18"><span class='ocrx_word' id='word_1_571' title='bbox 591 4402 668 4457; x_wconf 81' lang='lat' dir='ltr'><strong>Ac</strong></span> <span class='ocrx_word' id='word_1_572' title='bbox 703 4412 852 4457; x_wconf 88' lang='lat' dir='ltr'><strong>tanto</strong></span> <span class='ocrx_word' id='word_1_573' title='bbox 876 4403 1075 4473; x_wconf 85' lang='lat' dir='ltr'><strong>magis,</strong></span> <span class='ocrx_word' id='word_1_574' title='bbox 1102 4409 1304 4473; x_wconf 88' lang='lat' dir='ltr'><strong>quanto</strong></span> <span class='ocrx_word' id='word_1_575' title='bbox 1347 4401 1537 4456; x_wconf 78' lang='lat' dir='ltr'><strong>videtis</strong></span> <span class='ocrx_word' id='word_1_576' title='bbox 1587 4402 2096 4474; x_wconf 78' lang='lat' dir='ltr'><strong>appropinquantem</strong></span> 
     </span>
    </p>
   </div>
   <div class='ocr_carea' id='block_1_87' title="bbox 2202 4401 3807 4482">
    <p class='ocr_par' dir='ltr' id='par_1_87' title="bbox 2274 4408 3807 4482">
     <span class='ocr_line' id='line_1_87' title="bbox 2274 4408 3807 4482; baseline 0.001 -18"><span class='ocrx_word' id='word_1_577' title='bbox 2274 4410 2385 4464; x_wconf 85' lang='lat' dir='ltr'><strong>Kal</strong></span> <span class='ocrx_word' id='word_1_578' title='bbox 2412 4411 2683 4478; x_wconf 82' lang='grc' dir='ltr'>τοσούτῳ</span> <span class='ocrx_word' id='word_1_579' title='bbox 2704 4410 2971 4480; x_wconf 78' lang='grc' dir='ltr'>μᾶλλον,</span> <span class='ocrx_word' id='word_1_580' title='bbox 3005 4413 3133 4479; x_wconf 82' lang='grc' dir='ltr'><strong>ὅσῳ</strong></span> <span class='ocrx_word' id='word_1_581' title='bbox 3148 4410 3417 4479; x_wconf 75' lang='grc' dir='ltr'>βλέπετε</span> <span class='ocrx_word' id='word_1_582' title='bbox 3433 4408 3807 4482; x_wconf 73' lang='grc' dir='ltr'>ἐγγίζουσαν</span> 
     </span>
    </p>
   </div>
   <div class='ocr_carea' id='block_1_88' title="bbox 514 4491 2096 4579">
    <p class='ocr_par' dir='ltr' id='par_1_88' title="bbox 514 4491 2096 4565">
     <span class='ocr_line' id='line_1_88' title="bbox 514 4491 2096 4565; baseline -0.001 -15"><span class='ocrx_word' id='word_1_583' title='bbox 514 4498 678 4550; x_wconf 83' lang='lat' dir='ltr'><strong>diem.</strong></span> <span class='ocrx_word' id='word_1_584' title='bbox 712 4493 1220 4551; x_wconf 86' lang='lat' dir='ltr'><strong>Consummationis</strong></span> <span class='ocrx_word' id='word_1_585' title='bbox 1259 4493 1543 4550; x_wconf 88' lang='lat' dir='ltr'><strong>nimirum.</strong></span> <span class='ocrx_word' id='word_1_586' title='bbox 1576 4491 1899 4565; x_wconf 88' lang='lat' dir='ltr'><strong>Propediem</strong></span> <span class='ocrx_word' id='word_1_587' title='bbox 1953 4494 2096 4551; x_wconf 90' lang='lat' dir='ltr'><strong>enim</strong></span> 
     </span>
    </p>
   </div>
   <div class='ocr_carea' id='block_1_89' title="bbox 2202 4491 3804 4579">
    <p class='ocr_par' dir='ltr' id='par_1_89' title="bbox 2205 4500 3804 4577">
     <span class='ocr_line' id='line_1_89' title="bbox 2205 4500 3804 4577; baseline -0.004 -17"><span class='ocrx_word' id='word_1_588' title='bbox 2205 4501 2324 4570; x_wconf 81' lang='grc' dir='ltr'>τὴν</span> <span class='ocrx_word' id='word_1_589' title='bbox 2344 4503 2595 4573; x_wconf 74' lang='grc' dir='ltr'>ἡμέραν,</span> <span class='ocrx_word' id='word_1_590' title='bbox 2636 4506 2748 4577; x_wconf 78' lang='grc' dir='ltr'>Τὴν</span> <span class='ocrx_word' id='word_1_591' title='bbox 2777 4506 2877 4574; x_wconf 85' lang='grc' dir='ltr'>τῆς</span> <span class='ocrx_word' id='word_1_592' title='bbox 2911 4506 3244 4565; x_wconf 74' lang='grc' dir='ltr'>συντελείας.</span> <span class='ocrx_word' id='word_1_593' title='bbox 3272 4505 3440 4558; x_wconf 86' lang='grc' dir='ltr'>Ὅσον</span> <span class='ocrx_word' id='word_1_594' title='bbox 3470 4503 3583 4574; x_wconf 71' lang='grc' dir='ltr'><strong>γὰρ</strong></span> <span class='ocrx_word' id='word_1_595' title='bbox 3611 4500 3804 4569; x_wconf 77' lang='grc' dir='ltr'>οὔπω,</span> 
     </span>
    </p>
   </div>
   <div class='ocr_carea' id='block_1_90' title="bbox 514 4584 2096 4668">
    <p class='ocr_par' dir='ltr' id='par_1_90' title="bbox 514 4584 2096 4658">
     <span class='ocr_line' id='line_1_90' title="bbox 514 4584 2096 4658; baseline 0 -13"><span class='ocrx_word' id='word_1_596' title='bbox 514 4587 899 4658; x_wconf 84' lang='lat' dir='ltr'><strong>separabimur</strong></span> <span class='ocrx_word' id='word_1_597' title='bbox 927 4600 959 4641; x_wconf 89' lang='lat' dir='ltr'><strong>a</strong></span> <span class='ocrx_word' id='word_1_598' title='bbox 1001 4584 1209 4642; x_wconf 88' lang='lat' dir='ltr'><strong>mundo</strong></span> <span class='ocrx_word' id='word_1_599' title='bbox 1244 4585 1369 4654; x_wconf 89' lang='lat' dir='ltr'><strong>hoc,</strong></span> <span class='ocrx_word' id='word_1_600' title='bbox 1406 4599 1579 4656; x_wconf 87' lang='lat' dir='ltr'><strong>quare</strong></span> <span class='ocrx_word' id='word_1_601' title='bbox 1623 4600 1757 4657; x_wconf 74' lang='lat' dir='ltr'><strong>ergo</strong></span> <span class='ocrx_word' id='word_1_602' title='bbox 1805 4601 1907 4643; x_wconf 90' lang='lat' dir='ltr'><strong>nos</strong></span> <span class='ocrx_word' id='word_1_603' title='bbox 1947 4586 2096 4658; x_wconf 88' lang='lat' dir='ltr'><strong>ipsos</strong></span> 
     </span>
    </p>
   </div>
   <div class='ocr_carea' id='block_1_91' title="bbox 2202 4584 3807 4668">
    <p class='ocr_par' dir='ltr' id='par_1_91' title="bbox 2207 4594 3807 4668">
     <span class='ocr_line' id='line_1_91' title="bbox 2207 4594 3807 4668; baseline -0.002 -20"><span class='ocrx_word' id='word_1_604' title='bbox 2207 4595 2364 4667; x_wconf 81' lang='grc' dir='ltr'>φησὶ,</span> <span class='ocrx_word' id='word_1_605' title='bbox 2405 4595 2757 4668; x_wconf 77' lang='grc' dir='ltr'>χωριζόμεθα</span> <span class='ocrx_word' id='word_1_606' title='bbox 2790 4598 2886 4652; x_wconf 85' lang='grc' dir='ltr'>τοῦ</span> <span class='ocrx_word' id='word_1_607' title='bbox 2933 4600 3147 4668; x_wconf 82' lang='grc' dir='ltr'>κόσμου</span> <span class='ocrx_word' id='word_1_608' title='bbox 3196 4597 3417 4659; x_wconf 83' lang='grc' dir='ltr'>τούτου,</span> <span class='ocrx_word' id='word_1_609' title='bbox 3466 4596 3521 4649; x_wconf 84' lang='grc' dir='ltr'><strong>τί</strong></span> <span class='ocrx_word' id='word_1_610' title='bbox 3568 4594 3807 4657; x_wconf 77' lang='grc' dir='ltr'>ἑαυτοὺς</span> 
     </span>
    </p>
   </div>
   <div class='ocr_carea' id='block_1_92' title="bbox 512 4676 2096 4759">
    <p class='ocr_par' dir='ltr' id='par_1_92' title="bbox 512 4676 2096 4736">
     <span class='ocr_line' id='line_1_92' title="bbox 512 4676 2096 4736; baseline -0.001 0"><span class='ocrx_word' id='word_1_611' title='bbox 512 4682 656 4736; x_wconf 83' lang='lat' dir='ltr'><strong>alter</strong></span> <span class='ocrx_word' id='word_1_612' title='bbox 691 4680 762 4735; x_wconf 88' lang='lat' dir='ltr'><strong>ab</strong></span> <span class='ocrx_word' id='word_1_613' title='bbox 791 4679 976 4735; x_wconf 83' lang='lat' dir='ltr'><strong>altero</strong></span> <span class='ocrx_word' id='word_1_614' title='bbox 1006 4677 1376 4735; x_wconf 87' lang='lat' dir='ltr'><strong>dissociamus</strong></span> <span class='ocrx_word' id='word_1_615' title='bbox 1404 4676 1427 4730; x_wconf 70' lang='grc' dir='ltr'><em>ἲ</em></span> <span class='ocrx_word' id='word_1_616' title='bbox 1455 4677 1512 4734; x_wconf 77' lang='grc' dir='ltr'><strong>ω</strong></span> <span class='ocrx_word' id='word_1_617' title='bbox 1546 4691 1679 4733; x_wconf 90' lang='lat' dir='ltr'><strong>vero</strong></span> <span class='ocrx_word' id='word_1_618' title='bbox 1728 4679 2096 4734; x_wconf 83' lang='lat' dir='ltr'><strong>consolationi</strong></span> 
     </span>
    </p>
   </div>
   <div class='ocr_carea' id='block_1_93' title="bbox 2202 4676 3805 4759">
    <p class='ocr_par' dir='ltr' id='par_1_93' title="bbox 2205 4680 3805 4759">
     <span class='ocr_line' id='line_1_93' title="bbox 2205 4680 3805 4759; baseline -0.003 -19"><span class='ocrx_word' id='word_1_619' title='bbox 2205 4686 2455 4757; x_wconf 81' lang='grc' dir='ltr'>ἀλλήλων</span> <span class='ocrx_word' id='word_1_620' title='bbox 2485 4686 2829 4759; x_wconf 82' lang='grc' dir='ltr'>χωρίζομεν;</span> <span class='ocrx_word' id='word_1_621' title='bbox 2855 4689 3027 4743; x_wconf 83' lang='grc' dir='ltr'>Τοῦτο</span> <span class='ocrx_word' id='word_1_622' title='bbox 3054 4687 3112 4742; x_wconf 80' lang='grc' dir='ltr'>δὲ</span> <span class='ocrx_word' id='word_1_623' title='bbox 3143 4684 3471 4758; x_wconf 87' lang='grc' dir='ltr'>παραμυθία</span> <span class='ocrx_word' id='word_1_624' title='bbox 3491 4680 3560 4755; x_wconf 84' lang='grc' dir='ltr'>ἦν</span> <span class='ocrx_word' id='word_1_625' title='bbox 3583 4683 3805 4750; x_wconf 77' lang='grc' dir='ltr'>αὐτοῖς,</span> 
     </span>
    </p>
   </div>
   <div class='ocr_carea' id='block_1_94' title="bbox 514 4768 2096 4851">
    <p class='ocr_par' dir='ltr' id='par_1_94' title="bbox 514 4768 2096 4840">
     <span class='ocr_line' id='line_1_94' title="bbox 514 4768 2096 4840; baseline -0.003 -14"><span class='ocrx_word' id='word_1_626' title='bbox 514 4772 599 4828; x_wconf 86' lang='lat' dir='ltr'><strong>eis</strong></span> <span class='ocrx_word' id='word_1_627' title='bbox 637 4778 780 4837; x_wconf 84' lang='lat' dir='ltr'><strong>erat,</strong></span> <span class='ocrx_word' id='word_1_628' title='bbox 828 4768 1236 4825; x_wconf 86' lang='lat' dir='ltr'><strong>tentationibus</strong></span> <span class='ocrx_word' id='word_1_629' title='bbox 1271 4784 1471 4837; x_wconf 86' lang='lat' dir='ltr'><strong>nempe</strong></span> <span class='ocrx_word' id='word_1_630' title='bbox 1504 4768 1844 4838; x_wconf 77' lang='lat' dir='ltr'><strong>defatigatis,</strong></span> <span class='ocrx_word' id='word_1_631' title='bbox 1873 4770 2096 4840; x_wconf 87' lang='lat' dir='ltr'><strong>perinde</strong></span> 
     </span>
    </p>
   </div>
   <div class='ocr_carea' id='block_1_95' title="bbox 2202 4768 3805 4851">
    <p class='ocr_par' dir='ltr' id='par_1_95' title="bbox 2205 4774 3805 4851">
     <span class='ocr_line' id='line_1_95' title="bbox 2205 4774 3805 4851; baseline -0.003 -19"><span class='ocrx_word' id='word_1_632' title='bbox 2205 4778 2566 4849; x_wconf 81' lang='grc' dir='ltr'>ἀπειρηκόσιν</span> <span class='ocrx_word' id='word_1_633' title='bbox 2606 4780 2712 4833; x_wconf 80' lang='grc' dir='ltr'>ὑπὸ</span> <span class='ocrx_word' id='word_1_634' title='bbox 2741 4780 2851 4834; x_wconf 90' lang='grc' dir='ltr'><strong>τῶν</strong></span> <span class='ocrx_word' id='word_1_635' title='bbox 2902 4778 3252 4851; x_wconf 84' lang='grc' dir='ltr'>πειρασμῶν,</span> <span class='ocrx_word' id='word_1_636' title='bbox 3295 4778 3373 4842; x_wconf 81' lang='grc' dir='ltr'>ὡς</span> <span class='ocrx_word' id='word_1_637' title='bbox 3417 4778 3513 4832; x_wconf 74' lang='grc' dir='ltr'>καὶ</span> <span class='ocrx_word' id='word_1_638' title='bbox 3554 4774 3805 4845; x_wconf 53' lang='grc' dir='ltr'>ἀλλαχοῦ</span> 
     </span>
    </p>
   </div>
   <div class='ocr_carea' id='block_1_96' title="bbox 515 4860 2096 4943">
    <p class='ocr_par' dir='ltr' id='par_1_96' title="bbox 515 4860 2096 4931">
     <span class='ocr_line' id='line_1_96' title="bbox 515 4860 2096 4931; baseline -0.001 -13"><span class='ocrx_word' id='word_1_639' title='bbox 515 4877 583 4918; x_wconf 90' lang='lat' dir='ltr'><strong>ac</strong></span> <span class='ocrx_word' id='word_1_640' title='bbox 618 4862 728 4917; x_wconf 91' lang='lat' dir='ltr'><strong>alio</strong></span> <span class='ocrx_word' id='word_1_641' title='bbox 762 4862 820 4917; x_wconf 91' lang='lat' dir='ltr'><strong>in</strong></span> <span class='ocrx_word' id='word_1_642' title='bbox 854 4861 979 4917; x_wconf 90' lang='lat' dir='ltr'><strong>loco</strong></span> <span class='ocrx_word' id='word_1_643' title='bbox 1015 4861 1152 4917; x_wconf 88' lang='lat' dir='ltr'><strong>dicit</strong></span> <span class='ocrx_word' id='word_1_644' title='bbox 1178 4876 1194 4916; x_wconf 90' lang='lat'><strong>:</strong></span> <span class='ocrx_word' id='word_1_645' title='bbox 1225 4860 1485 4916; x_wconf 86' lang='lat' dir='ltr'><strong>Dominus</strong></span> <span class='ocrx_word' id='word_1_646' title='bbox 1509 4876 1670 4931; x_wconf 89' lang='lat' dir='ltr'><strong>prope</strong></span> <span class='ocrx_word' id='word_1_647' title='bbox 1687 4872 1787 4928; x_wconf 84' lang='lat' dir='ltr'><strong>est,</strong></span> <span class='ocrx_word' id='word_1_648' title='bbox 1820 4862 1952 4917; x_wconf 81' lang='lat' dir='ltr'><strong>nihil</strong></span> <span class='ocrx_word' id='word_1_649' title='bbox 1977 4863 2096 4917; x_wconf 84' lang='lat' dir='ltr'><strong>sitis</strong></span> 
     </span>
    </p>
   </div>
   <div class='ocr_carea' id='block_1_97' title="bbox 2202 4860 3592 4943">
    <p class='ocr_par' dir='ltr' id='par_1_97' title="bbox 2209 4866 3592 4943">
     <span class='ocr_line' id='line_1_97' title="bbox 2209 4866 3592 4943; baseline -0.001 -21"><span class='ocrx_word' id='word_1_650' title='bbox 2209 4886 2397 4940; x_wconf 65' lang='grc' dir='ltr'>φησιν*</span> <span class='ocrx_word' id='word_1_651' title='bbox 2444 4869 2508 4923; x_wconf 86' lang='lat'><strong>&#39;0</strong></span> <span class='ocrx_word' id='word_1_652' title='bbox 2538 4871 2757 4941; x_wconf 83' lang='grc' dir='ltr'>Κύριος</span> <span class='ocrx_word' id='word_1_653' title='bbox 2793 4871 2998 4943; x_wconf 76' lang='grc' dir='ltr'>ἐγγὺς,</span> <span class='ocrx_word' id='word_1_654' title='bbox 3024 4869 3224 4942; x_wconf 78' lang='grc' dir='ltr'>μηδὲν</span> <span class='ocrx_word' id='word_1_655' title='bbox 3244 4866 3592 4940; x_wconf 77' lang='grc' dir='ltr'>μεριμνᾶτε.</span> 
     </span>
    </p>
   </div>
   <div class='ocr_carea' id='block_1_98' title="bbox 511 4955 753 5009">
    <p class='ocr_par' dir='ltr' id='par_1_98' title="bbox 511 4955 753 5009">
     <span class='ocr_line' id='line_1_98' title="bbox 511 4955 753 5009; baseline 0 0"><span class='ocrx_word' id='word_1_656' title='bbox 511 4955 753 5009; x_wconf 82' lang='lat' dir='ltr'><strong>solliciti.</strong></span> 
     </span>
    </p>
   </div>
   <div class='ocr_carea' id='block_1_99' title="bbox 591 5031 2096 5122">
    <p class='ocr_par' dir='ltr' id='par_1_99' title="bbox 591 5044 2093 5113">
     <span class='ocr_line' id='line_1_99' title="bbox 591 5044 2093 5113; baseline 0.003 -16"><span class='ocrx_word' id='word_1_657' title='bbox 591 5044 760 5100; x_wconf 66' lang='grc' dir='ltr'>νεεδ.</span> <span class='ocrx_word' id='word_1_658' title='bbox 809 5044 902 5101; x_wconf 69' lang='lat'><strong>26.</strong></span> <span class='ocrx_word' id='word_1_659' title='bbox 970 5044 1285 5100; x_wconf 70' lang='lat' dir='ltr'><strong>Voluntaria</strong></span> <span class='ocrx_word' id='word_1_660' title='bbox 1328 5046 1471 5100; x_wconf 85' lang='lat' dir='ltr'><strong>enim</strong></span> <span class='ocrx_word' id='word_1_661' title='bbox 1525 5045 1863 5113; x_wconf 82' lang='lat' dir='ltr'><strong>peccantibus</strong></span> <span class='ocrx_word' id='word_1_662' title='bbox 1922 5046 2093 5102; x_wconf 88' lang='lat' dir='ltr'><strong>nobis.</strong></span> 
     </span>
    </p>
   </div>
   <div class='ocr_carea' id='block_1_100' title="bbox 2202 5031 3805 5122">
    <p class='ocr_par' dir='ltr' id='par_1_100' title="bbox 2292 5031 3805 5122">
     <span class='ocr_line' id='line_1_100' title="bbox 2292 5031 3805 5122; baseline -0.005 -15"><span class='ocrx_word' id='word_1_663' title='bbox 2292 5031 2625 5119; x_wconf 73' lang='grc' dir='ltr'>ἐκουὰιως</span> <span class='ocrx_word' id='word_1_664' title='bbox 2659 5053 2772 5122; x_wconf 76' lang='grc' dir='ltr'>γὰρ</span> <span class='ocrx_word' id='word_1_665' title='bbox 2801 5051 3267 5122; x_wconf 69' lang='grc' dir='ltr'>ἁμαρτανόντων</span> <span class='ocrx_word' id='word_1_666' title='bbox 3299 5047 3488 5119; x_wconf 75' lang='grc' dir='ltr'>ἡμῶν.</span> <span class='ocrx_word' id='word_1_667' title='bbox 3522 5047 3805 5118; x_wconf 76' lang='grc' dir='ltr'>Προετρέ-</span> 
     </span>
    </p>
   </div>
   <div class='ocr_carea' id='block_1_101' title="bbox 514 5135 2096 5217">
    <p class='ocr_par' dir='ltr' id='par_1_101' title="bbox 514 5135 2096 5207">
     <span class='ocr_line' id='line_1_101' title="bbox 514 5135 2096 5207; baseline 0.003 -18"><span class='ocrx_word' id='word_1_668' title='bbox 514 5135 858 5192; x_wconf 83' lang='lat' dir='ltr'><strong>Adhortatus</strong></span> <span class='ocrx_word' id='word_1_669' title='bbox 892 5145 979 5191; x_wconf 89' lang='lat' dir='ltr'><strong>est</strong></span> <span class='ocrx_word' id='word_1_670' title='bbox 1024 5136 1096 5190; x_wconf 88' lang='lat' dir='ltr'><strong>ab</strong></span> <span class='ocrx_word' id='word_1_671' title='bbox 1133 5135 1217 5192; x_wconf 87' lang='lat' dir='ltr'><strong>his</strong></span> <span class='ocrx_word' id='word_1_672' title='bbox 1243 5150 1368 5206; x_wconf 67' lang='lat' dir='ltr'><strong>quas</strong></span> <span class='ocrx_word' id='word_1_673' title='bbox 1399 5135 1622 5191; x_wconf 89' lang='lat' dir='ltr'><strong>utiliora</strong></span> <span class='ocrx_word' id='word_1_674' title='bbox 1676 5143 1853 5203; x_wconf 83' lang='lat' dir='ltr'><strong>erant,</strong></span> <span class='ocrx_word' id='word_1_675' title='bbox 1901 5150 2096 5207; x_wconf 88' lang='lat' dir='ltr'><strong>nempe</strong></span> 
     </span>
    </p>
   </div>
   <div class='ocr_carea' id='block_1_102' title="bbox 2202 5135 3796 5217">
    <p class='ocr_par' dir='ltr' id='par_1_102' title="bbox 2206 5139 3796 5217">
     <span class='ocr_line' id='line_1_102' title="bbox 2206 5139 3796 5217; baseline 0.002 -19"><span class='ocrx_word' id='word_1_676' title='bbox 2206 5143 2348 5214; x_wconf 77' lang='grc' dir='ltr'>ψατο</span> <span class='ocrx_word' id='word_1_677' title='bbox 2376 5144 2486 5199; x_wconf 82' lang='grc' dir='ltr'><strong>ἀπὸ</strong></span> <span class='ocrx_word' id='word_1_678' title='bbox 2510 5145 2621 5199; x_wconf 85' lang='grc' dir='ltr'><strong>τῶν</strong></span> <span class='ocrx_word' id='word_1_679' title='bbox 2663 5145 3073 5217; x_wconf 82' lang='grc' dir='ltr'>χρηστοτὲρων,</span> <span class='ocrx_word' id='word_1_680' title='bbox 3106 5145 3189 5200; x_wconf 85' lang='grc' dir='ltr'>ὅτι</span> <span class='ocrx_word' id='word_1_681' title='bbox 3223 5142 3543 5214; x_wconf 76' lang='grc' dir='ltr'>παρρησίαν</span> <span class='ocrx_word' id='word_1_682' title='bbox 3570 5139 3796 5208; x_wconf 70' lang='grc' dir='ltr'>ἔχομεν.</span> 
     </span>
    </p>
   </div>
   <div class='ocr_carea' id='block_1_103' title="bbox 511 5224 2096 5308">
    <p class='ocr_par' dir='ltr' id='par_1_103' title="bbox 511 5224 2096 5297">
     <span class='ocr_line' id='line_1_103' title="bbox 511 5224 2096 5297; baseline 0.001 -17"><span class='ocrx_word' id='word_1_683' title='bbox 511 5226 656 5296; x_wconf 89' lang='lat' dir='ltr'><strong>quod</strong></span> <span class='ocrx_word' id='word_1_684' title='bbox 671 5224 929 5282; x_wconf 84' lang='lat' dir='ltr'><strong>ﬁduciam</strong></span> <span class='ocrx_word' id='word_1_685' title='bbox 953 5226 1242 5289; x_wconf 76' lang='lat' dir='ltr'><strong>habemus.</strong></span> <span class='ocrx_word' id='word_1_686' title='bbox 1267 5226 1415 5297; x_wconf 89' lang='lat' dir='ltr'><strong>quod</strong></span> <span class='ocrx_word' id='word_1_687' title='bbox 1442 5235 1793 5296; x_wconf 86' lang='lat' dir='ltr'><strong>peccatorum</strong></span> <span class='ocrx_word' id='word_1_688' title='bbox 1816 5226 2096 5282; x_wconf 88' lang='lat' dir='ltr'><strong>condona-</strong></span> 
     </span>
    </p>
   </div>
   <div class='ocr_carea' id='block_1_104' title="bbox 2202 5224 3800 5308">
    <p class='ocr_par' dir='ltr' id='par_1_104' title="bbox 2207 5229 3800 5308">
     <span class='ocr_line' id='line_1_104' title="bbox 2207 5229 3800 5308; baseline -0.006 -18"><span class='ocrx_word' id='word_1_689' title='bbox 2207 5237 2292 5290; x_wconf 79' lang='grc' dir='ltr'>ὅτι</span> <span class='ocrx_word' id='word_1_690' title='bbox 2319 5239 2570 5306; x_wconf 79' lang='grc' dir='ltr'>ἀφέσεως</span> <span class='ocrx_word' id='word_1_691' title='bbox 2598 5236 2912 5308; x_wconf 79' lang='grc' dir='ltr'>ἠξιώθημεν</span> <span class='ocrx_word' id='word_1_692' title='bbox 2932 5253 2948 5268; x_wconf 77' lang='grc'><strong><em>⁸</em></strong></span> <span class='ocrx_word' id='word_1_693' title='bbox 2987 5236 3083 5291; x_wconf 83' lang='grc' dir='ltr'>νῦν</span> <span class='ocrx_word' id='word_1_694' title='bbox 3123 5236 3222 5289; x_wconf 74' lang='grc' dir='ltr'><strong>καὶ</strong></span> <span class='ocrx_word' id='word_1_695' title='bbox 3247 5234 3357 5289; x_wconf 77' lang='grc' dir='ltr'>ἀπὸ</span> <span class='ocrx_word' id='word_1_696' title='bbox 3383 5233 3492 5288; x_wconf 80' lang='grc' dir='ltr'><strong>τῶν</strong></span> <span class='ocrx_word' id='word_1_697' title='bbox 3542 5229 3800 5302; x_wconf 79' lang='grc' dir='ltr'>σκυθρω-</span> 
     </span>
    </p>
   </div>
   <div class='ocr_carea' id='block_1_105' title="bbox 515 5317 2096 5401">
    <p class='ocr_par' dir='ltr' id='par_1_105' title="bbox 515 5317 2096 5376">
     <span class='ocr_line' id='line_1_105' title="bbox 515 5317 2096 5376; baseline 0.003 -7"><span class='ocrx_word' id='word_1_698' title='bbox 515 5318 667 5374; x_wconf 81' lang='lat' dir='ltr'><strong>tione</strong></span> <span class='ocrx_word' id='word_1_699' title='bbox 699 5318 892 5375; x_wconf 90' lang='lat' dir='ltr'><strong>donati</strong></span> <span class='ocrx_word' id='word_1_700' title='bbox 935 5334 1131 5375; x_wconf 87' lang='lat' dir='ltr'><strong>sumus</strong></span> <span class='ocrx_word' id='word_1_701' title='bbox 1163 5335 1179 5375; x_wconf 88' lang='lat'><strong>:</strong></span> <span class='ocrx_word' id='word_1_702' title='bbox 1215 5334 1365 5375; x_wconf 87' lang='lat' dir='ltr'><strong>nunc</strong></span> <span class='ocrx_word' id='word_1_703' title='bbox 1402 5333 1433 5375; x_wconf 88' lang='lat' dir='ltr'><strong>a</strong></span> <span class='ocrx_word' id='word_1_704' title='bbox 1468 5317 1807 5374; x_wconf 87' lang='lat' dir='ltr'><strong>tristioribus</strong></span> <span class='ocrx_word' id='word_1_705' title='bbox 1831 5329 2096 5376; x_wconf 88' lang='lat' dir='ltr'><strong>terrorem</strong></span> 
     </span>
    </p>
   </div>
   <div class='ocr_carea' id='block_1_106' title="bbox 2202 5317 3799 5401">
    <p class='ocr_par' dir='ltr' id='par_1_106' title="bbox 2209 5323 3799 5401">
     <span class='ocr_line' id='line_1_106' title="bbox 2209 5323 3799 5401; baseline -0.003 -21"><span class='ocrx_word' id='word_1_706' title='bbox 2209 5328 2454 5400; x_wconf 83' lang='grc' dir='ltr'>ποτέρων</span> <span class='ocrx_word' id='word_1_707' title='bbox 2508 5328 2684 5398; x_wconf 78' lang='grc' dir='ltr'>φοϐεῖ.</span> <span class='ocrx_word' id='word_1_708' title='bbox 2741 5329 2887 5401; x_wconf 86' lang='grc' dir='ltr'>’Ὀρα</span> <span class='ocrx_word' id='word_1_709' title='bbox 2931 5329 2987 5382; x_wconf 83' lang='grc' dir='ltr'>δὲ</span> <span class='ocrx_word' id='word_1_710' title='bbox 3034 5327 3153 5392; x_wconf 85' lang='grc' dir='ltr'>πῶς</span> <span class='ocrx_word' id='word_1_711' title='bbox 3203 5329 3319 5381; x_wconf 77' lang='grc' dir='ltr'>ἐστι</span> <span class='ocrx_word' id='word_1_712' title='bbox 3379 5323 3799 5394; x_wconf 77' lang='grc' dir='ltr'>συγγνωμικός.</span> 
     </span>
    </p>
   </div>
   <div class='ocr_carea' id='block_1_107' title="bbox 512 5411 2096 5493">
    <p class='ocr_par' dir='ltr' id='par_1_107' title="bbox 512 5411 2096 5485">
     <span class='ocr_line' id='line_1_107' title="bbox 512 5411 2096 5485; baseline 0.003 -21"><span class='ocrx_word' id='word_1_713' title='bbox 512 5411 732 5467; x_wconf 82' lang='lat' dir='ltr'><strong>incutit.</strong></span> <span class='ocrx_word' id='word_1_714' title='bbox 763 5414 1004 5471; x_wconf 83' lang='lat' dir='ltr'><strong>Observa</strong></span> <span class='ocrx_word' id='word_1_715' title='bbox 1034 5421 1222 5470; x_wconf 89' lang='lat' dir='ltr'><strong>autem</strong></span> <span class='ocrx_word' id='word_1_716' title='bbox 1258 5428 1421 5484; x_wconf 89' lang='lat' dir='ltr'><strong>quam</strong></span> <span class='ocrx_word' id='word_1_717' title='bbox 1455 5427 1765 5485; x_wconf 83' lang='lat' dir='ltr'><strong>propensus</strong></span> <span class='ocrx_word' id='word_1_718' title='bbox 1792 5422 1879 5470; x_wconf 90' lang='lat' dir='ltr'><strong>est</strong></span> <span class='ocrx_word' id='word_1_719' title='bbox 1910 5413 1979 5469; x_wconf 86' lang='lat' dir='ltr'><strong>ad</strong></span> <span class='ocrx_word' id='word_1_720' title='bbox 2006 5429 2096 5469; x_wconf 91' lang='lat' dir='ltr'><strong>ve-</strong></span> 
     </span>
    </p>
   </div>
   <div class='ocr_carea' id='block_1_108' title="bbox 2202 5411 3799 5493">
    <p class='ocr_par' dir='ltr' id='par_1_108' title="bbox 2217 5414 3799 5493">
     <span class='ocr_line' id='line_1_108' title="bbox 2217 5414 3799 5493; baseline -0.004 -19"><span class='ocrx_word' id='word_1_721' title='bbox 2217 5419 2547 5489; x_wconf 81' lang='grc' dir='ltr'>Ἑκουσίως</span> <span class='ocrx_word' id='word_1_722' title='bbox 2606 5420 2719 5493; x_wconf 83' lang='grc' dir='ltr'>γὰρ</span> <span class='ocrx_word' id='word_1_723' title='bbox 2781 5422 3269 5493; x_wconf 79' lang='grc' dir='ltr'>ἁμαρτανόντων,</span> <span class='ocrx_word' id='word_1_724' title='bbox 3325 5416 3509 5490; x_wconf 82' lang='grc' dir='ltr'>φησίν·</span> <span class='ocrx_word' id='word_1_725' title='bbox 3568 5414 3645 5478; x_wconf 84' lang='grc' dir='ltr'>ὡς</span> <span class='ocrx_word' id='word_1_726' title='bbox 3696 5414 3799 5468; x_wconf 61' lang='grc' dir='ltr'><strong>ἐὰν</strong></span> 
     </span>
    </p>
   </div>
   <div class='ocr_carea' id='block_1_109' title="bbox 585 5593 1772 5665">
    <p class='ocr_par' dir='ltr' id='par_1_109' title="bbox 585 5593 1772 5665">
     <span class='ocr_line' id='line_1_109' title="bbox 585 5593 1772 5665; baseline 0.007 -19"><span class='ocrx_word' id='word_1_727' title='bbox 585 5593 632 5626; x_wconf 71' lang='grc'>³³</span> <span class='ocrx_word' id='word_1_728' title='bbox 661 5593 851 5648; x_wconf 77' lang='lat' dir='ltr'><strong>Matth.</strong></span> <span class='ocrx_word' id='word_1_729' title='bbox 883 5612 1020 5664; x_wconf 67' lang='grc' dir='ltr'>χιιι,</span> <span class='ocrx_word' id='word_1_730' title='bbox 1050 5597 1142 5653; x_wconf 66' lang='lat'><strong>20.</strong></span> <span class='ocrx_word' id='word_1_731' title='bbox 1224 5595 1270 5628; x_wconf 72' lang='lat'><strong>‘°</strong></span> <span class='ocrx_word' id='word_1_732' title='bbox 1296 5594 1461 5651; x_wconf 87' lang='lat' dir='ltr'><strong>Prov.</strong></span> <span class='ocrx_word' id='word_1_733' title='bbox 1495 5611 1648 5660; x_wconf 81' lang='lat' dir='ltr'><strong>xvut,</strong></span> <span class='ocrx_word' id='word_1_734' title='bbox 1680 5597 1772 5665; x_wconf 65' lang='lat' dir='ltr'><strong>l9.</strong></span> 
     </span>
    </p>
   </div>
   <div class='ocr_carea' id='block_1_110' title="bbox 1918 5692 2482 5757">
    <p class='ocr_par' dir='ltr' id='par_1_110' title="bbox 1918 5692 2482 5757">
     <span class='ocr_line' id='line_1_110' title="bbox 1918 5692 2482 5757; baseline -0.004 -2"><span class='ocrx_word' id='word_1_735' title='bbox 1918 5692 2120 5755; x_wconf 61' lang='lat' dir='ltr'><strong>Varia;</strong></span> <span class='ocrx_word' id='word_1_736' title='bbox 2151 5692 2482 5757; x_wconf 87' lang='lat' dir='ltr'><strong>lectiones.</strong></span> 
     </span>
    </p>
   </div>
   <div class='ocr_carea' id='block_1_111' title="bbox 585 5790 1500 5861">
    <p class='ocr_par' dir='ltr' id='par_1_111' title="bbox 585 5790 1500 5861">
     <span class='ocr_line' id='line_1_111' title="bbox 585 5790 1500 5861; baseline 0.004 -18"><span class='ocrx_word' id='word_1_737' title='bbox 585 5791 633 5824; x_wconf 84' lang='grc'>³⁷</span> <span class='ocrx_word' id='word_1_738' title='bbox 668 5790 757 5844; x_wconf 80' lang='grc' dir='ltr'><strong>ίσ.</strong></span> <span class='ocrx_word' id='word_1_739' title='bbox 790 5790 943 5854; x_wconf 81' lang='grc' dir='ltr'>τέλος</span> <span class='ocrx_word' id='word_1_740' title='bbox 972 5807 1026 5846; x_wconf 91' lang='lat'><strong>0.</strong></span> <span class='ocrx_word' id='word_1_741' title='bbox 1107 5792 1150 5824; x_wconf 82' lang='grc'><strong>³⁸</strong></span> <span class='ocrx_word' id='word_1_742' title='bbox 1180 5790 1414 5861; x_wconf 78' lang='grc' dir='ltr'>ἀφθόνου</span> <span class='ocrx_word' id='word_1_743' title='bbox 1444 5808 1500 5847; x_wconf 89' lang='grc' dir='ltr'><strong>ο.</strong></span> 
     </span>
    </p>
   </div>
  </div>
