4080 6408
413 355 524 414 333

1164 349 1568 414 EXPOSITIO
1597 350 1678 410 ΙΝ
1709 349 1950 409 Et‘IST.
1993 348 2092 406 AD
2131 346 2523 407 IIEBRJZOS.
2559 373 2624 382 ·-
2658 349 2821 410 CAP.
2858 351 2932 412 Χ.

3575 339 3687 407 334

407 472 650 526 ἀκουσίω
673 491 701 536 ·,
734 471 854 523 ἐστί
888 488 971 534 τις
1025 469 1224 540 μετρία
1277 465 1600 536 συγγνώμη.
1636 467 1776 528 Ὅρα
1797 463 1852 517 δὲ
1888 462 1996 525 πῶς

2109 461 2252 515 niam
2294 462 2552 516 dandam.
2587 462 2678 518 Ait
2725 465 2907 529 cnim,
2957 463 3259 519 voluntarie
3307 451 3684 534 peccantibus;

408 564 513 614 οὐκ
548 557 718 626 εἶπεν,
758 561 1143 632 ἁμαρτόντων.
1199 558 1336 628 ἀλλ’,
1371 556 1817 629 ἁμαρτανόντων,
1853 572 2004 607 τουτ-

412 658 585 718 έστιν,
619 653 926 722 ὲμενόντων
955 655 1020 722 τῇ
1057 653 1304 723 ἁμαρτίᾳ
1337 650 1748 720 ἀμετανοήτως.
1797 648 1882 709 Ὠς
1909 646 2003 700 ἐάν

405 763 473 812 γε
526 745 603 815 μὴ
630 745 1047 814 ὲπιμμένωμεν,
1101 743 1237 797 ἀλλὰ
1273 744 1565 814 μετάνοιαν
1616 739 2000 810 ἐνδειξώμεθα,

407 837 570 890 ἔσται
598 835 929 906 συγγνώμη.
968 834 1077 888 Ποῦ
1099 834 1193 888 οῦν
1225 837 1274 888 οἱ
1313 834 1411 902 τὴν
1442 831 1728 904 μετάνοιαν
1759 833 2002 901 ἀναιρεῖ-

408 930 536 982 σθαι
564 928 798 982 ἐνταῦθα
836 929 1087 997 λέγοντες
1112 947 1127 994 ;

481 1207 644 1261 Μετὰ
716 1207 780 1260 τὸ
834 1207 1044 1261 λαϐεῖν
1100 1204 1214 1274 τὴν
1282 1205 1612 1274 ἐπίγνωσιν
1668 1205 1779 1272 τῆς
1848 1204 2000 1268 ἁλη-

408 1299 596 1362 θείας.
641 1299 712 1350 ῚΙ
770 1298 865 1350 τοῦ
927 1297 1211 1368 Χριστοῦ,
1269 1296 1304 1366 ἢ
1369 1295 1588 1349 πάντων
1637 1295 1745 1348 τῶν
1798 1293 2001 1364 δογμά-

407 1391 544 1443 τῶν.

478 1483 693 1538 οὐκέτι
731 1481 864 1552 περὶ
915 1481 1217 1552 ἁμαρτιῶν
1249 1481 1637 1536 ἀπολείπεται
1670 1481 1874 1534 θυσία.
1922 1479 1998 1532 Οὐ

407 1569 514 1639 τὴν
545 1570 839 1639 μετάνοιαν
873 1570 1113 1640 ἀναιρῶν
1136 1569 1286 1638 λέγει
1328 1568 1522 1637 ταῦτα,
1558 1569 1630 1634 ῶς
1663 1586 1809 1632 τινες
1857 1585 2000 1639 παρ-

415 1661 656 1731 ενόησαν
679 1664 747 1728 ³⁵,
782 1662 918 1715 ἀλλὰ
955 1663 1266 1726 δείκνυσιν,
1319 1665 1400 1718 ὅτι
1455 1663 1557 1716 οὐκ
1581 1661 1696 1715 ἔστι
1747 1661 2000 1733 δεύτερον

405 1753 732 1824 βάπτισμα·
764 1754 846 1808 διὸ
893 1754 1014 1808 οὐδὲ
1052 1753 1306 1826 δεύτερος
1344 1755 1574 1818 θάνατος
1609 1752 1703 1806 τοῦ
1735 1753 1994 1824 Χριστοῦ.

2107 553 2244 608 adeo
2273 563 2329 607 ut
2362 554 2534 610 invito
2567 557 2920 625 peccantibus
2957 556 3134 612 facilis
3166 567 3354 627 parata
3388 568 3471 614 est
3502 561 3681 614 venia.

2106 645 2406 700 Considera
2440 657 2644 710 autem,
2674 650 2819 716 quod
2853 665 2959 703 non
2993 651 3149 717 dixit,
3211 651 3279 706 lis
3330 653 3425 720 qui
3491 667 3684 722 peccao

2109 745 2255 799 runt,
2285 737 2401 802 sed,
2437 739 2794 806 peccantibus,
2849 741 2950 796 hoc
2989 749 3093 806 est,
3121 742 3173 795 in
3201 749 3423 812 peccato
3449 741 3568 798 sine
3600 757 3688 797 re-

2107 824 2427 894 sipiscentia
2459 826 2933 894 permanentibns.
2979 828 3112 883 Nam
3138 829 3183 884 si
3213 845 3319 884 non
3355 845 3682 899 permanea-

2109 931 2255 982 mus,
2324 917 2417 971 sed
2479 916 2816 985 paenitentiae
2895 920 3174 989 specimen
3244 924 3682 987 exhibuerimus.

2106 1009 2280 1064 venite
2303 1018 2450 1065 certe
2477 1011 2631 1065 locus
2669 1014 2793 1067 erit.
2834 1011 2938 1070 Ubi
2965 1029 3094 1072 sunt
3126 1017 3295 1087 igitur
3317 1019 3408 1089 qui
3441 1019 3530 1074 hic
3559 1034 3680 1090 pm-

2107 1102 2390 1155 nitenliam
2413 1104 2526 1157 tolli
2569 1105 2808 1158 clamant
2830 1105 2850 1158 .’

2177 1192 2304 1246 Post
2337 1204 2610 1263 acceptam
2645 1197 2888 1250 notitiam
2912 1199 3170 1256 veritatis.
3209 1199 3310 1255 Vel
3339 1201 3570 1268 Christi,
3595 1203 3684 1259 vel

2105 1287 2349 1338 omnium
2387 1284 2726 1354 dogmatum.

2185 1464 2314 1519 lam
2347 1484 2451 1520 non
2485 1469 2806 1536 relinquitur
2830 1486 2925 1540 pro
2953 1474 3182 1541 peccatis
3238 1475 3432 1535 hostia.
3467 1476 3587 1534 Non
3628 1489 3689 1535 ut

2107 1557 2485 1628 paenitentiam
2517 1558 2754 1626 auferat,
2785 1560 2898 1616 haec
2924 1561 3080 1630 dicit,
3118 1572 3180 1619 ut
3225 1566 3445 1636 quidam
3493 1583 3690 1641 perpe-

2107 1669 2220 1707 ram
2254 1653 2686 1712 intellexerunt:
2726 1658 2821 1713 sed
2856 1659 3102 1715 ostendit
3157 1676 3266 1716 non
3326 1679 3450 1720 esse
3502 1666 3685 1722 locum

2105 1745 2351 1800 secundo
2389 1745 2731 1817 baptismati,
2787 1749 3018 1820 ideoque
3067 1767 3168 1808 nec
3221 1757 3478 1812 secundae
3524 1763 3688 1815 morti

402 1846 623 1899 Θυσίαν
663 1846 770 1916 γὰρ
805 1845 996 1901 τοῦτον
1039 1847 1217 1912 καλεῖ,
1255 1847 1331 1912 ώς
1365 1849 1460 1902 καὶ
1496 1848 1556 1900 ὲν
1579 1847 1691 1910 τοῖς
1739 1844 1991 1900 κατόπιν.

2101 1837 2324 1893 Christi.
2344 1835 2590 1894 Hostiam
2610 1840 2754 1894 enim
2777 1855 2895 1895 eam
2926 1844 3183 1912 appellat,
3208 1850 3511 1917 utposthac
3539 1850 3690 1908 vide-

403 1937 530 2006 Μιᾷ
560 1937 670 2006 γὰρ
701 1937 861 2008 θυσίᾳ
899 1937 1250 1992 τετελείωκεν
1284 1942 1363 2001 εἰς
1393 1939 1453 1993 τὺ
1484 1939 1732 2010 διηνεκές
1752 1954 1765 1968 ⁸
1797 1937 1858 1991 τὸ
1888 1938 1994 2008 γὰρ

405 2028 704 2099 βάπτισμα
745 2029 904 2100 ἡμῶν
932 2029 1022 2083 τὸν
1056 2031 1287 2085 θάνατον
1307 2030 1565 2095 είκονίζει
1602 2028 1992 2100 τοῦΧριστοῦ.

405 2119 629 2191 Ὠσπερ
659 2115 752 2172 οὖν
782 2122 990 2184 ἐκεῖνος
1020 2117 1122 2184 εἷς,
1153 2119 1296 2175 οὕτω
1333 2121 1425 2175 καὶ
1469 2120 1626 2174 τοῦτο
1666 2119 1746 2175 ἓν.
1788 2119 1852 2172 Τί
1886 2119 1998 2172 τοί-

405 2229 508 2264 νυν
540 2212 876 2282 ἁμαρτάνεις
906 2211 1082 2277 οὕτως
1127 2214 1322 2279 ἀδεῶς,
1363 2214 1440 2286 μὴ
1471 2213 1640 2281 οῦσης
1669 2211 1885 2274 ἐλπίδος
1914 2213 1998 2265 ὅτι

402 2302 502 2355 διὰ
547 2301 642 2356 τοῦ
696 2303 1074 2373 βαπτίσματος
1128 2304 1532 2376 ἀταλαιπώρως
1570 2302 1880 2375 ἀπαλείψῃς
1931 2303 1999 2356 τὰ

405 2395 820 2465 ἁμαρτήματας
855 2390 1054 2450 Ra).th
1083 2395 1177 2449 οὖν
1206 2396 1382 2466 ἔργων
1415 2393 1714 2449 ἁντιποιοῦ.

484 2581 654 2644 Φοὲει
675 2580 713 2631 ὰ
753 2578 818 2632 δέ
847 2597 934 2644 τις
969 2579 1194 2649 ἐκδοχὴ
1240 2581 1514 2647 κρίσεως,
1555 2579 1654 2632 καὶ
1685 2578 1874 2648 πυρὸς
1906 2578 2000 2647 ζῆ-

402 2671 541 2730 .lcc,
574 2666 807 2720 ἐσθίειν
845 2667 1182 2736 μέλλοντος
1230 2668 1372 2734 τοὺς
1402 2669 1821 2734 ὑπεναντίους.
1857 2670 2000 2738 Ὅρα

409 2759 534 2820 πῶς
593 2753 706 2811 οἷον
750 2759 1000 2830 ὲψῦχωσε
1052 2761 1112 2813 τὸ
1167 2760 1301 2832 πῦρ.
1353 2761 1618 2830 Καθάπερ
1663 2763 1773 2833 γὰρ
1813 2761 2001 2832 θηρίον

406 2851 857 2922 παροξυνόμενον
899 2853 959 2905 οὐ
1002 2853 1236 2906 παύεται
1270 2853 1377 2918 ἕως
1437 2847 1498 2908 οὗ
1543 2853 1685 2928 λάϐῃ
1726 2855 1867 2919 τινὰ,
1907 2855 2004 2908 καὶ

406 2944 740 3012 καταφαγὸν
762 2945 964 3016 κορέσῃ
995 2945 1086 2997 τὸν
1117 2945 1289 3015 θυμόν
1309 2962 1324 2977 ⁸
1362 2946 1506 3000 οὕτω
1537 2947 1761 3000 κάκεῖνο
1783 2946 1842 2999 τὸ
1867 2945 2000 3017 πῦρ,

405 3037 613 3107 ζηλοῦν
666 3037 806 3110 ὑπὲρ
847 3040 956 3092 τῶν
991 3039 1084 3093 τοῦ
1125 3040 1261 3093 Θεοῦ
1302 3040 1534 3094 ἐντολῶν
1583 3040 1694 3094 τῶν
1742 3039 2000 3111 παραὸα-

404 3130 632 3193 θεισῶν,
665 3132 760 3184 καὶ
788 3133 1074 3200 ὰγριαῖνον
1105 3132 1244 3203 ὑπὲρ
1278 3132 1528 3196 ἐκείνων,
1554 3132 1612 3185 ὃν
1639 3132 1706 3186 ἂν
1731 3133 1994 3204 συλλάϐῃ,

403 3222 654 3276 τοιοῦτον
707 3223 1099 3295 διαϐιϐρώσκει
1150 3225 1256 3278 ἀεί.
1315 3224 1392 3280 Οὐ
1445 3223 1552 3296 γὰρ
1605 3220 1750 3292 εἷπε,
1804 3226 1998 3293 φαγεῖν

402 3313 631 3383 μέλλον,
664 3315 799 3378 ἀλλ’,
837 3315 1061 3380 ἐσθίειν,
1107 3315 1294 3378 ἀῖδὶως
1345 3314 1568 3386 δηλαδή.
1611 3315 1998 3378 ’Υπεναντίους

395 3403 483 3467 δὲ,
531 3405 596 3456 οὐ
650 3405 812 3474 μόνον
842 3405 970 3467 τοὺς
998 3405 1284 3468 ἀπίστους,
1321 3403 1460 3457 ἀλλὰ
1487 3403 1582 3457 καὶ
1610 3404 1736 3468 τοὺς
1771 3405 1998 3467 πιστοὺς

404 3496 531 3566 μὲν,
571 3496 640 3549 τὰ
669 3497 888 3551 ἐναντία
914 3498 970 3551 δὲ
998 3497 1108 3551 τῶν
1133 3495 1365 3551 ἐντολῶν
1386 3496 1483 3550 τοῦ
1519 3497 1654 3551 Θεοῦ
1687 3496 1998 3568 ἐργαζομέ-

400 3605 549 3652 νους.

491 3769 826 3838 ’Λθετήσας
858 3790 950 3838 τις
983 3775 1176 3841 νόμον
1216 3772 1496 3838 Μωσέως.
1549 3771 1684 3825 Ἀπὸ
1711 3772 1806 3825 τοῦ
1836 3773 1996 3826 ἐλάτ-

411 3881 563 3926 τονος
613 3863 855 3916 δείκνυσι
888 3863 1117 3927 δικαίως
1157 3865 1534 3935 γενησομένην
1566 3865 1666 3934 τὴν
1698 3867 1994 3936 τιμωρίαν,

420 3955 510 4004 ἵνα
568 3957 658 4007 καὶ
705 3955 911 4025 μᾶλλον
958 3956 1278 4026 πιστότερος
1315 3958 1343 4009 ὁ
1395 3957 1552 4024 λόγος
1708 3958 1892 4028 Νόμον
1939 3960 1998 4012 δὲ

420 4045 687 4109 Μωῦσέως
719 4046 886 4114 λέγει,
922 4046 1057 4100 διότι
1090 4046 1259 4101 πολλὰ
1288 4048 1450 4112 αὐτὸς
1480 4047 1784 4114 διετάξατο.

485 4139 668 4204 Χωρὶς
701 4139 1042 4208 οἰκτιρμῶν,
1089 4141 1187 4193 ἐπὶ
1224 4141 1410 4194 δυσίν
1439 4140 1476 4208 ἢ
1509 4140 1665 4209 τρισί
1693 4140 2000 4209 μάρτυσιν

401 4229 808 4294 ἀποθνήσκει.
852 4230 917 4282 Ἦ
972 4229 1225 4295 σύνταξις
1278 4231 1481 4296 οὕτως’
1561 4234 1859 4306 Ἀθετήσας
1913 4253 1998 4299 τις

400 4323 573 4391 νόμον
628 4323 896 4387 Μωσέως,
950 4324 1047 4377 ἐπὶ
1087 4324 1241 4377 δυσὶν
1290 4325 1508 4397 ἢτρισὶ
1543 4325 1780 4395 μάρτυσι
1829 4328 1996 4399 χωρίς

402 4415 722 4483 οἰκτιρμῶν
755 4415 1127 4486 ἀποθνήσκει·
1183 4417 1482 4482 τουτέστιν,
1546 4418 1643 4472 ἐὰν
1687 4420 1994 4494 ὁμολογηθῇ

2097 1925 2297 1982 bimus.
2327 1925 2444 1982 Una
2463 1942 2609 1983 enim
2634 1928 2811 1984 hostia
2838 1935 3238 1990 consummavit
3263 1939 3316 1992 in
3344 1949 3688 2012 perpetuum.

2097 2018 2361 2074 Nostrum
2396 2021 2541 2075 enim
2574 2020 2845 2094 baptisma
2879 2035 3110 2082 mortem
3147 2027 3352 2085 Christi
3384 2048 3690 2105 repraesen-

2101 2119 2202 2164 tat.
2244 2111 2311 2166 Ut
2342 2111 2514 2182 igitur
2563 2128 2712 2168 mors
2760 2112 2966 2171 Christi
3001 2132 3130 2184 una,
3177 2121 3257 2176 sic
3309 2130 3363 2176 et
3415 2123 3688 2194 baptisma

2102 2217 2293 2256 unum.
2329 2203 2469 2269 Quid
2505 2203 2674 2274 igitur
2727 2205 2867 2263 adeo
2929 2208 3201 2280 intrepide
3251 2213 3414 2285 727
3467 2231 3684 2286 peccas,

2101 2308 2226 2346 cum
2258 2308 2365 2348 non
2396 2296 2468 2350 sit
2503 2310 2631 2368 spes
2671 2299 2909 2368 amplius
2963 2309 3017 2356 te
3049 2317 3149 2372 per
3203 2303 3473 2374 baptisma
3503 2307 3686 2365 denuo

2101 2385 2221 2439 sine
2241 2386 2426 2441 labore
2451 2398 2675 2457 peccata
2703 2390 2884 2446 delere
2909 2407 3070 2462 posse
3095 2394 3119 2448 ?
3153 2393 3300 2451 Bona
3332 2397 3496 2468 igitur
3521 2415 3688 2471 opera

2102 2477 2196 2531 tibi
2235 2478 2483 2534 vendica.

2173 2565 2340 2621 Vens.
2369 2568 2460 2621 27.
2483 2567 2590 2623 Sed
2611 2571 2864 2626 terribilis
2905 2574 3152 2643 quautam
3181 2581 3474 2646 expectatio
3486 2581 3688 2651 judicii

2100 2671 2151 2713 et
2192 2659 2326 2729 ignis
2358 2662 2654 2725 armulatio,
2688 2679 2805 2732 qua:
2825 2677 3208 2736 consumptum
3229 2680 3304 2723 est
3324 2669 3684 2729 adversarios.

2103 2748 2494 2805 Animadverte
2510 2751 2786 2821 quomodo
2819 2753 3021 2822 ignem,
3045 2757 3200 2824 quasi
3219 2759 3492 2816 animatus
3515 2773 3684 2828 esset,

2104 2839 2338 2895 inducit.
2401 2842 2637 2899 Perinde
2688 2845 2836 2900 enim
2881 2855 2942 2902 ut
3000 2847 3180 2903 bellua
3210 2854 3537 2909 exacerbata
3575 2872 3687 2913 non

2106 2932 2327 2989 desistit
2390 2937 2659 3006 tantisper
2685 2938 2814 2992 dum
2866 2942 3291 3010 apprehenderit
3347 2947 3683 3018 quempiam,

2104 3041 2214 3096 quo
2245 3027 2510 3082 devorato
2537 3037 2820 3087 exsaturet
2861 3033 3218 3103 cupiditatem
3250 3051 3406 3092 suam
3439 3055 3454 3094 :
3496 3041 3579 3098 sic
3631 3054 3686 3098 et

2107 3119 2196 3174 ille
2222 3120 2364 3190 ignis
2391 3136 2489 3192 pro
2538 3125 2975 3194 transgressione
3003 3128 3386 3186 mandatorum
3433 3135 3686 3200 smviens,

2103 3224 2167 3263 ac
2201 3221 2422 3281 propter
2477 3213 2569 3268 illa
2600 3213 2882 3281 efferatus,
2928 3233 3316 3291 quemcunque
3377 3227 3686 3296 apprehen-

2101 3302 2265 3369 derit,
2286 3305 2516 3360 devorat
2545 3323 2780 3378 semper.
2812 3307 2933 3364 Non
2959 3312 3104 3365 enim
3136 3311 3294 3378 dixit,
3330 3315 3688 3375 Manducatuo

2101 3413 2181 3466 ra,
2248 3400 2366 3467 sed,
2439 3401 2794 3470 Devoratura,
2849 3406 2904 3460 in
2969 3409 3365 3479 sempiternum
3402 3413 3680 3471 videlicet.

2099 3493 2463 3551 Adversarius
2531 3505 2739 3564 autem,
2774 3513 2884 3556 non
2954 3501 3102 3556 solos
3158 3502 3432 3570 inlideles,
3489 3523 3680 3563 verum

2101 3584 2252 3655 ipsos
2294 3586 2457 3642 etiam
2492 3587 2682 3644 ﬁdeles
2709 3590 2956 3660 quidem,
2987 3591 3212 3665 indigna
3245 3602 3426 3651 tamen
3452 3599 3682 3654 manda-

2101 3676 2171 3729 tis
2193 3673 2286 3729 Dci
2323 3685 2628 3745 patrantes.

2175 3769 2341 3824 Vens.
2375 3769 2469 3824 28.
2502 3769 2726 3824 Irritam
2793 3773 2912 3842 quis
2941 3760 3143 3842 faciens
3169 3777 3331 3846 legem
3384 3777 3573 3834 Mosis.
3633 3781 3681 3835 Α

2103 3861 2298 3914 minori
2325 3860 2566 3915 ostendit
2591 3863 2789 3915 merito
2814 3863 3057 3917 futurum
3089 3867 3449 3935 supplicium,
3474 3877 3531 3922 ut
3558 3870 3684 3938 plus

2101 3949 2224 4002 fidei
2257 3950 2492 4004 orationi
2545 3966 2658 4005 sua!
2688 3952 2969 4007 conciliet.
3029 3952 3229 4025 Legem
3299 3967 3480 4011 autem
3516 3958 3686 4015 Mosis

2099 4042 2252 4105 dicit,
2286 4041 2731 4113 quandoquidem
2771 4044 2946 4099 multa
2995 4047 3077 4102 eis
3108 4047 3223 4116 ipse
3253 4048 3572 4119 injunserit.

2176 4136 2302 4190 Sine
2334 4135 2449 4188 ulla
2480 4137 2846 4202 miseratione,
2879 4138 3086 4194 duobus
3141 4149 3233 4194 aut
3266 4143 3434 4196 tribus
3465 4144 3683 4198 testibus

2105 4227 2353 4280 moritur.
2416 4226 2768 4282 Constructio
2826 4236 2911 4284 est
2989 4228 3361 4299 hujusmodi:
3440 4229 3495 4284 Si
3559 4233 3684 4302 quis

2102 4322 2274 4390 legem
2331 4319 2626 4374 Mosaicam
2658 4317 2966 4388 rejecisset,
3014 4322 3119 4376 sub
3149 4321 3364 4377 duobus
3386 4331 3478 4378 aut
3506 4325 3683 4380 tribus

2099 4411 2332 4466 testibus
2366 4411 2484 4466 sine
2512 4411 2622 4465 ulla
2648 4413 3004 4467 miseratione
3032 4414 3300 4468 moritur:
3327 4414 3432 4469 hoc
3472 4425 3578 4482 est,
3634 4420 3683 4471 si

401 4506 513 4557 ὑπὸ
564 4505 662 4558 δύο
714 4505 747 4576 ἢ
801 4507 973 4579 τριῶν
1031 4508 1346 4581 μαρτύρων,
1395 4509 1478 4562 ὅτι
1529 4510 1745 4581 παρέϐη
1788 4512 1879 4565 τὸν
1906 4514 1995 4565 νό-

2103 4505 2424 4559 confessum
2453 4502 2619 4558 fuerit
2645 4518 2673 4556 a
2705 4504 2925 4559 duobus
2955 4504 3203 4560 tribusve
3253 4505 3486 4561 testibus
3534 4511 3682 4577 quod

402 4614 531 4665 μον.

479 4689 664 4754 Πόσῳ
701 4689 929 4744 δοκεῖτε
967 4692 1239 4760 χείρονος
1277 4691 1598 4756 ἀξιοῦσθαι
1635 4696 1930 4764 τιμωρίας,
1962 4699 1996 4751 δ

395 4784 512 4835 τὸν
553 4783 692 4837 Υιὸν
740 4787 848 4841 τοῦ
893 4788 1042 4841 Θεοῦ
1088 4788 1544 4858 καταπατήσας,
1599 4789 1698 4843 καὶ
1737 4790 1806 4843 τὸ
1849 4787 1993 4860 alita

393 4874 513 4941 τῆς
557 4875 855 4945 Διαθήκης
906 4879 1116 4932 κοινὸν
1170 4877 1596 4949 ήγησάμενος;
1647 4881 1759 4951 Τὴν
1810 4883 1993 4952 κρίσιν

396 4968 591 5029 αὐτοῖς
648 4969 972 5040 ὲπιτρέπει’
1029 4972 1167 5041 ὅπερ
1209 4971 1485 5042 εἰώθαμεν
1531 4975 1705 5026 ποιεῖν
1754 4973 1992 5028 ἐπὶτῶν

395 5057 613 5127 σφόδρα
669 5059 1160 5132 ὁμολογουμένων,
1223 5065 1349 5128 τοὺς
1405 5064 1684 5136 ἀκροατὰς
1731 5065 1992 5134 δικαστὰς

394 5148 708 5212 ποιοῦντες.
766 5151 834 5204 Τί
899 5153 957 5206 δέ
1009 5156 1126 5207 ἐστι
1187 5155 1268 5220 τὺ,
1332 5155 1806 5222 καταπατήσας;
1849 5155 1994 5209 τοῦτ’

395 5245 543 5311 ἐστι,
579 5251 1022 5318 καταφρονήσας.
1065 5249 1276 5320 Ὠσπερ
1323 5252 1433 5322 γὰρ
1482 5251 1594 5305 τῶν
1643 5268 1991 5305 καταπατου-

393 5337 582 5404 μένων
612 5337 807 5391 οὐδένα
839 5339 1001 5407 λόγον
1051 5339 1271 5410 ἔχομεν,
1307 5343 1450 5395 οὕτω
1484 5343 1579 5395 καὶ
1621 5342 1716 5395 τοῦ
1749 5342 1989 5414 Χριστοῦ

390 5427 609 5497 μηδένα
637 5427 795 5497 λόγον
823 5429 1064 5501 ἔχοντες,
1108 5429 1284 5494 οὕτως
1307 5432 1402 5486 ἐπὶ
1430 5432 1491 5485 τὸ
1528 5433 1867 5503 ἁμαρτάνειν
1895 5432 1988 5502 ἐρ-

386 5515 624 5584 χῦμεθα..
656 5516 767 5570 Καὶ
793 5517 861 5570 τὸ
890 5511 1036 5586 αἷμα
1065 5515 1174 5586 τῆς
1198 5519 1494 5588 Διαθήκης
1519 5520 1729 5576 κοινὸν
1749 5518 1985 5590 ἡγησά-

2101 4595 2497 4664 praevaricatus
2528 4596 2600 4649 sit
2626 4594 2824 4664 legem.

2173 4683 2343 4740 Vens.
2368 4684 2460 4740 29.
2488 4685 2704 4751 Quanto
2754 4687 2921 4756 magis
2939 4687 3141 4756 putatis
3175 4687 3437 4743 deteriora
3489 4692 3680 4744 mereri

2098 4776 2381 4846 supplicia,
2433 4777 2524 4847 qui
2583 4777 2783 4832 Filium
2809 4777 2906 4832 Dei
2929 4779 3336 4846 conculcaverit,
3364 4789 3415 4834 et
3454 4783 3677 4852 sangui-

2099 4885 2216 4922 nem
2255 4867 2582 4922 Testamenti
2632 4870 2897 4940 pollutum
2943 4871 3189 4926 duxerit?
3226 4871 3365 4942 Ipsis
3415 4873 3678 4944 judicium

2101 4961 2400 5030 permittit:
2438 4961 2584 5030 quod
2637 4963 2691 5016 in
2724 4963 2882 5016 valde
2914 4966 3120 5033 apertis
3170 4962 3352 5019 facere
3413 4965 3675 5030 solemus,

2096 5066 2219 5107 cum
2249 5053 2530 5110 auditores
2555 5055 2798 5110 arbitros
2829 5053 3122 5111 faciamus.
3165 5056 3307 5123 Quid
3346 5066 3527 5112 autem
3567 5067 3676 5122 est,

2095 5149 2201 5215 Qui
2226 5149 2795 5205 conculcaveritthoc
2851 5160 2956 5216 est,
2989 5153 3082 5224 qui
3132 5153 3545 5222 contempserit.
3606 5152 3677 5208 Ut

2095 5243 2244 5297 enim
2299 5242 2754 5298 conculcatorum
2817 5245 3025 5298 nullam
3057 5248 3327 5299 rationem
3386 5244 3672 5309 habemus,

2097 5335 2178 5388 ita
2237 5335 2440 5390 Christi
2501 5335 2652 5389 nulla
2703 5336 2918 5390 ratione
2967 5335 3154 5390 habita
3212 5335 3281 5390 ad
3338 5336 3672 5406 peccandum

2099 5424 2370 5477 venimus.
2397 5420 2466 5476 Et
2492 5422 2799 5493 sanguinem
2825 5421 3149 5477 Testamenti
3162 5425 3420 5494 pollutum
3441 5424 3678 5493 duxerit,

2096 5517 2201 5572 hoc
2231 5525 2336 5582 est,
2363 5515 2502 5571 nihil
2530 5517 2598 5572 ab
2623 5515 2732 5571 alio
2781 5531 2982 5573 cruore
3013 5515 3232 5575 differre
3282 5521 3511 5588 putarit.
3575 5518 3677 5572 Te-

1777 5697 1987 5760 Variae
2020 5695 2351 5761 lectiones.

467 5790 512 5820 ⁹’
551 5798 867 5869 ὑπενόησαν
904 5812 963 5854 ο.
