4080 6466
445 335 575 398 335

1418 326 1997 391 THEOBHYLACTI
2039 327 2449 390 BUI.GARLE
2482 330 2836 394 ARCHIEP.

3649 335 3749 397 336

477 442 729 499 stamenti
767 439 973 508 autem,
1005 439 1150 512 quod
1181 446 1592 506 testamentum,
1618 438 1760 512 quod
1795 438 2051 494 bonorun

2167 455 2391 508 μενοςο
2451 441 2718 506 τουτέστι,
2771 439 2938 511 μηδὲν
2991 438 3149 495 πλέον
3189 437 3329 512 ἔχων
3378 439 3485 493 τῶν
3522 439 3744 495 λοιπῶν.

484 536 646 592 nobis
703 534 1076 589 hmreditatem
1136 533 1402 603 impertit,
1452 542 1513 587 ιιι
1540 548 1706 603 supra
1737 531 2062 587 memoravi-

488 640 634 691 mus,
680 638 785 694 .per
834 624 1015 695 ipsum
1065 623 1373 678 stabilitum
1439 630 1546 679 est.
1601 620 1729 676 Haec
1754 629 1936 676 autem
1994 619 2064 676 de

480 722 832 773 sacramento
884 727 1058 769 ciente
1116 712 1416 768 Dominicae
1470 711 1617 766 dicta
1648 718 1798 768 sunt.
1831 709 2063 776 Quando

482 807 628 862 enim
652 815 998 863 assumentes
1019 805 1368 874 impollutam
1401 818 1606 874 corpus
1633 813 1689 859 et
1736 803 2060 873 sanguinem

479 899 712 967 Christi,
745 900 800 954 in
828 913 986 954 emno
1016 912 1082 953 ac
1109 897 1225 952 luto
1247 896 1550 966 corporalis
1572 896 1911 966 impuritatis
1935 910 2059 950 car-

483 1007 608 1047 nem
668 998 915 1045 nostram
976 1002 1100 1058 qua:
1147 986 1283 1042 illud
1351 986 1672 1057 assumpsit,
1718 985 2059 1049 volutamus,

482 1098 669 1138 nonne
703 1081 901 1135 Filium
943 1077 1040 1133 Dei
1073 1075 1731 1133 conculcamus2Lutum
1770 1076 1915 1132 enim
1946 1086 2058 1130 ter-

484 1190 559 1230 rte
587 1188 695 1228 non
732 1173 869 1227 adeo
930 1171 1216 1241 indignum
1268 1179 1353 1226 est
1375 1184 1605 1240 corpore
1630 1169 1839 1235 divino,
1891 1181 2059 1238 quam

483 1266 796 1336 impuritas.
826 1262 1014 1319 Uteris
1051 1272 1231 1317 autem
1266 1262 1369 1319 hoc
1389 1262 1512 1319 loco
1543 1262 1808 1318 adversus
1865 1260 2061 1316 Nesto-

478 1360 691 1414 rianos.
743 1356 881 1412 Nam
942 1355 1021 1411 illi
1055 1368 1271 1410 merum
1330 1354 1610 1410 hominem
1674 1353 2059 1409 existimantes

477 1453 784 1516 Christum,
809 1450 1136 1522 sanguinem
1169 1449 1290 1520 ejus
1317 1460 1666 1502 communem
1694 1451 2055 1509 censuerunt,

472 1561 657 1617 neque
683 1545 984 1616 quidquam
1009 1558 1037 1596 a
1063 1540 1290 1611 reliquis
1317 1537 1560 1594 diﬁ'erre.

554 1637 623 1691 In
650 1653 752 1705 quo
781 1634 1151 1702 sanctiﬁcata:
1185 1640 1286 1686 est.
1316 1629 1700 1701 Stupiditatem
1727 1636 1781 1684 et
1824 1627 2056 1698 ingrati-

478 1727 723 1783 tudinem
747 1726 838 1781 hic
867 1722 1132 1780 ostendit.
1157 1720 1456 1791 Oportebat
1479 1720 1650 1784 enim,
1669 1719 1868 1790 inquit,
1891 1733 2055 1775 sanc-

2167 527 2471 597 Διαθήκης
2500 528 2579 592 δὲ,
2607 529 2688 582 ὅτι
2720 526 2788 581 δι’
2817 528 2987 600 αὐτῆς
3022 527 3327 600 ἐϐεϐαιώθη
3366 529 3399 600 ἠ
3436 527 3570 600 πρὸς
3603 530 3747 599 ἡμᾶς

2164 617 2421 691 διαθήκη,
2520 620 2619 691 τὴν
2655 620 3024 691 κληρονομίαν
3054 620 3185 691 ἡμῖν
3218 619 3438 674 διδοῦσα
3464 620 3572 673 τῶν
3607 622 3749 688 ἁγα-

2166 709 2299 777 θῶν,
2334 711 2408 776 ὡς
2443 713 2701 783 ἀνωτέρω
2740 713 2990 784 εἴπομεν.
3022 711 3210 767 Ταῦτα
3245 712 3302 766 δὲ
3352 712 3613 784 περὶτῶν
3646 730 3750 783 μυ-

2165 804 2403 875 στηρίων
2449 806 2687 878 εἴρηται.
2733 806 2905 860 Ὅταν
2948 807 3058 878 γὰρ
3109 805 3623 891 μεταλαμϐάνοντες
3651 805 3746 858 τοῦ

2166 896 2444 968 ἀχράντου
2487 896 2739 967 σώματος
2794 900 2889 952 καὶ
2936 896 3192 969 αἵματος,
3226 888 3305 968 τῷ
3351 896 3597 969 βορϐόρῳ
3648 897 3748 966 τῆς
3851 888 3855 893 ’

2166 988 2490 1058 σωματικῆς
2539 987 2885 1061 ἀκαθαρσίας
2944 991 3045 1061 τὴν
3098 989 3513 1061 μεταλαϐοῦσαν
3566 987 3748 1060 σάρκα

2163 1079 2531 1150 ὲγκυλίωμεν,
2588 1078 2699 1153 ἆρα
2756 1083 2818 1135 οὐ
2871 1083 3300 1153 καταπτοῦμεν
3349 1082 3440 1137 τὸν
3474 1082 3601 1135 Υίδν
3649 1080 3746 1135 τοῦ

2162 1169 2335 1237 Θεοΰ;
2380 1170 2439 1223 'U
2472 1171 2643 1241 πηλὸς
2685 1174 2795 1245 γὰρ
2845 1173 2946 1243 τῆς
2993 1174 3099 1244 γῆς
3131 1174 3193 1227 ού
3226 1171 3480 1227 τοσοῦτον
3524 1174 3749 1238 ἀνάξιος

2161 1254 2256 1310 τοῦ
2282 1256 2427 1310 θείου
2485 1258 2760 1330 σώματος,
2790 1260 2865 1325 ὼς
2903 1264 2938 1331 ἡ
2981 1252 3315 1333 ἀκαθαρσία.
3356 1263 3552 1333 Χρήσῃ
3582 1264 3637 1316 δὲ
3666 1262 3750 1331 τῷ

2163 1349 2386 1419 ρητῷω
2437 1351 2531 1403 καὶ
2574 1352 2717 1405 κατά
2766 1353 3167 1424 Νεστοριανῶν.
3221 1346 3382 1406 Οὗτοι
3428 1354 3534 1423 γὰρ
3587 1353 3747 1423 ψιλὸν

2160 1440 2446 1512 ἄνθρωπον
2471 1442 2711 1510 οἰόμενοι
2755 1444 2845 1498 τὸν
2891 1445 3147 1515 Χριστὸν,
3181 1446 3274 1498 καὶ
3303 1445 3365 1498 τὸ
3397 1440 3536 1516 αἷμα
3571 1444 3744 1498 αὑτοῦ

2159 1532 2337 1587 κοινὸν
2364 1534 2567 1587 οίονται
2588 1533 2656 1600 ⁸³,
2684 1535 2779 1590 καὶ
2809 1536 2961 1588 οὐδὲν
2990 1535 3098 1588 τῶν
3127 1535 3326 1589 λοιπῶν
3353 1536 3629 1606 διαφέρον.

2241 1625 2345 1679 Ἐν
2373 1619 2422 1693 ᾧ
2460 1625 2741 1696 ἡγιάσθη.
2784 1626 2857 1680 Τὸ
2886 1627 3212 1699 ἀναίσθητον
3246 1629 3339 1683 καὶ
3370 1629 3626 1699 ἀγνῶμον
3652 1630 3749 1681 ὲν-

2158 1714 2333 1770 ταῦθα
2390 1717 2700 1773 δείκνυσιν·
2764 1719 2870 1772 ἔδει
2927 1719 3059 1790 γὰρ,
3111 1721 3264 1790 φησὶ,
3319 1720 3411 1774 τὸν
3467 1720 3748 1790 ἁγιασμὸν

479 1819 841 1875 tiﬁcationem
868 1816 1131 1881 revereri,
1159 1829 1267 1885 qua
1299 1813 1352 1868 in
1378 1814 1645 1882 sanguine
1669 1812 1906 1868 donatus
1952 1822 2051 1870 est.

2163 1806 2577 1880 δυσωπηθῆναι,
2607 1806 2668 1865 οὗ
2693 1809 2901 1882 ἠξιώθη
2939 1811 2996 1865 ὲν
3028 1809 3107 1881 τῷ
3137 1810 3355 1882 αἵματι.

548 1909 619 1965 Et
673 1908 901 1981 Spiritui
938 1910 1128 1980 gratia:
1177 1908 1555 1962 contumeliam
1620 1907 1842 1977 fecerit?
1892 1907 2059 1978 728

474 2001 580 2070 Qui
610 2003 757 2059 enim
794 2002 1123 2058 beneﬁcium
1158 1999 1419 2055 collatam
1480 2014 1587 2053 non
1624 2008 1774 2055 recte
1815 1999 2058 2055 admini-

476 2095 691 2158 strarit,
721 2092 923 2163 injuria
974 2089 1138 2145 allicit
1191 2104 1315 2144 eum
1366 2087 1459 2160 qui
1497 2089 1748 2145 contulit.
1813 2089 1963 2144 Fecit
1996 2097 2051 2144 te

475 2179 651 2233 ﬁlium
723 2177 843 2245 Dei,
875 2185 933 2232 tu
994 2192 1125 2232 vero
1184 2192 1377 2233 servus
1434 2175 1664 2233 elﬁceris
1720 2177 2059 2234 aﬁeetuum?

478 2271 639 2327 Venit
674 2281 735 2325 ut
764 2272 817 2326 in
846 2278 900 2326 te
925 2269 1222 2336 habitaret,
1256 2277 1312 2324 tu
1345 2283 1475 2325 vero
1535 2270 1925 2340 superinducis
1955 2271 2054 2328 tibi

475 2362 796 2419 diabolum?
832 2362 1024 2418 Nonne
1050 2362 1155 2418 ista
1176 2369 1262 2417 est
1288 2359 1620 2417 contumelia
1651 2361 1897 2433 Spiritus
1926 2364 1949 2417 ?

548 2454 716 2511 Vens.
750 2455 841 2511 50.
893 2453 1103 2509 Scimus
1166 2454 1307 2509 enim
1353 2468 1473 2509 eum
1535 2455 1626 2524 qui
1679 2455 1851 2509 dixit:
1924 2456 2052 2511 lli/ti

475 2546 728 2610 vindicta,
760 2562 853 2617 ego
887 2544 1202 2609 retribuam,
1239 2543 1367 2599 dicit
1385 2543 1665 2600 Dominus.
1700 2545 1770 2600 Et
1818 2548 2053 2603 iterum:

480 2638 735 2693 Dominus
750 2637 1025 2707 judicabit
1050 2638 1302 2708 populant
1369 2655 1549 2693 suum.
1602 2642 1942 2695 Horrendum
1975 2650 2052 2695 est

475 2731 709 2785 incidere
739 2731 791 2784 in
835 2746 1024 2784 manus
1063 2729 1156 2784 Dei
1195 2730 1435 2786 viventis.
1467 2730 1593 2786 Haec
1632 2732 1770 2786 dixit
1800 2747 1867 2787 ex
1920 2747 2053 2788 con-

475 2824 755 2894 sequenti,
783 2832 841 2878 ut
874 2822 1131 2878 ostendat
1184 2821 1478 2879 Dominum
1506 2822 1770 2878 ultionem
1803 2833 2054 2894 sumptu-

468 2931 597 2971 rum
625 2914 1127 2985 depeccatoribus.
1155 2913 1290 2968 Nam
1322 2914 1375 2971 id
1401 2931 1500 2986 per
1542 2914 1871 2987 Prophetam
1891 2918 2048 2971 dixit.

475 3007 807 3063 Cousolatur
840 3014 1023 3062 autem
1044 3021 1162 3074 eos,
1199 3007 1294 3078 qui
1318 3009 1388 3064 ob
1422 3006 1738 3066 Judaaorum
1789 3011 2053 3065 tentatio-

476 3111 572 3152 nes
597 3096 800 3167 quibus
835 3097 1258 3163 exercebantur,
1290 3100 1475 3153 animo
1497 3098 1612 3169 jam
1661 3098 2047 3154 concidebant.

474 3187 879 3259 Propemodum
954 3188 1101 3244 enim
1161 3189 1274 3244 hate
1328 3189 1493 3245 dicit:
1546 3187 1626 3245 Ne
1670 3191 2053 3262 despondeatis

470 3281 742 3347 animum,
773 3281 990 3337 habetis
1013 3282 1107 3352 qui
1135 3296 1233 3337 vos
1271 3282 1345 3337 sit
1360 3282 1762 3351 vindicaturus,
1789 3298 1854 3338 ac
1902 3299 2053 3339 com-

454 3382 805 3440 ,pensaturus
826 3380 1044 3429 vestros
1086 3373 1330 3443 labores,
1361 3370 1486 3431 eum
1507 3377 1602 3447 qui
1656 3391 1872 3447 semper
1896 3378 2050 3443 vivit,

471 3477 635 3532 quem
673 3463 751 3518 illi
776 3464 871 3535 qui
901 3464 1281 3536 vosaﬂligunt,
1310 3466 1459 3521 nulla
1522 3468 1730 3522 ratione
1770 3468 2049 3540 eﬁ‘ugient.

468 3554 581 3611 Vos
602 3555 824 3627 quidem
871 3557 926 3613 in
973 3558 1194 3612 illorum
1228 3574 1425 3615 manus
1466 3560 1760 3626 incidistis,
1790 3561 1881 3633 qui
1924 3573 2053 3619 sunt

469 3647 750 3715 homines,
781 3656 837 3704 et
861 3651 1025 3706 morti
1054 3651 1317 3707 obnoxii:
1344 3652 1438 3708 isti
1472 3669 1603 3711 vero
1633 3655 1689 3711 in
1717 3670 1914 3713 manus
1952 3658 2052 3714 Dei

467 3753 684 3810 semper
730 3741 988 3809 viventis,
1078 3759 1242 3815 quem
1295 3754 1589 3818 propterea
1656 3747 1896 3821 eﬁ‘ugere
1938 3766 2048 3806 non

467 3841 751 3901 poterunt.

536 3922 706 3982 Vens.
740 3927 830 3982 52.
880 3927 1329 3986 Rememoramini
1391 3941 1567 3988 autem
1633 3935 1886 4005 pristinos
1910 3936 2045 3992 dies.

467 4015 589 4072 Non
615 4033 748 4089 ergo
771 4015 979 4075 frustra
1012 4021 1277 4087 diximus,
1300 4024 1448 4092 quod
1474 4024 1646 4093 istud,
1675 4024 1810 4080 Mihi
1847 4028 2049 4083 uindic-

467 4117 545 4170 ta,
580 4107 647 4162 ad
704 4110 1143 4166 consolationem
1200 4127 1391 4167 eorum
1437 4115 1577 4169 clam
1630 4118 1861 4173 inducit.
1904 4118 2048 4177 Ecce

464 4201 611 4253 enim
675 4197 882 4254 clarius
945 4217 1095 4257 nunc
1130 4217 1254 4258 cum
1291 4204 1402 4260 illis
1463 4205 1707 4274 disserit,
1741 4209 2046 4270 adhortans

470 4303 566 4343 eos
622 4304 692 4345 ne
747 4289 1010 4347 deﬁciant
1055 4308 1087 4348 a
1124 4295 1414 4365 patientia.
1471 4295 1712 4354 Proinde
1761 4316 1832 4357 ne
1880 4304 2041 4371 alios,

464 4380 670 4451 inquit,
703 4382 1019 4451 imitemini,
1055 4385 1152 4441 sed
1184 4386 1288 4457 ipsi
1315 4389 1705 4459 vosmetipsos.
1762 4391 2042 4466 Principio

2230 1897 2342 1953 Kal
2373 1899 2440 1954 τὸ
2476 1899 2721 1970 Πνεῦμα
2756 1898 2867 1968 τῆς
2888 1901 3131 1970 χάριτος
3153 1901 3515 1969 ἐνυϐρίσας
3551 1901 3609 1956 '0
3634 1900 3748 1973 γὰρ

2160 1990 2260 2062 τὴν
2291 1991 2589 2063 δεδομένην
2639 1993 2961 2065 εὐεργεσίαν
3014 1994 3090 2064 μὴ
3140 1992 3307 2061 ἀξίως
3353 1994 3747 2065 οἰκονομήσας,

2161 2084 2354 2157 ὕϐρισε
2385 2088 2479 2141 τὸν
2513 2089 2888 2160 παρασχόντα.
2928 2087 3185 2158 Ἐποίησέ
3230 2105 3290 2143 σε
3321 2087 3449 2143 Υίὸν
3480 2088 3640 2152 Θεοῦ,
3674 2090 3747 2143 σὺ

2157 2177 2216 2232 δὲ
2243 2178 2429 2244 δοῦλος
2468 2180 2595 2251 γίνῃ
2629 2180 2856 2246 παθῶν;
2898 2174 3107 2234 *Ηλθεν
3134 2180 3418 2252 ἐνοικῆσαί
3448 2198 3554 2247 σοι,
3585 2181 3650 2234 σὺ
3685 2182 3753 2236 δὲ

2156 2267 2475 2337 ὲπεισάγεις
2530 2270 2714 2341 σαυτῷ
2773 2270 2866 2325 τὸν
2914 2270 3191 2340 διάϐολον;
3224 2267 3370 2343 Ἆρα
3425 2270 3600 2327 ταῦτα
3642 2271 3753 2343 οὐχ

2159 2357 2317 2430 ὕϐρις
2346 2359 2440 2414 τοῦ
2472 2361 2613 2415 Πνεύ
2622 2379 2793 2431 ματος
2815 2379 2830 2429 3
3762 2370 3777 2377 -

2223 2452 2485 2522 Οἴδαμεν
2527 2454 2640 2523 γὰρ
2690 2453 2801 2508 τὸν
2846 2454 3096 2510 εἰπόντα
3127 2471 3143 2488 ο
3187 2453 3352 2524 Ἐμοὶ
3400 2453 3745 2521 ἐκδίκησις,

2154 2542 2269 2613 ἐγὼ
2300 2544 2730 2613 ἀνταποδώσω,
2765 2545 2929 2617 λέγει
2955 2548 3194 2616 Κύριος.
3229 2546 3338 2600 Καί
3368 2545 3590 2601 πάλιν·
3621 2546 3752 2600 Kri-

2148 2652 2281 2704 ριος
2312 2636 2506 2707 κρινεῖ
2520 2639 2628 2693 τόν
2655 2638 2811 2693 λαὸν
2837 2639 3049 2694 αὐτοῦ.
3077 2637 3336 2708 Φοϐερὸν
3364 2639 3431 2692 τὸ
3456 2636 3755 2708 ἐμπεσεῖν

2153 2729 2475 2798 εὶςχεῒρας
2528 2729 2679 2785 Θεοῦ
2729 2728 2966 2797 ζῶντος.
3023 2729 3211 2785 Ταῦτα
3240 2724 3450 2801 ἐἴρηκε
3499 2729 3601 2802 μὲν
3646 2730 3752 2783 καὶ

2154 2821 2299 2874 κατὰ
2320 2820 2381 2874 τὺ
2408 2821 2728 2887 ἀκόλουθον,
2758 2823 2895 2894 πρὸς
2924 2822 2983 2875 τὺ
3015 2819 3316 2887 ἀποδεῖξαι,
3347 2823 3430 2876 ὅτι
3458 2821 3752 2892 ἐκδίκησιν

2153 2911 2342 2981 μέλλει
2375 2911 2707 2984 ποιήσασθαι
2756 2913 2852 2969 ἐπὶ
2896 2915 3011 2979 τοῖς
3045 2913 3522 2985 ἁμαρτανομένοις
3558 2913 3587 2964 ὁ
3628 2912 3753 2967 Κύ-

2157 3019 2291 3072 ριος.
2324 3002 2462 3056 Εῖπε
2496 3005 2605 3076 γὰρ
2638 3003 2798 3059 τοῦτο
2829 3004 2917 3058 διὰ
2970 3005 3064 3059 τοῦ
3119 3007 3424 3074 προφήτου.
3479 3005 3757 3075 Παραμυ-

2158 3093 2332 3148 θεῖται
2379 3095 2437 3148 δὲ
2467 3096 2580 3149 ’καὶ
2625 3097 2821 3162 αὐτοὺς
2863 3096 3340 3169 μικροψυχοῦντας
3380 3098 3471 3151 διὰ
3499 3098 3623 3159 τοὺς
3674 3097 3752 3149 ὲκ

2157 3185 2267 3241 τῶν
2295 3186 2585 3241 θλιϐόντων
2613 3188 2813 3253 αὐτοὺς
2852 3190 3122 3244 Ἰουδαίων
3148 3189 3512 3261 πειρασμούςο
3537 3188 3752 3243 ὡσανεὶ

2156 3280 2268 3349 γὰρ
2293 3280 2519 3335 τοιαῦτά
2546 3295 2700 3351 φησι*
2730 3281 2825 3353 Μὴ
2853 3282 3248 3347 καταπίπτετε,
3283 3281 3437 3353 ἔχετε
3474 3281 3566 3333 τὸν
3595 3280 3756 3334 ἐκδι-

2156 3373 2357 3427 κοῦντα
2404 3373 2501 3428 καλ⁸
2551 3374 2997 3443 ἀνταποδιδόντα,
3043 3374 3193 3439 ὅστις
3242 3375 3331 3428 ἀεὶ
3371 3376 3461 3446 ζῇ,
3512 3374 3606 3428 καὶ
3635 3374 3751 3429 ιτύκ

2154 3464 2513 3534 ἐκφεύξονται
2564 3467 2730 3522 αὐτὸν
2782 3467 2999 3530 πάντως
3031 3467 3082 3520 οἱ
3117 3466 3521 3538 ἐπηρεάζοντες
3567 3466 3746 3537 ὑμᾶς.

2168 3558 2359 3630 Ὑμεῖς
2393 3559 2494 3631 μὲν
2525 3561 2607 3624 είς
2653 3559 2752 3624 τὰς
2780 3559 3010 3614 ἐκείνων
3048 3561 3237 3631 χεῖρας
3275 3562 3571 3615 ἐνεπέσατε
3610 3559 3755 3630 θνη-

2151 3649 2260 3703 τῶν
2286 3650 2626 3722 ἀνθρώπωνο
2674 3653 2873 3707 ἐκείνοι
2922 3653 3001 3719 δὲ,
3057 3654 3139 3719 είς
3170 3653 3272 3718 τὰς
3315 3653 3409 3707 τοῦ
3462 3652 3599 3709 Θεοῦ
3638 3652 3746 3707 τοῦ
3824 3642 3831 3653 ’

2151 3738 2241 3793 ἀεὶ
2267 3738 2492 3810 ζῶντος,
2527 3743 2622 3799 καὶ
2654 3742 2743 3797 διὰ
2771 3742 2930 3798 τοῦτο
2958 3743 3397 3816 ἀναποδράστου.

2232 3925 2786 3999 Ἀναμιμνήσκεσθε
2840 3928 2909 3983 δὲ
2967 3929 3075 3997 τὰς
3139 3929 3432 3998 πρότερον
3485 3926 3747 3999 ἡμέρας.

2150 4024 2263 4078 Ούκ
2285 4023 2393 4094 ἄρα
2425 4023 2603 4095 μάτην
2632 4024 2891 4095 ἐλέγομεν
2912 4023 2958 4056 δ’
2980 4024 3063 4078 ὅτι
3090 4023 3172 4079 τό.
3214 4022 3374 4092 Ἐμοὶ
3394 4022 3740 4091 ἐκδίκησις,

2149 4116 2286 4187 προς
2320 4114 2675 4189 παραμυθίαν
2722 4115 2908 4170 αὐτῶν
2950 4115 3160 4184 εἰσάγει
3207 4114 3537 4186 λεληθότως.
3600 4115 3741 4168 Ἰδοὺ

2147 4207 2257 4278 γὰρ
2305 4207 2657 4278 ἐκδηλότερον
2688 4209 2874 4272 αὐτοῖς
2906 4207 3239 4276 διαλέγεται,
3290 4208 3746 4277 προτρεπόμενος

2149 4303 2228 4377 μὴ
2267 4305 2526 4375 ἐκστῆναι
2568 4304 2671 4376 τῆς
2719 4303 3020 4375 ὑπομονῆς.
3052 4304 3222 4374 Φησὶν
3268 4302 3384 4387 οὖν,
3418 4304 3501 4358 ὅτι
3534 4302 3610 4375 μὴ
3638 4305 3744 4359 ἄλ-

2147 4395 2276 4461 λους
2306 4396 2456 4461 τινὰς
2480 4395 2822 4468 μιμήσασθε,
2854 4395 2971 4449 ἀλλ’
3000 4396 3155 4450 αὐτοὶ
3175 4395 3424 4459 ἑαυτούς.
3462 4395 3551 4449 Ἐν
3589 4396 3739 4466 ἀρχῇ

466 4471 612 4526 enim
637 4470 762 4528 ﬁdei
792 4482 990 4530 vestrae
1033 4476 1328 4533 certastis:
1366 4477 1472 4534 hoc
1495 4488 1776 4538 certamen
1828 4498 2040 4555 semper

2154 4486 2255 4559 γὰρ
2313 4486 2414 4557 τῆς
2468 4486 2705 4551 πίστεως
2767 4486 2922 4558 ὑμῶν
2986 4486 3360 4558 ὴγωνίσασθε·
3408 4485 3596 4540 τοῦτον
3643 4488 3743 4539 τὶν

356 4629 359 4633 _
462 4562 748 4619 vobiscum
801 4566 1137 4635 expendite:
1178 4583 1243 4624 ea
1274 4585 1397 4640 quae
1422 4572 1660 4643 primum
1720 4585 1872 4632 recte
1918 4592 2044 4634 cer-

350 4646 375 4713 Ῐτ
467 4655 635 4709 tando
672 4658 916 4712 assecuti
972 4660 1128 4724 estis,
1164 4675 1264 4731 per
1316 4664 1630 4719 socordiam
1656 4680 1728 4721 ne
1759 4668 2042 4724 amittatis.

465 4744 873 4818 Comtemplare
925 4759 1105 4805 autem
1175 4753 1266 4809 hic
1318 4754 1663 4827 spiritualem
1691 4758 2042 4828 sapientiam.

456 4836 588 4890 Cum
640 4849 804 4895 antea
860 4841 1262 4900 concussisset'
1297 4846 1519 4903 illorum
1573 4857 1784 4905 mentes
1809 4866 1907 4922 per
1955 4866 2047 4923 ge-

456 4928 655 4985 hennae
732 4936 1351 5005 commemorationem,
1428 4956 1579 4997 nunc
1631 4957 1731 5013 per
1790 4945 2043 4998 encomia

455 5021 613 5088 lenit,
674 5038 783 5079 non
854 5026 1090 5085 adulans
1145 5030 1251 5096 eis,
1280 5031 1377 5087 sed
1400 5047 1499 5102 per
1527 5034 1645 5089 haec
1669 5035 1788 5104 ipsa
1818 5051 1915 5092 eos
1943 5051 2043 5092 ex-

453 5114 709 5172 hortans.
784 5119 1026 5177 Facilius
1094 5123 1243 5177 enim
1274 5125 1594 5196 persuadet,
1654 5130 1747 5197 qui
1798 5129 2040 5199 cuipiam

453 5200 699 5262 consulit
726 5219 784 5263 ut
811 5211 1055 5282 seipsum
1096 5215 1363 5281 imitetur,
1415 5218 1473 5272 in
1512 5218 1582 5274 iis
1611 5220 1872 5289 operibus
1917 5238 2041 5293 quae

449 5307 608 5353 antea
644 5301 895 5370 perfecit.
1154 5362 1157 5367 λ

521 5389 592 5446 In
628 5395 818 5463 quibus
885 5398 1202 5465 illuminati,
1241 5417 1495 5470 magnum
1550 5414 1814 5459 certamen
1869 5409 2031 5461 susti-

448 5483 641 5536 nuistis
670 5486 1033 5557 nﬁlictionum.
1066 5488 1163 5547 Vel
1193 5492 1261 5546 de
1287 5492 1618 5563 baptismate
1642 5496 1795 5563 dicit,
1822 5499 2027 5555 illumi-

2143 4580 2331 4649 ἀγῶνα
2371 4580 2461 4634 ἀεὶ
2497 4578 2921 4649 ἀναλογίζεσθε⁶
2949 4580 3027 4652 μὴ
3069 4580 3160 4633 διὰ
3215 4579 3491 4652 ρᾳθυμίαν
3533 4577 3739 4634 ἀπολέ-

2146 4690 2277 4745 σητε
2303 4674 2373 4728 τὰ
2431 4673 2919 4745 προηγωνισμένα.
2953 4673 3098 4744 Ὅρα
3129 4672 3186 4726 δὲ
3231 4668 3608 4742 πνευματικὴν
3639 4685 3738 4722 σο-

2143 4767 2292 4834 φίαν·
2343 4766 2610 4838 πρότερον
2640 4766 2983 4835 ξκατασείσας
3015 4765 3197 4819 αὐτῶν
3255 4765 3355 4828 τὰς
3399 4762 3597 4835 ψυχὰς,
3639 4761 3738 4814 διὰ

2145 4858 2241 4913 τοῦ
2271 4860 2368 4929 τῆς
2411 4861 2633 4930 γεέννης
2663 4858 3001 4930 ἀναμνῆσαι,
3033 4858 3129 4912 νῦν
3159 4856 3422 4929 μαλάττει
3450 4854 3518 4909 δι’
3553 4856 3737 4922 ἐγκω-

2142 4950 2306 5021 μίων,
2324 4951 2384 5004 οὐ
2419 4952 2752 5013 κολακεύων,
2786 4949 2924 5005 ἀλλὰ
2953 4950 3021 5004 δι’
3046 4950 3226 5003 αὐτῶν
3256 4947 3464 5003 τούτων
3491 4962 3733 5017 προτρε-

2140 5042 2395 5112 πόμενος.
2443 5042 2912 5112 Ἀξιοπιστότερος
2960 5041 3069 5111 γὰρ
3119 5042 3147 5093 ὁ
3210 5037 3591 5111 συμϐουλεύων
3620 5039 3734 5090 τινὶ

2137 5132 2330 5186 ἑαυτὸν
2359 5133 2724 5205 μιμήσασθαι,
2754 5134 2847 5187 καὶ
2891 5131 2927 5187 ἃ
2974 5130 3379 5204 προειργάσατο
3406 5128 3564 5202 ἔργα.

2220 5413 2323 5466 Ἐν
2352 5407 2448 5478 αἶς
2496 5410 2917 5480 φωτισθέντες,
2978 5408 3225 5477 πολλὴν
3289 5408 3554 5474 ἄθλησιν
3606 5405 3724 5459 ὐπ-

2134 5506 2408 5574 εμείνατε
2478 5504 2859 5575 παθημάτων.
2899 5504 2970 5557 Ἣ
3001 5503 3130 5574 περὶ
3186 5500 3281 5556 τοῦ
3338 5496 3723 5572 βαπτίσματός

1812 5677 2021 5739 Variae
2055 5678 2382 5743 lectiones.

511 5756 556 5788 ⁸ο
579 5760 639 5812 τὸ
681 5763 842 5832 ῥητόν
871 5780 924 5821 σι
1002 5766 1043 5799 ⁸¹
1079 5768 1311 5842 ἥγηνται
1346 5786 1399 5828 0.
1475 5771 1520 5805 ’δ’
1549 5774 1576 5827 ὃ
1614 5774 1844 5846 λέγομεν
1878 5793 1929 5833 ο.
