4080 6426
405 527 512 590 337

1167 533 1581 595 EXPOSITIO
1614 535 1692 595 ΙΝ
1732 533 1969 597 EPiST.
2002 540 2100 598 AD
2142 541 2539 604 llElilirEOS.
2567 568 2632 582 -
2673 545 2834 606 CAP.
2867 547 2939 607 Χ.

3580 547 3688 609 338

409 659 547 708 φησι
611 641 691 702 τδ.
761 643 1179 710 φωτισθέντες,
1234 645 1265 710 ἢ
1325 647 1454 718 περὶ
1501 648 1600 717 τῆς
1657 648 2008 717 ἐπιγνώσεως

2116 656 2247 722 nati,
2316 657 2398 710 vel
2454 657 2519 710 de
2579 657 2895 724 cognitione
2953 657 3200 726 mystcrii
3239 657 3585 726 simpliciter,
3621 674 3691 712 ae

409 733 603 796 ἁπλῶς
650 734 746 786 τοῦ
788 737 1111 804 μυστηρίου,
1155 738 1386 791 καὶτῶν
1434 739 1836 809 διαδεξαμένων
1875 741 2002 804 τοὺς

413 826 646 888 πιστοὺς
695 827 944 894 ἀγαθῶν.
976 829 1341 893 Φωτισθέντες
1371 831 1481 900 γὰρ
1526 834 1625 902 τὴν
1663 833 1864 901 γνῶσιν
1893 835 2004 888 τῶν

415 917 754 986 μελλόντων,
814 917 990 981 οὕτως
1040 921 1391 992 ὑπεμείνατε.
1447 925 1560 977 Οὐκ
1614 920 1756 989 εἷπε,
1807 945 2003 996 πειρα-

415 1011 619 1080 σμοῦς,
652 1009 1101 1079 ἁλλ’,ᾶθλησιν,
1151 1014 1180 1067 ὂ
1227 1015 1612 1086 γενναιότητος
1659 1020 1755 1072 καὶ
1802 1036 2005 1089 καρτε-

418 1104 546 1172 ρίας
576 1102 932 1168 ἐνδεικτικὸν,
965 1106 1058 1158 καὶ
1081 1105 1284 1176 ταύτην
1312 1107 1536 1177 πολλήν.

491 1193 684 1250 τοῦτο
705 1195 847 1264 μὲν,
877 1197 1239 1267 ὀνειδισμοῖς
1269 1217 1333 1253 τε
1376 1200 1477 1253 καὶ
1507 1201 1756 1270 θλίψεσι
1778 1205 2007 1270 θεατρι-

422 1285 692 1355 (ripa-or.
730 1286 872 1359 Ὅρα
906 1290 1202 1359 ἐγκώμιον.
1235 1291 1496 1356 Γενναίας
1526 1293 1635 1364 γὰρ
1668 1295 1858 1364 τῳόντι
1897 1293 2005 1346 δεῖ·

421 1393 508 1429 ται
542 1376 746 1448 ψυχῆς,
773 1380 836 1432 τὸ
865 1379 1158 1451 ὑπομεῖναι
1188 1381 1549 1453 ὀνειδισμοὺς,
1581 1384 1656 1447 ὡς
1693 1386 1788 1438 καὶ
1815 1385 1843 1436 ὁ
1869 1386 2008 1456 Προ-

415 1469 604 1537 φήτης
643 1473 928 1540 μαρτυρεῖ·
976 1471 1298 1540 Ἐγεννήθη
1327 1473 1396 1527 τὰ
1431 1473 1662 1542 δάκρυά
1698 1493 1818 1544 μου
1839 1477 2009 1542 ἐντῷ

413 1559 845 1630 λέγεσθαιμοι,
871 1563 988 1617 ποῦ
1009 1563 1182 1618 ἐστιν
1203 1567 1236 1618 ό
1255 1567 1399 1631 Θεὸς
1417 1582 1534 1620 σου
1553 1581 1571 1629 ;
1603 1566 1740 1619 Καί·
1772 1569 1841 1621 Et
1860 1569 1892 1621 ό
1907 1567 2010 1637 ἐχ-

415 1656 566 1722 θρὸς
599 1656 873 1711 ὠνείδισέ
901 1675 998 1726 με,
1029 1659 1342 1729 ὑπήνεγκα
1377 1661 1474 1714 ἄν.
1538 1661 1684 1716 Καί·
1745 1661 2009 1727 Ὅνειδος

418 1745 649 1813 ἄφρονι
678 1747 1011 1820 ἕδωκάςμε.
1048 1753 1159 1806 Καὶ
1206 1751 1325 1806 Ἰὼϐ
1375 1754 1698 1825 ἐδυσχέρανε
1741 1755 1876 1825 πρὸς
1917 1757 2009 1807 τὸν

415 1836 752 1908 ὀνειδισμὸν,
783 1841 963 1895 καίτοι
992 1842 1164 1897 τᾶλλα
1195 1843 1270 1906 ὡς
1303 1845 1517 1916 ἀδάμας
1548 1848 1916 1918 καρτερήσας.
1948 1847 2009 1898 Et

415 1927 477 1980 δὲ
509 1931 608 1981 καὶ
636 1932 919 2003 παρρησίᾳ
943 1932 1182 2002 γίγνοιτο
1213 1936 1304 1988 καὶ
1331 1935 1561 1990 ἐνώπιον
1588 1936 1799 1989 πολλῶν
1819 1938 1847 1990 ό
1873 1938 2006 1989 ovet-

2108 745 2358 801 debonis
2415 761 2537 816 qua:
2569 745 2756 802 ﬁdeles
2807 756 3104 816 exceptura
3169 755 3318 802 sunt.
3380 745 3692 800 lllumiuati.

2113 838 2258 891 enim
2285 839 2602 908 cognitione
2643 837 2952 892 futurorum
3008 839 3275 893 bonorum
3313 837 3393 892 sic
3427 838 3710 892 sustinui-~

2107 931 2226 985 stis.
2248 931 2366 984 Non
2394 931 2547 995 dixit,
2576 929 2950 995 Tentationes,
2979 931 3094 996 sed,
3113 940 3398 994 certamen,
3428 931 3572 1001 quod
3606 931 3689 984 in-

2107 1023 2411 1092 genuitalis
2469 1032 2524 1077 et
2581 1023 2924 1078 fortitudinis
2977 1035 3060 1078 est
3105 1022 3364 1077 indicium
3425 1031 3480 1076 et
3541 1022 3686 1076 istud

2109 1112 2332 1181 quidem
2361 1127 2639 1182 maguum.

2181 1203 2345 1257 Vsus.
2368 1203 2457 1256 35.
2482 1198 2694 1254 Partim
2709 1201 2918 1272 quidem
2936 1199 3230 1269 opprobriis
3253 1210 3300 1252 et
3329 1197 3688 1251 tribulationi-

2109 1295 2206 1348 bus
2263 1293 2623 1364 spectaculum
2680 1293 2829 1362 facti.
2877 1291 3013 1347 Vide
3074 1292 3292 1344 illorum
3341 1287 3682 1344 encomium.

2110 1384 2391 1440 Generosa
2418 1385 2562 1439 enim
2590 1383 2840 1454 profecto
2866 1383 3052 1436 anima
3093 1396 3232 1452 opus
3270 1388 3359 1435 est
3379 1387 3437 1433 ut
3490 1392 3690 1447 oppro-

2109 1478 2226 1532 bria
2279 1477 2542 1547 perferas,
2579 1476 2720 1532 sicut
2771 1484 2824 1530 et
2854 1474 3124 1544 Propheta
3186 1480 3457 1526 testatur:
3501 1469 3687 1524 Facta:

2109 1579 2233 1624 sunt
2257 1569 2386 1622 milii
2411 1569 2674 1638 Iacrymar
2698 1583 2846 1630 mete,
2881 1582 3000 1619 cum
3030 1566 3310 1619 diceretur
3339 1563 3498 1616 mihi:
3565 1560 3689 1614 Ubi-

2111 1679 2236 1715 nam
2294 1671 2372 1715 est
2425 1661 2560 1714 Deus
2603 1673 2724 1714 tuus
2761 1659 2848 1711 u?
2899 1657 3004 1711 Et:
3039 1656 3101 1711 Si
3161 1655 3328 1710 hostis
3367 1653 3688 1707 conviciatns

2109 1764 2243 1806 esset
2271 1751 2420 1817 milii,
2443 1751 2810 1805 sustinuissem
2842 1747 3078 1817 equidem
3093 1746 3160 1802 δι.
3197 1745 3261 1799 Et
3289 1763 3301 1799 :
3337 1744 3690 1814 Opprobrium

2111 1844 2378 1912 insipienti
2407 1841 2602 1897 dedisti
2632 1841 2798 1911 729
2824 1856 2903 1894 me
2937 1839 3006 1892 η.
3045 1837 3110 1892 Ει
3141 1837 3264 1900 Job,
3284 1837 3494 1894 licetin
3530 1843 3693 1889 caete.

2114 1937 2190 1990 ris
2225 1934 2539 1989 adamantis
2569 1933 2746 1988 instar
2775 1932 3060 1996 sustinuit,
3087 1930 3441 1999 opprobrium
3505 1935 3690 1981 tamen

416 2018 642 2088 δεσμὸς,
698 2000 778 2075 ἔτι
833 2000 1036 2092 μάλλον
1082 2029 1241 2098 χρεία
1290 2029 1680 2099 γενναιοτέρας
1725 2028 1942 2099 ψυχῆς·
1980 2028 2008 2080 ὃ

2116 2044 2258 2098 mgro
2280 2027 2491 2083 ferebat
2517 2025 2722 2079 animo.
2751 2022 2908 2088 Quod
2933 2024 2980 2078 si
3004 2029 3190 2092 aperte
3219 2021 3422 2091 palam,
3448 2019 3695 2087 adeoque

418 2111 522 2164 καὶ
571 2114 807 2169 ἐνταῦθα
867 2118 1126 2189 ἐδήλωσε,
1162 2120 1611 2190 θεατριζόμενοι,
1646 2121 1840 2178 εἰπών.
1899 2121 2011 2174 Ἐν-

418 2204 623 2272 νόησον
654 2207 710 2261 δὲ
747 2209 863 2274 πῶς
898 2206 1038 2282 ἦσαν
1081 2214 1308 2282 μεγάλοι
1341 2209 1509 2280 οὗτοι,
1549 2214 2005 2284 καταφρονήσαν-

416 2311 514 2358 τες
548 2297 655 2366 μὲν
681 2298 768 2353 διὰ
807 2301 1043 2370 Χριστὸν
1073 2304 1170 2358 καὶ
1197 2305 1356 2377 δόξης
1396 2309 1492 2361 καὶ
1523 2306 1777 2362 πλούτου.
1821 2306 2008 2378 Ὕϐρι-

417 2384 646 2453 ζόμενοι
673 2388 728 2442 δέ
763 2391 858 2444 καὶ
884 2392 1316 2464 θεατριζόμενοι,
1351 2397 1649 2459 τουτέστιν,
1692 2395 1882 2467 ὥσπερ
1916 2396 2009 2449 ἐπὶ

416 2476 659 2549 θέατρον
687 2482 1342 2556 παραδειγματιζόμενοι,
1365 2489 1458 2541 καὶ
1489 2487 1661 2540 ταῦτα
1682 2487 1846 2558 τυχὸν
1879 2487 2008 2558 παρ’

415 2568 662 2624 εὐτελῶν
684 2589 867 2639 τινων,
893 2576 990 2629 καὶ
1024 2577 1353 2648 οὑδαμινῶν,
1387 2581 1480 2632 καὶ
1507 2580 1852 2651 ἀνεχόμενοι.

2116 2133 2301 2174 coram
2369 2115 2556 2171 multis
2590 2114 2929 2170 contumelia
2988 2111 3104 2178 fiat,
3166 2126 3233 2166 eo
3281 2110 3466 2180 magis.
3512 2109 3693 2162 anima

2119 2211 2332 2267 fortiori
2361 2226 2501 2280 opus
2536 2217 2662 2264 est:
2691 2207 2743 2262 id
2779 2206 2924 2277 quod
2961 2205 3065 2260 hoc
3094 2205 3148 2259 in
3177 2204 3298 2258 loco
3339 2201 3691 2273 significavit,

2118 2318 2240 2356 cum
2295 2301 2451 2364 dicit,
2510 2297 2884 2367 Spectacula»:
2944 2297 3098 2365 facti.
3154 2294 3457 2349 Considera
3512 2302 3692 2347 autem

2115 2408 2278 2461 quam
2347 2389 2527 2459 magni
2594 2388 2798 2444 fuerint
2863 2387 2978 2452 isti,
3008 2389 3101 2457 qui
3147 2395 3262 2439 tum
3292 2384 3522 2453 gloriam
3576 2393 3693 2436 tum

2116 2501 2248 2554 opes
2281 2490 2504 2553 propter
2539 2479 2828 2536 Christum
2861 2478 3316 2548 contempserint.
3344 2477 3519 2531 Porro
3543 2475 3694 2542 inju-

2117 2578 2254 2631 riam
2305 2574 2450 2644 passi
2496 2583 2550 2627 et
2601 2571 2979 2642 spectaculum
3035 2570 3188 2636 facti,
3241 2570 3345 2623 hoc
3397 2577 3504 2634 est,
3545 2567 3699 2622 velut

419 2660 476 2712 in
543 2663 757 2719 theatro
811 2665 1128 2735 ignominiae
1185 2670 1444 2740 expositi,
1511 2671 1675 2742 idque
1699 2669 2005 2727 fortassisa
2038 2667 2237 2724 vilibus
2287 2680 2352 2720 ac
2400 2662 2608 2721 nullius
2660 2662 2824 2733 pretii
2892 2660 3383 2723 bomuncionibus,
3449 2661 3696 2716 sustine-

414 2757 555 2812 bant
586 2769 768 2817 tamen
794 2763 957 2834 idque
991 2767 1177 2821 animo
1194 2767 1345 2834 forti,
1375 2777 1429 2824 et
1461 2769 1728 2824 malorum
1755 2768 2032 2824 toleranti.

497 2855 684 2909 Τοῦτο
725 2855 816 2921 δὲ,
852 2861 1129 2914 κοινωνοὶ
1171 2860 1292 2915 τῶν
1338 2863 1526 2929 οὕτως
1560 2861 2001 2932 ἀναστρεφομέι

418 2962 550 2998 νων
590 2948 1008 3017 γεννηθέντες.
1061 2950 1135 3004 Οὐ
1170 2951 1352 3022 μόνον,
1402 2954 1556 3024 φησὶ,
1603 2954 1701 3017 τὰς
1737 2955 2008 3025 ὑμετέρας

416 3035 659 3104 θλίψεις,
702 3039 977 3106 ἀκουσίως
1023 3041 1290 3106 δοκούσας
1327 3045 1618 3113 ἐπάγεθαι,
1655 3047 2006 3115 ὑπεμείνατε,

415 3127 537 3179 ἀλλ’
569 3127 747 3193 οὕτως
777 3126 876 3202 ἦτε
906 3136 1166 3201 γενναῖοι,
1211 3133 1353 3188 ὥστε
1386 3137 1481 3190 καὶ
1531 3137 1781 3190 κοινωνολ⁵
1823 3138 2006 3206 ἐγένε-

415 3219 517 3271 σθε
577 3219 691 3273 τῶν
743 3221 1056 3277 ἀποστόλων
1105 3224 1214 3279 τῶν
1260 3224 1432 3289 οὕτως
1488 3227 2002 3298 ἀναστρεφομένων,

411 3311 726 3376 τουτέστιν,
769 3313 828 3366 ἐν
861 3312 1074 3383 suam
1125 3315 1220 3369 καὶ
1253 3316 1579 3387 ὀνειδισμοῖς
1601 3357 1616 3381 ,
1650 3318 1746 3370 καὶ
1787 3317 2007 3382 ἑκόντες

2186 2857 2394 2913 Partim
2435 2873 2551 2912 vero
2599 2855 2728 2911 socii
2772 2853 2954 2908 taliter
3010 2850 3438 2906 conversantium
3496 2847 3693 2917 eﬁ‘ectis

2113 2949 2349 3014 Nedum,
2387 2947 2592 3019 inquit,
2628 2954 2841 3002 vestras
2885 2941 3233 3007 alﬂictiones,
3276 2956 3400 3011 quae
3443 2956 3539 3009 per
3582 2941 3694 2995 vim

2116 3041 2302 3096 invitis
2333 3040 2492 3096 vobis
2540 3038 2873 3094 videbantur
2923 3036 3144 3098 adduci,
3193 3033 3563 3099 sustinuistis,
3599 3032 3696 3086 sed

2114 3131 2250 3185 adeo
2280 3129 2488 3185 strenui
2517 3127 2722 3192 fuistis,
2750 3135 2811 3182 ut
2860 3132 2918 3181 et
2964 3124 3102 3180 socii
3130 3123 3258 3177 iacti
3301 3121 3424 3177 sitis
3470 3127 3696 3190 aposto-

2113 3219 2292 3275 lorum
2325 3219 2508 3273 taliter
2540 3215 3008 3279 conversantium,
3059 3213 3163 3267 hoc
3192 3218 3278 3267 est
3323 3211 3376 3263 in
3408 3208 3694 3264 calamita-

2116 3312 2260 3368 tibus
2286 3321 2340 3366 et
2359 3302 2694 3382 Opprobriis,
2727 3317 2782 3363 et
2803 3313 2986 3361 vestra
3023 3314 3218 3372 sponte
3243 3299 3562 3369 subiecistis
3581 3312 3694 3352 vos

414 3403 741 3474 ὑπεθήκατε
773 3407 1020 3472 ἑαυτοὺς,
1054 3407 1197 3462 ὥστε
1226 3410 1716 3481 συγκακουχεῖσθαι
1755 3409 2004 3477 ἐκείνοις,

2116 3403 2260 3473 ipsos
2295 3411 2354 3457 ut
2385 3415 2490 3456 una
2526 3416 2650 3456 cum
2682 3399 2789 3454 illis
2819 3399 3051 3452 adversa
3099 3393 3440 3457 sustineatis,
3468 3406 3535 3446 ac
3565 3405 3700 3446 con-

414 3499 521 3551 καὶ
551 3501 834 3553 κοινωνεῖν
872 3500 982 3553 τῶν
1024 3501 1206 3555 αὐτῶν
1235 3501 1598 3573 παθημάτων.
1630 3502 1745 3556 Οὐκ
1772 3497 1894 3556 εἷπε
1928 3502 2008 3567 δέ,

415 3587 558 3658 ἐμοῦ
598 3589 789 3655 μόνον,
821 3589 979 3659 ἀλλὰ,
1021 3591 1218 3656 κοινῶς
1251 3595 1491 3661 πάντων,
1516 3593 1602 3646 ἵνα
1641 3593 1702 3646 τδ
1734 3592 2011 3664 ἐγκώμιον

419 3681 611 3733 αὑτῶν
645 3682 877 3754 αὐξήσῃ.

495 3771 605 3824 Καὶ
662 3770 772 3840 γὰρ
817 3773 941 3840 τοῖς
971 3773 1220 3844 δεσμοῖς
1258 3793 1378 3846 μου
1412 3778 1898 3844 συνεπαθήσατε.
1933 3778 2008 3830 UO

431 3861 592 3928 μόνον
621 3863 678 3914 ἐν
706 3866 820 3928 τοῖς
846 3865 1135 3936 ὑμετέροις
1165 3867 1266 3920 οὑκ
1295 3867 1554 3938 ἐδεήθητε
1587 3868 2010 3939 παρακλήσεως,

436 3953 563 4004 em
596 3955 687 4006 καὶ
711 3959 824 4021 τοῖς
850 3957 1032 4020 ἄλλοις
1056 3958 1310 4027 ἐγένεσθε
1339 3959 1684 4031 παράκλησις
1706 4003 1720 4026 ,
1749 3960 1840 4013 καὶ
1871 3963 2010 4031 μάρ-

439 4060 533 4106 τυς
563 4046 679 4112 ἐγὼ.

503 4140 606 4193 Καὶ
644 4142 758 4208 τὴν
785 4142 1068 4211 ἁρπαγὴν
1095 4141 1216 4208 τῶν
1245 4144 1644 4214 ὑπαρχόντων
1679 4143 1847 4213 ὑμῶν
1861 4145 2013 4214 μετὰ

419 4229 608 4298 χαρᾶς
657 4233 1130 4299 προσεδέξασθε.
1182 4231 1350 4288 Εἶπεν
1389 4235 1572 4300 ἱδικῶς
1604 4235 1720 4298 πῶς
1766 4239 1878 4299 τοῖς
1912 4237 2010 4290 ἄλ-

419 4323 534 4384 λοις
567 4324 961 4395 ἐκοινώνησαν,
987 4326 1084 4379 νῦν
1116 4326 1280 4380 πάλιν
1304 4327 1474 4396 λέγει,
1519 4326 1636 4390 πῶς
1667 4329 1762 4381 καὶ
1802 4327 1902 4390 τὰς
1931 4328 2013 4391 εἰς

418 4414 628 4476 αὐτοὺς
651 4415 863 4484 θλίψεις
908 4417 1234 4486 ὑπέμειναν.
1268 4419 1377 4471 Καὶ
1417 4419 1477 4471 τὸ
1511 4419 1884 4491 διαρπαγῆναι
1915 4420 2012 4492 μὲν

418 4507 530 4573 γὰρ
571 4505 721 4574 μέγα
744 4524 758 4537 ·
793 4509 928 4562 διότι
974 4510 1086 4581 γὰρ
1130 4513 1509 4575 ἐπιστεύσατε,
1541 4513 1629 4565 διὰ
1668 4512 1828 4566 τοῦτο
1858 4513 2015 4583 διηρ-

421 4598 670 4665 πάγητε.
715 4597 874 4666 Ἐξῆν
903 4599 1012 4669 γὰρ
1051 4601 1271 4664 πάντως
1313 4603 1444 4671 ὑμῖν
1478 4605 1552 4673 μὴ
1583 4603 1894 4659 πιστεῦσαι.
1942 4605 2016 4657 Τὸ

415 4687 476 4739 ει
511 4689 607 4739 καὶ
639 4689 1087 4755 προσδέξασθαι
1132 4692 1230 4764 τὴν
1261 4694 1515 4748 ἑκουσίαν
1538 4695 1814 4765 ὑπομονὴν
1843 4694 2014 4765 δηλοῖ,

2113 3503 2288 3550 sortes
2334 3493 2688 3548 aﬂlictionum
2741 3503 2932 3545 eorum
2979 3486 3315 3544 emciamini.
3373 3482 3494 3538 Non
3555 3481 3698 3536 dixit

2112 3597 2315 3652 autem,
2346 3587 2446 3642 Mei
2484 3587 2675 3650 solius,
2713 3582 2812 3638 sed
2853 3580 3233 3636 Communiter
3279 3578 3550 3640 omnium,
3587 3588 3698 3644 quo

2112 3678 2287 3748 magis
2317 3693 2508 3732 eorum
2542 3675 2730 3730 laudes
2753 3673 3046 3739 adaugent.

2187 3767 2356 3823 Vens.
2389 3768 2479 3822 54.
2516 3765 2662 3819 Nam
2695 3773 2745 3818 et
2778 3760 3002 3817 vinculis
3054 3759 3182 3812 meis
3230 3755 3495 3824 compassi
3542 3755 3692 3807 estis.

2116 3859 2230 3914 Non
2263 3859 2439 3914 solum
2473 3857 2525 3911 in
2559 3855 2752 3911 vestris
2783 3849 3188 3908 calamitatibus
3223 3863 3330 3901 non
3375 3844 3695 3910 indiguistis

2117 3950 2518 4013 consolatione,
2553 3961 2743 4002 verum
2770 3945 2932 3999 etiam
2961 3941 3084 3997 aliis
3109 3939 3235 3994 facti
3253 3937 3388 3994 estis
3418 3935 3696 4000 solatium,

2113 4042 2274 4110 cujus
2307 4041 2382 4094 rei
2417 4054 2516 4108 ego
2552 4053 2670 4093 sum
2709 4036 2886 4093 testis.

2194 4133 2256 4186 Et
2287 4134 2529 4201 rapinam
2562 4133 2821 4186 bonorum
2855 4138 3149 4185 vestrorum
3180 4142 3297 4181 cum
3325 4123 3522 4196 gaudio
3550 4137 3701 4176 acce-

2115 4227 2293 4295 pistis.
2357 4225 2653 4297 Speciatim
2685 4224 2823 4280 dixit
2853 4221 3131 4295 quomodo
3175 4220 3409 4276 aliorum
3443 4217 3578 4274 socii
3613 4232 3700 4271 es—

2119 4328 2243 4374 sent
2273 4317 2476 4382 eil‘ecti,
2504 4332 2652 4371 nunc
2681 4330 2878 4372 rursus
2899 4314 3032 4369 dicit
3062 4311 3342 4383 quomodo
3374 4307 3700 4364 aﬂlictiones

2119 4407 2225 4478 ipsi
2287 4421 2416 4463 suas
2461 4407 2836 4461 toleraverint.
2885 4403 3021 4458 Nam
3076 4401 3436 4456 facultatibus
3478 4397 3700 4469 quidem

2118 4499 2366 4570 spoliari,
2410 4513 2668 4569 magnum
2697 4507 2800 4553 est.
2825 4494 2966 4562 Quia
3007 4493 3156 4548 enim
3199 4489 3535 4554 credidistis,
3579 4488 3703 4542 ideo

2119 4589 2337 4660 spoliati
2382 4589 2536 4644 eStis.
2568 4587 2701 4641 Nam
2742 4583 3063 4657 potuissetis
3092 4581 3318 4636 omnino
3349 4594 3380 4632 a
3407 4580 3510 4633 fide
3534 4578 3704 4632 alieni

2121 4694 2462 4752 permanere.
2498 4679 2656 4746 Quod
2710 4687 2891 4732 autem
2943 4676 3056 4738 ait,
3091 4673 3407 4740 Accepistis,
3447 4670 3704 4723 volunta-

418 4779 519 4829 καὶ
574 4779 657 4830 ὅτι
707 4780 914 4834 εἴλοντο
952 4761 1230 4852 ἀσμένως.
1282 4785 1392 4838 Καὶ
1426 4785 1507 4849 τὸ,
1554 4761 1694 4853 μετὰ
1727 4761 1906 4856 χαρᾶς
1932 4786 2010 4854 δὲ,

2124 4776 2260 4827 riam
2283 4788 2474 4828 eorum
2503 4770 2821 4843 patientiam
2853 4766 3147 4837 significat,
3186 4772 3240 4818 et
3291 4762 3436 4832 quod
3475 4761 3705 4814 libenter

417 4867 584 4921 τοῦτο
638 4873 747 4933 τοῖς
797 4872 1115 4936 ἀποστόλοις
1146 4873 1290 4944 ὑμᾶς
1335 4875 1522 4940 ἐξισοῖ,
1566 4873 1615 4927 οἳ
1664 4875 2013 4947 ὑπέστρεψαν

421 4962 716 5031 χαίροντες
746 4964 829 5017 ὅτι
859 4965 1001 5036 ὑπὲρ
1022 4967 1116 5020 τοῦ
1147 4968 1413 5038 ὀνόματος
1441 4966 1538 5020 τοῦ
1569 4969 1775 5039 Κυρίου
1815 4968 2015 5039 ἠτιμά-

424 5054 661 5118 εθησαν.

499 5167 916 5236 Γινώσκοντες
939 5169 971 5223 ἐ
975 5185 1108 5238 χειν
1131 5170 1200 5224 ἐν
1226 5171 1463 5237 ἑαυτοῖς
1493 5170 1803 5238 κρείττονα
1833 5170 2021 5239 ὕπαρ-

422 5261 530 5324 ξιν
561 5261 634 5312 ἐν
663 5261 945 5329 οὐρανοῖς
983 5261 1083 5314 καὶ
1109 5261 1450 5330 μένουσαν.
1482 5262 1592 5315 Καὶ
1613 5259 1795 5326 τοῦτο,
1828 5262 2016 5330 φησὶν,

421 5352 667 5401 ἐποιεῖτε
715 5351 854 5420 μετὰ
884 5350 1118 5422 κρίσεως
1157 5351 1251 5404 καὶ
1299 5348 1565 5421 λογισμοῦ
1615 5350 1712 5402 καὶ
1753 5350 2016 5410 πίστεως.

437 5439 805 5508 Ἐγινὼσκετε
820 5444 928 5512 γὰρ
958 5443 1041 5496 ὅτι
1058 5443 1345 5511 κρείττονα
1363 5439 1598 5512 ὕπαρξιν
1619 5441 1715 5494 καὶ
1747 5441 2016 5512 μένουσαν

422 5538 604 5606 ἔχετε,
619 5539 720 5592 οὐκ
731 5539 933 5591 ἀπολλυ
941 5538 1108 5608 μένην
1125 5539 1217 5591 καὶ
1229 5538 1313 5590 δια
1321 5534 1688 5606 ρπαζομένην,
1705 5533 1778 5596 ὡς
1792 5531 2016 5602 ταύτην.

501 5649 602 5718 Μὴ
637 5650 987 5718 ἀποϐάλητε
1030 5647 1144 5706 οὖν
1176 5649 1293 5718 τὴν
1325 5649 1674 5718 παρῤησίαν
1698 5645 1884 5717 ὑμῶν.
1929 5647 2018 5700 Ἐν

425 5743 510 5812 τῷ
538 5745 716 5797 εἰπεῖν
750 5744 839 5814 μὴ
883 5741 1249 5808 ἀποϐάλητε,
1287 5742 1587 5806 δείκνυσιν,
1620 5739 1703 5792 ὅτι
1742 5737 1895 5793 οὔπω
1923 5739 2017 5790 ἐκ·

429 5833 784 5902 πεπτώκασι,
845 5837 1059 5889 δέονται
1128 5834 1312 5904 μέντοι
1379 5834 1474 5888 καὶ
1529 5831 1874 5903 βεϐαιώσεως
1927 5828 2023 5881 καὶ

504 5969 546 6001 δ’
579 5967 726 6025 l‘sal.
762 5988 871 6034 xu,
899 5972 952 6027 4.
1033 5972 1076 6003 ⁸³
1101 5969 1246 6028 Psal.
1271 5987 1379 6036 Liv,
1419 5971 1501 6026 15.

2121 4866 2401 4936 elegerint.
2428 4863 2619 4928 Porro,
2634 4861 2779 4932 quod
2803 4875 2927 4914 cum
2948 4856 3147 4928 gaudio
3168 4855 3480 4923 accepistis,
3504 4852 3555 4907 id
3573 4867 3707 4906 sane

2125 4959 2386 5029 apostolis
2431 4971 2528 5012 vos
2573 4957 2839 5024 adzequat,
2872 4952 2966 5021 qui
3009 4949 3212 5005 reversi
3255 4943 3703 5016 suntgaudentes

2120 5053 2264 5123 quod
2300 5066 2398 5122 pro
2420 5049 2643 5104 nomine
2673 5045 2886 5101 Domini
2915 5042 3246 5098 contumelia
3280 5039 3458 5094 animi
3493 5043 3700 5090 essent.

2191 5165 2570 5236 Cognoscentes
2596 5161 2787 5215 habere
2829 5174 2917 5212 vos
2958 5157 3230 5211 meliorem
3257 5149 3616 5208 substantiam
3655 5156 3704 5200 et

2118 5266 2531 5328 permanentem.
2571 5254 2634 5306 Et
2667 5253 2790 5316 hoc,
2814 5249 3019 5318 inquit,
3083 5243 3370 5301 faciebatis
3405 5255 3530 5296 cum
3559 5238 3706 5307 judi-

2121 5351 2228 5415 cio,
2253 5347 2650 5401 deliberatione
2683 5357 2748 5396 ac
2802 5340 2928 5395 fide.
2963 5334 3359 5406 Agnosccbatis
3379 5331 3524 5386 enim
3557 5331 3704 5399 quod

2132 5440 2413 5495 meliorem
2451 5431 2821 5492 substantiam
2869 5437 2922 5486 et
2971 5434 3284 5482 tnancntem
3317 5422 3553 5485 habetis,
3585 5435 3707 5491 qua:

2128 5547 2231 5586 nec
2264 5530 2443 5600 perire
2475 5541 2575 5582 nec
2607 5523 2773 5594 diripi
2807 5529 3012 5593 posset,
3039 5517 3127 5580 uti
3159 5517 3294 5569 haec.

2200 5641 2368 5698 Vsus.
2396 5642 2485 5697 55.
2529 5639 2612 5694 Ne
2655 5635 2925 5704 abiiciatis
2971 5632 3134 5702 igitur
3193 5625 3574 5693 conﬁdentiam
3623 5637 3708 5676 re-

2130 5745 2319 5790 strain.
2349 5733 2485 5788 Cum
2512 5731 2672 5795 dicit,
2704 5727 2784 5782 Ne
2805 5724 3102 5794 abiiciatis,
3135 5718 3379 5776 ostendit
3399 5714 3544 5786 quod
3571 5728 3708 5766 non-

2133 5827 2262 5881 dum
2308 5823 2648 5890 exciderant,
2692 5834 2830 5893 opus
2874 5826 3055 5873 tamen
3109 5813 3374 5869 baberent
3409 5805 3719 5864 conﬁrma~

1605 5969 1645 6001 ⁵³
1675 5967 1820 6027 Psal.
1848 5977 2081 6020 xxxutt.
2115 5963 2166 6017 6.
