4080 6412
468 509 575 573 339

1350 505 1930 567 THEOPHYLACTI
1963 504 2377 568 BULGARL’E
2416 508 2779 570 ARCHIEP.

3598 503 3699 569 340

466 628 615 682 tione
646 634 699 679 et
726 623 1049 679 munitione.
1091 621 1373 678 Fiduciam
1407 633 1589 678 autem
1613 621 1772 685 dixit,
1802 636 1868 675 eo
1890 619 2035 690 quod

2143 622 2510 693 ἀσφαλισμοῦ.
2546 621 2869 694 Παῤῥησίαν
2896 619 2952 675 δὲ
2982 616 3128 684 εἷπε,
3160 618 3301 675 διότι
3330 620 3377 673 οἱ
3409 621 3475 675 τὰ
3497 621 3709 675 τοιαῦτα

464 714 557 783 qui
592 712 718 766 talia
750 722 970 782 propter
993 712 1159 767 Deum
1195 713 1465 783 patienter
1499 711 1744 776 tulerint,
1782 725 2036 782 magnam

464 805 666 859 habent
694 802 1103 859 conﬁdentiam.

536 894 669 960 Quae
706 910 956 966 magnam
993 893 1148 948 habet
1192 894 1691 949 remunerationem.
1731 891 1843 948 Vos
1893 891 2037 946 enim

463 986 598 1041 estis
635 994 825 1049 testes,
870 986 964 1057 qui
989 987 1289 1055 agnovistis
1339 987 1718 1057 praestantiora
1750 1000 1848 1040 vos
1899 984 2039 1038 bona

465 1077 665 1132 habere
697 1077 750 1131 in
777 1078 952 1133 ctelis.

535 1165 701 1222 Vens.
729 1166 821 1222 '56.
864 1166 1138 1221 Patientia
1189 1168 1331 1222 enim
1376 1168 1520 1223 vobis
1579 1170 1884 1224 necessaria
1936 1179 2036 1224 est.

464 1255 627 1326 730
670 1256 827 1313 Nulla
884 1274 942 1315 re
988 1273 1153 1329 porro
1220 1260 1480 1330 indigetis
1507 1261 1638 1325 alia,
1674 1269 2037 1330 praeterquam

462 1348 577 1402 sola
606 1349 903 1418 patientia:
942 1362 1141 1408 caetera
1189 1351 1404 1408 habetis
1436 1353 1645 1419 omnia,
1678 1368 1858 1424 neque
1898 1367 2039 1422 Opus

461 1447 545 1495 est
581 1441 877 1512 quidquam
915 1443 1134 1500 addere.

537 1530 607 1585 Ut
637 1534 965 1590 voluntatem
994 1537 1093 1593 Dei
1119 1538 1396 1608 facientes,
1425 1541 1704 1609 reportetis
1726 1541 2040 1610 promissio-

463 1641 602 1680 nem.
640 1625 903 1684 Voluntas
959 1629 1051 1684 Dei
1097 1640 1205 1694 est,
1241 1640 1299 1685 ut
1329 1632 1397 1686 ad
1441 1631 1600 1687 ﬁnem
1637 1648 1814 1701 usque
1868 1633 2040 1687 susti-

460 1731 712 1772 neamus.
754 1718 860 1784 Qui
905 1720 1066 1785 enim,
1112 1721 1313 1791 inquit,
1352 1723 1759 1792 perseveraverit
1803 1722 2039 1793 adusque

461 1808 641 1875 ﬁnem,
668 1809 753 1864 hic
782 1810 960 1865 salvus
980 1813 1081 1866 erit
1111 1812 1176 1867 ⁸⁸.
1208 1813 1313 1868 ista
1341 1822 1524 1868 autem
1546 1814 1872 1869 adhortatur
1894 1817 2035 1884 Apo-

461 1902 653 1966 stolus,
707 1903 933 1972 perinde
962 1918 1027 1959 ac
1063 1905 1109 1958 si
1146 1906 1271 1976 quis
1323 1920 1562 1962 cernens
1609 1907 1899 1971 athletam,
1941 1908 2035 1976 qui

2144 714 2267 783 μεθ’
2296 714 2575 784 ὑπομονῆς
2604 714 2920 783 ἐνεγκόντες
2949 711 3038 766 διὰ
3068 711 3224 778 Θεὸν,
3262 708 3502 782 μεγάλην
3531 710 3707 781 ἔχουσι

2140 805 2482 877 παρρησίαν.

2215 899 2384 962 Ἤτις
2404 897 2527 966 ἔχει
2548 895 3041 964 μισθαποδοσίαν
3064 892 3359 964 μεγάλην.
3396 891 3584 960 Ὑμεῖς
3606 892 3709 960 γὰρ

2145 987 2437 1055 μάρτυρες,
2480 984 2529 1038 οἳ
2562 985 2839 1053 ὲπέγνωτε
2887 983 3175 1054 κρείττονα
3205 981 3349 1052 ἔχειν
3394 979 3625 1050 ὕπαρξιν
3657 984 3709 1032 ὲν

2141 1076 2200 1127 οὑ
2211 1077 2413 1145 ρανοῖς.

2220 1166 2551 1236 Ὑπομονῆς
2579 1165 2689 1235 γὰρ
2731 1166 2901 1236 ἔχετε
2941 1165 3172 1235 χρείαν.
3222 1162 3416 1216 Ἀλλου
3468 1162 3610 1226 τινὸς
3653 1162 3711 1216 οὑ

2139 1260 2221 1313 δεῖ
2252 1260 2401 1328 ὑμῖν,
2427 1258 2543 1312 ἀλλ’
2573 1258 2858 1328 ὑπομονῆς
2898 1259 3067 1329 μόνης
3085 1272 3099 1287 ⁸
3135 1257 3316 1310 πάντα
3344 1254 3512 1310 τᾶλλα
3542 1254 3713 1325 ἔχετε,

2139 1351 2290 1407 οὐδὲν
2318 1351 2399 1406 δεῖ
2425 1351 2764 1423 προσθεῖναι.

2211 1537 2337 1592 Ἵνα
2361 1535 2427 1590 τὸ
2455 1534 2685 1603 θέλημα
2710 1533 2816 1587 τοῦ
2849 1530 2999 1586 Θεοῦ
3032 1531 3424 1598 ποιήσαντες,
3466 1529 3714 1599 κομίση-

2138 1629 2250 1681 σθε
2277 1626 2394 1693 τὴν
2424 1623 2809 1694 ἐπαγγελίαν.
2837 1622 3066 1692 Θέλημα
3095 1620 3257 1682 Θεοῦ,
3289 1620 3351 1673 τὸ
3382 1620 3511 1689 ἄχρι
3535 1620 3715 1681 τέλους

2139 1718 2450 1787 ὑπομεῖναι.
2494 1717 2557 1769 '0
2592 1715 2926 1783 ὑπομείνας
2952 1702 3099 1782 ’τὰρ,
3152 1712 3339 1781 φησὶν,
3384 1712 3473 1778 είς
3523 1710 3714 1776 τέλος,

2138 1804 2318 1874 οὗτος
2363 1804 2721 1873 σωθήσεται.
2778 1805 3045 1874 Παραινεῖ
3092 1802 3151 1856 δὲ
3215 1801 3393 1855 ταῦτα
3435 1800 3643 1863 τούτοις
3688 1801 3716 1853 δ

2152 1899 2499 1962 Ἀπόστολος,
2529 1897 2719 1967 ὥσπερ
2758 1895 2827 1951 ἂν
2853 1895 2906 1947 εἴ
2927 1911 3011 1959 τις
3037 1893 3181 1966 ὀρῶν
3221 1892 3467 1963 ἀθλητὴν
3514 1891 3717 1953 πάντας

459 2008 652 2049 omnes
695 1994 1043 2052 adversarios
1076 1995 1456 2064 debellaverit,
1486 2012 1551 2053 ac
1599 2000 1865 2055 certando
1887 1999 2035 2054 vice—

2146 1993 2244 2062 μὲν
2290 1988 2808 2058 καταγωνισάμενον
2855 1987 2983 2049 τοὺς
3022 1983 3456 2053 ἀνταγωνιστὰς,
3493 1978 3611 2034 εἶτα
3645 1982 3717 2051 μὴ

457 2084 551 2147 rit,
585 2081 783 2140 deinde
818 2101 986 2142 morte
1020 2088 1420 2158 impatientem,
1451 2105 1578 2145 cum
1609 2091 1791 2145 videat
1823 2105 1921 2146 eos
1942 2091 2033 2161 qui

456 2171 700 2228 victoriae
745 2186 978 2231 coronas
1033 2175 1363 2247 largiuntur,
1423 2187 1640 2249 tempus
1691 2179 2032 2250 protrahere,

458 2264 711 2322 meditari
749 2265 954 2337 fugam,
990 2282 1059 2323 eo
1087 2268 1233 2339 quod
1288 2271 1500 2325 diutius
1542 2270 1693 2327 sitim
1739 2285 1804 2325 ac
1841 2279 2035 2325 testam

460 2356 607 2412 ferre
663 2356 818 2421 nolit,
882 2372 1009 2414 eum
1060 2359 1146 2415 his
1212 2363 1399 2418 verbis
1440 2363 1796 2433 alloquatur:
1837 2361 2034 2418 Omnia

459 2447 713 2512 gnaviter
754 2448 1098 2520 transegtsti,
1126 2459 1354 2521 expecta
1393 2452 1696 2522 paulisper,
1734 2467 1797 2507 ac
1827 2452 2036 2508 referes

459 2549 715 2594 coronas.
740 2537 904 2596 Certa
947 2540 1113 2596 etiam
1152 2542 1418 2597 adversus
1472 2541 1644 2612 ipsam
1701 2558 2033 2599 coronarum

460 2629 800 2695 dilationem,
826 2633 967 2687 hanc
995 2647 1214 2702 quoque
1236 2633 1499 2703 patientia
1528 2636 1708 2688 vince.

532 2721 698 2780 Vens.
731 2724 822 2780 '57.
851 2724 1039 2780 Adhuc
1071 2727 1211 2781 enim
1232 2726 1496 2780 modicum
1519 2725 2034 2797 aliquantulumque,

458 2824 510 2871 et
542 2817 632 2887 qui
658 2826 906 2873 uenturus
937 2826 1018 2872 est
1050 2818 1238 2883 veniet,
1264 2825 1316 2872 et
1340 2834 1444 2872 non
1484 2819 1741 2873 tardabit.
1775 2818 2038 2874 Producit

460 2907 783 2977 prophetam
806 2908 1066 2965 Habacuc
1086 2909 1358 2966 dicentem
1376 2908 1522 2979 quod
1555 2925 1723 2980 prope
1749 2910 1822 2964 sit
1841 2909 2033 2977 judex,

457 2997 559 3067 qui
590 2998 906 3055 redditurus
925 3007 1009 3055 est
1032 2999 1362 3055 mercedem.
1384 2998 1540 3065 Quod
1552 3000 1597 3055 si
1630 2998 1886 3054 llahacuc
1907 3008 2036 3055 tunc

460 3089 708 3145 dicebat:
731 3088 1007 3145 Modicum
1030 3090 1444 3161 aliquantulum,
1469 3100 1519 3145 et
1564 3091 1657 3159 qui
1682 3101 1933 3145 venturus
1957 3101 2037 3145 est

459 3181 667 3235 veniet:
714 3182 1070 3237 manifestum
1125 3190 1210 3239 est
1255 3183 1402 3252 quod
1450 3198 1601 3239 nunc
1641 3190 1728 3239 est
1775 3182 2032 3239 vicinior.

460 3271 620 3341 Quod
648 3288 778 3328 vero
801 3273 878 3328 ait
909 3273 1035 3327 ὅσον
1062 3274 1208 3338 ὅσον,
1237 3274 1397 3330 valde
1429 3288 1621 3344 parum
1649 3273 1945 3342 signiﬁcat.

536 3362 701 3420 Vens.
733 3363 823 3420 58.
849 3364 1042 3419 Justus
1067 3375 1245 3420 autem
1271 3381 1337 3420 ea:
1363 3365 1467 3436 ﬁde
1485 3365 1635 3420 vivet.
1672 3367 1826 3430 Quod
1842 3367 1891 3420 si
1910 3367 2037 3422 sub-

460 3456 690 3512 traxerit
729 3472 876 3521 sese,
916 3473 1022 3511 non
1071 3456 1366 3511 oblectatur
1414 3473 1597 3511 amma
1636 3474 1752 3511 mea
1804 3458 1859 3512 in
1899 3460 2033 3528 ipso.

460 3550 687 3618 Oportet
719 3546 887 3618 igitur
922 3563 1026 3603 nos
1077 3548 1322 3611 credere,
1357 3547 1405 3603 si
1444 3546 1583 3614 justi
1628 3546 1794 3602 futuri
1837 3550 2035 3605 simus.

364 3640 367 3643 ’
461 3640 560 3695 Sin
589 3647 772 3696 autem
820 3640 1160 3697 subtraxerit
1188 3655 1246 3697 se
1278 3639 1489 3710 justus,
1524 3641 1576 3695 id
1609 3647 1715 3705 est,
1765 3642 2039 3712 ambigui-

459 3741 624 3789 tatem
648 3732 940 3804 quamdam
966 3734 1207 3805 patialur
1229 3735 1311 3790 vel
1339 3734 1737 3790 haesitationem
1761 3750 1777 3799 ;
1806 3735 1892 3789 vel
1908 3735 2036 3789 sub-

460 3829 708 3893 traxerit,
727 3827 780 3882 id
815 3837 900 3883 est
926 3826 1715 3890 tentationibnssuccubuerit,
1742 3841 1852 3882 non
1874 3827 2038 3883 habet

457 3919 880 3974 oblectationem
909 3918 964 3974 in
995 3933 1063 3976 eo
1094 3918 1276 3974 anima
1307 3932 1451 3974 mea.
1481 3916 1653 3987 Cujus
1680 3925 1859 3972 autem
1895 3918 2020 3972 ani-

456 4027 546 4065 ma
591 4010 751 4065 mea?
779 4009 894 4076 Dei,
943 4011 1097 4080 juxta
1137 4009 1357 4064 modum
1420 4008 1679 4078 loquendi
1737 4008 2038 4080 Scriptum

458 4102 719 4155 usitatum
745 4120 760 4156 :
794 4109 855 4155 ut
885 4100 939 4155 in
973 4115 1062 4163 eo,
1082 4098 1273 4155 Ferias
1303 4107 1513 4156 vestras
1540 4101 1657 4156 odit
1683 4100 1863 4155 anima
1893 4114 2037 4157 mea.

459 4192 557 4247 Vel
587 4191 809 4248 Christi.

533 4283 648 4338 Nos
678 4294 854 4338 autem
882 4300 983 4339 non
1029 4300 1211 4340 sumus
1259 4284 1641 4341 subtractionis
1682 4287 1738 4339 in
1774 4284 2037 4352 perditio-

458 4391 596 4438 nem,
634 4375 729 4430 τεά
780 4376 908 4444 ﬁdei
948 4377 1003 4430 in
1046 4377 1448 4447 acquisitionem
1478 4377 1691 4431 animte.
1734 4374 1877 4443 Quia
1911 4391 2036 4445 per-

458 4465 813 4521 terrefecerat
838 4480 934 4522 eos
963 4480 1087 4521 cum
1119 4467 1362 4523 diceret:
1386 4467 1579 4521 Anima
1603 4482 1718 4521 mea
1749 4482 1851 4522 non
1880 4466 2035 4522 habet

457 4556 861 4612 oblectationem
885 4558 1327 4625 inipso:asserit
1356 4558 1469 4625 jam
1504 4570 1607 4613 nos
1642 4573 1752 4612 non
1798 4570 1923 4613 esse
1965 4574 2035 4614 ex

455 4659 647 4698 eorum
673 4657 912 4699 numero
954 4643 1048 4713 qui
1086 4651 1316 4712 pereant
1352 4651 1576 4713 propter
1603 4644 2032 4700 subtractionem
2064 4675 2115 4735 Β

456 4744 552 4789 aut
584 4743 806 4804 propter
835 4733 1081 4789 acediam
1109 4734 1195 4789 vel
1245 4734 1662 4799 haesitationem,
1695 4736 1790 4792 sed
1841 4750 2032 4792 eorum

453 4823 548 4895 qui
580 4823 635 4878 in
664 4824 769 4880 [ide
790 4823 1014 4880 stabiles
1057 4824 1381 4895 persistunt,
1438 4833 1497 4891 ut
1546 4827 1836 4896 acquirant
1902 4842 2035 4883 suas

453 4915 702 4985 ipsorum
720 4914 954 4978 animas,
978 4914 1084 4971 hoc
1105 4924 1193 4973 est
1228 4916 1571 4986 possideant,
1615 4917 1949 4986 custodiant,
1979 4926 2037 4974 et

453 5016 696 5065 servent.
732 5005 1040 5077 Aequisitio
1059 5008 1203 5061 enim
1237 5016 1322 5064 est
1352 5009 1650 5078 possessio,
1683 5009 1983 5079 peculium.

1057 5095 1288 5151 CAPUT
1334 5096 1428 5152 XI.

528 5183 625 5239 Est
661 5195 838 5240 autem
877 5184 1008 5254 ﬁdes
1063 5189 1453 5255 sperandaram
1494 5190 1799 5244 substantia
1831 5204 2030 5244 rerum.

454 5275 728 5331 Describit
781 5275 942 5333 nobis
1004 5279 1237 5347 posthac
1281 5278 1464 5346 tidem,
1519 5280 1805 5350 inquiens:
1869 5278 2033 5333 Fides

456 5373 541 5419 est
567 5368 809 5422 essentia
840 5384 1030 5423 eorum
1064 5384 1188 5438 qua:
1217 5370 1463 5427 nandum
1515 5381 1664 5437 sunt,
1722 5370 2033 5426 substantia

454 5471 644 5510 eorum
672 5473 792 5528 qua:
818 5475 929 5515 non
970 5460 1317 5516 subsistunt:
1344 5461 1580 5531 exempli
1607 5461 1807 5532 gratia,
1840 5477 2026 5516 resur-

454 5548 626 5603 rectio
673 5551 913 5605 nondum
978 5553 1251 5618 subsistit,
1300 5554 1395 5609 sed
1446 5551 1583 5610 ﬁdes
1631 5555 1826 5610 statuit
1882 5569 2024 5621 eam,

453 5647 619 5710 atque
654 5640 724 5696 ob
748 5643 940 5697 oculos
965 5644 1123 5700 nobis
1147 5646 1318 5715 ponit.

517 5752 567 5785 ἰι
599 5753 791 5810 Matth.
820 5772 875 5824 ι,
905 5756 998 5812 22.

2112 4960 2123 4969 κ
2140 4922 2288 4985 σθαι,
2348 4921 2584 4992 φυλάξαι
2609 4960 2625 4987 ,

2145 2082 2374 2150 μένοντα
2444 2082 2571 2144 τοὺς
2638 2078 3091 2147 στεφανώσαντας
3153 2077 3549 2148 βραδύνοντας,
3589 2073 3719 2127 ἀλλὰ

2144 2172 2469 2243 βουλόμενον
2502 2171 2804 2242 ἀποδράναι
2836 2170 2927 2224 διὰ
2950 2171 3014 2223 τδ
3045 2170 3245 2239 μηκέτι
3280 2168 3474 2239 φέρειν
3492 2166 3553 2218 τδ
3573 2163 3718 2234 δίψος

2142 2265 2239 2320 καὶ
2272 2264 2363 2319 τὸν
2388 2263 2652 2334 φλογμὸν,
2687 2262 2829 2331 λέγει
2877 2262 3014 2334 πρὸς
3047 2261 3243 2331 αὐτόν’
3275 2260 3467 2313 Πάντα
3504 2256 3720 2327 κατὼρε

2143 2355 2348 2421 θωσας,
2388 2355 2585 2426 μικρὸν
2613 2353 2905 2425 ἀνάμεινον
2954 2353 3052 2408 καὶ
3092 2351 3297 2423 κομίσῃ
3345 2352 3474 2415 τοὺς
3527 2347 3721 2416 necpri-

2143 2464 2289 2509 νους.
2330 2443 2723 2515 Ἀνταγώνισαι
2746 2444 2844 2497 καὶ
2868 2444 3006 2516 πρὸς
3033 2443 3135 2514 τὴν
3176 2441 3447 2512 ἀναὸολὴν
3475 2441 3582 2494 τῶν
3607 2453 3723 2491 στε-

2148 2540 2357 2609 φάνων,
2388 2538 2613 2609 νίκησον
2645 2536 2739 2591 καὶ
2771 2537 2978 2606 ταύτην
3004 2537 3071 2606 τῇ
3100 2535 3375 2604 ὑπομονῇ.

2217 2724 2346 2779 Ἔτι
2388 2724 2500 2794 γὰρ
2527 2720 2745 2791 μικρὸν
2777 2719 2931 2773 ὅσον
2960 2719 3112 2773 ὅσον
3140 2720 3174 2772 ὁ
3206 2717 3539 2786 ἐρχόμενος
3571 2713 3721 2782 ἣξει,

2143 2817 2244 2872 καὶ
2272 2818 2343 2870 οὐ
2388 2814 2635 2884 χρονιεῖ.
2682 2812 2930 2883 Παράγει
2977 2810 3069 2865 τὸν
3115 2810 3409 2880 προφήτην
3451 2807 3725 2875 Ἀϐακοὺμ

2143 2910 2391 2974 λέγοντα,
2430 2907 2512 2960 ὅτι
2541 2906 2705 2974 ἐγγὺς
2733 2905 2761 2958 ὁ
2787 2902 2981 2975 κριτὴς
3018 2903 3046 2956 ὀ
3074 2902 3291 2973 μέλλων
3313 2900 3636 2955 ἀποδοῦναι.
3662 2898 3724 2951 Εἰ

2142 3002 2200 3055 δὲ
2231 3000 2326 3055 καὶ
2358 3001 2387 3052 ὁ
2425 2997 2708 3068 Ἀδακοὺμ
2732 2997 2854 3049 τότε
2883 2994 3058 3064 ἔλεγε,
3076 2994 3297 3063 μικρὸν
3319 2993 3479 3047 ὅσον
3508 2991 3658 3046 ὅσον
3693 2991 3725 3042 ὁ

2143 3093 2468 3163 ἐρχόμενος
2498 3089 2653 3158 ἥξει,
2687 3088 2847 3158 δῆλον
2884 3088 2965 3155 ὅτι
3011 3086 3106 3141 νῦν
3145 3085 3447 3158 ὲγγύτερός
3480 3087 3616 3138 ἐστι.
3655 3083 3726 3135 Τὸ

2142 3184 2198 3237 δὲ
2229 3185 2352 3237 ὅσον
2378 3184 2525 3239 ὅσον.
2550 3182 2611 3235 τὸ
2641 3180 2781 3235 πάνυ
2815 3180 3011 3252 μικρὸν
3038 3181 3210 3252 δηλοῖ.

2223 3368 2285 3421 '0
2323 3366 2392 3420 δὲ
2432 3366 2667 3433 δίκαιος
2708 3365 2778 3419 ἐκ
2820 3365 3082 3432 πίστεως
3132 3362 3410 3433 ζήσεται·
3471 3362 3571 3418 καί
3623 3362 3730 3417 ἐὰν

2141 3460 2596 3526 ὑποστείληται,
2625 3461 2737 3514 οὐκ
2767 3459 3010 3514 εὐδοκεῖ
3030 3460 3068 3528 ἠ
3099 3457 3270 3529 ψυχή
3300 3475 3428 3527 μου
3455 3458 3524 3511 ἐν
3546 3453 3726 3518 αὐτῷ.

2140 3556 2232 3607 Δεῖ
2256 3549 2349 3607 οὖν
2372 3553 2671 3612 πιστεύειν.
2704 3552 2819 3619 εἴγε
2852 3551 3141 3623 μέλλοιμεν
3170 3550 3375 3604 δίκαιοι
3405 3547 3565 3605 εἶναι.
3606 3548 3727 3601 Ἐὰν

2139 3645 2195 3697 δὲ
2255 3642 2643 3712 ὑποστείληται
2685 3644 2713 3696 ὁ
2759 3642 2989 3706 δίκαιος,
3040 3640 3344 3708 τουτέστιν,
3396 3637 3726 3709 ἀμφιϐολίαν

2140 3731 2263 3786 τινὰ
2289 3730 2441 3802 πάθῃ
2472 3730 2567 3784 καὶ
2588 3729 2886 3800 δισταγμὸν
2908 3744 2923 3759 °
2946 3730 2980 3801 ἢ
3012 3730 3095 3794 τὸ,
3118 3732 3593 3798 ὑποστείληται,
3612 3726 3732 3780 ἀντὶ

2140 3823 2257 3889 τοῦ,
2313 3820 2730 3891 ὑποταπεινωθῇ
2769 3824 2885 3884 τοῖς
2927 3803 3283 3893 πειρασμοῖς,
3333 3822 3441 3874 οὐκ
3492 3819 3725 3885 εὐδοκεῖ,

2138 3913 2440 3980 τουτέστιν,
2467 3913 2566 3966 οὑκ
2592 3913 2880 3984 εὑαρεστεῖ
2904 3914 2938 3983 ἡ
2966 3913 3112 3984 ψυχή
3145 3930 3245 3983 μου
3280 3915 3339 3967 ἐν
3368 3913 3545 3983 αὑτῷ.
3574 3912 3729 3974 Τίνος

2138 4006 2198 4059 δὲ
2229 4005 2413 4077 ψυχή;
2447 4004 2543 4058 τοῦ
2575 4004 2735 4071 Θεοῦ,
2767 4005 2912 4059 κατὰ
2951 4008 3012 4058 τὸ
3060 4007 3259 4076 ἰδίωμα
3311 4008 3420 4075 τῆς
3466 4006 3688 4077 Γραφῇ
3711 4016 3730 4036 ⁸

2140 4097 2217 4160 ὡς
2242 4098 2337 4164 τὸ,
2369 4095 2481 4161 Τὰς
2515 4097 2708 4168 ἑορτὰς
2742 4096 2896 4168 ὑμῶν
2927 4099 3080 4165 μισεί
3107 4098 3142 4168 ἡ
3174 4097 3320 4169 ψυχὴ
3362 4116 3495 4168 μου.
3530 4099 3598 4151 ἺΙ
3638 4094 3730 4148 τοῦ

2141 4190 2404 4261 Χριστοῦ.

2225 4278 2424 4348 Ἡμεῖς
2448 4279 2492 4310 ⁸³
2525 4277 2594 4331 δὲ
2623 4280 2735 4332 οὑκ
2764 4277 2955 4348 ἐσμὲν
2973 4278 3021 4317 δ*
3063 4278 3426 4347 ὑποστολῆς
3457 4280 3548 4344 είς
3571 4275 3733 4332 ἀπώ-

2139 4373 2334 4435 λειαν,
2386 4368 2551 4424 ἀλλὰ
2602 4369 2866 4437 πίστεως
2915 4372 3004 4436 είς
3052 4371 3447 4437 περιποίησιν
3496 4368 3730 4439 ψυχῆς.

2152 4461 2372 4531 Ἐπειδὴ
2404 4461 2675 4531 ὲφόσησεν
2705 4462 2762 4514 ὲν
2790 4459 2867 4530 τῷ
2915 4462 3124 4514 εἰπεῖν⁹
3177 4461 3299 4513 ’Ότι
3333 4461 3455 4515 οὑκ
3495 4457 3741 4514 εὐδοκεῖ

2138 4556 2179 4625 ἡ
2208 4553 2380 4625 ψυχή
2414 4570 2536 4624 μου
2558 4570 2572 4584 ·
2611 4554 2777 4623 φησὶν
2804 4554 2888 4607 ὃτι
2912 4554 3073 4622 ἡμεῖς
3100 4552 3201 4605 οὑκ
3229 4551 3400 4621 ἐσμὲν
3427 4551 3540 4605 τῶν
3566 4551 3735 4605 ἀπολ-

2142 4649 2390 4719 λυμένων
2440 4646 2530 4702 διὰ
2556 4645 2617 4699 τὸ
2649 4644 3073 4700 ὑποστέλλεσθαι
3116 4646 3211 4699 καὶ
3239 4645 3535 4717 ἁπορῤᾳΘυ
3546 4647 3670 4715 μεῖν
3698 4643 3730 4711 ἦ

2139 4738 2434 4804 διστάζειν,
2491 4738 2630 4793 ἀλλὰ
2660 4738 2770 4792 τῶν
2823 4739 2881 4791 ὲν
2926 4740 2994 4809 τῇ
3043 4738 3225 4790 πίστει
3271 4735 3537 4807 βεϐαίων,
3591 4735 3732 4788 ὥστε

2140 4832 2494 4903 περιποιῆσαι
2548 4829 2649 4893 τὰς
2697 4826 2906 4882 ἑαυτῶν
2955 4827 3156 4898 ψυχὰς,
3205 4827 3458 4879 τουτέστι
3526 4826 3733 4897 κτήσει-

2706 4922 2802 4975 καὶ
2859 4920 3053 4974 σῶσαι.
3119 4918 3482 4990 Περιποίησις
3531 4917 3643 4988 γὰρ
3696 4917 3730 4985 ἠ

2140 5015 2499 5087 πρόσκτησις,
2530 5017 2560 5068 ὁ
2598 5012 3036 5085 προσπορισμός.

2725 5103 2977 5155 ΚΕΦΑΛ.
3015 5097 3122 5156 IA'.

2206 5195 2383 5248 Ἔστι
2411 5192 2480 5246 δὲ
2508 5193 2715 5258 πίστις
2743 5189 3147 5259 ἐλπιζομένων
3177 5191 3550 5256 ὑπόστασις.
3599 5189 3729 5244 Act--

2132 5284 2234 5338 πὸν
2282 5285 2663 5356 ὑπογράφεται
2715 5284 2845 5354 ἡμῖν
2892 5281 2991 5353 τὴν
3037 5281 3244 5347 πίστιν,
3297 5283 3393 5332 καί
3430 5297 3603 5352 φησιν
3646 5280 3729 5331 ὅτι

2133 5375 2389 5441 οὑσέωσίς
2440 5379 2556 5430 ἐστι
2585 5375 2694 5428 τῶν
2743 5375 2913 5444 μήπω
2944 5374 3116 5428 ὄντων
3150 5374 3244 5426 καὶ
3276 5371 3586 5436 ὑπόστασις
3614 5369 3727 5424 τῶν

2137 5462 2214 5534 μὴ
2244 5460 2568 5531 ὑφεστώτων
2588 5478 2605 5492 °
2638 5456 2751 5515 οἷον
2795 5463 2829 5532 ἡ
2871 5462 3166 5524 ἀνάστασις
3194 5458 3350 5514 οὑπω
3381 5459 3741 5528 ὑφέστηκεν,ο

2133 5555 2250 5608 ἀλλ’
2299 5556 2331 5624 ἡ
2372 5555 2558 5618 πίστις
2620 5554 2822 5626 ὑφιστᾷ
2868 5554 3059 5625 αὐτὴν,
3111 5552 3207 5607 καὶ
3264 5551 3370 5623 πρὸ
3422 5548 3729 5621 ὀφθαλμῶν

2139 5646 2272 5716 ἡμῖν
2305 5645 2507 5717 τίθησι.

1827 5831 2031 5896 Varia:
2053 5831 2387 5896 lectiones.

527 5925 571 5958 ⁸³
603 5930 793 5997 Ὑμεῖς
827 5943 877 5982 ο.
957 5928 1004 5961 ⁸⁵
1030 5929 1155 5983 ἐστέ
1188 5946 1241 5984 ο.
