4080 6454
388 514 489 580 ιιι

1151 520 1559 585 EXPOSITIO
1596 525 1678 586 IN
1710 524 1948 586 EPIST.
1983 527 2083 586 AD
2111 526 2502 587 HEBR/EOS-
2530 552 2599 563 -
2634 527 2792 590 CAP.
2822 530 2929 589 XI.

3570 529 3677 595 342

459 623 832 696 [manuith
860 625 1111 698 ἔλεγχος
1148 630 1224 684 οὐ
1247 630 1667 701 βλεπομένων.
1702 632 1986 704 Ἔλεγχος,

2166 635 2547 705 Argumentum
2611 652 2716 691 uou
2791 638 3181 707 apparentiunt.
3251 638 3671 710 Argumentum,

384 718 675 783 τουτέστι,
724 716 893 785 δεῖξις
916 759 934 785 ,
1003 718 1315 790 φανέρωσις
1366 722 1582 793 ἀδήλων
1615 722 1984 794 πραγμάτων.

391 812 549 863 [ποιεῖ
563 808 678 881 γὰρ
699 809 878 864 ταῦτα
908 808 1207 880 βλέπεσθαι
1232 811 1311 883 τῷ
1335 811 1412 884 νῷ
1432 816 1467 883 ἡ
1476 812 1591 884 μῶν
1617 813 1693 877 ὡς
1715 812 1981 884 παρόντα.

388 905 451 957 El
484 903 673 958 τοίνυν
717 905 950 959 τοιαῦτα
979 904 1208 960 δύναται
1240 906 1274 976 ἡ
1320 905 1524 973 πίστις,
1575 908 1628 960 τί
1665 908 1823 977 ὑμεῖς
1858 906 1984 979 βού-

386 996 553 1050 λεσθε
600 996 747 1051 αὐτὰ
794 998 1123 1068 πρακτικῶς
1145 996 1192 1031 ⁸³
1247 997 1400 1064 ἰδεῖν,
1435 998 1525 1055 ἵνα
1561 998 1835 1070 ἐκπέσητε
1884 1000 1986 1071 τῆς

392 1090 671 1156 πίστεω;;
725 1089 904 1144 Τοῦτο
943 1090 1001 1144 δὲ
1054 1089 1209 1144 οὐδὲν
1256 1088 1388 1144 ἄλλο
1435 1090 1676 1162 ἐστὶν,ἢ
1727 1092 1986 1145 ἐκπεσεῖν

392 1182 503 1236 ἀπὸ
556 1182 657 1236 τοῦ
700 1182 905 1236 δίκαιοι
951 1178 1114 1239 εἶναι.
1155 1182 1216 1237 'O
1258 1182 1367 1255 γὰρ
1403 1182 1612 1248 δίκαιος
1651 1185 1719 1238 ἐκ
1748 1183 1986 1250 πίστεως

398 1274 654 1343 ζήσεται.

466 1367 560 1419 Ἐν
591 1364 757 1436 αὐτῇ
785 1366 898 1437 γὰρ
919 1366 1426 1437 ἐμαρτυρήθησαν
1461 1372 1518 1423 oi
1568 1369 1982 1438 πρεσϐύτεροι.

395 1456 715 1522 τουτέστιν,
733 1458 795 1510 ἐν
820 1457 959 1527 αὐτῇ
988 1460 1056 1529 τῇ
1099 1458 1284 1511 πίστει
1332 1457 1805 1529 ἐμαρτυρήθησαν
1833 1457 1987 1527 παρὰ

388 1548 489 1602 τοῦ
533 1548 679 1603 Θεοῦ
746 1550 800 1603 οι
850 1548 1072 1603 παλαιοὶ
1118 1549 1324 1614 πάντες
1341 1565 1355 1580 ·
1385 1549 1851 1623 ιὼμολογήθησαν
1902 1552 1987 1605 ὅτι

389 1640 522 1709 ἑθερ
530 1641 777 1695 imum
805 1641 993 1696 αὐτόν.

461 1734 681 1787 Πίστει
715 1734 979 1804 νοοῦμεν
1026 1737 1418 1805 κατηρτίσθαι
1452 1736 1595 1803 τοὺς
1616 1736 1841 1805 αἰῶνας
1860 1738 1988 1807 ρή-

384 1842 534 1895 ματι
566 1827 743 1893 Θεοῦ,
770 1830 858 1893 είς
890 1828 957 1883 τὸ
983 1829 1067 1897 μὴ
1089 1830 1159 1883 ἐκ
1196 1828 1582 1899 φαινομένων
1637 1830 1711 1885 τὰ
1754 1829 1986 1895 βλεπό-

386 1936 549 1989 μενα
574 1918 912 1990 γεγονέναι.
948 1921 1170 1992 Ἐπειδὴ
1192 1922 1225 1992 ἡ
1249 1922 1435 1984 πίστις
1460 1921 1807 1977 διαϐάλλεται
1834 1923 1987 1994 παρὰ

2094 724 2253 796 731
2291 725 2393 781 hoc
2414 733 2516 792 est,
2544 724 2942 784 demonstratio
2985 738 3039 783 et
3080 728 3450 786 manifestatio
3486 747 3672 787 rerum

2093 832 2214 888 quze
2245 830 2354 871 non
2373 825 2502 871 sunt
2537 817 2869 887 conspicua.
2902 818 3054 874 Facit
3087 819 3233 875 enim
3261 828 3318 875 ut
3353 820 3463 876 ista
3490 832 3671 877 mente

2093 916 2286 965 nostra
2327 924 2640 974 cernamus,
2688 909 2834 965 haud
2874 925 3036 967 secus
3067 927 3131 966 ac
3163 911 3208 967 si
3246 913 3538 982 praesentia
3586 932 3675 969 es-

2094 1007 2236 1053 sent.
2266 998 2322 1052 Si
2355 999 2524 1069 igitur
2553 1000 2683 1053 talia
2704 1003 2886 1071 petest
2917 1000 3074 1065 ﬁdes,
3103 1003 3232 1072 quid
3271 1020 3366 1059 vos
3398 1018 3458 1057 ea
3486 1014 3672 1060 actua-

2094 1091 2219 1147 liter
2246 1091 2433 1148 videre
2470 1091 2667 1159 velitis,
2699 1100 2759 1148 ut
2784 1093 3053 1151 excidatis
3102 1110 3133 1150 a
3172 1094 3317 1151 ﬁde?
3346 1095 3500 1163 Quod
3542 1113 3676 1153 sane

2092 1184 2232 1240 nihil
2276 1192 2363 1240 est
2413 1184 2562 1240 aliud
2602 1199 2768 1256 quam
2826 1186 3082 1242 excidere
3127 1201 3159 1241 a
3194 1187 3430 1257 iustitia.
3481 1187 3676 1244 Justus

2091 1277 2238 1332 enim
2270 1292 2335 1332 ex
2371 1276 2478 1334 ﬁde
2510 1277 2676 1332 vivet.

2163 1368 2335 1426 Vens.
2369 1369 2425 1424 2.
2463 1369 2526 1425 1η
2557 1371 2675 1440 ipsa
2701 1372 2841 1425 enim
2867 1369 3227 1425 testimonium
3255 1371 3525 1423 consecuti
3548 1378 3673 1422 sunt

2093 1463 2352 1518 seniores.
2384 1461 2502 1519 Hoc
2520 1469 2627 1528 est,
2656 1462 2710 1518 in
2740 1463 2860 1534 ipsa
2894 1461 3000 1518 ﬁde
3023 1462 3399 1518 testimonium
3433 1463 3673 1518 assecuti

2092 1561 2222 1611 sunt
2240 1569 2435 1611 omnes
2476 1563 2690 1610 veteres
2719 1570 2751 1610 a
2784 1554 2918 1621 Deo,
2957 1567 3023 1608 ac
3063 1551 3311 1609 confessi
3350 1561 3481 1608 sunt
3526 1553 3675 1623 quod

2093 1660 2220 1700 eum
2244 1644 2539 1700 coluerint.

2165 1735 2403 1793 Vens.3.
2429 1736 2563 1793 Fide
2590 1738 2937 1810 intelligimus
2958 1748 3144 1809 aptata
3166 1755 3277 1792 esse
3298 1737 3495 1791 stecula
3523 1735 3676 1790 verbo

2092 1826 2214 1893 Dei,
2249 1837 2309 1882 ut
2354 1843 2421 1883 ea:
2467 1829 2826 1886 inuisibilibus
2856 1829 3086 1885 visibilia
3117 1831 3326 1899 ﬁerent.
3355 1827 3497 1895 Quia
3542 1827 3679 1882 ﬁdes

2095 1919 2522 1990 reprehenditur
2553 1937 2619 1976 ac
2652 1921 2721 1977 iis
2747 1921 2843 1993 qui
2881 1921 3179 1992 potentiam
3217 1921 3336 1991 ejus
3367 1936 3477 1976 non
3516 1919 3677 1973 intel—

391 2014 509 2075 τοῖς
553 2012 633 2082 μὴ
659 2010 844 2068 νοοῦσι
874 2013 973 2084 τὴν
1005 2012 1237 2083 δύναμιν
1287 2015 1482 2086 αὐτῆς,
1529 2015 1766 2085 πρᾶγμα
1783 2015 1986 2070 ἀναπό-

2094 2010 2288 2082 Iigunt,
2313 2012 2406 2081 qui
2439 2022 2760 2069 asseverant
2797 2028 2918 2069 eam
2969 2028 3094 2069 esse
3125 2028 3239 2067 rem
3271 2012 3678 2067 indemonstra-

391 2105 612 2158 δεικτον
647 2104 820 2175 αὐτὴν
841 2104 1062 2174 λέγουσι
1081 2146 1096 2169 ,
1124 2105 1221 2159 καὶ
1256 2105 1477 2176 ἀπάτην
1514 2105 1821 2178 πρόδηλοντ,
1881 2104 1988 2160 δεί-

392 2213 615 2263 κνυσιν,
644 2198 728 2251 δτι
755 2196 827 2249 τὰ
861 2196 1106 2268 μίγισταξ
1126 2196 1216 2252 διὰ
1245 2197 1515 2265 πίστεως,
1552 2198 1647 2253 καὶ
1671 2196 1735 2251 οὐ
1762 2195 1853 2251 διὰ
1899 2196 1988 2250 λο-

390 2288 623 2358 γισμῶν
660 2286 1047 2360 κατορθοῦται.
1080 2289 1192 2342 Καὶ
1236 2287 1347 2362 γὰρ
1376 2289 1461 2345 ὃτι
1504 2290 1533 2343 ὁ
1564 2288 1697 2353 Θεὸς
1724 2287 1869 2359 λόγῳ
1918 2287 1990 2342 τὰ

389 2380 530 2436 ὄντα
577 2380 650 2435 ἐκ
702 2380 778 2451 μὴ
820 2380 992 2435 ὄντων
1048 2380 1297 2452 ἐποίησε,
1356 2381 1486 2436 ποία
1543 2380 1822 2448 ἀπόδειξις
1860 2381 1989 2451 ἡμῖν

391 2472 787 2542 παρέστησεν;
815 2472 1067 2543 οὐδεμία,
1092 2473 1229 2529 ἀλλὰ
1258 2474 1442 2538 πίστις
1475 2474 1634 2545 μόνη.
1671 2474 1862 2529 Πίστει
1892 2468 1989 2529 οὖν

390 2564 664 2632 νοοῦμεν
690 2566 1082 2633 κατηρτίσθαι
1113 2565 1256 2632 τοὺς
1280 2563 1520 2631 αἰῶνας,
1541 2564 1808 2631 τουτέστι,
1836 2564 1991 2633 γενέ-

392 2654 525 2708 σθαι
546 2656 758 2726 ῥήματι
780 2655 940 2712 Θεοῦ.
965 2655 1065 2710 Διὰ
1097 2657 1152 2710 τί
1184 2657 1370 2710 πίστει
1396 2673 1412 2722 ;
1446 2656 1583 2710 διότι
1614 2658 1680 2710 ἐκ
1733 2656 1810 2727 μὴ
1869 2672 1990 2724 φαι-

393 2747 651 2818 νομένων
676 2748 745 2802 τά
774 2747 1086 2819 βλεπόμενα
1116 2749 1341 2818 γέγονεν
1363 2764 1382 2784 ο
1411 2748 1441 2802 ὃ
1500 2749 1739 2813 πίστεως
1787 2749 1984 2805 δεῖται.

389 2838 466 2891 Ἣ
522 2837 624 2892 καὶ
700 2836 845 2893 οὕτω
876 2854 892 2873 ο
960 2839 1194 2910 Ῥήματι
1236 2837 1371 2894 Θεοῦ
1434 2840 1712 2913 γενομένῳ
1778 2840 1868 2895 διὰ
1925 2841 1988 2899 τὸ

392 2931 752 3004 προαχθῆναι
788 2932 859 2985 τὰ
909 2933 1040 2987 ὄντα
1062 2933 1127 2987 ἐκ
1151 2933 1228 3004 μὴ
1266 2933 1458 2989 ὅντων.
1489 2933 1705 2995 Αίῶνας
1727 2933 1785 2987 δὲ
1818 2934 1987 2989 ἀκού-

387 3042 491 3088 ων,
534 3024 716 3078 καὶτὰ
738 3026 1181 3097 ἐμπεριεχόμενα
1202 3025 1417 3092 τούτοις
1446 3027 1644 3083 αἰώνια
1661 3028 1709 3061 ’⁵⁸
1739 3028 1871 3093 νόει,
1893 3027 1987 3083 ναὶ

392 3113 511 3185 μὴν
545 3116 644 3167 καὶ
671 3115 900 3185 χρόνους
932 3117 1028 3171 καὶ
1054 3117 1236 3173 πάντα
1277 3118 1349 3172 τὰ
1400 3117 1654 3191 ἐγχρονα,
1700 3138 1986 3194 καταχρη-

388 3205 739 3279 στικώτερον
770 3208 880 3261 τῶν
918 3208 1136 3264 αἰώνων
1161 3209 1257 3263 καὶ
1308 3209 1438 3274 τοὺς
1488 3211 1716 3281 χρόνους
1761 3213 1986 3284 δηλούν-

383 3315 502 3351 των
525 3314 541 3331 ·
572 3300 699 3351 ἐπεὶ
724 3299 755 3350 ὁ
785 3299 990 3370 κυρίως
1015 3300 1175 3370 αίὼν,
1203 3300 1335 3358 ἄλλο
1373 3318 1429 3356 τι
1459 3303 1614 3374 παρὰ
1634 3303 1727 3358 τὸν
1771 3306 1983 3377 χρόνον,

385 3391 490 3444 καὶ
515 3385 626 3457 εἷς,
652 3391 719 3443 οὐ
748 3390 959 3446 πολλοί.

467 3669 679 3724 Πίστει
710 3666 966 3723 πλείονα
993 3667 1219 3723 θυσίαν
1244 3669 1427 3725 Ἅϐελ
1452 3669 1616 3739 παρὰ
1636 3669 1787 3728 Κάῑν
1804 3688 1993 3741 προσ·

396 3759 624 3828 ﬁrme
642 3758 729 3825 τῷ
768 3757 916 3825 Θεῷ.
948 3756 1170 3830 Ἐπειδὴ
1205 3758 1354 3830 μέγα
1394 3760 1428 3831 ἡ
1469 3759 1680 3825 πίστις,
1719 3762 1816 3815 καὶ
1874 3778 1994 3831 γεν-

404 3853 561 3915 ναίας
585 3851 761 3905 δεῖται
777 3848 982 3921 ψυχῆς,
1013 3851 1066 3904 οἱ
1119 3849 1177 3903 δέ
1235 3849 1484 3919 Ἑϐραῖοι
1523 3850 1710 3905 πιστοὶ
1768 3851 1995 3923 ἐξησθέ-

409 3959 602 4012 νησαν,
633 3941 734 3996 καὶ
756 3942 882 3996 κατ’
905 3941 1084 4013 ἀρχὴν
1114 3940 1216 4012 μὲν
1234 3940 1423 3995 πίστιν
1448 3941 1811 4009 ἐνεδείξαντο,
1829 3941 1993 3997 ὔστε-

422 4048 513 4102 ρον
543 4032 602 4086 δὲ
625 4032 730 4086 ἀπὸ
772 4032 876 4103 τῆς
938 4030 1227 4103 συνεχείας
1271 4031 1384 4086 τῶν
1431 4031 1670 4102 θλίψεων
1725 4031 1996 4102 ὠλιγοψύ-

409 4142 565 4195 χουν,
591 4123 938 4195 παρεκάλεσε
965 4122 1068 4194 μὲν
1101 4123 1303 4189 αὐτοὺς
1329 4123 1440 4179 ἀπὸ
1466 4125 1578 4179 τῶν
1617 4123 1995 4196 κατορθωθέν-

402 4218 740 4282 τωναύτοῖς,
777 4216 871 4270 καὶ
899 4216 1010 4271 ἀπὸ
1036 4216 1137 4287 τῆς
1174 4215 1426 4288 Γραφῆς,
1453 4216 1626 4273 εἰπών
1649 4233 1664 4248 ⁸
1699 4217 1825 4271 Ὀτι
1855 4216 1885 4269 ὁ
1915 4216 1995 4271 δί-

400 4328 561 4375 καιος
590 4314 655 4366 ἐκ
687 4311 925 4375 πίστεως
941 4310 1202 4381 ζήσεται·
1262 4311 1361 4365 καὶ
1407 4310 1520 4366 ἀπὸ
1573 4310 1872 4384 λογισμῶν,
1915 4311 1997 4364 εἰ-

398 4400 549 4454 πών·
567 4402 747 4454 Ἐστι
770 4398 839 4453 δὲ
862 4400 1068 4465 πίστις
1086 4397 1485 4470 ἐλπιζομένων
1510 4401 1870 4471 ὑπόστασις
1900 4406 1997 4462 νῦν

397 4494 587 4549 δὲάπὺ
618 4494 728 4548 τῶν
755 4492 1006 4564 μεγάλων
1035 4492 1129 4546 καὶ
1153 4492 1401 4548 παλαιῶν
1425 4495 1653 4565 ἀνδρῶν.
1680 4496 1850 4554 ’ὒταν
1886 4499 1997 4575 γὰρ

398 4586 543 4658 εὕρῃ
599 4585 629 4637 ὁ
660 4583 949 4655 ἄνθρωπος
979 4583 1268 4647 κοινωνοὺς
1291 4582 1503 4649 παθῶν,
1531 4585 1875 4644 ἀναπαύεται
1901 4592 1997 4645 καὶ

396 4677 660 4732 ἀναπνεῖ.
680 4676 928 4745 Παρὰγει
952 4670 1047 4725 οὖν
1074 4671 1168 4725 τὸν
1199 4673 1386 4739 Ἅϐελ,
1409 4674 1503 4728 καί
1529 4692 1696 4748 φησιν
1717 4678 1798 4731 ὅτι
1815 4679 1997 4734 πίστει

2094 2102 2261 2158 bilem
2292 2103 2542 2174 adeoque
2581 2103 2928 2163 manifestam
2971 2106 3339 2175 imposturam
3370 2122 3386 2167 :
3431 2105 3678 2161 ostendit

2094 2193 2240 2262 quod
2269 2193 2503 2248 maxima
2551 2209 2781 2265 quasque
2837 2210 2933 2268 per
2969 2194 3127 2250 ﬁdem
3175 2196 3572 2268 transigantur,
3620 2205 3678 2251 et

2095 2298 2204 2337 non
2235 2298 2335 2352 per
2358 2284 2832 2342 ratiocinationes.
2867 2283 3004 2340 Nam
3036 2286 3180 2356 quod
3211 2285 3356 2341 Deus
3396 2288 3584 2354 verbo,
3610 2302 3679 2343 ea

2092 2391 2214 2447 quae
2244 2382 2395 2443 sunt,
2422 2392 2489 2434 ex
2527 2377 2599 2434 iis
2640 2394 2767 2448 qua:
2795 2393 2904 2434 non
2928 2389 3080 2444 sunt,
3125 2380 3358 2444 creavit,
3405 2396 3528 2450 qua:
3573 2382 3672 2437 de-

2094 2471 2424 2527 monstratio
2456 2471 2621 2529 nobis
2662 2472 2954 2529 exhibuit?
2990 2471 3147 2529 Nulla
3199 2489 3357 2537 sane,
3404 2474 3503 2529 sed
3557 2477 3687 2531 sola.

2095 2558 2252 2616 ﬁdes.
2285 2559 2421 2617 Fide
2457 2562 2625 2633 igitur
2659 2561 3010 2634 intelligimus
3055 2571 3245 2631 aptata
3286 2578 3399 2617 esse
3450 2562 3674 2631 saecula,

2093 2650 2201 2708 hoc
2253 2662 2363 2720 est,
2398 2651 2544 2710 facta
2588 2668 2715 2710 esse
2762 2656 2932 2710 verbo
2974 2653 3098 2732 Dei.
3137 2651 3250 2709 Cur
3300 2654 3445 2710 ﬁde?
3475 2654 3678 2725 quippe

2094 2743 2241 2814 quod
2270 2759 2341 2801 ex
2372 2744 2766 2811 invisibilibus,
2798 2751 2854 2801 et
2883 2760 2948 2801 ex
2986 2746 3056 2800 iis
3105 2761 3232 2816 quae
3265 2761 3375 2801 non
3398 2746 3676 2809 videmur,

2095 2833 2241 2890 facta
2268 2835 2522 2907 sint:quae
2545 2836 2839 2893 videntur:
2874 2838 3021 2909 quod
3056 2838 3160 2893 ﬁde
3182 2854 3325 2909 opus
3359 2838 3543 2894 habet.
3577 2836 3677 2893 Vel

2092 2926 2208 2984 sic:
2244 2927 2426 2985 Verbo
2454 2927 2575 2995 Dei,
2615 2943 2727 3000 quo
2770 2928 2977 2985 factum
3012 2942 3099 2987 εει
3142 2936 3204 2985 ut
3236 2930 3679 3001 producerentur

2093 3031 2160 3073 ex
2202 3016 2270 3074 iis
2317 3032 2440 3086 qua:
2482 3033 2591 3073 non
2645 3026 2796 3083 sunt,
2824 3033 2889 3074 ea
2939 3034 3062 3090 qua!
3109 3026 3256 3075 sunt.
3303 3018 3439 3075 Cum
3490 3026 3675 3075 autem

2095 3107 2273 3173 audis,
2302 3109 2524 3173 stecula,
2562 3124 2628 3165 ea
2667 3107 2835 3165 simul
2867 3110 3111 3182 intellige
3147 3120 3355 3167 aeterna
3389 3127 3509 3183 quae
3556 3110 3679 3169 istis

2091 3201 2469 3269 continentur,
2523 3203 2636 3260 imo
2682 3219 2813 3261 vero
2855 3211 3125 3274 tempora,
3168 3204 3418 3275 adeoque
3473 3213 3672 3260 cuncta

2096 3297 2447 3367 temporaria,
2514 3296 2864 3354 inusitatiore
2916 3297 3179 3369 loquendi
3240 3299 3405 3353 modo
3457 3300 3677 3355 saeculis

2013 3405 2058 3465 ε
2092 3388 2257 3444 etiam
2304 3399 2549 3460 tempora
2590 3389 3050 3462 signiﬁcantibus.
3088 3389 3223 3445 Nam
3265 3391 3486 3463 proprie
3507 3408 3680 3448 saccu-

2094 3479 2206 3534 lum
2237 3479 2389 3535 aliud
2429 3479 2731 3552 quidquam
2774 3495 2942 3551 quam
2986 3487 3205 3550 tempus
3243 3487 3351 3547 est,
3395 3488 3451 3536 et
3481 3496 3679 3549 unum,

2093 3587 2202 3628 non
2233 3571 2433 3627 multa.

2165 3664 2339 3721 Vsus.
2377 3664 2434 3719 ι.
2484 3662 2621 3721 Fide
2655 3665 3010 3734 copiosiorem
3058 3665 3290 3720 hostiam
3346 3664 3481 3720 Abel
3519 3680 3681 3735 quam

2093 3756 2228 3813 Cain
2260 3758 2455 3812 obtulit
2474 3756 2609 3814 Deo.
2628 3756 2770 3823 Quia
2795 3773 2883 3813 res
2911 3772 3109 3828 magna
3144 3768 3231 3815 est
3252 3758 3406 3825 ﬁdes,
3436 3766 3492 3814 et
3519 3774 3677 3829 gene-

2095 3862 2221 3903 rosa
2265 3847 2449 3904 anima
2498 3847 2727 3918 indiget,
2765 3847 2976 3902 Hebraei
3003 3856 3184 3904 autem
3246 3848 3431 3904 ﬁdeles
3472 3849 3682 3904 inﬁrmi

2095 3949 2270 4001 erant.
2312 3954 2378 3995 ac
2420 3940 2659 4010 primum
2710 3939 2934 4009 quidem
2987 3938 3148 3994 ﬁdem
3201 3940 3679 4009 demonstrarunt,

2097 4030 2356 4101 deinceps
2386 4046 2516 4087 vero
2549 4031 2622 4087 ob
2648 4030 3010 4087 afﬁiclionum
3057 4031 3421 4103 frequentiam
3448 4034 3678 4104 pusilla-

2096 4125 2274 4180 nimes
2301 4124 2691 4191 reddebantur,
2718 4124 3169 4182 adhortatus'est
3197 4140 3293 4182 eos
3321 4140 3350 4179 a
3389 4128 3555 4183 rebus
3580 4143 3678 4197 per

2096 4232 2191 4273 eos
2236 4216 2497 4287 praeclare
2545 4216 2738 4287 gestis,
2780 4224 2834 4272 et
2865 4232 2895 4273 a
2927 4217 3237 4295 Scriptura,
3279 4217 3495 4285 dicens,
3531 4220 3679 4290 quod

2093 4310 2277 4380 justus
2310 4326 2378 4366 ex
2404 4310 2510 4367 ﬁde
2541 4311 2614 4368 sit
2661 4310 2946 4368 victurus:
2995 4318 3050 4366 et
3081 4327 3112 4368 a
3137 4311 3676 4379 ratiocinationibus,

2099 4403 2384 4473 inquiens:
2420 4401 2584 4459 Fides
2619 4412 2900 4459 esteorum
2925 4420 3045 4474 qua:
3076 4414 3363 4474 sperantur
3384 4404 3680 4460 subsisten-

2100 4496 2212 4550 tia:
2246 4510 2396 4550 nune
2423 4509 2554 4551 vero
2584 4508 2614 4548 a
2639 4497 2855 4567 magnis
2884 4503 2940 4550 et
2980 4496 3179 4565 priscis
3208 4495 3341 4550 viris
3365 4496 3536 4551 etiam
3585 4512 3679 4551 ar-

2098 4595 2358 4659 gumenta
2389 4588 2615 4660 profert.
2636 4587 2774 4644 Cum
2814 4586 2959 4643 enim
2987 4586 3155 4642 homo
3188 4586 3461 4640 invenerit
3510 4588 3683 4656 parti-

2100 4680 2250 4749 cipes
2279 4680 2696 4743 adversitatum,
2728 4686 3009 4734 recreatur
3034 4692 3099 4734 ac
3127 4677 3389 4748 respirat.
3412 4676 3680 4747 Producit

393 4742 984 4840 προσήνεγκε-θυσίαν
1036 4765 1287 4832 πλείονα,
1328 4742 1602 4835 τουτέστι,
1658 4773 1989 4844 τιμιωτέραν

2100 4742 2264 4842 igitur
2281 4769 2535 4834 Abelum,
2558 4769 2845 4841 inquiens:
2879 4766 3010 4824 Fide
3038 4742 3531 4824 obtulitvictimam
3550 4742 3681 4823 ima-

392 4863 565 4933 παρὰ
587 4862 688 4934 τὴν
715 4861 810 4914 τοῦ
852 4859 1105 4927 ἀδελφοῦ.
1137 4860 1273 4914 Τίνα
1311 4861 1424 4932 γὰρ
1474 4858 1615 4916 εἶδεν
1671 4864 1831 4919 ἄλλον
1885 4867 1989 4940 πρὸ

2092 4863 2292 4934 iorem,
2338 4862 2445 4918 hoc
2486 4869 2572 4919 est
2602 4861 3008 4932 pretiosiorem,
3054 4860 3461 4930 quam-frater.
3503 4860 3677 4927 Quem

394 4952 579 5009 αὑτοῦ
602 4970 618 5019 ;
644 4952 739 5006 τὸν
781 4952 1014 5022 πατέρα,
1043 4953 1076 5024 ἢ
1116 4953 1217 5025 τὴν
1255 4954 1474 5024 μητέρα
1498 4994 1514 5021 ,
1545 4955 1643 5009 καὶ
1676 4956 1786 5026 μὴν
1823 4973 1989 5030 προσ.

2094 4954 2241 5011 enim
2260 4954 2477 5011 videbat
2501 4954 2670 5009 alium
2690 4964 2819 5009 ante
2847 4964 2907 5007 se
2927 4951 2951 5005 ?
2973 4958 3258 5022 patremne
3286 4959 3383 5005 aut
3409 4950 3681 5005 matrem?

396 5049 687 5118 ἔκρουσαν
711 5045 788 5118 τῷ
813 5045 955 5117 Θεῷο
987 5046 1124 5100 ἀλλὰ
1154 5046 1247 5101 τὸν
1270 5046 1540 5116 ἁδελφόν;
1572 5047 1668 5102 καὶ
1697 5040 1855 5112 οὗτος
1877 5050 1989 5120 ἠτί-

2097 5053 2153 5098 at
2187 5044 2264 5099 illi
2296 5045 2639 5115 impegerant
2665 5043 2936 5099 adversus
2963 5040 3160 5097 Deum.
3190 5041 3260 5096 At
3295 5042 3566 5097 fratrem?
3589 5056 3679 5097 ve-

396 5155 579 5212 μασι.
604 5138 790 5192 Πίστει
814 5137 911 5192 οὖν
942 5137 1084 5210 μόνῃ
1112 5136 1376 5209 ὡδηγήθη
1399 5140 1480 5202 είς
1507 5137 1571 5192 τὸ
1598 5141 1989 5212 προσενεγκεῖν

2098 5150 2221 5190 rum
2254 5142 2309 5190 et
2340 5133 2389 5189 is
2423 5133 2591 5190 Deum
2623 5147 2735 5188 non
2762 5132 3029 5189 coluerat.
3061 5131 3192 5189 Fide
3218 5148 3350 5203 ergo
3400 5133 3517 5187 sola
3551 5146 3676 5201 per-

391 5227 488 5287 ὧν
512 5227 628 5301 εἷχε
656 5231 727 5285 τὰ
780 5232 1092 5304 κρείττονα,
1154 5228 1481 5299 πιστεύσας,
1533 5230 1617 5285 ὃτι
1666 5230 1759 5284 τδν
1806 5230 1989 5301 μισθὸι

2103 5225 2309 5282 ductus
2336 5233 2423 5281 est
2453 5233 2513 5281 ut
2549 5222 2774 5280 oﬁ‘erret
2800 5224 2913 5281 Deo
2952 5241 3020 5281 ex
3063 5223 3385 5281 melioribus
3424 5236 3546 5293 qua:
3577 5222 3682 5276 ba-

386 5323 657 5394 λήψεται.
2101 5316 2287 5380 bebat,
2318 5314 2551 5371 credens
2575 5329 2635 5370 se
2665 5315 2970 5371 mercedem
3013 5324 3390 5384 accepturum.

478 5417 563 5469 Δι’
594 5412 671 5485 ἧς
710 5414 1096 5484 ἐμαρτυρήθη
1139 5410 1293 5470 εῖναι
1312 5413 1566 5484 δίκαιος,
1613 5417 1989 5486 μαρτυροῦν·-

2171 5407 2279 5466 Per
2307 5426 2468 5480 quam
2494 5408 2852 5465 testimonium
2887 5418 3199 5463 consecutus
3227 5415 3329 5471 est,
3369 5403 3510 5478 quod
3545 5413 3678 5459 esset

388 5523 510 5571 τος
544 5506 643 5557 ἐπὶ
671 5503 797 5570 τοῖς
826 5503 1041 5571 δώροις
1070 5504 1262 5559 αὑτοῦ
1291 5503 1398 5558 τοῦ
1421 5504 1593 5559 Θεοῦ.
1630 5504 1690 5559 '0
1726 5503 1834 5575 γὰρ
1857 5504 1989 5575 πρὸς

2092 5505 2292 5575 justus,
2320 5503 2681 5559 testimonium
2709 5502 3010 5572 perhibente
3036 5501 3144 5556 Deo
3173 5515 3331 5568 super
3351 5499 3507 5553 donis
3536 5499 3676 5570 ejus.

390 5600 497 5653 τὸν
523 5598 667 5655 Κὰἶν
695 5597 936 5670 εἰρηκὼς
962 5596 1118 5663 Θεὸς,
1153 5598 1270 5652 Οὐκ
1325 5597 1393 5652 ἂν
1436 5597 1613 5667 ὀρθῶς
1661 5598 1760 5670 μὲν
1814 5615 1989 5670 προσ-

392 5691 663 5762 ενέγκῃς,
690 5689 864 5763 ὀρθῶς
880 5689 939 5745 δὲ
963 5688 1042 5761 μὴ
1070 5689 1253 5763 διέλῃς
1271 5706 1286 5722 ο
1313 5689 1665 5763 ἐμαρτύρησε
1694 5691 1770 5763 τῷ
1795 5691 1985 5760 Ἅϐελ,

2095 5596 2234 5653 Cum
2265 5596 2412 5651 enim
2451 5596 2518 5652 ad
2568 5594 2730 5666 732
2764 5594 3000 5649 Cainum
3051 5591 3280 5648 dixisset
3325 5588 3471 5647 Deus
3504 5608 3519 5646 :
3557 5586 3681 5646 Νοιι

2095 5694 2247 5745 recte
2274 5686 2462 5757 ol‘ers,
2492 5702 2592 5745 nec
2618 5696 2768 5744 recte
2808 5685 3045 5743 dividis:
3076 5684 3455 5742 testimonium
3485 5681 3673 5756 periti-

1770 5868 1976 5933 Varize
2012 5867 2352 5932 lectiones.

484 5974 532 6006 “
554 5972 953 6044 πραγματικῶς
978 5991 1035 6028 o.
1116 5974 1162 6004 “
1181 5972 1351 6027 udum
1384 5991 1437 6029 υ.
