4080 6420
483 483 590 550 343

1373 489 1947 550 THEOPIIYLACTl
1990 441 2399 552 BliLGAtiHS
2440 492 2794 551 ARClIIEP.

3629 489 3738 552 344

484 606 603 659 buit
633 602 822 666 Abelo,
858 603 1005 673 quod
1035 611 1090 659 et
1135 615 1282 659 recte
1332 604 1614 664 obtulerit.
1656 613 1928 670 quatenus
1959 601 2025 656 da

2163 605 2244 657 ὅτι
2279 605 2370 658 καὶ
2397 604 2574 673 ὀρθῶς
2606 603 2974 673 προσήνεγκε,
3010 599 3146 652 καθὸ
3175 597 3252 668 τῷ
3291 598 3432 650 δὸν-τι
3467 601 3743 669 προσήγα-

483 697 589 749 tori
624 695 734 751 Deo
773 695 969 751 obtulit
995 711 1115 765 quae
1145 698 1213 752 ab
1258 697 1353 752 illo
1401 699 1648 766 accepit:
1687 715 1751 753 ac
1787 709 1934 752 recte
1974 699 2057 752 di-

481 789 632 853 visit,
669 776 944 859 quaienus
972 789 1198 844 meliora
1231 804 1329 844 ceu
1363 788 1594 844 Domino
1625 806 1726 846 suo
1759 792 2053 861 separavit.

480 879 678 934 Fertur
699 881 862 934 etiam
889 880 1031 950 quod
1063 881 1204 950 ignis
1225 897 1256 935 e
1281 881 1436 936 caelis
1469 882 1810 936 descendens
1839 885 2059 939 absum-

481 973 651 1041 pserit
685 973 1036 1037 sacriﬁcium,
1065 982 1230 1044 atque
1262 974 1388 1027 inde
1421 974 1642 1040 agnovit
1666 974 1801 1028 Cain
1829 975 1928 1028 sibi
1957 991 2056 1028 an-

482 1064 704 1118 telatum
747 1080 868 1120 esse
902 1065 1154 1119 Abelum.
1205 1063 1359 1119 Unde
1410 1067 1555 1119 enim
1595 1067 1730 1120 alias
1775 1067 2056 1122 habuisset

478 1157 862 1227 compertum?
894 1155 1033 1211 [line
1089 1157 1290 1226 aliquis
1339 1172 1529 1212 eorum
1568 1161 1660 1228 qui
1715 1159 1938 1214 Hebraea
2000 1160 2054 1214 in

479 1245 727 1301 Graacam
772 1246 1010 1316 linguam
1053 1247 1480 1310 transtulerunt,
1515 1247 1595 1302 sic
1637 1248 1830 1302 vertit:
1873 1247 2052 1302 Intui—

478 1347 562 1390 tus
583 1347 660 1390 est
696 1338 748 1391 in
780 1337 1020 1390 victimas
1046 1337 1198 1391 Abeli
1227 1337 1500 1400 Dominus,
1529 1346 1578 1392 et
1598 1339 1854 1393 incendit.

548 1427 617 1482 Et
634 1445 726 1496 per
765 1429 912 1482 illam
959 1428 1243 1496 defunctus
1293 1429 1464 1484 adhuc
1509 1430 1763 1501 loquitur.
1801 1432 1915 1486 Hoc
1946 1441 2051 1498 est,

475 1537 574 1591 per
613 1523 785 1592 ipsam
814 1523 976 1576 ﬁdem
1007 1523 1187 1576 adhuc
1219 1523 1483 1592 loquitur,
1517 1522 1570 1576 id
1613 1532 1718 1590 est,
1753 1524 1886 1580 ﬁdes
1923 1525 2052 1580 fecit

476 1630 601 1668 eum
634 1614 796 1670 hodie
825 1616 1031 1682 vivere,
1069 1630 1132 1670 ac
1161 1615 1442 1672 doctorem
1466 1618 1726 1673 omnibus
1764 1621 2049 1681 constitui,

480 1708 791 1778 loquentem
826 1708 1254 1778 propemodum:
1293 1709 1585 1765 lmitamini
1620 1727 1724 1776 me,
1770 1713 2048 1777 mortales,

481 1813 544 1854 ac
579 1798 717 1869 justi
748 1797 871 1853 facti
905 1799 1113 1869 placcte
1147 1797 1413 1854 Creatori.
1443 1799 1710 1870 L0quitur
1741 1801 1924 1868 Igitur,
1947 1801 2051 1855 hoc

475 1903 578 1956 εει,
602 1905 727 1944 cum
764 1890 1122 1962 gloriﬁcatur,
1156 1906 1277 1944 cum
1300 1891 1649 1960 praedicatur,
1682 1906 1804 1945 cum
1837 1907 2045 1946 memo-

2164 711 2279 762 γεν,
2328 693 2362 746 ἃ
2393 693 2452 758 ἐξ
2494 695 2703 746 ἐκείνου
2737 689 2872 762 εἶχε,
2899 691 2994 743 καὶ
3025 689 3202 761 ὀρθῶς
3247 689 3430 750 διεῖλε,
3496 689 3632 742 καθὸ
3672 692 3744 742 τὰ.

2163 787 2412 856 κρείττω,
2445 787 2520 848 ὡς
2540 787 2796 856 δεσπότῃ.
2829 785 3068 851 Λέγεται
3089 782 3144 834 δὲ
3177 782 3259 835 ὅτι
3289 783 3384 834 καὶ
3419 779 3528 852 πῦρ
3559 782 3745 833 κατελ-

2135 862 2252 930 ⁸θὸν
2272 877 2380 930 ἀπὸ
2407 877 2500 930 τοῦ
2532 875 2765 948 οὐρανοῦ
2807 874 3055 946 ἀνήλωσε
3112 872 3211 943 τὴν
3259 871 3472 936 θυσίαν,
3522 872 3616 924 καὶ
3676 874 3744 924 ἐκ

2158 970 2349 1022 τούτου
2389 970 2481 1021 καὶ
2503 971 2529 1020 6
2561 969 2698 1022 Κάῖν
2720 967 2934 1033 ὲπέγνω
2964 965 3045 1018 ὅτι
3075 962 3417 1033 προετιμήθη
3460 965 3487 1015 6
3549 962 3738 1015 Ἅϐελ.

2159 1063 2285 1127 Πῶς
2310 1063 2420 1133 γὰρ
2448 1062 2513 1115 ἂν
2563 1061 2768 1125 ἄλλως;
2810 1059 2901 1111 Διὸ
2954 1057 3140 1119 καίτις
3186 1055 3298 1108 τῶν
3351 1054 3742 1124 μεταθεμένων

2157 1157 2258 1226 τὴν
2294 1155 2554 1225 Ἐδραῖδα
2587 1155 2666 1216 εἰς
2695 1153 2796 1221 τὴν
2835 1149 3059 1204 Ἐλλάδα
3092 1147 3357 1216 γλῶτταν,
3381 1146 3569 1208 οὕτως
3611 1143 3743 1214 ἔθη..

2158 1265 2254 1301 κεν
2275 1263 2287 1276 ·
2331 1246 2695 1300 Ἐπέὄλεπεν
2716 1243 2813 1296 ἐπὶ
2851 1242 2957 1307 τὰς
2983 1239 3199 1304 θυσίας
3232 1238 3413 1292 Ἅϐελ
3437 1239 3468 1290 ό
3498 1238 3744 1304 Κύριος,

2115 1406 2118 1409 _
2176 1341 2274 1394 καὶ
2312 1339 2636 1406 ἐνέπρησε.

2226 1431 2335 1486 Καὶ
2365 1428 2646 1497 διἀὺτῆς
2673 1427 2994 1483 ἀποθανὼν
3009 1423 3306 1480 ἑτιλαλεῐ.
3333 1422 3612 1483 Τουτέστι,
3641 1421 3745 1474 καὶ

2155 1525 2221 1577 δι’
2254 1525 2421 1593 αὐτῆς
2450 1525 2549 1593 τῆς
2589 1523 2823 1584 πίστεως
2852 1521 2932 1573 ἔτι
2954 1519 3126 1580 λαλεῖ,
3158 1518 3456 1582 τουτέστιν,
3486 1518 3519 1586 ἡ
3554 1516 3744 1576 πίστις

2155 1615 2318 1668 αὐτὸν
2347 1615 2604 1685 ἐποίησεν
2631 1614 2710 1666 ἔτι
2743 1611 2864 1682 ζῇν,
2893 1611 2990 1666 καὶ
3023 1609 3346 1663 διδάσκαλον
3370 1607 3744 1662 καθίστασθαι

2155 1710 2290 1761 πᾶσι
2319 1707 2583 1760 λαλοῦντα
2617 1706 2900 1778 μονονουχί
2929 1721 2942 1734 ·
2998 1702 3333 1773 Μιμήσασθέ
3389 1718 3478 1771 με,
3515 1701 3746 1770 ἄνθρω-

2154 1815 2267 1862 ποι,
2300 1797 2922 1868 κα“ιεύαρεστεῖτε,⁸⁷τῷ
2975 1797 3269 1860 πλάσαντι,
3326 1795 3525 1847 δίκαιοι
3577 1794 3744 1860 γενό-

2159 1908 2330 1960 μενοι.
2359 1893 2528 1946 Λαλεῖ
2555 1890 2648 1944 οὖν
2666 1930 2682 1954 ,
2707 1890 2983 1952 τουτέστι,
3011 1888 3398 1957 δοξαζόμενος,
3429 1885 3745 1956 φημιζὸμε-

469 1984 550 2037 ria
580 1981 701 2051 ejus
750 1981 1106 2043 instauratur.
1146 1982 1422 2054 loquitur:
1459 1984 1685 2053 perinde
1734 1999 1797 2037 ac
1844 1985 2034 2040 coelum

2149 1957 2266 2048 νος,
2302 1985 2777 2055 μνημονευόμενος
2805 1980 2959 2034 λαλεί
2988 1997 3002 2012 ·
3039 1981 3115 2044 ὡς
3143 1982 3239 2034 καὶ
3265 1981 3293 2032 6
3322 1978 3552 2050 οὐρανὸς
3581 1978 3747 2030 λαλεῖ

467 2073 733 2144 loquitur,
783 2089 906 2130 cum
942 2088 972 2127 a
1007 2073 1166 2130 nobis
1209 2075 1556 2130 solummodo
1610 2075 1876 2129 cernitur.
1925 2074 2042 2128 Non

465 2166 612 2220 enim
643 2173 854 2220 tantum
882 2180 1062 2220 sermo
1084 2165 1318 2236 perﬁcit,
1342 2175 1606 2236 quantum
1630 2167 1777 2222 illius
1795 2167 2038 2222 alﬁietio.

465 2255 582 2311 lloc
609 2263 790 2310 autem
835 2256 990 2317 dixit.
1027 2270 1084 2310 ut
1119 2258 1372 2312 ostendat
1414 2258 1644 2312 inﬁrmis
1693 2258 1839 2327 quod
1859 2258 2044 2328 justus

466 2346 854 2415 quadantcnus
889 2347 1054 2400 etiam
1096 2347 1189 2400 hic
1229 2344 1448 2400 fruatur
1484 2346 1727 2401 honore:
1775 2348 1960 2416 itaque
1989 2356 2044 2402 et

463 2452 565 2493 vos
597 2437 876 2493 fruemini.
914 2435 1188 2492 Nonnulla
1231 2452 1361 2492 vero
1414 2438 1750 2508 exemplaria
1796 2437 2044 2494 λαλεῖται

463 2529 688 2597 habent,
721 2545 829 2586 non
867 2539 1037 2594 recte,
1075 2537 1134 2584 ut
1165 2529 1384 2601 opinor.

535 2620 703 2675 Vens.
740 2619 796 2676 5.
843 2618 981 2674 Fide
1027 2619 1210 2674 Enoclt
1262 2621 1559 2675 translatus
1592 2629 1693 2686 est,
1736 2638 1800 2676 ne
1848 2621 2042 2678 videret

462 2719 706 2774 mortem,
742 2721 792 2764 et
825 2726 927 2764 non
969 2709 1351 2777 inveniebatur,
1382 2712 1506 2781 quia
1545 2713 1879 2767 transtulerit
1921 2729 2040 2768 eum

459 2803 642 2858 Deus:
683 2813 804 2857 ante
852 2803 1261 2858 translationem
1307 2804 1448 2858 enim
1501 2805 1618 2875 ejus
1682 2806 2039 2860 testimonium

458 2894 645 2948 habuit
704 2894 843 2963 quod
885 2894 1142 2964 placuerit
1198 2895 1330 2949 Deo.
1390 2894 1498 2951 Iste
1551 2897 1815 2966 majorem
1875 2899 2035 2955 ﬁdem

459 3000 624 3055 quam
648 2983 780 3040 Abel
810 2986 1232 3042 demonstravit.
1268 2986 1402 3040 Nam
1442 3003 1563 3058 quae
1592 2987 1761 3044 Abelo
1790 2991 2038 3061 contige-

458 3084 614 3139 runt,
664 3083 959 3146 potuerunt
1019 3076 1123 3146 ipsi
1185 3091 1313 3133 esse
1359 3078 1642 3141 seandalo,
1700 3080 1847 3148 quod
1901 3081 2036 3136 Abel

456 3169 642 3238 justus
663 3183 786 3224 cum
815 3177 983 3234 esset,
1003 3170 1306 3238 permissus
1340 3169 1410 3224 sit
1435 3169 1610 3224 occidi
1629 3185 1659 3224 a
1677 3170 1869 3226 fratre.
1893 3171 2035 3234 Quid

2146 2076 2422 2146 ὁρώμενος
2456 2075 2637 2146 μόνον.
2669 2074 2746 2128 Οὐ
2779 2074 3033 2127 τοσοῦτον
3065 2074 3174 2142 γὰρ
3203 2073 3359 2140 λόγος
3393 2073 3579 2136 ἀνύει,
3607 2071 3744 2124 ὅσον

2144 2169 2204 2219 τὸ
2231 2167 2440 2220 ἐκείνου
2471 2165 2661 2228 πάθος.
2693 2163 2867 2218 Τοῦτο
2893 2164 2950 2216 δὲ
2979 2160 3154 2228 εἶπεν,
3185 2163 3274 2216 ἵνα
3300 2163 3450 2233 δείξῃ
3481 2163 3594 2223 τοῖς
3621 2161 3746 2213 ὀλι-

2144 2257 2432 2328 γοψύχοις,
2461 2257 2544 2310 ὅτι
2583 2258 2641 2309 ὲν
2673 2256 2830 2326 μέρει
2865 2253 3132 2309 ἀπολαύει
3162 2255 3330 2323 τιμῆς
3364 2253 3459 2306 καὶ
3497 2250 3743 2305 ἐνταῦθα.

2144 2349 2172 2400 6
2197 2348 2425 2410 δίκαιος.
2447 2347 2613 2400 Ὥστε
2641 2347 2737 2401 καὶ
2765 2346 2924 2417 ὑμεῖς
2953 2343 3351 2398 ἀπολαύσεσθε.
3379 2343 3514 2396 Τινὰ
3541 2343 3597 2395 δὲ
3621 2342 3744 2396 τῶν

2142 2440 2517 2512 ἀντιγράφων,
2545 2440 2816 2505 λαλεϊται,
2844 2437 3082 2509 ἔχουσιν,
3111 2438 3177 2492 οὐ
3205 2437 3386 2500 καλῶς
3417 2433 3597 2508 οἶμαι.

2213 2620 2421 2673 Πίστει
2455 2619 2637 2688 Ἑνὼχ
2675 2618 2957 2688 μετετέθη
2994 2617 3101 2672 τοῦ
3136 2614 3222 2685 μὴ
3262 2614 3412 2670 ὶδεῗν
3443 2612 3737 2676 θάνατον,

2143 2711 2242 2765 καί
2266 2713 2380 2764 οὐκ
2405 2712 2740 2779 εὑρίσκετο,
2767 2711 2916 2765 διότι
2936 2707 3514 2779 μετέθηκεναὺτὸνό
3543 2706 3689 2772 Θεός
3714 2721 3731 2735 ⁶

2140 2803 2255 2872 πρὸ
2296 2802 2407 2872 γὰρ
2448 2801 2558 2872 τῆς
2600 2801 2980 2872 μεταθέσεως
3022 2801 3242 2864 αὑτοῦ,
3281 2799 3739 2869 μεμαρτύρηται

2137 2894 2613 2962 εὐαρεστηκέναι
2656 2894 2737 2960 τῷ
2783 2893 2926 2959 Θεῷ.
2968 2889 3135 2956 Οὗτος
3188 2891 3358 2963 μείζω
3403 2893 3585 2943 πίστιν
3629 2891 3736 2943 τοῦ

2142 2985 2311 3040 ’Ἅϐελ
2351 2985 2688 3053 ἐπεδείξατο.
2731 2986 2814 3038 Τὰ
2850 2985 2977 3056 γὰρ,
2999 2987 3080 3048 είς
3112 2984 3205 3038 τὸν
3230 2984 3397 3036 ’Ἅϐελ
3433 2983 3735 3052 γενόμενα,

2141 3079 2301 3132 ίκανὰ
2325 3073 2394 3148 ἦν
2423 3077 2587 3131 αὑτὸν
2620 3076 2997 3140 σκανδαλίσαι,
3031 3077 3111 3129 ὅτι
3142 3076 3351 3137 δίκαιος
3381 3074 3455 3127 ὢν
3487 3091 3738 3142 συνεχως-

2147 3168 2288 3240 ρήθη
2328 3168 2603 3238 σφαγῆναι
2640 3167 2746 3221 ὑπὸ
2777 3166 2872 3220 τοῦ
2901 3166 3156 3236 ἀδελφοῦ.
3192 3167 3257 3218 Τί
3292 3166 3401 3235 γὰρ
3438 3167 3486 3218 εί
3525 3166 3738 3233 ἐτιμω-

457 3261 604 3317 cnim
649 3261 876 3331 prodest
905 3261 1156 3330 punitum
1191 3274 1315 3316 esse
1340 3261 1690 3316 oceisorcm?
1725 3261 1867 3328 Quid
1908 3263 2034 3318 inde

2141 3259 2281 3330 ρήθη
2321 3262 2350 3313 6
2385 3259 2659 3329 σφαγεύς;
2700 3261 2784 3324 τίς
2821 3259 3064 3328 ὠφέλεια
3104 3258 3298 3328 ἐκείνῳ
3337 3256 3583 3311 ἐκποδῶν
3621 3256 3731 3327 ἠδη

457 3352 734 3408 commodi
766 3353 952 3407 retulit
975 3352 1131 3419 Abel,
1151 3367 1275 3408 cum
1298 3352 1407 3421 jam
1438 3361 1596 3408 antea
1626 3370 1656 3409 e
1683 3355 1864 3411 medio
1886 3366 2033 3411 esset

457 3445 770 3501 sublatus?
833 3443 1084 3516 Magnam
1141 3446 1326 3516 itaque
1398 3445 1556 3500 ﬁdem
1629 3446 2033 3504 demonstravit

455 3539 668 3604 Enoeh,
697 3539 930 3594 credens
965 3537 1129 3592 Deum
1190 3537 1573 3592 retributorem
1609 3537 1727 3594 lore
1756 3539 1810 3594 in
1843 3539 2031 3596 futuro

454 3630 674 3692 saaculo.
705 3629 832 3683 licet
870 3643 980 3683 non
1017 3628 1069 3682 in
1120 3627 1395 3697 praesenti,
1452 3643 1656 3697 perque
1699 3643 1818 3683 eam
1867 3630 2026 3684 ﬁdem

455 3721 658 3790 placuit
687 3718 819 3785 Deo,
860 3733 923 3772 ac
979 3718 1340 3788 beneplacens
1396 3719 1696 3774 translatus
1751 3729 1856 3776 est.
1896 3721 2028 3775 Fide

450 3812 620 3881 igitur
665 3811 962 3866 translatus
994 3822 1114 3866 est:
1161 3812 1265 3867 hoc
1290 3821 1396 3875 est,
1430 3813 1564 3867 ﬁdes
1607 3812 1661 3865 in
1697 3826 1864 3868 causa
1927 3813 2029 3868 fuit

448 3918 550 3959 cur
591 3903 644 3956 in
689 3903 889 3958 coelum
936 3902 1346 3967 transferretur,
1400 3919 1496 3974 per
1541 3920 1705 3974 quam
1752 3906 2030 3975 placuerat

448 3993 580 4048 Deo.
620 3994 1009 4050 Animadverte
1042 4003 1224 4050 autem
1257 3996 1537 4064 quomodo
1570 3997 1714 4052 Deus
1754 4011 1853 4066 per
1887 3998 2028 4053 Abe-

453 4089 562 4140 Inm
599 4087 792 4142 mortis
837 4087 1164 4140 sententiam
1199 4102 1380 4141 veram
1427 4103 1548 4143 esse
1593 4089 2022 4144 demonstravit:

455 4193 646 4231 rursus
693 4193 790 4247 per
839 4177 1025 4231 Enoch
1076 4178 1404 4232 sententiam
1460 4179 1608 4232 illam
1639 4181 2024 4248 temporariam

448 4282 571 4322 esse
604 4267 867 4335 ostendit,
899 4275 1064 4336 atque
1103 4268 1450 4323 abolendam.
1481 4266 1720 4324 Proinde
1756 4272 1900 4340 quod
1940 4273 2024 4326 vi-

2139 3353 2388 3420 γεγονότι
2411 3352 2491 3419 “;
2520 3352 2781 3422 Μεγάλην
2807 3349 2900 3405 οὖν
2927 3351 3108 3404 πίστιν
3134 3349 3468 3415 ἐπεδείξατο,
3496 3348 3734 3400 πιστεύ-

2137 3462 2236 3509 σας
2262 3445 2345 3498 ὂτι
2377 3446 2494 3498 ἐστὶ
2529 3445 2935 3515 μισθαποδότης
2963 3445 2991 3497 6
3017 3445 3150 3506 Θεὸς
3177 3445 3235 3495 ὲν
3263 3442 3342 3512 τῷ
3373 3442 3640 3511 μέλλοντι,
3673 3442 3732 3494 εἰ

2140 3538 2234 3591 καὶ
2265 3538 2340 3607 μὴ
2365 3537 2460 3590 νῦν
2478 3538 2522 3569 δ’
2545 3553 2560 3568 ο
2589 3539 2682 3590 καὶ
2708 3537 2776 3589 δι’
2794 3537 2966 3607 αὐτῆς
2996 3536 3331 3608 εὐηρέστησε
3357 3537 3434 3606 τῷ
3461 3534 3599 3606 Θεῷ,
3627 3535 3731 3587 καὶ

2132 3629 2506 3699 εὐαρεστήσας
2539 3627 2826 3698 μετετέθη.
2858 3629 3046 3682 Πίστει
3075 3626 3169 3680 οὖν
3199 3629 3463 3698 μετετέθη
3483 3669 3498 3690 ,
3559 3644 3728 3679 τουτ-

2135 3718 2307 3784 έστιν,
2337 3721 2372 3791 ἡ
2405 3719 2590 3783 πίστις
2619 3721 2783 3773 αὑτὸν
2816 3719 3108 3790 μετέθηκε,
3141 3721 3208 3772 δι’
3232 3717 3299 3793 ἧς
3329 3719 3726 3789 εὐηρέστησεν.

2137 3813 2279 3884 Ὅρα
2313 3812 2372 3866 δὲ
2409 3812 2526 3876 πῶς
2562 3811 2654 3865 διὰ
2692 3813 2791 3884 μὲν
2826 3811 2919 3865 τοῦ
2946 3812 3112 3866 Ἀὅελ
3153 3813 3355 3878 ἔδειξεν
3389 3813 3418 3864 6
3453 3813 3582 3874 Θεὸς
3619 3810 3728 3880 τὴν

2135 3905 2409 3973 ἀπόφασιν
2433 3903 2532 3974 τὴν
2565 3905 2694 3976 περὶ
2724 3905 2817 3958 τοῦ
2859 3904 3092 3958 θανάτου
3114 3945 3128 3969 ,
3161 3904 3335 3975 ἀληθῆ
3362 3920 3376 3934 σ
3411 3903 3501 3957 διὰ
3536 3902 3592 3954 δὲ
3622 3900 3723 3953 τοῦ

2147 3996 2318 4068 Ἑνὼχ
2363 3997 2526 4052 πάλιν
2567 3996 2789 4064 ἔδειξεν,
2835 3998 2919 4051 ὅτι
2960 3998 3297 4067 πρόσκαιρος
3337 3998 3369 4065 ή
3416 3996 3721 4064 ἀπόφασις,

2133 4094 2228 4146 καὶ
2266 4094 2711 4166 ἀναιρεθήσεται.
2735 4095 2859 4150 Ὀτι
2900 4096 3000 4165 μὲν
3029 4092 3122 4150 οὖν
3151 4095 3259 4160 ζῶν
3294 4095 3556 4164 μετετέθη
3576 4130 3592 4155 ,
3623 4093 3723 4144 καὶ

2131 4187 2213 4240 ὅτι
2242 4186 2320 4240 ἔτι
2351 4188 2440 4258 ζῇ,
2473 4187 2632 4258 ἴσμεν
2653 4202 2667 4216 ⁶
2700 4189 2801 4242 ποῦ
2829 4189 2906 4255 δὲ,
2936 4190 2969 4261 ἢ
3001 4189 3147 4256 πῶς;
3171 4189 3422 4261 Ἄδηλον,
3451 4187 3550 4258 τῆς
3577 4186 3723 4255 Γρα-

2135 4279 2242 4348 φῆς
2275 4277 2351 4350 μὴ
2380 4279 2664 4350 εἰπούσης.

445 4374 583 4414 vens
611 4358 906 4415 translatus
938 4359 1031 4426 sit,
1063 4367 1117 4414 et
1151 4359 1297 4429 quod
1333 4359 1498 4424 vivat,
1531 4363 1774 4418 scimus:
1802 4364 1892 4418 ubi
1922 4374 2130 4434 autem,
2165 4377 2256 4423 aut
2305 4373 2603 4441 quomodo,
2640 4373 2908 4427 incertum
2941 4381 3050 4440 est,
3099 4372 3386 4442 Scriptura
3420 4385 3529 4425 non
3563 4379 3721 4440 pate-I

443 4455 700 4512 faciente.

520 4549 683 4605 Vens.
720 4549 774 4604 6.
807 4550 934 4606 Sine
962 4550 1066 4620 ﬁde
1109 4560 1286 4606 autem
1320 4553 1644 4620 impossibile
1674 4564 1750 4608 est
1783 4555 2012 4624 placere.

2191 4557 2380 4625 Χωρίς
2420 4557 2489 4610 δὲ
2532 4560 2794 4624 πίστεως
2829 4559 3134 4615 ἀδύνατον
3171 4556 3603 4626 εὐαρεστῆσαι.
3648 4555 3711 4608 Et

440 4638 559 4695 Nisi
581 4641 727 4696 enim
755 4641 1049 4696 crediderit
1075 4643 1346 4712 quispiam
1376 4645 1877 4712 compensationem
1900 4659 2021 4700 esse

439 4732 710 4787 bonorum
731 4741 784 4788 et
812 4733 1106 4798 malorum,
1138 4750 1246 4789 non
1279 4734 1655 4805 bencplacebit
1695 4737 1826 4792 Deo.
1870 4736 2020 4803 Quo-

447 4823 613 4878 modo
662 4823 807 4878 enim
841 4825 1176 4880 laboriosum
1209 4827 1433 4882 virtutis
1488 4828 1592 4882 iter
1653 4828 2019 4899 ingrediatur,

441 4927 552 4966 non
577 4927 875 4982 persuasus
907 4913 961 4968 in
993 4915 1178 4970 futuro
1217 4917 1420 4971 saeulo
1442 4918 1774 4988 multiplices
1807 4934 1870 4974 ac
1903 4931 2020 4975 sta-

439 5003 583 5058 biles
617 5019 738 5059 esse
764 5005 1202 5062 retributiones?
1227 5007 1368 5063 Audi
1396 5025 1560 5079 porro
1595 5013 1904 5080 sequentia.

514 5093 739 5150 Credere
779 5097 919 5150 enim
943 5105 1143 5165 oportet
1173 5099 1500 5155 accedentem
1531 5102 1598 5153 ad
1631 5101 1819 5164 Deum,
1854 5104 2014 5174 733

437 5185 575 5255 quod
601 5187 691 5250 sit,
738 5197 784 5241 et
828 5187 967 5258 quod
1007 5189 1391 5259 inquirentibus
1420 5208 1474 5246 se
1507 5203 1873 5248 remuneratur
1922 5199 2012 5249 sit.

439 5273 596 5340 Quod
631 5275 771 5331 Deus
804 5287 910 5344 est,
933 5285 987 5332 et
1019 5280 1161 5348 quod
1188 5291 1570 5337 remunerator
1591 5293 1693 5346 est,
1733 5300 1830 5355 per
1857 5286 2014 5340 ﬁdem

443 5373 691 5418 tenemus
716 5384 728 5417 :
755 5367 976 5434 quidam
1002 5369 1146 5422 enim
1171 5383 1199 5421 a
1225 5383 1358 5423 casu
1400 5385 1520 5426 esse
1543 5385 1734 5426 omnes
1769 5388 1853 5427 res
1884 5387 2018 5428 cen-

440 5463 562 5509 sent
595 5455 765 5524 :quid
820 5473 948 5513 vero
993 5461 1064 5514 sit
1103 5457 1248 5514 Deus
1282 5462 1588 5515 secundum
1627 5463 2011 5532 substantiam,

440 5547 996 5616 incomprehensibile
1033 5568 1264 5622 prorsus
1302 5553 1445 5621 apud
1465 5554 1867 5611 moderatiores
1910 5559 2011 5612 ha-

441 5639 695 5695 bebatur.
726 5642 868 5707 Quid
917 5658 1048 5698 vero
1093 5655 1200 5711 est,
1231 5646 1618 5716 inquirentibus
1669 5648 1883 5717 ipsum?
1910 5650 2013 5706 hoc

2123 4649 2232 4721 γὰρ
2268 4650 2342 4721 μὴ
2377 4651 2645 4724 πιστεύσῃ
2672 4671 2756 4716 τις
2794 4653 3062 4706 ἀντίδοσιν
3092 4647 3232 4705 εἶναι
3263 4651 3445 4705 καλῶν
3476 4649 3574 4702 καὶ
3605 4665 3714 4700 κα-

2123 4743 2266 4805 κῶν,
2295 4745 2394 4796 οὐκ
2417 4745 2496 4813 ,ἂν
2528 4745 2896 4819 εὐαρεστήσῃ.
2929 4744 3051 4808 Πῶς
3083 4747 3192 4816 γὰρ
3225 4745 3290 4798 ἂν
3319 4745 3418 4815 τὴν
3449 4744 3714 4795 ἐπίπονον

2122 4835 2220 4903 τῆς
2260 4835 2461 4903 ἀρετῆς
2501 4835 2619 4887 ὁδὸν
2663 4835 2893 4907 βαδίσῃ,
2939 4837 3013 4906 μὴ
3056 4835 3302 4897 πεισθεὶς
3343 4831 3485 4886 εἶναι
3530 4834 3588 4883 ὲν
3632 4830 3713 4901 τῷ

2126 4925 2376 4995 μέλλοντι
2416 4925 2830 4989 πολλαπλασίας
2865 4929 2960 4980 καὶ
3001 4927 3382 4997 μονιμωτέρας
3418 4927 3515 4987 τὰς
3551 4925 3713 4992 ἀμοι-

2123 5017 2260 5084 6άς;
2288 5017 2487 5070 Ἀκουε
2517 5018 2572 5071 δὲ
2605 5019 2700 5073 καὶ
2726 5018 2836 5073 τῶν
2865 5019 3011 5089 ἑξῆς.

2196 5110 2416 5164 Πιστεῦ
2426 5125 2532 5164 σαι
2560 5111 2670 5180 γὰρ
2699 5111 2795 5164 δεῖ
2814 5111 2921 5165 τὸν
2943 5105 3434 5180 προσερχόμενον
3454 5107 3534 5175 τῷ
3563 5107 3704 5174 Θεῷ,

2125 5203 2214 5258 ὅτι
2243 5204 2406 5270 ἔστι,
2441 5207 2539 5259 καὶ
2592 5205 2717 5272 τοῖς
2745 5205 3102 5274 ἐκζητοῦσιν
3124 5207 3314 5260 αὐτὸν
3332 5204 3676 5276 μισθαποδό
3695 5233 3706 5245 ι

2124 5311 2232 5360 της
2263 5298 2506 5364 γίνεται.
2541 5298 2614 5350 Τὸ
2649 5299 2767 5368 μὲν,
2797 5299 2880 5351 ὅτι
2911 5300 3026 5352 ἔστι
3057 5299 3210 5363 Θεὸς,
3245 5301 3338 5352 καλ¹
3372 5297 3704 5369 μισθαποδό-

2121 5403 2221 5456 της
2259 5387 2494 5454 γίνεται,
2531 5389 2620 5442 διὰ
2661 5389 2900 5453 πίστεως
2939 5389 3170 5460 ἔχομεν’
3207 5391 3352 5453 τινὲς
3390 5392 3497 5459 γὰρ
3539 5389 3702 5442 αὐτό-

2124 5477 2272 5544 ματά
2299 5495 2462 5546 φασιν
2489 5475 2630 5532 εἶναι
2655 5479 2725 5532 τὰ
2752 5479 2903 5545 ὄντα,
2930 5481 2990 5533 τὸ
3019 5482 3100 5546 δὲ,
3127 5481 3180 5533 τί
3207 5482 3324 5534 ἐστι
3354 5479 3474 5533 κατ’
3490 5478 3700 5545 οὐσίαν,

2121 5568 2534 5641 ἀνεπιχείρητον
2567 5571 2704 5634 ὅλως
2731 5574 2845 5636 τοϊς
2879 5589 2944 5641 γε
2977 5572 3336 5643 σωφρονοῦσι.
3365 5573 3428 5625 Τί
3458 5570 3698 5632 δέ’ὲστι,

2120 5658 2246 5725 τοῖς
2269 5659 2623 5732 ἐκζητοῦσιν
2645 5664 2866 5730 αὐτόν;
2892 5664 3172 5730 τουτέστι,
3204 5666 3314 5729 τοῖς
3343 5663 3431 5719 διὰ
3458 5661 3576 5734 βίου
3607 5660 3696 5713 εὐ-

1788 5833 1996 5895 Variee
2037 5833 2374 5900 lectiones.

509 5921 553 5952 ⁸⁷
579 5922 891 5992 ἐυαρεστεῖν
923 5940 976 5980 o.
1054 5924 1098 5956 ⁵⁸⁸
1135 5926 1409 5998 γενομένῳ
1439 5943 1487 5983 o.
1571 5931 1612 5965 ⁵⁸
1642 5931 1796 5987 αίῶνι
1826 5934 1959 6004 ἡμῖν
1984 5951 2036 5990 o.
