4044 6430
442 486 545 552 3ιῖ

1340 476 1921 540 THEOPHYLACTI
1966 475 2379 539 BULGARL-E
2425 478 2782 540 ARCHIEP.

3601 476 3704 540 343

518 604 653 660 Cum
709 602 871 656 Isaac
922 610 972 655 et
1019 599 1183 654 Ja'cob
1242 596 1598 652 coliteredibus
1661 596 2030 662 promissionis

2206 596 2369 650 Μετὰ
2431 596 2641 651 Ἰσαὰκ
2676 595 2778 649 καί
2829 591 3031 649 Ἰακὼό
3055 592 3175 647 τῶν
3201 595 3711 663 συνκληρονόμων

443 701 699 770 ejusdem.
733 698 907 764 Isaac,
967 695 1166 764 inquit,
1201 702 1255 749 et
1285 693 1456 748 Jacob
1491 691 1716 761 perinde
1780 691 2031 746 incolue-

446 802 574 848 runt
607 807 748 853 eam,
785 799 845 844 ut
888 790 1144 844 alienam.
1174 786 1438 841 Pliilista-i
1467 785 1655 840 lsaaco
1689 784 2030 848 invidebant,

444 893 497 940 et
545 884 857 938 Abitueleclt
912 893 1102 950 puteos
1127 882 1248 950 ejus
1304 879 1592 933 auferebat.
1634 887 1688 933 et
1745 878 2034 947 conjugem

446 979 644 1047 ipsam,
684 985 738 1032 et
768 978 1004 1031 subinde
1027 976 1094 1030 ad
1133 975 1298 1029 alium
1332 983 1496 1043 atque
1532 974 1700 1027 alium
1762 973 2035 1027 transibat

448 1072 651 1125 locum.
685 1070 855 1124 Jacob
902 1077 1086 1123 autem
1124 1084 1229 1121 non
1262 1068 1438 1122 solum
1469 1082 1499 1121 a
1531 1068 1699 1121 fratre
1732 1065 1875 1122 Esau
1908 1082 2034 1135 per-

445 1164 784 1219 secutionetn
826 1161 1038 1232 patiens
1084 1161 1187 1215 sibi
1215 1160 1512 1219 metuebat,
1543 1174 1730 1214 verum
1775 1160 1939 1213 etiam
1968 1174 2037 1214 ex

446 1254 839 1323 Mesopotamia
887 1268 1163 1317 reversus,
1216 1253 1350 1307 emit
1391 1252 1599 1314 locum,
1637 1253 1693 1305 in
1754 1267 1863 1321 quo
1921 1251 2039 1306 ﬁxit

444 1347 887 1402 tabernaculum.
926 1345 987 1398 Et
1006 1344 1120 1413 jam
1167 1344 1390 1413 quidem
1424 1346 1479 1399 in
1511 1344 1721 1409 Betltel,
1754 1348 1868 1416 jam
1909 1361 2039 1401 vero

444 1438 502 1493 in
539 1438 781 1509 Ephrata
811 1437 1102 1506 migrabat,
1135 1438 1286 1491 nullo
1308 1438 1432 1492 loco
1457 1446 1642 1493 certus
1670 1453 1920 1503 manens,
1954 1437 2040 1491 in-

445 1537 567 1587 star
609 1529 855 1585 advenae.
901 1528 1131 1584 Interim
1168 1537 1434 1584 tamenet
1482 1529 1584 1599 ipsi
1644 1530 2041 1601 promissionis

444 1622 691 1677 Itatretles
715 1621 963 1684 fuerunt,
996 1630 1051 1673 ttt
1088 1630 1261 1690 pater.
1297 1620 1419 1675 Tibi
1454 1624 1598 1676 enim
1634 1622 1800 1685 dabo,
1837 1622 2039 1691 inquit,

445 1723 503 1767 ct
530 1712 726 1769 semini
765 1724 878 1766 tuo.
920 1712 1177 1767 Attamen
1216 1712 1484 1767 increduli
1523 1728 1631 1766 non
1667 1712 1911 1766 fuerunt.

519 1909 688 1968 Vens.
728 1911 814 1966 to.
844 1911 1195 1974 Exspectabat
1227 1912 1365 1967 enim
1385 1912 1739 1981 fundamenta
1760 1914 2036 1967 habentem
2069 1940 2116 2000 Β

2138 688 2248 756 τῆς
2281 689 2648 758 ἐπαγγελίας
2674 688 2785 756 τῆς
2812 687 3029 753 αὐτῆς.
3089 687 3202 740 Καὶ
3231 689 3261 740 ό
3302 686 3510 753 Ἰσαὰκ,
3560 690 3709 755 φησι,

2137 781 2230 833 καὶ
2258 780 2499 834 ὀΊακὼϐ
2528 780 2673 835 οὕτω
2704 780 2911 850 ταύτην
2944 778 3280 851 κατῴκησαν
3301 780 3373 843 ὼς
3404 780 3710 851 ἀλλοτρίαν.

2148 872 2208 924 Ὀ
2243 873 2549 942 μὲνἸσαὰκ
2586 873 2954 943 φθονούμενος
2987 874 3093 926 ὑπὸ
3116 872 3225 925 τῶν
3247 872 3593 936 Φιλισταίων,
3624 873 3714 925 καὶ

2136 964 2544 1036 ἀφαιρούμενος
2575 965 2644 1019 τὰ.
2675 966 2887 1034 φρέατα
2936 965 3042 1018 ὑπὸ
3093 964 3206 1018 τῶν
3233 966 3362 1035 περὶ
3407 964 3711 1033 ’Δϐιμέ).εχ,

2139 1056 2233 1110 καὶ
2264 1058 2364 1125 τὴν
2394 1059 2632 1125 γυναῖκα
2664 1058 2857 1126 αὐτὴν,
2895 1057 2990 1110 καὶ
3043 1056 3235 1110 ἄλλοτε
3262 1057 3342 1117 εἰς
3374 1055 3535 1109 ἄλλον
3559 1056 3716 1109 τόπον

2141 1144 2510 1216 μεταϐαίνων.
2529 1145 2589 1198 '0
2615 1146 2672 1199 δὲ
2711 1146 2932 1213 Ἰακὼϐ,
2973 1147 3034 1200 οὐ
3071 1147 3233 1211 μόνον
3257 1147 3334 1211 ὡς
3366 1146 3717 1215 ἐλαυνόμενος

2138 1237 2244 1290 ὑπὸ
2271 1238 2367 1290 τοῦ
2405 1237 2579 1308 φόϐου
2631 1238 2726 1291 τοῦ
2765 1238 2966 1300 Ἡσαῦ,
3024 1238 3141 1291 ἀλλ’
3196 1239 3280 1291 ὅτι
3340 1241 3439 1292 καὶ
3491 1238 3597 1290 ἀπὸ
3624 1237 3720 1307 τῆς

2140 1330 2578 1401 Μεσοποταμίας
2613 1329 2878 1393 ἀνελθὼν,
2914 1329 3233 1400 ἐξωνήσατο
3257 1330 3349 1384 τὸν
3375 1331 3565 1392 τόπον,
3598 1329 3721 1383 ἔνθα

2143 1422 2341 1493 ἔστησε
2368 1422 2466 1492 τὴν
2498 1423 2707 1493 σκηνήν
2727 1436 2745 1454 ο
2778 1422 2875 1476 καὶ
2909 1420 3004 1475 νῦν
3032 1422 3131 1491 μὲν
3168 1421 3250 1484 είς
3274 1420 3507 1491 Βαιθὴλ,
3541 1419 3633 1472 νῦν
3664 1418 3721 1471 δέ

2139 1516 2221 1575 είς
2288 1513 2537 1584 Ἑφραθὰ
2599 1513 2922 1584 μετέϐαινεν
2951 1553 2968 1579 ,
3024 1510 3276 1566 ἁστατῶν
3313 1510 3393 1573 ὡς
3445 1509 3719 1581 πάροικος.

2142 1605 2407 1672 Καίτοιγε
2463 1606 2560 1659 καὶ
2612 1606 2771 1660 αὐτοὶ
2808 1603 3140 1676 κληρονόμοι
3178 1599 3323 1674 ἦσαν
3358 1602 3459 1671 τῆς
3488 1604 3723 1670 ἐπαγγε-

2140 1698 2282 1765 λίας,
2318 1698 2396 1759 ὡς
2420 1700 2515 1753 καὶ
2550 1698 2579 1750 ό
2611 1700 2815 1769 πατήρ.
2846 1698 2938 1751 Σοὶ
2975 1697 3086 1767 γὰρ
3111 1696 3274 1750 δώσω
3299 1695 3504 1765 αὐτὴν,
3538 1694 3633 1749 καὶ
3652 1693 3727 1764 τῷ

2144 1792 2422 1862 σπέρματί
2454 1809 2575 1846 σου.
2621 1791 2764 1843 Ἀλλ’
2796 1791 2948 1861 ὅμως
2977 1790 3080 1843 οὐκ
3108 1789 3454 1860 ἠπίστησαν.

2229 1902 2578 1971 Ἐξεδέχετο
2628 1903 2740 1971 γὰρ
2770 1902 2888 1971 τὴν
2932 1902 3078 1968 τοὺς
3111 1903 3436 1972 θεμελίους
3466 1901 3730 1972 ἔχουσαν

447 2004 735 2059 civitatem.
767 2003 900 2057 Eam
957 2005 1029 2059 ob
1068 2003 1433 2074 rem,inqnit,
1461 2012 1622 2058 erant
1683 2005 1931 2068 advenae,
1985 2018 2042 2061 et

2148 1993 2347 2046 πόλιν.
2383 1993 2483 2044 Δια
2507 1990 2686 2053 τοῦτο,
2719 1994 2878 2062 φησὶ,
2915 1992 3018 2062 τὴν
3039 1991 3147 2060 γῆν
3172 1990 3477 2061 παρῴκουν
3511 1992 3568 2045 ἐν
3600 2007 3730 2061 σκη-

455 2099 946 2154 commorabantur
978 2098 1032 2152 in
1063 2097 1444 2153 tabernaculis
1474 2096 1895 2153 fundamentum
1932 2114 2039 2154 non

448 2190 798 2254 habentibus,
815 2189 960 2259 quod
980 2190 1373 2259 esSpectabant
1386 2189 1665 2244 caelestem
1687 2190 1904 2255 urbem,
1921 2204 2043 2260 qum

446 2298 577 2338 vera
625 2282 979 2339 fundamenta
1018 2281 1239 2345 habeat,
1272 2296 1395 2351 qua:
1436 2295 1654 2351 semper
1707 2282 2041 2349 consistant,

450 2389 636 2444 neque
669 2387 909 2443 unquam
961 2371 1206 2425 marcida
1255 2370 1581 2425 reddantur.
1654 2369 1949 2441 Propterea
1991 2381 2046 2427 et

450 2468 596 2522 Deus
628 2466 1070 2521 animadvertetis
1110 2480 1207 2521 eos
1274 2467 1560 2535 aspernari
1597 2472 1844 2521 terrenas
1904 2480 2036 2536 pro-

450 2560 766 2623 missiones,
800 2559 1016 2615 distulit
1062 2574 1177 2623 eas,
1227 2558 1466 2628 majores
1500 2559 1638 2630 ipsis
1692 2574 2013 2630 prmparans

449 2662 640 2724 utpote
687 2652 779 2724 qui
805 2651 915 2707 illis
945 2650 1095 2722 digni
1127 2660 1320 2717 erant,
1385 2668 1507 2721 qua:
1533 2651 1746 2706 scilicet
1778 2652 1845 2705 de
1877 2650 2043 2708 rebus

449 2744 809 2801 terrestribus
844 2759 957 2798 non
1013 2751 1191 2797 erant.
1222 2740 1428 2799 Deinde
1488 2742 1565 2797 illi
1618 2744 2042 2814 promissionem

447 2835 793 2891 terrestrium
819 2835 1172 2905 accipientes,
1203 2848 1323 2887 eam
1365 2835 1818 2898 contemnebant,
1845 2848 1909 2888 ac
1931 2848 2042 2889 cm-

450 2925 564 2980 lum
620 2924 967 2995 expetebant.
1037 2923 1146 2979 Vos
1184 2933 1390 2989 autem,
1454 2940 1485 2981 ο
1536 2925 1744 2989 ﬁdeles,
1822 2926 2041 2982 caelesti

451 3016 817 3084 promissione
912 3025 1159 3085 accepta,
1241 3026 1441 3071 terram
1521 3004 1825 3088 expetitis:
1882 3018 2043 3090 ecqui

448 3124 560 3162 non
595 3106 716 3179 ejus
744 3122 843 3162 vos
871 3107 1079 3177 pudet?

519 3218 688 3288 Cujus
715 3218 915 3288 artifex
938 3228 987 3273 et
1037 3216 1285 3273 conditor
1344 3216 1505 3272 Deus.
1555 3184 1734 3286 P'apae.
1774 3229 2039 3289 quantum

450 3318 538 3367 est
595 3310 751 3365 urbis
808 3310 971 3365 istius
1010 3308 1367 3377 encomium,
1418 3308 1779 3364 architectum
1845 3290 2118 3366 habereC

452 3402 624 3458 Deum
644 3401 658 3455 ι

527 3513 695 3570 Vsus.
725 3513 813 3568 Η.
846 3511 987 3567 Fide
1012 3521 1061 3568 et
1102 3513 1222 3581 ipsa
1253 3512 1484 3580 Sarrha,
1520 3514 1721 3568 sterilis
1746 3531 1865 3568 cum
1889 3523 2044 3571 esset.

451 3606 790 3667 Pudetacere
832 3606 996 3671 valet,
1069 3605 1215 3675 quod
1246 3605 1353 3670 ait,
1390 3602 1457 3658 Et
1515 3604 1632 3674 ipsa
1670 3604 1898 3671 Sarrha,
1926 3622 2049 3676 per-

455 3703 584 3757 inde
639 3716 702 3756 ac
736 3699 783 3755 si
816 3699 964 3754 dicat
1006 3696 1273 3755 :Femina
1296 3697 1552 3763 credidit,
1582 3705 1639 3771 et
1665 3714 1763 3754 vos
1789 3714 1896 3754 non
1919 3715 2048 3754 eru-

452 3790 702 3856 bescitis,
727 3789 773 3845 si
800 3788 1032 3844 muliere
1069 3788 1123 3842 in
1174 3788 1345 3842 animi
1393 3788 1774 3859 magnitudine
1805 3789 2044 3843 infcrio~

451 3896 543 3938 res
568 3879 1100 3952 deprelteudamini?
1135 3878 1242 3945 Qui
1292 3895 1424 3935 vero
1462 3881 1700 3936 credidit
1732 3897 1856 3954 quae
1893 3882 2050 3938 risit?

451 3973 711 4032 Profecto
741 3972 996 4039 credidit,
1032 3972 1253 4028 etiamsi
1300 3974 1489 4029 riserit
1513 3992 1528 4029 :
1552 3984 1743 4045 postea
1774 3976 1919 4029 enim
1955 3990 2045 4030 re-

452 4068 727 4137 prehensa
770 4065 1159 4137 perterrefacta
1180 4071 1312 4119 est:
1384 4065 1535 4136 quod
1587 4066 1712 4123 ﬁdei
1765 4075 1884 4123 erat
1910 4067 2051 4121 indi-

454 4164 622 4218 cinm.
652 4159 883 4214 Planum
932 4159 1079 4215 enim
1103 4166 1191 4214 est
1233 4156 1384 4227 quod
1445 4171 1702 4227 magnum
1760 4160 2050 4227 quemdam

455 4249 1121 4317 arbitraretur,adeoqne
1153 4264 1321 4319 supra
1380 4249 1621 4307 hominis
1695 4265 1822 4307 esse
1886 4260 2051 4308 natu-

455 4361 577 4402 ram
607 4360 757 4413 eum,
788 4346 881 4417 qui
912 4361 1098 4401 secum
1128 4345 1466 4414 loqueretur.

538 4463 796 4519 Virtutem
838 4465 908 4517 ad
974 4463 1365 4533 conceptionem
1412 4461 1631 4516 seminis
1663 4461 1883 4530 accepit.
1937 4457 2053 4515 Hoc

452 4567 564 4619 est.
589 4557 895 4612 oonfortata
928 4565 1012 4613 est
1043 4565 1102 4612 ut
1122 4556 1395 4626 reciperet
1427 4568 1493 4608 ac
1513 4554 1830 4609 contineret
1863 4552 2051 4624 dejec-

2142 2084 2284 2145 ναῖς,
2315 2080 2371 2134 αἳ
2402 2081 2653 2150 θεμέλιον
2681 2082 2784 2135 οὐκ
2814 2080 3002 2150 ἔχουσι
3021 2081 3066 2114 ⁸⁸
3093 2122 3107 2147 ,
3131 2080 3267 2134 διότι
3302 2079 3616 2150 ἐξεδέχοντο
3639 2079 3732 2150 τὴν

2140 2171 2396 2241 οὐράνιον
2427 2171 2605 2237 πόλιν,
2633 2172 2760 2242 ἥτις
2792 2170 3082 2243 ἀληθινοὺς
3119 2171 3233 2241 ἔχει
3281 2170 3598 2240 θεμελίους,
3650 2169 3728 2224 ἀεὶ

2143 2264 2411 2328 ἑστῶτας,
2462 2263 2559 2319 καὶ
2622 2263 2898 2335 μηδέποτε
2952 2263 3396 2333 σαθρουμὲνους.
3432 2264 3522 2317 Διὸ
3556 2263 3648 2317 καὶ
3708 2265 3735 2317 ό

2143 2355 2280 2418 Θεδς
2314 2354 2459 2426 ὁρῶν
2501 2355 2703 2418 αὐτοὺς
2736 2354 3221 2426 καταφρονοῦντας
3256 2354 3381 2409 τῶν
3407 2357 3616 2427 γηΐνων
3644 2355 3735 2409 ἐπ-

2152 2449 2443 2518 αγγελιῶν,
2498 2450 2796 2505 ἀνεϐάλετο
2842 2449 3068 2515 ταύτας,
3098 2451 3201 2514 τὰς
3235 2450 3466 2520 μείζους
3496 2450 3672 2514 αὐτοῖς
3688 2449 3730 2482 ⁸⁸

2148 2542 2479 2612 ἐτοιμάςων,
2534 2542 2611 2607 ὡς
2654 2542 2884 2597 ἐκείνων
2945 2544 3139 2610 ἀξίοις,
3194 2543 3255 2597 οὐ
3330 2544 3443 2596 τῶν
3484 2543 3582 2614 τῆς
3608 2541 3725 2613 γῆς.

2145 2630 2282 2687 Εἶτα
2331 2637 2531 2687 ἐκεῖνοι
2590 2635 2694 2704 γῆς
2747 2635 3088 2705 ἐπαγγελίαν
3146 2636 3547 2706 λαμϐάνοντες,
3606 2654 3729 2690 κατ-

2144 2729 2429 2799 εφρόνουν,
2484 2729 2579 2782 καὶ
2616 2727 2712 2781 τοῦ
2755 2727 2997 2799 οὐρανοῦ
3065 2727 3305 2796 ἐφίεντο.
3341 2727 3533 2799 ’Υμεϊς
3582 2728 3656 2793 δὲ,
3688 2744 3730 2780 ω

2146 2822 2353 2888 πιστοὶ,
2406 2821 2663 2893 οὐράνιον
2704 2821 3049 2890 ἐπαγγελίαν
3082 2819 3367 2888 λαϐόντες,
3400 2822 3504 2894 γῆς
3555 2821 3732 2874 ἐπιθυ-

2149 2917 2329 2987 μεῖτε,
2360 2916 2461 2970 καὶ
2490 2915 2608 2980 πῶς
2635 2914 2738 2969 οὐκ
2762 2912 3129 2985 αἰσχύνεσθε;

2215 3204 2328 3277 *Ης
2370 3212 2654 3284 τεχνίτης
2712 3211 2812 3267 καὶ
2854 3211 3221 3283 δημιουργὸς
3265 3212 3299 3266 ὁ
3339 3211 3506 3278 Θεός.
3542 3210 3730 3274 Βαϐαῖ,

2149 3296 2262 3359 οἷον
2308 3303 2369 3358 τὸ
2399 3307 2499 3376 τῆς
2546 3305 2756 3369 πόλεως
2810 3305 3027 3376 ἐκείνης
3068 3302 3379 3375 ἐγκώμιον,
3426 3305 3487 3358 τὺ
3522 3302 3732 3376 ἀρχιτὲ-

2152 3412 2317 3449 κτονα
2349 3398 2499 3466 σχεῖν
2534 3395 2625 3449 τὸν
2657 3395 2792 3450 Θεόν
2818 3413 2835 3462 ;

2222 3512 2432 3567 Πίστει
2491 3511 2593 3567 καί
2656 3512 2813 3579 αὐτὴ
2871 3511 3073 3581 Σάῤῥα
3127 3512 3344 3579 στεῖρα
3393 3508 3576 3570 οὖσα.
3629 3512 3738 3567 Ἐν-

2157 3603 2457 3673 τρεπτικόν
2503 3605 2642 3670 ἐστι,
2679 3604 2790 3658 Καί
2819 3606 2977 3675 αὑτὴ
3006 3603 3226 3675 Σάρῤα,
3278 3606 3490 3660 ὡσανεὶ
3524 3605 3733 3675 ἐλεγενο

2159 3695 2225 3750 Ἦ
2272 3697 2410 3768 γυνὴ
2466 3696 2783 3760 ἐπίστευσε,
2816 3698 2911 3750 καὶ
2942 3698 3102 3769 ὑμεῖς
3155 3698 3260 3753 οὐκ
3306 3699 3657 3771 αἰσχύνεσθε,
3693 3696 3739 3750 εί

2151 3786 2416 3856 γυναικὸς
2473 3788 2931 3861 μικροψυχότεροι
2958 3790 3284 3862 εὑρίσκεσθε
3326 3809 3345 3859 ;
3392 3793 3520 3857 Πῶς
3545 3793 3602 3845 δέ
3623 3791 3740 3845 ἐπί-

2155 3896 2382 3932 στευσεν
2421 3880 2453 3949 ή
2486 3879 2813 3947 γελάσασα;
2862 3881 2972 3935 Ναὶ
3024 3883 3380 3947 ἐπίστευσεν,
3417 3886 3467 3937 εί
3500 3884 3594 3937 καὶ
3628 3882 3744 3952 ἐγέ-

2152 3971 2317 4023 λασεν
2336 3986 2352 4001 ο
2401 3972 2496 4024 καὶ
2530 3972 2639 4042 γὰρ
2670 3971 2898 4044 ὕστερον
2929 3973 3264 4044 ἐλεγχθεῖσα
3293 3976 3541 4048 ἐφοϐήθη
3565 3993 3580 4010 ο
3612 3978 3742 4045 ὅπερ

2155 4061 2396 4125 πίστεως
2450 4057 2540 4134 ἦν.
2575 4062 2749 4134 Δῆλον
2780 4065 2891 4137 γὰρ
2937 4066 3021 4119 ὅτι
3053 4068 3229 4138 μέγαν
3277 4071 3406 4125 τινὰ
3465 4073 3559 4126 καὶ
3611 4072 3741 4141 ὑπὲρ

2152 4152 2442 4225 ἄνθρωπον
2465 4154 2793 4211 ἐπίστευσεν
2819 4154 2960 4212 εἶναι
2990 4159 3083 4213 τὸν
3118 4162 3671 4233 προσδιαλεγόμενον.

2225 4452 2490 4521 Δύναμιν
2557 4453 2647 4519 είς
2711 4452 3062 4520 καταϐολὴν
3132 4453 3484 4524 σπέρματος
3547 4455 3738 4510 ἔλαϐε.

2155 4540 2468 4607 Τουτὲστιν,
2530 4540 2913 4611 ἐνεδυναμώθη
2975 4544 3057 4602 είς
3110 4543 3173 4596 τὸ
3229 4544 3596 4611 ὐποδέξασθαι
3654 4542 3744 4596 καὶ

454 4660 576 4705 tum
613 4650 667 4704 in
701 4650 874 4720 ipsam
906 4665 1097 4705 semen
1129 4646 1455 4702 Abraltami.
1479 4645 1577 4702 Vel
1625 4646 1757 4716 quia
1812 4646 2047 4701 istarum

2159 4631 2436 4702 κρατῆσαι
2484 4631 2551 4685 τὸ
2610 4633 2959 4703 καταϐληθὲν
3011 4636 3092 4697 είς
3140 4635 3317 4707 αὐτὴν
3373 4638 3602 4707 σπέρμα
3647 4632 3739 4688 τοῦ

460 4757 647 4798 rerum
705 4741 945 4797 studiosi
1020 4741 1376 4810 indagatores
1443 4748 1722 4804 asserunt,
1763 4737 2050 4792 mulierem

458 4832 627 4906 735
658 4834 824 4887 etiam
876 4833 1042 4886 veluti
1096 4846 1284 4886 semen
1333 4830 1618 4899 quoddam
1651 4845 1681 4883 a
1734 4845 1857 4885 sese
1915 4844 2053 4884 con-

464 4927 630 4988 ferre,
665 4924 850 4979 forsan
884 4924 965 4979 sic
1023 4922 1404 4992 accipiendum
1443 4930 1548 4985 est,
1576 4921 1647 4975 ad
1668 4922 2056 4991 conceptionem

460 5018 701 5083 seminis,
736 5033 835 5085 pro
857 5031 924 5071 eo
949 5016 1095 5086 quod
1131 5024 1238 5079 est,
1275 5023 1333 5069 ut
1356 5023 1410 5068 et
1454 5015 1573 5083 ipsa
1607 5013 2058 5069 subministraret

460 5126 673 5167 semen.

536 5207 609 5259 Ac
637 5214 830 5272 praeter
856 5204 1033 5258 aetatis
1065 5211 1268 5271 tempus
1299 5201 1521 5271 peperit.
1549 5198 1722 5254 Paulo
1760 5209 1887 5253 ante
1924 5211 2046 5252 eam

459 5297 707 5351 sterilem
789 5296 927 5350 dixit
962 5314 974 5349 :
1010 5309 1161 5349 nunc
1187 5294 1263 5347 ait
1296 5294 1441 5363 quod
1468 5299 1522 5347 et
1584 5299 1784 5360 praster
1842 5298 2059 5358 tempus

462 5390 646 5444 aetatis
677 5390 908 5459 peperit.
949 5388 1140 5457 Itaque
1160 5384 1438 5456 duplicem
1481 5384 1719 5439 habebat
1759 5381 2057 5447 defectum,

468 5491 639 5530 unum
673 5485 902 5541 natura,
924 5476 1069 5546 quod
1094 5475 1299 5531 sterilis
1329 5483 1454 5529 erat
1484 5490 1499 5528 :
1529 5473 1768 5528 alterum
1796 5481 2060 5528 senectue

466 5566 564 5619 tis.

542 5658 686 5726 Quia
724 5658 934 5727 ﬁdelem
962 5657 1187 5713 credidit
1223 5673 1344 5712 eum
1386 5657 1479 5727 qui
1493 5655 1837 5721 promiserat.
1890 5653 2059 5711 Fide-

2176 4723 2453 4795 Ἀϐραάμ.
2476 4725 2550 4777 ’Ἡ
2578 4725 2766 4797 ἐπειδὴ
2799 4743 2962 4795 φασιν
2988 4728 3038 4781 oi
3065 4727 3241 4781 ταῦτα
3269 4728 3740 4799 ἀκριωσάμενοι,

2162 4816 2259 4870 καὶ⁵
2285 4815 2386 4886 τὴν
2411 4818 2648 4885 γυναῖκα
2677 4812 2788 4871 οἶόν
2830 4833 2884 4871 τι
2920 4820 3146 4890 σπέρμα
3180 4820 3273 4889 ἀφ’
3300 4821 3507 4891 ἑαυτῆς
3534 4833 3741 4873 συνεισο

2162 4908 2340 4975 ἀγειν,
2370 4910 2584 4979 μήποτε
2611 4908 2788 4974 οὕτως
2820 4910 3127 4981 ἐκληπτέον
3153 4911 3216 4966 τὸ
3238 4953 3254 4977 ,
3278 4915 3366 4979 εις
3406 4913 3662 4967 natando!
3674 4910 3745 4974 ὴν

2165 5000 2528 5070 σπέρματος,
2566 5002 2690 5057 ἀντὶ
2744 5002 2860 5070 τοῦ,
2903 5003 2984 5066 είς
3028 5003 3091 5057 τὸ
3128 5003 3460 5057 καταϐαλεῖν
3485 5005 3579 5057 καὶ
3612 5000 3743 5070 αὐτὴ

2167 5093 2412 5165 σπέρμα.

2232 5188 2344 5242 Καὶ
2366 5188 2526 5257 παρὰ
2548 5187 2763 5256 καιρὸν
2783 5188 3026 5257 ἡλικίας
3048 5191 3279 5246 ἔτεκεν.
3305 5185 3480 5244 Εἶπεν
3511 5189 3640 5250 ἄνω,
3666 5186 3743 5239 ὅτι

2165 5283 2356 5350 στεῖρα
2391 5276 2462 5351 ἦν
2489 5298 2502 5312 ·
2533 5280 2630 5335 νῦν
2666 5280 2843 5350 λέγει,
2871 5283 2956 5336 ὅτι
2996 5285 3090 5337 καὶ
3117 5283 3271 5354 παρὰ
3299 5283 3495 5355 καιρὸν
3528 5280 3739 5351 ἡλικίας

2164 5372 2373 5427 ἔτεκεν.
2403 5375 2568 5427 ’Ὥστε
2602 5374 2799 5445 διπλὴν
2829 5373 2945 5447 εἶχε
2977 5377 3229 5449 πήρωσιν
3253 5376 3323 5442 ⁸³,
3383 5376 3486 5446 τήν
3534 5392 3593 5428 τε
3644 5371 3747 5426 ἀπὸ

2163 5462 2403 5531 φύσεως,
2434 5464 2519 5518 ὅτι
2546 5466 2740 5534 στεῖρα
2768 5461 2859 5537 ἦν,
2886 5469 2980 5519 καὶ
3007 5467 3110 5538 τὴν
3140 5466 3251 5520 ἀπὸ
3272 5465 3368 5521 τοῦ
3398 5466 3609 5536 γήρως.

2253 5646 2419 5702 Ἐπεὶ
2489 5647 2712 5704 πιστὸν
2782 5650 3061 5722 ἡγήσατο
3137 5650 3247 5707 τὸν
3314 5642 3743 5719 ἐπαγγειλάμε-

1857 5832 2065 5894 Variae
2100 5828 2438 5897 lectiones.

555 6019 591 6029 ,νη

563 5935 608 5970 ⁸⁸
642 5937 769 6008 θεμ.
810 5937 912 5992 οὐκ
948 5936 1204 6008 ἐχούσαις
1235 5953 1289 5995 o.
1364 5940 1411 5972 ⁵¹
1442 5935 1676 6003 ἐκείνοις
1705 5957 1759 5996 υ.
1837 5939 1883 5972 ⁸³
1907 5937 2193 6008 στείρωσιν
2218 5954 2271 5992 υ.
