4044 6420
305 480 417 541 3ρθ

1034 477 1440 542 ΕΧΡΟΞοΙΤΙΟ
1477 480 1562 542 ΙΝ
1589 480 1837 545 EPIST.
1873 482 1974 542 AD
2003 482 2401 546 HEBREOS.
2427 510 2497 520 -
2529 485 2690 546 CAP.
2719 487 2828 548 Χῖ.

3483 488 3589 553 350

306 606 446 644 νον.
481 587 703 652 Πιστδν,
758 595 1044 641 τουτέστιν
1088 587 1265 658 ἀληθῆ
1288 628 1305 652 ,
1348 588 1715 658 ἐπηγγείλατο
1746 588 1858 656 γάρ
1882 603 1896 619 ⁶

2014 589 2132 653 lem,
2167 590 2216 643 id
2247 600 2331 646 est
2377 606 2562 645 verum
2595 610 2612 655 ;
2670 595 3000 663 promiserat
3045 595 3232 651 enim:
3263 595 3422 653 Circa
3449 599 3587 653 illud

307 681 477 737 Κατὰ
497 681 609 734 τὸν
625 680 841 748 καιρὸν
864 678 1083 735 τοῦτον
1111 679 1467 749 ἐλεύσομαι,
1498 679 1598 733 καὶ
1623 680 1798 734 ἔσται
1827 677 1902 748 τῇ

307 776 513 845 Σάρῤᾳ
541 776 665 840 vid;
679 812 694 826 .

376 870 481 922 Διὸ
502 866 607 921 καί
631 867 734 935 ἀφ’
758 868 807 899 ⁵⁵
833 864 978 933 ἑνὸς
999 865 1440 935 ἐγεννήθησαν,
1467 864 1565 917 καὶ
1601 862 1786 916 ταῦτα
1816 879 1906 916 νεα

308 959 721 1029 νεκρωμένου,
777 957 977 1023 καθὼς
1029 958 1103 1012 τὰ
1154 956 1348 1024 ἀστρα
1394 954 1502 1009 τοῦ
1531 955 1793 1022 οὐρανοῦ
1823 955 1905 1019 τῷ

310 1052 558 1119 πλήθει,
591 1051 691 1107 καί
724 1053 806 1118 ὡς
850 1052 890 1119 ἡ
932 1050 1125 1120 ἄμμος
1171 1051 1210 1117 ἢ
1251 1048 1413 1117 παρὰ
1441 1049 1509 1101 τὸ
1556 1047 1759 1117 χεῖλος
1795 1047 1906 1114 τῆς

311 1145 673 1209 θαλάσσης,
705 1144 744 1213 ἠ
771 1142 1198 1210 ἀναρίθμητος.
1232 1141 1309 1194 Οὐ
1335 1140 1494 1193 τοῦτο
1526 1138 1685 1208 μόνον
1714 1138 1901 1210 ἐποίη-

314 1253 407 1290 σεν
451 1235 486 1305 η
518 1235 734 1298 victis,
782 1233 846 1285 τὸ
890 1232 1175 1302 γεννῆσαι,
1232 1230 1451 1286 ἀλλ’ὅτι
1478 1230 1576 1283 καὶ
1592 1229 1902 1295 τοσούτους,

321 1328 476 1389 ὅσους
501 1325 630 1378 οὐδὲ
656 1327 716 1379 αί
747 1322 972 1395 εὖφοροι
993 1325 1284 1391 γυναῖκες.
1303 1322 1467 1374 ’Ὥστε
1507 1320 1601 1374 δύο
1625 1319 1904 1390 θαύματα.

317 1420 443 1482 Πῶς
492 1418 553 1472 δὲ
618 1414 766 1488 ἦσαν
829 1416 1235 1487 ἀναρίθμητοις
1311 1413 1734 1486 Ἦριθμήθησαν
1794 1414 1907 1483 γὰρ

310 1509 604 1572 πολλάκις.
667 1509 825 1562 Ἤτοι
894 1506 1024 1574 γοῦν
1079 1504 1458 1576 ὑπερϐολικῶς

307 1620 401 1654 ττι
454 1602 603 1654 κατα
655 1600 755 1671 τὴν
815 1600 1107 1670 συνήθειαν
1171 1597 1276 1669 τῆς
1353 1597 1604 1669 Γραφῆς,
1659 1596 1736 1661 ὡς
1799 1598 1904 1650 τό·

308 1692 582 1763 137601187-
602 1694 815 1757 πόλεις
843 1692 982 1761 ἄχρι
1006 1692 1112 1746 τοῦ
1135 1690 1399 1759 οὐρανοῦ
1424 1707 1437 1721 ⁸
1471 1691 1504 1762 ἢ
1527 1690 1617 1744 διὰ
1644 1690 1772 1754 τοὺς
1819 1690 1907 1744 ἀεὶ

313 1786 737 1855 ἐπιγινομένους
768 1781 891 1838 εἷπε
913 1785 977 1838 τὸ
996 1785 1187 1855 ἀναρίο
1197 1801 1393 1855 μητον.

380 1877 554 1932 Κατὰ
594 1878 804 1931 πίστιν
849 1876 1158 1931 ἀπέθανον
1207 1873 1373 1931 οὗτοι
1408 1874 1651 1943 πάντες.
1682 1875 1771 1946 μὴ
1808 1893 1909 1930 κου

305 1970 640 2039 μισάμενοι
660 1972 707 2004 ⁸³
734 1970 845 2036 τὰς
882 1970 1267 2039 ἐπαγγελίας.
1307 1970 1411 2023 Δύο
1438 1969 1677 2023 ἐνταῦθα
1709 1969 1897 2039 ζητεῖς

308 2078 407 2114 ται
427 2078 445 2092 ο
473 2060 597 2124 πῶς
629 2058 800 2114 εἰπὼν
830 2060 960 2132 περὶ
992 2061 1086 2115 τοῦ
1118 2059 1310 2132 Ἑνὼχ,
1336 2061 1440 2126 ὅτι,
1476 2061 1769 2126 Μετετέθη
1797 2059 1904 2114 τοῦ

304 2152 396 2224 μὴ
451 2152 605 2207 ἰδεῖν
646 2152 942 2209 θάνατον’
994 2152 1091 2206 νῦν
1132 2154 1303 2221 λέγει,
1351 2150 1683 2208 Ἀπέθανον
1736 2148 1904 2208 οὗτοι

311 2245 592 2311 πάντες-ς
620 2245 728 2299 Καὶ
753 2245 942 2311 πάλιν,
989 2244 1106 2309 πῶς
1144 2241 1265 2298 εῖπε
1311 2245 1427 2308 νῦν,
1469 2246 1551 2298 ὅτι
1581 2245 1682 2298 οὐκ
1713 2243 1907 2296 ἔλαϐον

309 2335 413 2398 τὰς
442 2336 806 2404 ἐπαγγελίας,
836 2336 1083 2403 καίτοιγε
1114 2335 1206 2389 τὸν
1240 2334 1408 2388 ’Ᾱὸελ
1435 2335 1516 2388 ἔτι
1550 2334 1731 2388 λαλεῖν
1756 2329 1901 2396 εἷπε,

311 2422 402 2479 διὰ
468 2425 565 2478 τοῦ
602 2427 754 2497 παρὰ
806 2428 946 2479 πᾶσι
999 2425 1360 2491 δοξάζεσθαις
1430 2426 1539 2479 Καὶ
1601 2426 1697 2491 τὸν
1734 2425 1903 2495 Ἑνὼχ

313 2517 715 2589 μετατεθῆναι,
742 2519 835 2573 τὸν
871 2518 995 2573 Νῶε
1052 2519 1244 2591 μισθὸν
1274 2519 1482 2585 λαϐεῖν,
1553 2519 1615 2572 τὸ
1660 2520 1903 2590 σωθῆναι

315 2610 461 2680 μετά
494 2610 593 2664 τοῦ
626 2612 778 2664 οἴκου
833 2610 1024 2676 αὐτοῦ,
1083 2611 1176 2664 καὶ
1218 2611 1279 2665 τὸ
1347 2611 1554 2665 δίκαιον
1600 2610 1903 2681 κληθῆναι·

314 2705 411 2755 καὶ
466 2708 561 2756 τὸν
597 2702 850 2773 Ἀϐραὰμ
883 2704 1271 2773 παιδοποιῆσαι
1302 2707 1366 2759 ἐκ
1410 2705 1512 2774 τῆς
1559 2706 1799 2775 Σάρρας.
1832 2706 1905 2757 Τὸ

315 2794 419 2862 μὲν
458 2788 555 2846 οὖν
579 2810 596 2825 ·
639 2795 965 2848 Ἀπέθανον
986 2789 1153 2849 οὗτοι
1175 2794 1419 2860 πάντες,
1448 2795 1599 2862 δέξαι
1623 2796 1745 2848 ἀντὶ
1773 2794 1867 2848 τοῦ
1885 2812 1902 2829 ο

314 2889 376 2937 οἱ
400 2885 755 2956 τεθνηκότες.
788 2885 1211 2957 ὑπεξῃρημένου
1244 2886 1444 2957 δηλαδὴ
1470 2886 1561 2939 τοῦ
1598 2887 1673 2956 μὴ
1707 2886 1906 2950 ἰδόντος

315 2978 579 3032 θάνατον.
612 2978 686 3031 τὸ
716 2978 774 3031 δὲ
826 2979 903 3048 μὴ
936 2979 1125 3031 λαϐεῖν
1159 2978 1262 3042 τὰς
1296 2978 1653 3047 ἐπαγγελίας,
1704 2978 1906 3047 ἀληθὲς

315 3071 449 3140 περὶ
483 3070 708 3123 πάντων
735 3069 1052 3139 λεγόμενον.
1085 3071 1159 3125 Οὐ
1190 3070 1300 3139 γὰρ
1333 3070 1425 3123 ἐπὶ
1458 3068 1672 3133 τούτοις
1723 3070 1907 3138 μόνοις

310 3165 339 3215 ὁ
369 3162 769 3233 μεγαλόδωρος
796 3162 930 3226 Θεὸς
981 3163 1192 3217 διέλυσε
1227 3162 1354 3226 τοὺς
1384 3161 1613 3233 μισθοὺς
1646 3162 1756 3213 τῶν
1806 3179 1905 3231 με·

1542 1505 1704 1558 τοῦτο
1757 1503 1930 1574 εἴρηαι.

2008 688 2208 748 tempus
2256 684 2480 749 veniam,
2501 694 2548 740 et
2567 687 2671 740 erit
2696 685 2914 742 Sari-lue
2937 687 3107 758 ﬁlius.

2080 861 2241 918 Vens.
2279 863 2365 918 12.
2405 864 2631 931 Propter
2667 867 2808 936 quod
2835 876 2885 921 et
2936 867 3001 921 ab
3050 885 3155 923 uno
3184 870 3287 924 orti
3317 881 3460 936 sunt,
3501 890 3590 925 eo-

2006 972 2103 1025 que
2125 968 2380 1021 emortuo,
2402 968 2654 1027 tanquam
2681 962 2857 1015 sidera
2880 963 2999 1016 caeli
3026 965 3080 1017 in
3106 963 3515 1031 muftitudinem,
3539 976 3589 1022 et

2007 1049 2142 1101 sicut
2164 1066 2328 1103 arena
2353 1067 2466 1119 qua’
2484 1050 2649 1106 estad
2667 1069 2815 1106 oram
2837 1057 2997 1109 maris
3025 1057 3449 1113 innumerabilis.
3472 1059 3588 1113 Non

2010 1142 2112 1194 hoc
2142 1148 2355 1195 tantum
2378 1142 2555 1197 eil'ecit
2582 1144 2713 1199 ﬁdes
2745 1155 2802 1199 ut
2836 1148 3029 1214 pariat.
3077 1163 3268 1202 verum
3312 1150 3475 1203 etiam
3532 1160 3590 1204 ut

2009 1240 2088 1286 tot
2126 1241 2259 1303 quot
2296 1249 2361 1289 ne
2407 1233 2652 1291 fecunda:
2687 1239 2904 1307 quidem
2939 1239 3216 1295 mulieres.
3243 1239 3430 1310 Itaque
3482 1242 3592 1296 duo

2008 1323 2098 1376 hic
2125 1333 2253 1378 sunt
2304 1326 2592 1381 miracula.
2628 1327 2912 1394 Quomodo
2962 1341 3142 1386 autem
3175 1331 3396 1388 fuerunt
3429 1335 3593 1388 innu-

2008 1417 2495 1474 merabiles?Nam
2574 1421 2716 1476 haud
2809 1438 2935 1477 raro
2995 1429 3446 1481 numerabantur.
3478 1430 3586 1481 Aut

2009 1509 2177 1579 igitur
2207 1510 2313 1564 hoc
2337 1511 2687 1582 hyperbolice
2710 1513 2917 1569 dictum
2953 1525 3060 1579 est,
3085 1516 3240 1584 juxta
3296 1517 3596 1587 Scriptum

2009 1602 2483 1664 consuetudinem.
2517 1612 2573 1657 ut
2606 1604 2736 1660 illud
2779 1623 2794 1659 :
2844 1606 3080 1661 Vidimus
3123 1609 3276 1663 urbes
3313 1614 3381 1662 ad
3408 1610 3595 1662 costum

2009 1706 2173 1758 usque
2231 1689 2446 1745 eductas
2495 1690 2592 1746 ":
2648 1701 2743 1746 aut
2805 1694 2953 1763 quod
3005 1710 3222 1764 semper
3295 1706 3597 1751 nascantur

2009 1783 2122 1846 alii,
2158 1781 2280 1838 ideo
2316 1784 2714 1838 innutuerabile
2735 1785 2890 1839 dixit.

2087 1874 2247 1930 Vsus.
2289 1874 2376 1929 15.
2415 1874 2585 1929 Juxta
2615 1875 2773 1944 [idem
2813 1876 3048 1946 defuncti
3089 1886 3210 1931 sunt
3262 1892 3441 1930 omnes
3484 1878 3599 1944 isti,

2007 1982 2110 2019 non
2141 1967 2365 2034 acceptis
2400 1968 2914 2033 repromissionibus.
2966 1968 3084 2022 Duo
3121 1969 3208 2022 hic
3227 1979 3549 2036 quaeruntur
3576 1986 3594 2023 :

2006 2055 2294 2123 Quomodo
2315 2074 2440 2111 cum
2466 2057 2533 2112 de
2571 2057 2753 2113 Enoch
2785 2059 3051 2114 dixisset:
3090 2056 3405 2113 Translatus
3431 2068 3507 2113 est
3537 2075 3600 2113 ne

2005 2150 2200 2205 videret
2259 2162 2503 2217 mortem,
2545 2166 2693 2205 nunc
2726 2150 2895 2214 dicat,
2948 2150 3151 2204 Μουνιιὶ
3184 2157 3307 2203 sunt
3365 2150 3456 2203 isti
3488 2165 3602 2202 om-

2005 2242 2133 2296 nes?
2158 2240 2235 2295 Ac
2265 2257 2480 2308 rursus,
2514 2243 2606 2312 qui
2639 2242 2841 2296 dixerit
2869 2258 3038 2305 nume,
3061 2258 3157 2298 eos
3185 2258 3292 2296 non
3321 2242 3607 2311 accepisse

2006 2334 2421 2404 promissiones,
2460 2351 2584 2390 cum
2612 2336 2845 2390 Abelum
2899 2345 3081 2390 tamen
3134 2336 3314 2389 adhuc
3346 2335 3495 2403 loqui
3525 2333 3604 2388 af-

2006 2427 2257 2494 ﬁrmarit,
2316 2428 2759 2498 quandoquidem
2808 2428 2950 2495 apud
2996 2437 3226 2482 cunctos
3256 2426 3609 2481 celebretur?

2006 2520 2215 2577 Deinde
2262 2521 2438 2590 ipsum
2478 2519 2663 2575 Enocb
2693 2521 3019 2575 translatum
3047 2534 3189 2584 esse,
3215 2534 3279 2573 ac
3306 2517 3418 2574 Noe
3461 2533 3606 2572 mer—

2006 2612 2194 2669 cedem
2249 2612 2547 2677 accepisse,
2590 2621 2648 2664 ut
2678 2620 3100 2665 conservaretur
3135 2610 3253 2678 ipse
3290 2624 3413 2662 cum
3439 2608 3605 2663 domo

2010 2722 2129 2771 sua,
2169 2714 2223 2759 et
2290 2715 2349 2758 ut
2375 2707 2563 2771 justus
2598 2712 2948 2758 vocaretur:
3009 2704 3385 2757 Abrahamum
3438 2701 3602 2756 etiam

2009 2798 2211 2852 liberos
2235 2810 2555 2866 procreasse
2607 2810 2671 2849 ex
2705 2794 2927 2848 Sarrha.
2969 2793 3203 2848 Proinde
3237 2791 3422 2858 istud;
3457 2790 3608 2845 Har-

2008 2891 2086 2943 tui
2112 2900 2232 2944 sum
2282 2889 2373 2942 isti
2403 2903 2605 2952 omnes,
2685 2886 2873 2956 accipe
2927 2900 3067 2956 pro:
3131 2885 3325 2939 Mortui
3380 2883 3599 2952 quidem

2007 2991 2157 3047 sunt,
2201 2992 2428 3051 excepto
2486 2996 2552 3035 co
2603 2978 2696 3048 qui
2754 2988 2984 3032 mortem
3022 2994 3134 3032 non
3170 2978 3326 3032 vidit.
3360 2978 3428 3030 At
3471 2991 3606 3029 vero

2007 3073 2152 3144 quod
2193 3089 2299 3126 non
2329 3073 2646 3141 acceperint
2710 3070 3134 3140 promissiones,
3164 3085 3292 3124 vere
3326 3068 3394 3123 de
3425 3067 3607 3121 omni-

2006 3164 2110 3218 bus
2135 3163 2336 3217 dictum
2390 3170 2492 3237 est.
2522 3159 2639 3216 Non
2672 3161 2818 3215 enim
2867 3174 2969 3230 per
2995 3160 3110 3214 lucc
3141 3167 3351 3213 tantum
3383 3158 3602 3212 muniti-

311 3256 502 3322 γάλων
534 3255 806 3323 καμάτων
832 3254 934 3323 τῆς
964 3255 1232 3318 πίστεως,
1265 3253 1345 3323 τῷ
1383 3254 1484 3324 μὲν
1521 3252 1689 3305 ’Ἅϐελ
1721 3255 1813 3305 ἐπὶ
1839 3256 1902 3325 τῇ

2014 3254 2393 3310 centisssimus
2409 3253 2550 3308 Dens
2572 3253 2836 3324 persolvit
2856 3266 3173 3323 magnorum
3212 3251 3333 3306 tldei
3358 3251 3605 3305 laborum

311 3347 449 3417 παρ’
480 3344 801 3415 ἀνθρώποις
831 3345 982 3417 δόξῃ,
1002 3345 1080 3415 τῷ
1109 3346 1165 3399 δὲ
1180 3344 1356 3416 Ἑνὼχ
1384 3344 1479 3398 ἐπὶ
1503 3346 1568 3415 τῇ
1596 3344 1905 3414 μεταθέσει,

308 3436 390 3506 τῷ
411 3436 471 3488 δὲ
494 3435 626 3489 Νῶε
659 3435 756 3488 ἐπὶ
784 3439 850 3507 τῇ
879 3438 944 3488 ἐκ
970 3435 1064 3489 τοῦ
1094 3436 1488 3506 κατακλυσμοῦ
1522 3436 1791 3506 σωτηρίᾳ,
1812 3437 1921 3490 καὶΔ

310 3528 395 3600 τῷ
429 3528 698 3600 Ἀϐραὰμ
752 3529 847 3581 ἐπὶ
904 3531 971 3599 τῇ
1022 3528 1338 3600 παιδοποιία
1370 3547 1382 3560 ·
1419 3528 1557 3581 ἀλλὰ
1617 3527 1799 3598 δῆλον,
1834 3529 1911 3591 ὡς

311 3621 490 3673 ταῦτα
526 3619 631 3689 μὲν
661 3619 916 3689 γεύματα
959 3619 1055 3672 καὶ
1082 3617 1408 3690 ἀρῤαὸῶνές
1437 3620 1545 3672 είσι
1589 3619 1700 3672 τῶν
1720 3619 1912 3689 ἀληθι-

316 3710 425 3762 νῶν
469 3707 847 3777 ἐπαγγελιῶν,
881 3708 973 3763 διὰ
1003 3709 1133 3773 τοὺς
1194 3708 1572 3780 μικροψύχους
1618 3710 1767 3779 ἡμᾶς
1796 3712 1913 3773 τοῖς

319 3802 498 3870 ἁγίοις
525 3801 918 3874 προδιδόμινα,
954 3802 1042 3854 ἵνα
1071 3800 1181 3855 ἀπὸ
1228 3798 1437 3854 τούτων
1472 3800 1565 3853 καὶ
1595 3815 1726 3870 περι
1761 3800 1907 3852 ὲκεί-

326 3912 434 3947 νων
457 3893 828 3964 πιστεύωμεν.
863 3893 1036 3947 ’Άλλα
1063 3892 1121 3946 δέ
1153 3908 1277 3946 τινα
1324 3891 1560 3962 μεγάλα,
1610 3892 1707 3944 καὶ
1755 3890 1791 3944 ἃ
1818 3891 1911 3944 ἐπὶ

335 3982 564 4053 nepita»
591 3983 880 4055 ἀνθρώπου
906 3984 1008 4037 οὐκ
1047 3982 1238 4053 ἀνέθη,
1270 3982 1604 4053 ἡτοίμασται
1634 3981 1841 4045 αὐτοῖς,
1877 3979 1914 4034 ἂ

330 4075 491 4129 οὔπω
511 4076 712 4140 ἔλαϐον,
748 4076 943 4147 ὥσπερ
971 4077 1068 4131 καὶ
1098 4078 1127 4130 ὁ
1174 4073 1382 4147 Κύριός
1410 4089 1580 4144 φησιν
1609 4075 1667 4127 ὲν
1692 4073 1771 4145 τῷ
1805 4074 1911 4126 Εὐ-

319 4169 590 4239 αγγελίῳ,
639 4171 701 4224 ὲν
728 4168 809 4237 τῷ
838 4168 935 4223 νῦν
969 4168 1127 4224 αἰῶνι
1168 4168 1709 4222 ἑκατονταπλασίονα
1748 4165 1914 4236 λήψε-

318 4259 449 4314 σθαι
482 4261 580 4314 τὸν
605 4260 1049 4333 ἀποταξάμενον,
1080 4260 1178 4316 καὶ
1233 4261 1293 4315 ὲν
1328 4258 1407 4332 τῷ
1465 4259 1718 4331 μέλλοντι
1768 4258 1915 4331 ζωὴν

316 4351 565 4407 αἰώνιον.

400 4531 599 4586 Ἀλλὰ
646 4530 953 4600 πόρῤωθεν
980 4527 1171 4597 αὐτὰς
1207 4528 1444 4595 ἰδόντες
1471 4528 1573 4583 καί
1618 4529 1912 4585 ἀσπασά-

2014 3346 2314 3408 mercedes,
2354 3347 2524 3401 Abelo
2558 3334 2780 3416 quidem
2834 3360 2930 3415 per
2961 3345 3192 3415 gloriam
3249 3342 3392 3412 apud
3430 3342 3608 3397 hami-

2012 3439 2341 3503 nes,Enoch
2373 3453 2505 3494 vero
2554 3453 2650 3508 per
2700 3436 3139 3499 translationem,
3180 3444 3294 3488 tum
3346 3432 3460 3487 Noe
3503 3432 3606 3500 ipsi

2014 3547 2110 3601 per
2146 3530 2630 3587 conservationem
2666 3545 2732 3584 ex
2760 3528 2992 3588 diluvio.
3019 3527 3218 3581 deinde
3250 3526 3484 3581 Abrahae
3515 3540 3610 3594 per

2013 3621 2106 3675 lilii
2159 3621 2596 3691 procreationem
2642 3636 2656 3673 :
2717 3633 2908 3672 verum
2963 3615 3319 3686 perspicuum
3353 3623 3437 3668 est
3491 3614 3608 3667 haec

2011 3726 2136 3767 esse
2165 3710 2333 3766 veluti
2357 3719 2555 3780 gustus
2588 3707 2860 3778 quosdam
2897 3714 2952 3760 et
2981 3704 3320 3759 arrhabones
3353 3716 3607 3756 verarum

2015 3806 2473 3876 promissionum,
2536 3811 2762 3873 propter
2810 3799 3320 3870 pusillanimitatcm
3356 3803 3610 3849 nostram

2011 3896 2219 3952 sanctis
2246 3895 2399 3966 prius
2423 3892 2646 3954 tradita,
2683 3899 2742 3945 ut
2773 3890 2842 3943 ab
2878 3889 2964 3943 bis
2999 3886 3170 3951 docti,
3201 3886 3268 3941 de
3299 3885 3407 3939 illis
3442 3884 3608 3939 etiam

2014 3989 2069 4042 in
2105 3986 2210 4042 ﬁde
2230 3987 2532 4041 ﬁrmemur.
2559 3982 2681 4039 Alia
2715 3996 2880 4054 porro
2953 3979 3205 4050 quaedam
3260 3977 3524 4048 ingentia,
3556 3982 3614 4030 et

2013 4096 2135 4151 quae
2181 4081 2235 4134 in
2290 4094 2386 4134 cor
2408 4078 2647 4132 hominis
2718 4092 2829 4130 non
2888 4086 2993 4128 con
3015 4071 3377 4131 scenderunt.
3421 4077 3613 4139 parata

2014 4180 2145 4230 sunt
2181 4172 2282 4237 eis,
2320 4185 2443 4239 quas
2472 4167 2716 4224 nondum
2762 4170 3124 4237 acceperunt,
3167 4163 3311 4218 sicut
3345 4169 3401 4216 et
3426 4160 3616 4214 Domi-

2015 4282 2120 4321 nus
2148 4266 2288 4320 dixit
2312 4265 2367 4318 in
2394 4262 2711 4331 Evangelio,
2747 4260 2863 4315 l‘ore
2892 4269 2952 4313 ut
2983 4257 3030 4313 is
3108 4256 3204 4324 qui
3251 4253 3508 4310 omnibus
3535 4268 3620 4308 re-

2015 4359 2345 4422 nuntiasset,
2377 4355 2691 4425 centuplum
2727 4353 2783 4407 in
2845 4352 2951 4406 hoc
3016 4348 3220 4405 saeculo
3244 4347 3516 4416 reciperet
3546 4343 3618 4414 ⁸⁷,

2016 4463 2071 4506 et
2094 4451 2257 4504 vitam
2282 4460 2540 4504 aeternam
2569 4447 2624 4501 in
2662 4444 2865 4499 futuro.

2085 4541 2190 4599 Sed
2223 4557 2259 4596 a
2302 4542 2452 4612 longe
2478 4557 2568 4594 eas
2620 4538 2928 4606 aspicientes
2979 4544 3028 4590 et
3075 4534 3396 4590 salutantes.
3437 4529 3611 4601 736

315 4641 511 4695 μενοι.
568 4624 836 4678 Ἐνταῦθα
894 4623 1193 4679 αἰνίττεται
1254 4623 1455 4686 αὐτοὺς
1498 4623 1570 4676 τὰ
1618 4625 1748 4694 περὶ
1810 4624 1909 4695 τῆς

2019 4632 2331 4698 Hicinuuit
2371 4647 2466 4687 eos
2526 4631 2595 4686 de
2666 4645 2832 4698 regno
2889 4628 3181 4689 caelorum.
3241 4630 3296 4679 et
3327 4635 3621 4676 resurrec-

322 4716 615 4785 βασιλείας
639 4715 750 4769 τῶν
780 4715 1049 4785 οὐρανῶν,
1112 4714 1211 4770 καὶ
1254 4718 1358 4786 τῆς
1391 4713 1764 4781 ἀναστάσεως,
1816 4714 1915 4768 καὶ

319 4808 441 4860 τῶν
490 4808 755 4879 ἀρρήτων
814 4808 1040 4877 ἀγαθῶν
1080 4809 1362 4880 μυστήρια
1417 4807 1515 4862 καὶ
1578 4807 1790 4871 ἰδόντας
1818 4807 1916 4861 καὶ

318 4899 776 4967 ἀσπασαμένους,
805 4901 1085 4953 τουτέστιν
1114 4899 1407 4972 ῂσθέντας,
1456 4897 1568 4953 ἀπὸ
1600 4900 1918 4970 μεταφορᾶς

319 4991 440 5046 τῶν
464 4989 760 5053 πλεόντων,
784 4990 881 5045 καὶ
911 4991 1196 5062 πόρρωθεν
1218 4991 1476 5063 ὁρώντων
1500 4991 1688 5054 πόλεις
1719 4991 1920 5044 ποθου-

322 5084 524 5155 μένας,
555 5082 622 5146 ἃς
648 5083 782 5154 πρὶν
806 5083 838 5155 ἢ
868 5082 1136 5138 εἰσελθεῖν
1164 5083 1246 5146 είς
1277 5084 1471 5150 αὑτὰς,
1505 5083 1917 5154 προφθάνοντες

318 5177 659 5234 οἰκειοῦνται
683 5182 750 5250 τῇ
774 5179 1182 5250 προσρήσει,”Η
1209 5177 1305 5232 καὶ
1327 5181 1457 5243 τοὺς
1487 5179 1618 5249 περὶ
1662 5178 1920 5251 Ἀϐραάμ

320 5290 515 5343 φησιν,
548 5272 630 5325 ὅτι
663 5272 819 5326 αὐτοὶ
844 5271 945 5342 μὲν
978 5273 1081 5326 οὐκ
1107 5270 1301 5325 ἔλαϐον
1330 5270 1432 5335 τὰς
1453 5270 1793 5339 ἐπαγγελίας
1815 5271 1917 5333 τὰς

320 5365 455 5437 περὶ
493 5366 598 5435 τῆς
624 5367 754 5437 γῆς,
785 5364 1075 5436 πόρρωθεν
1125 5363 1183 5417 δὲ
1237 5364 1489 5436 προεῖδον
1522 5362 1717 5428 αὐτὰς,
1755 5379 1918 5416 τουτ-

317 5459 462 5523 έστι,
489 5457 599 5530 πρὸ
630 5457 921 5528 τεσσάρων
948 5456 1154 5527 γενεῶν
1173 5471 1190 5488 ο
1219 5457 1376 5511 ὄτιοί
1399 5456 1615 5523 ἔκγονοι
1648 5456 1830 5511 αὐτῶν
1861 5456 1920 5523 ἐξ

316 5550 608 5621 Δίγύπτου
632 5549 884 5613 ἀνιόντες
910 5548 1388 5621 κληρονομήσουσι
1415 5547 1644 5612 ταύτας.
1677 5546 1832 5618 Αὕτη
1861 5545 1921 5600 δὲ

430 5733 474 5765 ⁸⁸
499 5729 670 5786 Νιιιη.
694 5745 822 5797 xm,
842 5728 937 5785 29.
1012 5730 1057 5763 "
1082 5727 1274 5786 Matth.
1300 5744 1417 5799 xu,
1444 5727 1538 5786 29.

2020 4727 2189 4792 tione,
2221 4723 2660 4780 etineﬂ'abilibus
2721 4721 2881 4778 bonis
2933 4719 3190 4791 mysteria
3256 4724 3373 4771 tum
3410 4713 3610 4768 vidisse

2030 4829 2148 4873 tum
2183 4817 2479 4881 salutasse,
2545 4815 2650 4870 hoc
2700 4822 2787 4870 est
2851 4812 3112 4877 sensisse,
3166 4818 3382 4879 sumpta
3442 4818 3619 4860 meta-

2025 4910 2198 4980 pbora
2244 4921 2275 4962 a
2327 4906 2720 4975 navigantibus
2756 4914 2810 4959 et
2840 4903 3031 4974 procul
3063 4901 3427 4958 cernentibus
3457 4897 3627 4951 urbes

2028 5001 2388 5068 desideratas,
2414 5015 2571 5071 quas,
2609 5000 2932 5068 priusquam
2986 4995 3371 5065 ingrediantur
3418 4991 3472 5045 in
3503 5004 3623 5053 eas,

2029 5091 2429 5164 pmvenientes
2486 5089 2836 5144 familiariter
2889 5086 3160 5141 salutant.
3218 5083 3315 5139 Vel
3370 5079 3619 5135 Abraha-

2030 5198 2178 5240 mum
2209 5198 2335 5239 cum
2358 5199 2452 5238 sua
2485 5183 2677 5238 sobole
2723 5196 2824 5236 sua
2890 5178 3169 5249 intelligit,
3227 5175 3484 5247 quoniam
3514 5170 3619 5240 ipsi

2026 5291 2137 5331 non
2161 5284 2489 5344 acceperunt
2510 5272 2906 5345 promissiones
2945 5271 3015 5327 de
3075 5280 3239 5335 terra,
3271 5281 3302 5320 a
3334 5264 3496 5334 longe
3523 5277 3619 5314 au-

2026 5376 2137 5423 tem
2169 5365 2539 5436 praeviderunt
2567 5379 2682 5429 eas,
2722 5365 2825 5417 hoc
2866 5371 2972 5424 est.
3031 5367 3159 5415 ante
3194 5364 3434 5427 quatuor
3456 5366 3611 5424 gene-

2024 5457 2269 5512 rationes
2306 5470 2321 5509 :
2357 5454 2503 5525 quod
2540 5451 2746 5525 posteri
2784 5466 2977 5507 eorum
3025 5465 3092 5506 ex
3146 5447 3382 5519 [Egypto
3417 5458 3625 5499 ascen-

2035 5549 2254 5614 dentes,
2316 5546 2692 5604 htereditatem
2744 5559 2933 5602 eurum
2962 5542 3203 5599 adirent.
3254 5537 3383 5595 Haec
3440 5544 3628 5596 autem

1711 5817 1915 5882 Varia)
1946 5816 2282 5883 lectiones.

382 5929 433 5964 ιι
460 5928 523 5998 ἐξ
556 5944 614 5986 ο.
697 5925 751 5961 ⁸⁸
776 5920 1041 5984 λαθόντες
1072 5936 1126 5977 o.
