4044 6414
540 448 646 512 351

1430 438 2003 522 THEOPHYLACTI
2048 460 2466 526 BULGARli-E
2494 468 2847 531 ARCIIIEP.

3677 490 3775 556 353

542 563 820 620 enarratio
851 580 957 623 non
984 569 1237 640 sequitur
1259 587 1321 627 ea
1372 590 1494 643 qum
1531 575 1773 630 diximus
1828 576 1895 630 ad
1930 577 2074 631 istud

2293 577 2556 650 ἐξήγησις
2603 582 2704 634 οὐκ
2747 583 3035 638 ἀκολουθεί
3069 588 3179 649 τοῖς
3226 589 3528 658 εἰρημένοις
3579 597 3653 661 εἰς
3680 603 3767 654 τό·

542 647 645 703 Isti
664 668 862 721 omnes,
904 667 964 712 ut
1011 675 1132 730 quae
1160 664 1260 717 soli
1305 664 1618 720 Abrahamo
1649 669 1877 739 ejusque
1914 673 2126 737 nepoti-

540 737 642 795 bus
672 749 988 804 conveniat.

614 834 683 888 Et
723 839 954 904 confessi
1009 846 1150 913 quod
1194 850 1457 918 peregrini
1484 851 1589 904 sint
1624 860 1673 907 et
1702 852 1932 923 hospites
1968 870 2129 921 super

540 932 760 982 terram.
793 928 908 985 Non
939 936 1113 988 solum
1141 937 1194 990 in
1221 947 1363 993 terra
1414 945 1706 1011 promissa,
1734 961 1924 1001 verum
1956 948 2121 1000 etiam

541 1011 597 1065 in
623 1022 737 1069 toto
764 1026 1030 1105 terrarum
1067 1026 1217 1080 orbe.
1248 1028 1540 1101 Propterea
1582 1034 1725 1088 haud
1753 1051 1968 1105 aequum
1995 1053 2126 1091 cen-

545 1109 746 1164 sebant
775 1090 937 1167 ista‘m
969 1120 1221 1187 accipere
1254 1139 1270 1186 ;
1341 1140 1450 1180 non
1479 1131 1628 1181 enim
1682 1128 1797 1199 ipsa
1824 1130 1968 1201 digni
2005 1132 2122 1190 fue-

534 1208 664 1253 runt
720 1210 902 1269 patres
944 1207 1041 1271 illi,
1077 1212 1172 1265 sed
1229 1216 1393 1270 cmlo.
1450 1217 1866 1275 Postcriautem
1930 1238 2119 1282 eorum

533 1304 863 1360 acceperunt
912 1312 1075 1354 eam:
1110 1303 1185 1357 illi
1221 1314 1363 1360 terra
1393 1308 1610 1364 luerunt
1665 1310 1837 1382 digni.
1873 1315 2121 1384 Peregri-

532 1392 662 1432 num
692 1390 873 1438 autem
919 1396 979 1442 et
1008 1390 1274 1448 advenam
1309 1411 1371 1451 se
1401 1413 1525 1454 esse
1586 1401 1934 1461 Abrahamus
1976 1408 2117 1473 apud

531 1465 788 1526 Cltetteos
847 1473 1069 1534 disertis
1107 1483 1288 1540 verbis
1344 1488 1629 1555 professus
1674 1500 1777 1550 est.
1808 1493 2115 1560 Quinetiam

532 1574 726 1619 omnes
749 1569 887 1626 tales
911 1574 1151 1641 luerunt,
1182 1586 1241 1633 ut
1287 1579 1452 1637 David
1500 1591 1752 1653 testatur,
1785 1591 1995 1646 Adueua
2025 1609 2115 1664 ego

529 1669 649 1708 sum
679 1655 748 1723 ⁸⁸,
783 1661 992 1727 dicens,
1029 1669 1166 1722 sicut
1199 1682 1249 1724 et
1280 1689 1460 1729 omnes
1496 1689 1672 1744 patres
1703 1682 1824 1735 mei.

604 1745 771 1806 Vens.
796 1752 885 1819 M,
912 1757 1106 1821 15,16.
1139 1762 1245 1827 Qui
1274 1767 1412 1820 enim
1438 1769 1548 1823 Iure
1577 1773 1776 1838 dicunt,
1811 1775 2111 1845 significant

529 1853 587 1891 se
616 1842 844 1896 natriam
869 1845 1145 1916 inquirere.
1176 1851 1242 1906 Et
1295 1858 1344 1909 si
1380 1859 1590 1922 quidem
1627 1863 1793 1930 ipsius
1843 1867 2110 1922 meminis-

529 1940 668 1992 sent,
699 1931 764 1986 de
796 1950 901 2003 qua
934 1940 1194 2008 exierunt,
1225 1945 1486 2003 habebant
1512 1953 1688 2021 utique
1704 1965 1904 2022 tempus
1936 1974 2109 2013 rever-

527 2022 689 2075 tendi.
734 2022 893 2080 Nune
948 2040 1126 2084 autem
1178 2035 1447 2092 meliorem
1503 2052 1772 2109 appetunt,
1822 2046 2105 2104 caelestem.

523 2109 879 2179 Conﬁtentes,
918 2117 1111 2188 inquit,
1154 2126 1367 2194 seipsos
1436 2130 1702 2199 hospites,
1753 2134 2095 2200 significant,

523 2199 624 2253 hoc
650 2211 754 2269 est,
793 2206 1038 2265 indicant
1084 2228 1144 2269 se
1191 2219 1424 2285 patriam
1481 2223 1780 2289 inquirere.
1815 2223 2107 2281 Videamus

521 2290 690 2359 igitur
744 2299 959 2366 qualem
1021 2307 1254 2370 patriam
1325 2310 1648 2378 inquirant:
1716 2325 2106 2375 terrestremne

518 2398 685 2450 quam
720 2387 1075 2458 reliquerant,
1103 2403 1161 2449 ut
1184 2397 1455 2455 Abraham
1482 2402 1929 2474 Mesopotamiam
1952 2409 1976 2461 ?
2003 2412 2104 2464 At-

518 2472 612 2537 qui
648 2474 843 2532 licebat
868 2480 916 2534 ei
945 2486 1140 2538 reverti
1173 2486 1239 2541 ad
1271 2505 1415 2544 eam.
1453 2493 1723 2559 Quoniam
1762 2514 1887 2553 vero
1918 2517 2104 2558 rever-

522 2578 619 2617 sus
654 2580 760 2621 non
792 2578 897 2635 est,
931 2574 1281 2631 manifestum
1318 2593 1404 2634 est
1436 2586 1581 2651 quod
1613 2603 1788 2660 neque
1807 2591 2100 2660 hujusme‘

514 2652 757 2720 minerit,
808 2673 984 2729 neque
1029 2662 1144 2719 haec
1197 2666 1375 2724 fuerit
1436 2675 1612 2741 patria
1641 2677 1759 2746 ejus
1794 2698 1810 2746 ;
1840 2691 2096 2737 ueterum

511 2741 672 2797 aliain
748 2750 1041 2817 expetebat
1095 2756 1400 2824 meliorem,
1461 2778 1655 2834 nempe
1690 2771 2001 2832 cmlestem.
2039 2775 2094 2833 in

512 2846 678 2897 quam
736 2839 980 2894 nondum
1064 2856 1441 2913 opportunum
1526 2867 1644 2909 erat
1707 2860 1756 2913 ei
1829 2878 2098 2921 conscen-

510 2925 664 2980 dere.

582 3012 712 3071 Ideo
741 3034 843 3074 non
873 3023 1217 3093 confunditur
1273 3029 1432 3094 Deus,
1485 3041 1663 3093 uocari
1712 3040 1852 3098 Deus
1883 3063 2089 3105 eorum.
2118 3034 2122 3038 θ

507 3101 591 3158 0b
620 3107 1022 3180 hujuscemodi,
1054 3117 1251 3189 inquit,
1281 3136 1474 3178 eorum
1507 3128 1762 3185 virtutem
1783 3101 1928 3193 Deus
1954 3101 2090 3197 adeo

2234 665 2410 723 Οὗτοι
2459 671 2703 740 πάντες,
2761 676 2836 740 ὡς
2889 676 3203 747 ἁρμόζουσα
3251 681 3431 751 μόνοις
3482 689 3590 751 τοῖς
3654 697 3770 763 περὶ

2242 758 2514 831 Ἀϐραάμ.

2298 852 2409 905 Kal
2443 855 2936 925 ὁμολογήσαντες
2959 860 3049 915 ὅτι
3079 861 3241 927 ξένοι
3272 865 3369 919 καὶ
3402 872 3777 957 παρεπίδημοί

2225 943 2384 995 εἰσιν
2426 943 2526 997 ἐπί
2555 947 2666 1012 τῆς
2703 946 2835 1017 τῆς.
2881 951 2958 1003 Ού
3011 955 3172 1022 μόνον
3206 956 3306 1025 τῆς
3355 952 3775 1035 ἐπηγγελμένης,

2226 1031 2361 1085 ἀλλὰ
2384 1036 2565 1105 πάσης
2587 1037 2686 1104 τῆς
2710 1042 3040 1113 οἰκουμένης
3061 1045 3127 1100 ⁵⁸.
3145 1049 3246 1101 Διὰ
3275 1049 3435 1104 τοῦτο
3462 1054 3580 1106 οὐδὲ
3601 1031 3779 1124 ἠξίουν

2223 1118 2430 1192 ταύτην
2456 1123 2664 1180 λαϐεῖν.
2700 1129 2775 1180 Οὐ
2807 1130 2915 1200 γὰρ
2951 1130 3095 1203 ἦσαν
3124 1136 3297 1205 αὐτῆς
3327 1139 3488 1206 ἄξιοι,
3530 1118 3664 1197 ἀλλᾶ
3687 1147 3775 1201 τοῦ

2223 1211 2475 1281 οὐρανοῦ.
2502 1218 2567 1269 ΟΞ
2592 1218 2648 1271 δὲ
2677 1218 2890 1288 ἔκγονοι
2914 1225 3094 1281 αὐτῶν
3117 1228 3309 1281 ἔλαϐον
3341 1231 3563 1304 ταύτηνο
3594 1237 3779 1293 ἐκεῖνοι

2221 1300 2330 1370 γὰρ
2363 1297 2503 1372 ἦσαν
2527 1306 2623 1375 τῆς
2651 1310 2755 1376 γῆς
2773 1311 2937 1378 ἄξιοι.
2968 1314 3132 1380 Ξένος
3157 1317 3215 1370 δὲ
3247 1313 3388 1373 εἶναι
3414 1297 3511 1375 καί
3532 1325 3778 1394 πάροικος

2219 1389 2572 1464 ὡμολόγησεν
2625 1399 2654 1451 ὁ
2689 1400 2943 1473 Ἀϐραὰμ
2971 1405 3108 1474 πρὸς
3127 1406 3257 1471 τοὺς
3279 1409 3575 1476 Χετταίους
3603 1389 3779 1480 ἀὺταεξ

2218 1478 2419 1546 λέξεσι.
2454 1486 2601 1557 Πλὴν
2631 1490 2726 1542 καὶ
2759 1492 2960 1557 πάντες
2987 1495 3218 1549 τοιοῦτοι
3254 1493 3419 1568 ἦσαν,
3449 1502 3543 1554 καὶ
3579 1478 3778 1574 μαρτυξ

2217 1574 2305 1642 ρετ
2329 1574 2514 1642 Δαόὶδ,
2556 1578 2850 1649 Παρθικος
2889 1583 3004 1653 ἐγώ
3030 1587 3169 1655 ειμι,
3206 1588 3405 1657 λέγων,
3432 1592 3623 1659 καθὼς
3642 1594 3781 1649 πάν-

2214 1680 2314 1731 τες
2337 1668 2393 1720 ol
2417 1671 2669 1738 πατέρες
2692 1690 2831 1741 μου.

2287 1760 2352 1811 Ol
2399 1759 2509 1828 γὰρ
2567 1762 2815 1817 τοιαῦτα
2859 1764 3165 1834 λέγοντες.
3209 1770 3640 1841 ἐμφανίζουσιν
3696 1778 3779 1833 ὅτι

2212 1848 2469 1914 πατρίδα
2499 1848 2867 1918 ἐπιζητοῦσι.
2898 1857 3005 1909 Kal
3035 1859 3087 1910 εὶ
3111 1858 3229 1925 μὲν
3271 1860 3516 1929 ἐκείνης
3541 1865 3780 1936 ἐμνημό-

2212 1953 2231 1987 ι
2249 1953 2393 1991 ευον
2420 1939 2523 2008 ἀφ’
2556 1936 2652 2010 ἧς,
2681 1941 2968 2011 ἐξῆλθον,
3000 1942 3170 2015 εἶχον
3195 1948 3272 2002 ἂν
3299 1954 3514 2020 καιρὸν
3530 1954 3780 2025 ἀνακάμ-

2210 2030 2340 2095 ψαι.
2399 2030 2551 2085 Νυνὶ
2579 2031 2649 2085 δὲ
2691 2036 3031 2104 κρείττονος
3074 2039 3409 2110 ὀρέγονται,
3475 2046 3780 2102 τουτέστιν

2206 2119 2590 2187 ἐπουρανίου.
2618 2123 2907 2192 Λέγοντες,
2967 2131 3151 2198 φησιν,
3185 2133 3416 2198 ἑαυτοὺς
3451 2134 3652 2203 ξένους,
3686 2140 3779 2209 ἑμ-

2207 2212 2548 2279 φανίζουσιν,
2575 2215 2696 2268 ἀντὶ
2722 2215 2840 2283 τοῦ,
2895 2218 3257 2289 δεικνύουσιν,
3292 2226 3379 2279 ὅτι
3408 2230 3638 2298 πατρίδα
3668 2233 3777 2283 ἐπια

2206 2298 2484 2368 ζητοῦσιν.
2507 2305 2739 2375 Ἴδωμεν
2769 2303 2864 2361 οῦν
2897 2310 3146 2382 ποταπὴν
3164 2316 3406 2384 πατρίδα
3438 2317 3773 2389 ἐπιζητοῦσι·

2203 2393 2302 2460 τὴν
2354 2395 2540 2465 γήϊνον
2570 2399 2636 2467 ἥν
2671 2398 3021 2470 κατέλειψαν,
3063 2403 3139 2467 ὼς
3192 2406 3450 2478 Ἀϐραὰμ
3479 2411 3579 2480 τὴν
3610 2413 3775 2464 Μεσο-

2203 2485 2517 2553 ποταμίαν;
2549 2489 2655 2541 Καὶ
2684 2490 2792 2560 μὴν
2819 2491 2948 2562 ἐξῆν
2980 2494 3132 2564 αὐτῷ
3160 2496 3502 2569 ὑποστρέψαι
3534 2504 3611 2564 είς
3634 2503 3768 2555 ὲκεί-

2200 2591 2322 2641 νην.
2363 2577 2517 2631 Ἐπεὶ
2561 2578 2619 2632 δὲ
2671 2581 2769 2651 οὐχ
2814 2582 3147 2655 ὑπέστρεψε,
3204 2591 3479 2663 πρόδηλον
3532 2594 3606 2657 ὡς
3656 2593 3771 2647 οὔτε

2200 2667 2405 2739 ταύτης
2443 2670 2854 2740 ἐμνημόνευσεν
2877 2715 2892 2740 ,
2924 2675 3048 2730 οὔτε
3079 2677 3219 2749 αὕτη
3253 2676 3321 2752 ἦν
3358 2684 3508 2755 αὐτῷ
3558 2689 3763 2754 πατρὶς,

2197 2758 2313 2812 ἀλλ’
2343 2760 2509 2829 ἄλλης
2533 2763 2799 2836 ἐπεθύμει
2860 2769 3192 2839 κρείττονος,
3218 2775 3503 2831 τουτέστιν
3541 2781 3765 2849 ἐπουρα-

2196 2851 2332 2918 νίου,
2370 2855 2448 2917 εἰς
2470 2855 2536 2925 ἢν
2563 2855 2714 2910 οὔπω
2754 2855 2868 2929 εἶχε
2897 2862 3087 2933 καιρὸν
3120 2864 3419 2935 ἀναϐῆναι.

2266 3034 2364 3087 Διὸ
2421 3037 2531 3091 οὐκ
2580 3036 3012 3108 ἐπαισχύνεται
3055 3045 3280 3111 αὐτοὺς
3333 3050 3370 3102 ὁ
3418 3050 3581 3114 Θεὸς,
3634 3052 3769 3116 Θπιίς

2194 3124 2612 3182 ἐπικαλεῖσθαι
2646 3129 2871 3186 αὐτῶν.
2904 3132 3005 3186 Διὰ
3026 3133 3126 3205 τὴν
3152 3136 3413 3209 τοιαύτην
3436 3140 3617 3193 αὐτῶν
3646 3144 3755 3209 ἁρε-

504 3210 602 3250 eos
621 3201 799 3270 magni
828 3202 976 3271 facit,
1002 3215 1062 3262 ut
1093 3224 1218 3265 cum
1249 3212 1321 3267 sit
1348 3215 1514 3272 totius
1568 3223 1747 3277 mundi
1785 3223 1949 3293 Deus,
1975 3239 2087 3286 tum

506 3283 798 3313 :nn:n=I.:l:-
844 3301 947 3313 ιη...
1021 3296 1031 3308 ι
1240 3301 1251 3313 ι
1354 3303 1367 3313 .
1456 3307 1467 3313 -

2195 3211 2290 3278 τὴν
2345 3214 2372 3264 ὁ
2418 3213 2571 3280 Θεὸς,
2606 3218 2794 3287 φησιν,
2849 3219 3017 3285 οὕτως
3073 3201 3187 3293 ἔχει
3246 3201 3762 3313 αὐτοὺς-μεγάλους,

505 3283 821 3358 invisibilis,
844 3301 956 3349 tum
985 3296 1105 3366 ejus
1161 3301 1253 3370 qui
1284 3303 1387 3358 sub
1419 3307 1595 3362 visum
1643 3322 1888 3369 nostrum
1922 3320 2088 3389 cadit,

507 3388 618 3429 non
647 3381 921 3438 erubescit
951 3388 1302 3456 peculiariter
1337 3398 1522 3452 vocari
1556 3415 1746 3457 eorum
1781 3403 1945 3474 Deus,
1989 3428 2089 3481 pe-

504 3464 661 3522 rinde
682 3473 842 3539 quasi
868 3476 970 3544 ipsi
993 3481 1252 3538 omnibus
1275 3489 1547 3545 creaturis
1561 3492 1670 3546 sint
1688 3464 2085 3566 aaquipararidi.

508 3550 602 3609 Vel
636 3560 840 3628 potius,
880 3564 1026 3621 Deus
1065 3570 1253 3626 mundi
1281 3575 1502 3644 quidem
1533 3550 2089 3646 visibilis

412 3692 421 3699 .
500 3651 611 3709 tur,
639 3654 897 3721 tanquam
923 3652 1190 3714 Conditor
1216 3671 1272 3716 et
1332 3664 1646 3738 Dominus;
1708 3688 1815 3743 qua
1869 3679 2085 3738 ratione

495 3736 840 3796 ethnicorum
868 3745 1030 3802 etiam
1068 3761 1150 3805 est
1180 3750 1329 3810 Deus
1366 3757 1611 3815 :bormn
1661 3771 1844 3821 autem
1913 3770 2083 3829 veluti

498 3827 736 3895 amicus,
779 3833 923 3902 quod
953 3838 1130 3904 majus
1154 3849 1259 3897 est.

564 3915 790 3975 Pararit
819 3925 959 3979 enim
990 3927 1101 3984 illis
1156 3932 1440 3992 civitatem.
1474 3940 1629 3999 Adeo
1684 3961 1810 4003 eum
1860 3950 2078 4011 illorum

493 4017 604 4058 non
651 4008 841 4077 pudet,
881 4013 977 4068 sed
1014 4014 1317 4079 familiares
1366 4040 1462 4081 eos
1503 4026 1683 4099 habet,
1714 4043 1774 4089 ut
1804 4047 1858 4092 et
1889 4008 2076 4098 urbem

493 4110 659 4164 quam
689 4099 767 4155 illi
795 4100 1208 4177 desiderabant,
1240 4129 1435 4186 nempe
1464 4121 1769 4192 caelestem,
1801 4137 2077 4198 paraverit

489 4198 592 4241 ets.

563 4275 734 4336 Vens.
776 4283 866 4341 17.
900 4284 1038 4344 Fide
1064 4292 1254 4350 obtulit
1280 4299 1552 4356 Abraham
1586 4303 1858 4377 Isaacum,
1913 4316 2073 4389 737

487 4380 649 4431 quum
674 4375 990 4431 tentaretur.
1018 4376 1192 4449 Major
1221 4387 1477 4444 omnibus
1505 4389 1560 4445 in
1585 4391 1688 4452 (ide
1704 4375 2072 4462 Abrabaiu‘t'ts.

485 4452 589 4511 llic
615 4460 763 4515 enim
799 4479 908 4520 non
941 4468 1120 4526 solum
1151 4482 1351 4531 natura
1377 4485 1674 4552 pugnabat,
1713 4491 1811 4546 sed
1843 4501 1898 4548 et
1943 4514 2070 4554 ver-

484 4545 614 4600 bum
650 4547 739 4606 Dei
764 4567 885 4610 cum
922 4562 1181 4618 mandato
1211 4545 1416 4625 divino.
1447 4545 1499 4627 is
1528 4576 1672 4630 enim
1702 4582 1795 4649 qui
1820 4583 2057 4657 dixerat,
2095 4589 2142 4647 D

486 4637 607 4693 Tibi
636 4651 688 4695 et
714 4648 903 4701 semini
931 4658 1020 4705 tuo
1042 4653 1179 4712 dabo
1202 4668 1398 4716 terram
1423 4663 1488 4731 ",
1522 4666 1568 4722 is
1601 4637 1855 4744 imparat,
1889 4637 2067 4738 licet;

482 4729 652 4799 [ilium
684 4743 853 4791 tuum.
882 4741 1175 4812 Propterea
1224 4752 1426 4810 dicitur
1474 4729 2061 4846 tentari-Abrabamus,

479 4835 587 4876 non
605 4827 750 4894 quod
782 4829 925 4888 Deus
948 4851 1087 4907 opus
1109 4840 1333 4900 haberet
1355 4853 1591 4921 experiri
1621 4856 1743 4925 ejus
1768 4827 2053 4937 virtutem:

475 4925 665 4968 verum
698 4924 757 4971 ut
796 4934 898 4978 nos
922 4931 1258 4996 experientia
1291 4935 1411 5007 ipsa
1464 4949 1521 4997 et
1581 4924 1846 5016 operibus
1876 4924 2058 5015 disca;

473 5017 599 5058 mus
633 5007 886 5066 virtutem
922 5015 1061 5084 ejus.
1107 5021 1348 5082 Observa
1373 5039 1555 5089 autem
1593 5007 1740 5108 quod
1790 5051 2050 5106 tentatio-

473 5106 571 5147 nes
599 5095 735 5152 adeo
759 5101 921 5160 utiles
964 5117 1115 5173 sunt,
1145 5123 1204 5168 ut
1249 5117 1449 5175 nedum
1504 5125 1574 5181 ab
1607 5095 1731 5187 aliis
1752 5130 1895 5191 Deus
1922 5154 2051 5208 per-

473 5183 652 5239 mittat
677 5202 768 5244 eas
791 5196 1147 5263 superinduci
1175 5202 1449 5276 ﬁdelibus,
1475 5228 1664 5273 verum
1720 5220 1842 5293 ipse
1869 5183 2034 5287 etiam

469 5280 661 5345 tentet,
704 5293 758 5337 ut
776 5287 1119 5354 probatiores
1140 5301 1414 5360 ostendat.

494 5540 501 5556 Ι
540 5448 706 5513 Vens.
739 5460 937 5531 l7,18,
981 5467 1066 5525 l9.
1117 5471 1188 5528 Et
1255 5480 1584 5550 unigenitum
1642 5490 1916 5561 offerebat,
1953 5501 2046 5569 qui

544 5628 591 5662 ³⁸
617 5630 756 5689 Psal.
788 5652 1017 5712 xxxvtu,
1051 5647 1138 5704 l5.
1215 5651 1261 5686 “
1291 5654 1429 5713 Gen.
1453 5674 1543 5731 xv,
1579 5678 1711 5723 xm.

2196 3301 2337 3357 ὥστε
2372 3306 2467 3359 τοῦ
2501 3308 2710 3378 κόσμου
2762 3312 2965 3375 παντὸς
2989 3312 3065 3366 ὢν
3096 3315 3249 3380 Θεὸς,
3299 3320 3399 3374 τοῦ
3452 3340 3509 3374 τε
3542 3325 3763 3392 ἀοράτου

2192 3396 2288 3449 καὶ
2317 3397 2412 3453 τοῦ
2439 3400 2859 3470 ὁρωμένου,οὐκ
2892 3405 3281 3476 ἐπαισχύνεται
3313 3411 3466 3475 ἰδίως
3493 3412 3764 3467 καλεῖσθαι

2191 3486 2372 3541 αὐτῶν
2400 3489 2554 3555 Θεὸς,
2585 3493 2661 3554 ὡς
2688 3494 2950 3563 ίσοτίμων
2969 3497 3141 3552 ὄντων
3170 3501 3359 3572 πάσης
3388 3504 3492 3575 τῆς
3520 3506 3762 3568 κτίσεωςο

2192 3577 2393 3646 μᾶλλον
2459 3579 2517 3633 δὲ
2568 3580 2664 3634 τοῦ
2698 3582 2797 3653 μὲν
2834 3586 3036 3655 ὁρατοῦ
3070 3588 3279 3659 κόσμου
3305 3592 3440 3656 Θεὸς
3472 3594 3687 3663 λέγεται
3737 3597 3765 3648 ὸ

2187 3668 2343 3736 Θεὸς,
2375 3670 2452 3735 ὡς
2480 3674 2711 3745 ποιητὴς
2740 3670 2836 3730 διαὶ
2861 3677 3067 3751 Κύριος
3088 3696 3102 3711 ο
3148 3681 3290 3737 κατὰ
3342 3685 3509 3739 τοῦτο
3559 3687 3616 3740 δὲ
3676 3684 3765 3742 καὶ

2197 3760 2472 3833 Ἐλλήνων
2510 3764 2644 3830 Θεός
2674 3782 2689 3796 θ
2719 3767 2927 3823 τούτων
2955 3769 3037 3837 δὲ,
3068 3770 3145 3835 ὡς
3168 3773 3348 3842 φίλος,
3382 3776 3412 3830 ὃ
3445 3776 3650 3847 μεῖζον.

2264 3944 2584 4015 Ἠτοίμασε
2611 3950 2723 4017 γὰρ
2749 3950 2955 4018 αὐτοῖς
2983 3954 3185 4009 πόλιν.
3221 3956 3501 4012 Τοσοῦτον
3525 3960 3626 4012 οὐκ
3663 3959 3760 4010 ἐπ-

2181 4036 2503 4107 αισχύνεται
2565 4043 2788 4107 αὐτοὺς,
2840 4045 2957 4099 ἀλλ’
3006 4048 3243 4111 οἰκείους
3297 4049 3441 4120 ἔχει,
3501 4050 3642 4105 ὥστε
3672 4051 3761 4103 καὶ

2178 4128 2281 4198 τὴν
2312 4131 2489 4198 πόλιν,
2527 4133 2593 4203 ἢν
2623 4134 2938 4207 ἐπεθύμουν
2964 4137 3065 4209 τὴν
3088 4140 3147 4195 ὲν
3171 4142 3283 4203 τοῖς
3311 4142 3588 4212 οὐρανοῖς,
3616 4141 3761 4212 ἡτοί-

2180 4236 2354 4290 μασεν
2383 4221 2590 4286 αὐτοῖς.

2245 4315 2455 4368 Πίστει
2507 4317 2969 4389 προσενήνοχεν
3045 4322 3302 4391 Ἀϐραὰμ
3363 4324 3474 4379 τὸν
3551 4323 3753 4379 Ἰσαὰκ

2174 4404 2615 4475 πειραζόμενος.
2632 4409 2852 4475 Μείζων
2890 4413 3109 4468 πάντων
3133 4417 3200 4485 τῇ
3223 4415 3409 4471 πίστει
3440 4416 3751 4487 ὀἋσραάμ.

2186 4495 2454 4550 Ἐνταῦθα
2487 4498 2597 4569 γὰρ
2626 4500 2688 4553 οὐ
2725 4502 2885 4569 μόνον
2940 4502 3102 4571 φύσις
3162 4504 3432 4575 ἐμάχετο,
3470 4506 3607 4560 ἀλλὰ
3663 4504 3753 4557 καὶ

2168 4586 2327 4655 λόγος
2389 4588 2526 4643 Θεοῦ
2574 4590 2705 4662 θείῳ
2743 4595 3149 4665 προστάγματι.
3185 4596 3243 4650 '0
3275 4598 3386 4669 γὰρ
3424 4599 3617 4652 είπών·
3654 4597 3777 4669 Σοὶ,

2167 4681 2267 4735 καί
2310 4679 2392 4747 τῷ
2419 4682 2718 4752 σπέρματί
2743 4699 2861 4741 σου
2891 4686 3064 4741 δώσω
3088 4686 3205 4755 τῆν
3231 4687 3374 4757 γῆν,
3400 4682 3562 4753 οὗτος
3585 4703 3752 4759 προσ·

2165 4774 2395 4837 τάσσει,
2443 4775 2694 4845 Σφὰξον
2743 4778 2810 4832 τὸ
2861 4780 3078 4833 τέκνον
3108 4780 3152 4812 ⁸⁷
3183 4796 3323 4835 σου.
3387 4781 3483 4835 Διὸ
3535 4780 3750 4848 λέγεται

2166 4864 2529 4932 πειράζεσθαι
2566 4867 2840 4937 Ἀϐραὰμ,
2895 4869 2995 4940 οὐχ
3027 4868 3104 4932 ὡς
3136 4869 3232 4922 τοῦ
3288 4869 3430 4924 Θεοῦ
3487 4871 3745 4938 δεομένου

2166 4954 2359 5025 μαθεῖν
2384 4956 2485 5029 τὴν
2518 4958 2687 5012 αὑτοῦ
2744 4960 2970 5031 ἀρετὴν,
3018 4960 3135 5015 ἀλλ’
3172 4961 3258 5061 ἵνα
3284 4962 3449 5061 ημεῖς
3479 4965 3546 5031 τῇ
3580 4961 3748 5061 πείρᾳ

2160 5048 2299 5118 αὐτῇ
2332 5048 2430 5102 καὶ
2468 5052 2580 5113 τοῖς
2635 5050 2818 5121 ἔργοις
2847 5052 3112 5122 μάθωμεν
3164 5051 3264 5124 τὴν
3289 5053 3500 5122 ἀρετὴν
3555 5050 3743 5106 αὐτοῦ.

2157 5141 2476 5211 Σημείωσαι
2498 5142 2576 5202 δὲ.
2610 5144 2695 5197 ὅτι
2731 5144 2986 5200 τοσοῦτον
3014 5145 3289 5217 ὠφέλιμοι
3322 5147 3374 5200 οἱ
3414 5143 3737 5217 πειρασμοὶ,

2156 5233 2297 5287 ὥστε
2317 5236 2378 5289 οὐ
2406 5237 2567 5306 μόνον
2594 5241 2722 5309 παρ’
2752 5238 2928 5294 ἄλλων
2957 5240 3233 5310 συγχωρεῖ
3270 5238 3402 5302 Θεὸς
3432 5236 3738 5307 ἐπάγεσθαι

2154 5321 2383 5389 τούτους
2413 5329 2537 5390 τοῖς
2558 5330 2798 5393 πιστοῖς,
2846 5329 2986 5384 ἀλλὰ
3014 5331 3108 5384 καὶ
3138 5329 3303 5394 αὐτὸς
3330 5330 3617 5402 πειράζει,
3653 5327 3739 5380 ἵνα

2155 5413 2561 5489 δοκιμωτέρους
2588 5418 2757 5491 δείξῃ.

2224 5505 2335 5560 Καὶ
2374 5506 2481 5562 τὸν
2523 5510 2828 5582 μονογενῆ
2866 5512 3241 5584 προσέφερεν
3273 5514 3308 5568 ὁ
3341 5510 3458 5578 τὰς
3496 5510 3744 5580 ἐπαγγε-

1828 5763 2032 5828 Varite
2071 5765 2405 5831 lectiones.

551 5826 596 5861 “
635 5830 738 5900 γῆς
762 5848 815 5889 o.
892 5836 937 5871 ⁸⁷
973 5841 1195 5915 σπέρμα
1219 5861 1272 5904 o.
