4044 6428
316 369 427 430 35ῒ
996 356 1402 421 EXPOSiTIO
1434 354 1516 417 IN
1554 351 1802 415 EPIST.
1852 348 1944 407 AD

2048 341 2386 406 EBRiEOS.
2433 362 2507 375 -
2546 337 2706 398 CAP.
2748 334 2859 395 XI.
3495 324 3606 392 35$

315 484 462 546 ,ιιάς
512 474 842 544 δεξάμενος
884 474 963 539 ⁸⁸,
1014 473 1166 542 πρὸς
1212 472 1285 527 ὃν
1332 469 1605 537 ἐλαλήοη
1633 486 1646 499 ·
1676 467 1801 519 Ὅτι
1847 464 1915 518 ἐν

2048 457 2395 514 πτοηιὶδείοηεε
2427 460 2725 522 acceperat,
2768 449 2838 504 ad
2889 462 3042 519 quem
3092 446 3297 500 dictum
3349 452 3502 507 erat;
3540 443 3610 499 In

330 538 546 625 Ἰσαὰκ
596 538 981 636 κληθήσεται
1028 538 1151 618 σοι
1179 561 1459 632 σπέρμαο
1513 555 1927 627 Λογισὰμενος

2048 552 2194 607 isaac
2222 548 2497 605 vocabitur
2519 546 2615 601 tibi
2637 559 2836 599 semen.
2866 540 3153 597 Arbitrum
3171 538 3310 611 quod
3340 549 3388 593 et
3406 553 3439 592 a
3467 553 3611 591 mor-

316 664 413 717 ὄτι
445 661 545 716 καί
573 659 643 713 ἐκ
668 657 903 728 νεκρῶν
926 657 1183 728 ἐγείρειν
1206 654 1470 718 δυνατὸς
1496 654 1528 707 ό
1561 651 1726 715 Θεός.
1756 646 1929 700 Τοῦτο

313 756 380 807 τὸ
407 750 754 821 θαυμαστὸν,
781 751 866 803 ὅτι
892 747 1084 819 ἕτερον
1111 745 1186 816 μὴ
1212 743 1352 815 ἔχων
1378 742 1563 804 παῖδα,
1586 730 1731 794 δι’οὗ
1760 754 1929 809 προσ-

2036 644 2141 698 tuis
2159 642 2420 696 suscitare
2440 649 2625 709 potens
2662 636 2732 691 sit
2766 634 2928 689 Deus.
2996 631 3112 712 Hqc
3137 644 3270 686 sane
3318 629 3477 683 valde
3526 635 3614 682 est

2035 732 2443 795 adn-tirandum,
2476 728 2621 799 quod
2649 742 2775 780 cum
2809 725 2977 779 alium
3010 738 3122 778 non
3159 718 3386 774 haberet
3420 718 3613 783 illium,

320 845 497 898 εδὰκα
527 842 630 912 τὴν
664 838 1004 908 ἐπαγγελίαν
1037 834 1391 904 ἐκϐήσεσθαι,
1428 832 1567 887 ἀλλὰ
1601 830 1791 884 τοῦτον
1828 826 1928 898 μό-

322 954 435 997 νον,
465 936 624 1004 ὅμως
655 932 1032 1004 προσήνεγκεν
1057 926 1240 980 αὐτόν.
1270 925 1444 979 Ῑιὸθεν
1467 921 1633 1004 γοῦν)
1659 920 1768 976 ἀπὸ
1797 919 1929 972 πολ-

320 1028 419 1098 λῆς
446 1027 720 1087 ⁸πίστεως.
751 1022 1075 1076 Ἔπίστευσε
1103 1019 1212 1089 γὰρ
1246 1018 1327 1071 ὅτι
1362 998 1634 1069 δύναταιύ
1666 1012 1797 1075 Θεὸς
1833 1012 1929 1065 καὶ

328 1117 473 1190 μετὰ
513 1116 577 1169 τὸ
625 1114 926 1185 σφαγῆναι,
974 1112 1038 1165 ἐκ
1082 1107 1293 1181 νεκρῶν
1338 1106 1558 1176 ἐγείρας
1604 1102 1786 1169 αὐτὸν,
1830 1099 1930 1172 τὴν

346 1204 690 1274 ἐπαγγελίαν
721 1202 1047 1275 πληρῶσαι,
1082 1200 1176 1254 καὶ
1206 1196 1274 1252 δι’
1298 1194 1464 1252 αὐτοῦ
1497 1191 1933 1255 ἀναϐεϐιωκότος

350 1298 627 1370 τελῃθύναι
657 1295 721 1350 τὸ
755 1296 998 1366 σπέρμα.
1036 1294 1160 1356 Πῶς
1191 1291 1250 1345 δέ
1288 1287 1580 1362 μονογενὴς
1612 1282 1680 1358 ἦν
1715 1285 1897 1339 Ἰσαὰκ
1917 1323 1933 1349 ,

336 1395 537 1460 ὃπουγε
585 1389 686 1443 καὶ
726 1388 817 1442 τὸν
848 1384 1077 1457 Ἰσμαὴλ
1121 1377 1273 1454 elixa;
1313 1381 1450 1435 Ἀλλ’
1474 1382 1598 1435 ὅσον
1641 1378 1784 1432 κατὰ
1830 1375 1922 1430 τὸν

328 1482 673 1554 ἐπαγγελίας
704 1482 863 1549 λόγον
902 1479 1220 1550 μονογενής·
1259 1468 1412 1537 οὗτος
1448 1474 1556 1545 γὰρ
1592 1472 1685 1526 καὶ
1721 1470 1924 1542 κυρίως

332 1581 585 1649 σέρμα.
617 1577 718 1629 Ἐν
742 1573 950 1628 Ἰσαὰκ
983 1570 1092 1643 γὰρ
1127 1566 1501 1636 κληθήσεταί
1535 1578 1635 1619 σοι
1669 1562 1930 1631 σπέρμα.

403 1762 597 1814 Ὅθεν
633 1755 817 1811 αὐτὸν
863 1753 962 1809 καὶ
1007 1752 1078 1806 ἐν
1118 1747 1436 1819 παραϐολῇ
1476 1749 1819 1816 ἐκομίσατο.
1867 1744 1933 1797 Τί

335 1858 453 1908 ἐστι
497 1852 583 1914 τὸ,
609 1850 680 1905 ἐν
705 1844 1055 1916 παραϐολῇ;
1094 1844 1213 1898 ἀντὶ
1254 1842 1370 1907 τοῦ,
1414 1843 1471 1895 ἐν
1511 1842 1687 1910 τύπῳ,
1728 1840 1807 1901 είς
1848 1836 1924 1890 ἔνο

334 1943 513 2010 δειξιν
541 1938 846 2011 μυστηρίου
871 1934 964 1990 τοῦ
993 1933 1136 1987 κατὰ
1159 1932 1415 2003 Χριστόν.
1438 1929 1651 1999 Ὥσπερ
1677 1928 1784 1996 γὰρ
1810 1924 1930 1976 τότε

336 2040 366 2089 6
399 2035 507 2106 μὲν
536 2010 727 2085 Ἰσαὰκ
751 2027 974 2099 ἀφείθη,
998 2028 1025 2080 6
1053 2026 1109 2079 δὲ
1138 2023 1290 2097 κριὸς
1318 2022 1533 2090 ἐσφάγη
1553 2039 1565 2051 ·
1597 2018 1768 2080 οὓτως
1798 2019 1824 2070 6
1853 2010 1930 2078 εἷς

341 2125 618 2199 Χριστὸς.
652 2122 783 2184 Θεὸς
812 2118 887 2174 ὢν
919 2117 1015 2173 καὶ
1048 2115 1334 2188 ἄνθρωπος
1367 2114 1396 2166 6
1429 2113 1623 2175 αὐτὸς,
1660 2110 1799 2163 κατὰ
1834 2108 1932 2178 μὲν

339 2218 405 2271 τὸ
440 2216 791 2285 ἀνθρώπινον
821 2201 972 2281 ὑπὲρ
994 2206 1154 2280 ἡμῶν
1185 2204 1374 2275 ἐτύθη,
1406 2206 1438 2273 ἡ
1471 2202 1529 2256 δὲ
1564 2202 1753 2268 θεότης
1788 2201 1932 2253 ἀπα-

342 2308 447 2377 θὴς
475 2304 743 2374 διέμεινε.
773 2302 883 2355 Καὶ
912 2299 1086 2361 ἄλλως
1113 2297 1192 2361 δὲ,
1217 2296 1246 2349 6
1273 2293 1526 2366 Ἀϐραὰμ
1551 2292 1718 2355 τύπος
1746 2286 1813 2361 ἦν
1839 2287 1932 2342 τοῦ

344 2394 491 2450 Θεοῦ
544 2395 641 2449 καὶ
689 2392 935 2463 Πατρδς,
986 2392 1014 2445 6
1044 2388 1233 2443 Ἰσαὰκ
1279 2386 1375 2440 τοῦ
1429 2385 1561 2440 Υίοῦ
1611 2384 1704 2438 τοῦ
1752 2382 1886 2437 Θεοῦ
1914 2398 1929 2412 ·

348 2486 547 2553 ἐπειδὴ
582 2482 809 2556 ἔμελλεν
836 2484 865 2535 ὁ
897 2480 1030 2544 Θεὸς
1060 2477 1120 2532 τὸ
1155 2476 1299 2547 μέγα
1328 2474 1486 2529 τοῦτο
1516 2474 1610 2527 καὶ
1641 2472 1782 2541 ὑπὲρ
1809 2469 1935 2522 νοῦν

351 2577 665 2650 μυστήριον
703 2570 1085 2642 οἰκονομῆσαι,
1126 2568 1221 2622 καὶ
1256 2565 1443 2622 δοῦναι
1473 2563 1569 2619 τδν
1598 2563 1727 2616 Υίὺν
1769 2559 1934 2615 αὐτοῦ

350 2671 502 2740 ὐπέρ
545 2667 732 2740 ἡμῶν,
782 2664 989 2737 σφόδρα
1034 2658 1412 2731 φιλάνθρωπος
1460 2657 1575 2710 ῶν·
1616 2656 1739 2710 οὐδὲ
1781 2651 1937 2707 τοῦτο

348 2760 636 2836 ἠϐουλήθη
683 2757 759 2821 ὡς
782 2755 945 2827 χάριν
972 2751 1137 2809 αὐτοῦ
1166 2752 1304 2806 ἰδίαν
1325 2749 1532 2817 δοῦναι,
1554 2749 1668 2803 ἀλλ’
1690 2747 1765 2812 ὡς
1790 2748 1939 2816 ὀφει-

350 2851 455 2922 λὴν
489 2847 807 2904 ἀποδοῦναι.
848 2846 1062 2902 Ὦσανεὶ
1094 2842 1319 2899 τοιαῦτα
1355 2842 1530 2912 λέγων
1560 2855 1574 2869 ·
1612 2841 1778 2895 Οὐδὲν
1813 2856 1938 2891 και-

350 2944 447 2999 νὸν
470 2941 669 3011 δίδωμι
695 2942 761 3007 τῇ
789 2938 1108 3010 ἀνθρωπίνῃ
1138 2933 1299 3006 φύσει
1330 2933 1472 3000 ὑπὲρ
1497 2931 1667 3000 αὐτῆς
1692 2930 1784 2983 τὸν
1810 2928 1939 2982 Υίόν

353 3053 459 3106 μου
486 3032 658 3088 θύων.
684 3030 745 3084 Ὀ
771 3033 879 3100 γὰρ
903 3026 1155 3098 Ἀϐραὰμ
1179 3024 1269 3079 τὸν
1294 3023 1422 3076 Υίδν
1448 3019 1616 3076 αὐτοῦ
1641 3020 1943 3091 ἀνήνεγκεν

348 3125 500 3196 ῠπὲρ
514 3122 654 3194 ἐμοῦ
679 3121 1000 3190 σφαγιάσαι.
1026 3118 1189 3170 ’Ὥστε
1220 3114 1319 3185 τὴν
1349 3113 1573 3183 ὀφειλὴν
1603 3110 1904 3202 ἀποδίδῶμι
1924 3147 1940 3175 ,
1970 3146 2013 3202 C

347 3218 410 3270 οὐ
450 3217 621 3287 χάριν
652 3212 869 3282 δίδωμι.
894 3211 966 3263 Ἦ
996 3207 1078 3273 τὸ,
1115 3208 1186 3262 ἐν
1214 3202 1548 3275 παραϐολῇ,
1583 3203 1706 3257 ἀντὶ
1733 3200 1850 3267 τοῦ,
1888 3204 1947 3255 ὲν

348 3309 430 3381 τῷ
466 3306 614 3378 κριῷ
649 3304 951 3374 ἐκομίσατο
983 3301 1146 3354 αὐτὸν
1175 3300 1204 3353 6
1232 3297 1516 3369 Ἀϐραὰμ,
1546 3296 1857 3361 τουτέστιν,
1890 3295 1950 3348 ἐν

345 3405 417 3474 τῇ
444 3399 724 3454 ἁντιδὸσει
742 3396 836 3451 τοῦ
863 3394 1018 3465 κριοῦ
1036 3410 1050 3424 ’
1075 3391 1135 3456 ὃς
1157 3391 1313 3463 κριὸς
1333 3390 1504 3453 τύπος
1527 3384 1596 3460 ἦν
1619 3387 1714 3442 τοῦ
1740 3388 1948 3454 Ἰσαὰκ,

348 3494 667 3555 τουτέστιν,
704 3488 998 3550 ἀντίτυπος
1026 3483 1122 3538 τοῦ
1156 3482 1343 3538 Ἰσαὰκ
1371 3482 1610 3551 ἐσφάγη.

430 3673 644 3726 Πίστει
677 3667 812 3737 περὶ
841 3666 1195 3738 μελλόντων
1226 3665 1569 3734 εὐλόγησεν
1604 3660 1813 3718 Ἰσαὰκ
1845 3664 1953 3716 τᾶν

369 3764 589 3823 Ἰακὼϐ
616 3761 719 3817 καί
746 3760 856 3815 τὸν
884 3757 1092 3815 Ἠσαῦ.
1124 3757 1295 3812 Πόθεν
1324 3757 1434 3831 γὰρ
1468 3757 1808 3825 ἐπηγγέλετο
1838 3758 1951 3818 τοῖς

363 3858 502 3920 uici;
537 3854 710 3910 αὐτοῦ
741 3852 982 3908 τοσαῦτα
1021 3849 1203 3920 ἀγαθὰ
1241 3850 1405 3914 αὐτὸς
1444 3852 1503 3903 ἐν
1541 3849 1680 3920 ξένῳ
1700 3849 1748 3883 ⁸⁸
1781 3847 1955 3921 καθή-

380 3964 569 4019 μενος,
597 3948 644 4000 εί
675 3945 754 4018 μὴ
784 3943 1141 4008 ἐπίστευσεν,
1169 3941 1252 3996 ὅτι
1279 3943 1309 3994 6
1336 3939 1469 4004 Θεδς
1495 3938 1656 3993 δώσει
1683 3939 1753 3993 τὰ
1782 3940 1954 4009 ἐπηγ-

380 4036 649 4107 νῖμένα;
667 4036 736 4090 Τί
761 4036 821 4089 δέ
848 4037 987 4101 ἐστι,
1013 4032 1147 4104 περὶ
1159 4031 1540 4104 μελλόντων;
1565 4031 1636 4083 Ἦ
1656 4029 1738 4083 ὅτι
1764 4030 1871 4083 τῶν
1899 4032 1954 4083 ἐν

369 4128 455 4200 τῷ
485 4127 732 4199 “eum:
765 4126 957 4190 αίῶνι,
989 4125 1089 4198 τὴν
1122 4125 1231 4195 γὰρ
1265 4123 1563 4178 ἀνάστασιν
1596 4121 1823 4193 ᾔδεσαν,
1859 4121 1955 4174 καὶ

364 4219 563 4292 νωῖταὶ
590 4215 730 4290 ἦσαν
759 4219 817 4273 αἱ
850 4214 1120 4285 εὐλογίαι,
1151 4214 1185 4286 ἢ
1219 4214 1349 4285 περὶ
1377 4212 1484 4266 τῶν
1518 4213 1577 4264 ὲν
1608 4214 1674 4282 τῇ
1708 4213 1778 4283 γῇ
1814 4211 1954 4279 ἁγαο

365 4313 504 4378 ϐῶν,
550 4306 630 4365 ὧν
671 4309 898 4380 ἔμελλον
937 4306 1095 4361 αὐτοὶ
1132 4304 1457 4375 λαμϐάνειν,
1504 4302 1538 4375 ἢ
1582 4304 1632 4356 οἱ
1672 4300 1733 4367 ἐξ
1776 4302 1957 4356 αὐτῶν

363 4404 788 4476 τεχθησόμενοι.
826 4400 1127 4472 Προτάττει
1170 4398 1228 4453 δὲ
1267 4395 1358 4451 τὸν
1390 4394 1587 4450 Ἰακὼϐ
1632 4394 1727 4448 τοῦ
1760 4392 1954 4457 Ἠσαῦ,

1960 1806 2006 1866 Β

2038 841 2138 896 per
2171 838 2332 894 quem
2376 821 2805 892 promissionem
2841 814 3064 871 evenire
3092 819 3363 883 speraret,
3420 817 3618 880 praeter

2038 917 2185 972 hunc
2240 914 2440 979 solum,
2499 927 2622 966 eum
2669 918 2849 964 tamen
2867 906 3146 963 obtulerit.
3182 903 3335 959 Unde
3369 901 3619 957 scilicet?

2039 1026 2103 1067 ex
2138 1010 2306 1063 multa
2347 1017 2404 1062 et
2434 1004 2643 1077 ingenti
2675 1003 2801 1059 ﬁde.
2832 1000 3078 1056 Credidit
3102 999 3245 1055 enim
3275 997 3419 1069 quod
3441 994 3620 1067 possit

2036 1101 2182 1156 Deus
2213 1109 2335 1168 post
2367 1099 2591 1163 caedem,
2633 1110 2663 1150 a
2695 1095 2927 1151 mortuis
2956 1095 3078 1163 ipso
3115 1090 3405 1155 suscitato,
3460 1102 3617 1143 com-

2037 1194 2185 1267 plere
2219 1192 2665 1264 promissionem,
2696 1203 2761 1244 ac
2801 1202 2899 1259 per
2927 1187 3108 1257 ipsum
3140 1183 3440 1239 redivivum
3469 1181 3616 1234 mul-

2037 1285 2285 1355 tiplicare
2318 1298 2527 1339 semen.
2558 1278 2850 1347 Quomodo
2916 1288 3098 1331 autem
3150 1274 3466 1346 unigenitus
3499 1279 3619 1326 erat

2038 1376 2211 1443 Isaac,
2248 1391 2372 1430 eum
2405 1385 2456 1429 et
2486 1372 2762 1427 lsmaelem
2823 1368 3086 1423 haberet?
3108 1368 3178 1419 At
3225 1376 3500 1437 quatenus
3548 1363 3618 1416 ad

2039 1468 2458 1539 promissionem
2482 1466 2740 1536 pertinet,
2765 1461 3079 1531 unigenitus
3097 1465 3214 1513 erat
3241 1457 3361 1510 :ille
3382 1466 3620 1523 namque

2042 1559 2257 1630 proprie
2287 1573 2474 1614 smneu
2510 1563 2649 1612 erat.
2696 1553 2764 1610 In
2805 1551 2968 1607 Isaae
3028 1552 3169 1606 enim
3213 1548 3487 1605 vocabitur
3523 1546 3618 1599 tibi

2042 1668 2240 1706 senmt.

2116 1743 2265 1798 Unde
2298 1753 2345 1797 et
2373 1745 2546 1810 ipsum
2573 1743 2627 1795 in
2650 1737 2909 1813 parabola
2932 1734 3153 1806 accepit.
3183 1732 3324 1799 Quid
3357 1740 3440 1787 est
3471 1730 3618 1799 quod

2034 1837 2131 1902 ait,
2159 1834 2219 1890 In
2244 1833 2500 1904 paraboia
2526 1833 2553 1887 ἵ
2574 1833 2626 1886 id
2652 1841 2757 1897 est,
2788 1831 2843 1885 in
2894 1829 3086 1899 ﬁgura,
3157 1824 3226 1879 ad
3280 1825 3622 1878 demonstra-

2034 1930 2242 1982 tionem
2314 1923 2561 1996 mysterii
2590 1921 2737 1993 quod
2779 1924 2833 1975 in
2891 1917 3115 1972 Christo
3160 1925 3300 1970 erat.
3343 1912 3411 1967 Ut
3469 1912 3619 1966 enim

2034 2029 2148 2073 tum
2179 2016 2332 2071 Isaac
2361 2013 2626 2069 dimissus
2681 2020 2786 2076 est,
2818 2010 2963 2064 aries
3010 2015 3190 2062 autem
3239 2019 3416 2060 caesus
3473 2020 3487 2058 :
3538 2006 3621 2057 sic

2035 2126 2178 2165 unus
2204 2108 2476 2172 Christus,
2502 2107 2593 2177 qui
2615 2111 2669 2161 et
2701 2102 2849 2158 Deus
2895 2112 2979 2155 cst
3016 2111 3069 2154 et
3100 2101 3285 2161 homo,
3312 2092 3618 2152 secundum

2036 2210 2328 2260 humanam
2361 2212 2645 2268 naturam,
2675 2216 2773 2271 pro
2795 2195 3283 2254 nobisimmulatus
3305 2200 3410 2256 est,
3441 2189 3622 2246 Deitas

2034 2312 2167 2353 vero
2214 2310 2414 2366 expers
2471 2292 2747 2365 passionis
2818 2287 3195 2361 permanebat.
3246 2284 3391 2351 Quin
3457 2282 3621 2338 etiam

2035 2387 2314 2443 Abraham
2344 2385 2450 2440 fuit
2485 2395 2652 2455 typus
2706 2380 2801 2435 Dei
2852 2378 3053 2441 Patris,
3110 2377 3265 2432 Isaac
3318 2390 3448 2429 vero
3498 2372 3624 2427 Filii

2039 2477 2131 2532 Dei
2170 2494 2186 2531 :
2221 2473 2669 2547 quandoquidem
2698 2472 2843 2528 Deus
2887 2486 2985 2525 ceu
3015 2484 3182 2541 supra
3233 2467 3454 2523 modum
3512 2466 3627 2521 cle-

2038 2586 2191 2626 mens
2216 2580 2268 2625 et
2294 2569 2592 2640 benignus,
2632 2581 2891 2637 magnum
2922 2565 3026 2641 hoc
3065 2574 3117 2617 et
3150 2561 3375 2616 humani
3417 2554 3624 2630 ingenii

2037 2674 2256 2734 captum
2292 2674 2640 2731 exsuperans
2671 2660 2991 2729 mysterium
3020 2655 3433 2723 dispensaturus
3457 2658 3626 2715 esset,

2039 2769 2105 2808 ac
2142 2752 2344 2808 Filium
2382 2765 2542 2806 suum
2576 2764 2676 2820 pro
2704 2748 2863 2802 nobis
2897 2746 3159 2810 daturus;
3191 2757 3368 2812 neque
3404 2743 3507 2795 hoc
3528 2756 3630 2794 vo-

2042 2846 2146 2899 luit
2191 2859 2292 2899 ceu
2323 2845 2527 2899 donum
2564 2854 2724 2896 suum
2778 2839 3060 2909 proprium
3132 2851 3197 2889 ex
3231 2833 3405 2904 gratia
3470 2831 3625 2895 dare,

2045 2936 2140 2994 sed
2191 2935 2357 2990 veluti
2393 2934 2637 2989 debitum
2664 2931 2916 2986 reddere.
2964 2926 3198 2982 Perinde
3237 2925 3395 2995 quasi
3428 2923 3576 2977 dicat
3608 2941 3625 2977 :

2042 3032 2186 3088 Nihil
2220 3032 2344 3085 novi
2373 3030 2625 3083 humanm
2655 3033 2865 3080 natura:
2917 3021 3190 3093 impertio,
3218 3019 3412 3074 Filium
3449 3030 3630 3070 meum

2045 3140 2145 3195 pro
2172 3122 2288 3193 ipsa
2319 3119 2632 3174 immolans.
2674 3115 2950 3171 Abraham
3004 3113 3148 3167 enim
3210 3125 3307 3181 pro
3345 3122 3430 3162 me
3480 3116 3535 3162 et
3575 3107 3632 3161 in

2053 3216 2157 3272 mei
2187 3214 2417 3286 gratiam
2448 3212 2618 3266 lilium
2651 3225 2811 3265 suum
2832 3206 3119 3262 immolare
3140 3201 3419 3259 sustinuit.
3443 3200 3633 3265 Itaque

2052 3303 2296 3358 debitum
2333 3290 2524 3365 reddo,
2549 3314 2659 3353 non
2685 3296 2917 3368 gratiam
2945 3294 3035 3349 do.
3060 3290 3176 3355 Vel,
3203 3289 3257 3343 in
3286 3287 3636 3342 similitudine

2055 3395 2159 3449 hoc
2191 3400 2301 3459 est,
2338 3392 2394 3446 in
2420 3391 2591 3446 ariete
2626 3387 2826 3444 obtulit
2855 3386 3035 3456 ipsum
3080 3381 3380 3445 Abraham,
3409 3378 3514 3432 hoc
3550 3382 3635 3430 est

2050 3489 2106 3542 in
2145 3486 2552 3556 permutatione
2573 3480 2799 3536 arietis:
2832 3479 2924 3550 qui
2943 3477 3087 3531 aries
3114 3482 3277 3546 typus
3301 3480 3419 3527 erat
3440 3468 3634 3535 lsaaci,

2054 3579 2157 3633 hoc
2187 3585 2293 3642 est,
2336 3576 2507 3647 ﬁgura
2545 3574 2718 3629 lsaaci
2765 3588 2904 3627 caasa
2932 3577 3074 3624 erat.

2123 3667 2291 3723 Vens.
2324 3666 2414 3725 20.
2446 3665 2581 3720 Fide
2619 3665 2684 3720 de
2736 3662 2936 3733 futuris
2976 3660 3243 3716 benedixit
3275 3659 3436 3714 Isaac
3465 3653 3636 3710 Iacob

2053 3770 2101 3814 et
2125 3758 2292 3813 Esau.
2329 3757 2482 3811 Unde
2534 3755 2681 3810 enim
2736 3752 3088 3825 promisisset
3127 3749 3256 3804 ﬁliis
3312 3748 3431 3805 suis
3487 3751 3636 3798 tanta

2056 3849 2222 3912 bona,
2270 3849 2387 3917 ipse
2411 3846 2466 3900 in
2496 3843 2786 3914 peregrina
2821 3848 2964 3896 terra
2995 3837 3314 3900 considens,
3335 3837 3438 3891 nisi
3464 3833 3636 3889 Deum

2055 3938 2330 4010 prmuissa
2362 3937 2617 3990 daturum
2642 3930 2807 4001 738
2833 3927 3163 3984 credidisset
3189 3925 3215 3979 ?
3238 3921 3380 3992 Quid
3400 3936 3531 3977 vero
3554 3927 3641 3974 est

2055 4033 2203 4098 quod
2232 4029 2326 4093 ait,
2356 4027 2418 4081 de
2450 4023 2690 4095 futuris?
2723 4019 2819 4077 Vel
2850 4020 2918 4076 de
2953 4020 3021 4074 iis
3051 4034 3174 4088 qua
3229 4016 3552 4085 contingent
3582 4013 3640 4066 in

2056 4120 2244 4175 futuro
2293 4117 2519 4181 saeculo,
2591 4112 3049 4170 resurrectionem
3096 4109 3243 4164 enim
3299 4113 3521 4171 norant,
3587 4111 3644 4159 et

2063 4210 2377 4279 spiritualcs
2409 4207 2630 4262 fuerunt
2652 4202 3165 4275 promissiones,vel
3195 4200 3263 4256 de
3286 4208 3446 4255 terrae
3477 4197 3640 4254 bonis

2059 4320 2183 4376 qua:
2222 4303 2325 4373 ipsi
2365 4301 2645 4371 accvpturi
2701 4304 2883 4362 erant,
2944 4299 3029 4352 vel
3089 4311 3156 4352 ex
3212 4294 3351 4366 ipsis
3399 4290 3643 4348 oriundi.

2063 4396 2291 4451 l‘ratiert
2312 4403 2492 4449 autem
2519 4391 2689 4448 Jacoh
2719 4391 2826 4463 ipsi
2848 4389 3016 4455 Esau,
3039 4403 3140 4443 ceu
3156 4402 3281 4443 eum
3317 4385 3412 4457 qui
3447 4384 3647 4439 virtute

363 4475 444 4561 ὡς
473 4497 760 4565 ἐνάρετον,
786 4494 882 4546 καὶ
908 4493 984 4556 ὡς
1009 4491 1077 4545 τὰ
1106 4488 1450 4562 πριυτοτόκια
1473 4487 1755 4560 είληφότα,
1782 4484 1877 4539 καὶ
1902 4485 1944 4537 ἐκ

2064 4486 2344 4551 claruerit,
2376 4495 2431 4541 et
2455 4484 2548 4554 qui
2578 4484 2669 4553 jus
2697 4480 3146 4553 primogenitum
3173 4477 3472 4547 acceperit,
3501 4489 3566 4530 ac
3587 4475 3644 4529 in

369 4591 541 4643 πᾶσιν
575 4588 726 4655 ἀξιον
759 4582 1180 4655 προτάττεσθαι.

442 4685 660 4737 Πίστει
699 4678 913 4734 Ἰακὼὸ
937 4674 1349 4743 ἀποθνήσκων
1371 4674 1636 4729 ἕκαστον
1659 4673 1781 4726 τῶν
1814 4669 1962 4724 Υίῶν

380 4774 617 4841 Ἰωσὴφ
672 4770 1007 4841 εὐλόγησε,
1061 4768 1163 4822 καὶ
1221 4766 1688 4835 προσεκύνησεν
1739 4760 1839 4816 ἐπί
1894 4761 1963 4814 τὸ

368 4865 567 4931 ἄκρον
598 4860 707 4931 τῆς
740 4860 968 4930 ῥάϐδου
1001 4858 1210 4914 αὑτοῦ.
1247 4857 1367 4912 Υἱοὶ
1403 4857 1604 4927 Ἰωσὴφ
1625 4896 1639 4919 ,
1676 4855 1704 4909 6
1737 4854 1962 4908 Μανασ-

370 4957 481 5025 σῆς
506 4955 605 5009 καὶ
631 4955 660 5007 ὁ
687 4952 928 5024 Ἐφρατμ
946 4967 960 4983 ο
995 4951 1091 5006 καὶ
1120 4952 1149 5004 6
1182 4950 1282 5021 μὲν
1308 4949 1614 5019 Μανασσῆς
1644 4944 1860 5018 πρῶτος
1878 4944 1924 4976 ιο
1945 4960 1959 4975 .

366 5049 400 5102 6
442 5048 504 5101 δέ
536 5045 818 5118 Ἐφραϊμ,
851 5043 1079 5114 ὕστερος
1103 5058 1118 5074 ’
1154 5043 1306 5113 ὅμως
1336 5039 1532 5096 Ἰακὼϐ
1575 5038 1839 5105 εὐλόγησε
1872 5035 1963 5088 τὸν

383 5136 640 5211 Ἐφραῖμ
671 5137 917 5209 μείζοσιν
946 5135 1221 5205 εὐλογίαις
1239 5175 1256 5200 ,
1288 5133 1384 5188 καὶ
1411 5135 1479 5204 τῇ
1508 5132 1610 5202 τῆς
1636 5130 1817 5196 δεξιᾶς
1846 5144 1963 5199 χει-

375 5233 475 5303 ρὸς
520 5229 853 5298 ἐναλλάγδην
893 5226 1174 5293 ἐπιθέσει,
1214 5226 1308 5280 καὶ
1347 5221 1603 5279 τοσοῦτον
1643 5220 1965 5275 ἐπίστευσεν

373 5325 464 5377 ὅτι
514 5321 843 5394 ἐκϐήσονται
889 5320 947 5373 αἱ
991 5318 1257 5388 εὐλογίαι,
1297 5317 1393 5371 καὶ
1444 5314 1756 5386 βασιλεύσει
1801 5317 1835 5386 ἡ
1873 5315 1967 5370 τοῦ

386 5415 639 5489 Ἑφραῒμ
673 5415 849 5489 φυλὴ,
874 5412 1031 5468 ’ὥστε
1065 5414 1164 5467 καὶ
1196 5414 1309 5476 τοῖς
1342 5410 1528 5482 ἔργοις
1560 5410 1744 5474 αὐτοῖς
1776 5408 1967 5476 ἔδειξε.

2063 4581 2322 4634 omnibus
2344 4579 2544 4646 dignus
2578 4585 2696 4633 erat
2732 4574 2827 4647 qui
2849 4572 3235 4643 praeferreturq

2150 4692 2317 4748 Vens.
2354 4692 2446 4746 21.
2493 4689 2627 4745 Fide
2678 4688 2846 4745 Iacob
2871 4687 3099 4742 moriens
3135 4683 3371 4756 singulos
3413 4683 3650 4753 ﬁliorum

2068 4785 2265 4850 Ioseph
2295 4783 2583 4846 benedixit,
2603 4793 2650 4836 et
2679 4781 2922 4835 adoravit
2949 4779 3018 4832 ad
3037 4777 3314 4848 fastigium
3335 4775 3492 4844 uirga:
3508 4774 3646 4843 ejus.

2068 4858 2195 4932 Pilii
2228 4877 2453 4948 Joseph,
2477 4876 2759 4931 Manasses
2782 4882 2837 4930 et
2866 4872 3126 4942 Ephraim
3160 4887 3174 4924 :
3210 4868 3490 4924 Manasses
3523 4867 3651 4936 qui-

2071 4971 2194 5025 dem
2228 4969 2378 5038 prior
2415 4977 2555 5031 erat,
2587 4965 2847 5035 Ephraim
2880 4979 3013 5019 vero
3041 4963 3316 5033 posterior
3356 4973 3378 5018 ι
3406 4968 3650 5014 attamen

2070 5059 2337 5130 Ephraim
2364 5056 2536 5114 Jacob
2581 5057 2887 5126 majoribus
2919 5052 3399 5110 benedimionibus
3430 5048 3658 5106 benedi-

2069 5152 2173 5215 xit,
2191 5152 2506 5218 dextraeque
2537 5163 2732 5204 manus
2756 5161 2854 5217 per
2879 5153 3255 5202 transversum
3282 5140 3653 5212 impositione,

2075 5256 2139 5296 ac
2166 5239 2223 5293 in
2251 5249 2462 5293 tantum
2499 5236 2734 5293 credidit
2785 5244 3080 5293 eventuras
3129 5231 3563 5293 benedictiOnes,
3601 5239 3656 5282 et

2078 5332 2225 5404 quod
2258 5331 2434 5388 tribus
2454 5329 2710 5402 Ephraim
2736 5338 3024 5399 regnatura
3055 5332 3207 5391 erat;
3233 5332 3292 5377 ut
3317 5332 3372 5378 et
3396 5319 3658 5391 operibus

2080 5422 2215 5494 ipsis
2245 5419 2786 5477 commonstraverit.
2835 5415 3100 5472 Adoravit
3147 5414 3292 5468 enim
3331 5409 3659 5481 Josephum,

376 5511 769 5584 Προσεκίωησε
811 5509 927 5581 γὰρ
959 5506 1040 5579 τῷ
1073 5506 1307 5579 Ἰωσὴφ,
1341 5507 1441 5578 τὴν
1475 5506 1677 5569 παντὸς
1711 5505 1804 5559 τοῦ
1839 5507 1944 5591 λαοι

2082 5516 2253 5569 totius
2301 5513 2488 5584 populi
2535 5511 2914 5568 adoratiouem
2963 5506 3313 5566 denuntians.
3373 5502 3663 5574 Quomodo

1682 5686 1687 5691 ’
1749 5687 1957 5751 Varia;
1985 5689 2318 5754 lectiones.

446 5796 487 5831 te
509 5796 733 5864 ἀναδεξ,
762 5811 821 5853 ο,
909 5794 959 5826 ⁸⁸
982 5792 1042 5846 ἐν
1065 5788 1188 5862 ξένῃ
1219 5807 1291 5845 m.
1370 5791 1415 5823 “
1444 5790 1708 5861 πρότερος
1738 5807 1812 5845 tn.
