4044 6432
516 317 624 383 355

1397 313 1984 375 THEOPHYLACTI
2026 311 2441 372 BULGARLE
2489 312 2851 374 ARCHIEP.

3659 323 3754 385 35“)

517 436 699 486 autem
732 425 1027 482 adoravit?
1083 425 1149 481 ad
1182 408 1554 482 sunimimtem
1595 427 1760 496 virga:
1789 426 1931 496 ejus,
1985 426 2090 479 hoc

2212 424 2571 495 προσκύνησιν
2605 424 2800 494 δηλῶν.
2843 424 2965 487 Πῶς
3006 424 3063 478 δὲ
3109 426 3557 499 προσεκύνησεν;
3594 432 3683 486 ἐπὶ
3714 433 3766 485 τὸ

518 530 625 587 est,
703 519 929 575 innixus
1009 519 1177 590 virgae
1262 520 1333 573 ob
1397 527 1759 573 senectutem.
1834 515 2093 571 Nonnulli

518 630 649 669 vero
703 614 981 682 inquiunt,
1013 610 1080 665 ad
1125 612 1485 667 summitatem
1546 612 1703 691 virga:
1750 608 1947 677 Ioseph
1972 607 2101 661 ado-

2202 517 2372 585 ἄκρον
2412 517 2511 585 τῆς
2556 516 2755 586 ῥάϐδου
2801 514 2967 570 αὐτοῦ
2988 518 3056 579 ⁸⁸,
3096 520 3407 595 τουτέστιν,
3450 522 3768 592 ὲπερεισθεὶς

2201 610 2266 677 τῇ
2301 607 2480 678 ῥάϐδῳ
2509 607 2598 660 διὰ
2624 608 2686 660 τὸ
2716 607 2915 677 γῆρας.
2945 608 3101 672 Τινὲς
3129 608 3206 674 δὲ,
3237 611 3346 664 ἐπὶ
3378 612 3441 664 τὸ
3472 612 3652 681 ἄκρον
3673 616 3771 683 τῆς

520 709 697 772 ravit,
748 706 904 777 regni
969 715 1248 775 sceptrum
1319 720 1414 774 per
1484 703 1693 772 virgam
1757 699 2097 754 adorandum

2212 698 2422 752 ὑίὶϐδου
2452 697 2559 751 τοῦ
2588 696 2835 767 Ἰωσὴφ,
2870 699 3023 767 φασὶ,
3059 700 3465 773 προσεκύνησε,
3498 705 3764 774 σημαίνων

520 800 863 870 signiﬁcans.

593 972 759 1029 Vens.
787 972 878 1027 22.
915 971 1045 1025 Fide
1109 968 1304 1040 Ioseph
1333 969 1560 1024 moriens
1596 968 1664 1022 de
1688 968 1835 1022 exitu
1865 967 2101 1036 ﬁliorum

446 1120 449 1121 ,
523 1067 700 1122 Israel
734 1074 1055 1120 memoratus
1074 1072 1175 1128 est,
1217 1079 1279 1116 ac
1320 1063 1385 1117 de
1408 1061 1618 1116 ossibus
1651 1062 1761 1115 suis
1802 1061 2098 1114 mandarit.

522 1159 694 1222 Adeo,
744 1157 945 1227 inquit,
981 1154 1217 1210 credidit
1273 1153 1549 1210 lsraelitas
1588 1168 1655 1208 ex
1701 1150 2094 1223 Aﬂgyptolibe-

525 1248 750 1312 randos,
787 1253 929 1299 utet
993 1245 1262 1315 adjurarit
1313 1244 1464 1314 ipsos
1515 1253 1577 1298 ut
1606 1258 1735 1298 ossa
1778 1258 1876 1298 sua
1912 1256 2100 1296 secum

522 1346 896 1407 asportarent.
928 1338 1046 1392 Hoc
1078 1347 1258 1392 autem
1287 1336 1438 1401 fecit,
1493 1351 1600 1391 non
1648 1337 1795 1405 quod
1856 1335 2096 1405 sepulcri

523 1446 660 1485 cura
684 1430 997 1492 duceretur,
1031 1430 1124 1497 qui
1159 1430 1303 1483 enim
1337 1427 1474 1482 adeo
1524 1429 1745 1498 sapiens
1798 1427 2105 1497 ignorasset

525 1520 747 1575 Domini
781 1535 905 1575 esse
935 1528 1136 1573 terram
1168 1518 1192 1572 Ἰ
1223 1534 1411 1573 verum
1447 1527 1508 1573 ut
1543 1508 1839 1587 perfectam
1873 1518 2103 1572 certitu-

526 1611 711 1665 dinem
766 1612 968 1681 populo
1015 1611 1194 1676 daret,
1223 1611 1366 1680 quod
1399 1611 1695 1681 promissio
1733 1609 1827 1664 Dei
1881 1610 2104 1665 omnino

526 1702 766 1767 eveniet,
797 1709 962 1771 atque
995 1701 1347 1772 egredientur
1388 1710 1481 1757 :et
1512 1701 1655 1773 quod
1686 1710 1969 1770 tantopere
1993 1699 2103 1755 Deo

525 1796 760 1864 placeat,
792 1793 937 1864 quod
1000 1794 1056 1848 in
1107 1793 1343 1865 Egypto
1401 1793 1504 1862 ipsi
1566 1809 1675 1849 non
1748 1803 2102 1864 permaneant
2135 1778 2176 1834 Β

526 1894 753 1953 propter
804 1885 911 1939 loci
974 1885 1341 1956 impietatem,
1419 1896 1478 1940 ut
1555 1901 1623 1941 ne
1689 1885 1793 1956 ipsi
1883 1886 2104 1951 quidem

532 1976 809 2044 placuerit
856 1982 915 2030 ut
964 1977 1047 2031 vel
1101 1992 1230 2032 ossa
1289 1978 1410 2048 ejus
1456 1978 1513 2032 in
1542 1976 1776 2050 Egypto
1838 1977 2105 2034 reconde-

526 2078 740 2122 ιὀιιιιιτ.

601 2156 768 2215 Vens.
800 2158 893 2215 25.
930 2158 1067 2214 Fide
1110 2158 1286 2215 Moses
1325 2169 1505 2226 natus,
1537 2161 1831 2217 occultatus
1850 2171 1926 2216 est
1955 2177 2103 2216 men-

527 2249 674 2304 sibus
740 2252 911 2303 tribus
970 2268 1003 2305 a
1043 2253 1352 2320 parentibus
1384 2253 1519 2316 suis,
1559 2269 1619 2307 eo
1668 2255 1805 2322 quod
1856 2254 2106 2309 vidissent

529 2342 815 2411 elegantem
846 2342 1130 2412 infantem,
1173 2353 1223 2397 et
1245 2360 1350 2397 non
1373 2344 1659 2397 timuerunt
1681 2346 1817 2415 regis
1857 2347 2105 2401 edictum.

535 2433 905 2489 Enumeratis’
940 2437 1151 2504 magnis
1182 2436 1319 2490 viris
1353 2436 1445 2503 qui
1486 2435 1591 2489 lidc
1625 2438 1996 2507 transegerint
2043 2452 2108 2492 ea

541 2537 665 2590 qua:
699 2521 951 2587 fecerint,
985 2521 1051 2575 de
1075 2522 1395 2591 parentibus
1421 2524 1587 2576 etiam
1636 2521 1805 2579 Musis
1855 2524 2110 2581 obscuris

533 2613 862 2682 quibusdam
917 2615 1182 2683 loquitur,
1251 2613 1504 2669 ruborem
1591 2615 1818 2670 eliciens
1877 2615 2111 2672 inﬁrmis

533 2704 664 2770 illis,
708 2714 761 2759 et
802 2707 1001 2775 pusillo
1035 2706 1219 2760 animo
1267 2706 1972 2777 imbutis,quandoquidem
2014 2709 2114 2763 hu-

527 2797 768 2867 jusmodi
817 2800 954 2852 viris
997 2798 1287 2854 inferiores
1315 2799 1446 2855 sint.
1498 2799 1557 2854 In
1607 2790 1899 2871 progressu
1958 2816 2111 2857 scor-

500 2899 716 2944 .torum
759 2888 924 2942 etiam
973 2889 1305 2945 mentionem
1362 2890 1515 2955 facit,
1550 2897 1610 2943 ut
1652 2889 1913 2960 pudorem
1939 2892 2115 2961 majo-

534 2978 921 3034 reminducat.
957 2979 1275 3050 Aitigitur:
1315 2979 1490 3047 Quam
1535 2980 1605 3035 ob
1629 2996 1851 3037 causam
1891 2983 2113 3038 abdide-

2202 790 2265 842 τὸ
2294 791 2392 859 τῆς
2429 788 2706 859 βασιλείας
2741 791 3021 860 σκῆπτρον
3051 791 3139 844 διὰ
3171 790 3271 861 τῆς
3305 793 3500 863 ῥάϐδου
3537 813 3765 863 προσκυ-

2202 880 2538 951 νηθήσεσθαι
2573 881 2788 950 μέλλον.

2271 976 2475 1027 Πίστει
2507 973 2729 1041 Ἰωσὴφ
2764 972 3059 1027 τελευτῶν
3090 971 3224 1042 περὶ
3252 971 3362 1040 τῆς
3420 974 3634 1041 ἐξόδου
3659 978 3772 1033 τῶν

2203 1063 2350 1119 υἱῶν
2377 1062 2626 1131 Ἰσραὴλ
2653 1064 3088 1132 ἐμνημόνευσε,
3116 1064 3217 1117 καί
3240 1063 3376 1132 περὶ
3414 1062 3532 1117 τῶν
3559 1065 3772 1121 ὀστέων

2207 1154 2398 1210 αὐτοῦ
2425 1154 2785 1209 ἐνετείλατο.
2813 1152 3103 1218 Τοσοῦτον,
3136 1152 3323 1224 φησὶν,
3352 1153 3669 1206 ἐπίστευσεν
3694 1157 3772 1208 ὅτι

2206 1246 2736 1318 ἐλευθερωθήσονται
2762 1247 2811 1299 οἱ
2843 1245 3174 1315 Ἰσραηλῖται
3198 1244 3296 1314 τῆς
3320 1244 3618 1311 Αἰγύπτου,
3643 1245 3774 1299 ὥστε

2206 1342 2300 1395 καὶ
2343 1339 2603 1409 ὥρκωσεν
2648 1338 2881 1403 αὐτοὺς,
2934 1338 3022 1392 ἵνα
3060 1338 3131 1391 τὰ
3200 1336 3335 1391 ὀστᾶ
3380 1336 3546 1391 αὐτοῦ
3590 1356 3774 1391 συναν-

2205 1429 2491 1496 ενέγκωσι.
2517 1428 2685 1481 Τοῦτο
2707 1429 2762 1481 δὲ
2781 1429 3059 1498 ἐποίησεν,
3081 1428 3183 1499 οὐχ
3198 1428 3281 1481 ὅτι
3306 1446 3411 1499 μνη
3420 1428 3585 1497 μείων
3599 1430 3661 1498 te
3670 1430 3776 1499 pov-

2205 1519 2338 1584 τιζε·
2368 1520 2483 1582 πῶς
2510 1521 2620 1591 γὰρ
2645 1521 2673 1573 ὀ
2698 1519 2841 1573 οὕτω
2871 1520 3032 1589 σοφὸς
3060 1520 3159 1573 οὐκ
3187 1519 3302 1590 ᾔδει
3332 1519 3417 1572 ὅτι
3455 1519 3550 1572 τοῦ
3580 1520 3775 1590 Κυρίου
3840 1573 3844 1576 .

2206 1613 2241 1680 ή
2274 1613 2378 1680 γῆξ
2411 1611 2525 1664 ἀλλ’
2551 1612 2637 1664 ἵνα
2668 1610 2881 1664 τελείαν
2914 1603 3289 1682 πληροφορίαν
3321 1609 3400 1680 τῷ
3433 1609 3546 1680 λαῷ
3578 1610 3670 1682 δῷ,
3701 1610 3777 1663 ὅτι

2209 1702 2427 1765 πάντως
2464 1703 2498 1772 ἡ
2538 1702 2843 1771 ἐπαγγελία
2873 1701 2968 1756 τοῦ
3030 1701 3169 1754 Θεοῦ
3213 1701 3532 1773 ἐκϐήσεται,
3568 1702 3659 1755 καὶ
3696 1702 3779 1767 ἐξ·

2207 1795 2534 1850 ελεύσονται.
2565 1795 2676 1848 Καὶ
2706 1797 2790 1850 ὅτι
2830 1794 3088 1849 τοσοῦτόν
3123 1795 3241 1848 ἐστι
3286 1795 3578 1867 θεάρεστον
3612 1792 3670 1848 τὸ
3709 1793 3778 1864 μὴ

2207 1888 2557 1958 ὲναπομεῖναι
2597 1886 2796 1950 αὐτοὺς
2832 1888 2900 1957 τῇ
2937 1885 3201 1957 Αἰγύπτῳ
3239 1884 3328 1940 διὰ
3362 1886 3464 1956 τὴν
3503 1886 3619 1938 ἐκεῖ
3653 1884 3777 1937 ἀσέ-

2207 1976 2381 2041 ϐειαν,
2425 1976 2568 2030 ὥστε
2612 1976 2731 2030 οὐδὲ
2772 1975 2923 2048 αὐτῷ
2964 1976 3171 2049 ἀρεστὴ
3214 1978 3248 2048 ή
3294 1976 3354 2030 ὲν
3392 1973 3650 2045 Αἰγύπτῳ
3677 1972 3778 2028 τῶν

2205 2068 2379 2122 ὀστῶν
2410 2069 2721 2132 κατάθεσις.

2278 2161 2485 2215 Πίστει
2534 2160 2757 2229 Μωσῆς
2785 2161 3095 2230 γενηθεὶς
3120 2160 3343 2228 ἐκρύϐη
3367 2159 3649 2229 τρίμηνον
3667 2157 3776 2213 ὑπὸ

2207 2254 2324 2307 τῶν
2354 2255 2624 2322 πατέρων
2651 2252 2836 2307 αὐτοῦ
2854 2293 2869 2317 ,
2898 2252 3046 2305 διότι
3080 2249 3246 2306 εῒδον
3273 2250 3523 2306 ἀστεῖον
3549 2249 3614 2303 τὸ
3643 2264 3768 2302 παι-

2207 2345 2360 2406 δίον,
2388 2345 2487 2399 καὶ
2512 2347 2623 2399 οὐκ
2650 2345 3041 2414 ἐφοϐήθησαν
3063 2344 3130 2398 τὸ
3159 2344 3455 2414 διάταγμα
3481 2342 3584 2396 τοῦ
3602 2342 3769 2406 ,βασι-

2207 2438 2376 2501 λέως.
2417 2437 2733 2502 Καταλέξας
2763 2436 2965 2506 ἄνδρας
3001 2436 3289 2505 μεγάλους,
3329 2435 3509 2488 πίστει
3543 2436 3774 2503 ἐργασα-

2215 2529 2411 2598 μένους
2449 2528 2484 2582 ἂ
2522 2529 2808 2596 ἐποίησαν,
2845 2527 2992 2597 λέγει
3031 2527 3124 2582 καὶ
3168 2527 3301 2599 περὶ
3332 2527 3444 2580 τῶν
3475 2526 3669 2595 γονέων
3694 2521 3778 2575 τοῦ

2210 2620 2507 2682 Μωῦσέως,
2553 2620 2783 2691 ἀσήμων
2824 2619 3009 2683 τινῶν,
3054 2620 3335 2690 ἐντρέπων
3379 2619 3504 2680 τοὺς
3545 2614 3780 2684 ὀλιγοψύ-

2210 2710 2438 2782 χοῦντας
2475 2712 2748 2776 ἐκείνους,
2784 2711 2900 2778 εἴγε
2933 2711 3193 2765 τοιούτων
3229 2711 3442 2782 ἀνδρῶν
3474 2708 3542 2762 τὰ
3571 2707 3781 2775 δεύτερα

2212 2800 2490 2868 φέρονται.
2528 2799 2739 2871 Προϊὼν
2773 2802 2864 2866 δὲ,
2902 2801 2999 2855 καὶ
3044 2801 3247 2872 πόρνας
3290 2803 3375 2865 είς
3423 2799 3584 2870 μέσον
3617 2794 3779 2863 παρά-

2212 2907 2297 2961 γει
2320 2892 2386 2956 ⁸⁸,
2432 2891 2519 2945 ἵνα
2560 2892 2723 2947 πλέον
2762 2893 3022 2964 ὲντρέψῃ.
3058 2892 3227 2964 Φήσὶν
3268 2892 3389 2953 οὖν,
3435 2891 3577 2953 τίνος
3612 2888 3779 2942 ἕνεκεν

2215 2984 2456 3057 ἔκρυψαν
2478 2985 2764 3057 τρίμηνον,
2785 2986 3094 3051 καὶταῦτα,
3116 2986 3539 3055 προστάγματος
3558 2981 3701 3044 ὄντος
3723 2976 3778 3030 τὰ

536 3078 814 3123 runteum
846 3069 913 3122 ad
956 3069 1232 3128 trimestre
1292 3071 1560 3139 Spatium,
1621 3086 1745 3125 eum
1799 3072 2111 3126 mandatum

2216 3076 2422 3149 ἄρρενα
2451 3075 2803 3146 φονεύεσθαι;
2834 3077 2957 3140 Πῶς
2983 3077 3085 3130 οὐκ
3111 3076 3498 3146 ὲφοϐήθησαν;
3517 3070 3592 3145 ᾞ
3618 3071 3779 3141 δῆλον.

536 3163 686 3232 regis
714 3163 1055 3233 publicatum
1086 3172 1253 3232 esset,
1281 3165 1556 3219 masculos
1598 3162 1855 3219 Hebraeos
1884 3181 1914 3220 e
1936 3166 2111 3222 medio

2214 3168 2291 3232 ὡς
2321 3168 2654 3222 ἐπίστευσαν
2683 3168 2767 3221 ὅτι
2804 3168 3139 3237 σωθήσεται.
3174 3167 3351 3221 Πόθεν
3383 3168 3440 3221 δὲ
3472 3165 3780 3218 ἐπίστευσαν

542 3253 1067 3323 tollendos‘iQuare
1114 3272 1223 3312 non
1299 3256 1661 3321 metuerant?
1717 3253 2111 3321 Planumsane

2212 3262 2294 3317 ὅτι
2331 3259 2664 3330 σωθήσεται;
2698 3260 2780 3313 ὅτι
2814 3256 2953 3314 εἶδον
2984 3260 3045 3313 τὸ
3078 3259 3292 3313 παιδίον
3355 3259 3598 3320 ἀστεῖον,
3631 3269 3777 3305 τουτο

550 3360 635 3405 est
683 3350 986 3407 credidisse
1014 3363 1160 3406 eosa
1202 3348 1434 3406 Domino
1485 3362 1717 3419 puerum
1777 3361 2107 3404 conservan-

2214 3352 2361 3407 ἐστιν
2392 3351 2611 3423 ὡραῖον,
2647 3354 2712 3422 τῇ
2734 3351 2856 3422 ὄψει
2920 3352 3134 3423 χαρίεν,
3169 3353 3263 3405 καὶ
3294 3350 3621 3404 ἐπίστευσαν
3651 3344 3725 3396 ὅτι
3758 3341 3784 3392 ὁ

536 3440 692 3496 dum.
732 3440 891 3495 Unde
942 3456 1072 3496 vero
1094 3440 1443 3495 crediderunt
1463 3437 1609 3509 quod
1638 3438 1939 3495 servandus
1957 3440 2111 3496 erati

2214 3442 2349 3505 Θεὸς
2391 3443 2727 3514 ἐχαρίτωσεν
2769 3442 2900 3495 αὐτὸ
2945 3442 3111 3506 εὐθὺς
3159 3444 3218 3497 ὲν
3263 3441 3620 3512 σπαργάνοις.
3661 3429 3785 3484 Φασὶ

538 3530 811 3597 Quoniam
862 3540 1273 3601 conspexerunt
1329 3544 1561 3600 puerum
1618 3531 1945 3601 elegantem,
2015 3533 2111 3586 hoc

2216 3534 2329 3604 γάρ
2357 3551 2463 3596 τοι,
2492 3535 2576 3588 ὅτι
2608 3534 2704 3588 καὶ
2734 3533 2960 3604 ἔμελλον
2996 3534 3147 3606 ῥίψαι
3178 3533 3335 3600 αὐτὸ,
3369 3531 3505 3588 ἀλλὰ
3539 3538 3786 3598 προσμει-

537 3622 704 3695 739
729 3631 812 3678 est
858 3623 1172 3693 pulchrum,
1203 3631 1426 3693 aspectu
1484 3621 1809 3691 gratiosum,
1869 3623 2116 3679 credide-

537 3718 780 3780 runtque
830 3725 954 3765 eun)
997 3709 1103 3765 ista
1125 3708 1463 3764 amabilitate
1499 3707 1568 3761 ab
1611 3707 1745 3777 ipsis
1794 3706 1981 3763 Statim
2022 3709 2110 3764 in-

2215 3626 2409 3681 διάσαν
2438 3626 2579 3697 μετὰ
2606 3626 2832 3697 χάριτος
2861 3625 3105 3696 ἀφῆκανο
3136 3624 3308 3691 οὕτως
3340 3622 3483 3698 ἦσαν
3509 3618 3651 3689 αὐτῷ
3678 3613 3787 3668 θεῖα

2215 3718 2415 3772 πάντα.

534 3804 808 3861 cnnabilis
838 3801 1001 3858 aDeo
1031 3802 1312 3858 donatum.
1334 3797 1496 3864 Nam,
1531 3806 1591 3853 ut
1619 3798 1797 3863 aiunt,
1835 3798 2099 3870 abjecturi
2139 3820 2264 3861 eum
2306 3815 2461 3863 erant
2495 3823 2511 3871 ς
2550 3815 2807 3864 caeterum
2867 3820 2994 3862 cum
3036 3806 3235 3863 blande
3280 3806 3580 3868 arrisisset,
3640 3792 3790 3852 dimi-

538 3905 731 3955 serunt
764 3915 778 3952 :
815 3897 951 3953 adeo
980 3897 1165 3953 omnia
1186 3895 1290 3966 ipsi
1318 3896 1503 3951 divina
1534 3902 1712 3949 erant.

608 3989 899 4045 Vens.25.
943 3986 1081 4043 Fide
1135 3987 1312 4043 Moses
1362 3986 1584 4058 grandis
1642 3987 1840 4056 factus,
1901 3988 2106 4059 negavit

533 4098 590 4136 se
620 4097 730 4136 esse
770 4079 943 4150 ﬁlium
999 4078 1127 4146 ﬁlia:
1162 4078 1490 4138 Pharaonis,
1522 4077 1898 4148 magiseligens
1942 4079 2118 4147 potius

2293 3985 2502 4040 Πίστει
2557 3983 2785 4049 Μωσῆς
2859 3982 3048 4054 μέγας
3097 3984 3453 4053 γενόμενος,
3500 3976 3791 4047 ἠρνήσατο

2224 4077 2511 4147 λέγεσθαι
2554 4077 2684 4141 nec
2720 4076 3011 4144 θυγατρὸς
3047 4074 3285 4145 Φαραὼ,
3317 4073 3565 4144 μᾶλλον
3594 4064 3790 4131 ἐλόμε-

538 4172 698 4242 aﬂiigi
729 4189 846 4225 cum
887 4172 1080 4240 papula
1133 4170 1253 4233 Dei,
1288 4187 1448 4237 quant
1501 4174 1879 4238 temporariam
1917 4171 2111 4240 peccati

2227 4189 2337 4237 νος
2364 4165 2914 4238 συγκακουχεῖσθαι
2943 4164 3023 4230 τῷ
3051 4163 3179 4230 ,1αῷ
3204 4165 3310 4219 τοῦ
3344 4161 3526 4225 Θεοῦ,
3552 4158 3590 4228 ἣ
3620 4152 3791 4242 modo"-

537 4239 731 4317 habere
770 4263 1183 4341 jucunditalem.
1220 4259 1479 4315 Pervenit
1516 4260 1585 4314 ad
1626 4239 1938 4329 exemplum
1987 4261 2111 4330 ipsis

2228 4278 2444 4332 καιρον
2473 4261 2630 4329 ἔχειν
2672 4257 2964 4327 ἁμαρτίας
2994 4258 3368 4313 ἀπόλαυσιν,
3392 4251 3592 4308 ’Ἦλθεν
3624 4246 3725 4341 ἐπὶ.
3737 4239 3790 4291 τὸ

542 4335 1062 4418 familiarissimum,
1118 4352 1305 4406 Mosen
1342 4351 1627 4406 \idelicet:
1683 4360 1974 4422 propterea
2018 4352 2111 4406 im-

2234 4356 2469 4426 μάλιστα
2510 4352 2844 4404 οἰκειότατον
2876 4351 3059 4412 αὐτοῖς
3102 4349 3415 4419 ὑπόδειγμα
3448 4346 3537 4398 τὸν
3570 4335 3787 4426 Μωσῆγν

544 4461 814 4517 moratur,
855 4449 1035 4503 fusius
1067 4445 1199 4502 illud
1233 4454 1497 4500 tractans.
1540 4444 1895 4499 Constructio
1940 4452 2111 4498 autem

2229 4423 2309 4497 διὸ
2333 4443 2429 4497 καὶ
2456 4441 2708 4510 ἐπιμένει
2738 4436 3023 4491 πλατύνων
3048 4438 3117 4490 τὰ
3138 4439 3358 4493 τούτου.
3385 4439 3449 4491 Ἦ
3475 4435 3529 4486 δὲ
3557 4423 3790 4487 σύνταξις

539 4551 626 4600 est
649 4541 1005 4611 bujusmodi:
1041 4539 1175 4594 Fide
1213 4537 1397 4594 Moses
1434 4537 1616 4591 renuit
1661 4537 1769 4591 dici
1805 4535 1948 4589 ﬁlius
1998 4536 2111 4590 ﬁlia

2225 4535 2389 4589 οὓτω·
2425 4534 2612 4586 Πίστει
2642 4528 2849 4600 Μωσῆς
2881 4530 3160 4601 ἠρνήσατο
3191 4530 3449 4599 λέγεσθαι
3480 4523 3602 4584 Υἱὸς
3633 4517 3789 4611 θλυγα-

541 4636 863 4690 Pharaonis.
910 4630 1190 4698 Quando?
1227 4645 1462 4702 magnus
1479 4629 1678 4694 iactus,
1733 4627 1835 4683 hoc
1859 4636 1963 4694 est,
1994 4641 2120 4682 cum

544 4727 598 4778 in
633 4724 805 4777 virum
841 4721 954 4791 jam
985 4722 1265 4776 crevisset.
1304 4719 1661 4789 Perspicuum
1688 4718 1833 4773 enim
1866 4729 1951 4774 est
1994 4731 2121 4772 eum

543 4814 751 4883 majora
771 4825 1087 4882 expectasse
1115 4814 1467 4882 accepturum
1493 4824 1636 4865 sese.
1657 4805 1895 4864 Verbum
1915 4817 2119 4873 autem,

543 4906 784 4975 negavit,
846 4905 1122 4959 intensum
1186 4905 1369 4957 odium
1426 4902 1719 4972 signiﬁcat,
1773 4915 1838 4955 ac
1884 4914 2120 4970 propen-

546 5011 661 5051 sam
688 4996 807 5065 ejus
836 5011 867 5049 a
917 4996 1065 5066 regia
1107 4993 1415 5049 Pharaonis
1460 4993 1941 5048 abelienationem.
1986 4990 2121 5044 Ani-

543 5086 823 5142 madverte
851 5102 1002 5152 vero,
1036 5087 1313 5157 quomodo
1342 5096 1627 5155 peccatum
1665 5083 1980 5147 nominarit,
2017 5095 2120 5134 non

542 5179 703 5250 aﬂligi
741 5195 846 5232 una
870 5195 987 5232 cum
1013 5177 1299 5247 fratribus.
1328 5177 1441 5233 Hoc
1463 5192 1561 5247 per
1590 5175 1887 5246 prophetas
1931 5172 2123 5241 objicit

542 5272 732 5326 Deus:
789 5268 945 5323 Nihil
994 5271 1335 5340 patiebantur
1374 5282 1530 5336 super
1590 5259 1908 5320 contritio-ne
1958 5261 2117 5316 Jose-

541 5363 627 5429 plii
652 5363 723 5422 '°.
743 5371 1008 5419 ctrursus
1039 5378 1053 5416 :
1108 5360 1233 5415 Non
1295 5370 1373 5416 est
1405 5376 1613 5431 egressa
1645 5357 1712 5412 ad
1769 5356 2123 5427 plangendum

614 5537 661 5569 “
695 5538 862 5594 Amos
894 5554 965 5603 γι,
992 5538 1047 5593 6.

2227 4628 2354 4701 τρὸς
2397 4624 2618 4696 Φαραώ.
2667 4622 2838 4688 Πότε;
2886 4622 3080 4693 Μέγας
3144 4623 3470 4694 γενόμενος,
3520 4608 3781 4667 τουτέστιν

2227 4717 2522 4789 ἀνδρωθεὶς
2543 4716 2666 4787 ἤδη.
2694 4714 2969 4786 Πρόδηλον
2998 4714 3108 4786 γὰρ
3137 4716 3219 4768 ὅτι
3240 4710 3468 4786 μείζονά
3483 4722 3602 4763 τινα
3631 4709 3789 4789 προσ·

2227 4787 2388 4862 εδόκα
2412 4806 2746 4861 ἀντιλαϐεῖν.
2771 4805 2845 4858 Τὸ
2887 4806 2966 4873 δὲ,
2988 4807 3289 4877 ἠρνήσατο,
3331 4806 3392 4859 τὸ
3417 4787 3791 4860 ἐπιτεταμένον

2229 4904 2385 4971 μῖσος
2426 4898 2596 4968 δηλοῖ,
2639 4898 2736 4950 καὶ
2780 4897 2880 4967 τὴν
2924 4876 3233 4951 ἐνδιάθετον
3275 4898 3414 4969 πρὸς
3452 4876 3791 4977 τὰβασξλειξ·

2226 4989 2600 5062 ἀλλοτρίωσιν.
2622 4988 2768 5059 Ὀρα
2793 4987 2849 5040 δὲ
2877 4988 2996 5051 πῶς
3026 4988 3303 5058 ἁμαρτίαν
3357 4976 3610 5053 ὀνομάζει
3633 4972 3692 5062 τὸ

2214 5050 2783 5151 -συγκακουχεῖσθαι
2829 5078 2954 5144 τοῖς
3006 5050 3314 5147 ἀδελφοῖς.
3362 5050 3532 5129 Tauro
3578 5058 3667 5117 καὶ
3709 5050 3789 5151 δξά

2226 5143 2336 5227 τῶν
2367 5143 2665 5242 προφητῶν
2696 5143 2947 5233 ὀνειδίζει
2978 5170 3006 5222 ὁ
3039 5143 3172 5231 Θεός
3195 5187 3207 5199 ·
3247 5143 3368 5223 Οὐκ
3400 5143 3787 5245 ἔπασχον

2227 5261 2335 5315 δὲν
2359 5235 2459 5314 ἐπὶ
2589 5257 2882 5326 συντριϐῇ
2907 5258 3015 5313 τοῦ
3047 5256 3282 5327 Ἰωσήφ,
3312 5255 3422 5311 Καὶ
3451 5248 3609 5305 πάλιν
3631 5253 3646 5267 ο

2226 5352 2487 5423 ἐξῆλθεν
2510 5316 2936 5417 ἇνακόψῖασᾶαι
2961 5345 3129 5405 οἷκον
3149 5316 3443 5421 angerer
3463 5340 3573 5397 αὐτ
3577 5331 3648 5402 ἧς
3654 5362 3667 5377 ⁶
3691 5316 3791 5375 Καὶ

1895 5623 2097 5689 Varite
2131 5623 2465 5688 lectiones.

615 5729 661 5762 οι
684 5725 780 5781 τοῦ
825 5726 1023 5798 Ἰωσήφ
1054 5742 1108 5783 ο.
1185 5727 1227 5760 ⁸⁸
1251 5724 1484 5798 παράξει
1519 5740 1571 5778 o.
