4044 6424
410 348 522 413 35⁸1

1057 339 1466 403 EXPOSITIO
1489 339 1572 401 ΙΝ
1592 339 1833 402 EPIST.
1865 341 1966 400 AD
1995 336 2390 400 HEBREOS.
2428 361 2498 373 -
2530 336 2688 397 CAP.
2730 333 2840 395 XI.

3583 330 3695 396 353

408 456 512 512 ἐπὶ
547 454 649 528 μὶν
676 452 801 516 τοὺς
834 452 1346 516 καταστενάζοντας
1381 451 1438 503 ὲν
1467 450 1545 521 τῷ
1580 449 1843 519 Ἰεζεκιὴλ
1875 448 2013 503 δίδο-

2132 448 2344 501 iicinant
2369 445 2606 501 domum.
2637 444 2716 500 Ae
2753 456 2922 514 super
2979 440 3411 514 ingemiscentes
3461 438 3518 496 in
3561 439 3699 497 Eze-

409 567 511 604 ται
535 547 601 602 ea
637 547 857 617 σημεῖον
881 562 896 576 ·
932 544 1063 608 τοὺς
1096 544 1153 598 δὲ
1192 543 1360 614 μηδὲν
1404 542 1644 596 τοιοῦτον
1698 542 2012 613 πάσχοντας

411 641 645 696 κόπτειν
677 636 992 692 κελεύονται
1035 636 1086 689 oi
1135 634 1375 703 ἄγγελοι.
1414 635 1477 687 Ei
1500 634 1557 687 δὲ
1595 635 1644 687 oi
1690 633 1766 705 μὴ
1803 648 2013 700 συγκα-

410 730 778 803 κουχούμενοι
830 727 1054 790 ἑκόντες
1101 729 1216 790 τοῖς
1265 724 1699 793 κακοπαθοῦσιν,
1753 722 2012 795 ἁμαρτά-

409 841 608 888 νουσι,
661 822 714 875 τί
765 819 1051 890 λογιστέον
1103 817 1232 887 περὶ
1285 818 1394 871 τῶν
1448 816 1865 888 κακουχούντων
1919 815 2013 869 καὶ

409 914 898 979 κακοποιούντων;
949 910 1332 979 Πρόσκαιρον
1376 906 1492 964 οὖν
1539 910 1830 978 ἁμαρτίας
1872 907 2011 962 ἀπό·

409 1013 613 1064 λσυσιν
637 1008 738 1079 τὴν
768 1005 865 1075 τῆς
898 1003 1178 1076 βασιλείας
1204 1004 1419 1074 τρυφῆς
1453 1001 1751 1073 μετουσίαν
1779 1001 1931 1055 διπλοῖ
1944 1002 2009 1055 ⁸³.

488 1268 752 1329 Με’ζύνα
806 1264 1078 1319 πλοῦτον
1128 1260 1519 1332 ἡγησάμενος
1563 1256 1685 1311 τῶν
1706 1258 2012 1327 Αἰγύπτου

423 1360 751 1430 θησαυρῶν
775 1360 891 1427 τὴν
916 1353 1263 1425 ὀνειδισμὸν
1286 1354 1393 1409 τοῦ
1419 1350 1703 1422 Χριστοῦ.
1729 1350 1843 1404 Οὐκ
1868 1347 2011 1417 εἷπε,

414 1459 491 1509 τά
516 1457 575 1508 ἐν
598 1453 854 1524 οὐρανοῖς
879 1448 1222 1519 ἀποκείμενα
1247 1446 1450 1515 ἀγαθά,
1476 1444 1612 1499 ἀλλὰ
1639 1442 1735 1497 καὶ
1755 1440 1855 1513 τὴν
1885 1443 2016 1512 ἀρε-

414 1546 522 1616 τὴν
554 1543 772 1598 ἐκείνου
804 1539 1051 1605 δεικνὺς,
1086 1538 1182 1591 καὶ
1215 1537 1415 1600 αὐτοὺς
1450 1534 1870 1605 ἀνακτώμενος,
1907 1533 2015 1588 τὸν

416 1634 777 1705 ὀνειδισμὸν
809 1631 918 1687 τοῦ
954 1628 1213 1699 Χριστοῦ
1247 1625 1422 1681 εἶπεν.
1458 1627 1671 1697 Ὠσπερ
1705 1624 1815 1696 γὰρ
1851 1623 2014 1677 ὔστε-

418 1750 521 1804 ρον
550 1731 646 1783 τὸν
673 1724 910 1799 Χριστὸν
938 1721 1215 1785 ὠνείδιζον
1244 1720 1295 1774 οἱ
1327 1721 1460 1791 παρ’
1483 1718 1648 1774 αὑτοῦ
1682 1716 2010 1788 εὐεργετού-

2114 540 2292 596 chiele
2335 540 2524 595 datum
2572 547 2656 594 est
2696 539 2957 610 signum:
2985 552 3082 592 eos
3133 550 3266 590 vero
3292 534 3386 605 qui
3434 534 3570 588 nihil
3601 536 3699 588 hu-

2108 630 2351 702 jusmodi
2420 638 2761 700 paterentur.
2812 628 2990 699 angeli
3034 627 3298 698 jubentur
3353 623 3698 681 exscindere.

2118 722 2276 788 Quod
2317 723 2364 778 si
2419 723 2453 776 ii
2498 723 2593 793 qui
2639 721 2950 777 voluntarie
3006 735 3118 774 una
3169 733 3293 773 cum
3343 718 3555 772 afllictis
3591 733 3699 771 non

2114 814 2453 884 afﬂiguntur,
2484 822 2753 884 peccant;
2785 812 2949 883 quid,
2985 825 3193 882 qua'so,
3231 811 3300 865 de
3329 810 3399 865 iis
3452 811 3703 880 c0gitan-

2114 904 2243 960 dum
2310 913 2413 967 est,
2446 904 2538 973 qui
2583 902 2726 956 male
2777 909 3017 955 tractant
3071 899 3233 964 alios,
3279 906 3334 952 et
3390 898 3491 969 ipsi
3561 897 3703 953 male

2115 994 2372 1050 faciunt?
2405 995 2549 1064 Ergo
2615 1009 2712 1064 per
2743 992 3119 1059 temporariam
3156 991 3356 1059 peccati
3393 990 3706 1060 jucundila-

2116 1095 2218 1139 tem
2277 1084 2548 1154 regiarum
2603 1083 2922 1140 deliciarum
3007 1080 3484 1152 participationem
3532 1082 3703 1153 signi-

2116 1176 2264 1233 ficat.

2192 1268 2352 1322 Vens.
2408 1266 2499 1321 26.
2561 1266 2797 1336 Majores
2863 1267 3083 1321 divitias
3127 1268 3439 1322 existimans
3478 1263 3701 1335 Αἴθρη)ιί

2116 1358 2382 1413 thesauris
2423 1359 2799 1428 improperium
2851 1357 3075 1416 Christi.
3107 1358 3224 1413 Non
3290 1357 3449 1422 dixit,
3496 1373 3618 1427 quae
3649 1358 3702 1410 in

2121 1452 2284 1508 caelis
2328 1452 2572 1521 reposita
2639 1459 2770 1506 sunt
2815 1452 2980 1516 bona,
3046 1467 3233 1506 verum
3281 1453 3533 1505 virtutem
3584 1449 3705 1519 ejus

2117 1532 2535 1607 demonstrans,
2571 1550 2626 1597 et
2665 1542 2789 1598 illos
2838 1541 3093 1599 refovens
3120 1553 3283 1614 atque
3331 1543 3570 1613 erigens,
3604 1542 3704 1595 im-

2116 1636 2424 1706 properium
2463 1634 2688 1702 Christi,
2719 1636 2876 1690 dixit.
2909 1634 3381 1703 Quemadmodum
3409 1635 3554 1689 enim
3575 1649 3703 1704 pos-

2119 1739 2207 1784 tea
2239 1729 2519 1784 Christum
2555 1728 2892 1784 contumelia
2932 1726 3262 1793 adiciebant,
3304 1726 3396 1797 qui
3430 1726 3499 1781 ab
3525 1741 3588 1781 eo
3609 1728 3705 1781 be-

418 1797 609 1893 μενοι,
639 1797 742 1871 καὶ*
756 1815 1064 1870 τελευταῖον
1090 1811 1440 1882 ἐσταύρωσαν
1464 1826 1479 1840 ’
1510 1807 1653 1862 οὕτω
1684 1808 1780 1861 καὶ⁵
1808 1806 2008 1880 πρότε-

2132 1820 2310 1877 teficia
2341 1830 2690 1891 acceperant,
2714 1836 2779 1875 ac
2809 1818 3031 1875 tandem
3055 1819 3211 1875 cruci
3248 1818 3575 1874 aflixerunt:
3621 1819 3703 1872 sic

418 1932 520 1988 ρον
549 1911 762 1980 Μωσῆν
786 1911 835 1963 oi
862 1904 994 1979 παρ’
1018 1905 1181 1960 αὐτοῦ
1211 1902 1681 1977 εὐεργετούμενοι.
1715 1901 1775 1955 Ὀ
1805 1903 1915 1972 γὰρ
1945 1902 2009 1956 ὲκ

2132 1922 2169 1967 et
2215 1920 2377 1967 antea
2424 1910 2609 1966 Mosen
2681 1910 2978 1982 ignominia
3047 1911 3318 1966 notabant
3368 1911 3403 1964 ii
3449 1910 3503 1965 in
3564 1924 3705 1978 quos

416 2005 517 2060 τοῦ
548 2001 851 2073 Αἰγυπτίου
886 1998 1105 2071 ρυσθεὶς
1140 1996 1244 2051 ὑπὸ
1274 1995 1521 2059 Μωσέως
1551 1994 1827 2067 Ἐϐραῖος,
1849 1991 2010 2055 αὐτὸς

419 2098 639 2157 ἐκεῖνος
667 2092 855 2163 αὔριον
881 2086 1037 2145 εἷπεν
1063 2089 1247 2161 αὐτῷ·
1282 2090 1378 2155 Τίς
1406 2104 1481 2143 σε
1508 2086 1888 2153 κατέστησεν
1910 2084 2012 2154 dp-

419 2206 617 2261 χοντα
648 2187 747 2241 καί
780 2182 1081 2252 δικαστὴν
1107 2183 1198 2253 ἐφ’
1224 2180 1421 2253 mide;
1446 2179 1533 2251 μὴ
1561 2178 1805 2236 ἀνελεῖν
1827 2195 1903 2247 με
1929 2176 2013 2232 σὺ

421 2282 651 2345 θέλεις,
685 2277 759 2331 δν
801 2276 1029 2345 τρόπον
1056 2273 1296 2340 ἀνεῖλες
1325 2271 1433 2327 τὸν
1454 2270 1813 2341 Αίγύπτιον;
1858 2268 2009 2323 Καθ’

421 2370 553 2426 ὅλου
594 2368 707 2441 γὰρ
738 2367 799 2421 τὸ
825 2365 977 2438 παρὰ
1008 2363 1119 2417 τῶν
1156 2362 1376 2417 οἰκείων
1398 2360 1494 2416 καὶ
1536 2360 2014 2431 εὐεργετουμένων

421 2460 794 2527 ὀνειδίζεσθαι
841 2460 874 2530 ἦ
925 2455 1343 2527 κακουχεῖσθαι,
1391 2453 1700 2524 ὀνειδισμὸς
1746 2454 1865 2507 ἐστι
1916 2452 2014 2506 τοῦ

422 2550 694 2624 Χριστοῦ.
726 2548 836 2603 Καὶ
861 2549 970 2611 πᾶς
998 2548 1028 2599 ὁ
1053 2546 1141 2599 διὰ
1166 2546 1228 2599 τὸ
1256 2544 1423 2599 καλὸν
1452 2543 1597 2598 κατὰ
1620 2542 1715 2597 τοῦ
1745 2543 2016 2615 πράττον-

423 2661 524 2707 τος
560 2642 697 2697 αὐτὸ
728 2638 1014 2710 γινόμενος
1049 2635 1352 2707 ὀνειδισμὸς
1372 2677 1387 2698 ,
1423 2635 1519 2690 καὶ
1549 2634 1737 2698 ἁπλῶς
1769 2636 1802 2706 ή
1840 2634 2019 2703 μάτην

426 2734 705 2797 ἐπίθεσις,
728 2730 1031 2801 ὀνειδισμὸς
1054 2731 1172 2783 ἐστι
1196 2728 1291 2782 τοῦ
1318 2729 1363 2782 Χ
1373 2726 1580 2798 ριστοῦ.
1606 2724 1765 2780 Οὕτω
1788 2726 1896 2796 γὰρ
1924 2725 2020 2780 καὶ

424 2828 457 2879 ὁ
500 2824 710 2895 Κύριος
750 2820 1134 2890 ἑδυσφημεῖτο,
1177 2817 1332 2888 φίλος
1369 2814 1617 2871 τελώνων
1655 2814 1892 2881 ἁκούων,
1932 2815 2021 2870 διά

426 2917 497 2969 τὸ
536 2913 845 2968 συνεσθίειν
883 2910 1115 2975 ὲκείνοις
1154 2911 1247 2963 ἐπὶ
1289 2908 1535 2980 σωτηρίᾳ
1578 2906 1780 2961 αὐτῶν.
1808 2907 2020 2978 Ὠσπερ

427 3005 527 3063 οὖν
557 3009 593 3078 ἡ
630 3006 848 3072 ἄνεσις,
882 3006 981 3074 τῆς
1016 3001 1294 3074 ἁμαρτίας
1324 3002 1506 3067 εστὶν,
1571 2998 1746 3063 οὕτως
1774 3002 1803 3054 δ
1831 2999 2024 3053 ὀνειδι-

2117 2001 2383 2059 beneficia
2415 2002 2741 2058 contulerat.
2770 2001 2873 2067 Qui
2915 2002 3059 2057 enim
3092 2002 3161 2056 ab
3185 2001 3443 2073 Egyptio
3479 2001 3703 2071 ρει-Μο-

2120 2109 2218 2151 sen
2250 2094 2519 2150 liberatus
2568 2102 2688 2149 erat
2721 2091 3006 2158 Hebrteus,
3068 2093 3157 2147 ille
3197 2092 3314 2162 ipse
3353 2099 3574 2162 postero
3615 2093 3704 2147 die

2121 2187 2258 2242 dixit
2294 2187 2343 2243 ei
2375 2182 2406 2238 τ’
2432 2186 2565 2251 Quis
2593 2193 2643 2240 te
2664 2185 2940 2239 constituit
2965 2183 3253 2255 principem
3281 2192 3329 2237 et
3350 2182 3583 2252 judicent
3610 2198 3705 2237 su-

2120 2294 2213 2349 per
2244 2277 2383 2333 nos?
2413 2276 2669 2348 numquid
2708 2291 2790 2330 me
2819 2274 3053 2329 occidere
3090 2274 3188 2340 vis,
3241 2273 3455 2342 perinde
3496 2289 3559 2326 ac
3619 2272 3708 2325 in-

2126 2370 2379 2440 terfecisti
2425 2369 2739 2440 Egyptinm
2764 2368 2849 2423 ³ίῖ
2876 2367 3113 2423 Omnino
3141 2368 3285 2422 enim
3312 2382 3341 2419 a
3391 2365 3708 2420 domesticis

2124 2463 2474 2519 etbeneflcio
2526 2461 2738 2518 affectis
2786 2461 3118 2518 contumelia
3179 2459 3318 2515 afﬁci
3381 2459 3465 2513 vel
3521 2455 3707 2528 afﬂigi,

2125 2555 2325 2612 Christi
2366 2563 2451 2611 est
2478 2555 2860 2625 opprobrium.
2896 2552 3211 2620 Quinetiam
3271 2553 3454 2606 omnis
3506 2558 3707 2605 contu-

2125 2649 2289 2704 melia
2345 2647 2610 2703 adversus
2640 2661 2765 2702 eum
2797 2645 2891 2715 qui
2923 2642 3124 2699 bonum
3153 2644 3306 2708 facit,
3351 2656 3415 2697 ac
3444 2640 3712 2710 simplici-

2128 2750 2213 2795 ter
2246 2739 2457 2795 molitio
2475 2739 2678 2794 frustra
2708 2735 3206 2807 suscepta,Christi
3226 2744 3311 2789 est
3327 2731 3708 2803 opprobrium.

2084 2830 2087 2831 ⁷
2130 2829 2225 2885 Sic
2268 2829 2414 2885 enim
2456 2838 2511 2884 et
2561 2827 2827 2882 Dominus
2865 2823 3273 2888 difi‘amabatur,
3318 2814 3741 2889 dicebaturqtte'

2127 2919 2546 2992 publicanorum
2572 2917 2804 2983 amicus,
2841 2915 2987 2987 quod
3025 2930 3149 2968 cum
3188 2914 3293 2969 illis
3319 2912 3502 2974 cibum
3532 2925 3696 2980 cape-

2129 3020 2214 3068 ret
2258 3021 2482 3083 propter
2543 3023 2736 3065 eorum
2814 3009 3067 3064 salutem.
3152 3005 3225 3061 Ut
3276 3004 3443 3075 igitur
3505 3002 3718 3057 delicia:

431 3101 574 3171 σμὸς
595 3099 692 3153 τού
716 3098 977 3168 Χριστοῦ.
999 3098 1091 3166 Μὴ
1113 3097 1291 3151 τοίνυν
1310 3098 1669 3165 ἀγανακτεῖτε
1691 3096 1851 3166 ὑμεῖς
1872 3093 2024 3164 παρὰ

2132 3110 2263 3157 sunt
2303 3098 2535 3171 peccati,
2565 3099 2647 3154 sic
2682 3097 3071 3168 improperium
3114 3102 3200 3151 est
3240 3094 3466 3149 Christi.
3499 3091 3579 3148 Ne
3610 3092 3714 3163 igi-

425 3194 545 3247 τῶν
594 3191 960 3263 συμφυλετῶν
1000 3188 1330 3260 θλιϐόμενοι,
1369 3189 1512 3261 πρὸς
1551 3189 1645 3243 τὸν
1684 3188 1894 3257 Μωσῆν
1933 3186 2026 3240 τὸν

428 3285 615 3347 οὕτως
667 3281 879 3346 ἔνδοξον
927 3280 1368 3346 ἀποϐλέποντες,
1415 3278 1513 3334 καὶ
1556 3278 1620 3332 τὺ
1672 3276 1893 3349 μεῖζον,
1937 3276 2031 3329 τὸν

428 3373 696 3445 Χριστόν.
729 3370 1065 3441 Ὀνειδισμὸς
1097 3369 1192 3423 τοῦ
1227 3367 1466 3441 Χριστοῦ
1501 3370 1598 3422 καὶ
1634 3368 1663 3420 ὁ
1698 3367 1793 3420 ἐπὶ
1825 3368 1892 3437 τῇ
1931 3366 2031 3419 πέ-

426 3482 541 3537 τρᾳ
582 3463 729 3516 κατὰ
765 3462 1009 3525 Μωσέως
1049 3460 1383 3530 γογγυσμός.
1416 3459 1653 3532 Χριστὸς
1689 3457 1868 3529 γὰρ⁶⁸
1895 3453 1964 3529 ἦν
1996 3457 2030 3528 ὴ

435 3558 645 3629 πέτρα.

520 3739 860 3795 Ἀπέϐλεπε
903 3735 1014 3805 γὰρ
1058 3735 1147 3800 εις
1192 3731 1311 3803 τὴν
1344 3730 1860 3803 μισθαποδοσίαν.
1906 3730 2035 3793 Τοῖς

441 3834 543 3904 τῆς
576 3833 817 3894 πίστεως
846 3831 1047 3900 δηλαδὴ
1077 3828 1401 3899 ὀφθαλμοῖς,

522 3926 727 3978 Πίστει
767 3921 1096 3976 κατέλιπεν
1124 3920 1453 3987 Αἴγυπτον,
1484 3914 1574 3987 μὴ
1610 3912 1893 3985 φοϐηθεὶς
1926 3912 2035 3967 τὸν

462 4016 647 4084 θυμὸν
678 4013 787 4067 τοῦ
829 4010 1158 4077 βασιλέως.
1199 4009 1267 4064 Τί
1311 4010 1531 4078 λέγειςς
1575 4009 1670 4062 καὶ
1720 4007 1830 4078 μὴν
1870 4006 1929 4057 ὲν
1966 4006 2036 4075 τῇ

469 4103 658 4171 Ἔξάδῳ
681 4104 995 4174 γέγραπται
1012 4115 1027 4131 ’
1053 4100 1346 4170 ἐφοϐήθη
1373 4098 1442 4152 δὲ
1465 4094 1708 4165 Μωσῆς,
1736 4095 1826 4149 ὅτι
1851 4095 2040 4164 angan-

446 4195 557 4260 νὲς
587 4194 830 4263 ἐγένετο
860 4192 924 4245 τὸ
950 4190 1137 4261 ῥῆμα.
1173 4191 1336 4245 Ἀλλὰ
1363 4190 1454 4254 τὸ,
1481 4187 1568 4259 μὴ
1604 4187 1918 4256 φοϐηθεὶς,
1953 4186 2040 4238 ὲν-

442 4287 627 4343 ταῦθα
667 4286 841 4351 δέξαι,
873 4284 947 4347 ὡς
983 4283 1122 4355 πρὸς
1151 4283 1212 4336 τὸ
1254 4281 1420 4336 πάλιν
1452 4278 1745 4350 ἐπιστῆναι
1776 4279 1840 4347 τῇ
1873 4275 2042 4345 Δίγύο

445 4398 594 4452 πτῳ,
631 4381 728 4433 καὶ
756 4376 1123 4444 ἀναδέξασθαι
1151 4376 1249 4446 τὴν
1276 4373 1576 4445 ἡγεμονίαν
1605 4371 1718 4426 τῶν
1741 4369 2036 4441 Ἐϐραίων.

2053 3154 2100 3217 C

2131 3207 2223 3253 tur
2243 3208 2386 3266 aegre
2427 3191 2616 3248 feratis
2639 3206 2759 3256 vos,
2791 3190 2838 3246 si
2895 3204 2923 3243 a
2958 3186 3359 3243 contribulibus
3378 3186 3714 3255 aﬂiigamini,

2131 3288 2199 3343 ad
2221 3286 2411 3342 Mosen
2445 3283 2629 3339 virum
2686 3290 2799 3335 tam
2830 3279 3101 3335 celebrem
3131 3287 3184 3332 et
3243 3278 3508 3348 inclytum
3549 3275 3718 3344 respi-

2129 3378 2361 3441 cientes,
2395 3382 2451 3430 et
2480 3372 2629 3445 quod
2679 3370 2859 3442 majus
2889 3379 2995 3435 est,
3053 3369 3111 3424 in
3142 3369 3322 3439 ipsum
3370 3366 3533 3440 740
3557 3366 3719 3422 Chri-

2129 3475 2297 3523 stum.
2362 3464 2458 3520 Sic
2495 3463 2827 3519 contumelia
2871 3467 2993 3517 erat
3048 3460 3251 3516 Christi
3287 3472 3542 3514 murmur
3568 3456 3717 3528 apud

2132 3567 2341 3631 petram
2373 3565 2568 3614 contra
2588 3554 2779 3611 Mosen
2811 3554 3041 3609 factum.
3075 3549 3210 3605 Nam
3235 3558 3389 3621 petra
3411 3557 3530 3605 erat
3558 3549 3720 3605 Chri-

2132 3661 2273 3708 stus.

2208 3740 2659 3811 Aspiciebatenim
2684 3739 2753 3793 ad
2773 3729 3440 3793 remunerationem.Fidei
3459 3731 3717 3787 nimirum

2134 3833 2332 3886 oculis.

2208 3919 2379 3975 Vnus.
2410 3918 2502 3974 27.
2534 3918 2670 3973 Fide
2698 3917 2913 3987 reliquit
2933 3914 3251 3988 ﬁgyptum,
3279 3934 3384 3973 non
3406 3918 3604 3973 ueritus
3639 3916 3725 3970 in-

2141 4011 2503 4082 dignationem
2540 4010 2700 4080 regis.
2743 4008 2954 4078 Ecquid
3009 4009 3130 4065 ais?
3187 4007 3245 4063 In
3301 4008 3491 4064 Exodo
3538 4018 3723 4063 tamen

2138 4104 2404 4174 scriptum
2434 4109 2520 4158 est
2548 4120 2562 4157 :
2603 4100 3028 4170 Perterrefacttts
3054 4109 3131 4154 est
3168 4108 3344 4155 autent
3371 4098 3568 4165 Moses,
3598 4101 3725 4169 quia

2140 4211 2222 4250 res
2250 4196 2432 4248 istha'e
2459 4193 2734 4264 patefacta
2757 4201 2894 4247 erat.
2919 4192 3212 4257 (laterum,
3243 4210 3349 4247 non
3388 4196 3609 4259 ueritus,
3634 4192 3727 4246 hic

2142 4292 2354 4362 accipe,
2390 4291 2551 4360 quasi
2613 4289 2867 4355 dixisset,
2918 4287 3155 4361 Egypto
3209 4303 3407 4345 rursus
3467 4302 3726 4359 praeesse,

2144 4392 2310 4451 atque
2371 4380 2723 4436 Hebraeorum
2776 4377 3167 4448 puerei-turam
3227 4381 3533 4451 suscipere.
3591 4377 3731 4433 Nam

440 4470 794 4542 Φοϐουμινου
844 4470 944 4539 μὲν
991 4468 1103 4538 γὰρ
1149 4461 1221 4537 ἦν
1263 4466 1327 4519 τὸ
1382 4464 1626 4536 μηδόλως
1677 4461 2027 4533 ὑποστρέψαι

2147 4489 2255 4529 non
2285 4472 2517 4527 omnino
2564 4474 2764 4527 reverti
2811 4490 2990 4543 neque
3018 4490 3082 4528 ea
3114 4489 3236 4544 quae
3270 4476 3426 4544 prius
3481 4472 3729 4542 aggredi,

449 4563 592 4634 μηδὲ
623 4560 927 4630 ἐγχειρίσαι
956 4556 1039 4623 οἷς
1071 4561 1166 4611 καὶ
1198 4556 1412 4629 πρώην.
1471 4556 1625 4609 Ἐπεὶ
1651 4556 1709 4611 δὲ
1741 4556 1907 4610 πάλιν
1938 4555 2041 4607 ὑπ·
2078 4555 2086 4615 ξ

446 4654 754 4723 ἔστρεψεν,
786 4651 985 4717 ἔδειξεν
1013 4651 1096 4704 ὅτι
1130 4648 1378 4703 πιστεύει
1406 4648 1488 4717 τῷ
1504 4646 1645 4718 Θεῷ.
1676 4647 1803 4711 Πῶς
1818 4643 1913 4702 οὖν
1940 4647 2041 4701 οὐκ

448 4746 677 4815 ἔμεινεν
709 4745 768 4795 ὲν
800 4742 1096 4811 Αἰγύπτῳ,
1130 4741 1268 4793 ἀλλὰ
1307 4739 1570 4793 κατέλιπε
1603 4739 1701 4811 τὴν
1732 4739 2042 4808 Αἴγυπτον,

451 4836 577 4902 είγε
628 4833 730 4885 οὐκ
774 4831 1056 4902 ὲφοϐεἰτο;
1081 4832 1207 4886 Ὅτι
1247 4830 1311 4885 τὸ
1354 4832 1436 4895 είς
1482 4830 1758 4901 πρόοπτον
1800 4830 2048 4883 κίνδυνον

454 4925 813 4997 ἑπιρρίπτειν
849 4924 1064 4991 ἑαυτὸν,
1101 4924 1199 4977 καὶ
1236 4923 1449 4990 λέγειν,
1487 4925 1535 4976 εί
1570 4923 1679 4993 ἄρα
1714 4921 1880 4975 σώσει
1919 4939 1987 4993 με
2023 4923 2052 4975 6

454 5020 599 5081 Θεὸς
619 5058 635 5084 ,
667 5016 1090 5089 ικπειράξοντός
1119 5017 1235 5069 ἐστι
1263 5015 1357 5069 τὸν
1386 5014 1547 5079 Θεδν,
1580 5014 1676 5067 καὶ
1703 5013 2010 5067 διαϐολικάν
2034 5030 2050 5046 ·

456 5112 681 5182 Ὠσπερ
708 5112 801 5164 καὶ
825 5113 853 5164 ὁ
878 5108 1125 5172 διάϐολος
1147 5108 1227 5179 τῷ
1257 5109 1448 5179 Κυρίῳ
1474 5108 1627 5175 ἔλεγε
1643 5107 1844 5160 ’Βάλε
1866 5120 2053 5160 σεαυ-

452 5205 571 5257 τὸν
600 5202 777 5261 κάτω.
800 5204 870 5256 Ἦ
898 5202 982 5269 τὸ,
1016 5203 1100 5256 Οὐ
1132 5202 1412 5271 φοϐηθεὶς
1440 5201 1549 5254 τὸν
1590 5200 1780 5270 θυμὸν
1806 5199 1914 5254 τοῦ
1936 5200 2053 5264 ,ϐα-

454 5294 712 5360 σιλέως,
740 5292 886 5347 οὕτω
911 5293 1128 5364 νόησον,
1160 5294 1242 5345 δτι
1270 5291 1439 5360 ἔφυγε
1470 5292 1789 5357 πιστεύσας,
1819 5289 1901 5344 ὅτι
1931 5290 2049 5343 δια-

455 5385 679 5456 δράσει,
720 5385 815 5437 καὶ
852 5384 954 5437 οὐκ
997 5381 1345 5447 ὲπιδιώξεται
1384 5381 1549 5435 αὐτὸν
1587 5382 1615 5435 ὁ
1661 5380 1933 5451 βασιλεὺς,
1972 5380 2049 5444 ώς

458 5476 813 5548 θυμούμενος
838 5476 962 5530 κατ’
984 5475 1174 5542 αὐτοῦ,
1202 5474 1323 5528 οὐδὲ
1350 5476 1402 5528 εί
1433 5474 1529 5529 καὶ
1557 5472 1854 5542 ὲπιδιώξει,
1882 5490 2052 5528 κατα-

576 5596 628 5628 ³ι
668 5594 842 5652 Exod.
868 5609 932 5663 ιι,
966 5595 1056 5650 M.
1131 5594 1179 5628 "
1217 5594 1411 5653 Matth.
1437 5612 1513 5665 tv,
1547 5594 1601 5651 6.

2148 4567 2446 4622 metuentis
2481 4572 2622 4621 erat.
2665 4566 2803 4630 Quia
2826 4580 2955 4621 vero
2986 4581 3244 4622 reversus
3303 4575 3411 4631 est,
3466 4563 3734 4618 indicavit

2150 4674 2211 4716 se
2243 4658 2403 4715 fidem
2438 4658 2697 4715 adhibere
2727 4655 2859 4713 Deo.
2901 4656 3083 4724 Quare
3108 4658 3279 4729 igitur
3312 4672 3420 4712 non
3455 4657 3657 4711 mansit
3675 4656 3733 4711 in

2152 4749 2409 4821 Egypto,
2446 4748 2546 4805 sed
2587 4748 2813 4820 reliquit
2842 4764 2963 4805 eam
3012 4750 3058 4805 si
3108 4764 3218 4804 non
3250 4747 3734 4814 metuebat?Quo-

2150 4842 2300 4897 niam
2364 4842 2421 4896 in
2451 4837 2802 4895 manifestum
2826 4840 3129 4911 periculum
3163 4840 3407 4911 seipsum
3434 4837 3733 4909 conjicere,

2154 4948 2219 4989 ac
2245 4932 2457 5000 dicere,
2495 4930 2761 4987 Fortasse
2824 4947 2913 4986 me
2955 4931 3195 4986 servabit
3257 4933 3424 4998 Deus,
3471 4931 3736 4985 tentantis

2154 5031 2238 5079 est
2273 5020 2471 5087 Deum,
2523 5035 2587 5076 ac
2613 5020 2769 5092 plane
2812 5020 3145 5077 diabolicum
3176 5039 3191 5078 :
3225 5022 3368 5079 sicut
3409 5031 3464 5077 et
3497 5019 3735 5077 Satanas

2159 5115 2391 5171 Domino
2445 5114 2663 5171 dicebat
2708 5112 2910 5170 :Hitte
2962 5125 3011 5170 te
3074 5115 3319 5172 deorsum
3353 5118 3423 5170 ".
3476 5113 3594 5179 Vel,
3632 5132 3736 5169 non

2152 5209 2349 5263 veritus
2380 5207 2800 5279 indignationem
2856 5209 3020 5278 regis,
3063 5208 3213 5264 hunc
3262 5208 3330 5262 ad
3376 5208 3598 5262 modum
3651 5207 3738 5260 in-

2150 5300 2353 5371 tellige,
2409 5315 2606 5369 nempe
2688 5299 2835 5372 quod
2906 5301 3108 5370 fugerit
3167 5299 3401 5355 credens
3454 5297 3602 5367 quod
3660 5302 3735 5354 sit

2154 5405 2438 5456 evasurus,
2488 5406 2663 5461 neque
2720 5403 3136 5461 persecuturum
3219 5405 3425 5462 regem,
3475 5398 3738 5461 tanquam

2159 5494 2573 5540 succenseutem
2606 5483 2735 5554 ipsi,
2782 5499 2880 5540 nec
2902 5483 3117 5541 etiamsi
3171 5491 3614 5555 persequeretur,
3643 5498 3739 5554 ap-

1839 5700 2045 5764 Varite
2073 5699 2404 5764 lectiones.

536 5794 587 5827 ⁸³
605 5792 760 5864 λέγει
783 5806 842 5849 0.
922 5789 970 5821 “
994 5789 1049 5843 δέ
1073 5805 1126 5844 o.
