4044 6422
441 294 552 358 3ῦ9

1315 298 1891 360 THEOPHYLACTI
1928 296 2339 358 BULGARLE
2368 300 2727 362 ARCIIIEP.

3589 310 3699 372 36)

441 398 864 467 prehensurum.
902 396 1077 468 llujus
1113 409 1296 453 autem
1329 403 1405 457 rei
1431 404 1645 474 signum
1697 411 1803 465 est,
1869 401 2014 471 quod

2119 402 2369 471 λήψεται.
2396 407 2599 460 Τούτου
2625 408 2680 460 δὲ
2709 409 2953 478 σημεῖον,
2981 410 3065 465 ὅτι
3092 412 3188 466 καὶ
3215 415 3278 467 ὲκ
3304 414 3563 482 γειτόνων
3586 418 3707 472 δια-

439 487 493 541 in
555 486 751 540 vicinia
818 489 1019 541 morari
1074 490 1344 560 selcgrril,
1410 501 1575 564 atque
1650 494 1723 548 ibi
1778 493 2016 547 latuerit.

438 579 681 633 Proinde
735 578 856 633 ﬁdei
898 588 951 633 et
981 579 1086 634 hoc
1116 591 1222 636 est.

514 668 836 723 lnrisibilem
863 672 1002 724 enim
1056 682 1307 743 tanquam
1343 675 1544 739 videns,
1581 676 1857 729 sustinuit.
1891 674 2021 729 Per-

438 761 566 815 inde
614 761 761 814 enim
811 765 966 831 quasi
1023 764 1230 818 videret
1260 766 1426 820 Deum
1474 782 1659 820 secum
1689 782 2019 821 conversan-

441 860 575 916 tem,
636 854 719 907 sic
768 855 951 907 omnia
1004 865 1322 910 constanter
1383 858 1668 913 tolerabat.
1713 857 2015 912 Plurimum

437 944 582 999 enim
638 947 705 998 ad
764 946 1079 1014 patientiam
1125 946 1359 1011 confert,
1419 949 1620 1004 habere
1688 966 1903 1020 semper
1960 951 2015 1004 in

436 1045 620 1090 mente
685 1034 889 1101 Deum,
945 1038 1168 1107 perinde
1210 1053 1275 1093 ac
1353 1038 1519 1094 David
1584 1040 1814 1111 inquit:
1875 1041 2015 1095 Pro-

434 1125 673 1178 videbam
738 1125 1024 1181 Dominum
1097 1128 1153 1182 in
1202 1138 1483 1198 conspectu
1540 1129 1750 1195 meo",
1804 1138 1859 1185 et
1893 1145 2016 1200 qua:

432 1225 759 1285 sequuntur.

509 1307 788 1365 Vens.28.
847 1308 985 1362 Fide
1040 1310 1318 1366 celebravit
1362 1311 1573 1366 Pascha
1606 1321 1657 1367 et
1706 1312 2015 1381 (fusionem

429 1400 728 1469 sanguinis,
753 1416 814 1453 ne
844 1400 939 1469 qui
966 1403 1209 1456 vastabat
1240 1404 1613 1472 primogenita,
1645 1412 1876 1472 tangeret
1903 1417 2013 1455 eos.

435 1490 636 1545 Paulus
673 1493 874 1562 ubith
916 1494 1098 1547 obiter
1125 1497 1441 1565 mysterium
1494 1497 2015 1565 intcrpouit,quem-

433 1583 728 1637 admodum
756 1584 859 1640 hoc
888 1587 940 1640 iu
976 1587 1094 1641 loco
1126 1587 1269 1640 inter
1297 1589 1687 1643 consolandum
1730 1586 2013 1642 Paschalis

442 1678 774 1731 sacramenti
813 1680 1080 1734 meminit.
1110 1679 1317 1736 Eﬂ‘usio
1346 1684 1489 1736 enim
1523 1681 1810 1751 sanguinis
1841 1681 2010 1744 illius,

2120 493 2328 564 τρίϐειν
2361 495 2535 550 εἵλετο
2563 499 2655 551 καὶ
2686 497 2897 552 ἔλαθεν.
2922 499 3087 554 Ὥστε
3116 505 3216 572 τῆς
3252 502 3488 568 πίστεως
3518 504 3700 560 τοῦτο.

2194 676 2311 731 Τὸν
2343 677 2453 748 γὰρ
2488 678 2745 746 ἀόρατον
2764 680 2844 745 ὡς
2870 681 3025 748 ὀρῶν
3057 682 3483 752 ἐκαρτέρησεν.
3512 684 3705 740 Ὡσαν-

2121 770 2172 822 ei.
2198 770 2306 839 γὰρ
2336 770 2476 841 ὁρῶν
2512 773 2603 824 τόν
2631 772 2763 824 Θεὸν
2795 774 3023 827 συνόντα
3073 775 3244 845 αὐτῷ,
3273 777 3445 842 οὕτως
3472 780 3707 851 ἐκαρτέ-

2122 878 2203 930 ρει
2230 863 2426 916 πάντα.
2452 864 2713 933 Μεγάλης
2732 863 2841 933 γὰρ
2863 865 3137 935 ὑπομονῆς
3162 870 3446 938 ποιητικὸν
3468 871 3528 924 τὸ
3553 872 3703 942 ἔχειν

2117 954 2205 1006 ἀεὶ
2240 956 2296 1006 ὲν
2325 954 2401 1025 νῷ
2429 955 2519 1007 τὸν
2549 954 2682 1008 Θεόν
2708 971 2721 985 ο
2755 956 2831 1018 ὡς
2865 958 2957 1010 καὶ
2984 959 3013 1010 ὁ
3041 959 3205 1013 Δαείδ
3237 978 3392 1031 φησι.
3424 963 3705 1034 "pompilio

2112 1062 2237 1114 μην
2254 1045 2360 1099 τὸν
2376 1047 2599 1114 Κύριον
2613 1048 2872 1103 ἐνώπιόν
2886 1068 3002 1119 μου
3024 1067 3038 1083 '
3070 1054 3167 1106 καὶ
3194 1053 3263 1107 τὰ
3291 1053 3440 1125 ἑξῆς.

2187 1313 2394 1366 Πίστει
2422 1312 2713 1379 πεποίηκε
2738 1314 2803 1367 τὸ
2829 1312 3065 1381 Πάσχα,
3094 1315 3193 1368 καὶ
3215 1314 3331 1383 τὴν
3351 1316 3705 1386 πρόσχυσιν

2116 1404 2223 1459 τοῦ
2252 1404 2526 1472 αἵματος,
2555 1405 2656 1458 ἵνα
2678 1405 2764 1475 μὴ
2793 1408 2826 1459 ό
2855 1406 3191 1474 ὀλοθρεύων
3218 1407 3291 1461 τὰ
3317 1412 3700 1477 πρωτότοκα,

2118 1499 2251 1566 θίγῃ
2283 1499 2502 1552 αὐτῶν.
2528 1497 2811 1570 Πανταχοῦ
2844 1501 2872 1551 ὁ
2895 1498 2940 1530 ⁸⁸
2962 1498 3175 1564 Παῦλος
3209 1502 3266 1555 ὲν
3289 1502 3509 1573 παρόδῳ
3546 1520 3697 1573 παρ-

2117 1590 2378 1659 εμὸἇλλει
2429 1592 2749 1661 μυστήριον,
2781 1589 2969 1660 ὥσπερ
2995 1586 3091 1644 οὖν
3136 1592 3232 1644 καὶ
3260 1592 3493 1646 ἐνταῦθα
3520 1596 3576 1646 ἐν
3601 1595 3704 1648 τά-

2120 1680 2200 1745 ξει
2238 1681 2639 1753 παρακλήσεως
2670 1681 2728 1735 τὸ
2758 1679 2853 1735 τοῦ
2895 1681 3088 1752 Πάσχα
3131 1685 3432 1753 μυστήριον
3463 1684 3703 1738 καταλέ-

440 1771 543 1822 hor
600 1778 731 1834 est,
801 1771 1044 1826 inuurtio
1098 1774 1357 1842 pestium,
1406 1773 1672 1829 Dominici
1729 1773 2012 1844 sanguinis

2119 1743 2222 1842 νει.
2257 1743 2330 1825 Ἦ.
2349 1775 2458 1843 γὰρ
2482 1743 2786 1844 πρόσχυσις
2815 1743 3048 1843 αἵματος
3077 1743 3329 1837 ἐκείνουῗ
3355 1775 3631 1828 τουτέστιν
3659 1776 3699 1845 ἠ

436 1862 758 1916 cli'usionetu
817 1864 1204 1931 signiﬁcabat,
1260 1881 1368 1935 quo
1430 1868 1718 1936 peruncti,
1775 1867 2014 1937 fugimus

435 1954 489 2006 in
526 1963 685 2009 nocte
749 1955 869 2009 vitae
931 1957 1093 2024 hujus
1157 1958 1613 2013 exterminantem
1647 1973 1754 2013 non
1810 1975 2017 2030 perun-

437 2053 652 2099 ctorum
700 2045 1085 2116 primogenita.
1114 2047 1292 2104 Moses
1332 2050 1496 2120 igitur
1521 2066 1646 2105 eum
1686 2062 1799 2105 tum
1834 2050 2016 2105 erodi-

436 2134 605 2190 disset
655 2137 940 2206 sanguinis
986 2139 1357 2196 iuunctionem
1412 2150 1857 2197 conservaturum
1902 2144 2017 2212 pri-

439 2229 735 2296 mogenita,
785 2229 1152 2285 demandabat
1200 2233 1403 2303 populo
1456 2234 1560 2288 hoc
1607 2235 1808 2290 facere.
1851 2235 2015 2305 Atqui

438 2318 532 2373 ille
586 2320 712 2391 agni
759 2323 985 2389 sanguis
1032 2330 1173 2379 erat.
1202 2326 1451 2378 Attamen
1483 2333 1759 2395 quatenus
1790 2326 2019 2397 sangui-

439 2408 527 2461 nis
553 2409 758 2463 (Zhrlsti
803 2410 971 2479 ﬁgura
997 2420 1138 2477 erat,
1178 2421 1383 2468 tantam
1420 2417 1528 2469 vim
1559 2425 1613 2471 et
1635 2418 1893 2472 virtutem
1919 2418 2018 2473 de-

438 2500 792 2553 monstrabat.
844 2500 960 2556 Vos
1000 2512 1181 2557 autem
1246 2520 1376 2560 vero
1437 2509 1703 2576 sanguine
1744 2511 2015 2577 peruncti,

441 2610 546 2645 tmtt
596 2593 881 2647 conﬁditis
924 2594 1028 2648 isto
1056 2597 1390 2651 communiri
1420 2598 1443 2651 ?
1482 2597 1591 2654 luto
1620 2610 1789 2655 certe.
1822 2599 2016 2667 Porro,

433 2680 644 2735 Pascha
687 2683 1002 2749 celebravit,
1040 2684 1142 2740 hoc
1194 2697 1299 2752 est,
1335 2704 1489 2744 esum
1532 2691 1679 2758 agni,
1713 2699 1766 2746 ct
1801 2708 2021 2764 azytuo-

439 2788 579 2831 rum.
622 2785 667 2826 et
700 2773 1039 2828 iacturarum
1068 2781 1389 2846 agrestium,
1421 2786 1475 2832 et
1493 2779 1727 2834 credidit
1754 2782 2016 2853 populum

434 2881 500 2917 ex
561 2864 796 2936 Aigypto
859 2882 1140 2935 egress::m
1194 2884 1577 2926 conservatum
1620 2871 1706 2927 iri.
1743 2872 1869 2927 Erat
1922 2890 2019 2929 au-

434 2964 543 3009 tem
587 2959 728 3011 ratio
776 2938 959 3014 tuante
1009 2961 1158 3016 illius
1185 2964 1431 3033 egressui
1490 2966 1731 3035 ipsorum
1794 2982 2016 3039 accom-

440 3047 623 3101 Ittoda.

398 3206 401 3211 ι
510 3138 787 3194 \’ens.29.
846 3139 987 3197 Fide
1049 3148 1566 3202 transicrunt'mare
1609 3148 1862 3215 Rubrum,
1893 3160 2018 3205 tan-

429 3244 591 3297 quam
622 3231 780 3302 74],
813 3249 905 3302 per
931 3235 1162 3289 aridam.
1193 3234 1271 3293 Ne
1299 3239 1504 3305 dicant,
1544 3240 1614 3296 Ut
1649 3243 1777 3311 quid
1802 3242 2016 3319 profers

436 3319 493 3374 in
555 3325 793 3379 medium
820 3326 969 3380 viros
996 3328 1349 3386 inintitabiles
1377 3332 1399 3386 Ἰ
1424 3333 1721 3401 protulitct
1760 3336 2014 3406 populum

436 3412 844 3486 incxemplum.
880 3418 1173 3475 lmitamini
1204 3423 1372 3490 enim,
1400 3425 1599 3494 inquit,
1652 3427 1788 3481 istos
1820 3429 2014 3483 saltem

433 3519 466 3557 e
502 3506 684 3575 vulgo,
721 3507 810 3574 qui
841 3511 1193 3567 crediderunt
1223 3528 1345 3568 sese
1398 3515 1539 3568 haud
1584 3516 2016 3588 submergendos

434 3610 603 3663 aqua,
654 3597 844 3669 sicque
894 3602 1012 3657 ausi
1043 3602 1300 3669 luerunt,
1332 3606 1676 3662 conﬁdentes
1711 3610 1818 3663 Deo
1871 3609 2015 3679 quod

433 3686 599 3741 veluti
624 3690 930 3759 peraridam
980 3692 1092 3748 sint
1119 3696 1543 3766 pertransituri:
1577 3701 1712 3754 adeo
1742 3702 2016 3771 quazlsunt

434 3774 820 3847 impossibilia,
850 3781 984 3837 ﬁdes
1012 3786 1299 3855 possibilia
1350 3786 1543 3843 efﬁcit.
1597 3787 1779 3855 Quare
1831 3791 2015 3862 itaque

432 3882 530 3923 vos
553 3868 837 3927 difﬁditis?

505 3959 656 4024 Quod
694 3965 898 4032 experti
937 3964 1201 4037 Egyptii,
1232 3969 1470 4025 devorati
1509 3982 1655 4028 sunt.
1709 3972 1788 4028 Ac
1827 3988 2010 4040 nemo,

437 4050 637 4119 inquit,
671 4051 854 4110 dicere
876 4063 1074 4124 potest,
1108 4061 1251 4128 quod
1283 4061 1662 4131 imaginarium
1699 4074 1835 4130 erat,
1873 4081 2013 4136 aqua

436 4155 546 4193 non
576 4151 715 4196 erat.
747 4142 879 4197 Nam
915 4149 1059 4216 quod
1101 4164 1251 4204 mare
1281 4160 1420 4216 erat,
1443 4151 1685 4224 Egyptii
1724 4165 1853 4211 sunt
1880 4158 2014 4212 indi-

433 4232 542 4295 cio,
578 4242 766 4301 utpote
793 4236 884 4304 qui
914 4236 1126 4308 ingredi
1163 4240 1384 4310 quidem
1419 4246 1736 4312 tentabant,
1769 4247 2012 4317 absorpti

437 4337 566 4376 vero
601 4335 725 4378 sunt
754 4326 823 4380 ab
859 4343 946 4393 eo,
999 4338 1115 4384 toto
1161 4332 1324 4387 simul
1363 4341 1556 4390 contra
1604 4352 1699 4391 eos
1744 4347 2009 4406 permoto,

2115 1864 2297 1935 χρίσις
2324 1863 2436 1916 τῶν
2472 1864 2667 1933 φλιῶν,
2696 1862 2795 1916 τὸν
2825 1862 2919 1917 τοῦ
2952 1863 3272 1917 δεσποτικοῦ
3307 1863 3540 1933 αἵματος
3572 1864 3702 1935 ἐδή-

2114 1955 2240 2023 λου,
2273 1956 2340 2009 δι’
2358 1951 2418 2010 οὗ
2447 1955 2761 2027 χριόμενοι,
2794 1955 3070 2026 φεύγομεν
3100 1956 3198 2025 τὴν
3228 1959 3285 2010 ὲν
3315 1959 3380 2027 τῇ
3411 1956 3566 2010 νυκτὶ
3596 1955 3697 2009 τοῦ

2117 2047 2233 2117 βίου
2271 2047 2464 2100 τούτου
2498 2047 2857 2116 όλοθρεύοντα
2892 2048 2962 2100 τὰ
2995 2048 3317 2118 πρωτότοκα
3352 2046 3463 2100 τῶν
3497 2044 3572 2116 μὴ
3605 2063 3704 2099 κε-

2116 2142 2445 2214 χρισμένων.
2476 2140 2537 2195 Ὀ
2562 2141 2769 2210 Μωσῆς
2794 2140 2974 2194 τοίνυν
2995 2140 3116 2193 τότε
3148 2137 3468 2202 πιστεύσας,
3493 2139 3576 2192 ὅτι
3598 2135 3699 2190 τοῦ

2117 2235 2349 2304 αἵματος
2375 2236 2407 2303 ή
2439 2231 2617 2303 χρίσις
2644 2229 2871 2301 φυλάξει
2894 2231 2960 2284 τὰ
2988 2230 3331 2300 πρωτότοκα,
3357 2228 3700 2298 παρήγγειλε

2116 2327 2197 2398 τῷ
2238 2325 2352 2397 λαῷ
2392 2325 2550 2379 τοῦτο
2596 2324 2843 2394 ποιῆσαι.
2889 2323 3078 2376 Καίτοι
3121 2323 3299 2375 ἐκεῖνο
3342 2319 3514 2392 ἀμνοῦ
3556 2316 3703 2390 αἷμα

2116 2414 2219 2488 ἦν·
2249 2418 2552 2488 meum,
2583 2415 2720 2470 καθὸ
2763 2414 2962 2467 ὲτύπου
3008 2415 3067 2466 τὸ
3110 2412 3205 2467 τοῦ
3243 2409 3480 2482 Χριστοῦ
3523 2405 3697 2479 αἷμα,

2118 2508 2384 2578 τοσαύτην
2429 2510 2581 2577 ἰσχὺν
2627 2506 2849 2570 ἔδειξεν.
2884 2505 3075 2574 Ὑμεῖς
3117 2504 3174 2558 δὲ
3210 2503 3290 2574 τῷ
3331 2502 3573 2573 ἀληθινῷ
3612 2504 3699 2556 αῖ-

2124 2618 2252 2672 ματι
2299 2599 2648 2671 χρισθέντες,
2696 2598 2756 2650 ού
2804 2596 3060 2669 θαρῤεἰτε
3106 2595 3279 2667 τούτῳ
3324 2594 3697 2665 τειχίζεσθαι;

2118 2691 2227 2744 Ναὶ
2259 2691 2388 2761 μήν.
2419 2690 2529 2742 Καὶ
2554 2689 2615 2740 τὸ
2644 2689 2834 2758 Πάσχα
2861 2686 3098 2752 ἐτέλεσε,
3122 2687 3372 2738 τουτέστι
3421 2686 3520 2756 τὴν
3548 2684 3698 2755 βρῶ-

2121 2799 2205 2835 σιν
2234 2780 2326 2833 τοῦ
2362 2779 2535 2851 ἀμνοῦ
2556 2824 2568 2844 ,
2600 2781 2694 2833 καὶ
2722 2779 2830 2832 τῶν
2857 2778 3107 2848 ἀζύμων,
3139 2779 3235 2831 καὶ
3265 2777 3372 2830 τῶν
3402 2778 3694 2848 πικρίδων,

2120 2875 2212 2926 καὶ
2238 2873 2556 2926 ἐπίστευσεν
2579 2872 2661 2924 ὅτι
2691 2872 2718 2923 6
2746 2870 2872 2932 λαὸς
2902 2869 3132 2937 ἐξελθὼν
3155 2870 3253 2936 τῆς
3281 2869 3553 2937 Αἰγύπτου
3579 2869 3700 2922 δια-

2121 2965 2452 3036 σωθήσεται.
2488 2962 2719 3028 Ἐξόδιος
2761 2962 2871 3032 γὰρ
2914 2957 2982 3033 ἦν
3025 2963 3053 3015 ὁ
3097 2962 3296 3032 τρόπος
3340 2960 3435 3014 τοῦ
3476 2960 3700 3014 δείπνου

2042 3077 2089 3141 C
2123 3058 2354 3111 ἐκείνου.

2193 3150 2394 3206 Πίστει
2426 3147 2721 3217 διέϐησαν
2759 3146 2874 3217 τὴν
2914 3144 3208 3215 Ἐρυθρὰν
3243 3144 3586 3209 θάλασσαν,
3613 3144 3701 3211 ὡς

2118 3236 2215 3291 διὰ
2232 3237 2276 3269 ⁵⁸
2318 3233 2668 3306 ξηρᾶς.⁶’1να
2714 3236 2789 3309 μὴ
2830 3236 3053 3307 λέγωσι,
3092 3237 3144 3289 τί
3188 3234 3374 3307 φέρεις
3411 3236 3490 3299 είς
3530 3233 3702 3307 μέσον

2118 3329 2431 3401 ἀμιμήτους
2463 3329 2695 3400 ἄνδρας;
2731 3330 2931 3401 ἦνεγκε
2965 3330 3060 3383 καὶ
3090 3326 3218 3382 λαὸν
3248 3329 3330 3392 εἰς
3364 3328 3698 3399 ὑπόδειγμα.

2117 3421 2447 3491 Μιμήσασθε
2482 3421 2626 3492 γὰρ,
2659 3422 2791 3491 φησὶ
2814 3461 2829 3485 ,
2861 3420 3086 3484 τούτους
3116 3419 3246 3491 γοῦν
3275 3421 3401 3485 τοὺς
3430 3418 3524 3474 τοῦ
3555 3419 3703 3491 πλη·-

2119 3512 2279 3579 θους,
2321 3512 2401 3582 οἳ,
2418 3513 2748 3566 ἐπίστευσαν
2790 3513 2867 3575 ὡς
2909 3512 3012 3565 οὐκ
3056 3511 3347 3566 ἐπικλύσει
3395 3512 3591 3575 αὐτοὺς
3634 3511 3701 3566 τὸ

2119 3602 2299 3673 ὓδωρ,
2351 3603 2444 3656 καὶ
2491 3602 2636 3657 οὕτω
2684 3602 3139 3675 κατετόλμησαν,
3187 3602 3565 3675 θαρρήσαντες
3612 3602 3699 3673 τῷ

2116 3694 2255 3765 Θεῷ,
2286 3696 2366 3749 ὅτι
2397 3695 2472 3759 ὡς
2498 3696 2587 3751 διὰ
2614 3694 2785 3767 ξηρᾶς
2812 3694 3120 3749 ἐλεύσονται
3143 3711 3158 3726 ·
3190 3694 3334 3750 οὕτω
3359 3696 3428 3750 τὰ
3457 3694 3699 3752 ἀδύνατα

2115 3785 2318 3839 δυνατὰ
2345 3788 2491 3840 ποιεῖ
2518 3786 2554 3857 ἡ
2584 3785 2768 3850 πίστις
2791 3803 2805 3817 ·
2841 3787 2937 3841 καὶ
2968 3786 3085 3850 πῶς
3117 3787 3276 3858 ὑμεῖς
3302 3788 3619 3855 attonita;

2187 3953 2298 4025 Ἦς
2329 3956 2545 4026 πεῖραν
2569 3956 2859 4023 λαϐόντες
2885 3958 3217 4027 Αἰγύπτιοι,
3246 3960 3692 4027 κατεπόθησαν.

2114 4053 2226 4105 Καὶ
2259 4053 2360 4105 οὐκ
2395 4051 2510 4121 ἔχει
2540 4068 2623 4113 τις
2654 4050 2853 4114 εἰπεῖν,
2896 4053 3086 4121 φησὶν,
3109 4052 3191 4105 ὅτι
3216 4052 3359 4106 κατὰ
3385 4054 3694 4122 φαντασίαν

2114 4142 2218 4217 ἧν;
2245 4145 2430 4215 ’Ύδωρ
2463 4144 2565 4197 οὐκ
2609 4140 2675 4214 ἦν
2695 4159 2709 4174 ⁸
2742 4144 2826 4197 ὅτι
2849 4144 2961 4216 γὰρ
2999 4144 3245 4199 θάλασσα
3267 4141 3356 4217 ἦν,
3410 4147 3617 4211 ἔδειξαν
3640 4149 3695 4201 oi

2114 4237 2424 4305 Αἰγύπτιοι,
2454 4235 2816 4306 πειράσαντες
2845 4236 2944 4306 μὲν
2974 4234 3259 4301 εἰσελθεῖν,
3289 4239 3696 4305 καταποθέντες

2114 4328 2169 4380 δὲ
2208 4326 2300 4379 ὑπ’
2353 4327 2543 4396 αὐτῆς,
2590 4324 2796 4396 ἁθρόας
2851 4324 3163 4396 κινηθείσης
3202 4327 3325 4379 κατ’
3361 4327 3562 4393 αὐτῶν,
3592 4332 3693 4399 τῆς

432 4413 580 4479 quod
618 4413 671 4465 in
698 4417 934 4473 transitu
984 4417 1334 4476 Hebraeorum
1382 4424 1554 4478 instar
1598 4428 1737 4481 muri
1766 4436 2009 4483 erectum

2119 4420 2178 4471 ὲν
2201 4420 2265 4488 τῇ
2296 4416 2543 4471 διαϐάσει
2576 4416 2684 4469 τῶν
2729 4415 3000 4486 Ἑϐραίων
3023 4416 3098 4480 ὡς
3145 4421 3323 4487 τεῖχος
3353 4419 3649 4489 ἱσταμένης
3673 4436 3691 4452 ο

431 4508 798 4562 constiterat:
845 4511 1071 4578 perinde
1117 4528 1181 4568 ac
1224 4526 1408 4584 postea
1455 4516 1671 4571 ﬂamma
1714 4519 2007 4576 adversum

431 4604 542 4648 tres
593 4610 790 4665 pueros
839 4610 1051 4669 parata,
1091 4607 1547 4661 commonstravit
1591 4607 1739 4675 quod
1790 4607 2007 4664 ﬂamma

427 4697 568 4754 erat,
620 4704 744 4743 cum
795 4691 1123 4764 Babylonios
1166 4696 1443 4751 devorarit
1481 4716 1495 4749 :
1548 4698 1735 4754 itidem
1771 4699 2007 4758 Danielis

430 4780 639 4843 leones,
670 4783 764 4850 qui
795 4782 1068 4841 delatores
1111 4787 1231 4856 ejus
1256 4787 1621 4860 'dilaniaruut.

502 4872 670 4927 Vens.
697 4876 783 4929 50.
808 4874 943 4932 Fide
990 4882 1131 4934 muri
1162 4879 1376 4935 Iericho
1407 4893 1739 4947 corruerunt,
1768 4886 2001 4939 circum-

428 4964 545 5018 dati
567 4969 634 5019 ad
655 4978 845 5036 septem
864 4970 996 5024 dies.
1018 4969 1149 5026 Fide
1176 4989 1189 5025 :
1226 4970 1336 5026 Deo
1360 4973 1503 5026 enim
1528 4973 1670 5028 istud
1694 4977 2004 5041 mandante,

2116 4508 2264 4563 ὥσπε
2274 4526 2306 4580 ρ
2338 4509 2432 4562 καὶ
2459 4506 2685 4579 ὕστερον
2716 4508 2751 4577 ἡ
2782 4506 2924 4560 κατὰ
2942 4508 3070 4571 τοὺς
3118 4512 3272 4578 τρεῖς
3310 4510 3509 4573 παῖδας
3531 4510 3687 4579 φλὸξ,

2120 4601 2287 4666 ἔδειξε
2320 4600 2452 4671 φλὸξ
2487 4596 2750 4666 οὗσα,ὂτε
2777 4599 2905 4664 τοὺς
2934 4600 3310 4666 Βαϐυλωνίους
3339 4602 3690 4674 διεόοσκήθηο

2114 4699 2208 4751 καὶ
2233 4698 2284 4750 oi
2315 4697 2454 4749 κατὰ
2514 4694 2606 4748 τὸν
2658 4692 2859 4763 Δανιὴλ
2906 4690 3119 4756 λέοντες
3176 4694 3302 4758 τοὺς
3349 4694 3692 4765 κατηγόρους

2115 4788 2278 4842 αὑτοῦ
2301 4786 2663 4857 λαφύξαντες.

2187 4880 2395 4933 Πίστει
2433 4877 2507 4933 τὰ
2565 4879 2735 4946 τείχη
2786 4878 3002 4949 Ἰεριχὼ
3051 4878 3256 4948 ἔπεσε,
3304 4881 3694 4937 κυκλωθέντα

2111 4974 2211 5027 ἐπὶ
2241 4973 2392 5027 ἑπτὰ
2421 4973 2668 5042 ἡμέρας.
2694 4971 2906 5025 Πίστει·
2937 4970 3031 5024 τοῦ
3053 4972 3163 5038 γὰρ
3188 4971 3322 5025 Θεοῦ
3356 4974 3696 5043 προστάξαν-

435 5073 614 5128 neque
641 5057 812 5113 Josue
844 5075 1021 5130 neque
1072 5063 1308 5133 populus
1352 5064 1698 5133 haesitabant,
1728 5082 1829 5122 nec
1857 5068 2011 5123 dixe-

2119 5082 2222 5130 τος,
2277 5064 2338 5117 οὐ
2382 5063 2741 5133 διεκρίθησαν
2773 5063 2801 5115 ὃ
2834 5079 2893 5114 τε
2937 5061 3145 5129 Ἰησοῦς
3203 5064 3298 5116 καὶ
3334 5063 3535 5129 όλαὸς,
3592 5066 3693 5120 καὶ

430 5160 580 5215 runt,
607 5149 815 5221 Ecquid
843 5153 944 5207 hoc
983 5156 1113 5209 est?
1145 5155 1283 5208 Num
1317 5156 1569 5211 tubarum
1606 5160 1820 5214 sonitus
1850 5169 2010 5213 natu-

2119 5153 2286 5224 εἷπον,
2315 5155 2382 5208 Τί
2424 5155 2621 5221 τοῦτο;
2653 5153 2977 5221 Σαλπίγγων
3011 5149 3143 5225 ἦχος
3171 5153 3332 5223 φύσιν
3378 5154 3490 5226 ἔχει
3523 5173 3691 5210 κατα-

430 5256 545 5294 ram
588 5242 750 5298 hahet
801 5244 1094 5313 dejiciendi
1142 5247 1348 5317 lapides
1397 5253 1452 5302 et
1480 5248 1815 5305 munitiones
1844 5249 1868 5304 ?
1899 5250 2007 5306 Sed

429 5335 575 5386 enim
602 5337 954 5393 crediderunt
979 5340 1060 5395 sic
1090 5338 1226 5407 fore,
1262 5348 1317 5395 et
1345 5339 1426 5396 sic
1457 5339 1662 5394 factum
1695 5350 1799 5397 est.

506 5516 549 5545 ⁵³
586 5514 725 5570 Psal.
757 5535 846 5584 xv,
881 5519 936 5575 8.

2119 5248 2337 5302 ϐάλλειν
2378 5246 2561 5309 λίθους
2609 5246 2706 5299 καὶ
2759 5244 3051 5315 ὲπάλξεις;
3083 5244 3196 5299 ἀλλ’
3247 5245 3574 5302 ἐπίστευσαν
3602 5247 3688 5302 ὅτι

2115 5341 2292 5410 ἔσται,
2325 5340 2421 5394 καὶ
2453 5339 2691 5409 ἐγένετο.

1792 5623 1992 5685 Varia:
2040 5622 2372 5686 lectiones.

507 5712 552 5743 “
593 5711 857 5785 πολλαχοῦ
898 5717 991 5769 καὶ
1028 5720 1055 5772 ὁ
1087 5735 1139 5774 0.
1216 5720 1260 5752 “
1292 5721 1382 5775 ἐπὶ
1413 5736 1465 5775 ο.
