4044 6418
311 415 380 476 3ιῖ
397 414 412 476 1

1049 413 1449 475 EXPOSiTlO
1489 413 1570 473 IN
1609 411 1827 472 EPIST
1867 410 1966 470 AD
2005 410 2396 472 IIEBR/EOS.
2435 435 2502 447 —
2535 411 2694 472 CAP.
2737 414 2844 472 Χῐ.

3469 418 3575 480 362

385 529 586 578 Πίστει
648 525 831 578 Ῥαὰϐ
872 525 910 592 τ’)
941 527 1135 592 πόρνη
1176 527 1248 580 οὐ
1299 523 1698 578 συναπώλετο
1769 520 1894 586 τοῖς

2072 519 2235 576 Vens.
2257 523 2346 577 5|.
2377 521 2508 577 Fide
2536 522 2714 576 lia/tab
2740 523 2992 576 meretrix
3015 538 3116 577 non
3138 524 3291 592 periit
3321 540 3438 578 cum
3490 526 3574 578 in-

311 616 703 683 ιὶπειθήσασι,
753 615 1054 686 δεξαμένη
1111 617 1252 682 τοὺς
1303 617 1735 682 κατασκόπους
1764 617 1894 685 μετ’

309 707 556 776 εἰρήνης
575 708 641 762 ⁸⁷.
698 707 854 773 Ἰδοὺ,
883 708 1024 779 ὅπερ
1066 708 1162 762 καὶ
1191 709 1453 779 ἀνωτέρω
1483 705 1663 772 εἶπον,
1697 709 1894 778 ἀτιμό-

309 817 478 853 τατον
507 801 800 870 πρόσωπον
841 800 1105 872 παράγει,
1134 801 1223 854 ἵνα
1257 801 1498 874 ἑντρέψῃ
1533 803 1630 855 καὶ
1653 802 1741 855 διὰ
1770 799 1895 852 τού-

309 911 414 945 του
467 894 580 959 εῐγε
632 894 890 964 τοιαύτης
939 880 1194 962 γυναικὸς
1226 895 1423 965 ἥττους
1465 895 1761 964 φαίνοιντο.
1802 893 1896 946 καὶ

309 987 430 1052 ἃμα
473 984 626 1055 δείξῃ
686 987 775 1038 καὶ
827 986 926 1056 τὴν
986 985 1218 1056 δύναμιν
1247 987 1346 1054 τῆς
1373 985 1613 1048 πίστεως
1647 984 1895 1056 μεγάλην

305 1070 503 1139 οὖσαν,
569 1073 687 1142 εἴγε
746 1075 839 1128 καὶ
869 1076 928 1126 ὲν
969 1076 1086 1137 τοῖς
1140 1075 1614 1144 κατεγνωσμένοις
1673 1074 1898 1128 τοιαῦτα

309 1167 598 1235 κατορθοῖ.
634 1168 826 1219 [Ιίστιν
869 1166 962 1221 οὖν
997 1165 1298 1232 ἐνεδείξατο
1326 1166 1422 1220 καὶ
1452 1164 1614 1235 αὕτη,
1639 1164 1896 1235 κρύψασα

309 1259 434 1318 τοὺς
471 1256 674 1327 ἄνδρας
723 1256 1090 1327 ζητουμένους
1128 1257 1204 1320 ὡς
1252 1257 1654 1319 κατασκόπους.
1683 1257 1798 1308 Οὐκ
1830 1255 1896 1308 ἂν

316 1351 370 1402 δὲ
403 1351 667 1420 ἔκρυψεν,
695 1352 743 1403 εί
776 1348 852 1420 μὴ
887 1349 1210 1403 ἐπίστευσεν
1241 1351 1322 1403 ὃτι
1359 1350 1628 1402 ἁλώσεται
1654 1351 1688 1419 ἡ
1718 1348 1894 1422 πόλις.

316 1441 471 1495 ῡῦτω
514 1442 626 1511 γὰρ
653 1441 758 1510 ἔφη
791 1457 806 1472 °
849 1442 1194 1508 Ἐπίσταμαι
1217 1440 1305 1494 ὅτι
1335 1439 1613 1509 λήψεσθε
1639 1437 1754 1507 τὴν
1781 1437 1897 1508 χώ-

307 1549 425 1598 {ar
457 1534 690 1598 ταύτην
712 1546 725 1558 ·
757 1532 1109 1600 ἠκούσαμεν
1134 1534 1245 1602 γὰρ
1270 1533 1344 1585 τὰ
1367 1531 1510 1600 ἔργα
1555 1529 1742 1599 ὑμῶν.
1787 1527 1898 1582 Καὶ

308 1624 455 1692 αύτὴ
517 1624 620 1692 μὲν
671 1626 784 1686 τοῖς
837 1625 1197 1678 ἀκουσθεῖσιν
1247 1625 1600 1678 ἐπίστευσεν*
1652 1624 1702 1677 οἱ
1723 1622 1780 1676 δὲ
1818 1623 1895 1692 μὴ

310 1715 715 1778 πιστεύσαντες
744 1719 856 1778 τοῖς
893 1718 987 1770 τοῦ
1038 1715 1173 1770 Θεοῦ
1219 1715 1562 1786 θαυμασίοις,
1594 1713 1894 1768 ἀπώλοντο.

387 1809 498 1863 Καὶ
528 1809 584 1862 τί
614 1809 702 1862 ἔτι
754 1809 952 1880 λέγω;
989 1809 1316 1872 Καταλύσας
1349 1809 1442 1860 τὸν
1471 1808 1632 1876 λόγον
1659 1809 1739 1870 είς
1797 1806 1898 1877 την

1997 612 2377 676 obedientibus,
2408 616 2672 684 excipiens
2724 615 3086 684 exploratores
3128 617 3183 670 in
3235 631 3377 682 pace.
3415 615 3572 678 Ecce,

1999 703 2143 771 quod
2178 712 2230 758 et
2263 719 2432 774 supra
2463 705 2596 770 dixi,
2633 706 3246 762 contumeliosissimum
3283 721 3570 777 personam

1997 793 2272 862 producit,
2311 805 2368 849 ut
2417 794 2732 865 pudefaciat
2770 811 2866 851 eos
2891 837 2906 862 ,
2942 812 3066 851 cum
3122 798 3212 852 tali
3254 797 3598 853 mulierculai

2002 885 2292 941 inferiores
2320 902 2440 942 esse
2467 887 2780 955 videantur,
2811 903 2874 942 ac
2912 889 3076 944 simul
3109 898 3168 943 ut
3221 889 3344 945 ﬁdei
3391 899 3578 959 potcn-
3653 939 3668 954 ,

1999 977 2131 1030 tiam
2183 992 2435 1046 magnam
2468 993 2593 1034 esse
2623 981 2896 1045 ostendat,
2935 996 3059 1034 cutn
3106 979 3190 1034 vel
3228 980 3281 1034 in
3330 981 3578 1050 reprobis

2000 1068 2126 1119 talia
2160 1067 2378 1121 eﬂiciat.
2401 1067 2587 1123 Fidem
2629 1070 2796 1139 igitur
2825 1073 2940 1140 ipsa
2971 1071 3426 1137 subtnonstravit,
3449 1087 3575 1126 cum

1999 1157 2228 1213 abderet
2277 1157 2424 1214 viros
2463 1160 2554 1230 qui
2606 1163 2994 1231 quaerebantur
3041 1178 3138 1218 ceu
3179 1164 3578 1233 exploratores.

1999 1251 2116 1306 Non
2147 1252 2705 1320 occuluissetautem,
2743 1257 2849 1312 nisi
2888 1257 3209 1312 credidisset
3238 1257 3428 1313 urbem
3457 1273 3580 1313 esse

1999 1345 2478 1414 intercipiendatn.
2513 1347 2605 1401 Sic
2629 1347 2776 1401 enim
2809 1347 2947 1402 dixit
2976 1367 2990 1402 :
3043 1348 3382 1418 Compertum
3413 1349 3579 1404 habeo

1999 1436 2139 1506 quod
2191 1437 2414 1505 capietis
2460 1438 2597 1491 hunc
2641 1439 3184 1496 locum:audivimus
3224 1441 3364 1495 enim
3420 1456 3581 1510 opera

2000 1539 2194 1584 vestra.
2229 1528 2294 1582 Et
2329 1528 2448 1598 ipsa
2492 1529 2714 1599 quidem
2744 1532 2950 1588 auditis
3000 1531 3236 1588 credidit
3271 1550 3286 1588 :
3318 1533 3412 1602 qui
3449 1548 3580 1587 vero

2001 1621 2097 1676 Dei
2131 1620 2398 1678 mirandis
2431 1623 2596 1679 rebus
2640 1625 2810 1694 gestis
2847 1639 2955 1680 non
2993 1625 3365 1680 adhibuerunt
3394 1623 3580 1689 ﬁdem,

2001 1714 2302 1786 perierunt.

2073 1803 2240 1861 Vens.
2292 1805 2382 1861 59..
2433 1805 2639 1877 Ecquid
2673 1806 2845 1861 adhuc
2888 1807 3110 1864 dicant?
3137 1807 3437 1880 Postquam
3461 1824 3583 1865 ser-

310 1901 551 1968 πὸρνην,
585 1902 681 1954 καὶ
727 1901 926 1966 ἱκανῶς
952 1902 1282 1972 δυσωπήσας
1309 1901 1508 1961 αὐτοὺς
1537 1899 1646 1954 ἀπὸ
1675 1900 1774 1970 τῆς
1801 1897 1898 1951 τοῦ

2003 1913 2220 1953 monem
2248 1899 2302 1953 in
2330 1899 2673 1954 meretricem
2711 1900 2964 1965 tiniisset,
3005 1915 3070 1956 ac
3099 1901 3316 1957 abunde
3339 1901 3476 1957 satis
3498 1902 3583 1957 eis

311 1991 619 2063 προσώπου
676 1995 983 2063 ποιότητος,
1021 1995 1210 2049 λοιπὸν
1253 1987 1551 2064 συντομίας
1574 1993 1736 2065 χάριν
1757 1993 1900 2046 κατὰ

315 2084 488 2154 μέρος
509 2084 610 2155 μὲν
639 2087 806 2139 πᾶσιν
825 2085 927 2140 οὔκ
953 2085 1332 2158 ἐπεξέρχεται,
1367 2084 1455 2138 ἴνα
1487 2083 1565 2157 μὴ
1593 2082 1898 2153 ἀπειρόκα-

312 2178 408 2240 ὶος
445 2177 578 2250 δόξῃ
604 2193 617 2208 °
649 2177 790 2248 πλὴν
815 2177 937 2232 οὔτε
973 2179 1148 2246 πάντη
1191 2176 1505 2248 ἀποσιωπᾷ,
1559 2174 1696 2228 ἀλλά
1724 2172 1900 2226 δοκῶν

315 2271 711 2340 παραλείπειν,
757 2274 817 2324 οὐ
849 2271 1220 2340 παραλείπει·
1271 2269 1366 2324 καὶ
1418 2267 1593 2330 οὕτως
1646 2265 1770 2318 οὔτε
1806 2263 1900 2318 τὸν

311 2364 604 2434 ἀκροατὴν
651 2364 958 2426 ἀποκναίει,
991 2365 1084 2416 καὶ
1111 2363 1263 2416 οὐδὲν
1292 2359 1454 2434 ἦττον
1495 2357 1899 2422 κατασκευάζει

312 2455 409 2508 διὰ
439 2453 706 2509 πλειόνων
751 2455 780 2508 δ
811 2455 1083 2525 βούλεται.

401 2549 738 2615 Ἐπιλείψει
818 2546 930 2617 γάρ
996 2563 1070 2615 re
1131 2546 1528 2615 διηγούμενον
1577 2548 1610 2600 ὁ
1661 2545 1898 2614 χρόνος.

316 2643 515 2703 Ποῖοξς
560 2639 589 2706 ἦ
622 2641 650 2690 ὁ
685 2642 792 2694 πᾶς
825 2656 837 2668 ·
878 2639 1087 2709 εἴρηται
1109 2639 1161 2691 δὲ
1195 2657 1372 2700 τουτο,
1404 2641 1478 2702 ὡς
1505 2637 1733 2708 σύνηθες
1770 2637 1902 2707 ἡμῖν

311 2732 522 2800 λέγειν,
552 2730 927 2801 ὑπερϐολικῶς
957 2751 970 2765 ·
1007 2731 1040 2802 ἢ
1074 2733 1102 2785 ὁ
1132 2733 1197 2801 τῇ
1243 2730 1530 2802 Ἐπιστολῇ
1565 2730 1900 2801 σύμμετρος.

391 2915 538 2982 Περὶ
594 2913 850 2978 Γεδεὼν,
907 2913 1109 2983 Βαράκ
1161 2930 1248 2979 τε,
1310 2913 1412 2972 καὶ
1470 2911 1756 2982 Σαμψὼν,
1804 2909 1903 2964 καί

330 3007 588 3076 Ἰεφθάε,
624 3007 800 3061 Δαὸίδ
818 3023 902 3076 τε,
929 3005 1026 3060 καί
1049 3006 1354 3076 Σαμουὴλ,
1384 3007 1480 3060 καί
1519 3004 1638 3058 τῶν
1668 3019 1903 3073 προφη-

318 3100 460 3154 τῶν.
498 3099 734 3166 Ζητοῡσί
777 3116 946 3164 τινες,
985 3097 1128 3162 τίνος
1159 3099 1345 3152 ἕνεκεν
1386 3097 1596 3166 Ἰεφθάε
1625 3099 1720 3150 καὶ
1750 3098 1902 3166 Σαμ-

315 3191 440 3262 ψὼν
472 3193 573 3246 καὶ
619 3192 812 3263 Βαράκ
858 3191 1072 3260 τίθησιν
1124 3190 1382 3247 ἐνταῦθα.
1415 3191 1481 3243 Τί
1523 3189 1745 3259 λέγειςς
1784 3188 1900 3258 Τὴν

317 3255 536 3356 πόρνην
593 3255 728 3348 θεὶς,
781 3255 1004 3345 τούτους
1035 3282 1095 3334 ού
1129 3279 1322 3352 θήσει;
1382 3281 1476 3351 Μὴ
1531 3255 1640 3351 γάρ
1674 3296 1765 3350 μοι
1811 3255 1972 3332 τδνθ

312 3375 477 3429 ἄλλον
503 3373 688 3426 αὐτῶν
727 3370 901 3435 εἴποις
933 3372 1068 3442 βίον,
1102 3372 1218 3425 ἀλλ’
1248 3375 1295 3424 εί
1332 3373 1407 3441 μὴ
1471 3371 1720 3442 ἔλαμψαν
1743 3373 1801 3426 ὲν
1834 3375 1902 3446 τῇ

314 3465 522 3528 πίστει,
578 3464 738 3516 τοῦτο
784 3463 998 3516 σκόπει.
1033 3463 1106 3515 Οὐ
1135 3462 1245 3535 γὰρ
1293 3463 1427 3533 βίων
1463 3463 1710 3530 ἐξέτασιν
1737 3466 1906 3522 ποιεῖ-

310 3574 427 3622 ται,
466 3555 610 3609 ἀλλά
633 3553 869 3618 πίστεως
893 3553 1142 3620 ἔνδειξιν.

387 3648 457 3701 Οἳ
482 3648 586 3700 διὰ
631 3647 891 3713 πίστεως
911 3646 1402 3716 κατηγωνίσαντο
1445 3649 1796 3715 βασιλείας.
1839 3651 1905 3707 0i

318 3742 450 3809 περὶ
481 3740 577 3792 τὸν
607 3737 837 3792 Γεδεών.

393 3829 771 3898 Είρτάσαντο
823 3828 1242 3896 δικαιοσύνη-ν.
1298 3829 1496 3895 Τίνες;
1552 3829 1711 3882 αὐτοὶ
1757 3820 1906 3883 οὗτοι

328 3924 424 3974 καὶ.
448 3925 476 3974 δ
504 3921 768 3991 Σαμψών.
798 3922 910 3974 Καὶ
944 3921 1054 3990 γὰρ
1075 3922 1202 3984 τοὺς
1236 3919 1465 3990 ἐχθροὺς
1489 3918 1597 3973 τῶν
1621 3918 1904 3988 συγγενῶν

337 4015 436 4064 καὶ
484 4014 764 4080 ὁμοφύλων
819 4012 1122 4084 ἠμύναντο,
1151 4017 1264 4077 τοῖς
1329 4013 1427 4083 μὲν
1466 4011 1690 4074 οἰκείοις
1719 4010 1908 4080 φιλάν-

332 4102 552 4171 θρωποι
611 4109 888 4172 φανέντες,
922 4106 1038 4166 τοίς
1063 4103 1121 4157 δὲ
1144 4103 1423 4157 ἀδικοῦσιν
1446 4103 1665 4174 ἐχθροῖς
1685 4102 1907 4169 ἐπεξελ-

321 4191 535 4254 θόντες.
578 4190 744 4246 Τοῦτο
769 4193 827 4246 δὲ
860 4192 1232 4262 δικαιοσύνης,
1259 4195 1319 4248 τὸ
1353 4194 1571 4264 ἑκάστῳ
1609 4193 1907 4263 ἀπονέμειν

313 4283 379 4337 τὸ
402 4285 529 4336 κατ’
560 4283 739 4351 ἀξίαν.

404 4377 750 4444 Ἐπέτυχον
809 4375 1207 4446 ἐπαγγελιῶν.
1243 4370 1368 4430 υἷον
1391 4377 1420 4429 ὁ
1443 4376 1627 4431 Δαδίδ.
1685 4378 1910 4445 Ὠμοσε

314 4469 450 4538 γὰρ,
475 4468 639 4538 φησὶ,
673 4468 888 4535 Κύριος
915 4467 998 4534 τῷ
1025 4469 1204 4522 Δαόίδ
1227 4484 1241 4499 ο
1281 4470 1377 4522 Ἐκ
1399 4469 1631 4537 καρποῦ
1653 4467 1760 4537 τῆς
1782 4487 1905 4524 κοι-

312 4558 456 4620 λίας
504 4564 630 4608 σου
683 4556 941 4626 θήσομαι
994 4556 1096 4612 ἐπὶ
1141 4557 1248 4612 τοῦ
1308 4559 1529 4627 θρόνου
1556 4574 1696 4613 σου.
1724 4560 1902 4631 Ὅπερ

313 4647 601 4716 αἰσθητῶς
655 4648 756 4717 μὲν
784 4650 861 4711 εἰς
887 4648 1210 4720 Σολομῶντα
1233 4649 1440 4720 ἀπέϐη,
1479 4651 1685 4721 νοητῶς
1711 4651 1790 4717 δὲ,
1824 4653 1902 4715 είς

314 4741 409 4794 τὸν
440 4742 653 4811 Κύριον
704 4740 910 4809 Ἰησοῦν
931 4742 1026 4796 τὸν
1052 4743 1222 4806 ὅντως
1258 4743 1608 4813 Σολομῶντα,
1635 4746 1724 4797 τὸν
1755 4745 1907 4815 εἰρηο

314 4830 494 4895 νικὸν,
523 4831 620 4884 τδν
641 4833 866 4903 είρήνην
889 4833 1234 4905 αὐτόχρημα.
1266 4833 1438 4888 Τοῦτο
1464 4833 1573 4906 γὰρ
1605 4835 1906 4905 ὲρμηνεύε·

313 4943 407 4978 ται
449 4925 730 4995 Σολομῶν,
759 4927 1052 4996 είρηνικός.

391 5017 721 5084 Ἔφραξαν
769 5019 1043 5087 στόματα
1087 5019 1371 5074 λεόντων.
1432 5019 1494 5073 ’0
1529 5019 1729 5090 Δανιὴλ
1763 5021 1856 5074 καὶ
1877 5021 1906 5073 ὁ

314 5107 588 5178 Σαμψών.
1227 5121 1238 5158 t

389 5201 710 5255 Ἐσσεσαν
737 5201 996 5272 δύναμιν
1021 5203 1234 5270 πιφός.
1266 5205 1330 5256 οἱ
1357 5205 1507 5274 τρεῖς
1547 5204 1757 5267 παῖδες.
1792 5204 1906 5258 Οὐκ

319 5293 443 5355 εἷπε
472 5298 551 5358 δὲ,
590 5297 861 5371 ἐσδεσαν
882 5296 1014 5368 πῦρ,
1036 5297 1191 5363 ἀλλὰ,
1221 5300 1484 5366 Δύναμιν
1511 5297 1725 5366 πυρὸς,
1755 5299 1784 5351 ὅ
1808 5301 1904 5352 καὶ

319 5390 509 5458 μεῖζον
537 5406 551 5418 -
585 5389 956 5457 ιξαπτόμενον
998 5389 1129 5461 γὰρ,
1168 5389 1308 5453 ὅλως
1346 5388 1577 5461 δύναμιν
1605 5389 1699 5444 τοῦ
1730 5387 1906 5444 καίειν

315 5484 418 5536 οὒκ
448 5478 569 5554 εἶχε
602 5481 735 5535 κατ’
766 5481 970 5536 αὐτῶν.

386 5664 434 5694 ⁸³
461 5662 607 5717 Psal.
643 5677 832 5727 cxxxt,
871 5661 959 5714 Η.

2001 2003 2032 2042 a
2074 2004 2320 2058 persona:
2366 1991 2631 2062 qualitate
2661 1992 2922 2061 pudorem
2960 1992 3287 2057 induxisset,
3325 1993 3583 2064 deinceps

2002 2080 2309 2150 compendii
2343 2081 2517 2151 gratia
2543 2081 2822 2152 sigillatim
2853 2097 3046 2139 omnes
3095 2083 3232 2138 alios
3263 2099 3374 2140 non
3406 2086 3583 2156 expli-

2005 2179 2118 2239 cat,
2152 2187 2222 2226 ne
2255 2172 2476 2242 ineptus
2503 2187 2627 2228 esse
2658 2173 2912 2229 videatur
2947 2193 2961 2229 :
3003 2191 3193 2230 verum
3226 2192 3330 2231 nec
3355 2178 3584 2232 omnino

2006 2271 2182 2318 tamen
2215 2263 2427 2329 reticet,
2459 2264 2555 2318 sed
2589 2263 2737 2320 visns
2771 2268 3206 2334 prmtermittere,
3225 2283 3331 2323 non
3362 2278 3584 2338 pra'ter-

2003 2353 2201 2408 mittit.‘
2217 2353 2308 2408 Sic
2339 2371 2514 2425 neque
2543 2357 2849 2412 auditorem
2885 2357 3046 2417 taedio
3073 2358 3257 2425 allicit,
3285 2375 3352 2416 ac
3375 2361 3583 2416 nihilo-

2004 2445 2189 2500 minus
2216 2462 2337 2515 quae
2370 2448 2485 2501 vult
2520 2449 2770 2518 pluribus
2794 2450 3035 2514 coniicit.

2073 2538 2293 2608 Deﬁciet
2317 2540 2458 2593 enim
2484 2556 2564 2595 me
2594 2549 2795 2610 tempus
2814 2551 3196 2615 renarrantem.
3247 2546 3418 2611 Quale
3449 2557 3587 2602 tent-

2004 2633 2158 2703 pus?
2208 2631 2304 2687 Vel
2341 2633 2658 2689 universum
2697 2651 2709 2688 :
2763 2633 2970 2689 dictum
3011 2645 3192 2691 autem
3236 2640 3489 2695 cstistud
3524 2650 3586 2694 ut

2007 2728 2249 2785 solemus
2281 2744 2383 2784 nos
2414 2728 2587 2800 loqui,
2619 2719 2973 2801 hyperbolice
3001 2746 3016 2784 :
3061 2728 3147 2786 vel
3191 2738 3407 2801 tempus
3435 2731 3584 2802 quod

2009 2821 2267 2894 Epistolae
2295 2823 2575 2878 convenit.

2083 2913 2156 2968 De
2189 2913 2419 2978 Gedeon,
2455 2914 2653 2982 Barac,
2711 2915 2974 2986 Sampson
3016 2926 3066 2973 et
3101 2916 3343 2987 Jeplulte,
3387 2917 3582 2982 David,

2007 3003 2250 3070 Samuel,
2283 3014 2332 3060 et
2365 3007 2652 3075 proli/retis.
2683 3006 2845 3080 742
2879 3007 3144 3075 Quaerunt
3176 3008 3448 3073 nonnulli,
3477 3025 3584 3079 qua

2006 3100 2075 3154 de
2121 3113 2288 3154 causa
2330 3097 2525 3169 Jeptbe
2565 3108 2621 3154 et
2669 3099 2939 3170 Sampson
2979 3109 3034 3155 et
3067 3099 3236 3156 Barac
3275 3101 3364 3156 hic
3398 3111 3584 3171 ponat.

2008 3190 2150 3257 Quid
2183 3193 2264 3247 ais
2289 3191 2312 3245 ?
2337 3191 2440 3257 Qui
2471 3202 2713 3247 scortum
2743 3195 2948 3263 posuit,
2977 3193 3076 3249 hos
3103 3193 3588 3264 praetermitteret?

2008 3284 2124 3340 Nec
2155 3285 2302 3340 enim
2324 3292 2409 3340 est
2439 3283 2587 3354 quod
2611 3284 2876 3354 reliquam
2908 3299 3099 3340 eorum
3136 3285 3303 3340 vitam
3331 3283 3463 3339 mihi
3498 3300 3590 3340 re-

2001 3365 2379 3443 'censeas;sed
2409 3393 2538 3431 num
2562 3376 2614 3430 in
2647 3377 2751 3433 ﬁde
2776 3377 3236 3448 resplenduerint,
3270 3377 3371 3432 boc
3407 3386 3586 3432 tecum

2007 3479 2223 3539 reputa.
2243 3466 2362 3524 Non
2396 3471 2543 3524 enim
2574 3471 2811 3524 vitarum
2843 3469 3280 3540 explorationem
3312 3468 3466 3536 facit,
3493 3470 3589 3525 sed

2007 3561 2131 3617 ﬁdei
2160 3561 2571 3618 indicationem.
2620 3554 2625 3559 ’

2082 3651 2250 3712 Vens.
2285 3654 2376 3709 ⁸55.
2414 3652 2520 3718 Qui
2547 3669 2639 3723 per
2659 3654 2816 3722 ﬁdem
2850 3654 3084 3708 vicerunt
3117 3670 3297 3726 regna.
3336 3651 3401 3709 Hi
3436 3654 3591 3711 scili-

2007 3753 2096 3802 cet
2135 3745 2226 3815 qui
2266 3744 2669 3821 cumﬁedeone
2703 3746 3030 3799 militarunt.

2081 3831 2302 3902 Operati
2359 3841 2480 3886 sunt
2528 3833 2824 3900 justitiam.
2877 3833 3110 3897 Quinam
3155 3833 3290 3889 Hlli
3342 3833 3470 3904 ipsi,
3530 3844 3588 3891 et

2012 3919 2308 3990 Sampson.
2338 3918 2554 3974 Etenim
2592 3920 2779 3975 hostes
2813 3935 3182 3990 congenerum
3222 3933 3276 3978 et
3304 3925 3590 3979 contribu-

2011 4013 2145 4067 lium
2183 4027 2411 4070 suorum
2458 4013 2553 4066 ulti
2587 4024 2734 4079 sunt,
2772 4013 3092 4069 domesticis
3142 4023 3197 4070 et
3245 4015 3439 4072 amicis
3468 4017 3590 4074 suis

2011 4105 2315 4160 clementes
2370 4103 2524 4159 visi:
2579 4104 2846 4160 adversus
2906 4114 3090 4159 autem
3134 4106 3246 4162 vim
3290 4107 3592 4165 inferentes

2012 4199 2224 4264 hostes,
2269 4199 2638 4268 insurgentes.
2690 4196 2926 4256 iustitia:
2973 4216 3138 4272 porro
3187 4202 3334 4259 istud
3387 4217 3590 4259 munus

2007 4297 2112 4354 est,
2142 4288 2438 4358 unicuique
2467 4303 2567 4359 pro
2594 4289 2794 4344 merito
2831 4290 3093 4348 tribuere.

2083 4382 2274 4451 Adepti
2301 4391 2422 4435 sunt
2449 4381 2844 4450 promissionem
2879 4381 3151 4438 UtDavid.
3178 4385 3391 4439 Iuravit
3417 4385 3588 4452 enim,

2013 4473 2213 4545 inquit,
2250 4473 2509 4528 Dominus
2545 4473 2739 4529 Dauidi
2764 4489 2784 4527 :
2821 4474 2897 4529 De
2936 4475 3114 4544 {ructu
3159 4479 3354 4532 ventris
3385 4480 3464 4532 tui
3492 4495 3590 4548 pa-

1937 4595 1982 4650 D
2015 4583 2138 4620 nam
2170 4582 2328 4636 super
2357 4565 2533 4620 sedem
2557 4574 2704 4619 tuam
2723 4566 2790 4619 ⁸³.
2819 4565 2974 4632 Quod
3003 4567 3343 4624 sensibiliter
3366 4567 3590 4636 quidem

2016 4659 2071 4714 in
2103 4658 2401 4713 Salomone
2431 4661 2631 4722 evenit,
2669 4657 3030 4728 spiritualiter
3057 4665 3239 4713 autem
3263 4658 3319 4713 in
3358 4657 3592 4714 Domino

2012 4749 2143 4805 Jesu
2201 4747 2294 4817 qui
2349 4762 2480 4803 vere
2521 4745 2805 4812 Salomon,
2840 4747 3124 4816 paciﬁcus,
3165 4762 3230 4802 ac
3274 4748 3454 4818 reipsa
3486 4763 3594 4818 pax

1987 4849 2118 4906 est.
2159 4840 2218 4895 ιιι
2261 4839 2406 4895 enim
2444 4838 2706 4894 Salomon
2736 4839 2901 4905 valet,
2926 4839 2973 4895 si
3008 4839 3409 4910 interpreteris,
3441 4840 3594 4912 paci-

2011 4932 2152 4988 ﬁcus
2183 4931 2457 4988 videlicet.

2087 5020 2482 5078 Obturaverunt
2513 5037 2608 5076 ora
2638 5021 2868 5076 leonum.
2914 5021 3099 5079 Daniel
3123 5030 3178 5079 et
3211 5022 3502 5095 Sampson.

2085 5203 2257 5260 Vens.
2312 5204 2403 5259 54.
2473 5201 2867 5258 Exstinxeruut
2926 5204 3178 5274 impetum
3231 5203 3387 5273 ignis.
3453 5200 3591 5259 Tres

2011 5293 2189 5363 pueri.
2234 5291 2354 5347 Non
2383 5293 2522 5348 dixit
2566 5299 2767 5359 autem,
2802 5292 3194 5348 Exstinxerunt
3215 5292 3417 5360 ignem,
3468 5291 3590 5356 sed.

2021 5382 2144 5438 Vim
2169 5384 2329 5455 ignis,
2379 5382 2526 5450 quod
2561 5383 2740 5452 majus
2785 5389 2894 5439 est.
2934 5381 3160 5439 Etiamsi
3199 5382 3345 5438 enim
3394 5395 3592 5437 accen-

2016 5473 2262 5540 deretur,
2307 5472 2566 5529 virtutem
2603 5482 2786 5528 tamen
2842 5472 3036 5529 urendi
3094 5471 3388 5530 adversum
3439 5472 3592 5543 ipso:

2019 5581 2129 5621 non
2161 5563 2419 5621 habebat.

1678 5759 1880 5821 Variae
1909 5759 2236 5821 lectiones.

376 5860 418 5892 ⁶”
455 5859 511 5911 ἐν
537 5858 736 5930 ετρήνῃ
767 5870 822 5909 0.

675 5949 958 6007 Parnm“
1011 5944 1128 6005 Gn.
1178 5946 1412 6006 CXXV.

3149 5949 3227 6011 12
