4044 6422
278 437 388 502 365

1038 433 1444 496 EXPOSITIO
1483 434 1566 494 IN
1607 431 1842 492 EPIST.
1881 432 1982 491 AD
2021 433 2409 497 HEBREOS.
2445 460 2509 469 —
2545 435 2830 495 CAP.X[.

3457 435 3565 499 366

298 556 390 619 Ὠς
415 553 466 606 οἱ
499 554 628 625 περὶ
677 554 896 618 Ἠλίαν,
925 554 1096 618 οὕτως
1119 549 1260 624 ἦσαν
1287 553 1618 622 ἀκτήμονες.
1653 548 1871 618 Ἐπειδὴ
1901 600 1904 609 ⁴

2008 535 2211 615 mam
2235 551 2325 621 qui
2350 566 2474 606 cum
2504 567 2570 606 eo
2599 564 2756 608 erant
2782 569 2798 620 ;
2837 552 2973 608 adeo
3005 567 3186 608 rerum
3215 554 3566 624 possessione

280 649 397 718 γὰρ
433 647 586 701 οὔπω
642 647 921 719 τοσαύτην
971 644 1116 717 εἶχον
1145 645 1418 714 ὑπόληψιν
1448 643 1576 713 περὶ
1604 642 1711 696 τῶν
1740 641 1876 695 ἀπο·

284 741 513 803 στόλων,
552 741 692 810 μετὰ
726 741 788 794 τὺ
819 740 1044 794 ἐκείνων
1107 739 1440 810 μνησθῆναι,
1495 736 1591 790 ἐπὶ
1618 736 1710 788 τὸν
1738 751 1874 805 προ-

284 833 472 900 φήτην
522 829 614 882 τὸν
667 829 878 894 ἔνδοξον
937 830 1031 883 καὶ
1087 828 1471 899 ἀναληφθέντα
1501 828 1648 897 ἥκει.
1685 826 1758 878 Τὸ
1795 825 1875 886 δὲ,

283 920 652 989 IIem-17.1607,
680 922 739 974 τδ
764 920 1060 974 διώκεσθαι
1127 921 1329 981 αὐτοὺς
1387 918 1543 990 δηλοῖ
1586 919 1682 971 καὶ
1706 917 1879 970 ἀστα-

284 1017 425 1066 τείν.
460 1013 704 1086 Μηλωτὴ
734 1013 813 1081 δὲ,
839 1014 900 1067 τδ
927 1013 1034 1067 τοῦ
1057 1012 1284 1083 μήλου,
1322 1012 1444 1083 ἦτοι
1472 1009 1570 1064 τοῦ
1604 1008 1877 1080 προϐάτου

283 1108 490 1178 δέρμα.

373 1291 864 1360 ⁹ὶ⁶στερούμενοι.
902 1292 991 1355 Ὠς
1023 1292 1185 1356 αὐτὸς
1221 1287 1375 1353 οὗτος
1395 1289 1583 1352 Ἠλίας
1607 1287 1885 1342 καὶἚλισ-

297 1389 459 1446 σαῖικ.
497 1384 764 1446 Γυναῖκες
794 1384 905 1453 γὰρ
932 1385 1131 1447 αὐτοὺς
1164 1384 1411 1452 ἔτρεφον.

363 1473 766 1543 Θλιΰόμενοι,
820 1477 1325 1544 κακουχούμενοι.
1389 1473 1464 1526 Οὐ
1535 1471 1709 1543 μικρὰ
1775 1471 1883 1542 γὰρ

289 1567 483 1620 Ἠλίαν
516 1567 752 1632 Ἰεζάϐελ
794 1568 972 1621 ἐθλιὸε
1002 1568 1294 1623 διώκουσα.

363 1652 483 1710 Ὧι·
525 1662 637 1713 οὐκ
667 1655 747 1728 ἦν
791 1660 962 1724 ἄξιος
993 1664 1025 1715 ὁ
1055 1662 1306 1730 κόσμος.
1339 1661 1454 1713 Οῦκ
1488 1658 1661 1729 ἔχετε,
1699 1657 1882 1727 φησὶν,

287 1752 471 1803 εἰπεῖν
538 1752 620 1804 ὅτι
688 1751 1004 1822 ἁμαρτωλοὶ
1074 1753 1250 1818 ὄντες,
1295 1753 1521 1806 τοιαῦτα
1545 1753 1588 1783 δ’
1620 1750 1883 1818 ἔπασχον,

289 1842 433 1895 ἀλλὰ
484 1843 741 1910 τοιοῦτοι,
805 1838 908 1897 οἷοι
933 1845 1028 1896 καὶ
1058 1843 1154 1897 τοῦ
1177 1845 1387 1914 κόσμου
1419 1841 1587 1898 αὐτοῦ
1623 1839 1884 1912 τιμιώτε-

293 1953 380 2002 ροι
414 1930 579 1988 εἶναι.
613 1936 831 2006 Κόσμον
856 1935 934 2001 δὲ,
966 1937 1063 1989 καὶ
1094 1936 1152 1990 τὸ
1193 1936 1403 2005 πλῆθος
1433 1936 1531 1990 καὶ
1566 1934 1674 2007 τὴν
1708 1934 1887 1988 κτίσιν

293 2028 471 2098 αὑτήν
531 2046 696 2098 φησιν
729 2031 761 2099 ἡ
796 2029 1012 2101 Γραφή.
1077 2031 1371 2084 Κάνταῦθα
1428 2026 1522 2085 οὖν
1571 2028 1882 2101 ἀμφότερα..

306 2120 437 2172 Ἐὰν
474 2121 660 2174 πᾶσαν
682 2117 794 2186 οὖν,
827 2123 979 2191 φησι,
1009 2121 1108 2192 τὴν
1145 2123 1322 2176 κτῖσιν
1348 2122 1488 2193 μετὰ
1513 2123 1621 2176 τῶν
1656 2123 1714 2174 ἐν
1749 2121 1887 2190 αὐτῇ

293 2211 612 2282 ἀνθρώπων
642 2214 972 2285 άντιστήσῃς
1003 2216 1238 2279 τούτοις,
1265 2214 1419 2268 οὐδὲν
1451 2214 1699 2280 ἀντάξιον
1726 2213 1891 2283 εὑρή-

296 2322 415 2368 σεις
440 2306 671 2360 τούτων.
739 2307 1004 2360 Ἐνταῦθα
1059 2307 1116 2360 δὲ
1163 2308 1500 2375 διανίστησιν
1555 2307 1736 2361 αὐτῶν
1794 2305 1891 2368 τὰς

298 2397 559 2468 καρδῖας,
595 2397 737 2450 ὥστε
781 2399 949 2468 μηδὲν
1001 2397 1187 2470 ζητεῖν
1209 2399 1316 2453 τῶν
1346 2401 1404 2452 ἐν
1425 2397 1503 2468 τῷ
1532 2399 1745 2467 κόσμῳ,
1777 2395 1892 2464 εἴγε

298 2492 328 2541 ὁ
360 2489 571 2560 κόσμος
628 2489 728 2542 οὐκ
797 2489 945 2544 ἐστιν
974 2491 1124 2555 ἄξιος
1173 2491 1284 2545 τῶν
1340 2491 1537 2559 ἁγίων.
1563 2488 1764 2558 ’Υϐρις
1786 2488 1894 2556 γάρ

303 2601 399 2636 σου
436 2583 612 2647 ἐστὶν,
672 2584 766 2636 ἐὰν
819 2583 1053 2638 ἐνταῦθα
1096 2582 1268 2656 λάϐῃς
1294 2583 1386 2637 τὸν
1427 2581 1641 2650 μισθόν·
1684 2580 1896 2645 ἔδειξας

301 2679 415 2749 γὰρ
445 2679 648 2732 σαυτὸν
692 2677 1004 2748 οὐδαμινῶν
1035 2677 1164 2731 ὄντα.
1190 2677 1361 2743 ἄξιον.
1409 2676 1472 2730 El
1507 2678 1614 2740 πᾶς
1642 2677 1670 2728 ὁ
1692 2676 1896 2746 κόσμος

303 2774 408 2825 οὐκ
434 2771 588 2828 ἔστιν
613 2771 764 2836 ἄξιος
790 2772 910 2836 ἑνὸς
942 2769 1126 2840 ἁγίου,
1161 2770 1215 2824 τί
1253 2752 1670 2842 μέροςζητεῖῃ

389 3056 491 3109 Ἐν
530 3055 801 3123 ἐρημίαις
831 3053 1233 3122 πλανώμενοι,
1260 3053 1360 3106 καὶ
1405 3052 1595 3120 ὄρεσι,
1620 3048 1718 3103 καὶ
1740 3063 1900 3116 σπη-

304 3150 534 3214 λαίοις,
575 3147 676 3200 καὶ
705 3145 836 3212 ταῖς
861 3145 1038 3210 ὀπαῖς
1066 3145 1178 3212 τῆς
1199 3143 1333 3214 γῆς.
1369 3144 1460 3208 Ὣς
1488 3143 1706 3208 Ἠλίας,
1731 3142 1825 3195 καὶ
1849 3143 1900 3194 οἱ

1985 642 2263 695 carebant.
2289 642 2426 708 Quia
2462 643 2608 696 enim
2664 643 2905 698 nondum
2944 653 3152 698 tantam
3185 644 3254 699 de
3301 646 3565 715 apostolis

1979 735 2294 802 Opinionem
2340 746 2749 806 conceperuut,
2807 745 3097 808 postquam
3148 737 3366 793 illorum
3413 754 3566 792 men-

1982 827 2183 882 tionem
2212 828 2452 892 fecisset,
2474 828 2540 882 ad
2577 829 2838 900 inclytum
2871 831 3190 901 prophetam
3233 832 3327 902 qtti
3360 832 3413 886 in
3453 848 3567 887 eae-

1983 919 2093 972 lum
2126 922 2396 983 sublatus,
2417 921 2583 976 venit.
2613 922 2769 989 Quod
2799 932 2978 977 autem
3001 924 3079 978 ait
3104 941 3115 975 τ
3151 924 3564 988 Circumierunt,

1981 1024 2075 1064 eos
2118 1011 2557 1080 persecutionem
2601 1029 2722 1068 esse
2781 1029 2976 1084 passos
3009 1016 3240 1084 indicat,
3285 1027 3339 1072 et
3369 1019 3423 1072 in
3456 1034 3568 1073 uno

1972 1102 2102 1156 loco
2125 1119 2232 1156 non
2273 1105 2520 1173 potuisse
2552 1106 2759 1160 merari
2792 1124 2805 1160 :
2854 1105 3049 1160 Melete
3088 1117 3294 1172 autem,
3334 1109 3453 1163 ovis
3486 1111 3569 1164 vel

1985 1195 2208 1265 pecudis
2249 1209 2333 1251 est
2371 1198 2550 1267 pellis.

2054 1286 2301 1358 Egentes.
2342 1289 2412 1344 Ut
2449 1291 2536 1344 ille
2589 1291 2708 1362 ipse
2757 1291 2902 1348 tilias
2930 1300 2983 1346 et
3016 1291 3268 1350 Elisaeus.
3313 1294 3570 1352 Mulieres

1985 1379 2128 1433 enim
2161 1395 2254 1435 eos
2291 1381 2533 1436 alebant.

2058 1471 2384 1541 Angustiatt‘,
2450 1475 2651 1545 afflicti.
2707 1473 2861 1530 llaud
2934 1492 3130 1546 parum
3185 1478 3328 1533 enim
3395 1478 3568 1536 Etiam

1985 1563 2204 1620 Iezabel
2239 1567 2620 1634 persecutione
2652 1583 2749 1622 sua
2777 1568 2989 1626 alllixit.

2063 1656 2228 1710 Vsus.
2265 1659 2354 1712 58.
2410 1659 2615 1723 Quibus
2660 1660 2849 1730 dignus
2880 1678 2982 1714 non
3021 1673 3136 1717 erat
3170 1665 3420 1721 mundus.
3452 1665 3572 1722 Non

1988 1749 2220 1819 potestis
2237 1749 2442 1809 dicere.
2466 1751 2663 1821 inquit,
2687 1753 2830 1821 quod
2862 1763 3180 1823 peccatores
3215 1751 3346 1811 cum~
3366 1771 3574 1820 essent,

1995 1843 2110 1896 haec
2155 1842 2265 1896 sint
2310 1844 2457 1911 passi
2495 1860 2508 1895 :
2559 1860 2746 1898 verum
2803 1848 2938 1903 tales
2984 1846 3227 1913 fuerunt,
3264 1858 3321 1903 ut
3367 1861 3421 1904 et
3455 1851 3576 1919 ipso

1994 1936 2199 1989 mundo
2256 1935 2637 1991 honoratiores
2699 1946 2908 1992 essent.
2973 1937 3232 1993 Mundum
3287 1950 3468 1996 autem
3522 1953 3578 1996 et

1993 2027 2280 2082 hominum
2355 2028 2808 2095 multitudinem,
2871 2037 2926 2085 et
2988 2031 3177 2086 tnundi
3237 2043 3576 2088 structuram

1995 2120 2280 2190 Scriptura
2313 2119 2570 2188 appellat.
2601 2118 2845 2190 Utraque
2869 2130 3053 2177 autem
3087 2124 3176 2179 hic
3206 2126 3576 2196 accipiuntur.

1997 2209 2054 2265 Si
2089 2212 2270 2279 itaque
2300 2209 2632 2276 universam,
2667 2211 2862 2282 inquit,
2883 2213 3070 2267 mundi
3100 2221 3427 2270 structuram
3453 2233 3577 2271 cum

1999 2303 2312 2358 hominibus
2343 2302 2435 2373 qui
2465 2303 2518 2356 in
2550 2318 2616 2357 eo
2647 2312 2776 2358 sunt
2799 2318 2923 2358 eum
2968 2304 3088 2360 istis
3127 2307 3400 2372 conferas,
3445 2309 3581 2363 nihil

1996 2395 2246 2450 invenies
2273 2395 2416 2466 quod
2443 2395 2553 2450 illis
2585 2394 2851 2465 dignitate
2881 2397 3234 2467 respondeat.
3273 2398 3369 2455 llic
3398 2409 3580 2454 autem

1996 2489 2196 2544 excitat
2250 2505 2439 2544 eorum
2494 2488 2660 2566 744
2715 2489 2905 2554 corda,
2961 2499 3021 2545 ut
3068 2493 3201 2546 nihil
3242 2493 3580 2548 mundanum

1999 2591 2250 2650 quaerant
2281 2599 2294 2635 :
2332 2581 2605 2650 siquidem
2639 2583 2876 2638 mundus
2899 2593 2992 2638 est
3042 2583 3303 2655 indignus
3336 2585 3581 2640 'sanetis.

1999 2670 2205 2738 lnjuriu
2232 2671 2380 2724 enim
2417 2680 2508 2724 tua
2552 2678 2658 2737 est,
2705 2670 2750 2724 si
2797 2670 2889 2725 hic
2933 2673 3211 2741 acceperis
3254 2673 3582 2731 mercedem.

2001 2760 2320 2817 Monstrasti
2374 2760 2521 2817 enim
2572 2762 2807 2832 teipsum
2861 2764 3068 2819 nullius
3124 2780 3253 2820 esse
3312 2767 3496 2835 pretii.
3527 2765 3582 2821 Si

2003 2852 2297 2908 universus
2338 2853 2575 2906 mttndus
2594 2868 2702 2906 non
2733 2861 2815 2908 est
2844 2853 3042 2924 dignus
3075 2870 3185 2910 uno
3214 2863 3428 2922 saneto,
3454 2857 3583 2925 quid

2004 2957 2211 3015 partem
2243 2946 2544 3016 quaeritas?

2077 3039 2145 3093 In
2185 3037 2565 3094 solitudinibus
2599 3048 2856 3103 errantes,
2880 3048 2929 3093 et
2951 3040 3235 3108 utentibus,
3259 3050 3307 3096 et
3327 3042 3590 3111 speluncis

2005 3140 2054 3184 et
2097 3131 2336 3184 cavernis
2367 3137 2539 3185 terrm.
2569 3129 2639 3184 Ut
2673 3131 2846 3195 Elias,
2885 3139 2940 3185 et
2975 3135 3274 3204 prophetae.
3313 3136 3404 3205 qui
3438 3136 3591 3190 clan-

307 3243 592 3314 προφῆται
625 3239 682 3293 δὲ
723 3241 773 3293 oi
817 3239 922 3293 ὑπὸ
994 3239 1204 3293 ’Δϐδίου
1263 3238 1592 3308 τρεφόμενοι
1646 3235 1892 3306 κρύϐδην

2008 3223 2189 3279 culum
2217 3224 2286 3279 ab
2327 3223 2497 3278 Ahdia
2520 3225 2572 3278 in
2608 3226 2870 3294 spelunca
2898 3225 3205 3281 alebantur.
3237 3225 3425 3298 Neque
3456 3231 3592 3284 soli-

306 3341 364 3390 ἐν
391 3335 474 3406 τῷ
507 3333 935 3404 σπηλαίῳ.οὺδὲ
956 3332 1056 3404 τὴν
1086 3331 1522 3403 ὲρημίαν,φησὶ,
1545 3329 1687 3397 μετὰ
1716 3327 1902 3392 ἀδείας

304 3431 482 3482 οἰκεῖν
535 3427 964 3498 συνεχωροῦντο,
1030 3423 1168 3477 ἀλλὰ
1203 3423 1468 3478 κάκεῖθεν
1502 3421 1804 3492 ἠλαύνοντο
1828 3419 1906 3490 τῷ

306 3523 484 3591 ςὸεῳ,
551 3522 648 3575 καὶ
706 3518 896 3573 ἄλλοτε
927 3517 1166 3587 ἀλλαχοῦ
1191 3514 1528 3569 ἐπλανῶντο.
1578 3512 1721 3567 Ἀλλ’
1754 3513 1907 3582 ὅμως

307 3613 602 3664 inin-aucti
632 3609 983 3680 παράκλησιν
1014 3609 1238 3662 αἰώνιον
1258 3606 1528 3677 λήψεσθαι
1560 3605 1711 3676 παρὰ
1747 3603 1906 3671 Θεοῦ,

311 3707 408 3757 καὶ
448 3704 729 3774 ὑπέμενον
769 3700 959 3755 ταῦτα.

389 3797 497 3851 Καὶ
567 3793 740 3852 οὗτοι
815 3794 1045 3861 πάντες
1104 3793 1592 3863 μαρτυρηθέντες
1637 3791 1738 3845 διὰ
1794 3791 1906 3859 τῆς

325 3891 586 3954 πίστεως
640 3890 753 3943 οὐκ
793 3888 1160 3958 ἐκομίσαντο
1210 3886 1326 3956 τὴν
1375 3885 1764 3957 ἐπαγγελίαν.
1820 3883 1908 3948 Τί,

337 3985 493 4050 φησι.
545 3982 949 4052 μικροψυχεῖτε,
1001 3981 1082 4034 ὅτι
1108 3980 1275 4050 ὲνιτῷ
1334 3980 1511 4048 ἀγῶνι
1555 3978 1709 4041 ὄντες
1757 3976 1912 4030 obrue

335 4075 441 4136 τάς
463 4073 684 4140 ἀμοιὸὰς
715 4072 1006 4140 ἑδέξασθες
1045 4073 1108 4126 Οἱ
1136 4071 1421 4142 εἰρημένοι
1483 4069 1686 4132 πάντες
1742 4069 1912 4138 ἅγιοι,

325 4166 514 4220 καίτοι
538 4166 629 4234 ἠδη
653 4166 1101 4238 μαρτυρηθέντες
1123 4165 1212 4218 διὰ
1230 4164 1330 4234 τῆς
1352 4163 1592 4227 πίστεως
1616 4161 1917 4233 εὑηρεστη-
1982 4213 1984 4216 ,

320 4263 510 4328 κέναι,
571 4261 724 4316 οὔπω
774 4263 1118 4333 τετυχήκασι
1143 4259 1252 4314 τῶν
1290 4263 1351 4314 ὲν
1382 4260 1639 4331 οὐρανοῖς
1670 4259 1917 4327 ἐπαγγε-

318 4356 476 4410 λιῶν.
511 4355 636 4409 Τῶν
701 4355 810 4426 γὰρ
865 4357 1017 4410 κάτω
1062 4355 1209 4418 τινὲς
1239 4355 1509 4424 ἐπέτυχον
1537 4352 1915 4422 ἐπαγγελιῶν.

323 4448 401 4510 ὡς
433 4449 464 4501 ὁ
492 4447 682 4502 Δαϐίδ.
730 4447 870 4500 Ἀλλ’
901 4449 963 4502 οὐ
997 4447 1158 4501 τοῦτο
1188 4447 1249 4501 τὸ
1282 4446 1648 4518 ζητούμενον·
1684 4447 1754 4499 τὰ
1781 4444 1840 4497 δὲ
1863 4445 1919 4497 ὲν

323 4542 606 4611 οὐρανοῖς,
641 4539 818 4595 ταῦτά
843 4543 985 4595 εἰσιν
1013 4539 1185 4604 ὅντως
1212 4538 1561 4610 ἐπαγγελίαι.

402 4814 519 4871 τοῦ
558 4814 710 4868 Θεοῦ
759 4815 885 4881 περὶ
915 4813 1087 4880 ἡμῶν
1118 4811 1388 4881 κρεῖττόν
1416 4825 1472 4864 τι
1500 4808 1924 4880 προϐλεψαμέ-

324 4924 466 4968 rov,
501 4907 607 4960 Ira
631 4905 719 4974 μὴ
753 4904 931 4974 χωρὶς
984 4904 1157 4974 ἡμῶν
1197 4899 1614 4957 τελειωθῶσιν.
1662 4899 1927 4970 Κρεῖττὸν

326 5018 406 5064 τι,
442 4998 725 5062 τουτέστι,
752 4998 892 5068 πρὸς
925 4999 1097 5066 τιμὴν
1120 4995 1304 5066 ἡμῶν.
1333 4996 1452 5048 Ἵνα
1485 4993 1593 5063 γὰρ
1628 4992 1704 5062 μὴ
1726 4990 1928 5045 δοκῶσι

327 5091 687 5143 πλεονεκτεῖν
745 5089 902 5160 ἡμῶν
932 5088 1012 5159 τῷ
1046 5086 1301 5158 πρώτους
1356 5083 1786 5153 στεφανοῦσθαι,
1829 5082 1927 5135 ἕνα

331 5186 475 5238 πᾶσι
506 5182 703 5252 καιρὸν
764 5181 935 5252 ὥρισε
961 5181 1072 5233 τῶν
1107 5178 1412 5248 στεφάνων.
1451 5177 1564 5230 Καὶ
1611 5175 1714 5228 οὐκ
1749 5169 1928 5238 εἶπεν,

333 5277 474 5331 ἰνα
491 5274 583 5345 μὴ
608 5272 1101 5344 στεφανωθῶσιν,
1117 5271 1388 5335 ἀλλ,’⁴1να
1407 5268 1492 5338 μὴ
1513 5263 1928 5321 τελειωθῶσιν.

331 5369 499 5420 Ὠς-τε
568 5367 662 5421 καὶ
719 5366 921 5420 τέλειοι
953 5368 1076 5416 τότε
1136 5363 1447 5431 φαίνονται.
1485 5358 1699 5420 ’Ἄλλως
1721 5373 1782 5410 τε
1833 5353 1931 5409 νῦν

331 5460 666 5531 ὀρῤαὸὦνας
686 5459 874 5530 ἔχουσι
909 5455 1011 5525 τῆς
1053 5455 1240 5525 τιμῆς.
1287 5452 1460 5507 Πόθεν
1512 5450 1622 5522 γὰρ
1678 5449 1862 5512 αὐτοῖς
1896 5451 1930 5519 ή

330 5555 411 5616 εἰς
435 5553 496 5605 τὸ
524 5553 742 5624 βοηθεῖν
792 5551 913 5612 τοῖς
939 5545 1395 5616 ἐπικαλουμένοις
1419 5544 1618 5606 αὐτοὺς
1648 5541 1879 5609 δύναμις
1911 5557 1927 5604 ;

330 5645 497 5701 ποθεν
522 5646 584 5700 τὸ
610 5641 945 5718 παρρησίαν
990 5639 1135 5709 ἔχειν
1175 5639 1255 5703 εἰς
1284 5636 1346 5690 τὸ
1378 5633 1706 5706 πρεσϐεύειν
1734 5649 1750 5699 ;
1781 5630 1846 5683 τὸ
1873 5630 1930 5682 δὲ

2014 3316 2285 3379 tudinem,
2323 3317 2524 3386 inquit,
2557 3317 2678 3372 sine
2710 3318 2907 3373 timore
2930 3319 3171 3374 incolere
3197 3320 3594 3389 permittebam

2011 3417 2122 3475 tur,
2151 3424 2340 3463 verum
2374 3410 2500 3464 inde
2529 3409 2690 3463 etiam
2727 3419 2876 3464 metu
2915 3410 3297 3481 abigebantur,
3353 3423 3408 3466 et
3448 3429 3595 3468 nunc

2010 3501 2122 3566 hic,
2149 3518 2296 3556 nunc
2341 3502 2453 3556 illic
2485 3500 2836 3557 oberrabant.
2868 3503 3118 3557 Attamen
3147 3505 3441 3559 credebant
3470 3523 3594 3562 sese

2011 3595 2444 3652 consolationem
2479 3604 2742 3650 aeternam
2773 3601 3097 3663 accepturos
3128 3611 3156 3649 a
3191 3595 3320 3663 Deo,
3364 3597 3596 3668 ideoque

2013 3689 2129 3743 bzec
2158 3689 2526 3755 patiebantur.

2085 3777 2255 3832 Vsus.
2281 3777 2454 3834 59.Et
2475 3777 2748 3841 Itiomnes,
2777 3777 3072 3830 testimonio
3099 3778 3596 3846 ﬁdeiprobati,non

2014 3881 2323 3940 acceperunt
2355 3870 2836 3938 repromissioucm.
2871 3867 3031 3934 Quid,
3063 3871 3261 3940 inquit.
3309 3873 3598 3941 pusillani-

2015 3977 2134 4017 mes
2161 3963 2314 4027 estis,
2355 3961 2502 4031 quod
2549 3977 2674 4014 eum
2725 3961 2778 4015 in
2819 3961 3122 4017 certamine
3161 3964 3306 4028 sitis,
3352 3964 3596 4020 nondum

2018 4053 2342 4124 acceperitis
2394 4053 2732 4124 praemium?
2785 4053 3032 4108 Prmdicti
3111 4069 3306 4111 omnes
3365 4060 3597 4116 sancti.

2018 4147 2236 4204 etiamsi
2266 4145 2640 4200 testimonium
2681 4144 2946 4200 haberent
2975 4147 3120 4218 quod
3166 4149 3274 4203 Deo
3314 4166 3410 4219 per
3442 4151 3600 4206 iidem

2019 4239 2326 4311 placebant,
2356 4235 2600 4291 nondum
2634 4243 2815 4291 tamen
2847 4239 3086 4292 assecuti
3130 4251 3260 4295 sunt
3297 4243 3604 4298 coe‘estium

2020 4333 2294 4389 bonorum
2349 4329 2771 4400 promissiones.
2834 4330 3040 4386 lnferas
3091 4334 3308 4398 quidem
3359 4333 3604 4404 adeoque

2024 4433 2316 4482 terrestres
2367 4422 2762 4492 promissiones
2814 4422 3062 4476 nonnulli
3119 4424 3298 4492 adepti
3344 4435 3493 4491 sunt,
3547 4444 3606 4482 ut.

2025 4517 2218 4572 David.
2263 4514 2534 4569 Caeterum
2588 4512 2643 4567 id
2701 4526 2812 4566 non
2866 4520 2984 4566 erat
3028 4513 3170 4580 quod
3204 4515 3600 4581 quaerebatur:

1955 4600 2004 4656 Ι)
2030 4611 2125 4666 sed
2161 4626 2280 4680 qua:
2307 4611 2361 4664 in
2393 4608 2548 4664 cmlis
2578 4614 2731 4671 sunt,
2763 4605 2868 4660 ista
2892 4619 3078 4658 revera
3123 4616 3251 4676 sunt
3286 4607 3608 4674 promissio-

2022 4714 2139 4757 nes.

2100 4792 2267 4848 Vens.
2310 4794 2399 4847 40.
2432 4792 2539 4846 Deo
2567 4793 2633 4846 de
2657 4793 2805 4846 nobis
2836 4792 3022 4846 melius
3052 4789 3257 4860 aliquid
3281 4791 3606 4859 providente,

2030 4897 2086 4941 ut
2121 4903 2225 4940 non
2261 4888 2374 4939 sine
2405 4885 2556 4939 nobis
2590 4893 3104 4939 consummarentur.
3148 4881 3339 4940 Melius
3379 4883 3608 4953 aliquid,

2035 4980 2140 5034 hoc
2169 4988 2278 5042 est,
2305 4979 2372 5032 ad
2404 4979 2671 5032 honorent
2709 4985 2980 5031 nostrum.
3018 4974 3095 5029 Ne
3139 4975 3430 5030 videantur
3461 4975 3609 5029 enim

2034 5072 2196 5127 nobis
2233 5086 2358 5126 esse
2407 5071 2648 5140 potiores
2679 5070 2726 5124 si
2769 5067 2931 5139 primi
2960 5078 3392 5132 coronarentur,
3443 5082 3610 5120 unum

2031 5163 2289 5218 omnibus
2320 5177 2653 5216 coronarum
2698 5169 2916 5230 tempus
2946 5162 3156 5216 statuit.
3209 5160 3322 5214 Nec
3349 5159 3509 5223 dixit,
3543 5157 3616 5213 Ut

2034 5270 2143 5310 non
2177 5261 2597 5316 coronarentur,
2654 5252 2774 5316 sed,
2821 5254 2883 5308 Ut
2940 5271 3043 5308 non
3098 5262 3613 5307 consummerentur.

2086 5348 2326 5404 Proinde
2378 5356 2510 5402 tttnc
2543 5343 2771 5414 perfecti
2803 5346 3154 5401 videbuntur.
3185 5343 3474 5408 Praeterea,
3501 5342 3616 5414 jam

2035 5456 2187 5496 nunc
2225 5439 2590 5496 arrhabonetn
2625 5443 2680 5490 et
2712 5435 2909 5505 pignus
2942 5435 3167 5491 honoris
3201 5435 3420 5490 habent.
3459 5433 3617 5491 Unde

2039 5533 2187 5588 enim
2250 5529 2332 5584 eis
2396 5538 2643 5598 potestas
2710 5524 3012 5580 auxiliandi
3063 5526 3456 5582 invocantibus
3508 5527 3620 5582 se?

2043 5622 2200 5680 Unde
2229 5621 2363 5692 ipsis
2393 5619 2593 5676 ﬁducia
2622 5616 2997 5674 intercedendi
3034 5617 3059 5671 ?
3092 5615 3490 5674 Perfectioncm
3521 5633 3620 5673 au-

1695 5806 1899 5871 Varite
1922 5802 2252 5868 lectiones.

412 5937 458 5974 "
473 5937 657 5995 ταῦτα
684 5950 745 5990 υ.
