4044 6418
519 398 648 465 -367

1468 403 2047 466 THEOPHYLACTI
2072 406 2490 471 BULGARME
2520 413 2874 476 ARCHIEP.

3694 416 3798 481 368

546 524 656 568 tem
694 519 748 567 et
780 514 1308 571 consummationem
1345 524 1458 570 ttnn
1490 517 1781 586 accipient.
1804 515 1994 581 Nonne
2019 516 2097 585 igi

2223 509 2434 576 τέλειον
2482 525 2606 577 τότε
2653 525 3046 596 ἀπολήψονται.
3081 521 3229 596 Ἀρα
3279 520 3373 580 οὖν
3417 525 3517 580 οὐκ
3556 526 3736 582 ἀδικεῖ
3770 529 3798 580 ὁ

542 609 636 655 tur
688 601 925 671 injustus
977 611 1060 658 est
1111 604 1217 658 illis
1269 602 1444 669 Deus,
1491 604 1535 659 si
1580 619 1681 658 nos
1731 605 2123 659 anteverterim

544 691 846 758 laboribus,
876 695 929 748 in
965 696 1186 751 coronis
1214 706 1391 752 autem
1419 712 1520 752 nos
1551 697 1925 768 exspectent?
1965 697 2121 752 Mini-

541 798 628 836 me
663 800 676 836 :
706 798 829 837 nam
858 798 910 838 et
939 786 1047 841 illis
1081 787 1183 841 hoc
1211 797 1426 858 gratum
1457 797 1559 852 est,
1586 799 1644 842 ut
1694 803 1818 841 cum
1856 787 2119 844 fratribus

538 885 1010 942 consummentur,
1039 875 1251 946 Corpus
1279 893 1443 930 unum
1478 892 1668 932 omnes
1697 893 1910 932 sumus.
1942 877 2116 948 Majo-

539 979 652 1017 rem
680 962 864 1034 igitur
904 966 1122 1034 corpori
1155 966 1487 1036 voluptatem
1523 970 1746 1038 praebet,
1781 969 1826 1024 si
1867 983 2116 1022 commu-

537 1054 682 1108 niter
736 1056 1037 1110 secundum
1099 1058 1284 1112 omnia
1333 1059 1577 1113 membra
1637 1074 1736 1114 sua
1795 1067 2111 1115 coronetur.

536 1142 679 1201 Deus
718 1154 803 1202 est
827 1143 1310 1202 Paterliberorum
1330 1149 1763 1215 amantissimus,
1799 1153 1894 1219 qui
1937 1153 2116 1206 varios

535 1237 695 1292 habet
720 1239 862 1295 ﬁlios
901 1258 916 1307 ;
960 1240 1050 1294 alii
1081 1242 1325 1310 quidem,
1373 1242 1630 1312 perfectis
1669 1243 1930 1314 operibus
1971 1245 2109 1308 suis,

531 1343 596 1383 ex
631 1331 779 1398 agris
814 1333 1052 1388 celerius
1079 1334 1332 1397 redeunt,
1375 1334 1465 1388 alii
1499 1349 1626 1389 vero
1663 1336 1980 1392 laborantes
2013 1338 2108 1392 ad«

533 1421 1253 1492 hucibipersistunt.Dedit
1290 1425 1356 1480 iis
1385 1427 1475 1496 qui
1511 1426 1743 1496 primum
1767 1427 2108 1494 laborarunt,

530 1516 1011 1586 praegustationem
1048 1519 1364 1589 quamdam,
1400 1519 1588 1573 dicens
1615 1533 1679 1573 ac
1708 1520 1974 1575 mandans
2007 1520 2108 1588 eis,

531 1615 593 1659 ut
642 1606 709 1660 ad
770 1607 1074 1678 perfectura
1113 1623 1285 1678 usque
1327 1609 1640 1664 convivium
1696 1610 1894 1666 fratres
1915 1626 2112 1682 exspe-

513 1707 678 1753 ctent
715 1717 728 1752 :
779 1702 894 1769 qui.
950 1700 1174 1754 humani
1197 1715 1321 1756 cum
1354 1700 1486 1768 sint,
1536 1701 1643 1758 laeti
1673 1712 2017 1775 exspectant,
2051 1711 2110 1758 ut

527 1792 584 1847 in
619 1807 911 1848 commune
942 1793 1338 1848 exhilarentur.

1125 1885 1356 1940 CAPUT
1400 1885 1517 1940 ΧΗ.

594 1975 943 2047 745'Veas.
966 1977 1016 2044 l,
1053 1975 1283 2048 Ideoque
1302 1989 1351 2032 et
1391 1997 1487 2034 nos
1516 1986 1718 2033 tantam
1738 1979 1984 2035 [tabentes
2003 1981 2107 2034 cir-

495 2074 871 2142 ~cumpositam
891 2073 1075 2127 nubem
1089 2075 1318 2127 testium.
1338 2073 1455 2128 Non
1470 2075 1627 2138 dixit,
1641 2076 1906 2130 elevatam
1939 2090 2106 2146 super

507 2178 646 2228 nos,
684 2164 799 2230 sed,
825 2165 1275 2234 circumpositum,
1305 2165 1408 2221 hoc
1425 2173 1529 2234 est,
1564 2167 1806 2237 undique
1840 2181 1942 2222 nos
1995 2181 2104 2219 am-

524 2252 1002 2310 bientem.'Testes
1021 2263 1206 2309 autem
1235 2272 1344 2310 non
1361 2272 1454 2312 eos
1469 2266 1679 2312 tantum
1699 2257 2104 2328 vocathuisunt

523 2343 580 2397 in
611 2341 761 2398 Novo
797 2343 1171 2410 Testamento,
1211 2345 1303 2399 scd
1334 2345 1424 2414 qui
1449 2346 1503 2400 in
1532 2344 1714 2401 Veteri
1746 2347 1931 2401 etiam.
1964 2346 2100 2401 Nam

522 2439 576 2487 et
603 2432 708 2502 ipsi
739 2433 1114 2488 testimonium
1144 2435 1496 2505 praabuerunt
1531 2433 1627 2491 Dei
1659 2436 2101 2506 magniﬁcentiae,

523 2523 603 2577 uti
659 2532 771 2580 tres
824 2526 1002 2596 pueri,
1053 2525 1244 2581 Daniel
1293 2537 1346 2581 et
1393 2542 1587 2582 omnes
1630 2528 1929 2598 prophetae.
1977 2527 2098 2582 Non

518 2613 654 2668 dixit
714 2622 922 2682 autem,
982 2614 1408 2683 Multitudinem,
1455 2617 1550 2672 sed
1607 2617 1831 2683 Nubem,
1878 2617 2100 2687 proprio

493 2711 757 2764 maxime
801 2725 935 2766 usus
973 2711 1242 2766 vocabulo
1289 2710 1357 2765 ad
1405 2726 1647 2782 praesens
1691 2722 2097 2782 argumentum.

515 2804 784 2870 Quoniam
814 2806 960 2859 enim
994 2803 1098 2874 ipsi
1126 2803 1484 2858 aﬂlictionum
1515 2811 1654 2858 testu
1686 2803 2094 2873 premebantur,

513 2893 780 2961 Testium,
802 2897 1001 2965 inquit,
1019 2895 1280 2950 memoria
1305 2897 1478 2950 instar
1509 2895 1791 2952 nubecula:
1807 2895 2093 2966 cujusdam

405 3059 408 3062 Δ
498 2987 756 3058 undique
794 2987 1086 3042 ambientis
1120 3001 1215 3041 vos
1246 2986 1597 3042 refocillabit.

570 3079 909 3148 Deponentes
959 3095 1109 3134 omne
1145 3077 1371 3147 pondus.
1423 3079 1540 3134 Hoc
1591 3087 1693 3145 est,
1749 3082 2092 3136 terrestrium

505 3171 864 3240 negotiorum
905 3171 1201 3236 sarcinam,
1232 3179 1285 3226 et
1309 3185 1472 3225 curas
1505 3169 1612 3225 illis
1632 3169 1915 3227 admistas.
1947 3171 2091 3227 Nihil

511 3262 658 3316 enim
692 3261 840 3317 aliud
885 3274 1215 3332 suntquam
1267 3276 1407 3316 vana
1457 3262 1699 3318 sarcina.
1749 3257 2118 3336 Quidjgitur'

512 3370 655 3425 trgre
680 3353 832 3409 fertis
865 3354 932 3409 ab
959 3355 1080 3411 istis
1121 3354 1342 3409 liberari
1368 3355 1391 3408 ?

585 3521 652 3576 Et
691 3523 851 3592 facile
892 3525 1245 3580 circumstans
1283 3535 1574 3594 peccatum.
1617 3523 1713 3580 Vel
1750 3525 1898 3595 quod
1933 3525 2095 3582 facile

511 3631 612 3670 nos
643 3617 985 3684 circumstet,
1041 3617 1125 3671 vel
1176 3617 1319 3687 quod
1353 3616 1511 3671 facile
1567 3615 1929 3672 devictionem
1985 3619 2094 3686 pati

511 3705 686 3777 possit
718 3723 730 3758 :
764 3707 926 3763 facile
972 3707 1117 3762 enim
1160 3715 1264 3776 est,
1305 3709 1351 3762 si
1396 3705 1558 3762 modo
1583 3707 1836 3772 velimus,
1875 3707 2094 3766 vincere

493 3809 815 3870 peccatum.
851 3799 945 3855 Vel
969 3809 1192 3871 propter
1217 3801 1361 3870 quod
1401 3800 1558 3862 facile
1586 3800 1876 3870 quisquam
1896 3801 1968 3854 'in
1997 3817 2093 3872 pe-

505 3893 678 3946 ricula
707 3892 935 3948 incidit:
975 3892 1112 3947 nihil
1138 3893 1280 3948 enim
1306 3892 1442 3947 adeo
1471 3892 1842 3963 periculosum
1874 3898 1932 3944 ut
1961 3906 2090 3961 pec-

505 3989 711 4037 catum.

579 4071 685 4125 Per
719 4072 1032 4141 patientium
1063 4087 1342 4126 curramus
1363 4073 1693 4141 propositum
1735 4074 1882 4128 nobis
1916 4085 2086 4129 certa-

506 4179 644 4215 men.
679 4161 796 4216 Non
849 4164 1008 4224 dixit,
1063 4160 1374 4232 Pugilatum
1409 4179 1760 4220 exerceamus
1797 4176 1890 4222 aut
1917 4168 2090 4224 lucte-

505 4267 652 4315 mur,
689 4251 786 4308 sed
817 4253 963 4322 quod
997 4254 1244 4307 omnium
1291 4253 1610 4308 facillimum
1662 4264 1800 4321 erat,
1835 4259 1980 4328 quod
2015 4259 2083 4314 ad

2135 1860 2184 1920 B

2225 612 2356 676 Θεὸς
2374 614 2638 682 ἐκείνους,
2670 616 2785 683 εἴτε
2810 617 3113 687 προέλαϐον
3146 619 3246 688 μὲν
3273 618 3331 671 έν
3358 619 3470 680 τοῖς
3507 619 3797 688 καμάτοις.

2225 705 2282 756 ὲν
2314 704 2370 757 δὲ
2404 707 2515 768 τοῖς
2574 707 2860 777 στεφάνοις
2883 710 3032 777 ἡμᾶς
3071 708 3459 778 περιμένουσιν
3485 726 3500 774 ;
3537 710 3670 762 ἀλλὰ
3696 713 3787 763 κᾶε

2226 795 2430 859 κείνοις
2477 798 2646 857 ,τοῦτο
2703 799 3001 860 ἄσπαστον,
3036 800 3096 852 τὸ
3128 801 3267 869 μετά
3305 801 3412 853 τῶν
3438 801 3682 870 ἀδελφῶν
3709 819 3797 854 τε-

2221 884 2532 954 λειωθῆναι.
2591 888 2757 953 Σῶμα
2794 888 2852 941 ἒν
2881 891 2928 942 οἱ
2954 891 3150 951 stivae;
3206 891 3408 960 ἐσμέν·
3468 892 3672 961 μείζων
3717 893 3801 960 τῷ

2221 975 2435 1047 σώματι
2466 978 2629 1050 ἡδονὴ
2657 981 2785 1033 ὅταν
2821 983 2974 1050 κοινῇ
3013 983 3372 1051 στεφανῶται.
3411 983 3599 1054 Πατὴρ
3631 983 3800 1053 eos-

2220 1085 2447 1138 στοργος
2485 1072 2512 1122 ό
2540 1069 2693 1136 Θεὸς,
2727 1071 3018 1142 διαφόρους
3053 1072 3191 1141 ἔχων
3222 1074 3393 1137 υίούς·
3421 1074 3470 1126 οί
3499 1074 3599 1142 μὲν
3621 1075 3800 1127 ἐπαν-

2216 1158 2380 1226 ῆλθον
2427 1161 2492 1212 ὲκ
2527 1161 2636 1213 τῶν
2675 1161 2865 1231 ἀγρῶν
2891 1161 3098 1230 τάχιον,
3122 1161 3191 1216 τὰ
3229 1163 3368 1234 ἔργα
3391 1162 3710 1225 ἀνύσαντες.
3747 1165 3802 1216 οἱ

2215 1252 2272 1305 δὲ
2311 1251 2391 1306 ἔτι
2419 1253 2676 1323 μένουσιν
2703 1255 2822 1307 ἐκεῖ
2857 1254 3240 1324 ἐργαζόμενοι.
3266 1255 3479 1308 Δέδοικε
3506 1257 3620 1318 τοῖς
3653 1273 3799 1325 προς

2216 1343 2454 1412 καμοῦσι
2503 1346 2793 1416 πρόγευμά
2837 1364 2908 1406 τι,
2956 1344 3125 1399 εἰπὼν
3181 1346 3499 1416 περιμένειν
3554 1347 3637 1408 εἰς
3693 1347 3803 1412 τὴν

2211 1436 2424 1490 τελείαν
2452 1437 2685 1506 εὐωχίαν
2708 1438 2834 1501 τοὺς
2867 1436 3132 1507 ἀδελφούς
3152 1452 3166 1467 ο
3192 1438 3240 1490 οἱ
3263 1437 3320 1488 δὲ
3353 1436 3729 1506 φιλάνθρωποι
3753 1436 3801 1465 ⁸⁸

2212 1525 2363 1589 ὄντες
2395 1525 2674 1599 χαίροντες
2699 1527 3084 1599 ἀναμένουσιν,
3112 1527 3201 1582 ἵνα
3233 1527 3326 1580 καὶ
3355 1527 3508 1597 κοινῇ
3549 1525 3801 1595 εὐφρανσ

2214 1615 2368 1670 θῶσι.

2802 1888 3051 1942 ΚΕΦᾹΛ.
3103 1888 3200 1944 IB'.

2292 1977 2611 2049 Τοιγαροῦν
2656 1979 2752 2033 καί
2787 1979 2960 2049 ἡμεῖς
2997 1980 3290 2034 τοσοῦτον
3335 1979 3580 2049 ἔχοντες
3626 1991 3803 2046 περιο

2214 2074 2491 2142 κείμενον
2541 2069 2724 2142 νέφος
2769 2074 3109 2142 μαρτύρων,
3184 2073 3296 2125 Οὐκ
3335 2067 3510 2138 εἶπεν,
3555 2071 3802 2140 ὑπεραι-

2215 2167 2480 2237 ρούμενον
2540 2166 2700 2236 ⁴ἡμων
2726 2204 2741 2228 ,
2791 2165 2930 2219 ἀλλὰ
2955 2206 2970 2232 ,
3013 2166 3463 2233 περικείμενον,
3511 2162 3800 2226 τουτέστι,

2211 2258 2478 2312 πάντοθεν
2512 2259 2660 2328 ἡμᾶς
2689 2258 2965 2328 περιέχον.
3025 2257 3324 2327 Μάρτυρας
3353 2255 3432 2322 δὲ,
3481 2255 3542 2308 οὐ
3572 2253 3698 2318 τοὺς
3733 2254 3801 2306 ἐν

2209 2351 2274 2418 τῇ
2309 2349 2484 2416 Καινῇ
2515 2345 2670 2399 καλεῖ
2713 2345 2894 2415 μόνον,
2928 2344 3065 2398 ἀλλά
3098 2344 3194 2398 καὶ
3219 2345 3344 2408 τούς
3367 2343 3424 2396 ὲν
3453 2345 3517 2413 τῇ
3548 2341 3796 2413 Παλαιᾷ.

2209 2440 2321 2494 Καὶ
2358 2439 2467 2509 γὰρ
2500 2439 2596 2492 καὶ
2622 2438 2776 2492 αὐτοὶ
2804 2435 3195 2508 ἐμαρτύρησαν
3227 2438 3293 2506 τῇ
3321 2433 3414 2487 τοῦ
3446 2433 3579 2488 Θεοῦ
3614 2449 3796 2504 μεγαν

2209 2532 2469 2600 λειότητι,
2497 2531 2636 2594 ὼςοὶ
2657 2531 2805 2602 τρεῖς
2836 2529 3046 2592 παῖδες,
3081 2527 3174 2580 καὶ
3203 2525 3420 2596 Δανιὴλ,
3451 2525 3547 2578 καὶ
3582 2523 3798 2586 πάντες

2206 2624 2255 2676 οί
2287 2621 2584 2695 προφῆται.
2639 2622 2753 2674 Οὐκ
2805 2615 2926 2672 εἶπε
2969 2619 3046 2684 δὲ,
3105 2616 3331 2688 πλῆθος,
3377 2616 3533 2680 ἀλλά,
3571 2615 3792 2684 νέφος,

2205 2716 2512 2769 οἰκειότατα
2551 2715 2687 2786 πρὸς
2715 2715 2814 2786 τὴν
2841 2712 3122 2784 παροῦσαν
3149 2711 3427 2766 ὑπόθεσιν.
3493 2708 3648 2763 Ἐπεὶ
3668 2709 3792 2778 γὰρ

2205 2805 2462 2860 καύσωνα
2491 2799 2636 2874 εἶχον
2685 2803 2839 2856 αὐτοὶ
2869 2803 2976 2854 τῶν
3017 2801 3271 2871 θλίψεων,
3317 2799 3506 2868 ὥσπερ
3557 2814 3641 2860 τις
3693 2812 3793 2848 νε-

2204 2897 2364 2966 φέλη,
2433 2895 2622 2965 φησὶν,
2682 2896 2716 2966 ή
2762 2895 2953 2964 μνήμη
3006 2892 3114 2946 τῶν
3169 2891 3464 2963 μαρτύρων
3512 2886 3786 2957 ἀναψύξει

2203 2988 2235 3041 ὕ
2242 2989 2348 3057 μᾶς
2379 2986 2642 3040 πάντοθεν
2682 2985 3033 3056 περιέχουσα.

2278 3081 2501 3148 Ὀγκον
2521 3077 2876 3145 ἀποθέμενοι
2904 3074 3121 3132 πάντα.
3187 3071 3470 3135 Τουτέστι,
3513 3070 3575 3124 τδ
3610 3069 3784 3140 βάρος

2201 3170 2311 3222 τῶν
2345 3169 2550 3239 γηΐνων
2577 3167 2918 3238 πραγμάτων
2967 3167 3064 3220 καὶ
3092 3165 3200 3218 τῶν
3230 3165 3316 3218 ἐπ’
3350 3165 3533 3228 αὐτοῖς
3555 3163 3785 3235 φροντί-

2200 3257 2325 3312 δων.
2387 3258 2554 3311 Οὐδὲν
2602 3257 2735 3327 γὰρ,
2778 3255 2961 3325 φησὶν,
3025 3254 3152 3308 ἄλλο
3185 3253 3389 3324 είσὶνῆ
3450 3253 3611 3337 ὄγκος
3665 3250 3788 3320 μά-

2199 3365 2370 3410 ταιος.
2427 3346 2492 3400 Τί
2549 3342 2642 3401 οὖν
2701 3347 2795 3399 ἐπὶ
2857 3348 2924 3417 τῇ
2981 3345 3274 3416 ἀπαλλαγῇ
3322 3344 3530 3398 τούτων
3583 3344 3786 3412 δυσχες

2203 3435 2412 3504 ραίνετε
2437 3452 2452 3501 ;

2271 3527 2378 3582 Kal
2415 3528 2532 3595 τὴν
2569 3529 3002 3595 εὐπερίστατον
3031 3527 3342 3597 ἁμαρτίαν.
3381 3527 3456 3580 Ἦ
3487 3526 3585 3597 τὴν
3615 3525 3786 3580 εὐκό-

2197 3619 2304 3680 λως
2340 3620 2770 3690 περιισταμένην
2795 3622 2962 3690 ἡμᾶς.
2990 3619 3022 3690 ἢ
3051 3619 3151 3691 τὴν
3186 3619 3425 3684 εὐκόλως
3451 3618 3784 3688 περίστασιν

2199 3709 2392 3763 παθεῖν
2423 3711 2750 3781 δυναμένην.
2798 3710 3008 3781 Ῥᾴδιον
3037 3713 3167 3780 γὰρ,
3193 3711 3290 3763 ἐὰν
3322 3711 3589 3779 θέλωμεν,
3619 3725 3786 3778 περι-

2195 3800 2451 3872 γενέσθαι
2484 3801 2582 3869 τῆς
2621 3800 2917 3870 ἁμαρτίας.
2977 3799 3045 3853 Ἣ
3090 3799 3160 3852 δι’
3195 3801 3262 3871 ἢν
3293 3799 3534 3860 εὐκόλως
3572 3814 3658 3860 τις
3689 3797 3783 3860 είς

2195 3893 2546 3965 περιστάσεις
2577 3891 2866 3964 ἐμπίπτει,
2919 3891 3072 3946 οὐδὲν
3117 3891 3226 3961 γὰρ
3259 3890 3402 3949 οὕτω
3429 3878 3781 3954 ’κινδυνῶδες

2193 3984 2268 4048 ὡς
2303 3981 2567 4054 ἁμαρτία.

2262 4075 2344 4129 Δι’
2408 4073 2727 4143 ὑπομονῆς
2791 4073 3094 4142 τρέχωμεν
3158 4073 3266 4126 τὸν
3330 4069 3782 4140 προσκείμενον

2191 4169 2336 4239 ἡμῖν
2379 4167 2601 4237 ἀγῶνα.
2653 4166 2770 4220 Οὐκ
2814 4162 2960 4231 εἷπε,
3000 4163 3388 4234 Πυκτεύωμεν,
3417 4163 3539 4216 οὐδὲ
3570 4161 3779 4215 παλαί-

2190 4277 2363 4331 ωμεν,
2392 4259 2505 4312 ἀλλ’
2537 4260 2566 4312 ὃ
2613 4259 2834 4312 πάντων
2869 4257 3202 4328 κουφότερον
3231 4253 3300 4327 ἦν
3325 4256 3386 4309 τὸ
3412 4253 3506 4308 τοῦ
3536 4254 3771 4324 δρόμου,

504 4355 731 4396 cursum
785 4349 1022 4410 spectat,
1063 4341 1212 4396 istud
1248 4342 1303 4397 in
1346 4343 1586 4399 medium
1627 4345 1856 4413 profert.
1897 4346 2086 4418 Neque

2205 4351 2350 4405 τοῦτο
2401 4353 2481 4415 εἰς
2539 4350 2704 4419 μέσον
2745 4349 3008 4403 τέθεικεν.
3050 4349 3184 4401 Οὐδὲ
3235 4343 3379 4409 εἶπε,
3428 4345 3771 4417 Προσθῶμεν

498 4431 640 4486 dixit
665 4448 679 4486 :
708 4431 988 4488 Addamus
1006 4433 1228 4498 cursui;
1262 4449 1478 4497 verum,
1500 4432 1567 4489 "In
1587 4434 1685 4488 illo
1713 4436 1832 4506 ipso
1863 4454 2080 4508 perma—

2205 4441 2265 4513 ςῷ
2295 4441 2502 4512 δρόμῳ,
2529 4439 2666 4506 ἀλλ’,
2697 4439 2783 4494 Ἑν
2804 4439 2950 4509 αὐτῷ
2969 4438 3144 4508 τούτῳ
3165 4433 3773 4504 ὐπομείνωμεν.Ἀλλοι

499 4537 750 4580 neamus.
790 4524 894 4578 Alii
921 4525 1066 4578 enim
1101 4539 1198 4594 par
1223 4524 1648 4592 continentiam,
1683 4528 1774 4581 alii
1803 4544 1900 4598 per
1931 4530 2080 4585 elee-

2205 4534 2289 4586 ιὲν
2343 4534 2451 4600 γὰρ
2497 4531 2565 4584 δι’
2617 4530 2992 4601 ἐγκρατείας,
3027 4529 3179 4582 ἄλλοι
3235 4528 3305 4581 δι’
3363 4524 3766 4596 ὲλεημοσύνης,

403 4678 426 4704 π
495 4628 809 4685 mosynam,
841 4614 931 4669 alii
979 4631 1075 4685 per
1105 4617 1267 4670 aliam
1294 4617 1554 4671 virtutem
1595 4633 1816 4673 currere
1839 4621 2038 4674 debent
2065 4637 2079 4685 ;

2205 4624 2339 4678 ἱλλοι
2375 4624 2444 4678 δι’
2490 4623 2657 4694 ἄλλης
2715 4622 2920 4692 ἀρετῆς
2968 4619 3242 4689 ὀφείλουσι
3294 4618 3549 4688 τρέχειν·
3605 4617 3770 4682 ὑμεῖς

407 4701 426 4707 ’“
496 4717 597 4756 vos
630 4718 761 4758 vero
801 4718 896 4772 per
927 4705 1246 4772 patientiam
1282 4721 1297 4759 :
1345 4705 1503 4761 vobis
1538 4707 1681 4761 enim
1725 4709 1903 4764 isthac
1939 4726 2079 4780 opus

2205 4717 2243 4769 ἰὲ
2281 4716 2348 4769 δι’
2397 4715 2699 4785 ὑπομονῆς.
2747 4712 2968 4783 Ταύτης
3016 4712 3126 4784 γὰρ
3156 4711 3287 4782 ὑμῖν
3321 4708 3500 4780 χρεία,
3559 4706 3635 4770 ὡς
3667 4705 3768 4759 καὶ

473 4804 603 4855 est,
633 4796 711 4848 uti
735 4811 901 4864 supra
932 4796 1139 4852 dictum
1176 4810 1279 4854 est.

567 4882 736 4940 Vens.
766 4885 821 4939 2.
859 4887 1183 4956 Aspicientes
1218 4892 1272 4946 in
1319 4902 1584 4947 auctorem
1609 4893 1733 4962 ﬁdei
1754 4903 1803 4947 et
1836 4873 2077 4948 consum-

490 4987 751 5031 uiatorem
779 4977 982 5034 Iesum.
1021 4980 1134 5036 Hoc
1167 4992 1272 5045 est,
1324 4985 1369 5038 si
1418 4986 1653 5040 velimus
1692 4986 1905 5040 discere
1936 5000 2073 5054 quo-

495 5069 659 5124 modo
682 5085 777 5137 per
811 5074 1129 5141 patientiam
1172 5077 1244 5129 sit
1283 5078 1645 5142 currendum,
1683 5077 1749 5130 ad
1784 5077 2066 5133 Christum

493 5162 904 5232 respiciamus,
957 5167 1418 5234 quemadmodum
1470 5169 1564 5237 qui
1617 5178 1761 5222 artes
1824 5167 2066 5233 discunt,

489 5263 857 5324 praeceptores
901 5272 1034 5312 suos
1083 5258 1387 5325 intuentur,
1433 5261 1578 5330 quod
1614 5270 1665 5315 et
1705 5261 1822 5330 ipse
1879 5260 2062 5316 dixit:

492 5343 696 5400 Discite
719 5365 751 5400 a
783 5365 862 5402 me
877 5348 957 5415 “;
995 5359 1049 5404 et
1073 5366 1264 5406 rursus
1294 5370 1308 5406 :
1343 5352 1498 5420 Quod
1546 5355 1592 5407 si
1619 5353 2065 5422 patremfamilias

493 5431 786 5488 Beelzebub
809 5438 1168 5506 appellarunt,
1200 5451 1399 5510 quanto
1427 5443 1602 5511 potius
1635 5459 1721 5498 vos
1742 5442 2060 5498 domesticos

461 5637 470 5646 -
569 5608 615 5643 ⁵⁴
643 5607 830 5666 Matth.
865 5627 943 5678 xl,
989 5613 1079 5668 29.

2184 4805 2444 4876 ἀνωτέρω
2469 4806 2815 4876 προείρηται.

2267 4896 2622 4966 Ἆφορῶντες
2669 4900 2756 4962 εις
2786 4895 2894 4948 τὸν
2925 4891 3034 4960 τῆς
3058 4893 3318 4955 πίστεως
3359 4885 3630 4958 ἀρχηγὸν
3659 4887 3765 4938 καὶ

2181 4985 2503 5052 τελειωτὴν
2532 4985 2796 5052 Ἰησοῦν.
2829 4984 3137 5043 Τουτέστιν,
3170 4982 3265 5034 ἐὰν
3293 4979 3534 5046 θέλωμεν
3565 4977 3765 5044 μαθεῖν

2179 5081 2238 5131 τὸ
2267 5079 2479 5150 τρέχειν
2501 5078 2545 5108 ⁷ο
2574 5077 2642 5130 δι’
2664 5076 2964 5146 ὑπομονῆς,
2998 5074 3132 5142 πρὸς
3152 5073 3246 5126 τὸν
3279 5069 3513 5141 Χριστὸν
3541 5067 3765 5137 ἀφορῶ-

2181 5187 2302 5240 μεν,
2333 5169 2524 5239 ὥσπερ
2567 5171 2617 5221 οἱ
2646 5170 2840 5238 τέχνας
2872 5166 3236 5236 μανθάνοντες
3266 5163 3403 5233 πρὸς
3441 5162 3566 5223 τοὺς
3603 5159 3760 5211 διδα-

2178 5261 2408 5324 σκάλους
2433 5277 2447 5293 ·
2487 5261 2625 5327 ὅπερ
2664 5258 2758 5311 οὐν
2793 5258 2888 5311 καὶ
2931 5257 3093 5319 αὐτὸς
3128 5255 3282 5323 ἔλεγε
3318 5269 3331 5284 ·
3385 5252 3614 5306 Μὰθετε
3646 5249 3758 5302 ἀπ’

2171 5354 2318 5422 ἐμοῦ
2359 5369 2371 5383 ο
2423 5353 2518 5404 καὶ
2565 5351 2760 5404 πάλιν⁸
2803 5352 2873 5403 Et
2906 5348 3012 5403 τὸν
3042 5345 3482 5410 οἰκοδεσπότην
3512 5338 3758 5400 888.1(2-

2171 5445 2320 5500 ϐοὺλ
2377 5443 2708 5508 ἐκάλεσαν,
2757 5442 2929 5507 πόσῳ
2975 5437 3216 5509 μᾶλλον
3257 5437 3398 5502 τοὺς
3438 5432 3756 5496 οἰκιακοὺς

3695 5641 3738 5660 ρ

1824 5708 2028 5772 Variae
2054 5708 2386 5772 lectiones.

566 5809 613 5843 τι
632 5807 946 5879 φιλάδελφοι
987 5826 1058 5863 ιη.
1136 5811 1177 5842 ⁷³
1203 5809 1388 5882 φέρειν
1427 5825 1501 5865 m.
