4044 6424
307 741 591 795 τουτέστιν
643 743 821 808 Αὐτὸς
869 745 965 799 καὶ
993 745 1092 818 τὴν
1135 747 1320 801 πίστιν
1351 751 1482 820 ἡμῖν
1523 749 1583 816 ἐξ
1616 753 1790 822 ἀρχῆς
1822 755 1909 806 ὲν-

307 831 511 902 ἑθηκεν
531 837 709 890 ·-οῠ
730 835 845 906 γὰρ
862 838 1034 908 ὑμεῖς
1040 856 1142 907 με,
1160 858 1236 911 φη
1244 841 1347 909 civ,
1366 841 1752 910 ἐξελέξασθε,
1769 845 1908 899 ἀλλ’

307 924 427 993 ἐγὼ
467 925 852 998 ἐξελεξάμην
875 928 1031 1000 ὑμᾶς
1056 947 1072 962 ⁸
1097 962 1169 974 -
1187 932 1282 987 καὶ
1309 932 1371 987 τὸ
1408 934 1561 1000 τέλος
1595 936 1757 1000 αὐτὸς
1786 937 1907 990 ἐπι-

310 1013 496 1086 θήσει,
533 1015 613 1079 ὡς
642 1017 992 1092 τελειοτάτην
1019 1019 1191 1093 αὐτὴν
1212 1021 1358 1095 ἔχειν
1388 1023 1551 1094 ὑμᾶς.

386 1108 502 1174 ‘Oc
553 1107 695 1164 ἀντὶ
735 1106 841 1177 τῆς
891 1111 1290 1183 προκειμένης
1325 1114 1487 1181 αὐτῷ
1514 1115 1725 1185 χαρᾶς,
1790 1120 1907 1173 ὑπ-

311 1197 514 1267 έμεινε
542 1200 838 1268 σταυρὸν,
869 1203 1173 1273 αἰσχύνης
1218 1205 1711 1276 καταφρονήσας.
1744 1208 1906 1279 Ἐξῆν

316 1289 423 1360 γὰρ
456 1291 617 1364 αὐτῷ
663 1292 740 1363 μὴ
784 1295 1000 1361 παθεῖν,
1032 1295 1109 1368 μὴ
1141 1296 1436 1352 ἀποθανεῖν
1463 1316 1491 1331 ’-
1510 1299 1906 1373 ἀναμάρτητος

317 1382 422 1450 γὰρ
454 1380 557 1447 ῶν,
587 1382 809 1455 θανάτῳ
850 1386 959 1458 οὐχι
995 1388 1255 1445 ὑπέκειτο
1280 1407 1297 1424 ο
1326 1392 1356 1445 δ
1399 1394 1497 1448 καὶ
1518 1394 1681 1458 αὐτὸς
1706 1395 1857 1464 λέγει
1887 1413 1902 1428 ·

317 1471 602 1541 Ἔρχεται
634 1476 671 1530 ὁ
710 1476 1082 1549 τοῦνκδσμου
1129 1479 1352 1552 ἄρχων,
1398 1483 1507 1538 καῖ
1528 1485 1598 1539 ἐν
1623 1486 1907 1557 ἐμοὶ-οὔκ

306 1562 435 1633 ἔχει
472 1564 682 1620 οὐδέν.
720 1568 784 1622 El
817 1564 913 1623 οὖν
950 1571 1049 1625 οὐκ
1080 1572 1296 1642 ἤθελεν,
1329 1576 1430 1630 οὐκ
1460 1576 1528 1630 ἂν
1552 1578 1900 1652 ἐσταυρώθη’

303 1653 334 1706 δ
367 1655 468 1745 καὶ
491 1656 659 1720 αὐτὸς
692 1658 878 1729 ἔλεγεν
902 1678 919 1693 ο
935 1664 1259 1728 Ἐεουσίαν
1287 1668 1407 1737 ἔχω
1431 1669 1620 1726 θεῖναι
1652 1672 1768 1743 τὴν
1787 1677 1905 1745 ψυ-

305 1744 432 1835 χαῖν
452 1765 605 1835 μου.
658 1750 811 1804 Ἀλλ’
832 1753 983 1823 ὅμως
1008 1756 1244 1827 σταυρδν
1274 1759 1560 1831 ὑπέμεινε,
1596 1744 1899 1835 τουτέστιν,

304 1832 405 1902 οὐχ
444 1834 642 1899 ἁπλῶς
691 1836 926 1894 θάνατον
961 1881 977 1905 ,
1036 1843 1176 1898 ἀλλὰ
1219 1846 1313 1901 τὸν
1364 1849 1756 1920 ἐπονείδιστον,
1805 1832 1901 1911 καλ.

305 1924 691 2019 πατειρρὸνησε
745 1929 848 1998 τῆς
901 1932 995 1986 ἐπὶ
1046 1935 1294 1991 τοιούτου
1338 1938 1568 1996 Θανάτου
1610 1915 1896 2019 αἰσχυνης.
1931 1915 1976 1971 Β

306 2015 423 2110 ρδκ
472 2013 601 2071 εἶπε
634 2019 714 2085 δὲ,
746 2020 941 2093 Λὺπης
968 2029 1392 2102 καταφρονήσας
1416 2047 1432 2063 °
1468 2033 1589 2088 οὐδὲ
1620 2013 1738 2110 γάῥ
1761 2013 1901 2110 μετὰ

306 2107 492 2176 Mm};
522 2111 699 2166 ταῦτα
724 2112 939 2187 ἔφερεν.

391 2201 502 2254 Ἐν
533 2201 706 2273 δεξιᾷ
748 2223 813 2260 τε
839 2207 947 2263 τοῦ
976 2210 1195 2279 θρόνου
1227 2213 1336 2269 τοῦ
1372 2218 1522 2274 Θεοῦ
1559 2221 1898 2279 κεκάθικεν.

317 2291 491 2365 ὐρᾷς
512 2294 575 2348 τὺ
605 2297 760 2361 τέλος
792 2299 892 2369 τῆς
924 2300 1209 2375 ὑπομονῆς
1232 2308 1335 2362 ποῦ
1364 2309 1689 2379 ἀναϐιϐάζει
1714 2331 1729 2381 ;
1756 2315 1785 2368 ὂ
1808 2317 1902 2371 καὶ

305 2385 548 2456 ἀλλαχοῦ
566 2405 702 2460 φησι
735 2405 750 2421 ’
786 2392 885 2445 Διύ
915 2393 1015 2448 καὶ
1044 2399 1079 2450 ὁ
1114 2398 1261 2466 Θεὸς
1287 2401 1478 2457 αὐτὸν
1506 2406 1898 2476 ὐπερύψωσε,

304 2476 373 2529 τὸ
427 2477 580 2533 κατά
631 2479 813 2551 σάρκα
869 2482 1070 2553 λέγων.
1133 2488 1299 2545 ’Ὥστε
1345 2491 1571 2551 δύναται
1623 2499 1718 2552 καὶ
1757 2500 1902 2568 ὑμᾶς

306 2568 658 2667 castaneam
902 2577 1015 2632 τῶν
1059 2579 1129 2633 δι’
1178 2582 1343 2639 αὐτὸν
1386 2585 1640 2658 θλίψεων.
1696 2591 1762 2646 Ἦ
1792 2593 1902 2667 γὰρ

306 2659 577 2807 ἒνλοδῖξιᾷ
634 2662 899 2738 καθέδρα,
943 2668 1004 2722 τὸ
1062 2672 1201 2743 πρὸς
1252 2674 1344 2730 τὸν
1393 2677 1615 2752 Πατέρα
1657 2659 1902 2756 ἰσότιμον

343 2769 375 2807 τί
473 2790 491 2806 .

343 2769 491 2822 ηλοι.

390 2848 880 2919 ’Δναλοτίσασθε
920 2854 1031 2926 τὰρ
1056 2856 1168 2913 τὸν
1212 2862 1498 2932 τοιαύτην
1527 2868 1904 2939 ὑπομεμενη-

307 2941 462 2995 κότα
489 2940 648 3011 ὑπὲρ
675 2942 798 2999 τῶν
823 2945 1190 3016 ἁμαρτωλῶν
1209 2954 1296 3018 είς
1315 2954 1505 3010 αὐτὸν
1529 2958 1903 3031 ἀντιλογίαν.

308 3034 515 3088 Καίτοι
567 3034 621 3087 el
658 3036 756 3091 καὶ
812 3038 1123 3107 ὁμοδούλων
1176 3043 1325 3116 πάθη
1371 3046 1757 3119 ἀναλογίζεται
1795 3070 1903 3122 τις,

308 3124 521 3189 ἱκανῶς
545 3126 981 3198 παραμυθεῖται,
1010 3132 1164 3205 πόσῳ
1197 3136 1399 3207 μᾶλλον
1443 3139 1515 3193 τὰ
1542 3141 1638 3195 τοῦ
1695 3144 1904 3199 Δεσπὸ-

1889 677 1910 726 ἶ
2013 666 2153 734 Quid
2205 676 2387 723 autem
2424 678 2506 727 est
2545 670 2690 739 quod
2728 670 2823 737 ait,
2860 681 3130 727 auctorem
3169 681 3218 727 et
3262 688 3603 727 consumma-

2015 758 2361 816 torem?'lloc
2404 769 2510 827 est,
2543 760 2663 832 Ipse
2703 762 2863 818 (idem
2912 762 3072 819 nobis
3107 762 3191 818 ab
3223 764 3380 819 initio
3425 764 3601 835 impo-

2011 851 2346 914 suit,-—Non
2379 855 2515 908 enim
2545 870 2635 910 vos
2655 871 2757 919 me,
2779 855 2978 926 inquit,
3001 854 3253 927 elegistis,
3275 856 3365 910 sed
3392 872 3488 927 ego
3510 873 3597 912 vos

2009 944 2141 1015 elegi
2163 945 2319 1010 ",-—-
2347 959 2411 1000 ac
2446 945 2605 1001 linem
2640 947 2803 1001 etiam
2835 954 2899 1001 et
2917 947 3448 1003 consummationem
3481 947 3621 1017 ipse.

2011 1046 2268 1106 apponet.
2298 1046 2359 1093 ut
2391 1052 2489 1093 vos
2509 1052 2629 1092 eam
2665 1036 3120 1108 perfectissimam
3148 1037 3420 1093 habeatis.
3454 1088 3459 1093 .

2083 1130 2190 1197 Qui
2232 1146 2328 1200 pro
2368 1130 2643 1201 proposito
2684 1129 2787 1184 sibi
2829 1129 3030 1201 gaudio
3072 1129 3329 1185 sustinuit
3359 1145 3593 1191 crucem,

2010 1222 2303 1292 ignominia
2354 1232 2676 1293 contempta.
2707 1220 2958 1293 éLicebat
2998 1221 3143 1277 enim
3185 1221 3289 1291 ipsi
3317 1237 3426 1276 non
3460 1224 3592 1292 pati,

2007 1330 2119 1370 non
2145 1317 2305 1379 mori.
2338 1315 2474 1372 Cum
2509 1316 2655 1372 enim
2690 1315 2900 1385 peccati
2944 1316 3125 1371 omnis
3162 1329 3360 1385 expers
3408 1325 3592 1379 esset,
3644 1339 3649 1349 ι

2007 1411 2170 1463 morti
2219 1424 2330 1463 non
2374 1408 2820 1479 subjiciebatur:
2862 1408 3011 1477 quod
3044 1414 3099 1463 et
3138 1407 3256 1477 ipse
3284 1406 3361 1461 ait
3390 1423 3403 1461 :
3428 1406 3605 1482 746‘

2011 1500 2157 1556 Venit
2203 1501 2388 1555 mundi
2436 1500 2678 1570 princeps
2708 1523 2736 1568 ,·
2768 1510 2818 1556 et
2879 1501 2933 1555 in
2979 1517 3062 1555 me
3112 1516 3215 1555 non
3247 1498 3400 1554 habet
3436 1499 3597 1568 quid-

2004 1606 2164 1660 quant
2192 1589 2254 1644 ⁸⁸.
2291 1590 2348 1645 Si
2392 1590 2566 1661 igitur
2601 1590 2893 1656 noluisset,
2928 1605 3039 1646 non
3078 1599 3222 1646 esset
3249 1587 3547 1655 crucilixus
3576 1605 3590 1640 :

2003 1680 2153 1753 quod
2191 1690 2246 1736 et
2278 1680 2398 1752 ipse
2425 1681 2564 1736 dixit
2594 1698 2610 1737 :
2642 1680 2974 1737 Potestatem
3019 1681 3193 1736 habeo.
3212 1680 3440 1749 ponendi
3472 1679 3593 1734 aui-

2004 1787 2145 1825 mam
2176 1787 2343 1825 meam
2383 1770 2451 1825 ⁵⁸.
2486 1770 2742 1827 Attamen
2772 1787 2997 1827 crucem
3029 1770 3318 1838 sustinuit,
3352 1770 3457 1825 hoc
3487 1781 3593 1830 est.

2002 1878 2114 1919 non
2142 1862 2469 1933 simpliciter
2491 1874 2746 1928 mortem,
2770 1863 2867 1919 sed
2894 1863 3379 1924 contumeliosam,
3401 1877 3599 1933 aspere

2005 1963 2282 2025 natusque
2310 1961 2397 2009 est
2428 1955 2785 2023 ignominiam
2822 1954 2950 2009 inde
3005 1954 3441 2025 provenicntetn.
3471 1952 3589 2007 Non

2002 2056 2185 2102 autem
2218 2045 2375 2113 dixit,
2407 2044 2652 2101 Tristitia
2674 2053 2989 2115 contempta
3023 2063 3036 2099 :
3079 2058 3259 2114 neque
3288 2043 3433 2099 enim
3461 2060 3597 2099 cum

2002 2138 2228 2196 tristitia
2261 2138 2365 2195 ista
2397 2137 2627 2192 ferebat.

2074 2230 2242 2301 Atque
2279 2231 2333 2285 in
2360 2229 2579 2285 dextera
2605 2227 2745 2284 sedis
2772 2227 2873 2283 Dei
2903 2228 3068 2287 sedet.
3103 2227 3270 2284 Vides
3296 2227 3456 2283 linem
3492 2240 3589 2296 pa-

2004 2323 2229 2388 tientiae,
2252 2338 2362 2393 quo
2392 2321 2679 2392 perducit?
2712 2321 2765 2376 id
2788 2320 2932 2391 quod
2965 2320 3094 2375 alibi
3128 2320 3264 2375 dixit
3292 2337 3307 2376 :
3339 2318 3588 2387 Propter-

2003 2431 2066 2470 ea
2115 2414 2256 2470 Deus
2309 2414 2471 2469 etiam
2513 2413 2924 2483 superexaltavit
2946 2430 3064 2467 eum
3097 2414 3143 2446 ιο
3182 2412 3293 2469 :de
3320 2427 3484 2467 carne
3509 2412 3588 2465 Io-

2003 2523 2200 2579 quens.
2242 2506 2429 2561 Potest
2478 2505 2663 2575 itaque
2717 2504 2873 2560 vobis
2928 2503 3237 2559 mercedem
3294 2501 3589 2572 rependere

2006 2615 2105 2671 pro
2143 2596 2679 2655 aﬂlictionibussuo
2719 2594 2946 2650 nomine
2990 2595 3259 2650 toleratis.
3320 2592 3593 2649 Cathedra

2005 2691 2151 2748 enim
2181 2701 2234 2745 et
2272 2688 2452 2746 sessio
2486 2686 2556 2742 ad
2578 2687 2853 2755 dextram,
2886 2686 3258 2757 aequalitatem
3288 2700 3408 2741 cum
3432 2682 3594 2740 Patre

2006 2780 2273 2850 signiﬁcat
2287 2819 2303 2833 .

2079 2870 2248 2926 Vsus.
2284 2871 2340 2925 5.
2376 2866 2675 2940 Recogitate
2702 2867 2841 2922 enim
2873 2882 2993 2922 eum
3020 2866 3109 2936 qui
3140 2865 3302 2921 talem
3337 2867 3595 2921 sustinuit

2007 2983 2041 3020 α
2071 2962 2436 3034 peccatoribus
2484 2961 2761 3016 adversum
2802 2976 2859 3015 se
2898 2958 3396 3016 contradictionem.
3435 2958 3594 3027 Quod

2009 3058 2055 3113 si
2086 3056 2213 3128 quis
2247 3068 2640 3111 conservorum
2675 3066 2905 3108 suorum
2954 3050 3282 3107 adlictiones
3308 3060 3592 3122 reputans,

2008 3147 2228 3204 abunde
2253 3161 2312 3204 se
2343 3147 2683 3212 consolatur,
2715 3152 2927 3215 quanto
2961 3146 3135 3214 magis
3163 3143 3208 3199 si
3239 3144 3455 3199 Domini
3482 3143 3591 3207 sui.

302 3231 401 3268 του
431 3215 536 3270 τοῦ
576 3216 840 3290 τοιαύτην
872 3221 1185 3293 ἀντιλογίαν
1230 3227 1672 3301 ὑπομείναντοςς
1704 3234 1733 3288 ὃ
1761 3236 1901 3303 ἐστι,

2010 3241 2102 3312 qui
2158 3247 2366 3295 tantam
2420 3237 2919 3294 contradictionem
2962 3235 3205 3305 pertulit,
3268 3234 3593 3290 aﬂlictiones

303 3310 579 3378 γέλωτας,
614 3310 931 3382 χλευασίας,
984 3316 1186 3388 ὀνείδη,
1223 3320 1368 3375 κατὰ
1417 3322 1710 3393 πρόσωπον
1758 3325 1899 3398 πλη-

303 3403 432 3473 γὰς,
486 3404 593 3459 ὅσα
637 3406 933 3477 ἀντέλεγον
971 3413 1095 3474 ταῖς
1140 3411 1518 3479 διδασκαλίαις
1571 3416 1761 3485 αὑτοῦ,
1801 3420 1902 3485 τὰς

300 3496 398 3549 ἐπὶ
424 3496 669 3551 Πιλάτου
697 3498 969 3570 κραυγὰς,
1002 3500 1317 3557 τελευταῖον
1351 3507 1610 3579 σταυρόν.
1660 3510 1902 3581 Ἐμφαν-

300 3587 459 3642 τικὸν
493 3589 609 3660 γὰρ
637 3590 721 3655 τδ,
752 3593 1082 3662 τοσαύτην,
1131 3596 1436 3665 τουτέστιν,
1490 3601 1619 3672 ἄχρι
1666 3603 1901 3660 θανάτου

303 3680 611 3750 φέρουσαν,
639 3685 737 3737 καὶ
769 3684 964 3749 ταῦτα.
1009 3687 1100 3741 τοῦ
1136 3689 1277 3760 μετὰ
1307 3692 1547 3765 λῃστῶν,
1597 3711 1693 3749 και
1723 3697 1900 3752 ταῦτα

306 3770 417 3827 ὑπὸ
447 3774 818 3848 ἁμαρτωλῶν,
850 3780 963 3834 τῶν
986 3780 1215 3837 ἐθνικῶν
1242 3783 1537 3859 δηλαδὴνῆ
1580 3789 1675 3844 καὶ
1715 3791 1902 3847 αὐτῶν

308 3865 423 3917 τῶν
459 3866 756 3923 Ἰουδαίων.

388 3957 523 4012 ἰνα
546 3959 628 4028 μή
658 3961 889 4031 κάμητε
916 3963 1051 4031 ταῖς
1065 3968 1294 4037 ψυχαῖς
1325 3970 1497 4040 ὑμῶν
1516 3971 1897 4045 ἐκλυόμενοι.

322 4045 403 4099 τὺ
459 4049 565 4120 γὰρ
592 4051 1014 4123 ἀναλογίσασθαι
1040 4057 1134 4112 τὸν
1185 4060 1447 4133 Χριστὸν,
1481 4062 1706 4118 τονώσει
1746 4068 1902 4136 ὑμῶν

308 4138 419 4204 τάς
447 4138 620 4212 ψυχάς
649 4145 746 4199 καὶ
780 4146 1068 4219 νευρώσει,
1105 4151 1204 4204 καὶ
1233 4152 1335 4208 οὐκ
1383 4152 1537 4209 ἐάσει
1571 4153 1899 4215 ἐκλελύσθαι

298 4233 399 4287 καὶ
431 4234 815 4308 ἀπαγορεῦσαι
849 4239 989 4312 πρὸς
1018 4240 1119 4305 τὰς
1167 4243 1407 4315 θλίψεις.

380 4326 566 4383 οὔπω
646 4330 862 4401 μέχρις
922 4334 1175 4404 αἵματος
1233 4338 1723 4414 ἀντικατέστητε.
1795 4345 1900 4400 Δύο

302 4420 423 4493 εἴδη
474 4423 886 4494 παρακλήσεως
931 4426 1186 4498 ἀλλήλοις
1215 4432 1354 4486 εἰσὶν
1380 4435 1599 4491 ἐναντία
1626 4456 1641 4472 ο
1673 4437 1732 4493 ἓν
1764 4440 1888 4510 μὲν,

299 4514 433 4568 ὅταν
494 4514 636 4585 πρός
689 4533 812 4570 τινα
858 4517 992 4591 λέγῃ
1032 4536 1115 4584 τις
1138 4561 1154 4586 ,
1187 4521 1271 4577 ὅτι
1320 4524 1545 4594 Μεγάλα
1594 4528 1893 4595 πέπονθας.

2006 3348 2193 3388 secum
2237 3331 2556 3403 expendat?
2603 3330 2711 3385 hoc
2746 3335 2854 3396 est,
2890 3328 3058 3391 risus,
3102 3326 3588 3391 subsannationes,

2002 3424 2274 3487 convicia,
2305 3422 2359 3477 in
2390 3421 2583 3477 faciem
2618 3419 2870 3484 verbera,
2903 3433 3247 3490 quacunque
3275 3426 3467 3473 contra
3489 3417 3593 3474 do-

2002 3517 2238 3573 ctrinam
2273 3515 2395 3586 ejus
2422 3513 2702 3575 dicebant,
2735 3511 3010 3567 clamores
3034 3508 3179 3580 apud
3205 3507 3466 3575 Pilatum,
3497 3515 3594 3578 po:

2005 3619 2212 3667 stremo
2245 3622 2465 3664 crucem
2518 3605 2720 3676 ipsam.
2774 3602 3098 3674 Emphatica
3151 3602 3300 3658 enim
3344 3610 3431 3659 est
3486 3601 3592 3658 ista

2002 3701 2196 3767 dictio,
2243 3698 2448 3761 Talem,
2493 3696 2599 3753 hoc
2637 3702 2745 3763 est,
2794 3695 2861 3751 ad
2908 3705 3139 3751 mortem
3173 3710 3349 3765 usque
3381 3693 3591 3764 perdu-

2003 3802 2245 3857 centem,
2269 3790 2436 3858 idque
2477 3802 2585 3841 una
2615 3800 2743 3841 cum
2782 3784 3116 3849 latronibus,
3143 3782 3307 3851 idque
3333 3797 3365 3836 a
3398 3794 3595 3851 pecca-

2003 3884 2241 3948 toribus,
2282 3880 2524 3937 ethnicis
2549 3877 2827 3941 videlicet,
2866 3875 2983 3931 sive
3017 3874 3151 3942 ipsis
3189 3872 3421 3929 Judzeis.

2093 3972 2177 4030 Ne
2237 3970 2601 4043 defatigemiui
2665 3968 2948 4022 animabus
3008 3965 3196 4022 vestris
3254 3964 3582 4034 deﬁcientes.

2003 4066 2287 4123 Christum
2318 4065 2464 4119 enim
2494 4061 2551 4117 in
2589 4060 2776 4115 animo
2807 4073 3050 4125 versare,
3081 4056 3369 4113 animabus
3395 4054 3595 4111 vestris

2002 4171 2058 4219 et
2089 4161 2235 4219 vires
2260 4172 2325 4215 ac
2349 4136 2552 4213 nervos
2582 4154 2766 4220 addet,
2798 4167 2900 4210 nec
2945 4153 3090 4211 sinet
3115 4149 3379 4219 deiicere,
3406 4164 3507 4207 nec
3538 4150 3596 4207 in

2003 4253 2395 4313 amictionibus
2423 4251 2743 4321 desperare.

2073 4346 2243 4402 Vsus.
2272 4345 2328 4400 4.
2372 4342 2629 4398 Nondum
2656 4341 2726 4397 ad
2763 4339 3075 4412 sanguinem
3105 4353 3268 4409 usque
3297 4337 3595 4398 restitistis.

2005 4439 2133 4496 Dure
2163 4446 2295 4495 sunt
2320 4434 2724 4492 adhortationis
2749 4440 2806 4490 et
2840 4430 3234 4489 consolationis
3266 4430 3478 4500 species
3508 4430 3596 4488 in-

2005 4539 2089 4587 ter
2134 4543 2195 4585 se
2232 4525 2531 4605 contrariae
2559 4540 2576 4579 :
2608 4524 2781 4578 altera
2821 4520 3068 4591 quidem,
3107 4534 3232 4573 cum
3274 4518 3397 4588 quis
3427 4518 3596 4578 alicui

302 4606 698 4679 ἀναμνήσθητι
746 4610 969 4665 ἐκείνων
1000 4629 1018 4645 ο
1051 4614 1238 4687 ἕτερον
1289 4617 1346 4672 δὲ
1371 4660 1387 4685 ,
1421 4619 1550 4674 ὅταν
1584 4620 1719 4695 λέγῃ
1747 4640 1762 4655 ο
1787 4624 1896 4678 οὐ·

2006 4624 2183 4679 dicat:
2215 4619 2415 4692 Magna
2450 4616 2672 4690 quidem
2703 4629 2906 4690 passus
2933 4628 3016 4679 es,
3040 4618 3314 4670 memento
3338 4610 3592 4676 illorum;

300 4699 392 4751 δὲν
453 4699 605 4768 μέγα
660 4698 814 4755 οὔπω
874 4704 1175 4771 πέπονθας.
1209 4708 1282 4763 Τὸ
1309 4711 1409 4781 μὲν
1440 4713 1550 4786 γὰρ
1580 4717 1898 4786 κάμνουσαν

2006 4717 2167 4774 altera
2205 4730 2356 4780 vero,
2387 4727 2512 4769 cum
2543 4709 2694 4765 dicat
2723 4723 2740 4762 :
2776 4706 3058 4764 Nihildum
3098 4702 3258 4758 ardui
3286 4718 3485 4778 passus
3505 4717 3590 4758 es.

298 4793 618 4846 ἀνακτᾶται
654 4795 753 4863 τὴν
792 4795 992 4868 ψυχὴν,
1044 4797 1274 4869 ἔχουσαν
1305 4803 1536 4868 πολλοὺς
1572 4808 1900 4878 συνίστορας

297 4885 416 4938 τῶν
453 4885 798 4959 παθημάτων
839 4890 1013 4963 αὐτῆς
1038 4906 1054 4923 ·
1101 4892 1163 4946 τὸ
1190 4893 1248 4948 δὲ
1283 4897 1556 4965 φυσᾶσθαι
1599 4899 1902 4969 μέλλουσαν

302 4981 599 5051 κατασπᾷ.
655 4983 751 5034 καὶ
783 4982 1137 5054 ρᾳθυμοῦσαν
1177 4986 1457 5061 διεγείρει.
1519 4989 1749 5055 Τούτοις
1786 4995 1902 5058 τοῖς

299 5071 431 5124 δυσὶ
466 5074 671 5143 χρῆται
701 5073 916 5138 Παῦλος
940 5075 1037 5129 νῦν
1067 5077 1205 5148 πρὸς
1240 5078 1547 5151 Ἐϐραίους.
1573 5080 1758 5135 Εἰπὼν
1791 5083 1901 5154 γὰρ

300 5162 579 5233 ἀνωτέρω
600 5203 617 5228 ,
645 5165 732 5218 ὅτι
761 5165 971 5238 Πολλὴν
998 5167 1225 5241 ἄθλησιν
1269 5171 1605 5243 ὑπεμείνατε
1640 5173 1902 5244 παθημά-

302 5272 441 5319 των,
497 5254 597 5308 καὶ
624 5259 1081 5330 προτρεψάμενος
1138 5263 1488 5334 μιμήσασθαι
1532 5264 1778 5329 ἑαυτοὺς,
1802 5262 1900 5318 νῦν

303 5346 367 5397 τδ
395 5345 673 5411 ἐναντίον,
699 5346 972 5402 δείκνυσιν
1009 5350 1210 5414 αὐτοὺς
1239 5352 1407 5421 μήπω
1432 5350 1599 5422 μηδὲν
1622 5353 1902 5421 ἀξιόλογον

305 5439 683 5505 ὑποστάντας,
715 5439 793 5503 ὡς
838 5440 906 5496 ἂν
936 5442 1011 5515 μὴ
1056 5444 1363 5515 ὲπαρθῶσι.
1395 5446 1508 5500 Καὶ
1547 5446 1663 5518 ὅρα,
1685 5445 1901 5516 σοφίαν.

304 5530 446 5585 Μεθ’
476 5530 506 5584 ὅ
544 5531 799 5604 ἐμνήσθη
842 5532 952 5585 τῶν
983 5533 1229 5605 ἀρχαίων
1288 5535 1463 5606 ἁγίων
1519 5537 1629 5591 τῶν
1687 5537 1902 5607 μεγάλα

306 5620 697 5685 ὑποστάντων,
751 5622 845 5675 καὶ
896 5622 1060 5695 αρτοὖ
1105 5623 1203 5679 τοῦ
1251 5625 1485 5697 Κυρίου,
1512 5625 1636 5684 τότε
1663 5625 1904 5681 δείκνυσι

301 5711 371 5764 τὰ
396 5712 587 5766 αὐτῶν
614 5712 773 5766 οὐδὲν
788 5712 941 5769 ὅντα.
968 5713 1135 5769 Οὔπω
1158 5716 1288 5788 γὰρ,
1313 5717 1501 5788 φησὶν,
1526 5718 1654 5789 ἄχρι
1672 5717 1903 5773 θανάτου

370 5826 655 5902 ιιι-ιιειιιι.
694 5827 873 5902 [225.
951 5830 1001 5863 "
1023 5829 1158 5887 ibid.
1188 5829 1278 5889 24,
1356 5832 1404 5866 ⁸⁷
1432 5829 1590 5888 Joan.
1629 5850 1716 5902 xv,
1759 5833 1843 5889 16.

306 5900 371 5935 ⁸⁹¹
409 5899 581 5957 llclir.
622 5916 683 5965 ι,
716 5898 810 5954 32.

2002 4806 2146 4864 Illud
2195 4804 2341 4861 enim
2406 4802 2647 4859 animam
2710 4798 3058 4857 fatiscentem
3112 4789 3409 4861 reﬁicillat,
3462 4793 3591 4849 dum

2002 4898 2206 4951 multos
2228 4892 2590 4948 aiilictionum
2619 4904 2844 4944 suarum
2876 4895 3042 4943 testes
3069 4885 3253 4941 habet.
3283 4884 3434 4941 Istud
3466 4901 3594 4939 vero

2001 4987 2464 5045 intumescentem
2529 4982 2788 5047 deducit,
2831 4988 2886 5037 et
2953 4979 3306 5050 languentem
3363 4977 3588 5032 excitat.

2010 5079 2174 5138 Hisce
2206 5079 2422 5135 duabus
2447 5090 2595 5134 nunc
2626 5075 2800 5131 utitur
2822 5071 3029 5128 Paulus
3054 5069 3123 5126 ad
3154 5069 3430 5126 Hebraea.
3454 5067 3591 5123 Cum

2008 5172 2155 5229 enim
2192 5185 2358 5242 supra
2394 5168 2664 5223 dixisset:
2693 5164 2948 5233 Magnum
2994 5169 3275 5221 certamen
3326 5158 3593 5217 sustinui-

2010 5261 2112 5317 stis
2155 5259 2478 5330 passionum
2503 5257 2597 5321 “',
2631 5255 3067 5322 adhortatusque
3095 5262 3243 5307 esset
3271 5258 3331 5305 ut
3381 5250 3592 5317 scipsos

2010 5353 2378 5417 imitarentur,
2415 5363 2562 5404 nunc
2625 5363 2656 5403 e
2698 5355 2889 5402 eontra
2918 5343 3160 5407 ostendit
3218 5357 3316 5398 eos
3349 5341 3591 5395 nondum

2009 5444 2309 5515 quidquam
2337 5439 2702 5498 aestimatione
2722 5437 2943 5507 dignum
2974 5430 3337 5498 sustinuisse,
3354 5445 3426 5486 ne
3457 5428 3597 5486 θεῖος

2012 5545 2227 5592 rantur.
2254 5533 2333 5587 Ac
2367 5530 2493 5586 vide
2528 5528 2651 5600 ejus
2694 5524 3046 5596 sapientiam.
3082 5520 3445 5590 Posteaquam
3477 5518 3592 5589 pri-

2013 5638 2234 5682 scorum
2252 5628 2605 5685 sanctorum,
2628 5618 2723 5689 qui
2753 5629 2952 5686 magna
2981 5612 3384 5677 sustinuerant,
3427 5617 3595 5680 atque

2016 5716 2152 5773 adeo
2192 5713 2405 5769 Domini
2439 5711 2615 5783 ipsius
2655 5707 3025 5774 meminisset,
3065 5712 3196 5763 tunc
3216 5700 3456 5761 ostendit
3496 5712 3595 5757 eo-

1945 5834 1991 5869 ”
2027 5830 2189 5888 Joan.
2232 5848 2346 5897 xw,
2380 5827 2470 5885 50.
2548 5826 2594 5859 "
2631 5822 2790 5882 Joan.
2823 5838 2880 5890 ι,
2912 5822 3001 5881 18.
3082 5821 3130 5856 ⁸⁸
3163 5818 3399 5893 Philipp.
3437 5829 3502 5885 tt,
3529 5807 3597 5872 9.
