4044 6412
471 395 573 458 371

1395 410 1972 472 THEOPHYLACTI
2014 414 2426 474 BULGARIIE
2462 413 2816 473 ARClllEP.

3630 408 3734 469 37:

461 526 587 566 rum
627 509 951 572 alilictiones
975 514 1151 571 nullas
1170 531 1313 576 esse.
1352 520 1598 579 Nondum
1630 526 1774 581 enim
1812 528 1878 583 ad
1914 545 2055 585 mor—

2183 527 2454 597 τφθάσατε,
2492 525 2629 580 ἀλλά
2680 525 2810 597 ἄχρι
2864 521 3145 593 διωγμῶν,
3185 522 3348 594 ἄχρις
3373 522 3667 593 ἁρπαγῆςι
3708 521 3737 575 δ

463 612 571 657 tem
612 620 803 672 usque,
828 607 1022 676 inquit,
1049 611 1398 678 pervenistis,
1425 614 1523 683 sed.
1545 616 1611 670 ad
1639 621 2045 687 persecutiones

464 706 659 759 usque,
687 702 740 747 et
779 710 952 764 usque
981 696 1048 751 ad
1080 700 1299 768 rapinas
1326 720 1338 756 :
1382 702 1636 763 Christus
1662 717 1843 765 autem
1873 729 2050 784 usque

465 780 530 834 ad
563 794 794 838 mortem
828 786 997 841 venit.
1034 785 1205 844 Porro
1236 807 1357 846 cum
1395 793 1492 858 ait,
1530 800 1824 867 restitistis,
1857 780 2047 858 osten-

464 871 545 927 dit
575 883 853 942 peccatum
885 877 1179 935 vehemens
1197 883 1452 951 quiddam
1471 890 1701 958 spirare,
1723 907 1953 964 esseque
1969 896 2047 951 eis

469 948 809 1033 oppositum,
840 966 990 1038 ipsos
1016 948 1445 1033 autem—stantes
1496 988 1550 1035 et
1585 948 2042 1052 contranitentes,

467 1052 629 1124 747
660 1055 903 1110 nondum
932 1066 1113 1113 tamen
1148 1058 1204 1114 in
1239 1061 1557 1135 lethalibus,
1578 1087 1764 1128 verum
1799 1073 1851 1128 in
1877 1075 2045 1130 levio-

466 1146 638 1203 ribus.

533 1239 799 1298 Adversus
819 1257 1089 1314 peccatum
1114 1262 1485 1324 repugnantes.
1516 1254 1717 1310 Contra
1746 1256 2044 1322 diabolum,

467 1328 558 1395 qui
594 1339 681 1385 est
716 1345 996 1400 peccatum
1041 1339 1245 1411 ipsum,
1297 1352 1484 1413 utpote
1545 1346 1757 1414 primus
1798 1347 2050 1402 inventor

466 1419 586 1488 ejus
632 1426 687 1478 et
738 1437 1062 1499 prmerptor.
1121 1431 1218 1488 Vel
1262 1445 1457 1492 contra
1521 1437 1698 1508 ipsum
1737 1454 2046 1509 peccatum.

467 1513 700 1584 ejusque
742 1516 1148 1591 ignominiosos
1206 1527 1454 1594 aﬂ‘ectns,
1508 1531 1666 1587 nobis
1711 1531 1965 1590 inimicos
1997 1544 2051 1590 et

468 1604 828 1671 perniciosos.

548 1694 706 1752 Vens.
748 1699 801 1754 5.
843 1700 913 1756 Et
957 1705 1110 1761 obliti
1140 1711 1267 1765 estis
1308 1711 1720 1772 adhortationis.
1761 1719 1932 1788 Adeo,
1964 1723 2049 1778 iu-

473 1783 615 1850 quit,
651 1788 873 1845 remissi
904 1795 1041 1851 cstis
1074 1806 1128 1851 et
1159 1798 1213 1851 in
1252 1802 1537 1871 segnitiem
1574 1809 1824 1874 resoluti,
1861 1819 1920 1865 ut
1955 1813 2052 1867 ad.

474 1874 809 1933 hortantium
857 1897 952 1938 vos
1004 1885 1071 1940 ad
1127 1887 1500 1948 fortitudinem
1561 1913 1880 1957 sermonum
1936 1904 2061 1960 sitis

473 1963 650 2028 obliti,
707 1969 811 2023 etsi
858 1974 1100 2030 nondum
1154 1983 1335 2051 magni
1370 1986 1669 2056 quidquam
1722 1994 1869 2061 passi
1904 1995 2062 2051 estis.

473 2053 729 2124 Ingentes
768 2063 913 2117 enim
941 2081 1005 2121 ac
1038 2067 1218 2140 dignae
1253 2077 1468 2131 ratione
1499 2079 1683 2150 aliqua
1715 2082 2064 2153 aﬂlictiones,

473 2143 806 2206 oblivionem
841 2169 1222 2227 saepenumero
1258 2165 1535 2222 incutiunt
1579 2186 1765 2227 rerum
1799 2191 2064 2234 necessa-

472 2249 705 2295 narum.

553 2329 685 2394 Qua:
726 2333 869 2388 vobis
909 2346 1158 2403 tauquam
1187 2344 1318 2412 filiis
1358 2347 1638 2412 loquitur:
1679 2351 1790 2408 Fili
1818 2358 1911 2424 mi,
1954 2360 2066 2413 noli

478 2421 745 2491 negligere
770 2424 1110 2495 disciplinam
1147 2433 1363 2491 Domini
1387 2439 1454 2494 σί.
1486 2443 1603 2497 Non
1656 2446 1801 2501 enim
1832 2421 2069 2518 propriis

478 2512 607 2568 ﬁliis
640 2515 964 2586 loquebatur
990 2520 1272 2594 Salomon,
1318 2530 1411 2584 sed
1442 2536 1701 2592 omnibus
1730 2512 2054 2608 qui-audire

478 2613 757 2674 poterant,
809 2619 864 2666 et
917 2613 1072 2672 vobis
1121 2621 1348 2678 omnino
1387 2642 1399 2678 :
1445 2638 1756 2698 propterea,
1791 2640 2063 2704 tanquam,

479 2702 794 2769 apponitur.

554 2788 737 2862 Neque
764 2794 1074 2869 defatigeris
1106 2802 1232 2858 dum
1265 2805 1330 2860 ab
1352 2823 1412 2861 eo
1438 2814 1703 2881 argueris.
1737 2817 1773 2869 Α
1815 2816 1925 2873 Deo
1963 2821 2066 2891 igi-

483 2889 574 2934 tur
629 2887 956 2944 tentationes
992 2892 1386 2952 adducuntur:
1438 2902 1586 2972 quod
1650 2906 1697 2960 si
1744 2924 1773 2963 a
1820 2909 1947 2977 Deo,
1989 2887 2067 2967 ad

484 2975 929 3033 commoditatem
964 2985 1188 3050 omnino
1217 2990 1375 3049 nobis
1415 2993 1632 3050 cedent.
1662 2998 1771 3054 Aut
1792 2975 1942 3056 enim
1965 3004 2065 3073 ipsi

485 3062 759 3134 imprimis
794 3068 972 3139 placet
1023 3082 1082 3130 ut
1122 3092 1224 3134 nos
1275 3088 1570 3154 teutemur,
1611 3104 1721 3158 quo
1762 3106 1790 3145 a
1828 3062 2068 3162 peccatis

2156 621 2213 673 δὲ
2242 620 2476 691 Χριστὸς
2504 620 2633 691 ἄχρι
2675 618 2907 673 θανάτου
2950 611 3136 687 ἦλθεν.
3194 614 3617 681 Ἀντικατέστη
3659 615 3735 675 δὲ,

2159 712 2352 778 εἰπὼν,
2394 711 2635 766 δείκνυσι
2674 711 2771 764 καὶ
2799 709 2899 780 τὴν
2949 706 3227 778 ἁμαρτίαν
3264 705 3495 775 σφοδρόν
3527 723 3579 757 τι
3606 705 3739 758 πνὲ-

2157 822 2328 859 ουσαν
2354 846 2370 871 ,
2418 804 2514 858 καὶ
2552 802 2980 872 ἀντικειμένην,
3037 800 3133 854 καὶ
3172 799 3368 861 αὐτοὺς
3405 798 3462 850 δὲ
3498 795 3742 859 ἑστῶτας

2159 896 2254 950 καὶ
2291 894 2749 965 ἀγωνιζομένους,
2787 892 2943 946 οῦπω
2984 893 3170 963 μέντοι
3207 891 3266 943 ἐν
3303 892 3417 953 τοῖς
3446 887 3744 956 καιριωτέ·

2166 1005 2298 1059 ροις,
2337 986 2473 1041 ἀλλὰ
2504 989 2615 1051 τοῖς
2646 984 3019 1055 κουφοτέροις.

2231 1265 2389 1335 Πρὸς
2418 1262 2714 1334 ἁμαρτίαν
2735 1258 3285 1330 ἁνταγωνιζῢμενοι.
3328 1258 3477 1330 Πρὸς
3506 1257 3595 1311 τὸν
3629 1257 3750 1312 διά-

2162 1355 2321 1409 ϐολον
2349 1355 2441 1408 τὸν
2469 1352 2794 1425 αὐτόχρημα
2825 1351 3126 1422 ἁμαρτίαν,
3176 1351 3252 1413 ὠς
3300 1348 3529 1427 εὑρετὴν
3573 1351 3752 1418 αὐτῆς

2163 1448 2261 1502 καὶ
2298 1445 2618 1500 διδάσκαλον
2650 1460 2663 1475 ·
2795 1443 2932 1515 πρὸς
2986 1443 3156 1513 αὐτὴν
3195 1443 3294 1513 τὴν
3338 1442 3613 1513 ἁμαρτίαν
3651 1441 3754 1494 καί

2163 1538 2235 1593 τὰ
2280 1538 2449 1610 αὐτῆς
2502 1536 2680 1608 ἄτιμα
2724 1534 2910 1607 πάθη,
2962 1536 3033 1589 τὰ
3062 1533 3300 1605 πολέμια
3343 1534 3476 1605 ἡμῖν
3507 1535 3601 1588 καὶ
3628 1532 3755 1586 ὀλέ-

2163 1632 2313 1687 θοια.

2199 1650 2345 1778 Fulgit
2403 1722 2744 1789 ἐκλέλησθε
2787 1717 2898 1786 τῆς
2950 1718 3416 1787 παρακλήσεως.
3475 1716 3757 1771 Τοσοῦτον

2169 1814 2471 1885 παρείθητε
2525 1812 2621 1866 καὶ
2670 1810 2986 1881 ἐξελύθητε,
3038 1808 3184 1862 ὥστε
3216 1809 3310 1863 καὶ
3345 1808 3455 1862 τῶν
3491 1826 3761 1878 παρακα-

2168 1907 2407 1961 λούντων
2446 1907 2526 1969 είς
2577 1905 2836 1976 ἀνδρείαν
2889 1903 3065 1971 λόγων
3122 1900 3456 1955 ἐπελάθεσθε
3488 1939 3505 1965 ,
3568 1900 3762 1954 καίτοι

2173 1998 2344 2068 μήπω
2404 1996 2670 2058 παθόντες
2729 2012 2781 2048 τι
2847 1994 3012 2064 μέγα.
3067 1990 3149 2045 Τά
3205 1991 3315 2063 γάρ
3376 1991 3590 2062 μεγάλα
3654 1989 3766 2043 καὶ

2170 2088 2425 2156 ἀξιόλογα
2466 2087 2614 2158 πάθη
2643 2086 2813 2157 λήθην
2840 2082 3127 2154 ἐμποιοῦσι
3154 2081 3415 2146 πολλάκις
3435 2081 3544 2135 τῶν
3578 2084 3765 2148 ἀναγ-

2170 2179 2367 2235 καίων.

2244 2362 2415 2428 Ἥτις
2456 2359 2600 2432 ὑμῖν
2647 2360 2729 2426 ὡς
2774 2356 2929 2424 υἱοῖς
2960 2354 3296 2425 διαλέγεται
3317 2369 3330 2384 ο
3365 2353 3463 2408 Υἱέ
3480 2369 3633 2423 μου,
3664 2351 3765 2423 μὴ

2172 2453 2442 2523 ὀλιγώρει
2478 2449 2754 2516 παιδείας
2778 2448 3020 2518 Κυρίου.
3066 2445 3140 2499 Οὐ
3184 2445 3291 2517 γὰρ
3332 2444 3485 2509 ίδίοις
3530 2445 3667 2506 υίοῖς
3718 2445 3754 2497 6

2172 2543 2426 2616 Σολομῶν
2484 2542 2688 2605 ἐλάλει,
2751 2540 2887 2593 ἀλλὰ
2944 2539 3081 2593 πᾶσι
3134 2539 3250 2601 τοϊς
3294 2535 3516 2590 ἀκούειν
3580 2535 3761 2589 δυνα-

2174 2639 2398 2710 μένοις,
2444 2638 2542 2691 καὶ
2594 2637 2725 2708 ὑμῖν
2768 2633 2827 2688 δὲ
2874 2634 3097 2698 πάντως
3130 2647 3146 2664 ⁶
3200 2631 3290 2686 διὰ
3338 2630 3498 2685 τοῦτο
3528 2630 3609 2699 τὸ,
3649 2630 3767 2698 ὡς,

2171 2732 2367 2783 κεῖται.
2640 2822 2653 2832 _
2711 2818 2727 2832 .
2832 2819 2847 2832 .
2938 2817 2965 2832 η
3017 2818 3076 2832 η
3211 2817 3227 2832 ,
3474 2817 3528 2832 Π
3692 2810 3728 2832 τ

2242 2822 2339 2891 Μὴ
2364 2822 2591 2875 ἐκλύου
2628 2818 2727 2875 ὑπ’
2778 2817 2967 2874 αὐτοῦ
3005 2817 3428 2888 ἐλεγχόμενος.
3474 2817 3619 2887 Ἀρα
3657 2817 3767 2870 οῦν

2171 2913 2323 2985 παρὰ
2371 2913 2506 2967 Θεοῦ
2557 2912 2608 2966 oi
2668 2914 2960 2983 πειρασμοὶ
3014 2913 3310 2982 ἐπάγονται
3350 2926 3367 2943 ·
3414 2911 3463 2963 εί
3512 2909 3571 2964 δὲ
3604 2911 3770 2978 παρά

2172 3003 2331 3068 Θεοῦ,
2394 3003 2532 3076 πρὸς
2585 3002 2856 3078 ὠφέλειαν
2886 3001 3047 3073 ἡμῶν
3072 3002 3309 3063 πάντως.
3378 2997 3548 3060 Αὐτὸς
3570 2996 3684 3067 γὰρ
3726 2994 3764 3066 ἦ

2173 3095 2603 3168 προηγουμένως
2689 3093 2902 3148 εὐδοκεῖ
2968 3093 3115 3163 ἡμᾶς
3195 3085 3555 3161 πειράζεσθαι
3619 3085 3769 3156 πρὸς

486 3154 791 3214 liberemur
821 3178 835 3216 :
865 3175 961 3219 aut
992 3181 1093 3222 nos
1125 3172 1325 3229 tentari
1367 3154 1657 3245 permittit,
1689 3180 1755 3234 ad
1792 3154 2068 3251 probatio-

2183 3154 2437 3241 ἐπόθέσιν
2457 3154 2769 3257 ἁμαρτιῶν,
2808 3183 2841 3255 ἢ
2881 3154 3207 3253 παραχωρεῖ
3257 3154 3395 3251 πρὸς
3428 3154 3771 3245 δοκιμασίαν

447 3274 452 3279 -
487 3262 647 3333 nem.“
671 3259 841 3322 utque
880 3256 1068 3325 plures
1102 3274 1510 3331 consequamur
1532 3282 1788 3328 coronas.

520 3346 527 3350 ’
565 3341 732 3399 Vens.
768 3345 822 3405 6.
875 3347 1048 3414 Quem
1090 3352 1231 3407 enim
1266 3352 1443 3426 diligit
1483 3358 1766 3428 Dominus,
1799 3368 2074 3438 castigat:

489 3432 727 3502 ﬂagellat
759 3447 932 3493 autem
955 3457 1158 3498 omnem
1183 3446 1353 3510 ﬁlium
1376 3467 1524 3519 quem
1558 3456 1763 3524 recipit.
1794 3453 1935 3513 Fieri
1968 3475 2074 3514 non

495 3533 677 3593 potest
700 3536 760 3582 ut
788 3530 1057 3600 quispiam
1082 3533 1399 3592 inveniatur
1427 3540 1659 3601 dilectus
1696 3544 1805 3601 Deo
1833 3549 1969 3602 citra
1992 3550 2076 3605 ai-

492 3614 783 3675 llictiones.
818 3620 1011 3680 Nonne
1037 3625 1202 3696 igitur
1233 3628 1469 3688 latrones
1496 3643 1549 3688 ct
1581 3634 1729 3692 fures
1761 3637 1945 3710 ﬂagris
1974 3657 2077 3697 cre-

493 3710 741 3767 duntur?
783 3713 957 3772 liliine
980 3729 1036 3772 et
1064 3719 1140 3774 illi
1177 3720 1346 3777 sunt?
1394 3724 1618 3783 Minime
1664 3733 1926 3799 gentium.
1958 3733 2075 3788 Non

492 3802 636 3856 enim
695 3803 852 3871 dixit,
913 3808 1176 3880 Quisquis
1228 3811 1556 3884 ﬂagellatur,
1619 3828 1704 3873 est
1741 3820 1906 3890 illius,
1956 3824 2075 3888 scd,

492 3888 687 3950 Omnis
734 3895 881 3952 ﬁlius
914 3897 1233 3971 ﬂagellatur.
1283 3903 1552 3965 Latrones
1594 3911 1761 3982 igitur
1793 3888 1899 3969 non
1937 3917 2077 3971 illio-

497 4001 617 4039 rum
650 3986 828 4043 instar
850 3989 1215 4062 ﬂagellantur,
1249 4013 1437 4053 verum
1472 4010 1531 4055 ut
1559 4004 1811 4059 scelerati
1836 4008 2078 4076 puniun-

495 4084 605 4131 tur.
635 4076 735 4133 llic
758 4089 940 4137 autem
974 4099 1099 4138 cum
1140 4088 1294 4156 prius
1319 4090 1572 4159 dixisset,
1594 4094 1849 4168 'Casligat
1877 4141 1892 4167 ,
1930 4101 2079 4154 intu-

494 4166 561 4221 m
588 4177 800 4239 postea,
843 4170 1112 4244 Flagellat
1141 4192 1160 4231 .-
1192 4188 1252 4232 ut
1287 4196 1395 4236 non
1443 4184 1610 4240 veluti
1651 4166 1885 4245 sceleris
1912 4191 2081 4248 ultio-

494 4273 646 4327 nem,
694 4263 789 4318 sed
840 4265 1013 4320 veluti
1058 4269 1425 4329 eruditionem
1458 4274 1732 4349 intelligas
1764 4280 2082 4354 ﬂagellatio-

500 4366 623 4406 nem
665 4352 781 4411 lilii.
821 4354 989 4422 Quem
1034 4361 1244 4431 recipit,
1296 4363 1400 4419 hoc
1452 4377 1558 4435 est,
1608 4385 1770 4440 quem
1816 4352 2079 4445 admittit,

497 4458 659 4509 quem
703 4460 812 4513 prae
836 4447 1050 4506 caeteris
1083 4453 1338 4523 assumit,
1381 4464 1436 4512 et
1477 4457 1803 4519 familiarem
1840 4465 2077 4523 amicum

497 4534 599 4591 sibi
640 4539 919 4595 conciliat.

571 4628 739 4686 Vens.
782 4632 834 4686 7.
877 4630 943 4688 Si
966 4637 1370 4707 castigationem
1408 4645 1704 4710 sustinetis,
1741 4656 1994 4719 tanquam
2017 4651 2086 4720 ﬁ-

500 4720 586 4774 liis
628 4722 781 4791 oﬂ'ert
810 4741 864 4778 se
894 4727 1038 4781 vobis
1081 4727 1246 4786 Deus.
1297 4730 1429 4799 Quis
1468 4736 1608 4790 enim
1648 4748 1725 4792 est
1756 4740 1903 4809 ﬁlius
1932 4759 2085 4812 queat

498 4828 606 4866 non
639 4816 868 4884 castigat
888 4820 1084 4885 pater?
1118 4819 1272 4887 Quod
1296 4824 1345 4878 si
1382 4835 1534 4881 extra
1564 4826 1903 4897 disciplinam
1932 4834 2081 4897 estis,

499 4902 652 4972 cujus
684 4907 969 4973 participes
994 4911 1129 4980 facti
1151 4926 1271 4968 sunt
1299 4932 1500 4981 omnes,
1531 4935 1653 4991 ergo
1688 4923 1996 4987 adullerim',
2033 4931 2085 4977 et

500 5012 606 5050 non
629 4996 736 5066 ﬁlii
764 5000 912 5055 estis.
946 5003 1025 5057 Ex
1076 5004 1278 5074 quibus
1325 5008 1403 5062 illi
1446 5012 1712 5073 putabant
1756 5028 1878 5068 sese
1907 5029 1935 5066 a
1968 5013 2077 5071 Deo

499 5086 819 5155 derelictos,
855 5106 921 5146 ex
964 5091 1032 5148 iis
1063 5096 1308 5151 ostendit
1336 5099 1417 5154 eis
1444 5101 1590 5170 quod
1635 5101 1743 5156 Deo
1784 5119 1929 5158 curae
1958 5104 2078 5160 fue-

498 5178 633 5234 rint.
660 5177 717 5234 Si
754 5182 925 5251 enim,
959 5182 1161 5256 inquit,
1189 5186 1578 5247 aﬂlictionibus
1609 5194 1950 5260 caruissetis,
1982 5210 2081 5250 no-

500 5271 578 5326 thi
612 5270 874 5339 fuissetis,
917 5276 1298 5348 illegitimique
1331 5278 1452 5344 lilii,
1480 5291 1533 5338 et
1562 5299 1669 5339 non
1702 5286 1945 5356 genuini,
1978 5288 2080 5343 Cui

501 5362 645 5415 enim
677 5375 965 5434 parentum
999 5368 1289 5425 nothorum
1316 5373 1589 5430 institutio
1612 5392 1758 5431 curae
1788 5378 1916 5432 est?
1940 5377 2077 5447 Quia

502 5468 632 5508 vero
677 5450 996 5527 aﬂligimini,
1045 5462 1244 5517 exhinc
1295 5467 1746 5524 autem'obvenit
1784 5471 1979 5530 vobis.
2019 5480 2077 5526 ut

506 5551 701 5597 ornate
755 5555 919 5616 atque
959 5546 1241 5608 moderate
1283 5554 1498 5623 vivatis,
1529 5558 1756 5627 perinde
1787 5576 1851 5616 ac
1891 5578 2086 5619 omnes

505 5640 936 5710 praememorati,
965 5642 1222 5703 videlicet
1244 5645 1406 5717 justi,
1439 5649 1534 5722 qui
1570 5660 1622 5707 et
1654 5651 1749 5706 lilii
1790 5651 1884 5709 Dei
1910 5657 2087 5712 vocati

577 5817 617 5850 “
659 5817 819 5874 Prov.
858 5834 939 5887 tu,
976 5824 1033 5877 ll

2172 3278 2268 3333 καὶ
2300 3277 2600 3346 στεφάνους
2631 3277 2869 3338 πλείους.
3186 3364 3210 3374 Α
3265 3364 3276 3374 _
3363 3331 3371 3341 ,
3645 3361 3672 3374 _

2250 3371 2362 3423 Ὃν
2389 3369 2500 3439 γὰρ
2533 3365 2736 3438 ἀγαπᾷ
2781 3367 3019 3434 Κύριος,
3066 3364 3358 3427 παιδεύει,
3383 3362 3672 3434 μαστιγοῖ
3690 3362 3777 3417 δὲ

2176 3461 2372 3515 πάντα
2394 3461 2531 3515 υἱὸν
2562 3460 2634 3514 ὃν
2661 3459 3079 3530 παραδέχεται.
3127 3459 3414 3512 Ἀδύνατον
3445 3458 3553 3527 γάρ
3577 3456 3776 3527 εὑρεῖν

2175 3570 2297 3606 τινα
2330 3552 2442 3605 τῶν
2481 3551 2870 3622 ἀγαπωμένων
2924 3551 3003 3622 τῷ
3052 3550 3246 3622 Κυρίῳ
3291 3549 3462 3621 χωρὶς
3501 3547 3772 3615 θλίψεων.

2175 3639 2323 3714 Ἀρα
2361 3642 2453 3696 οῦν
2479 3642 2540 3695 οῦ
2585 3641 2981 3712 μαστιγοῦνται
3011 3643 3106 3696 καὶ
3128 3642 3326 3717 λῃσταὶ
3368 3642 3464 3696 καὶ
3493 3640 3772 3707 κλέπται;

2177 3737 2301 3791 Υἱοὶ
2328 3730 2422 3789 οὖν
2452 3735 2546 3789 καὶ
2572 3730 2716 3790 οὗτοι
2750 3751 2765 3800 ;
2802 3735 2957 3806 Οὐχί.
2996 3734 3072 3789 Οὐ
3108 3735 3219 3807 γὰρ
3248 3730 3425 3797 εἶπεν,
3471 3735 3553 3787 ὅτι
3594 3734 3709 3795 πᾶς
3741 3736 3776 3787 ὁ

2181 3826 2639 3897 μαστιγούμενος,
2671 3827 2808 3893 υἱὸς,
2869 3826 3008 3880 ἀλλά
3061 3829 3170 3891 πᾶς
3205 3827 3320 3890 υἱὸς
3374 3824 3772 3895 μαστιγοῦται.

2178 3917 2386 3990 Δῃσταὶ
2431 3917 2530 3988 μὲν
2569 3917 2664 3972 οῦν
2697 3918 2797 3988 οὐχ
2827 3917 2904 3981 ὡς
2948 3918 3057 3971 υἱοὶ
3097 3917 3516 3988 μαστιγοῦνται,
3544 3915 3661 3969 ἀλλ’
3685 3916 3775 3981 ὡς

2178 4009 2340 4063 κακοὶ
2374 4008 2718 4072 κολάζονται.
2784 4009 3050 4063 Ἐνταῦθα
3078 4010 3135 4063 δὲ
3150 4007 3466 4079 προειπὼν,
3498 4008 3583 4061 ὅτι
3627 4020 3778 4061 παι-

2180 4101 2360 4168 δεύει,
2393 4103 2516 4156 τότε
2560 4103 2810 4172 ἐπήγαγε
2848 4101 2930 4167 τὸ,
2961 4102 3263 4172 μαστιγοῖ,
3303 4101 3390 4156 ἴνα
3424 4100 3499 4172 μὴ
3536 4100 3612 4162 ὡς
3658 4115 3774 4151 κα-

2170 4188 2305 4257 νκίας
2350 4193 2579 4256 ἔκτισιν,
2621 4194 2738 4248 ἀλλ’
2770 4193 2846 4256 ὡς
2868 4194 3164 4263 ,παίδευσιν
3188 4193 3391 4264 νοήσῃς
3421 4190 3521 4263 τὴν
3566 4188 3775 4259 μαστί-

2180 4301 2351 4352 γωσιν
2392 4283 2487 4337 τοῦ
2517 4282 2658 4338 υἱοῦ.
2718 4286 2827 4338 Ὃν
2865 4284 2922 4337 δὲ
2957 4282 3389 4352 παραδέχεται,
3451 4281 3769 4344 τουτέστιν,

2181 4374 2241 4428 ὃν
2269 4376 2614 4453 ἀποδέχεται,
2646 4373 2704 4428 ὃν
2736 4374 3227 4447 προσλαμϐάνεται
3252 4371 3414 4425 πλέον
3429 4370 3537 4424 τῶν
3562 4368 3773 4435 ἀλλων,

2183 4465 2242 4522 ὃν
2279 4468 2601 4521 οἰκειοῦται.

2251 4646 2320 4700 El
2354 4644 2633 4700 παιδείαν
2661 4643 3011 4714 ὑπομένετε,
3040 4644 3122 4710 ὠς
3145 4642 3302 4710 υἱοῖς
3336 4638 3481 4711 ὑμῖν
3505 4636 3781 4707 προσερέ-

2174 4756 2344 4810 ρεται
2370 4741 2402 4792 ὀ
2433 4738 2599 4804 Θεός.
2638 4737 2734 4805 Il;-
2768 4736 2879 4809 γάρ
2909 4737 3087 4791 ἐστιν
3121 4737 3257 4802 υίὸς
3292 4734 3365 4788 ὃν
3397 4736 3468 4787 οὺ
3492 4730 3778 4789 παιδεύει

2183 4829 2420 4898 πατήρ;
2457 4828 2524 4883 Et
2564 4828 2632 4882 δὲ
2680 4831 2863 4901 χωρίς
2891 4828 3034 4884 ἐστε
3077 4826 3372 4892 παιδείας,
3411 4821 3488 4895 ἧς
3521 4822 3778 4893 μέτοχοι

2182 4924 2467 4995 γεγόνασι
2515 4921 2762 4990 πάντες,
2806 4922 2919 4993 ἄρα
2947 4923 3115 4976 νόθοι
3143 4920 3306 5017 ἐστὲ,
3350 4918 3451 5017 καί
3478 4921 3592 5017 οὐχ
3608 4919 3773 5017 filo-t2

2196 5012 2317 5082 Ἀφ’
2353 5005 2430 5065 ὧν
2479 5011 2733 5082 ἐνόμιζον
2763 5012 2920 5065 αὐτοὶ
2943 5008 3437 5080 ἐγκαταλελεῖφθαι
3469 5008 3574 5061 ὑπὸ
3604 5007 3774 5072 Θεοῦ,

2187 5104 2298 5159 ἀπὸ
2357 5102 2564 5157 τούτων
2623 5103 2898 5157 δείκνυσιν
2964 5103 3163 5167 αὐτοὺς
3218 5101 3634 5173 μεμελημένους
3690 5100 3777 5170 τῷ

2189 5196 2332 5266 Θεῷ.
2368 5196 2438 5249 Εἰ
2477 5196 2576 5268 μὲν
2628 5195 2739 5267 γὰρ
2803 5195 2961 5258 ἐκτὸς
3021 5192 3257 5264 θλίψεων
3293 5189 3424 5265 ἦτε,
3479 5190 3773 5262 ἐφαίνεσθε

2187 5286 2255 5339 ἂν
2292 5287 2376 5341 ὅτι
2408 5285 2553 5340 νόθοι
2590 5286 2717 5339 ἐστέ
2745 5287 2861 5356 imi.
2910 5287 3009 5359 οὐχ
3064 5286 3191 5340 υίοί.
3259 5285 3357 5349 Τίς
3407 5287 3515 5356 γάρ
3577 5283 3776 5355 πατὴρ

2189 5378 2465 5445 φροντίζει
2496 5376 2833 5441 παιδεύσεως
2859 5377 3030 5432 νόθων
3073 5377 3229 5443 υίῶν,
3255 5378 3349 5430 καὶ
3371 5376 3733 5447 κοσμιότητος
3755 5392 3772 5441 ;

2198 5466 2351 5519 Ἐπεὶ
2373 5468 2431 5520 δὲ
2464 5466 2735 5534 θλίϐεσθε,
2764 5470 2828 5521 ἐκ
2859 5468 2917 5522 δὲ
2951 5468 3143 5521 τούτου
3165 5468 3510 5535 περιγίνεται
3546 5466 3677 5535 ὑμῖν
3708 5466 3774 5518 τὸ

2189 5559 2435 5628 κοσμίως
2464 5561 2557 5613 καὶ
2596 5560 3049 5631 κατεσταλμένως
3079 5561 3201 5633 ζῇν,
3229 5559 3418 5631 ὥσπερ
3445 5560 3540 5612 καὶ
3572 5556 3775 5620 πάντες

2187 5651 2239 5703 οἱ
2272 5651 2700 5724 προρῤηθέντες,
2738 5652 2943 5726 δηλαδὴ
2981 5652 3203 5722 δίκαιοι,
3245 5651 3298 5706 οἳ
3328 5653 3424 5707 καὶ
3479 5649 3587 5704 υἱοὶ
3631 5647 3772 5703 Θεοῦ
