4044 6422
343 407 453 474 3Ἶ3

1148 405 1555 469 EXPOSITIO
1610 408 1691 470 IN
1732 409 1976 471 EPIST.
2010 409 2112 470 AD
2141 406 2537 469 HEBR/EOS.
2563 431 2633 443 —
2659 406 2819 469 CAP.
2845 405 2984 468 XII;

3515 408 3624 477 374

346 515 730 588 ιχρημάσισαν
754 529 767 544 ·
806 517 1078 588 πρόδηλον
1120 519 1245 584 καὶ,
1270 518 1693 592 ἀναντίρρητον,
1726 519 1811 575 ὅτι
1851 521 1930 585 ὡς

2059 527 2193 578 ιιιιιι
2230 521 2454 592 planum
2486 526 2571 577 est
2590 528 2647 577 et
2676 515 3058 589 irreiragabile
3083 515 3235 590 quod
3267 514 3428 576 vobis
3458 528 3520 575 ut
3552 520 3620 576 li-

351 611 491 673 υίοὶς
556 607 691 678 ύμῖν
725 608 1106 680 προσφέρεται
1147 611 1178 664 ὁ
1206 609 1362 675 Θεὸς,
1392 612 1490 667 καὶ
1516 610 1604 666 διὰ
1648 612 1933 684 φροντίδος

350 700 504 769 ὑμᾶς
540 699 675 768 ἔχει,
709 699 801 752 ἵνα
831 699 908 771 μὴ
941 700 1264 756 ἀπαίδευτοι
1291 701 1556 772 ﬁneﬁne,
1598 703 1694 758 καὶ
1719 704 1782 758 ἐκ
1808 702 1934 758 τούο

350 809 447 843 του
484 790 838 860 ἁποκλήρους
865 791 1009 861 ὑμᾶς
1039 790 1313 865 ὲξωθήσῃ.

424 877 573 935 Εἶτα
626 881 776 948 τοὺς
816 881 935 953 μὲν
996 884 1108 952 τῆς
1165 885 1397 954 σαρκὸς
1452 885 1625 956 ἡμῶν
1675 888 1937 957 πατέρας

344 973 599 1041 εἴχομεν
631 973 979 1042 παιδευτὰς,
1009 974 1109 1030 καί
1132 975 1591 1047 ἐνετρεπόμεθα.
1625 980 1708 1034 Οὐ
1726 977 1939 1044 πολλῷ

346 1063 604 1134 μᾶλλον
636 1066 1144 1136 ὑποταγησόμεθα
1185 1064 1266 1134 τῷ
1302 1070 1479 1138 πατρί
1520 1067 1641 1123 τῶν
1678 1069 1940 1139 πνευμά-

353 1173 494 1221 των,
554 1158 653 1212 καὶ
703 1155 985 1228 ἂὶσομεν.
1048 1158 1148 1213 Ἐκ
1182 1160 1293 1217 τῶν
1342 1160 1464 1215 κατ’
1518 1162 1717 1227 αὐτοὺς
1775 1162 1940 1217 πάλιν

356 1248 744 1302 ἀποδείκνυσιν
780 1250 863 1303 ὅτι
921 1251 1005 1304 δεῖ
1067 1250 1386 1321 ὑπομένειν.
1449 1253 1514 1307 Εί
1559 1253 1670 1324 γὰρ
1719 1254 1851 1309 ὅταν
1888 1253 1940 1307 oi

364 1340 620 1410 σαρκικοὶ
660 1341 894 1411 πατέρες
949 1341 1243 1397 ἐπαίδευον
1274 1345 1442 1415 ἡμᾶς,
1487 1345 1589 1399 οὐκ
1618 1346 1941 1418 ἐτολμῶμεν

356 1432 738 1501 ἀποπηδῆσαι,
786 1432 904 1487 ἀλλ’
961 1435 1370 1506 ἐνετρεπόμεθα
1423 1438 1520 1492 καὶ
1571 1438 1941 1510 ὑπεμένομεν,

352 1523 459 1576 ὅσα
488 1524 558 1577 ἂν
606 1524 874 1595 ἐπέφερον
905 1542 917 1557 ο
953 1527 1108 1597 πόσῳ
1149 1528 1352 1598 μᾶλλον
1384 1528 1481 1583 νῦν
1518 1528 1614 1584 τοῦ
1646 1530 1783 1585 Θεοῦ
1813 1548 1944 1587 παι-

2036 613 2126 671 liis
2175 627 2300 668 sese
2340 611 2535 668 oll’erat
2574 610 2741 678 Deus,
2796 619 2960 681 atque
2993 608 3163 665 vestri
3206 623 3398 665 curam
3442 620 3616 681 gerat.

2037 704 2204 778 748
2233 687 2651 775 με’όίεεὶριῑηω
2697 709 2952 775 expertes
2994 699 3264 768 evadatis,
3295 709 3462 772 atque
3489 701 3622 759 hinc

2038 814 2136 865 vos
2163 795 2481 853 haereditate
2507 794 2748 853 abdicet.

2107 892 2276 948 Vens.
2309 889 2365 946 9.
2411 892 2606 946 Deinde
2634 899 2815 961 patres
2838 888 3049 960 quidem
3085 889 3268 949 carnis
3293 896 3491 951 nostra;
3524 888 3622 942 Ita-

2041 985 2250 1041 buimus
2287 984 2603 1048 eruditores,
2639 991 2689 1037 et
2718 982 3088 1037 reverebantur
3119 995 3208 1035 eos
3246 996 3266 1035 :
3314 996 3421 1037 non
3452 979 3621 1037 multo

2041 1076 2211 1147 magis
2244 1074 2718 1145 obtemperabimus
2748 1074 2897 1145 patri
2929 1073 3240 1143 spirituum,
3274 1080 3323 1128 et
3356 1072 3625 1133 vivemus?

2042 1167 2119 1224 Ex
2155 1169 2322 1224 rebus
2349 1182 2542 1223 eorum
2570 1166 2914 1223 demonstrat
2943 1180 3143 1221 rursus
3194 1163 3341 1235 quod
3371 1148 3627 1235 oporteat

2044 1276 2140 1319 eos
2169 1260 2446 1332 patientes
2500 1274 2643 1317 esse.
2694 1257 2754 1314 Si
2786 1259 2934 1316 enim
2971 1274 3098 1315 cum
3152 1259 3403 1315 carnales
3440 1267 3626 1329 patres

2043 1370 2148 1412 nos
2171 1353 2542 1423 castigabant,
2587 1367 2699 1407 non
2742 1351 3087 1407 audebamus
3124 1350 3364 1415 resilire,
3399 1349 3496 1407 sed
3528 1365 3630 1419 pu-

2044 1444 2180 1499 dore
2248 1441 2744 1510 suﬂ'undebamur,
2786 1448 2843 1497 et
2892 1440 3167 1511 patienter
3214 1439 3629 1497 sustinebamus

2045 1549 2389 1607 quaecunque
2422 1532 2584 1589 nobis
2614 1531 2926 1588 inferebant
2952 1571 2969 1598 ,
2998 1539 3210 1607 quanto
3252 1531 3436 1602 potius
3481 1544 3631 1585 nunc

351 1613 651 1681 δεύοντο;;
689 1615 835 1686 Ὅρα
887 1616 966 1682 δὲ,
1008 1618 1110 1674 om:
1141 1615 1268 1673 εἶπε
1309 1620 1469 1690 Πόσῳ
1498 1622 1700 1692 μᾶλλον
1732 1623 1944 1690 ὑπομε-

2059 1629 2160 1683 Deo
2214 1641 2317 1682 nos
2369 1624 2718 1693 eastigante?
2783 1622 3175 1679 Animadverte
3230 1632 3412 1678 autem
3453 1638 3470 1676 :
3520 1635 3630 1675 non

355 1703 586 1774 νοῦμεν,
643 1706 782 1772 ἀλλ’,
838 1709 1344 1782 ὑποταγησόμεθα
1372 1727 1387 1743 ·
1424 1712 1640 1779 δεικνὺς
1666 1713 1752 1768 ὅτι
1785 1714 1943 1769 ἀντι-

2059 1718 2208 1783 dixit,
2240 1718 2462 1784 Quanto
2487 1716 2660 1786 magis
2702 1713 3048 1779 sumeremus,
3095 1713 3213 1779 sed,
3252 1710 3634 1779 obtemperabi-

356 1795 564 1847 στὰτου
601 1794 718 1849 ἔστι
758 1798 850 1849 καὶ
882 1798 1153 1861 ἀντιθέου,
1179 1800 1242 1853 τὸ
1279 1800 1356 1873 μὴ
1394 1801 1691 1874 ὑπομένειν
1741 1804 1943 1874 θλίψιν.

2059 1819 2188 1869 mae,
2232 1802 2531 1858 ostendens
2558 1801 2702 1867 quod
2764 1802 2837 1856 sit
2869 1799 3301 1856 contranitentis
3339 1808 3397 1855 et
3429 1799 3633 1854 adver-

358 1884 604 1955 Πατέρα
638 1886 695 1942 δὲ
725 1888 1106 1958 πνευμάτων,
1141 1892 1175 1962 ἢ
1207 1891 1317 1946 τῶν
1352 1894 1735 1964 χαρισμάτων,
1773 1895 1807 1966 ἦ
1836 1894 1946 1949 τῶν

2059 1893 2224 1948 santis
2250 1891 2381 1957 Deo,
2409 1906 2519 1947 non
2553 1890 2828 1947 sustinere
2854 1888 3233 1946 alllictionem.
3280 1888 3502 1944 Patrem
3518 1879 3635 1942 'au-

356 1978 682 2046 ἀσωμάτων
718 1979 1025 2051 δυνάμεων,
1056 1982 1117 2053 ἧ,
1145 1984 1286 2057 ὅπερ
1314 1984 1411 2039 καὶ
1445 1985 1797 2058 οἰκειότερον,
1835 1985 1948 2039 τῶν

2059 1994 2164 2041 tem
2204 1984 2508 2053 spirituum,
2558 1982 2645 2038 vel
2699 1982 2996 2046 donorum,
3050 1981 3134 2036 vel
3178 1980 3635 2051 incorporearum

359 2068 579 2139 ψυχῶν.
650 2071 797 2142 Πρὸς
845 2073 956 2141 γὰρ
1021 2073 1431 2146 ἀντιδιαστολὴν
1496 2074 1608 2129 τῶν
1668 2074 1951 2148 σαρκικῶν

2059 2076 2316 2132 virtutum
2340 2075 2513 2143 dixit,
2546 2075 2654 2142 vel,
2683 2073 2829 2146 quod
2865 2074 3041 2146 magis
3075 2074 3353 2144 proprium
3384 2081 3487 2137 εει,
3517 2072 3637 2127 ani-

362 2161 646 2231 πατέρων,
699 2157 823 2216 εἷπε
876 2164 939 2218 τὸ
1002 2165 1397 2235 πνευματικόν.
1449 2165 1560 2222 Kal
1604 2164 1865 2237 (ἥσομεν
1891 2166 1950 2221 δὲ

2059 2183 2288 2225 marum.
2321 2166 2404 2222 Ad
2451 2166 2750 2242 discrimen
2789 2167 2936 2222 enim
2987 2164 3288 2220 carnalium
3325 2170 3633 2236 parentum,

362 2252 736 2324 προσέθηκεν,
769 2255 857 2308 ἵνα
901 2254 1072 2327 δείξῃ,
1118 2257 1199 2311 ὅτι
1227 2257 1256 2310 ό
1284 2256 1664 2321 ἀνυπότακτος
1697 2257 1820 2312 οὐδὲ
1857 2257 1949 2330 ζῇ.

2059 2257 2339 2330 spirituale
2368 2257 2574 2328 posuit.
2604 2253 2780 2311 Porro
2809 2254 3039 2322 addidit,
3067 2262 3117 2310 et
3148 2256 3400 2321 vivemus,
3421 2261 3481 2309 ut
3507 2254 3637 2309 sub-

364 2343 515 2409 Ἥξει)
541 2344 653 2415 γάρ
690 2347 806 2398 ἐστι
831 2343 926 2398 τοῦ
962 2344 1123 2412 Θεοῦ,
1148 2345 1206 2410 ὃς
1233 2346 1351 2401 ἐστι
1385 2345 1523 2420 ζωή.

2059 2356 2324 2405 monstret
2356 2347 2764 2405 inobedientem
2805 2362 2917 2403 non
2958 2349 3145 2403 vivere
3178 2363 3194 2400 :
3235 2346 3453 2403 alienus
3486 2345 3631 2400 enim

2050 2451 2136 2498 est
2170 2456 2202 2496 a
2238 2441 2368 2509 Deo,
2399 2441 2493 2513 qui
2524 2448 2609 2497 est
2638 2440 2770 2496 vita.

437 2523 510 2575 οι
553 2524 677 2590 μὲν
733 2520 844 2591 γὰρ
882 2522 1033 2590 πρὸς
1081 2522 1293 2593 ὀλίγας
1344 2523 1590 2593 ἡμέρας.
1653 2522 1795 2579 Οὔτε
1844 2523 1951 2596 γὰρ

2124 2532 2295 2588 Vens.
2331 2532 2420 2589 10.
2457 2531 2527 2587 Ει
2570 2530 2655 2587 illi
2682 2532 2892 2603 quidem
2934 2541 3161 2600 tempore
3194 2547 3485 2601 paucorum
3528 2529 3639 2584 die-

366 2615 620 2683 ίαχύουσι
684 2612 755 2666 δι’
812 2613 936 2666 ὅλου
978 2613 1255 2668 παιδεύειν
1306 2616 1455 2686 ἡμᾶς
1481 2655 1496 2682 ,
1558 2615 1645 2671 ἵνα
1716 2616 1954 2681 τελείους

2059 2639 2193 2689 rum.
2224 2620 2412 2693 Neque
2456 2621 2600 2676 enim
2630 2630 2861 2690 possunt
2900 2620 3130 2676 omnino
3163 2635 3263 2677 nos
3286 2620 3529 2687 erudire,
3563 2620 3637 2673 ita

361 2705 738 2775 ἐργάσωνται.
773 2705 845 2757 Ἦ
871 2706 981 2776 γὰρ
1008 2704 1235 2770 θάνατος
1255 2706 1351 2761 τοῦ
1382 2706 1609 2777 πατρὸς,
1638 2707 1671 2779 ἢ
1700 2706 1951 2777 αὔξησις,

2059 2723 2115 2768 ιιι
2161 2711 2437 2780 perfectos
2487 2710 2741 2765 reddant.
2772 2709 2881 2764 Aut
2918 2709 3066 2764 enim
3116 2710 3300 2765 obitus
3333 2710 3523 2780 patris,
3552 2710 3639 2765 vel

364 2796 398 2864 ἦ
440 2793 757 2866 σκληρότης
794 2794 890 2848 τοῦ
943 2796 1156 2862 παιδὸς,
1205 2797 1386 2867 ἵστησι
1448 2799 1549 2870 τὴν
1604 2799 1853 2854 παιδείαν
1880 2814 1894 2829 ο
1925 2800 1954 2852 ό

2059 2812 2187 2860 tetas
2229 2802 2558 2874 provectior,
2602 2801 2688 2855 vel
2723 2788 2953 2856 durities
2986 2799 3081 2855 ﬁlii
3125 2799 3530 2855 institutionem
3562 2800 3640 2857 si-

358 2889 419 2941 se
456 2888 595 2952 Θεὸς
623 2888 713 2941 ἀεὶ
744 2889 1035 2953 παιδεύων,
1064 2888 1294 2946 δύναται
1322 2890 1565 2955 τελείους
1592 2893 1787 2946 ποιεῖν.

2059 2896 2154 2953 ειίι
2188 2914 2202 2949 :
2235 2905 2292 2949 at
2323 2909 2452 2950 vero
2486 2892 2656 2959 Deus,
2688 2900 2878 2963 utpote
2905 2891 3000 2963 qui
3027 2906 3243 2963 semper
3265 2889 3469 2957 erudit,
3511 2904 3637 2961 per--

2057 2987 2235 3044 lectos
2265 2987 2477 3043 ellicere
2502 2993 2706 3056 potest.

433 3078 604 3132 Κατὰ
629 3078 696 3131 τὸ
726 3078 950 3133 δοκοῦν
976 3076 1203 3146 αὐτοῖς,
1234 3078 1577 3136 ἐπαίδευον.
1624 3078 1700 3132 Od
1738 3078 1954 3142 πάντως

2131 3080 2430 3136 Secundum
2470 3078 2790 3134 voluntatem
2827 3094 2983 3133 suam
3017 3076 3329 3133 erudiebant
3369 3091 3481 3133 nos.
3517 3072 3651 3130 Non»

360 3170 419 3223 δὲ
456 3170 519 3223 τὸ
557 3169 755 3224 δοκοῦν
800 3169 881 3241 τῷ
920 3170 1091 3243 πατρὶ
1145 3169 1417 3225 λυσιτελεῖ
1480 3168 1559 3241 τῷ
1600 3168 1732 3241 υίῷο
1772 3168 1954 3225 πολλοὶ

2063 3182 2242 3228 autem
2293 3172 2519 3228 omnino
2569 3170 2714 3241 quod
2773 3170 2916 3241 patri
2969 3171 3148 3226 visum
3195 3176 3319 3245 est,
3371 3168 3502 3225 utile
3557 3180 3642 3224 est

360 3261 480 3331 γὰρ
513 3260 614 3313 καὶ
644 3259 877 3331 αἰσχρὰς
906 3258 1220 3315 διδάσκουσι
1248 3261 1466 3331 τέχνας.

445 3449 515 3502 ’0
538 3447 615 3502 δὲ
646 3448 747 3501 ἐπὶ
776 3447 846 3501 τό
892 3446 1228 3517 συμφέρον,
1265 3447 1417 3517 πρὸς
1474 3449 1541 3501 τό
1587 3447 1953 3516 μεταλαμϐάο

362 3559 500 3596 retr
521 3543 569 3573 "
606 3538 716 3609 τῆς
745 3540 1061 3609 ἁγιότητος
1096 3539 1307 3597 αὐτοῦ.
1361 3540 1419 3594 Ὀ
1452 3540 1508 3595 δὲ
1537 3540 1668 3604 Θεὸς
1716 3542 1852 3615 πρὸς
1898 3542 1960 3596 τὸ

366 3633 660 3706 συμφέρον
689 3634 824 3703 ἡμῖν
858 3633 1059 3699 ἐπάγει
1084 3633 1185 3702 τὴν
1220 3631 1469 3687 παιδείαν
1497 3647 1512 3662 ·
1560 3633 1663 3702 οὐχ
1694 3633 1779 3687 ἴνα
1811 3633 1955 3708 λὰσῃ

368 3745 423 3781 τι
455 3726 588 3798 παρ’
623 3725 800 3796 ἡμῶν,
832 3724 948 3781 ἀλλ’
980 3726 1068 3778 ἶνα
1106 3724 1327 3797 μεταδῷ
1352 3724 1560 3794 μᾶλλον
1595 3725 1694 3795 τῆς
1734 3726 1960 3797 ἁγιότη·

372 3838 493 3885 τος,
524 3818 794 3881 τουτέστι,
823 3816 928 3886 τῆς
956 3816 1328 3888 καθαρότητος
1353 3816 1520 3873 αὑτοῦ
1551 3834 1564 3849 ·
1603 3816 1766 3883 ὥστε,
1802 3818 1956 3884 φησι,

380 3909 631 3975 γενέσθαι
664 3910 816 3980 ἡμᾶς
864 3908 1148 3971 δεκτικοὺς
1175 3908 1284 3963 τῶν
1316 3907 1482 3964 αὐτοῦ
1510 3907 1753 3977 ἀγαθῶν.
1814 3907 1960 3979 Ἀρα

390 3998 486 4053 οὖν
513 4002 548 4070 ἡ
576 4001 789 4055 παιδεία
824 3997 1127 4072 μετάληψις
1171 3999 1461 4069 ἁγιότητος
1495 4001 1612 4053 ἐστι
1642 4014 1654 4027 '
1690 3999 1786 4054 καὶ
1823 3999 1961 4053 εἰκό-

2062 3267 2225 3323 etiam
2280 3264 2443 3320 ﬁlio:
2497 3265 2744 3336 plerique
2796 3261 2943 3319 enim
2995 3272 3182 3334 turpes
3227 3261 3391 3317 etiam
3443 3259 3644 3317 docent

2060 3368 2227 3414 artes.
2400 3356 2408 3361 ’

2134 3447 2238 3502 Hic
2260 3464 2378 3503 vero
2408 3446 2477 3501 ad
2503 3446 2559 3502 id
2585 3446 2723 3517 quod
2751 3446 2991 3501 utile’est
3013 3444 3068 3499 in
3109 3443 3407 3514 recipiendo
3440 3441 3644 3496 sancti-

2063 3543 2363 3611 ﬁcationem
2392 3541 2527 3611 ejus.
2580 3539 2724 3595 Deus
2761 3551 2945 3593 autem
2971 3537 3039 3592 ad
3075 3535 3526 3593 commoditatem
3551 3549 3644 3588 ιιυι

2062 3643 2233 3691 stram
2259 3633 2691 3706 {castigationem
2738 3631 2974 3694 inducit,
3024 3644 3131 3685 non
3178 3638 3237 3686 ttt
3276 3626 3577 3698 quidquam
3612 3640 3641 3678 a

2062 3728 2223 3781 uoltis
2276 3724 2535 3796 accipiat,
2592 3738 2783 3779 verum
2831 3729 2890 3777 ut
2942 3720 3222 3791 impertiat
3272 3717 3432 3774 nobis
3461 3714 3644 3787 potius

2061 3812 2436 3882 sanctitatem,
2489 3815 2593 3870 hoc
2642 3822 2747 3879 est,
2788 3813 3081 3883 puritatem
3127 3824 3308 3875 suam,
3345 3816 3404 3860 ut
3446 3806 3643 3862 simus.

2064 3905 2261 3976 inquit,
2296 3918 2398 3960 nos
2427 3917 2656 3973 capaces
2687 3901 2958 3956 bonorum
2982 3899 3124 3968 ejus.
3155 3895 3447 3967 Disciplina
3479 3893 3647 3966 igitur

2061 4006 2147 4052 est
2180 3994 2524 4068 participatio
2550 3990 2860 4050 sanctitatis
2896 4008 2910 4045 :
2945 4005 3050 4046 nec
3072 3986 3379 4049 immerito:
3413 4001 3644 4040 convcr-

386 4107 534 4151 τω;’
578 4091 869 4162 συστρέφει
921 4090 1031 4159 γὰρ
1087 4089 1186 4163 τὴν
1237 4091 1418 4162 ψυχὴν
1467 4090 1605 4162 πρὸς
1661 4089 1752 4143 τὸν
1802 4089 1954 4159 ἅγιον

2064 4090 2292 4144 titenim
2317 4088 2555 4141 animam
2583 4084 2652 4140 ad
2679 4084 2845 4140 Deum
2871 4092 3149 4145 sanctum,
3178 4094 3287 4137 non
3314 4079 3503 4136 sinens
3525 4092 3657 4133 eam.

376 4182 548 4245 Θεὸν.
608 4186 685 4255 μὴ
723 4184 872 4238 ἐῶσα
901 4183 1072 4254 αὐτὴν
1108 4182 1248 4254 πρὸς
1286 4180 1627 4255 ἀνθρώπινόν
1659 4198 1713 4235 τι
1760 4181 1954 4253 ῥέμϐε-

2066 4182 2133 4236 ad
2167 4180 2470 4237 humanum
2509 4177 2769 4250 quiddam
2802 4174 3041 4232 devolvi.

374 4272 532 4325 σθαι.

444 4361 626 4417 Πᾶσα
662 4361 731 4416 δὲ
760 4362 999 4419 παιδεία
1026 4365 1175 4431 πρὸς
1199 4361 1319 4431 μὲν
1344 4361 1410 4416 τὸ
1440 4363 1636 4434 παρόν
1689 4366 1761 4419 οὐ
1796 4363 1954 4420 δοκεῖ

2139 4366 2306 4424 Vsus.
2360 4367 2445 4420 il.
2500 4366 2687 4421 Omnis
2743 4373 2919 4418 autem
2970 4361 3249 4427 disciplina
3294 4362 3350 4413 in
3394 4362 3651 4429 prwsentr’

373 4454 572 4526 χαρᾶς
609 4451 785 4523 εἶναι,
816 4454 981 4511 ἀλλὰ
1023 4453 1247 4522 λύπης.
1297 4453 1469 4509 Πάλιν
1500 4455 1612 4509 ἀπὸ
1642 4456 1741 4526 τῆς
1772 4457 1954 4529 κοινῆς

2065 4458 2274 4529 quidem
2314 4474 2418 4514 non
2447 4456 2656 4512 videtur
2686 4470 2798 4510 esse
2838 4452 3043 4524 gaudii,
3086 4451 3175 4507 sed
3212 4451 3471 4505 ma'roris.
3508 4450 3651 4504 Ilur-

372 4546 594 4609 ὲννοίας
621 4545 719 4607 τὰς
758 4546 1015 4616 ἀφορμὰς
1067 4545 1226 4599 ἔλαϐε
1276 4548 1376 4617 τῆς
1429 4547 1828 4618 παραινέσεως,
1866 4549 1954 4601 καί

2068 4568 2165 4608 sus
2196 4567 2225 4605 a
2264 4549 2473 4621 vulgari
2514 4546 2798 4619 opinione,
2848 4542 3253 4599 adhortationis
3299 4542 3650 4598 occasionem

376 4654 517 4707 φησι
547 4653 565 4668 ·
625 4635 800 4691 Πᾶσα
829 4635 898 4690 δὲ
928 4635 1187 4702 παιδεία,
1212 4637 1308 4689 καὶ
1341 4635 1462 4689 θεία
1493 4638 1586 4690 καὶ
1618 4637 1960 4709 ἀνθρωπίνη,

376 4731 454 4783 οὺ
505 4727 677 4783 δοκεῖ
702 4725 890 4797 χαρᾶς
921 4723 1110 4792 εἶναι,
1154 4728 1315 4783 ἀλλὰ
1359 4730 1586 4796 λύπης.
1636 4729 1836 4794 Καλῶς
1881 4729 1965 4794 τὸ,

376 4821 591 4875 Δοκεῖ·
623 4820 684 4873 οὐ
732 4820 840 4890 γὰρ
862 4819 1079 4891 ἀληθῶς
1107 4822 1224 4875 ἐστι
1246 4820 1445 4892 λύπης.
1490 4822 1613 4885 Πῶς
1648 4822 1754 4893 γὰρ
1786 4822 1851 4876 ἂν
1879 4825 1965 4894 εῐη

380 4911 593 4981 κυρίως
619 4910 816 4982 λύπης,
859 4912 1201 4984 εὐφροσύνης
1247 4907 1383 4968 οὖσα
1441 4915 1665 4986 μήτηρς
1710 4915 1851 4969 Ἀλλ’
1891 4916 1967 4981 ὡς

384 5003 531 5074 πρὸς
559 5004 709 5073 ἡμᾶς
757 5006 887 5069 τοὺς
928 5004 1381 5075 δυσχεραίνοντας
1412 5005 1549 5076 πρὸς
1584 5005 1684 5071 τὰς
1718 5007 1968 5073 παιδείας

379 5098 469 5159 τὸ,
494 5096 682 5163 Δοκεῖ,
714 5098 950 5169 εἴρηται.

462 5188 751 5257 Ὕστερον
790 5189 859 5243 δὲ
906 5189 1142 5257 καρπὸν
1197 5189 1502 5259 εἰρηνικὸν
1556 5192 1680 5258 τοῖς
1730 5191 1805 5245 δι’
1860 5194 1968 5249 αὐ-

380 5279 501 5348 τῆς
536 5280 1053 5351 γεγυμνασμένοις
1071 5280 1401 5337 ἀποδίδωσι
1443 5282 1856 5353 δικαιοσύνης.
1903 5287 1969 5340 Τί

381 5374 559 5439 ἐστιν,
598 5374 947 5443 είρηνικόν;
1009 5373 1155 5428 τοῦτ’
1200 5373 1384 5440 ἐστιν,
1434 5375 1748 5447 ἀτάραχον,
1800 5377 1963 5445 λεῖον,

381 5465 541 5537 ἡδύν.
614 5462 677 5520 Ὀ
717 5465 818 5536 μὲν
856 5464 968 5535 γὰρ
1014 5463 1353 5535 λυπούμενος
1404 5465 1776 5535 ταράττεται·
1823 5467 1853 5520 ὁ
1911 5467 1971 5522 δὲ

376 5556 596 5628 χαίρων
628 5554 887 5625 λειότητά
913 5571 1034 5609 τινα
1056 5554 1170 5626 ἔχει
1205 5559 1300 5610 καὶ
1320 5555 1590 5628 γαλήνην.
1631 5557 1689 5611 '0
1728 5558 1786 5611 δὲ
1828 5577 1966 5631 καρ-

377 5649 489 5717 πὸς
540 5643 701 5714 οὗτος
740 5645 1095 5719 δικαιοσύνης
1138 5648 1277 5715 ἐστὶ,
1331 5648 1466 5704 διότι
1513 5649 1722 5716 δίκαιος
1753 5649 1830 5705 ὢν
1866 5652 1912 5684 ⁷³
1940 5652 1971 5705 ὁ

2068 4641 2298 4712 accepit,
2331 4650 2388 4697 et
2418 4641 2495 4695 ait
2532 4658 2547 4695 :
2583 4637 2768 4694 Omnis
2797 4633 3107 4704 disciplina,
3137 4639 3248 4686 tam
3272 4632 3457 4687 divina
3484 4648 3647 4703 quam

2070 4733 2334 4799 ltttmana,
2361 4747 2464 4786 non
2498 4730 2702 4785 videtur
2730 4743 2841 4782 esse
2877 4723 3087 4796 gaudii,
3120 4724 3208 4779 sed
3240 4721 3650 4778 maerorisJ’ul-

2070 4826 2203 4881 chre
2254 4831 2438 4878 autem
2486 4821 2669 4876 dicit:
2727 4817 2948 4873 Videtur
2977 4833 2996 4872 :
3042 4832 3152 4872 non
3199 4815 3345 4870 enim
3399 4829 3525 4871 vere
3566 4822 3652 4872 est

2074 4917 2329 4972 mmroris
2363 4933 2377 4982 ;
2408 4913 2682 4985 quomodo
2719 4912 2866 4965 enim
2910 4909 3132 4980 proprie
3173 4907 3336 4962 fuerit
3370 4906 3653 4971 matroris,

2073 5025 2198 5065 cum
2241 5010 2315 5065 sit
2358 5006 2562 5063 laetitia:
2600 5003 2809 5060 mater?
2847 5001 2953 5057 Sed
2995 5001 3169 5057 nostri
3229 5006 3509 5071 respectu,
3558 4999 3651 5070 qui

2073 5116 2218 5171 (egre
2257 5099 2489 5156 ferimus
2517 5095 2890 5166 disciplinam,
2926 5091 3169 5155 Videtur,
3206 5091 3410 5146 dictum
3444 5078 3573 5145 est.

2144 5194 2337 5250 Postea
2368 5208 2486 5247 vero
2517 5190 2751 5261 fructum
2792 5196 3043 5257 pacatum
3089 5182 3390 5239 exercitatis
3420 5196 3511 5250 per
3536 5195 3653 5234 eam

2072 5286 2247 5340 reddit
2282 5283 2521 5346 iustitiae.
2557 5278 2698 5347 Quid
2731 5287 2837 5343 est,
2869 5285 3120 5345 pacatum
3144 5273 3170 5327 ?
3198 5272 3312 5326 Hoc
3348 5277 3456 5336 est,
3493 5268 3665 5323 turba

2072 5385 2385 5442 vacantem,
2432 5375 2644 5439 laevem,
2685 5384 2932 5426 suavem.
2956 5365 3061 5433 Qui
3096 5363 3243 5418 enim
3272 5359 3663 5427 contristatur,

2076 5467 2443 5525 conturbatur
2470 5483 2483 5520 :
2515 5464 2610 5536 qui
2643 5477 2776 5519 vero
2810 5461 3045 5526 laetatur,
3083 5456 3335 5511 ltevurem
3360 5452 3654 5524 quemdam

2080 5561 2268 5623 habet,
2301 5574 2365 5616 ac
2390 5556 2862 5627 tranquillitatem.
2886 5548 3051 5622 749
3081 5545 3319 5602 Fructus
3349 5553 3531 5600 autem
3561 5544 3655 5598 ille

2078 5651 2306 5722 iustitia!
2353 5657 2459 5716 εει,
2492 5662 2690 5719 nempe
2727 5644 2873 5717 quod
2908 5641 3073 5707 Deus,
3108 5652 3232 5697 cum
3262 5637 3333 5695 sit
3357 5636 3567 5709 justus,
3598 5634 3663 5691 in

1744 5768 1944 5833 Variis
1968 5767 2302 5835 lectiones.

452 5875 495 5907 ⁷³
528 5867 874 5944 μεταλαϐεῖν
896 5883 951 5921 o.
1024 5866 1069 5897 ⁷³
1093 5864 1237 5920 ἐστιν
1277 5882 1330 5922 ο.
