4044 6416
450 394 557 460 375

1363 408 1465 470 ΤΗ
1476 410 1907 472 EOPHYLACT
1911 412 1940 471 Ι
1980 412 2392 475 BULGAPJA‘}
2425 411 2784 472 ARCHIEP.

3614 398 3725 468 τις
3746 370 3749 371 ί

449 507 555 563 hoc
585 510 787 566 saeculo
817 513 1065 573 turbatos
1097 515 1211 574 illic
1235 518 1528 576 relocillat.
1554 520 1797 578 Observa
1825 532 2021 590 autem,

2140 524 2294 588 Θεὸς,
2329 524 2454 589 τοὺς
2485 525 2544 577 ὲν
2574 523 2653 595 τῷ
2696 523 2854 577 αἰῶνι
2899 521 3077 593 τούτῳ
3116 521 3460 594 λυπηθέντας
3499 519 3546 553 ⁷⁸
3600 520 3727 572 ἐκεῖ

445 598 595 668 quod
618 601 1068 662 exercitationem
1101 616 1259 665 vocet
1285 609 1654 681 disciplinam,
1681 615 1885 685 quippe
1912 631 2021 686 qua

2137 614 2430 670 ἀναπαύει.
2487 615 2631 686 Ὅρα
2660 614 2719 668 δὲ
2760 615 2843 669 ὅτι
2891 612 3204 685 γυμνασίαν
3255 613 3413 667 καλεῖ
3443 611 3543 683 τὴν
3592 627 3727 664 παι.

447 691 721 749 confortet
768 694 975 772 ﬁdeles,
1018 712 1082 755 ac
1124 702 1277 759 velut
1303 704 1571 774 quosdam
1604 706 1838 764 athletas
1860 716 1914 763 et
1940 723 2033 764 ro-

2133 706 2321 772 δείαν,
2372 706 2719 777 ρωννύουσαν
2761 707 2891 770 τοὺς
2938 707 3207 773 πιστοὺς,
3256 705 3353 759 καὶ
3409 701 3524 758 οἷόν
3563 718 3722 764 τινας

449 781 729 842 bustiores
766 786 950 846 iaciat.
998 792 1138 858 Quid
1177 795 1345 864 igitur
1377 811 1498 852 eam
1540 799 1871 855 aversamini
1912 815 2021 872 qua

2134 797 2393 871 ἀθλητὰς,
2434 799 2528 853 καὶ
2560 798 2957 868 εὐτονωτέρους
2992 798 3275 853 ποιοῦσαν.
3340 795 3411 851 Τί
3452 794 3547 849 οὖν
3581 797 3726 850 ἀπο-

447 877 664 933 animas
691 890 906 938 vestras
936 883 1266 941 conﬁrmat?

523 963 693 1024 Vens.
727 969 814 1025 12.
846 971 1140 1041 Propterea
1173 978 1425 1034 remissas
1456 996 1645 1037 manus
1676 999 1739 1037 ac
1768 984 2033 1039 dissoluta

455 1074 630 1131 genua
665 1062 874 1133 erigite.
914 1063 1094 1121 Veluti
1128 1068 1199 1124 ad
1228 1070 1443 1141 pugiles
1478 1074 1748 1144 quosdam
1777 1086 1830 1133 et
1852 1087 2032 1133 certa-

448 1158 602 1206 tores
639 1152 889 1210 disserit.
930 1156 1005 1212 Ex
1041 1156 1184 1215 Isaia
1221 1169 1405 1217 autem
1459 1164 1606 1221 hunc
1655 1167 1762 1222 sibi
1812 1167 2034 1223 desum-

442 1242 556 1310 psit
578 1244 782 1309 locum,
812 1247 1063 1306 indicans
1091 1266 1188 1320 per
1227 1255 1600 1326 metaphoram
1631 1258 2031 1330 pmcipuarum

443 1335 708 1405 partium,
750 1340 898 1410 quod
940 1343 1040 1398 toti
1073 1343 1186 1400 sint
1224 1346 1391 1401 soluti
1425 1349 1628 1405 animo.
1659 1349 1852 1407 Manus
1882 1353 2028 1407 enim

447 1430 812 1496 operationis,
838 1433 1008 1506 pedes
1034 1451 1164 1492 vero
1207 1440 1469 1497 motionis
1520 1451 1652 1498 sunt
1695 1444 2027 1516 symbolum.

443 1518 727 1579 Mmreutis
788 1526 994 1597 igitur,
1047 1528 1322 1601 imprimis
1379 1534 1598 1600 animat,
1638 1536 2025 1607 instrumenta,

445 1611 646 1670 deinde
668 1624 722 1670 ct
753 1619 1010 1691 corporis
1040 1635 1105 1677 es
1140 1626 1501 1696 consequenti
1536 1637 1668 1684 sunt
1703 1630 1956 1686 remissa.

517 1793 685 1868 sts.
718 1799 805 1853 15.
843 1798 914 1853 Et
933 1817 1145 1871 gressus
1187 1813 1357 1861 rectos
1382 1806 1542 1875 facite
1571 1809 1792 1877 pedibus
1821 1813 2025 1878 vestris,

2134 888 2366 958 φεύγετε
2394 887 2492 960 τὴν
2522 888 2877 961 ὲνισχύουσαν
2902 889 3001 953 τὰς
3028 888 3210 960 ψυχὰς
3233 890 3262 942 ὁ
3271 889 3388 960 μῶν
3411 903 3427 953 ;

2206 982 2302 1037 Διὸ
2335 982 2443 1049 τὰς
2487 982 2851 1051 παρειμένας
2884 981 3090 1051 χεῖρας
3129 982 3227 1035 καί
3259 982 3332 1037 τὰ
3379 981 3728 1061 παραλελυτ

2128 1073 2284 1144 μένα
2325 1073 2550 1143 γόνατα
2595 1072 2999 1141 ἀνορθώσατε.
3031 1072 3123 1136 Ὦς
3148 1072 3286 1143 πρὸς
3324 1070 3533 1134 πύκτας
3565 1068 3725 1132 τινας

2134 1165 2230 1219 καὶ
2259 1163 2573 1233 ἀγωνιστὰς
2602 1164 2933 1235 διαλέγεται.
2983 1164 3117 1220 Ἀπὸ
3150 1164 3253 1234 τῆς
3283 1165 3509 1235 Γραφῆς
3538 1156 3592 1216 δὲ
3622 1159 3724 1214 τοῦ

2147 1256 2375 1311 Ἦσαῖου
2408 1255 2569 1310 τοῦτο
2609 1256 2794 1323 ἔλαϐε,
2835 1256 3099 1311 δεικνύων
3129 1256 3238 1311 ἀπὸ
3268 1254 3582 1328 μεταφορᾶς
3607 1251 3724 1305 τῶν

2134 1348 2488 1420 κυριωτέρων
2543 1349 2752 1420 μερῶν,
2803 1346 2887 1405 ὅτι
2945 1349 3083 1403 ὅλοι
3116 1348 3445 1420 παρειμένοι
3489 1346 3599 1400 είσί
3649 1345 3723 1416 τῇ

2131 1440 2298 1512 ψυχῇ.
2327 1442 2394 1495 Αἰ
2425 1441 2526 1513 μὲν
2571 1444 2680 1513 γὰρ
2716 1445 2919 1513 χεῖρες,
2956 1441 3238 1512 ἐνεργείας
3267 1456 3284 1474 ο
3314 1441 3365 1494 οἰ
3417 1439 3475 1493 δὲ
3533 1438 3723 1506 πόδες,

2132 1534 2401 1604 κινήσεως
2451 1533 2740 1605 σύμϐολον.
2772 1532 2879 1587 Τοῦ
2927 1531 3021 1589 οὖν
3072 1532 3436 1605 ἀθυμοῦντος,
3496 1532 3591 1585 καί
3647 1530 3725 1583 τὰ

2129 1626 2338 1699 ψυχικά
2396 1627 2494 1698 μὲν
2539 1628 2750 1698 ὄργανα
2802 1617 3260 1701 προηγουμένως,
3307 1624 3503 1680 καὶτὰ
3534 1640 3724 1694 σωμα-

2129 1719 2258 1773 τικά
2295 1716 2607 1780 ἀκολούθως
2658 1721 2943 1790 παρεῖναι.

2202 1809 2309 1863 Καὶ
2347 1808 2590 1878 τροχιὰς
2614 1810 2793 1878 ὀρθὰς
2826 1810 3123 1879 ποιήσατε
3153 1808 3278 1876 τοῖς
3311 1806 3496 1862 ποσὶν
3527 1803 3720 1875 ὑμῶν,

446 1895 590 1943 utne
624 1892 764 1959 quod
814 1892 1066 1948 claudum
1113 1906 1194 1950 est
1243 1898 1471 1964 aberret,
1522 1903 1692 1972 magis
1732 1913 1906 1957 autem
1933 1921 2021 1959 sa-

2131 1902 2231 1955 ἵνα
2264 1901 2350 1970 μὴ
2383 1901 2451 1955 τὸ
2476 1901 2677 1969 χωλὸν
2699 1901 2991 1971 ἐκτραπῇ,
3022 1899 3158 1969 ἰαθῇ
3189 1898 3260 1953 δὲ
3292 1898 3554 1968 μᾶλλον.
3600 1894 3727 1946 Ἐν·-

443 1987 616 2033 netur.
672 1980 772 2039 llic
803 1983 969 2040 veluti
1011 1985 1076 2040 ad
1107 2002 1365 2045 cursores
1405 1992 1649 2057 disserit,
1692 1994 1919 2064 perinde
1961 2010 2025 2052 ac

445 2070 499 2122 in
553 2073 932 2141 superioribus
980 2076 1192 2132 dictum
1233 2087 1316 2135 est
1349 2099 1363 2135 :
1401 2082 1506 2136 Per
1534 2085 1851 2152 patientiam
1904 2103 2027 2140 cur-

444 2176 649 2217 ramus.
684 2163 772 2219 Ait
795 2181 948 2238 ergo,
976 2166 1198 2225 Gressus
1220 2181 1391 2227 rectos
1422 2173 1604 2242 facile.
1636 2176 1844 2247 Τροχιά
1872 2191 2020 2243 vero,

444 2259 530 2303 est
570 2252 654 2309 vel
708 2256 1002 2327 vestigium
1051 2272 1182 2316 rotae
1212 2277 1431 2329 currus,
1468 2265 1616 2336 quod
1642 2275 1803 2322 terrae
1838 2269 2025 2337 impri-

444 2332 636 2404 initur,
697 2345 782 2400 vel
835 2346 989 2404 locus
1036 2354 1376 2408 currentium
1428 2354 1661 2424 pedibus
1722 2355 2022 2427 subjectus.

443 2430 570 2485 Sint
612 2433 802 2504 igitur,
837 2436 1037 2507 inquit,
1085 2441 1300 2507 orbitae,
1349 2444 1431 2500 vel
1471 2446 1569 2501 via:
1605 2455 1800 2503 vestrae
1843 2448 2021 2516 laeves,

440 2521 621 2593 plana:
642 2533 695 2580 et
721 2530 981 2597 aequales,
1009 2531 1112 2588 hoc
1134 2544 1239 2600 est,
1262 2535 1400 2591 nihil
1433 2551 1711 2608 asperum,
1734 2539 1819 2595 vel
1846 2541 2022 2607 triste,

441 2631 527 2670 νει
556 2621 827 2690 inaequale
856 2622 928 2678 sit
950 2624 1004 2678 in
1040 2626 1332 2684 animabus
1358 2630 1591 2686 vestris:
1619 2647 1807 2688 verum
1841 2649 2025 2705 :equa~

440 2706 569 2763 liter
597 2720 651 2766 et
684 2711 848 2782 plane
895 2727 949 2771 et
986 2717 1125 2774 citra
1184 2736 1479 2777 mmrorem
1527 2725 1753 2790 currite,
1803 2735 1863 2781 ut
1914 2741 2023 2782 non

438 2798 836 2870 claudicantes,
871 2804 973 2863 hoc
1000 2817 1105 2877 est,
1143 2820 1340 2867 natura
1372 2815 1770 2884 pusillanimes,
1804 2816 2024 2874 Judteo-

442 2906 565 2946 rum
596 2893 651 2949 in
688 2911 897 2953 morem
929 2918 942 2954 :
973 2902 1139 2972 hujus
1165 2927 1174 2956 ι
1200 2906 1287 2959 odi
1325 2908 1471 2961 enim
1496 2923 1630 2979 gens
1664 2918 1747 2965 est
1768 2909 2021 2980 Hebraea,

438 2983 528 3038 vel
578 2985 744 3040 etiam
805 2990 1181 3053 claudicantes
1247 2998 1396 3053 circa
1467 2998 1626 3056 {idem
1689 3002 2021 3072 futurorum,

439 3071 624 3132 adhuc
645 3076 959 3149 ollendatis,
990 3085 1356 3159 aberrentque
1389 3092 1555 3160 pedes
1576 3095 1767 3160 vestri,
1791 3094 1895 3150 hoc
1915 3071 2020 3162 est.

442 3168 681 3228 omnino
702 3177 947 3243 perversi
984 3177 1135 3233 ﬁant.
1173 3180 1274 3247 Qui
1317 3183 1463 3237 enim
1501 3186 1760 3250 naturali,
1804 3201 1870 3243 ac
1901 3204 2023 3259 qua:

439 3260 716 3335 principio
746 3266 794 3321 ei
822 3268 1046 3337 accidit,
1077 3273 1532 3341 pusillanitnitate
1564 3277 1883 3347 impellitur,
1913 3295 2023 3335 non

438 3353 707 3412 cohibens
738 3358 1006 3430 seipsum,
1052 3362 1148 3419 sed
1194 3364 1401 3421 dedens
1431 3367 1635 3437 potius,
1663 3368 1799 3423 clam
1840 3370 1894 3424 in
1928 3369 2016 3425 de-

440 3446 774 3515 sperationis
807 3451 1172 3523 praecipitium
1227 3456 1455 3511 omnino
1511 3458 1725 3526 incidit,
1783 3462 1920 3518 adeo
1965 3472 2025 3518 ut

434 3534 571 3592 inde
591 3538 679 3593 vix
706 3542 954 3597 revocari
978 3546 1173 3614 possit.
1205 3545 1337 3601 Date
1362 3557 1544 3605 autem
1571 3553 1752 3620 potius
1775 3566 2019 3623 Operam,

438 3633 504 3682 ut
532 3629 676 3698 quod
718 3630 775 3686 in
826 3633 985 3690 vobis
1016 3636 1273 3693 claudum
1308 3650 1412 3707 est,
1443 3650 1670 3697 curetur
1701 3660 1717 3698 :
1755 3644 1859 3700 hoc
1914 3655 2020 3714 est,

438 3719 658 3778 etiamsi
692 3723 962 3782 hactenus
993 3727 1407 3787 incredulitatis
1440 3735 1691 3791 nonnihil
1726 3735 2019 3803 habuistis,

439 3814 702 3885 corrigite
758 3819 942 3887 potius
978 3836 993 3873 :
1046 3821 1267 3878 ubinam
1306 3825 1452 3881 enim
1487 3834 1637 3883 esset
1673 3827 1727 3882 in
1779 3829 2023 3898 patiente

436 3907 797 3966 incredulitas
825 3910 848 3965 ?
875 3910 1267 3978 Animadverte
1298 3927 1482 3974 autem
1527 3921 1803 3989 quomodo
1844 3923 2022 3977 mani-

437 3993 579 4051 feste
636 3998 861 4056 inducat
913 4004 1326 4074 penitentiam,
1385 4017 1552 4082 atque
1606 4013 1752 4069 istud
1787 4014 2021 4070 observa

433 4098 662 4157 propter
710 4089 1069 4153 Novatianos.

507 4177 677 4234 Vens.
704 4181 795 4235 14.
821 4182 1016 4241 Pacem
1031 4191 1410 4260 persequimini
1425 4208 1543 4247 cum
1565 4196 1830 4253 omnibus.
1862 4197 2019 4264 Quod

434 4281 608 4339 supra
653 4269 793 4327 dixit
824 4290 841 4329 :
880 4273 1008 4331 Non
1037 4278 1334 4336 deserentes
1361 4281 1698 4340 collationem
1757 4296 2017 4355 nostram,

433 4358 492 4414 id
555 4375 706 4419 nunc
757 4363 924 4421 etiam
957 4368 1090 4440 agit,
1135 4370 1203 4426 ad
1234 4371 1582 4428 dilectionem
1637 4391 2017 4448 congregans:

433 4465 541 4507 nec
578 4454 755 4510 solum
786 4471 919 4528 erga
950 4461 1160 4519 amicos
1186 4477 1250 4519 ac
1280 4464 1601 4532 familiares,
1636 4482 1821 4523 verum
1851 4472 2016 4525 etiam

2126 1992 2304 2047 ταῦθα
2329 1992 2403 2055 ὡς
2432 1992 2569 2063 πρὸς
2596 1992 2823 2062 δρομεῖς
2864 1992 3198 2061 διαλέγεται,
3239 1988 3425 2051 καθὼς
3452 1988 3548 2040 καί⁵
3576 1987 3725 2038 ἀνιω-

2126 2082 2271 2153 τέρω
2311 2081 2504 2153 εἴρηκε
2530 2096 2545 2111 ⁶
2596 2083 2675 2134 Δι’
2701 2081 3018 2151 ὑπομονῆς
3053 2080 3373 2150 τρέχωμεν.
3410 2077 3576 2147 Φησὶν
3601 2072 3721 2138 οὖν,

2126 2174 2426 2242 Ποιήσατε
2478 2173 2720 2244 τροχιὰς
2756 2173 2957 2244 ὀρθάς.
3003 2173 3211 2245 Τροχιὰ
3257 2171 3314 2227 δέ
3369 2171 3517 2223 ἐστιν
3568 2167 3603 2238 ἢ
3659 2167 3727 2219 τὸ

2129 2266 2274 2338 ἴχνος
2310 2266 2404 2321 τοῦ
2431 2265 2738 2339 ἁρματείου
2768 2264 2988 2338 τροχοῦ,
3018 2264 3047 2319 ὃ
3075 2266 3219 2319 κατά
3247 2264 3349 2333 τῆς
3377 2265 3480 2333 γῆς
3511 2260 3725 2331 χαράτ-

2127 2376 2302 2425 τεται,
2352 2358 2452 2429 ἦὴ
2505 2358 2848 2429 ὑποκειμένη
2898 2359 3053 2429 χώρα
3101 2359 3213 2420 τοῖς
3247 2355 3355 2409 τῶν
3411 2352 3722 2424 τρεχόντων

2127 2450 2306 2505 ποσίν.
2346 2434 2643 2503 ’Ἔστωσαν
2704 2446 2832 2514 οὖν,
2886 2450 3085 2521 φησιν,
3149 2449 3207 2503 αι
3260 2447 3480 2518 τροχιαὶ
3533 2443 3717 2515 ὑμῶν,

2126 2545 2294 2616 ἤγουν
2342 2543 2399 2596 αἱ
2444 2542 2555 2596 ὁδοὶ
2604 2541 2757 2612 ὑμῶν
2815 2542 2954 2595 λεῖαι
3015 2541 3111 2596 καὶ
3162 2540 3389 2610 ὀμαλαὶ,
3444 2538 3717 2601 τουτέστι,

2129 2637 2299 2709 μηδὲν
2343 2637 2517 2709 τραχὺ
2570 2638 2667 2690 καὶ
2717 2636 2963 2708 λυπηρὸν
3014 2635 3108 2689 καὶ
3146 2632 3434 2705 ἀνώμαλον
3480 2631 3539 2683 ὲν
3591 2630 3720 2692 ταῖς

2127 2728 2426 2800 ὑμετέραις
2472 2727 2675 2798 ψυχαῖς
2722 2728 2859 2799 ἤτω,
2914 2726 3032 2781 ἀλλ’
3085 2726 3304 2798 ὁμαλῶς
3351 2726 3448 2778 καὶ
3493 2720 3719 2783 ἀλύπως

2126 2819 2223 2874 καὶ
2268 2818 2430 2882 λείως
2478 2816 2729 2890 τρέχετε,
2771 2817 2860 2871 ῖνα
2901 2819 2976 2888 μὴ
3022 2816 3190 2888 χωλοὶ
3220 2816 3373 2878 ὄντες
3400 2856 3416 2881 ,
3464 2812 3718 2866 τουτέστι

2126 2909 2290 2979 φύσει
2335 2907 2805 2980 μικροψυχότερον
2834 2908 3212 2978 διακείμενοι,
3269 2904 3365 2960 ἃτε
3422 2901 3667 2957 Ἰουδαῖοι
3695 2914 3715 2932 ⁸

2123 3001 2366 3055 τοιοῦτον
2416 3001 2528 3072 γὰρ
2578 3000 2641 3055 τὸ
2670 2999 2824 3065 ἔθνος
2856 3015 2872 3032 ⁸
2904 3001 2939 3072 ἢ
2969 3003 3064 3054 καὶ
3094 2999 3427 3071 χωλεύοντες
3475 2995 3604 3066 περὶ
3652 2994 3717 3047 τὸ

2125 3095 2403 3147 πιστεύειν
2455 3092 2569 3157 τοῖς
2628 3093 2938 3163 μέλλουσιν,
2983 3093 3064 3146 ἔτι
3099 3091 3486 3165 προσπλαγῆτε
3515 3088 3585 3155 ⁷⁸,
3614 3086 3717 3151 καξι

2126 3185 2477 3259 ἐκτραπῶσιν
2528 3187 2579 3239 οι
2636 3185 2797 3249 πόδες
2876 3185 3031 3254 ὑμῶν
3057 3224 3072 3250 ,
3118 3185 3367 3239 τουτέστι
3433 3178 3718 3241 παντελῶς

2128 3278 2378 3352 στρεϐλοὶ
2417 3278 2707 3347 γένωνται.
2748 3277 2807 3332 '0
2830 3277 2942 3348 γὰρ
2968 3279 3036 3350 τῇ
3072 3279 3300 3348 φυσικῇ,
3343 3275 3375 3346 ἢ
3419 3277 3483 3345 τῇ
3517 3273 3575 3341 ἐξ
3608 3274 3717 3344 ἀρ-

2125 3374 2227 3444 χῆς
2270 3371 2660 3444 προσπεσούσῃ
2718 3371 3059 3444 μικροψυχίᾳ
3112 3369 3575 3439 συνεπαγόμενος,
3617 3366 3719 3419 καὶ

2128 3463 2205 3536 μὴ
2247 3464 2459 3535 ἀνέχων
2494 3463 2709 3531 ἑαυτὸν,
2748 3462 2866 3532 ἀλλ’
2908 3463 3165 3528 ἐνδιδοὺς,
3202 3461 3456 3516 λανθάνει
3503 3458 3716 3512 παντάο

2125 3572 2292 3611 πασιν
2349 3555 2633 3611 ἐκπίπτων
2680 3557 2763 3621 είς
2829 3555 2922 3611 τὸν
3003 3554 3106 3626 τῆς
3159 3552 3526 3624 ἀπογνώσεως
3578 3568 3719 3623 κρη-

2127 3648 2258 3721 μνδν
2283 3650 2445 3704 "uel.
2489 3648 2879 3713 δυσανάκλιτος
2922 3648 3132 3703 ἐκεῖθεν
3164 3647 3262 3703 ὢν.
3307 3647 3470 3703 Ἀλλὰ
3512 3645 3717 3717 μᾶλλον

2125 3741 2487 3807 σπουδάσατε,
2531 3741 2620 3795 ῐνα
2646 3741 2767 3812 ἰαθῇ
2801 3740 2864 3795 τὺ
2899 3742 2958 3794 ὲν
2989 3739 3119 3811 ὑμῖν
3171 3738 3431 3810 χωλεῦον,
3465 3737 3718 3791 τουτέστι

2125 3837 2225 3892 κάν
2263 3854 2385 3891 τινα
2424 3835 2687 3890 ἀπιστίαν
2723 3831 2885 3905 ἔχητε
2927 3831 3091 3904 μέχρι
3118 3830 3211 3887 τοῦ
3234 3829 3352 3897 νῦν,
3382 3827 3716 3900 διορθώθητε

2126 3928 2351 4000 μᾶλλον.
2397 3925 2513 3983 Ποῦ
2556 3926 2667 3998 γὰρ
2695 3926 2752 3979 ὲν
2777 3924 2855 3997 τῷ
2886 3923 3218 3995 ὑπομένοντι
3253 3922 3483 3977 ἀπιστία
3513 3939 3528 3988 ;
3569 3921 3717 3991 Ἥρα

2122 4023 2180 4077 δὲ
2205 4021 2323 4086 πῶς
2349 4019 2564 4089 εἰσάγει
2589 4017 2841 4090 φανερῶς
2869 4017 2972 4089 τὴν
3000 4014 3311 4087 μετάνοιαν,
3343 4015 3441 4068 καὶ
3473 4012 3717 4084 σημείω-

2125 4128 2215 4167 σαι
2244 4111 2403 4165 τοῦτο
2421 4109 2511 4165 διὰ
2530 4109 2657 4172 τοὺς
2675 4106 3075 4170 Ναυατιανούς.

2190 4202 2456 4273 Εἰρήνην
2483 4201 2725 4255 διώκετε
2745 4197 2898 4270 μετὰ
2925 4198 3189 4254 πάντων.
3241 4197 3381 4250 Ὀπε
3391 4212 3422 4265 ρ
3450 4194 3713 4264 ἀνωτέρω

2122 4291 2241 4349 εἶπε
2269 4312 2284 4327 ·
2345 4293 2441 4362 Μὴ
2496 4293 3037 4361 ἐγκαταλείποντες
3088 4289 3206 4359 τὴν
3244 4285 3713 4357 ἐπισυναγωγὴν

2125 4385 2374 4454 ἑαυτῶν,
2402 4384 2561 4440 τοῦτο
2587 4384 2685 4438 καλ⁵
2721 4383 2817 4438 νῦν
2852 4385 3017 4451 ποιεῖ,
3069 4385 3149 4446 εἰς
3178 4382 3402 4451 ἀγάπην
3434 4381 3708 4448 συνάγων.

2124 4480 2236 4535 Καὶ
2279 4479 2339 4533 οὐ
2390 4478 2552 4549 μόνον
2593 4478 2733 4550 πρὸς
2771 4477 2901 4540 τοὺς
2943 4473 3202 4539 οἰκείους,
3233 4471 3375 4528 ἀλλά
3420 4471 3518 4525 καὶ
3572 4469 3717 4541 πρὸς

435 4557 565 4614 erga
613 4545 803 4604 hostes
850 4565 1041 4620 pacem
1109 4552 1318 4612 habere
1364 4571 1429 4612 ac
1485 4559 1688 4614 sectari
1735 4560 2014 4617 admonet.

2131 4570 2249 4634 τοὺς
2295 4545 2526 4642 ἐχθροὺς
2572 4545 2877 4640 εἰρηνεύειν
2931 4568 3207 4638 παραινεῖ.
3260 4562 3423 4620 Μετὰ
3465 4560 3718 4618 πάντων

431 4634 569 4690 Cum
610 4639 855 4696 omnibus
905 4644 1075 4710 enim,
1114 4646 1313 4718 inquit,
1344 4658 1400 4704 et
1430 4649 1654 4718 Graecis,
1687 4659 1741 4707 et
1790 4651 2017 4723 Jutiaeis,

431 4736 489 4782 et
536 4728 809 4787 hostibus.
863 4733 1136 4801 Quantum
1163 4739 1333 4808 enim,
1367 4741 1569 4813 inquit,
1626 4745 1682 4798 in
1722 4745 1867 4802 vobis
1914 4758 2013 4815 est,

431 4835 551 4873 cum
583 4823 822 4878 omnibus
849 4825 1146 4884 hominibus
1173 4848 1359 4900 pacem
1406 4833 1590 4890 habete
1617 4835 1684 4892 θ’.
1720 4836 1778 4893 Si
1820 4840 2016 4909 hujus-

429 4912 581 4968 modi
605 4916 947 4986 propositum
973 4919 1298 4990 habueritis,
1326 4940 1437 4981 non
1463 4928 1617 4983 eritis
1641 4930 2014 5000 pusillanimes

430 5003 489 5059 in
540 5002 854 5065 aillictione.
911 5007 1123 5077 Reputa
1181 5015 1347 5070 etiam
1408 5019 1555 5088 quod
1603 5020 1768 5092 750
1824 5023 2013 5078 dixit:

430 5094 839 5169 Persequimini,
869 5100 969 5158 hoc
1003 5114 1106 5171 est,
1131 5121 1341 5176 pacem,
1359 5111 1522 5166 etiam
1548 5127 1671 5183 qua
1692 5114 1881 5182 procul
1907 5124 2012 5183 est,

430 5188 652 5245 studete
683 5193 1171 5266 comprehendere,
1222 5214 1344 5257 eam
1403 5203 1472 5259 ad
1509 5219 1604 5260 vos
1646 5204 1799 5276 ipsos
1838 5215 2012 5261 attra-

429 5278 646 5339 hcntes.

505 5373 572 5427 Et
604 5380 1038 5436 sanctimoniam.
1058 5382 1178 5438 Hoc
1204 5391 1311 5449 est,
1342 5384 1635 5455 puritatem
1665 5404 1680 5443 :
1714 5387 1760 5442 si
1787 5388 2005 5459 quidem

428 5461 693 5535 innuptus
755 5469 1025 5541 quispiam
1088 5485 1192 5543 est,
1260 5478 1670 5548 virginitatem;
1722 5483 1766 5536 si
1822 5491 2003 5537 autem

497 5645 541 5675 θ’
573 5643 733 5703 Rom.
768 5665 866 5718 xu,
899 5653 952 5709 8.

2119 4662 2249 4731 γὰρ,
2305 4663 2460 4733 φησὶ,
2506 4662 2602 4715 καὶ
2652 4660 2945 4731 Ἐλλήνων,
2978 4660 3073 4713 καὶ
3119 4657 3413 4722 Ἰουδαίων,
3456 4655 3554 4709 καὶ
3599 4654 3716 4707 τῶν

2119 4752 2350 4823 ἐχθρῶν.
2376 4751 2569 4806 ’Ὅσον
2605 4749 2737 4822 γὰρ,
2779 4751 2935 4821 φησί,
2968 4749 3060 4819 ἐφ’
3099 4747 3262 4819 ὑμῖν,
3287 4746 3436 4815 μετὰ
3465 4743 3716 4798 πάντων

2117 4841 2443 4911 ἀνθρώπων
2476 4843 2835 4912 εἰρηνεύετε.
2882 4840 3009 4895 Ἐὰν
3038 4840 3094 4894 δὲ
3143 4838 3401 4908 τοιαύτην
3444 4834 3713 4907 πρόθεσιν

2117 4934 2302 5007 ἔχητε,
2349 4934 2502 4989 οὐδὲν
2562 4932 3010 5006 μικροψυχήσετε
3047 4929 3505 5001 ἐπηρεαζόμενοι.
3563 4925 3714 4993 Ὅρα

2119 5027 2176 5081 δὲ
2205 5028 2296 5081 καὶ
2331 5026 2411 5093 τὸ,
2442 5025 2709 5093 dirimere,
2734 5025 2982 5080 τουτέστι
3016 5025 3111 5079 καὶ
3149 5022 3339 5095 πόρρω
3389 5018 3557 5073 οὖσαν
3604 5016 3712 5087 τὴν

2120 5118 2348 5191 εἰρήνην
2374 5116 2709 5183 σπουδάζετε
2732 5115 3085 5183 καταλαϐεῖν,
3117 5113 3255 5187 πρὸς
3275 5110 3505 5176 ἑαυτοὺς
3538 5107 3705 5180 ἐφέλ-

2118 5226 2328 5275 κοντες.

2187 5396 2293 5450 Καὶ
2343 5398 2449 5449 τὸν
2484 5396 2806 5465 ἁγιασμόν.
2847 5392 3131 5457 Τουτέστι,
3167 5390 3267 5463 τὴν
3302 5388 3658 5460 καθαρότητα
3682 5405 3699 5421 ·

2116 5486 2165 5538 εἰ
2204 5485 2303 5557 μὲν
2332 5484 2548 5556 ἄγαμός
2579 5484 2695 5537 ἐστί
2737 5500 2842 5550 τις,
2891 5482 3179 5554 φυλάττων
3213 5481 3314 5554 τὴν
3353 5478 3654 5551 παρθενίαν
3677 5493 3697 5511 ·

1767 5751 1966 5813 Variae
2007 5752 2337 5816 lectiones.

494 5839 542 5871 "
569 5840 890 5910 ἀνιαθέντας
923 5849 1040 5903 ἐκεῖ
1065 5849 1363 5906 ἀναπαύων
1395 5866 1447 5907 0.
1526 5853 1567 5885 ⁷⁸
1609 5853 1997 5927 προσπληγῆτε
2035 5870 2106 5909 ιιι.
2185 5856 2230 5887 ⁷⁸
2270 5854 2431 5926 βυθὸν
2460 5874 2513 5913 o.
