4044 6422
375 425 444 488 7⁵1
609 475 617 480 .
1067 431 1472 493 EXPOSITIO
1507 433 1589 494 ΙΝ
1613 431 1850 493 EPIST.
1886 434 1983 492 AD
2015 434 2409 498 HEBRAEOS.
2438 461 2506 471 —
2541 437 2700 496 CAP.
2726 437 2868 496 XII.

3513 437 3618 500 378

340 541 392 593 ei
420 539 475 593 δὲ
506 540 565 593 ὲν
591 540 778 612 γάμῳ,
821 541 924 613 τὴν
962 543 1320 616 σωφροσύνην
1346 563 1361 577 ·
1399 545 1499 615 οὐχ
1538 546 1618 598 ὅτι
1661 544 1932 614 ἁγιασμὸς

2041 547 2388 602 matrimonio
2439 547 2664 618 junctus
2702 557 2808 611 est,
2838 546 3191 602 sobrietatem
3253 546 3566 600 custodiens
3599 558 3614 596 :

339 636 492 686 ἐστιν
522 634 551 685 ὁ
590 633 795 701 γάμος,
839 633 954 686 ἀλλ’
1000 635 1082 689 ὃτι
1127 638 1290 707 τηρεῖ
1335 637 1428 688 τὸν
1468 636 1576 690 ἀπὸ
1607 635 1699 689 τοῦ
1737 636 1934 706 βαπτι-

340 742 555 796 σματος
596 726 878 796 ἁγιασμδν
929 727 1306 796 ἀναπόϐλητον
1343 727 1430 780 διὰ
1460 727 1560 796 τῆς
1589 729 1715 796 νομῖ
1724 744 1822 796 μου
1852 725 1938 794 μί-

337 818 503 882 ξεως.
536 817 732 888 Τίμιος
781 819 883 888 μὲν
909 817 1020 888 γὰρ
1064 819 1091 872 ὁ
1134 817 1334 886 γάμος,
1377 818 1476 888 οὐχ
1505 818 1658 886 ἅγιος
1689 817 1766 880 δὲ,
1800 815 1936 870 ἀλλὰ

333 908 436 962 τοῦ
470 907 755 979 ἁγιασμοῦ
790 908 991 978 φύλαξ.

407 1094 492 1155 οὗ
531 1098 716 1166 χωρὶς
755 1096 956 1163 οὐδεὶς
992 1096 1203 1165 ὄψεται
1236 1095 1344 1149 τὸν
1383 1095 1624 1163 Κύριον.
1657 1092 1794 1147 Οῦτε
1827 1093 1934 1163 γὰρ

337 1195 556 1262 πόρνοι,
599 1191 726 1243 οὔτε
775 1191 974 1260 μοιχοὶ,
1007 1188 1132 1242 οὔτε
1166 1187 1426 1259 μαλακοὶ,
1464 1186 1588 1241 οὔτε
1625 1187 1937 1257 ἀρσενοκοῖ-

344 1301 451 1342 ται,
490 1281 777 1351 βασιλείαν
804 1281 942 1334 Θεοῦ
987 1280 1486 1349 κληρονομήσουσι.
1524 1277 1634 1331 Καὶ
1672 1278 1700 1329 ὀ
1733 1277 1936 1348 Κύριος

344 1374 399 1427 δὲ
425 1376 480 1426 ἐν
505 1372 587 1442 τῷ
612 1371 934 1441 [εὐαγγελίῳ
959 1387 973 1402 ·
1005 1371 1294 1438 Μακάριοι
1329 1371 1384 1423 οἱ
1413 1368 1657 1437 καθαροὶ
1689 1366 1763 1436 τῇ
1791 1384 1934 1435 acap-

337 1464 460 1530 διᾳ,
493 1462 588 1516 ὅτι
618 1464 788 1516 αὐτοὶ
829 1461 1083 1529 ὄψονται
1106 1458 1214 1512 τὸν
1243 1459 1410 1513 Θεόν.

422 1554 944 1620 Ἐπισκοποῦντες
969 1554 1049 1623 μή
1080 1571 1169 1618 τις
1195 1550 1465 1620 ὑστερῶν
1487 1550 1604 1606 ἀπὸ
1635 1549 1742 1618 τῆς
1767 1548 1932 1618 χάριο

336 1665 441 1714 τος
481 1646 595 1701 τοῦ
637 1647 810 1702 Θεοῦ.
848 1647 1114 1716 Καθάπερ
1142 1645 1263 1698 ὁδόν
1292 1662 1414 1698 τινα
1463 1645 1681 1714 μακρὰν
1722 1643 1933 1696 ὁδευόν-

332 1757 446 1792 των
476 1740 665 1793 αὐτῶν
680 1740 738 1792 ἑν
764 1739 979 1809 συνοδίᾳ
1001 1738 1196 1808 πολλῇ,
1225 1739 1359 1806 φησι
1384 1753 1398 1767 ·
1421 1735 1684 1790 Βλέπετε
1719 1736 1802 1803 μή
1845 1753 1932 1800 τις

336 1830 686 1899 ἀπέμεινεν.
734 1830 806 1883 Οὒ
855 1829 966 1899 γὰρ
1013 1828 1172 1881 τοῦτο
1206 1827 1354 1897 ζητῶ
1395 1828 1573 1896 μόνον,
1639 1825 1725 1878 ἵνα
1772 1827 1931 1892 ὑμεῖς

336 1920 754 1994 παραγένησθε,
791 1919 905 1973 ἀλλ’
939 1919 1028 1972 ἵνα
1057 1919 1153 1972 καὶ
1182 1919 1310 1981 τοὺς
1337 1917 1532 1979 ἄλλους
1567 1916 1926 1986 ὲπισκοπῆτε,
1967 1896 2007 1950 Β

334 2017 586 2069 τουτέστι
625 2011 1034 2079 ὲπισκέπτησθε
1069 2050 1085 2074 ,
1122 2008 1606 2078 καταλαμϐάνητε,
1649 2022 1928 2075 καταμαν-

335 2107 562 2176 θάνητε,
600 2107 740 2174 ὅπερ
789 2104 937 2157 ἐστὶν
981 2103 1071 2156 ἐπὶ
1101 2101 1210 2155 τῶν
1255 2101 1498 2154 ἀσθενῶν
1531 2115 1545 2130 °
1577 2099 1678 2153 κᾶν
1723 2094 1865 2169 εῖςῇ
1902 2099 1930 2152 ὁ

334 2197 610 2269 ὑστερῶν,
640 2196 775 2266 μηδὲ
804 2194 998 2249 τούτου
1031 2193 1478 2263 καταμελήσητε.
1509 2192 1684 2261 Χάριν
1713 2189 1770 2242 δὲ
1793 2187 1927 2241 Θεοῦ

334 2287 435 2356 τὴν
494 2285 682 2338 πίστιν
721 2285 880 2352 φησὶ,
923 2285 1016 2336 καὶ
1051 2283 1150 2354 τὴν
1185 2283 1418 2353 ἀρίστην
1473 2281 1772 2344 πολιτείαν,
1835 2278 1932 2330 καὶ

334 2380 404 2433 τὰ
442 2379 710 2451 μέλλοντα
735 2377 936 2445 ἀγαθά.
965 2376 1151 2430 Πάντα
1172 2375 1282 2444 γὰρ
1313 2374 1505 2441 ταῦτα,
1542 2373 1640 2443 τῆς
1672 2371 1766 2424 τοῦ
1791 2369 1927 2422 Θεοῦ

333 2474 454 2524 ἐστι
490 2471 736 2540 χάριτος.

399 2552 506 2632 Μή
527 2582 617 2629 τις
637 2560 768 2630 ῥίζα
791 2561 1036 2629 πικρίας
1070 2557 1192 2610 ἅνω
1217 2558 1460 2626 φύουσα
1483 2553 1732 2623 ἐνοχλῇ.
1760 2553 1932 2608 Τοῦτο

332 2660 394 2711 ἐν
424 2657 506 2726 τῷ
541 2653 954 2724 Δευτερονομίῳ
1003 2654 1203 2705 κεῖται.
1267 2648 1469 2704 Ἔλασε
1519 2648 1575 2701 δὲ
1637 2647 1770 2701 αὐτὸ
1819 2648 1929 2701 ἀπὸ

333 2749 660 2819 μεταφορᾶς
712 2747 822 2800 τῶν
883 2744 1089 2816 φυτῶν.
1153 2744 1219 2797 Ὃ
1273 2742 1332 2795 δὲ
1384 2739 1620 2811 ἀλλαχοῦ
1677 2741 1925 2811 γράφει,

328 2841 531 2910 Μικρὰ
573 2838 720 2910 ζύμη
779 2839 928 2892 ὅλον
985 2837 1055 2891 τὸ
1102 2836 1343 2905 φύραμα
1386 2833 1572 2902 ζυμοῖ,
1626 2833 1786 2886 τοῦτο
1835 2833 1930 2885 καὶ

331 2934 575 2990 ἐνταῦθά
609 2950 765 3004 φησι,
799 2933 889 3002 Μή
922 2947 1006 2994 τις
1046 2929 1286 2998 πονηρὸς
1328 2929 1409 2990 εις
1437 2926 1617 2995 λύμην
1662 2924 1928 2979 πλειόνων

329 3022 474 3081 εἶναι
516 3022 910 3096 συγχωρεισθω
942 3039 955 3052 ’
1013 3021 1248 3074 ἑκκοπτε
1289 3018 1388 3087 τὴν
1435 3017 1536 3084 τῆς
1578 3017 1805 3086 πικρίας
1841 3016 1925 3086 ῥί-

328 3121 455 3186 ζαν,
477 3117 749 3180 τουτέστι,
771 3115 869 3185 τῆς
896 3115 1188 3186 ἁμαρτιας,
1209 3112 1296 3165 ἵνα
1323 3112 1397 3182 μὴ
1426 3110 1686 3180 βλαστοὺς
1704 3109 1924 3181 ἐνέγκῃ,

325 3213 580 3268 τουτέστι
624 3210 701 3281 μὴ
745 3208 938 3270 ἄλλους
967 3205 1245 3268 τοιούτους
1266 3203 1490 3273 ποιήσῃ.
1516 3202 1640 3255 Ὀτι
1664 3200 1720 3254 δὲ
1750 3199 1922 3271 πικρὰ

325 3307 362 3374 ἡ
420 3302 696 3373 ἁμαρτία,
763 3299 966 3368 μᾶλλον
1005 3297 1061 3351 δὲ
1110 3297 1264 3350 οὐδὲν
1339 3294 1665 3365 πικρότερον
1731 3291 1922 3360 αὐτῆς,

329 3398 517 3450 ἴσασιν
543 3396 593 3447 οἱ
625 3392 765 3464 μετὰ
806 3391 868 3446 τὸ
905 3390 1109 3459 πρᾶξαι
1163 3386 1270 3442 ὑπὸ
1297 3383 1392 3439 τοῦ
1434 3383 1738 3446 συνειδότος
1766 3381 1928 3452 τηκό-

328 3507 514 3561 μενοι.
558 3488 707 3556 Ὅρα
756 3485 837 3546 δὲ,
890 3485 993 3537 οὐκ
1041 3478 1195 3535 εἶπεν
1243 3481 1326 3547 ἇτι
1389 3478 1566 3548 πικρὰ
1611 3477 1757 3548 ῥίζα,
1792 3475 1928 3529 ἀλλὰ

328 3583 561 3650 πικρῐας
599 3578 726 3649 ῥίζα
754 3593 769 3606 °
807 3576 907 3648 τὴν
947 3573 1176 3646 μὲνγὰρ
1204 3571 1407 3642 πικρὰν
1441 3570 1598 3641 ῥίζαν
1637 3569 1753 3622 ἔστι
1788 3585 1927 3638 καρ-

329 3673 469 3735 ποῦς
492 3672 719 3739 γλυκεῖς
740 3669 786 3700 ⁷⁷
815 3665 1208 3736 προσενεγκεῖν
1235 3677 1250 3693 ·
1276 3662 1377 3732 τὴν
1400 3661 1455 3714 δὲ
1487 3660 1712 3730 πικρίας
1747 3658 1924 3728 ῥίζαν,

331 3764 580 3817 τουτέστι
637 3761 739 3830 τὴν
803 3757 990 3830 πηγὴν
1039 3758 1136 3810 καὶ
1189 3753 1468 3819 ὑπόθεσιν,
1519 3753 1618 3804 οὐκ
1675 3751 1758 3804 ἔνι
1793 3749 1924 3803 ποτὲ

336 3854 543 3922 γλυκὺν
583 3853 831 3921 ἐνεγκεῖν
874 3846 1110 3920 καρπόν.

419 4037 529 4092 Kal
556 4036 645 4090 διὰ
670 4037 896 4104 ταύτης
914 4031 1213 4104 μιαν-ϐῶσι
1234 4032 1475 4086 πολλοί.
1504 4030 1642 4092 Τοὺς
1665 4029 1770 4100 γὰρ
1801 4028 1928 4082 ἀσε-

337 4132 461 4195 ϐεῖς
491 4131 748 4202 ὁρῶντες,
789 4131 870 4193 εἰς
913 4128 1074 4198 ζῆλον
1118 4125 1300 4180 αὐτῶν
1354 4124 1607 4196 ἔρχονται
1655 4124 1705 4176 οἱ
1760 4122 1927 4194 ῥᾴθυ-

331 4242 426 4292 μοι
466 4225 534 4288 ",
568 4225 666 4276 na‘.
698 4223 1008 4292 μιαίνονται
1054 4219 1151 4283 τὰς
1189 4217 1390 4289 ψυχὰς.
1435 4215 1925 4271 Ἐκκοπτέσθωσαν

327 4314 425 4369 οὖν
463 4315 800 4370 αἱτοιαῦται
833 4314 1006 4384 ῥίζαι.

401 4407 502 4477 Μή
539 4425 631 4474 τις
663 4407 910 4474 πόρνος,
949 4405 988 4473 ἣ
1015 4403 1303 4471 βέϐηλος,
1326 4402 1409 4466 ὡς
1450 4401 1664 4464 Ἠσαῦ,
1693 4399 1762 4465 ὃς
1790 4397 1926 4454 ἀντὶ

319 4501 619 4567 ,βρώσεως
665 4497 809 4570 μιᾶς
867 4497 1128 4552 ἀπέδοτο
1173 4495 1246 4550 τὰ
1285 4495 1656 4565 πρωτοτόκια
1712 4494 1921 4549 αὑτοῦ.

2039 656 2148 693 non
2181 639 2324 709 quod
2352 641 2557 709 nuptiae
2593 641 2702 694 sint
2758 637 3147 700 sanctiﬁcatio,
3197 638 3291 692 sed
3333 639 3460 708 quia
3492 653 3618 692 san-

2035 733 2426 789 ctilicationem
2463 749 2493 788 a
2537 733 2867 802 baptismate
2901 740 3139 800 partam,
3172 744 3268 798 per
3317 729 3616 800 legitimum

2036 821 2278 884 coitum,
2339 820 2655 874 inviolatam
2713 827 2956 874 servant.
3026 819 3360 872 llonorabile
3415 821 3618 890 quippe

2035 912 2398 975 counubium,
2445 927 2556 966 non
2604 923 2787 966 autem
2823 918 3100 972 sanctum,
3155 909 3252 964 sed
3304 912 3618 966 sanctitica-

2034 1002 2201 1057 tionis
2229 1013 2440 1058 custos.

2106 1093 2234 1148 Siue
2249 1111 2352 1165 qua
2375 1111 2526 1148 nemo
2561 1093 2752 1148 ridebit
2775 1093 3078 1148 Dominum.
3104 1094 3292 1165 Neque
3329 1093 3474 1148 enim
3508 1091 3620 1146 for-

2035 1187 2330 1250 nicatores,
2365 1202 2542 1257 neque
2571 1188 2793 1252 moechi,
2821 1202 3002 1257 neque
3041 1189 3254 1250 molles,
3289 1201 3467 1256 neque
3505 1201 3621 1239 ma-

2034 1282 2312 1337 sculorum
2335 1280 2723 1334 concubitores
2741 1295 2967 1348 rcgnum
2993 1279 3082 1333 Dei
3105 1278 3506 1333 haereditabunt
3525 1279 3613 1330 ⁶²⁶.

2032 1375 2109 1428 Ac
2152 1371 2412 1426 Dominus
2469 1371 2521 1424 in
2575 1372 2918 1442 Evangelio:
2960 1369 3132 1435 Beati,
3179 1371 3380 1439 inquit,
3436 1369 3618 1422 mundi

2032 1465 2205 1530 corde,
2243 1466 2493 1535 quoniam
2520 1465 2617 1531 ipsi
2658 1464 2818 1516 Deum
2852 1463 3097 1516 uidebunt
3128 1462 3196 1516 ⁸³.

2105 1557 2268 1612 Vens.
2297 1555 2384 1610 15.
2423 1555 2832 1609 Considerantes
2868 1571 2932 1608 ne
2962 1555 3078 1623 quis
3110 1553 3245 1606 desit
3271 1552 3461 1622 gratia:
3501 1551 3612 1604 Dei.

2034 1650 2264 1706 Perinde
2315 1649 2473 1718 quasi
2529 1649 2752 1718 longum
2789 1649 2892 1701 iter
2939 1661 3065 1700 cum
3125 1645 3300 1699 multo
3353 1644 3616 1699 comitatu

2032 1740 2238 1795 emensi
2304 1740 2436 1806 sint,
2492 1738 2678 1796 dicit:
2759 1737 2940 1792 Videte
2999 1755 3063 1792 ne
3114 1738 3232 1808 quis
3285 1735 3615 1790 remanserit.

2034 1829 2152 1884 Non
2203 1829 2350 1884 enim
2388 1829 2491 1884 hoc
2542 1845 2730 1898 quaero
2762 1830 2965 1892 Solum,
3024 1838 3086 1883 ut
3143 1844 3239 1883 vos
3295 1827 3616 1882 accedatis:

2032 1922 2130 1977 sed
2175 1933 2232 1974 ut
2263 1921 2402 1974 alios
2443 1921 2608 1974 etiam
2647 1920 3036 1983 consideretis,
3067 1920 3170 1973 huc
3210 1929 3317 1983 est,
3360 1919 3618 1982 visitctis,

2033 2011 2404 2080 cognoscatis,
2457 2009 2825 2080 perdiscatis;
2889 2011 3033 2080 quod
3081 2019 3165 2064 est
3208 2009 3275 2064 de
3335 2010 3617 2063 intirmis:

2032 2103 2156 2159 etsi
2190 2103 2269 2158 vel
2303 2120 2442 2158 unus
2467 2104 2845 2158 tantummodo
2875 2103 3146 2173 posterior
3169 2104 3353 2168 fuerit,
3385 2117 3450 2155 ne
3476 2103 3621 2156 hunc

2031 2194 2252 2264 quidem
2314 2195 2695 2264 neglexeritis.
2735 2193 2980 2249 Gratiam
3039 2205 3223 2248 autem
3287 2194 3402 2258 Dei,
3460 2193 3618 2246 Iidem

2033 2289 2187 2350 dicit,
2220 2299 2272 2343 et
2315 2291 2578 2358 optimam
2624 2271 2772 2342 vitae.
2799 2291 3092 2352 rationem,
3133 2288 3384 2357 adeoque
3434 2284 3622 2340 futura

2032 2382 2198 2438 bona.
2233 2383 2359 2437 Haec
2390 2382 2537 2436 enim
2567 2382 2753 2436 omnia
2781 2389 2911 2436 sunt
2934 2379 3028 2435 Dei
3060 2380 3274 2451 gratiae.

2104 2567 2188 2623 Ne
2235 2586 2341 2638 qua
2397 2567 2559 2622 radix
2613 2566 2996 2621 amaritudinis
3057 2583 3268 2622 sursum
3321 2567 3621 2635 germinans

2030 2661 2288 2715 inturbet.
2321 2660 2436 2715 Hoc
2465 2663 2518 2714 in
2559 2660 2984 2714 Deutcronomio
3021 2658 3274 2712 hahtﬂur.
3311 2657 3408 2711 Est
3438 2667 3619 2712 autem

2032 2751 2355 2820 metaphora
2393 2766 2422 2804 a
2479 2749 2684 2820 plantis
2738 2759 2980 2817 sumpta.
3016 2747 3172 2812 Quod
3225 2761 3354 2798 vero
3412 2745 3520 2798 alio
3565 2746 3620 2798 ia

2028 2842 2151 2896 loco
2183 2842 2375 2896 scribit
2406 2860 2418 2894 :
2450 2840 2720 2894 Modicum
2755 2839 2999 2908 fermenti
3034 2849 3196 2892 tatam
3239 2854 3473 2890 massam
3513 2837 3622 2905 [er-

2027 2945 2228 2990 mentat
2274 2932 2360 2988 “:
2412 2932 2556 2989 istud
2591 2942 2646 2988 et
2681 2933 2770 2986 hic
2816 2931 2972 2996 dicit,
3006 2930 3090 2983 Ne
3127 2931 3252 2998 quis
3296 2943 3495 2999 pravus
3552 2927 3620 2980 ad

2028 3027 2322 3097 plurimum
2352 3025 2646 3096 perniciem
2669 3025 3042 3095 permittatur,
3076 3023 3336 3078 exscinde
3358 3022 3623 3074 amaritu-

2029 3119 2175 3172 dinis
2204 3117 2467 3181 radicem,
2501 3115 2605 3170 hoc
2645 3123 2727 3170 est
2782 3115 3019 3184 peccati,
3064 3130 3129 3168 ne
3184 3113 3435 3184 germina
3489 3127 3620 3182 pro-

2031 3210 2193 3275 ferat,
2244 3209 2346 3264 hoc
2390 3218 2497 3276 est,
2549 3223 2618 3263 ne
2652 3207 2789 3262 alios
2826 3207 2962 3262 tales
2995 3205 3178 3261 faciat.
3239 3204 3394 3271 Quod
3437 3212 3620 3258 autem

2031 3317 2278 3356 amarum
2321 3300 2394 3354 sit
2429 3307 2741 3370 peccatum,
2776 3298 2888 3352 imo
2922 3313 3053 3351 vero
3086 3297 3219 3351 nihil
3255 3297 3372 3367 ipso
3394 3311 3622 3350 amaruc

2029 3395 2252 3458 lentius,
2290 3393 2327 3448 ii
2372 3401 2646 3448 noverunt
2675 3391 2769 3461 qui
2803 3401 2926 3462 post
2958 3391 3318 3445 commissum
3355 3387 3620 3457 ﬂagitium

2028 3485 2364 3542 conscientia
2419 3492 2792 3540 macerantur.
2838 3483 3083 3537 Observa
3113 3489 3294 3536 autem
3327 3479 3473 3550 quod
3511 3493 3620 3533 non

2029 3578 2231 3634 dixerit
2287 3577 2528 3632 radicem
2586 3591 2708 3631 esse
2764 3590 3034 3640 amaram,
3089 3575 3183 3629 sed
3238 3571 3624 3628 amaritudinis

2030 3671 2268 3724 radicem
2310 3676 2535 3739 :potest
2565 3668 2709 3722 enim
2737 3682 2923 3721 amara
2966 3667 3121 3721 radix
3172 3665 3388 3721 fructus
3432 3664 3624 3720 dulces

2029 3763 2296 3831 proferre.
2350 3759 2746 3816 Amarulentiaa
2802 3769 2986 3814 autem
3047 3761 3310 3826 radicem,
3372 3759 3474 3814 hoc
3510 3767 3618 3824 est,

2028 3852 2256 3917 futttem,
2291 3861 2344 3906 et
2369 3866 2621 3918 causam,
2659 3865 2767 3904 non
2796 3859 2880 3904 est
2933 3851 3196 3919 possibile
3240 3850 3456 3905 dulcem
3493 3865 3623 3920 pro-

2028 3942 2172 3998 ferre
2197 3942 2462 3996 fructum.

2101 4033 2168 4088 Et
2197 4051 2290 4104 per
2328 4033 2479 4087 illam
2518 4033 2860 4104 inquinentur
2892 4031 3069 4086 multi.
3120 4031 3416 4102 Seguiores
3446 4033 3618 4102 enim,

2028 4145 2152 4185 cum
2181 4127 2378 4196 impios
2413 4125 2622 4192 vident,
2659 4125 2725 4179 ad
2780 4139 2972 4180 eorum
3016 4123 3422 4178 aemulationem
3455 4120 3620 4177 deve-

2028 4223 2207 4286 niunt,
2250 4219 2607 4291 ipsorumque
2641 4217 2810 4270 animi
2847 4216 3232 4286 inquinantur.
3284 4215 3475 4285 Itaque
3517 4214 3619 4270 hu-

2022 4315 2265 4388 jusmodi
2301 4313 2515 4368 radices
2547 4310 2966 4367 exscindantur.

2100 4408 2266 4462 Vens.
2306 4406 2393 4461 16.
2429 4405 2514 4460 Ne
2571 4406 2688 4475 quis
2733 4404 3051 4474 fornicator,
3095 4409 3188 4456 aut
3251 4402 3508 4472 profanus
3563 4412 3619 4456 ut

2031 4499 2200 4564 Esau,
2242 4499 2334 4569 qui
2381 4507 2596 4567 propter
2645 4513 2810 4550 unam
2856 4511 3032 4550 escam
3064 4495 3293 4548 vendidit
3349 4496 3618 4561 primitira

327 4558 406 4645 Dia
453 4558 620 4644 τοῦτῦ
657 4558 844 4659 ιρησιν,
877 4591 961 4644 ὃτι
999 4589 1199 4659 πόρνος
1247 4558 1342 4659 ἦν⁷
1373 4585 1571 4648 Ἠσαῦ,
1609 4584 1725 4637 ἀλλ’
1767 4585 1926 4655 ἄχρις

2037 4610 2151 4649 sua.
2194 4591 2314 4645 Non
2351 4592 2456 4646 hoc
2485 4589 2641 4655 dicit,
2691 4587 2840 4658 quod
2875 4587 3016 4641 Esau
3079 4585 3380 4640 fornicator
3431 4586 3613 4648 fuerit,

325 4681 500 4734 αὺτοῦ
535 4682 755 4750 στῆσον,
793 4677 886 4746 Μή
924 4697 1012 4746 τις
1056 4681 1282 4747 πόρνος
1349 4677 1420 4730 ἐν
1465 4674 1609 4744 ὑμῖν
1649 4675 1792 4743 ἤτω.
1839 4676 1933 4726 Αι-

2030 4685 2126 4739 sed
2164 4685 2253 4738 hic
2281 4683 2414 4738 siste
2443 4681 2534 4744 ad,
2572 4679 2652 4734 Ne
2701 4682 2818 4746 quis
2877 4678 3174 4746 fornicator
3225 4678 3277 4730 in
3336 4677 3478 4731 vobis
3523 4679 3613 4729 sit.

322 4776 574 4827 νίττεται
637 4778 746 4843 γάρ
787 4790 938 4835 τινας
975 4772 1105 4841 παρ’
1141 4772 1321 4826 αὐτοῖς
1366 4770 1661 4832 τοιούτους,
1707 4771 1767 4823 οὐ
1811 4769 1932 4837 μέν·

2037 4773 2213 4827 Ιηιιιιίι
2245 4771 2391 4827 enim
2451 4771 2589 4826 tales
2626 4771 2769 4840 apud
2803 4787 2899 4824 eos
2958 4769 3220 4838 quosdam
3275 4767 3462 4831 fuisse,
3504 4782 3614 4821 non

321 4883 410 4920 τοι
477 4865 729 4935 βούλεται
793 4866 1040 4936 ἐλέγχειν
1092 4866 1308 4928 αὐτοὺς,
1360 4864 1500 4917 ἀλλὰ
1553 4867 1932 4935 προσποιεῖται

2037 4873 2211 4917 tamen
2258 4877 2352 4916 eos
2413 4862 2526 4916 vult
2579 4863 2756 4931 palam
2810 4875 3060 4930 arguere,
3110 4859 3204 4914 sed
3249 4858 3406 4930 751
3463 4858 3617 4929 igno-

322 4959 584 5026 ἄγνοιαν,
612 4958 687 5022 ὡς
720 4959 786 5013 ἂν
816 4959 1242 5030 διορθώσωνται.
1283 4954 1416 5011 Εἶτα
1433 4957 1528 5010 ἀπ’
1555 4957 1723 5027 ἄλλης
1755 4959 1931 5028 ἀρχῆς

2037 4957 2267 5012 rantiam
2303 4955 2549 5021 simulat,
2599 4963 2657 5008 ut
2713 4954 3098 5008 emendentur.
3131 4952 3334 5006 Deinde
3391 4953 3460 5006 ab
3509 4951 3617 5006 alio

322 5049 474 5110 εἰπὲ,
510 5047 676 5116 Μηδὲ
708 5048 974 5116 βέϐηλος·
1008 5050 1089 5116 ὡς
1133 5049 1348 5113 Ἠσαῦ,
1383 5049 1628 5102 τουτέστι
1692 5053 1924 5119 γαστρί-

2037 5049 2297 5117 principio
2323 5047 2458 5101 dic:
2513 5043 2694 5115 Neque
2748 5045 3008 5114 profanus
3058 5053 3112 5097 ut
3169 5042 3336 5109 Esau,
3369 5043 3470 5096 hoc
3507 5051 3612 5104 est,

326 5157 574 5212 μαργος,
638 5142 928 5211 κοσμικὺς,
991 5143 1061 5194 τὰ
1111 5141 1462 5211 πνευματικὰ
1525 5141 1770 5212 βεδηλῶν
1832 5142 1924 5194 καὶ

2037 5141 2442 5212 gastrimargus,
2478 5138 2682 5202 helluo,
2709 5151 2901 5201 vorax,
2945 5136 3276 5198 mundanus,
3309 5133 3615 5202 spiritualia

323 5233 689 5287 ηταπατῶν.
716 5234 830 5304 Τὴν
859 5234 971 5305 γὰρ
1001 5235 1155 5305 παρὰ
1177 5233 1315 5287 Θεοῦ
1340 5234 1588 5287 δοθεῖσαν
1617 5234 1784 5305 τιμὴν
1812 5235 1923 5287 τῶν

2037 5234 2322 5301 ποΐιιιιιιιιε
2379 5238 2432 5285 οι
2505 5229 2860 5283 conculcans.
2928 5228 3126 5282 Datum
3181 5227 3329 5281 enim
3407 5241 3436 5279 a
3501 5223 3615 5278 Deo

321 5327 718 5397 πρωτοτοκίων
771 5327 1025 5391 ἀπέδοτο,
1087 5328 1182 5381 καὶ
1226 5327 1402 5382 ταῦτα
1456 5327 1714 5399 βρώσεως
1767 5329 1918 5397 μιᾶς.

2037 5338 2286 5380 :ionorcm
2341 5320 2790 5394 primogenitum
2840 5319 3108 5383 vendidit,
3165 5318 3327 5388 idque
3367 5330 3466 5385 pro
3504 5308 3610 5367 una

321 5417 505 5471 Τοῦτο
525 5417 582 5470 δέ
608 5419 724 5471 ἐστι
749 5418 1077 5490 βεσήλωδις,
1109 5419 1142 5489 ἠ
1167 5419 1576 5490 καταφρόνησις
1601 5419 1714 5472 τῶν
1735 5419 1916 5473 θείων.

2037 5433 2178 5474 esca.
2257 5415 2382 5470 llaec
2457 5429 2588 5469 vero
2673 5425 2758 5469 est
2841 5411 3194 5483 proianatio,
3263 5416 3612 5477 contemptus

331 5508 608 5564 Ἐνταῦθα
641 5511 919 5564 δείκνυσιν
953 5511 1139 5574 αὐτοῖς
1179 5511 1346 5567 πόσον
1376 5512 1547 5565 κακὸν
1579 5514 1612 5582 ἠ
1649 5512 1917 5583 ῥᾳθυμία,

2037 5511 2290 5566 nimirum
2351 5508 2662 5564 divinarum
2730 5520 2942 5562 rerum.
3003 5503 3103 5560 llic
3167 5501 3304 5572 ipsis
3370 5498 3612 5555 ostendit

391 5694 462 5728 ⁸²⁹
511 5690 680 5747 lCor.
728 5707 807 5754 tv,
850 5691 906 5755 9,
938 5691 1025 5745 10.
1111 5693 1156 5724 ⁸³
1186 5691 1380 5748 Matth.
1409 5711 1461 5758 v,
1486 5695 1542 5748 8.
1620 5693 1665 5724 “
1693 5693 1814 5745 Gal.
1847 5707 1895 5751 ν,
1935 5691 1988 5744 9.

1710 5808 1910 5869 Variae
1953 5806 2287 5871 lectiones.

393 5911 437 5943 ,τ
469 5910 676 5974 καλοὺς
721 5925 774 5963 ο,
862 5907 907 5937 τε
933 5905 1312 5976 ῥαθυμώτεροι
1345 5927 1399 5965 υ.
