4044 6416
333 409 433 476 381

1076 415 1487 479 EXPOSITIO
1521 416 1604 477 IN
1640 416 1880 478 EPIST.
1914 417 2016 476 AD
2055 418 2449 482 HEBR/EOS.
2472 446 2543 459 —
2564 423 2725 485 CAP.
2754 423 2897 484 XII.

3517 416 3624 484 332

336 525 507 579 στῶσι
547 523 629 595 τῷ
660 523 1147 597 ἐπαγγειλαμένη»,
1188 526 1222 599 ἢ
1256 527 1308 582 οἱ
1344 527 1403 582 ἐν
1436 529 1502 600 τῇ
1543 526 1781 597 Παλαιᾷ.
1823 527 1935 580 Καὶ

2051 528 2168 596 rint,
2196 528 2292 584 sed
2316 529 2564 586 diﬁitlant
2600 532 2649 586 ei
2668 533 2760 601 qui
2796 528 3066 601 promisit,
3094 542 3256 599 quam
3290 530 3382 598 qui
3405 526 3623 584 Veteris

333 620 439 690 ὅρα
474 617 592 680 ridi;
622 618 866 671 ποιεῖται
905 618 1007 690 τὴν
1041 618 1353 691 σύγκρισιν.
1388 618 1528 674 Μεθ’
1565 618 1594 672 ὃ
1635 618 1804 683 ἔδειξε
1838 618 1939 689 τὴν

334 710 619 780 ὑπεροχὴν
650 708 753 780 τῆς
780 709 934 771 Νέας
960 709 1098 781 πρὸς
1126 710 1228 782 τὴν
1259 710 1506 765 Παλαιὰν
1533 710 1620 764 διὰ
1653 708 1935 776 πλειόνων,

333 805 412 867 ὡς
450 803 747 872 ἔγνωσται,
790 803 979 874 τίθησι
1025 804 1122 859 νῦν
1160 806 1255 859 καὶ
1286 804 1355 859 τὰ
1399 805 1615 875 μεγάλα
1645 806 1796 874 παρὰ
1823 807 1934 869 τοῖς

333 896 509 951 πάλαι
540 899 637 949 καὶ
672 894 991 966 θαυμαστὰ,
1018 896 1089 950 τὰ
1121 899 1179 950 ὲν
1206 898 1283 965 τῷ
1321 898 1453 968 Σινᾷ
1492 896 1607 968 δρει
1646 897 1935 966 γενόμενα,

332 987 432 1039 καὶ
463 985 766 1054 ἀποφαίνει
805 986 980 1040 ταῦτα
1020 988 1200 1057 μικρὰ
1236 986 1387 1050 ὄντα,
1428 986 1524 1041 καὶ
1550 987 1652 1040 οὐκ
1685 986 1939 1054 ἀξιόλογα

335 1076 476 1145 πρὸς
514 1078 587 1130 τὰ
616 1075 719 1145 τῆς
750 1076 916 1140 Νέας.
967 1077 1116 1131 Ἐκεῖ
1153 1078 1254 1146 μὲν
1298 1079 1432 1149 γὰρ,
1466 1080 1627 1150 φησὶ,
1662 1077 1938 1147 φαντασία

336 1166 512 1236 mliti;
560 1168 700 1237 πρὸς
739 1166 1006 1239 ἔκπληξιν
1037 1169 1131 1222 τοῦ
1176 1169 1486 1238 νηπιώδους
1513 1170 1728 1223 ἐκείνου
1781 1168 1936 1224 λαοῦ.

341 1263 448 1315 Καὶ
489 1260 604 1331 γὰρ
648 1261 710 1314 τὸ
767 1259 902 1332 πῦρ,
968 1262 1057 1315 ἵνα
1091 1262 1308 1332 δηλωθῇ
1359 1263 1420 1317 τὸ
1465 1262 1791 1316 κολαστικὸν
1841 1261 1936 1315 τοῦ

341 1351 664 1420 νομοθέτου,
697 1352 1032 1423 προσετέθη.
1067 1354 1165 1407 καὶ
1193 1353 1427 1424 φοδεώς
1459 1353 1623 1417 εὐθὺς
1652 1355 1818 1424 φανῇ.
1874 1353 1934 1406 '0

337 1443 543 1510 γνόψος
578 1443 675 1496 καὶ
703 1444 731 1496 ό
758 1443 978 1510 σκότος,
1005 1444 1230 1513 ἐδήλουν
1257 1444 1319 1498 τὸ
1349 1445 1809 1515 συνεσκιασμένον
1836 1444 1935 1513 τῆς

336 1534 613 1598 Παλαίας.
655 1535 719 1588 El
745 1534 858 1604 γὰρ
898 1534 1087 1604 εκείνη
1113 1534 1287 1598 τύπος
1318 1531 1412 1607 ἦν,
1448 1535 1607 1607 δῆλον
1632 1538 1715 1591 ὅτι
1746 1536 1851 1600 ἓως
1873 1529 1936 1589 οὗ

328 1623 504 1695 ἦλθεν
532 1630 568 1699 ἡ
597 1628 850 1699 ἀλήθεια,
882 1630 1117 1699 ἀσαφεῖς
1162 1625 1307 1701 ἦσαν
1342 1631 1394 1685 ol
1435 1630 1621 1698 τύποι,
1658 1631 1734 1702 μὴ
1767 1647 1937 1699 γινω-

332 1722 604 1790 σκόμενοι
648 1720 702 1775 τί
734 1722 981 1791 δηλοῦσι.
1025 1724 1135 1778 Καὶ
1178 1723 1240 1779 τδ
1274 1724 1507 1797 ἀόρατον
1549 1726 1609 1779 δὲ
1658 1724 1755 1779 τοῦ
1798 1723 1936 1778 Θεοῦ

2041 619 2370 678 Testamenti
2414 631 2659 692 tempore
2700 622 2958 678 vixerint.
3021 619 3277 690 Expende
3325 634 3454 673 vero
3512 632 3623 688 qua

2038 710 2255 766 ratione
2275 712 2744 782 ceniparationem
2771 712 2955 768 iaciat.
2987 711 3350 781 Posteaquam
3385 709 3628 765 ostendit

2038 803 2416 859 excellentiam
2445 802 2584 858 Novi
2633 803 2970 859 Testamenti
3011 818 3176 872 supra
3226 802 3392 858 Vetus
3432 800 3627 857 multis

2037 898 2378 962 nominibus,
2439 898 2517 951 uti
2566 906 2758 952 notum
2802 907 2908 960 est,
2974 914 3120 953 nunc
3170 913 3258 953 res
3298 910 3529 965 magnas
3571 901 3628 948 et

2038 989 2391 1044 admirandas
2423 1005 2451 1043 a
2484 990 2685 1060 priscis
2740 990 2849 1045 illis
2886 998 3070 1061 gestas
3102 989 3381 1060 proponit.
3431 1002 3627 1055 nempe

2038 1097 2161 1151 qua:
2206 1082 2261 1136 in
2319 1092 2505 1138 monte
2544 1083 2673 1137 Sina
2731 1085 3114 1155 contigerunt,
3154 1094 3318 1152 atque
3384 1079 3629 1134 ostendit

2038 1188 2101 1229 ea
2150 1189 2274 1228 esse
2314 1174 2534 1245 exigua,
2575 1191 2676 1231 nec
2714 1176 2919 1231 habere
2974 1178 3244 1230 rationem
3296 1175 3378 1229 vel
3415 1158 3626 1244 pondus

2036 1279 2146 1335 quo
2177 1263 2330 1320 Novo
2360 1267 2631 1337 adaquari
2659 1278 2883 1337 queant.
2926 1266 3039 1323 Illic
3081 1268 3227 1321 cnim
3257 1265 3439 1319 multa
3468 1271 3628 1319 erant

2037 1372 2222 1412 rerum
2258 1358 2526 1428 imagines
2557 1359 2613 1412 in
2642 1366 2910 1414 terrorem
2946 1359 3174 1430 puerilis
3213 1357 3375 1412 istius
3416 1355 3621 1426 pepuli.

2035 1447 2180 1520 Ignis
2225 1451 2371 1508 enim
2425 1449 2645 1505 additus
2691 1455 2803 1516 est,
2852 1456 2914 1504 υι
2970 1448 3378 1519 signiﬁcaretur
3416 1443 3629 1514 punitio

2036 1558 2198 1611 quam
2225 1542 2481 1598 illaturus
2513 1543 2948 1613 eratlegislator,
2975 1548 3031 1597 et
3066 1551 3126 1595 ut
3154 1538 3472 1595 tremendus
3500 1549 3630 1606 pro-

2038 1632 2188 1687 tinus
2216 1632 2515 1689 videretur.
2558 1631 2747 1687 Turbo
2785 1641 2842 1687 et
2888 1631 3069 1702 caligo
3113 1628 3507 1700 signiﬁcabant
3535 1625 3632 1680 ad-

2040 1722 2440 1777 nmbrationem
2469 1721 2682 1780 Veteris
2715 1722 3102 1780 Instrumenti.
3151 1721 3209 1776 Si
3259 1720 3404 1775 enim
3454 1717 3631 1787 ﬁgura

328 1813 603 1881 ἐδηλοῦτο
625 1814 714 1869 διὰ
735 1814 965 1871 τούτων.
996 1816 1235 1884 Γνόφος
1274 1818 1405 1889 γὰρ,
1434 1818 1621 1888 φησὶν,
1644 1818 1765 1872 ὑπὸ
1792 1817 1940 1883 τοὺς

2051 1824 2191 1871 Esset
2245 1813 2418 1871 Vetus
2473 1816 2631 1882 illud,
2700 1817 3053 1887 perspicuum
3114 1822 3200 1869 est
3250 1812 3397 1883 quod
3455 1808 3634 1863 donec

331 1875 530 1973 πόδας
564 1907 779 1962 αὐτοῦ.
825 1908 893 1961 Ἦ
938 1908 996 1962 δὲ
1038 1875 1237 1963 ese-ii;
1602 1875 1764 1973 δντας
1809 1875 1936 1971 rei);

2051 1906 2361 1963 advenisset
2407 1908 2632 1973 veritas,
2690 1907 2912 1962 obscuri
2948 1922 3081 1963 sane
3134 1907 3241 1976 typi
3272 1903 3631 1964 exstiterunt,

344 1998 646 2069 Ἐϐραίους
673 1999 976 2071 διήγειρεν,
1015 1998 1156 2053 ὥστε
1184 2001 1498 2072 προσέχειν.
1529 2002 1597 2055 Al
1622 2001 1679 2054 δὲ
1706 2000 1939 2067 σάλπιγ-

330 2104 455 2155 γες,
511 2088 589 2151 ὡς
633 2091 903 2158 παρόντος
953 2088 1240 2160 βασιλέως.
1279 2089 1453 2143 Τοῦτο
1493 2090 1604 2162 γὰρ
1638 2090 1734 2143 καὶ
1775 2092 1833 2143 ὲν
1866 2093 1935 2161 τῇ

331 2177 579 2249 δευτέρᾳ
601 2179 880 2250 παρουσίᾳ
908 2178 1087 2233 ἔσται.

2043 2013 2170 2055 cum
2204 2014 2313 2053 non
2360 2006 2794 2067 cognosceretur
2819 1997 3081 2067 quidnam
3115 1995 3515 2068 signiﬁcarent.
3544 1991 3635 2045 In-

2041 2090 2260 2146 visibile
2310 2099 2493 2145 autem
2549 2089 2649 2145 Dei
2684 2089 3036 2145 indicabatur
3088 2103 3186 2160 per
3247 2089 3383 2142 haec.
3446 2083 3636 2153 Caligo

2043 2181 2213 2244 enim,
2247 2182 2446 2253 inquit,
2475 2180 2570 2234 sub
2611 2182 2827 2252 pedibus
2866 2181 3003 2251 ejus.
3033 2179 3276 2236 Proeella
3308 2185 3490 2233 autem
3528 2174 3635 2229 lle-

334 2270 544 2335 lirteos,
577 2278 766 2341 utpote
796 2271 1081 2334 socordes,
1121 2270 1189 2326 ad
1244 2271 1609 2327 attentionem
1640 2270 1925 2327 excitavit.
1969 2268 2139 2327 Tuba:
2167 2280 2373 2341 autem,
2407 2273 2578 2331 veluti
2633 2282 2910 2343 praesente
2969 2287 3118 2344 rege.
3151 2271 3209 2327 ld
3240 2272 3388 2328 enim
3458 2279 3513 2325 et
3580 2268 3633 2321 in

334 2365 593 2421 secundo
623 2365 830 2419 Christi
859 2364 1099 2421 adventu
1129 2365 1331 2420 aderit.

410 2459 526 2515 Kal
559 2456 734 2528 φωνῇ
782 2457 1102 2527 ῥημάτων,
1141 2455 1217 2528 ἧς
1270 2461 1326 2513 ol
1376 2458 1753 2525 ἀκούσαντες
1794 2472 1945 2527 παρ’

335 2552 659 2621 ῃτησαντο
683 2549 771 2619 μὴ
797 2550 1208 2618 προστεθῆναι
1250 2550 1460 2615 αὐτοῖς
1495 2552 1707 2620 λόγον.
1749 2550 1808 2604 '0
1834 2550 1942 2620 γὰρ

338 2643 482 2707 Θεὸς
519 2640 751 2712 ἠκούετο
793 2639 997 2702 λαλῶν,
1051 2640 1140 2694 ίνα
1195 2639 1515 2706 ἀξιόπιστος
1560 2643 1594 2712 ἡ
1649 2640 1944 2710 νομοθεσία

338 2735 601 2803 γένηται,
638 2732 734 2786 καὶ
777 2732 853 2803 μὴ
880 2730 1078 2796 δόξωσι
1112 2732 1355 2796 Μωσέως
1400 2728 1542 2785 εἶναι
1600 2733 1670 2784 τὰ
1698 2731 1942 2802 ῥήματα.

341 2826 579 2888 Πάντως
610 2824 670 2877 δὲ
707 2824 741 2895 ἡ
787 2823 886 2894 μὲν
916 2822 1012 2876 τοῦ
1052 2821 1192 2877 Θεοῦ
1225 2823 1377 2893 φωνὴ
1422 2822 1657 2892 φοϐερὰ,
1684 2823 1718 2891 ἡ
1747 2820 1806 2874 δὲ
1846 2817 1942 2872 τοῦ

340 2914 600 2974 Μωσέως
628 2912 810 2981 ίσχνή.
848 2910 943 2964 Διὸ
972 2913 1366 2983 παρῃτήσαντο
1396 2914 1597 2966 ἐκεῖνοι
1641 2911 1734 2964 τὸν
1783 2909 1940 2975 Θεὸν,

341 3004 601 3067 εἰπόντες
620 3004 814 3058 Μωσεῖ
837 3019 852 3035 ·
875 3001 1062 3058 Adsit“
1088 3003 1242 3072 πρὸς
1269 3003 1427 3075 ἡμᾶς
1454 3003 1557 3070 σὺ,
1591 3003 1688 3058 καὶ
1709 3002 1798 3072 μὴ
1830 3004 1943 3057 λα-

340 3097 526 3151 λειτω
552 3093 700 3163 ἡμῖν
730 3096 765 3148 ό
795 3094 961 3160 Θεός.

414 3185 545 3239 οὐκ
588 3182 811 3253 ἔφερον
843 3181 958 3253 τὰρ
997 3182 1062 3236 τὸ
1113 3181 1647 3251 διαστελλόμενον.
1684 3181 1946 3237 Τουτὲστι

338 3277 405 3330 οδ
442 3274 872 3343 διαλαλούμενον
918 3274 966 3307 ⁸⁸
1006 3273 1164 3345 παρὰ
1209 3274 1306 3328 τοῦ
1356 3272 1497 3328 Θεοῦ
1538 3274 1641 3328 οὐκ
1681 3272 1945 3343 ἠδύναντο

338 3372 459 3434 τοῖς
489 3356 865 3435 ὠσὶστέγειν.
900 3366 978 3419 ὡν
1024 3364 1281 3437 φοὸερόν.
1327 3365 1472 3435 Ἀρα
1526 3365 1681 3417 αὐτοὶ
1713 3364 1946 3433 γεγόνα⁹

344 3479 433 3516 σιν
481 3462 653 3515 αιτιοι
683 3458 780 3513 τοῦ
812 3456 903 3512 διὰ
938 3456 1143 3530 σαρκὸς
1171 3435 1427 3526 ⁷φανῆναι
1466 3455 1559 3511 τὸν
1592 3455 1749 3522 Θεὸν,
1775 3456 1851 3519 ὡς
1875 3442 1945 3509 ἂν
1971 3435 2015 3493 c

342 3554 605 3627 χωρητδς
626 3552 813 3616 αὐτοῖς
843 3549 1094 3621 γένηται.

417 3642 551 3699 Κᾶν
574 3643 791 3710 θηρίον
829 3640 962 3709 θίγῃ
995 3639 1103 3694 τοῦ
1149 3638 1346 3709 ὄρους,
1381 3640 1943 3708 λιθοϐοληθήσεται.

348 3736 468 3791 Kal
507 3734 667 3790 οὕτω
698 3732 959 3803 φοϐερόν
988 3728 1070 3804 ἦν
1096 3733 1166 3785 τὸ
1194 3729 1662 3801 φανταζόμενον.
1697 3730 1949 3785 Δείκνυσι

356 3831 457 3883 καὶ
492 3830 553 3882 εν
592 3825 770 3894 τούτῳ
812 3824 914 3896 τὴν
943 3824 1220 3895 ὑπεροχὴν
1246 3824 1347 3892 τῆς
1387 3823 1557 3887 Νέας.
1605 3822 1669 3876 Ἡ
1701 3823 1799 3891 μὲν
1841 3820 1949 3891 γὰρ

362 3919 578 3974 Παλαιὰ
600 3918 779 3971 καίτοι
815 3915 980 3987 μηδὲν
1006 3914 1207 3985 ἔχουσα
1234 3914 1399 3984 μέγα,
1429 3915 1525 3969 καὶ.
1548 3908 1660 3967 οἷον
1685 3914 1720 3983 ἡ
1752 3911 1949 3981 Καινὴ,

373 4012 576 4082 φοόερὰ
596 4029 679 4077 τις
707 4009 798 4084 ἦν,
833 4012 925 4066 καὶ
955 4009 1081 4064 οὔτε
1112 4009 1303 4081 θηρίον
1344 4009 1441 4064 τοῦ
1479 4009 1639 4081 ὅρους
1684 4006 1953 4063 ἅπτεσθαι

363 4107 502 4176 ἐξῆν
525 4123 539 4136 ·
574 4105 827 4159 τουτέστι
881 4104 1076 4174 κτῆνός
1097 4120 1152 4157 τι
1175 4103 1238 4170 ἐξ
1266 4096 1341 4157 ὧν
1368 4106 1397 4157 ὁ
1430 4103 1560 4166 λαὸς
1587 4097 1755 4172 εἶχεν.
1799 4100 1865 4153 Ἡ
1898 4100 1956 4153 δὲ

356 4199 501 4265 Pisa,
529 4198 711 4252 πάντα
749 4196 935 4249 τέλεια
971 4193 1196 4267 ἔχουσα,
1235 4194 1387 4249 οὐδὲν
1427 4193 1767 4249 ἐνδείκνυται
1800 4190 1956 4261 φοϐε-

357 4290 478 4361 ρὸν,
506 4287 648 4342 ἀλλὰ
678 4285 858 4340 πάντα
883 4287 1045 4356 ἡπια.

426 4379 661 4448 Μωσῆς
715 4375 925 4434 εἷπεγο
982 4368 1286 4448 Ἕιὶφοϐός
1338 4379 1458 4447 ειμι
1494 4376 1596 4432 xal
1640 4375 1955 4447 ἔντρομος.

2119 2453 2288 2510 Vsus.
2321 2452 2412 2510 l9.
2452 2452 2524 2509 Et
2554 2469 2729 2508 vocem
2776 2454 3078 2520 verborum,
3128 2469 3287 2523 quam
3330 2451 3421 2522 qui
3454 2450 3641 2505 audie-

2048 2556 2172 2601 ruut
2197 2554 2580 2601 exeusaverunt
2607 2563 2660 2602 se
2691 2563 2756 2601 ne
2781 2548 2848 2601 iis
2871 2548 3021 2616 fieret
3045 2546 3276 2601 uerbum.
3314 2545 3460 2600 Deus
3487 2545 3634 2598 enim

2049 2639 2375 2695 audiebatur
2430 2639 2604 2708 loqui,
2649 2648 2710 2694 ut
2732 2630 3038 2694 auctoritas
3082 2637 3409 2709 legislationi
3452 2635 3640 2691 concL

2050 2729 2235 2796 lietur,
2273 2744 2455 2799 neque
2496 2730 2816 2785 existiment
2848 2728 3016 2784 Mosis
3037 2742 3160 2783 esse
3182 2726 3370 2781 verba.
3400 2723 3638 2781 Omnino

2049 2829 2232 2875 autem
2282 2820 2377 2876 Dei
2404 2837 2511 2876 vox
2557 2821 2826 2877 terribilis
2879 2828 3020 2882 erat,
3071 2818 3238 2874 Mosis
3290 2833 3419 2872 vero
3453 2816 3638 2873 exilis.

2048 2910 2204 2967 Unde
2236 2914 2568 2968 recusabant
2617 2913 2697 2968 illi
2746 2912 2938 2974 Deum.
2980 2911 3229 2967 dicentes
3288 2908 3474 2964 Mosi:
3530 2905 3638 2961 Lo-

2043 3021 2200 3076 quere
2229 3015 2285 3061 tu
2315 3004 2385 3061 ad
2421 3022 2540 3072 nos,
2566 3014 2617 3060 et
2655 3021 2720 3060 ne
2739 3004 2991 3074 loquatur
3020 3002 3170 3059 nobis
3202 3001 3340 3057 Deus
3370 3001 3437 3056 “.

2127 3184 2290 3243 Vnus.
2332 3187 2424 3243 20.
2480 3185 2605 3243 Non
2654 3189 2795 3243 enim
2828 3186 3113 3257 portabant
3139 3184 3278 3257 quod
3334 3182 3634 3239 dicebatur.

2052 3279 2170 3335 Hoc
2217 3290 2319 3345 est,
2378 3281 2527 3350 quod
2579 3296 2610 3334 a
2661 3278 2772 3336 Deo
2826 3281 3135 3347 dicebatur,
3192 3293 3302 3334 non
3342 3282 3640 3347 petueruut

2054 3370 2284 3427 auribus
2313 3372 2432 3427 suis
2463 3370 2633 3436 ferre,
2662 3372 2803 3427 adeo
2827 3372 3074 3427 terribile
3102 3381 3241 3426 erat.
3273 3368 3512 3423 Proinde
3535 3365 3640 3436 ipsi

2051 3464 2277 3521 fuerunt
2313 3465 2367 3520 in
2399 3481 2565 3522 causa
2600 3481 2699 3521 cur
2733 3464 2878 3521 Deus
2901 3481 2999 3535 per
3032 3477 3258 3521 carnem
3307 3461 3640 3532 apparuerit.

2049 3566 2110 3613 ut
2139 3565 2368 3626 possent
2399 3573 2526 3614 eum
2549 3573 2767 3627 capere.
2860 3634 2867 3635 ί

2123 3644 2286 3700 Vens.
2310 3644 2401 3699 21.
2428 3644 2496 3699 Et
2521 3647 2567 3700 si
2597 3646 2765 3700 bestia
2793 3646 3016 3715 tetigerit
3036 3641 3645 3710 montem,lapidabitur.

2053 3734 2122 3790 Et
2144 3738 2221 3789 ita
2240 3736 2476 3791 terribile
2506 3747 2620 3790 erat
2642 3736 2782 3805 quod
2810 3735 3107 3791 ridebatur.
3138 3736 3245 3790 Per
3286 3732 3390 3789 hoc
3427 3747 3646 3814 quoque

2050 3824 2185 3880 Novi
2226 3825 2557 3881 Testamenti
2603 3826 2985 3880 excellentiam
3020 3823 3249 3879 iudicat.
3281 3821 3450 3877 Vetus
3475 3821 3641 3886 enim,

2053 3913 2154 3969 etsi
2185 3913 2323 3968 nihil
2346 3914 2482 3968 adeo
2506 3928 2761 3985 magnum
2793 3914 3019 3968 haberet
3047 3929 3115 3967 ac
3136 3913 3374 3976 Novum,
3401 3910 3649 3965 terribile

2054 4013 2197 4070 erat,
2233 4019 2409 4074 neque
2435 4003 2673 4059 belluam
2699 4016 2939 4060 montem
2967 4004 3237 4076 attingere
3280 4002 3504 4068 licebat,
3545 4001 3650 4057 hoc

2055 4104 2158 4163 est,
2183 4095 2497 4166 jumeutum
2524 4096 2746 4169 aliquod
2769 4113 2962 4153 eorum
2989 4115 3110 4169 quae
3135 4098 3368 4170 populus
3390 4096 3645 4153 habebat.

2057 4187 2269 4243 Novum
2303 4197 2487 4244 autem
2510 4191 2698 4246 omnia
2733 4190 2974 4262 perfecta
3010 4190 3239 4257 habens,
3272 4190 3411 4246 nihil
3444 4188 3649 4245 territi-

2060 4298 2185 4339 cum
2227 4298 2336 4352 prae
2359 4298 2417 4338 se
2443 4283 2572 4349 fert,
2604 4284 2699 4341 sed
2738 4286 2924 4341 omnia
2957 4285 3178 4342 blanda.

2136 4374 2302 4431 Vsus.
2332 4375 2423 4430 22.
2456 4375 2635 4433 Moses
2662 4377 2800 4434 dixit
2826 4393 2845 4432 :
2883 4377 3188 4435 Exterritus
3219 4393 3337 4432 sum
3369 4386 3419 4431 et
3454 4387 3652 4431 treme-

354 4475 421 4529 Εἰ
466 4474 531 4527 δὲ
574 4475 784 4546 Μωσῆς
838 4473 1017 4535 οὕτως
1068 4474 1097 4526 ό
1142 4470 1407 4526 εἰσελθὼν
1449 4472 1529 4534 εἰς
1574 4468 1667 4524 τὸν
1709 4470 1945 4541 γνόφονί

2063 4468 2294 4524 bundus.
2361 4469 2420 4525 Si
2472 4469 2654 4527 Moses
2693 4481 2874 4526 autem
2916 4472 3009 4541 qui
3060 4471 3350 4541 caliginem
3399 4477 3520 4524 erat
3567 4468 3655 4522 in-

360 4568 564 4635 μέγας,
592 4568 622 4620 ό
651 4566 781 4629 λαὸς
809 4565 978 4620 πόσον
1007 4581 1023 4633 ;

2062 4573 2309 4629 gressus,
2341 4562 2482 4617 adeo
2517 4577 2753 4632 magnus
2780 4571 2835 4616 et
2861 4561 3154 4629 miriﬁcus,
3196 4573 3343 4615 metu
3393 4560 3468 4614 ita
3524 4574 3654 4629 pcr-

2066 4654 2253 4709 culsns
2278 4662 2385 4721 est,
2409 4664 2618 4725 quanto
2651 4655 2824 4726 magis
2855 4653 3138 4727 populus?

449 4742 637 4798 Ἀλλὰ
685 4741 1208 4811 προσεληλύθατε.
1252 4740 1484 4794 Ἐκεῖνοι
1533 4739 1596 4792 οὐ
1630 4737 1945 4811 προσῆλθον.

2140 4745 2246 4802 Sed
2283 4749 2610 4805 accessistis.
2653 4746 2737 4802 llli
2765 4762 2874 4803 non
2903 4751 3280 4808 accesserunt,
3331 4744 3425 4800 sed
3457 4742 3655 4814 procul

358 4836 507 4889 ἀλλὰ
549 4834 835 4906 πόρῤωθεν
882 4834 1269 4903 εἱστήκεισαν·
1303 4833 1466 4903 ὑμεῖς
1515 4831 1572 4886 δὲ
1614 4831 1945 4904 προσεληλύ-

2066 4846 2380 4893 steterunt:
2424 4853 2522 4895 vos
2580 4853 2710 4893 vero
2766 4836 3105 4893 accessistis.
3143 4833 3340 4891 Viden‘
3379 4833 3656 4891 excellen-

358 4929 523 4984 θατε.
575 4927 741 4998 Ὁρᾷς
776 4925 877 4997 τὴν
916 4925 1236 4996 ὑπεροχήνς

435 5017 597 5074 Σιὼν
626 5017 748 5086 ὄρει
780 5017 883 5072 καὶ
913 5019 1092 5072 πόλει
1113 5015 1264 5071 Θεοῦ
1299 5013 1516 5083 ζῶντος
1556 5014 1964 5085 Ἰερουσαλὴμ

2072 4929 2203 4984 tiam
2232 4929 2257 4983 Ἰ

2143 5020 2304 5094 753
2336 5018 2419 5074 Ad
2450 5030 2676 5074 montem
2701 5018 2852 5084 Sion,
2876 5030 2926 5075 et
2956 5020 3224 5074 civitatem
3272 5019 3374 5075 Dei
3417 5018 3653 5079 virentis.

359 5114 727 5182 ἐπουρανίῳ.
769 5111 920 5167 ’Δντὶ
949 5109 1047 5164 τοῦ
1075 5111 1233 5179 Σινᾶ,
1264 5109 1466 5181 ἔχομεν
1507 5110 1648 5164 Σιὼν
1681 5110 1808 5181 ὅρος
1835 5126 1945 5181 νοη-

2070 5111 2370 5171 Jerusalem
2405 5110 2685 5167 ccelestem.
2722 5110 2829 5165 Pro
2855 5110 2988 5167 Sina
3013 5113 3279 5168 habemus
3328 5110 3458 5165 Sion
3494 5124 3654 5162 mou-

359 5209 484 5272 τδν,
530 5204 629 5260 καὶ
672 5203 827 5258 πόλιν
868 5202 1067 5276 νοητὴν
1119 5202 1506 5275 Ἰερουσαλήμ⁶
1540 5203 1820 5257 τουτέστιν
1862 5203 1964 5257 αὐ-

363 5299 465 5355 τὸν
496 5296 591 5355 τὸν
619 5296 875 5369 οὐρανὸν,
913 5296 1017 5350 οὐκ
1060 5294 1294 5366 ἔρημον,
1323 5293 1403 5359 ὡς
1434 5295 1656 5350 ἐκεῖνοι.

436 5477 555 5532 Kal
599 5474 896 5545 μυριάσιν
932 5474 1205 5546 ἀγγέλων
1256 5476 1609 5547 πανηγύρει.
1663 5475 1811 5530 Ἀντὶ
1869 5476 1965 5530 τοῦ

440 5655 491 5689 ⁸⁸
510 5643 692 5711 Ἐιοά.
728 5669 825 5720 xx,
859 5654 949 5713 l8.

2073 5215 2181 5262 tem
2211 5206 2586 5277 spiritualeiu,
2614 5210 2672 5258 et
2712 5204 2905 5259 urbem
2947 5204 3290 5276 spiritualem
3322 5200 3653 5266 Jerusalem,

2076 5294 2181 5351 hoc
2208 5301 2315 5362 est,
2345 5294 2528 5365 ipsum
2566 5293 2793 5362 cmlum,
2843 5309 2957 5350 non
3004 5291 3387 5357 solitudinem,
3433 5287 3652 5343 illorum

2076 5388 2274 5444 instar.

2150 5476 2221 5533 Et
2270 5477 2341 5532 ad
2395 5478 2734 5535 innumerum
2796 5476 3105 5550 angelorum
3160 5482 3492 5531 conventum.
3547 5472 3652 5527 Pro

1738 5749 1939 5813 Variae
1962 5750 2301 5815 lectiones.

441 5846 492 5879 ⁸³
527 5846 592 5901 τὸ
618 5844 1044 5916 ἑντελλοῦμενον
1075 5847 1168 5902 καὶ
1204 5847 1625 5922 διαλαλούμενον
1658 5863 1735 5905 m.
