4044 6416
402 393 512 460 383

1324 411 1915 478 THEOPHYLACTI
1946 418 2359 486 BULGARI/E
2383 422 2740 519 ARCHIEP.

3558 426 3674 491 3M.

403 511 628 579 populo,
668 512 867 585 inquit,
903 517 1170 579 babemus
1197 538 1297 579 nos
1329 527 1647 595 angelorum
1671 527 1965 600 myriadas,

2081 536 2212 591 λαοῦ
2239 538 2434 610 ἔχομεν
2462 540 2625 608 ἡμεῖς
2669 516 2917 608 ἆγγέλων
2980 538 3264 610 μυριάδας,
3308 538 3429 594 ἀντὶ
3456 539 3549 593 τοῦ
3587 544 3681 610 φί-

404 601 651 673 adeoque
682 621 782 676 pro
813 624 1014 678 pavore
1045 614 1304 683 gaudium
1334 635 1350 673 :
1382 619 1484 673 hoc
1506 619 1650 674 enim
1682 636 1798 691 per,
1833 620 1979 677 Con-

403 703 633 783 ventum,
660 700 1026 769 significatur.
1065 706 1168 762 Ubi
1222 710 1367 764 enim
1400 714 1716 783 panegyris,
1772 715 1845 771 ibi
1897 725 1981 772 est

404 781 611 840 laetitia.
643 787 942 864 Panegyris
975 795 1142 867 igitur
1166 798 1271 854 ista
1303 800 1359 855 in
1391 781 1730 874 myriadibus
1756 808 1982 879 angelo-

401 887 523 929 rum
547 880 823 938 consistit.

476 966 758 1064 Vens.25.
804 974 874 1029 Et
906 978 976 1031 ad
1020 978 1310 1037 Ecclesium
1357 987 1827 1059 primogenitorum
1886 996 1979 1064 qui

402 1061 693 1128 conscripti
722 1074 843 1118 sunt
872 1067 928 1120 in
949 1070 1113 1125 caelis.
1148 1071 1551 1147 Primogenitos
1580 1083 1817 1151 appellat
1842 1061 1981 1142 ﬁde-

399 1148 501 1213 les,
538 1165 891 1212 consecratos
922 1159 1033 1217 Deo
1084 1178 1148 1220 ac
1183 1169 1579 1234 sanetiticatos,
1608 1189 1842 1244 quorum
1878 1194 1981 1234 no-

397 1240 547 1295 mina
585 1254 711 1298 sunt
744 1246 798 1301 in
831 1249 971 1307 libro
990 1255 1135 1319 vitae,
1164 1259 1391 1326 perinde
1420 1278 1482 1317 ac
1520 1240 1784 1324 Dominus
1813 1270 1978 1325 etiam

393 1328 684 1401 discipulis
712 1336 970 1397 dicebat:
1012 1343 1203 1402 Vestra
1253 1362 1430 1407 autem
1487 1357 1706 1412 nomina
1777 1362 1979 1430 scripta

396 1430 518 1474 sunt
544 1422 598 1476 in
638 1427 786 1482 caelis
816 1429 882 1485 °".
921 1431 1192 1498 Quoniam
1245 1454 1377 1495 vero
1421 1442 1566 1501 Deus
1607 1457 1693 1502 est
1736 1422 1984 1504 commu-

395 1511 485 1566 nis
513 1517 757 1572 omnium
792 1521 977 1588 Pater,
1013 1540 1206 1582 omnes
1255 1531 1475 1600 quidem
1537 1535 1792 1596 homines
1851 1552 1980 1597 sunt

393 1600 488 1654 filii
519 1603 640 1670 ejus
665 1613 1035 1669 communiter
1061 1634 1076 1670 :
1103 1616 1296 1675 ltor'um
1323 1638 1454 1679 vero
1480 1627 1826 1699 primogeniti
1846 1642 1977 1687 sunt

393 1692 604 1789 tiJeles,
633 1697 880 1769 adeoque
904 1703 1054 1775 digni
1100 1707 1401 1779 adoptione
1432 1692 1694 1784 ﬁliorum:
1737 1737 1859 1789 qua!
1891 1730 1976 1777 est

392 1786 700 1883 secundum
732 1795 1096 1861 propositum.
1146 1800 1236 1857 Vel
1267 1805 1593 1876 simpliciter
1623 1786 1817 1867 omnes
1853 1814 1975 1883 qui-

2084 629 2180 683 ϐου
2206 631 2400 703 χαρὰν,
2424 630 2583 685 τοῦτο
2623 631 2732 703 γὰρ
2762 630 3014 700 δηλοῦται
3036 631 3123 685 διὰ
3150 630 3264 694 τοῦ,
3314 633 3675 702 Πανηγύρει.

2085 718 2256 775 Ἔνθα
2274 720 2382 792 γὰρ
2427 723 2757 793 πανήγυρις,
2801 722 2921 775 ἐκεῖ
2941 722 3104 793 χαρά.
3144 721 3209 776 Ἦ
3240 723 3547 795 πανήγυρις
3578 720 3674 777 οὖν

2081 807 2219 881 αὕτη
2264 810 2323 863 ὲν
2371 811 2631 881 μυριάσιν
2680 810 2931 879 ἀγγέλων
2976 809 3314 866 συνίσταται.

2152 985 2266 1041 Καί
2310 987 2641 1058 Ἐκκλησία,
2689 990 3079 1058 πρωτοτόκων
3133 989 3679 1060 άπογεγραμμένι.›ν

2081 1076 2152 1130 ἐν
2173 1078 2476 1145 οὐρανοῖς.
2507 1079 2898 1150 Πρωτοτόκους
2928 1080 3086 1135 καλεῖ
3113 1083 3240 1144 τοὺς
3272 1083 3518 1146 πιστοὺς,
3547 1084 3677 1144 τοὺς

2081 1168 2498 1240 ἀφιερωμένους
2537 1170 2674 1242 Θεῷ,
2734 1173 2859 1236 τοὺς
2901 1173 3290 1243 ήγιασμένους,
3336 1168 3413 1228 ὧν
3457 1175 3524 1228 τὰ
3556 1175 3679 1229 ὀνό-

2084 1277 2231 1330 ματα
2269 1262 2328 1314 ὲν
2370 1262 2540 1334 βίϐλῳ
2562 1261 2727 1332 ζωῆς,
2757 1264 2901 1318 καθὰ
2931 1265 3022 1319 καὶ
3044 1267 3072 1318 ὁ
3112 1265 3320 1338 Κύριος
3352 1268 3464 1329 τοῖς
3497 1266 3679 1337 μαθη-

2079 1352 2200 1414 ταῖς
2226 1351 2415 1422 ἐλεγεν
2437 1372 2451 1386 ·
2501 1353 2699 1424 ’Υμῶν
2716 1354 2786 1408 δὲ
2814 1355 2888 1409 τὰ
2909 1357 3171 1426 ὀνόματα
3191 1356 3419 1427 ἐγράφη
3450 1358 3520 1411 ἐν
3543 1357 3675 1425 τοῖς

2078 1441 2381 1508 οὐρανοῖς.
2430 1443 2650 1515 Ἐπειδὴ
2679 1445 2737 1498 δὲ
2771 1446 2948 1509 κοινός
2976 1448 3094 1499 ἐστι
3134 1446 3325 1520 Πατὴρ
3375 1446 3594 1500 πάντων
3642 1449 3678 1501 6

2078 1530 2230 1596 Θεὸς,
2274 1533 2479 1597 πάντες
2525 1534 2623 1604 μὲν
2669 1535 2944 1605 ἄνθρωποι
2987 1535 3097 1591 uio!
3146 1537 3287 1590 εῖσιν
3332 1536 3499 1590 αὐτοῦ
3546 1555 3677 1590 zot-

2078 1621 2222 1685 νῶςο
2255 1623 2593 1692 πρωτότοκοι
2646 1625 2705 1679 δὲ
2748 1622 2978 1691 τούτων,
3022 1628 3072 1679 οἱ
3120 1624 3534 1691 πιστεύσαντες,
3571 1628 3677 1680 καὶ

2077 1710 2221 1777 ἄξιοι
2258 1714 2358 1779 τῆς
2400 1715 2543 1769 κατὰ
2585 1716 2847 1787 πρόθεσιν
2873 1716 2918 1748 ⁸¹
2950 1715 3245 1780 υἱοθεσίας.
3278 1716 3347 1771 ’Ἦ
3395 1718 3490 1772 καὶ
3531 1718 3677 1772 πάν-

2077 1822 2170 1887 τες
2202 1806 2301 1876 μὲν
2329 1806 2516 1872 ἁπλῶς
2562 1809 2612 1862 οἱ
2655 1808 3024 1875 πιστεύοντες,
3055 1808 3162 1862 υἱοί
3190 1824 3204 1839 ⁸
3235 1809 3568 1881 πρωτότοκοι
3609 1808 3674 1863 δὲ

393 1877 514 1978 dem
543 1884 851 1952 credentes,
885 1888 978 1944 lilii
1033 1905 1199 1963 sunt;
1248 1899 1601 1971 primogenili
1630 1914 1834 1973 autem,
1871 1877 1965 1978 ’ψιί

2078 1877 2129 1949 οἱ
2153 1898 2457 1968 εὐάρεστοι,
2495 1900 2588 1953 καὶ
2621 1901 2729 1955 τῶν
2758 1898 3064 1969 πρεσϐειῶν
3088 1900 3147 1953 ὲν
3190 1877 3337 1970 16719
3374 1900 3468 1953 καὶ
3510 1898 3673 1969 πολι-

393 1966 505 2022 Deo
538 1972 679 2028 bene
710 1977 948 2047 placent,
975 1992 1031 2038 et
1085 1987 1140 2041 in
1194 1991 1361 2046 verbo
1395 1995 1629 2064 vitaeque
1668 2013 1974 2055 canversa-

390 2063 540 2156 tione
579 2065 948 2136 legationibus
979 2078 1123 2147 apud
1158 2079 1331 2137 Deum
1367 2063 1573 2156 dignati
1607 2100 1757 2145 sunt.

466 2155 783 2253 Lj'tjudicem
823 2156 993 2223 Deum
1017 2174 1275 2228 omnium.
1308 2175 1410 2231 Hic
1434 2155 1655 2250 quoque
1691 2192 1971 2253 perterre-

391 2244 530 2302 facit
558 2266 676 2306 eos.
717 2254 979 2313 Omnium
1019 2263 1191 2328 enim,
1224 2280 1330 2319 non
1369 2244 1706 2328 Judaaorum-
1735 2281 1970 2340 tantmn,

388 2346 650 2396 caeterum
684 2353 739 2398 et
774 2346 1201 2422 ﬁdeliumjudex
1232 2364 1339 2411 est.
1365 2357 1521 2413 Illum
1571 2375 1702 2431 ergo
1751 2365 1961 2420 timete.

390 2430 645 2488 Ostendit
682 2443 865 2491 autem
891 2443 1168 2509 quomodo
1199 2445 1276 2500 illi
1319 2449 1594 2506 veteribus
1618 2430 1973 2510 excellentio-

392 2538 480 2577 res
509 2534 667 2596 sunt,
701 2530 972 2600 siquidem
1008 2536 1085 2592 illl
1109 2553 1178 2593 ne
1209 2541 1354 2595 nuda
1378 2544 1598 2612 quidem
1636 2546 1803 2600 verba
1837 2561 1970 2602 sus-

386 2616 681 2685 tinebant,
749 2638 926 2693 neque
984 2630 1157 2684 monti
1230 2633 1451 2703 quidem
1529 2639 1972 2708 apprOpinquare

388 2709 710 2770 audebant:
750 2731 848 2773 vos
875 2729 1057 2775 autem
1101 2723 1280 2793 ipsum
1317 2726 1560 2795 judicem
1618 2731 1856 2799 adiistis,
1915 2733 1970 2789 id

382 2810 487 2865 est,
519 2803 821 2865 Christum.
854 2809 1018 2867 Pater
1043 2816 1191 2870 enim
1233 2835 1336 2872 non
1368 2819 1578 2883 iudicat
1626 2839 1966 2895 quemquam,

382 2895 474 2946 sed
482 2895 747 2961 judicium
781 2917 932 2957 omne
956 2904 1102 2960 dedit
1147 2908 1283 2964 Filio
1306 2910 1374 2966 “.

458 2983 525 3037 Et
547 2986 616 3039 ad
645 2991 865 3057 spiritus
879 2993 1148 3061 justorum
1187 3001 1560 3069 perfectorum.
1595 3004 1709 3062 Hoc
1738 3017 1844 3073 est,
1880 3008 1946 3064 ad

384 3072 600 3128 animas
630 3091 817 3132 eorum
867 3082 962 3151 qui
999 3085 1132 3139 clari
1164 3097 1219 3142 et
1246 3090 1474 3158 perfecti
1506 3093 1606 3148 visi
1653 3104 1782 3150 sunt
1821 3097 1963 3175 apud

382 3162 580 3233 Deum,
623 3183 720 3239 per
751 3170 910 3227 fidem
951 3175 1227 3243 videlicet,
1260 3181 1338 3234 uti
1358 3182 1755 3240 demonstravit
1789 3204 1804 3242 :
1840 3162 1966 3258 qui-

385 3253 490 3310 bus
519 3258 683 3314 etiam
712 3261 1052 3333 adiungendi
1082 3267 1237 3336 estis,
1273 3271 1318 3327 si
1357 3274 1519 3331 modo
1566 3276 1691 3332 illos
1742 3253 1961 3337 fueritis

383 3343 607 3402 imitati.

456 3440 620 3497 Vens.
645 3443 737 3499 24.
772 3446 851 3501 Ac
883 3452 1199 3507 Testamenti
1228 3453 1368 3511 Novi
1390 3459 1729 3517 mediatorem
1757 3463 1959 3520 Jesum.

379 3526 500 3584 Non
536 3546 755 3590 servum
787 3535 974 3595 Mosen
1003 3541 1245 3617 adlistis,
1275 3547 1371 3604 sed
1426 3547 1613 3608 Jesum
1667 3553 1962 3611 Dominum

379 3631 654 3682 nostrum.

456 3713 525 3768 Et
552 3720 859 3788 sanguinem
885 3726 1232 3792 aspersionis.
1259 3726 1372 3785 Hoc
1402 3740 1510 3798 est,
1539 3715 1959 3802 purificationis.

382 3801 619 3899 sanguis
651 3809 798 3865 enim
832 3812 1039 3870 Christi
1066 3830 1396 3889 conspersus
1415 3801 1580 3893 super
1611 3840 1735 3892 nos,
1764 3842 1964 3899 purga-

377 3895 458 3950 vit
485 3912 587 3955 nos
614 3909 672 3956 et
699 3904 1085 3965 sanetilicavit.

451 3995 644 4060 Melius
703 4006 1014 4079 loquentem,
1063 4031 1224 4085 quam
1282 4018 1432 4074 Abel.
1487 4018 1726 4091 Sanguis
1791 4023 1961 4096 igitur

375 4093 562 4151 Abelis
584 4096 800 4157 locutus
832 4104 953 4159 est?
981 4102 1235 4163 Omnino.
1273 4108 1385 4162 νοω
1409 4112 1577 4179 enim,
1602 4093 1960 4184 inquit,'san-

295 4262 299 4267 .
377 4187 555 4255 guinis
576 4189 763 4256 fratris
792 4194 877 4246 sui
920 4194 1118 4250 clamat
1152 4200 1221 4252 ad
1260 4216 1340 4255 me
1369 4201 1439 4255 ".
1475 4201 1572 4259 Vel
1603 4206 1750 4274 quod
1784 4222 1952 4277 supra

378 4277 587 4333 dictum
613 4289 722 4347 est,
761 4283 1005 4352 loquitur
1034 4304 1203 4354 nunc,
1255 4306 1379 4345 cum
1412 4294 1725 4349 celebratur
1773 4306 1828 4352 et
1859 4300 1957 4354 de-

375 4376 631 4424 cantatur
657 4374 798 4441 apud
828 4390 1019 4433 omnes
1054 4382 1335 4438 mortales.
1397 4385 1467 4438 At
1498 4386 1705 4443 Christi
1725 4390 1954 4461 sanguis

373 4459 801 4529 splendidiorem
839 4483 1025 4524 vocem
1082 4473 1196 4527 edit
1246 4482 1300 4528 et
1337 4459 1852 4547 signiticantiorem,
1898 4489 1953 4536 et

1985 3222 2034 3287 C

2074 1987 2199 2059 τείᾳ
2225 1988 2521 2059 ἠξιωμένοι
2549 1989 2702 2059 παρὰ
2735 1990 2877 2060 Θεῷ.

2145 2165 2253 2218 Kal
2292 2163 2464 2234 κριτῇ
2497 2164 2619 2232 Θεῷ
2651 2166 2915 2222 πάντων.
2948 2164 3214 2222 Ἐνταῦθα
3249 2166 3346 2221 καὶ
3377 2165 3532 2236 φοϐεῖ
3558 2166 3663 2220 αύ-

2072 2254 2219 2318 τούς.
2264 2256 2489 2311 Πάντων
2519 2259 2652 2329 γὰρ,
2695 2258 2816 2329 οὐχὶ
2869 2258 3138 2312 Ἰουδαίων
3168 2257 3349 2327 μόνον,
3394 2255 3530 2310 ἀλλὰ
3560 2258 3659 2310 καὶ

2075 2347 2280 2401 πιστῶν
2330 2350 2445 2402 ἐστι
2483 2351 2702 2420 κριτής.
2745 2350 3022 2421 Φοϐήθητε
3049 2347 3143 2404 οὖν
3169 2349 3377 2403 τοῦτον.
3408 2349 3659 2403 Δείκνυσι

2073 2434 2130 2488 δὲ
2161 2435 2277 2504 ἅμα
2312 2439 2405 2490 καὶ
2437 2437 2534 2509 τὴν
2556 2438 2831 2511 ὑπεροχὴν
2870 2439 3070 2503 αὐτῶν,
3101 2439 3199 2510 τὴν
3230 2439 3372 2511 πρὸς
3403 2439 3530 2501 τοὺς
3556 2440 3669 2492 πά-

2073 2523 2185 2591 λαι,
2218 2527 2335 2595 εἴγε
2368 2531 2567 2583 ἐκεῖνοι
2598 2531 2698 2597 μὲν
2729 2532 2849 2585 οὐδὲ
2876 2533 3136 2603 ῥημάτων
3159 2531 3330 2602 ψιλῶν
3357 2533 3662 2603 ἠνείχοντο,

2072 2617 2191 2671 οὐδὲ
2221 2620 2465 2688 ἐτόλμων
2497 2623 2716 2691 ἐγγίσαι
2751 2623 2871 2678 οὐδὲ
2896 2625 2974 2697 τῷ
3006 2624 3141 2695 δρει·
3176 2625 3333 2695 ὑμεῖς
3359 2623 3416 2678 δὲ
3447 2625 3540 2678 καὶ
3558 2625 3664 2676 αὐ-

2071 2706 2149 2776 τῷ
2173 2709 2252 2778 τῷ
2295 2713 2452 2782 κριτῇ
2517 2713 2980 2784 προσεληλύθατε,
3012 2713 3259 2767 τουτέστι
3296 2712 3537 2784 Χριστῷ.
3583 2711 3664 2767 οὺ

2070 2803 2181 2871 γὰρ
2210 2805 2414 2873 Πατὴρ
2447 2807 2637 2873 κρίνει
2667 2805 2906 2874 οὐδένα,
2944 2807 3107 2861 ἀλλὰ
3148 2805 3264 2876 τὴν
3295 2806 3501 2875 κρίσιν
3543 2805 3665 2862 πᾶ,-

2069 2904 2194 2945 σαν
2219 2892 2441 2948 δέδωκε
2472 2895 2553 2962 τῷ
2596 2894 2726 2961 Υίῷ.

2140 2984 2253 3038 Καὶ
2275 2987 2575 3056 πνεύμασι
2596 2987 2851 3041 δικαίων.
2865 2986 3354 3056 τετελειωμένων.
3369 2986 3663 3049 Τουτέστι,

2067 3076 2188 3139 ταῖς
2212 3075 2413 3147 ψυχαῖς
2440 3076 2547 3131 τῶν
2576 3078 3056 3149 εὐδοκιμησάντων
3084 3077 3177 3131 καὶ
3210 3076 3433 3131 τελείων
3461 3077 3663 3145 φανένο

2065 3184 2175 3222 των
2227 3170 2380 3242 παρὰ
2415 3169 2557 3241 Θεῷ,
2596 3170 2685 3224 διὰ
2706 3172 2806 3242 τῆς
2865 3171 3103 3234 πίστεως
3149 3168 3372 3241 δηλαδὴ,
3423 3168 3499 3230 ὡς
3549 3167 3662 3220 άπι-

2065 3258 2289 3328 έδειξενυ
2322 3256 2405 3326 οἷς
2465 3262 2688 3333 μέλλετε
2765 3262 3122 3333 συνταγῆναι,
3196 3260 3294 3315 ἑὰν
3374 3258 3663 3331 ζηλώσητε

2064 3355 2308 3418 τούτους.

2133 3448 2245 3504 Καὶ
2282 3446 2580 3516 Διαθήκης
2618 3448 2776 3513 Νέας
2797 3447 3019 3518 μεσίτῃ
3068 3448 3295 3516 Ἰησοῦ.
3353 3447 3488 3521 Οὐχὶ
3526 3446 3664 3500 Μω-

2064 3542 2133 3613 σῇ
2161 3539 2241 3612 τῷ
2268 3538 2458 3612 δούλῳ,
2489 3539 2626 3597 ἀλλὰ
2675 3541 2850 3612 Ἰησοῦ
2875 3540 2955 3612 τῷ
2984 3540 3170 3612 Κυρίῳ
3192 3540 3376 3612 ἡμῶν.

2133 3716 2243 3770 Καὶ
2306 3716 2507 3788 αἵματι
2544 3719 2904 3787 ῥαντισμοῦ.
2963 3718 3223 3773 Τουτιστι
3284 3717 3656 3790 καθαρισμοῦ.

2061 3811 2137 3864 Τὸ
2163 3811 2273 3883 γὰρ
2304 3808 2445 3883 αἷμα
2470 3812 2564 3865 τοῦ
2595 3811 2833 3884 Χριστοῦ
2869 3811 3152 3882 ραντισθὲν
3182 3811 3268 3881 ἐφ’
3298 3812 3468 3882 ἡμᾶς,
3518 3812 3657 3867 ἑκά-

2062 3904 2194 3977 θαρε
2229 3905 2324 3960 καὶ
2360 3905 2576 3976 ἡγίασε.

2131 4008 2413 4078 Κρεῖττον
2444 4008 2737 4064 λαλοῦντι
2767 4010 2929 4079 παρὰ
2961 4009 3029 4064 τὸ
3069 4011 3271 4067 Ἅϐελ.
3319 4012 3394 4067 Τὸ
3414 4011 3524 4081 γὰρ
3556 4010 3656 4064 τοῦ

2065 4101 2231 4155 Ἀϐελ
2279 4101 2540 4167 ὲλάλησε;
2589 4102 2720 4156 Ναί.
2779 4101 2953 4172 Φωνὴ
3005 4102 3138 4174 γὰρ,
3174 4104 3359 4175 φησὶν,
3403 4103 3657 4173 αἵματος

2058 4193 2168 4248 τοῦ
2196 4192 2465 4264 ἀδελφοῦ
2493 4207 2611 4249 σου
2635 4192 2760 4261 ,ϐοᾷ
2787 4194 2939 4263 πρός
2981 4211 3079 4265 με.
3113 4196 3185 4250 ἸΙ
3222 4195 3360 4264 ὅπερ
3391 4195 3487 4249 καὶ
3510 4198 3657 4249 ἀνω-

2057 4286 2205 4357 τέρω
2248 4281 2483 4357 εἴρηται,
2519 4287 2600 4340 ὅτι
2646 4284 2799 4339 λαλεῖ
2839 4287 2933 4340 καὶ
2979 4285 3076 4340 νῦν
3124 4287 3500 4358 φημιζόμενον
3550 4287 3651 4340 καὶ

2058 4377 2319 4450 ᾀδόμενον
2367 4377 2518 4448 παρὰ
2547 4379 2736 4432 πᾶσιν.
2777 4377 2941 4433 Ἀλλὰ
2971 4380 3035 4433 τὸ
3061 4379 3156 4434 τοῦ
3209 4379 3449 4452 Χριστοῦ
3505 4381 3652 4451 λαμ-

2062 4468 2334 4541 προτέραν
2386 4469 2572 4539 φωνὴν
2613 4467 2810 4541 ἀφίησι
2849 4470 2947 4523 καὶ
2987 4470 3392 4543 εὐσημοτέραν,
3422 4472 3511 4525 διὰ
3539 4470 3653 4525 τῶν

371 4553 686 4624 clariorem,
736 4575 834 4629 per
873 4577 963 4618 res
1024 4564 1173 4635 ipsas
1228 4568 1497 4635 clamans,
1546 4573 1692 4641 quod
1758 4589 1953 4630 omnes

2078 4559 2400 4630 τραγμάτων
2429 4558 2590 4629 βοῶν,
2637 4559 2720 4613 ὅτι
2750 4558 2960 4623 πάντας
2989 4560 3206 4631 ὴγίασε.
3237 4562 3346 4614 Καὶ
3372 4560 3551 4623 ἄλλως
3590 4559 3653 4614 δὲ

371 4646 752 4703 sanctificavit.
778 4649 919 4717 Quin
975 4662 1029 4708 et
1060 4656 1196 4712 alias
1229 4659 1471 4729 loquitur
1502 4680 1516 4716 :
1553 4663 1648 4718 ubi
1680 4665 1953 4719 invenerit

372 4745 611 4791 mentem
643 4739 940 4807 sinceram,
970 4748 1173 4801 excitat
1198 4765 1339 4815 eam,
1364 4760 1421 4806 et
1445 4751 1578 4808 facit
1601 4755 1948 4829 755loqui.

368 4826 602 4894 Spiritus
635 4832 781 4887 enim
808 4835 1041 4905 loquitur
1077 4842 1355 4910 gemitibus
1399 4826 1946 4903 inenarrabilibusi".

364 4919 535 4978 Divus
580 4933 764 4981 autem
821 4927 1057 5000 Cyrillus
1124 4933 1207 4988 sic
1270 4934 1560 5002 intellexit,
1613 4941 1760 5009 quod
1817 4955 1948 4995 san-

365 5013 492 5085 guis
520 5014 706 5073 Abelis
769 5017 1084 5078 clamaverit
1117 5025 1380 5082 adversus
1406 5028 1709 5085 occisorem
1744 5048 1759 5086 :
1790 5030 1953 5085 Chri-

371 5107 441 5160 sti
477 5115 663 5164 autem
704 5112 932 5183 sanguis
983 5129 1083 5184 pro
1141 5118 1303 5174 nobis
1336 5120 1583 5191 loquitur
1622 5123 1687 5174 ad
1728 5121 1946 5176 Patrem

441 5288 610 5346 Vens.
655 5290 748 5349 εδ.
815 5292 1002 5349 Videte
1057 5310 1121 5350 ne
1177 5299 1425 5352 recusetis
1494 5299 1810 5370 loquentem.
1864 5301 1944 5357 Eo

367 5377 511 5445 quod
553 5391 660 5432 non
695 5381 920 5437 creditis
949 5381 1069 5450 ejus
1105 5385 1585 5453 promissionibus,
1613 5388 1707 5444 sed
1742 5389 1939 5460 despe-

2050 4650 2204 4704 λαλεῖ
2245 4664 2260 4679 ·
2302 4649 2432 4703 ἔνθα
2477 4648 2615 4722 εὕρῃ
2655 4649 2901 4705 διάνοιαν
2951 4650 3259 4721 εἰλικρινῆ,
3310 4651 3651 4722 διανίστησιν

2050 4740 2242 4810 αὐτὴν,
2276 4738 2371 4793 καὶ
2405 4742 2551 4793 ποιεῖ
2578 4740 2784 4795 λαλεῖν.
2828 4740 2901 4795 Τὸ
2949 4742 3058 4812 γὰρ
3097 4742 3343 4812 Πνεῦμα
3368 4741 3552 4797 λαλεῖ
3577 4742 3650 4797 ἐν

2049 4831 2409 4904 στεναγμοῖς
2458 4832 2812 4900 ἀλαλήτοις.
2855 4834 2969 4888 Καὶ
3006 4836 3034 4888 ὁ
3080 4833 3236 4904 ἅγιος
3268 4834 3328 4888 δὲ
3376 4833 3650 4907 Κύριλλος

2047 4922 2191 4976 οὕτω
2221 4940 2336 4985 πως
2361 4922 2601 4991 ἐδέξατο,
2634 4923 2718 4977 ὅτι
2747 4922 2812 4980 τὸ
2838 4922 2937 4995 μὲν
2968 4917 3109 4993 αἷμα
3137 4924 3232 4978 τοῦ
3264 4922 3454 4990 Ἀϐελ,
3485 4923 3653 4977 κατέ-

2050 5032 2224 5085 κραγε
2270 5013 2366 5070 τοῦ
2412 5014 2674 5084 φονευτοῦ
2700 5014 2747 5049 ⁸⁸
2774 5030 2791 5047 ο
2831 5014 2895 5069 τὸ
2940 5015 3000 5071 δὲ
3046 5014 3142 5070 τοῦ
3182 5014 3443 5089 Χριστοῦ,
3504 5013 3647 5087 ὑπὲρ

2045 5110 2078 5179 ἠ
2088 5108 2205 5179 μῶν
2245 5107 2396 5162 λαλεῖ
2436 5109 2575 5179 πρὸς
2607 5108 2699 5162 τὸν
2724 5107 2892 5162 αὐτοῦ
2933 5107 3176 5180 Πατέρα.
3644 5128 3647 5131 ’

2115 5292 2378 5348 Βλέπετε
2412 5292 2498 5364 μὴ
2522 5293 2997 5364 ’παραιτήσησθε
3027 5291 3136 5347 τὸν
3166 5287 3498 5347 λαλοῦντα.
3539 5283 3640 5340 Διά

2048 5387 2143 5441 τοῦ
2176 5387 2475 5457 ἀπιστῆσαι
2526 5387 2647 5451 ταῖς
2694 5385 2858 5441 αὑτοῦ
2916 5382 3295 5454 ἐπαγγελίαις,
3355 5381 3452 5436 καὶ
3505 5380 3643 5434 ἁπο-

440 5552 484 5584 "
509 5550 672 5611 Joan.
702 5572 754 5622 ν,
789 5557 881 5612 22.
959 5560 1004 5593 ⁸⁸
1038 5557 1172 5616 Luc.
1206 5577 1260 5624 x.
1283 5563 1373 5621 2‘2.
1452 5566 1498 5598 θ’
1527 5566 1662 5623 Gen.
1696 5583 1772 5635 tv,
1808 5567 1894 5624 ll).
1974 5568 2021 5601 ⁷ο
2061 5566 2221 5624 Rom.
2262 5584 2382 5636 νιιι,
2411 5568 2505 5624 26.

1657 5701 1660 5704 ’
1724 5710 1926 5774 Variae
1963 5709 2296 5774 lectiones.

440 5815 481 5846 ⁸¹
515 5813 835 5888 προαίρεσιν
857 5833 908 5873 0.
987 5820 1033 5854 ⁸³
1056 5821 1286 5893 ἀδελφοῦ
1315 5840 1369 5880 o.
