4044 6428
373 394 481 459 385

1148 394 1551 457 EXPOSITJO
1578 392 1659 455 IN
1695 391 1935 454 EPIST.
1979 389 2079 450 AD
2111 383 2505 448 HEBRIEOS.
2525 384 2774 448 -CAP.
2807 381 2950 446 XII.

3552 387 3664 452 386

371 511 603 580 γνῶναι.
637 508 732 574 Τίς
754 509 814 564 δι
833 511 862 564 ὁ
888 509 1088 577 λαλῶν,
1121 512 1153 581 ἦ
1187 513 1215 564 ὁ
1237 511 1501 582 Χριστός;
1538 509 1602 564 El
1631 513 1740 580 γὰρ
1779 509 1841 564 τὸ
1872 502 1962 564 αἷ-
1993 560 1996 568 .

2101 504 2226 559 atis.
2267 501 2402 569 Quis
2452 509 2632 558 autem
2673 500 2873 571 estqui
2917 498 3179 570 loquitur,
3213 498 3321 555 nisi
3367 497 3668 557 Christus?

378 619 459 674 μα
483 600 654 657 αὑτοῦ
684 601 860 669 λαλεῖ,
897 602 1077 674 πολλῷ
1114 604 1315 673 μᾶλλον
1339 603 1502 666 αὐτὸς
1533 603 1620 673 ζῇ.

447 791 521 844 ει
556 789 670 858 γὰρ
701 789 919 844 ἐκεῖνοι
957 792 1068 845 οὐκ
1095 790 1343 859 ἔφυγον,
1401 789 1510 843 τὸν
1550 789 1648 842 ἐπὶ
1687 787 1798 858 γῆς
1833 802 1981 856 παρ-

377 881 777 950 αιτησάμενοι
809 881 1263 952 χρηματίζοντα.
1295 879 1360 933 Τί
1386 883 1488 935 οὐκ
1511 881 1744 950 ἐφυγον;
1770 881 1880 950 Τὴν
1901 897 1981 933 τι·

381 971 624 1042 μωρίαν,
659 973 760 1042 τὴν
806 973 1105 1027 ἀπώλειαν.
1143 974 1268 1026 Ἐπὶ
1315 972 1418 1042 γῆς
1463 972 1520 1026 δὲ
1545 971 1976 1044 χρηματίζοντα,

374 1066 470 1117 τὸν
520 1065 729 1133 Μωσῆν
759 1064 926 1133 λέγει,
963 1067 996 1137 ἢ
1036 1067 1131 1119 καὶ
1162 1067 1254 1120 τὸν
1285 1066 1440 1130 Θεὸν,
1476 1065 1568 1117 τὸν
1612 1067 1707 1118 ἀπ’
1747 1065 1980 1134 οὐρανοῦ

382 1158 482 1224 μὲν
513 1157 854 1221 καταϐάντα,
891 1159 984 1211 ἐπὶ
1009 1158 1114 1229 γῆς
1154 1157 1213 1211 δὲ
1258 1159 1409 1228 ὅμως
1457 1156 1870 1228 χρηματίζοντα
1893 1155 1983 1208 διὰ

379 1249 654 1312 Μωσέως.
725 1250 812 1302 Ἐν
867 1249 976 1321 γὰρ
1029 1249 1108 1321 τῷ
1151 1250 1269 1322 ὄρει
1313 1249 1391 1320 τῷ
1437 1250 1568 1321 Σινᾷ
1618 1249 1980 1320 ἐχρημάτισε,

385 1342 666 1394 τουτέστιν
698 1339 966 1411 ὡμίλησε,
1021 1339 1292 1412 διελέχθη,
1355 1341 1662 1408 διετάξατο.

451 1510 675 1578 Πολλῷ
702 1512 947 1583 μᾶλλον
976 1513 1169 1583 ἡμεῖς,
1197 1517 1252 1570 οἱ
1278 1514 1386 1569 τὸν
1409 1515 1512 1570 ἀπ’
1535 1515 1812 1584 οὐρανῶν
1835 1532 1986 1573 απο-

382 1605 810 1672 στρεεςόμενοι.
843 1606 1102 1658 Τουτέστι
1170 1606 1262 1659 τὸν
1295 1608 1532 1677 Χριστὸν
1557 1609 1648 1661 τὸν
1685 1609 1778 1661 ἀπ’
1826 1611 1988 1680 οὐρα-

383 1696 493 1747 νῶν
552 1697 990 1765 χρηματίζοντα·
1047 1698 1296 1752 τουτέστι
1355 1699 1447 1753 τὸν
1505 1702 1643 1770 μετὰ
1685 1703 1744 1754 τὸ
1790 1703 1990 1770 ἀναλη-

384 1787 593 1856 φΐιῆναι
617 1787 706 1838 τὸν
728 1789 895 1857 νόμον
927 1790 1060 1858 ἡμῖν
1090 1787 1249 1842 δόντα
1277 1790 1366 1843 διὰ
1387 1790 1481 1843 τοῦ
1511 1791 1846 1862 Πνεύματος.
1879 1794 1992 1866 Οὐχ

2081 595 2237 662 Quod
2279 595 2326 650 si
2365 593 2591 664 sanguis
2637 591 2758 663 ejus
2787 592 3059 662 loquitur,
3094 591 3268 645 multo
3305 591 3490 660 potius
3544 591 3668 662 ipse

2083 688 2239 742 vivit.

2154 779 2215 835 Si
2243 782 2379 834 enim
2406 779 2493 833 illi
2523 794 2626 833 non
2657 777 2968 848 eﬂ'ugerunt,
3003 784 3302 831 recusantes
3324 792 3444 830 eum
3469 776 3559 846 qui
3573 791 3667 830 su-

2081 890 2172 942 per
2203 885 2401 928 terram
2439 872 2773 942 loquebatur.
2811 871 2952 938 Quid
2983 885 3092 925 non
3126 870 3483 942 elfugerunt?
3524 869 3667 941 Sup-

2084 966 2324 1038 pliclum,
2349 965 2674 1036 perniciem.
2713 963 2815 1020 Per
2849 979 2974 1020 eum
3006 972 3188 1019 autem
3218 965 3309 1034 qui
3347 978 3514 1033 super
3550 974 3667 1018 ter-

2085 1075 2199 1113 ram
2233 1053 2514 1112 oraculum
2543 1055 2827 1123 reddebat,
2857 1056 3042 1112 Mosen
3068 1056 3344 1127 intelligit,
3365 1057 3452 1110 vel
3473 1054 3666 1118 Deum,

2084 1153 2177 1223 qui
2211 1168 2241 1206 e
2272 1151 2428 1206 caelis
2459 1149 2680 1220 quidem
2713 1148 3100 1212 descendebat,
3133 1164 3299 1217 super
3328 1158 3530 1202 terram
3591 1158 3672 1202 ta-

2084 1259 2212 1298 men
2241 1241 2530 1296 oraculum
2554 1240 2750 1296 edebat
2777 1255 2875 1311 per
2902 1239 3108 1294 Mosen.
3131 1237 3186 1292 In
3219 1247 3404 1293 monte
3434 1253 3674 1307 namque

2091 1331 2225 1386 Sina
2266 1331 2635 1403 ἐχρημάτισε,
2673 1331 2778 1385 hoc
2808 1339 2916 1398 est,
2949 1330 3168 1385 locutus
3217 1339 3324 1396 est,
3383 1327 3671 1392 disseruit,

2086 1423 2386 1479 ordinavit.

2164 1509 2334 1563 Multo
2360 1510 2537 1578 potius
2568 1525 2689 1572 nos,
2727 1509 2820 1579 qui
2857 1509 2920 1563 de
2969 1508 3112 1562 uelis
3169 1508 3463 1576 loquentem
3519 1506 3670 1560 nobis

2093 1605 2408 1656 avertimus.
2443 1601 2559 1659 lloc
2607 1611 2716 1667 est,
2752 1603 3032 1657 Christum
3081 1617 3110 1657 e
3145 1602 3300 1656 caelis
3334 1600 3670 1670 loquentem,

2093 1696 2144 1751 id
2180 1707 2283 1760 est,
2309 1698 2402 1768 qui
2441 1706 2562 1768 post
2589 1698 3028 1766 assumptionem
3061 1710 3239 1761 suam,
3297 1695 3472 1765 legem
3510 1691 3670 1746 nobis

2092 1786 2243 1843 dedit
2271 1805 2366 1860 per
2393 1789 2680 1859 Spiritum.
2711 1788 2831 1843 Non
2857 1798 3040 1843 autem
3063 1787 3229 1843 veluti
3249 1786 3388 1841 alius
3413 1786 3671 1848 sitnunc,

383 1879 464 1940 ὡς
512 1878 674 1930 ἄλλον
702 1877 758 1930 δὲ
786 1879 938 1942 ὄντος
982 1877 1104 1932 τότε
1137 1881 1232 1933 καὶ
1259 1881 1421 1934 ἄλλου
1459 1880 1575 1947 νῦν,
1617 1881 1778 1935 τοῦτο
1804 1878 1982 1951 εἶπεν,

2101 1883 2230 1938 ilius
2276 1897 2407 1951 vero
2450 1891 2578 1936 tunc
2601 1921 2617 1948 ,
2665 1880 2771 1936 hoc
2805 1881 2977 1945 dixit,
3027 1879 3120 1934 sed
3153 1879 3348 1934 modus
3379 1875 3676 1948 legislatio-

384 1971 532 2023 ἀλλ’·
557 1971 585 2022 ὁ
633 1971 830 2040 τρόπος
858 1972 958 2041 τῆς
1000 1971 1320 2042 νομοθεσίας
1390 1973 1656 2045 διαφέρει.
1710 1972 1846 2028 Τότε
1887 1975 1988 2046 μὲν

387 2065 502 2132 γὰρ
535 2065 627 2116 ἐπὶ
659 2064 759 2134 τῆς
787 2064 890 2135 γῆς
924 2063 1308 2136 χρηματίζων,
1351 2064 1520 2119 ἔδωκε
1550 2067 1642 2120 τὸν
1675 2068 1860 2137 νόμον
1893 2067 1987 2121 νῦν

390 2157 450 2208 δὲ
492 2157 848 2227 ἀναληφθεὶς,
900 2159 976 2222 ὡς
1023 2160 1263 2230 εἴρηται.
1302 2160 1466 2214 Ὥστε
1507 2160 1884 2232 φοϐερώτερος
1923 2161 1990 2215 ἂν

392 2248 512 2318 εἴη.
556 2249 676 2302 Ὀτι
721 2248 830 2320 γὰρ
867 2250 968 2303 οὐκ
1014 2251 1167 2315 ἄλλος
1209 2246 1277 2322 ἦν
1322 2252 1466 2320 τότε,
1519 2253 1612 2306 καὶ
1658 2253 1818 2319 ἄλλος
1867 2254 1986 2320 νῦν,

393 2341 563 2395 ἄκουε
603 2341 767 2394 αὑτοῦ
803 2341 850 2373 ⁸³
886 2341 1079 2396 τούτου
1127 2343 1346 2416 ἐφεξῆς.

471 2429 558 2486 οὗ
617 2433 655 2498 ἡ
711 2434 880 2502 φωνὴ
921 2435 1037 2501 τὴν
1090 2435 1206 2502 γῆν
1243 2433 1549 2489 ἐσάλευσε
1604 2437 1754 2490 τότε.
1825 2437 1992 2508 Ὀρᾷῖ

394 2527 478 2578 ὅτι
519 2527 614 2578 καὶ
644 2525 812 2578 τότεὸ
862 2525 1038 2578 λαλῶν
1066 2527 1224 2590 αὐτὸς
1255 2523 1344 2598 ἦν.
1379 2529 1408 2581 ὁ
1463 2527 1558 2581 νῦν
1608 2529 1703 2582 ἀπ’
1755 2529 1988 2598 οὐρανοῦ

396 2615 762 2686 χρηματίζων
809 2617 956 2686 ἡμῖν.
1021 2617 1082 2670 'll
1113 2619 1221 2688 γὰρ
1265 2617 1417 2689 φωνὴ
1468 2617 1635 2672 αὑτοῦ
1666 2619 1785 2672 τότε
1827 2622 1887 2674 ὲν
1914 2621 1993 2692 τῷ

395 2709 500 2778 τῆς
525 2709 838 2778 νομοδοσίας
869 2709 1064 2781 καιρῷ,
1104 2709 1201 2780 τὴν
1231 2711 1336 2779 γῆν
1369 2710 1564 2764 ἔσεισε.

473 2885 608 2937 Νῦν
661 2884 730 2936 δὲ
778 2885 1140 2955 ἐπήγγελται
1198 2890 1414 2956 λέγων’
1475 2889 1603 2942 Ἔτι
1669 2889 1832 2953 ᾶ.;ἰε
1881 2889 1996 2960 ἐγὼ

399 2979 571 3039 σείω,
609 2979 680 3030 οὐ
704 2978 900 3046 μόνον
925 2977 1039 3044 τὴν
1071 2976 1209 3047 γῆν,
1241 2979 1405 3032 ἀλλὰ
1436 2979 1533 3032 καὶ
1574 2979 1679 3032 τὸν
1712 2984 1993 3048 οὐρανόν.

399 3070 511 3122 Δύο
546 3070 806 3138 σεισμοὺς
845 3068 1041 3140 ἔχομεν
1089 3069 1196 3123 ἀπὸ
1231 3069 1331 3137 τῆς
1376 3070 1597 3142 Γραφῆς
1625 3074 1947 3143 ’,τ-*ιμένους
1979 3089 1994 3104 ⁶

402 3159 681 3232 πρότερον
719 3161 814 3230 μὲν
856 3160 947 3214 τὸν
983 3162 1077 3214 ἐπὶ
1121 3161 1220 3230 τῆς
1254 3161 1300 3193 ⁸⁸
1346 3163 1477 3216 Σινᾶ
1505 3163 1821 3232 νομοθεσίας
1846 3181 1862 3195 ·
1903 3163 1996 3234 Γῆ

2093 1975 2180 2030 nis
2223 1973 2426 2029 dill'ert.
2474 1973 2616 2028 Tum
2656 1973 2802 2028 enim
2837 1987 3003 2049 super
3046 1981 3248 2026 terram
3279 1985 3466 2040 agens,
3500 1978 3554 2024 et
3585 1984 3675 2024 res

2091 2067 2376 2132 ordinans,
2412 2067 2584 2137 legem
2611 2067 2846 2120 sancivit
2878 2081 2892 2118 :
2924 2079 3071 2118 nunc
3097 2078 3228 2118 vero
3263 2063 3316 2115 in
3351 2062 3561 2116 caelum
3587 2076 3676 2115 as-

2092 2168 2368 2229 sumptus,
2397 2159 2472 2212 ιιιὶ
2493 2157 2700 2212 dictum
2743 2167 2849 2212 est.
2882 2155 3118 2210 Proinde
3157 2155 3456 2209 terribilior
3504 2160 3671 2209 esset.

2091 2251 2247 2319 Quod
2280 2253 2424 2306 enim
2461 2252 2603 2306 haud
2633 2250 2776 2306 alius
2803 2249 2965 2304 fuerit
2993 2261 3146 2314 tunc,
3179 2249 3320 2303 alius
3346 2263 3473 2302 vero
3506 2261 3674 2312 nunc,

2092 2346 2219 2400 audi
2249 2346 2394 2399 hunc
2431 2347 2606 2413 ipsum
2633 2345 2684 2398 in
2723 2344 3102 2412 sequentibus.

2164 2436 2332 2492 Vatis.
2368 2439 2458 2492 26.
2485 2436 2654 2509 Cujus
2689 2450 2788 2490 uox
2819 2446 3018 2489 terram
3060 2444 3184 2485 tunc
3215 2433 3393 2486 mouit.
3424 2431 3680 2485 Animad-

2093 2531 2263 2586 vertis
2289 2545 2414 2585 eum
2449 2541 2560 2583 tum
2589 2543 2807 2598 quoque
2853 2528 3026 2582 fuisse
3047 2528 3141 2598 qui
3185 2527 3526 2595 loqueretur,
3583 2525 3676 2594 qui

2095 2621 2256 2676 hodie
2323 2636 2354 2675 e
2414 2621 2571 2674 cmlis
2631 2621 2788 2674 nobis
2855 2635 3118 2688 responsa
3183 2618 3314 2672 edit.
3368 2616 3481 2671 Vox
3530 2619 3676 2671 enim

2095 2712 2219 2782 ejus
2280 2719 2395 2766 tum
2452 2709 2812 2781 legislationis
2877 2718 3124 2778 tempore
3183 2715 3384 2760 terram
3441 2721 3682 2761 concus-

2175 2893 2334 2947 Nunc
2399 2903 2572 2948 autem
2619 2893 2858 2961 promisit
2917 2891 3134 2946 dicens:
3175 2891 3358 2946 Adhuc
3394 2889 3553 2945 semel
3587 2906 3681 2959 ego

2098 2988 2341 3040 concutio
2371 3001 2474 3040 non
2504 2984 2678 3038 solum
2745 2994 2964 3047 (errant,
3032 2982 3122 3035 sed
3161 2991 3212 3035 et
3283 2981 3491 3035 cazlum.
3533 2979 3682 3034 Duos

2101 3086 2284 3132 motus
2313 3076 2486 3132 fuisse
2508 3092 2572 3128 ex
2602 3073 2882 3144 Scriptura
2912 3083 3183 3128 tenemus.
3209 3074 3366 3128 Prior
3390 3082 3528 3136 erat,
3557 3087 3680 3127 cum

2101 3172 2157 3226 in
2182 3180 2365 3225 monte
2397 3169 2526 3224 Sina
2561 3169 2641 3223 lex
2669 3171 3001 3223 sanciretur.
3060 3171 3217 3220 Terra
3264 3165 3434 3232 enim,
3508 3165 3684 3233 inquit

399 3259 540 3325 γὰρ,
572 3255 739 3325 φησιν
762 3257 790 3308 ὀ
820 3255 1004 3319 Δαϐὶδ,
1047 3256 1296 3324 ἐσείσθη
1330 3271 1343 3284 ·
1379 3255 1629 3326 δεύτερον
1671 3256 1730 3309 δὲ
1775 3257 1866 3310 τὸν
1903 3258 1996 3311 ἐπὶ

2109 3261 2299 3326 David,
2330 3269 2472 3316 mota
2498 3270 2576 3314 est
2605 3261 2670 3314 ⁷³.
2707 3260 2882 3322 Alter,
2917 3274 3040 3312 cum
3077 3260 3128 3312 in
3160 3245 3382 3311 carnem
3428 3256 3684 3310 Christus

399 3349 506 3418 τῆς
626 3349 788 3416 σαρκὶ
816 3347 1128 3418 ἐπιδημίας.
1173 3349 1450 3416 Ἐσείσθη
1502 3349 1632 3418 γὰρ,
1674 3353 1830 3419 φησι,
1885 3349 1997 3406 πᾶ-

400 3456 492 3493 σα
543 3436 944 3508 Ἰερουσαλήμ
990 3453 1003 3467 ·
1050 3440 1162 3503 καὶ,
1218 3437 1613 3504 Σεισθήσεται
1675 3439 1746 3493 τὰ
1804 3457 1998 3510 χειρο-

402 3528 634 3593 ποίητα
673 3526 784 3593 τῆς
813 3528 1137 3595 Αἰγύπτου.
1189 3527 1541 3599 Ἐσείσθησαν
1588 3529 1718 3600 γὰρ,
1751 3533 1999 3584 τουτέστι

401 3619 507 3683 τῖς
557 3615 657 3668 τοῦ
715 3617 924 3687 πλανᾷν
974 3619 1098 3678 τοὺς
1155 3617 1326 3670 ταῦτα
1372 3618 1696 3689 σεϐομένους
1759 3621 2002 3685 στάσεως

406 3707 849 3777 ἁπεκινήοησαν,
898 3710 992 3761 καὶ
1033 3709 1344 3779 κατεϐλήοη
1386 3711 1418 3780 ἡ
1471 3712 1622 3780 ἰσχὺς
1674 3712 1874 3764 αὐτῶν.
1930 3712 2002 3762 Τὸ

409 3798 523 3860 οὖν,
562 3801 688 3852 Ἔτι
726 3799 910 3866 ἅπαξ,
936 3801 1118 3870 τρίτον
1166 3800 1388 3871 σεισμὸν
1421 3801 1590 3870 δηλοῖ,
1613 3802 1704 3854 τὸν
1737 3802 1874 3872 μετὰ
1912 3803 2002 3854 τὸν

415 3892 671 3962 δεύτερον
725 3892 1163 3962 συμϐησόμενον,
1205 3893 1370 3961 ἧγουν
1407 3895 1506 3963 τὴν
1555 3893 1648 3945 ἐπὶ
1687 3896 1750 3964 τῇ
1811 3911 2002 3946 συντε-

423 3981 542 4051 λείᾳ
566 3982 654 4035 τοῦ
688 3983 896 4053 κόσμου
925 3984 1297 4054 καινοτομίαν,
1347 3984 1434 4037 ὅτε
1473 3987 1904 4056 μεταστήσονται
1936 3984 2004 4038 τὰ

429 4074 622 4138 πάντα,
656 4073 769 4128 ἀπὺ
803 4077 901 4146 τῆς
949 4075 1157 4146 φθορᾶς
1204 4077 1285 4139 είς
1336 4075 1644 4146 ἀφθαρσίαν
1690 4074 2006 4129 summa.

418 4183 579 4237 μένα.
633 4167 892 4237 Ἀγγαίου
922 4167 968 4199 ⁸⁸
993 4167 1051 4221 δὲ
1089 4168 1150 4220 τὸ
1217 4168 1401 4239 ῥητόν.

495 4351 566 4404 Τὸ
598 4349 826 4416 δὲ,Ἕτι
853 4349 1039 4416 ἅπαξ,
1076 4348 1258 4415 δηλοῖ
1293 4349 1410 4404 τῶν
1427 4347 1854 4418 σαλευομένων
1892 4346 2008 4416 τὴν

406 4439 765 4509 μετάθεσιν,
796 4440 876 4506 ὡς
905 4439 1346 4508 πεποιημένων.
1380 4440 1662 4504 Τουτέστι,
1707 4438 1805 4508 τῆς
1837 4438 2008 4510 φθαρ-

411 4533 516 4601 τῆς
549 4531 780 4593 κτίσεως
803 4531 899 4602 τὴν
940 4530 1252 4600 μετάθεσιν,
1288 4529 1383 4600 τῆς
1428 4530 1658 4600 ἐχούσης
1707 4529 1866 4600 φύσιν
1912 4547 2008 4582 σα-

2103 3357 2364 3410 venisset.
2398 3352 2547 3407 Mota
2588 3362 2664 3406 est
2695 3353 2864 3415 enim,
2908 3351 3103 3420 inquit,
3151 3351 3396 3403 universa
3453 3347 3682 3401 Jerusa-

2102 3447 2200 3501 lem
2228 3449 2272 3479 ⁷³
2307 3465 2321 3501 :
2355 3456 2426 3512 et,
2453 3444 2836 3501 Concutientur
2861 3430 3007 3496 idola
3031 3441 3343 3509 manufacta
3369 3439 3592 3510 {Egypti
3615 3440 3682 3492 ⁷³.

2100 3535 2381 3591 Com-ussa
2411 3545 2540 3592 sunt
2571 3536 2740 3600 enim,
2769 3535 2868 3587 hoc
2891 3541 2995 3598 est,
3018 3549 3046 3586 a
3072 3535 3308 3588 statione
3338 3547 3438 3586 sua
3468 3531 3686 3585 sublata

2103 3640 2257 3692 sunt,
2291 3644 2360 3682 ne
2381 3643 2517 3683 suos
2551 3627 2740 3681 fallant
2778 3627 3042 3689 cultores,
3073 3641 3138 3680 ac
3169 3626 3438 3695 dejectum
3469 3631 3552 3677 est
3592 3637 3686 3674 ro-

2107 3721 2207 3773 bur
2244 3721 2512 3786 ipsorum.
2543 3717 2701 3783 Quod
2731 3731 2864 3784 ergo
2893 3716 2990 3777 ait,
3031 3716 3218 3768 Adhuc
3249 3714 3430 3776 semel,
3471 3713 3683 3767 tertiam

2105 3810 2527 3863 concussionem
2588 3807 2882 3876 signiﬁcat,
2938 3820 3058 3875 qua:
3099 3815 3223 3873 post
3264 3803 3560 3858 secundum
3602 3812 3688 3854 est

2103 3908 2365 3954 eventura
2405 3916 2418 3952 :
2455 3897 2536 3951 vel
2569 3911 2710 3959 eam,
2745 3912 2867 3965 quae
2903 3898 2955 3950 in
2991 3895 3184 3949 mutuli
3211 3894 3689 3949 consummatione

2105 3992 2287 4046 futura
2328 4000 2434 4055 est,
2465 3988 2898 4051 innovationetn,
2939 3987 3163 4056 quando
3229 3993 3425 4040 cuncta
3488 3984 3690 4038 immn-

2113 4084 2402 4144 tabuntur,
2467 4096 2496 4134 a
2551 4079 3015 4150 corruptibilitate
3074 4079 3141 4132 ad
3212 4076 3690 4146 incorruptionem

2107 4172 2411 4228 alteranda.
2479 4169 2660 4241 Aggaai
2719 4177 2899 4225 autem
2977 4169 3256 4240 prophetae
3315 4168 3420 4222 hoc
3477 4167 3687 4222 dictum

2105 4273 2212 4322 εει.

2185 4358 2352 4412 Vens.
2378 4356 2468 4411 27.
2507 4355 2659 4420 Quod
2686 4365 2884 4420 autem,
2909 4353 3096 4408 Adhuc
3130 4353 3310 4418 semel,
3332 4353 3484 4416 dicit,
3514 4351 3696 4406 decla-

2111 4460 2196 4505 rat
2223 4449 2497 4504 mobilium
2530 4448 2955 4511 translationem,
2983 4460 3235 4515 tanquam
3259 4444 3548 4513 factorum.
3579 4441 3698 4497 Hoc

2113 4553 2217 4605 est,
2251 4539 2632 4608 corruptibilis
2688 4546 2953 4592 creatura:
3011 4534 3549 4598 transmutationem,
3606 4533 3696 4588 cui

412 4622 696 4684 λεύεσοαι,
731 4623 824 4676 ἆτε
855 4623 920 4693 δὴ
947 4626 1345 4692 πεποιημένης,
1377 4622 1678 4687 τουτέστιν,
1709 4621 1882 4694 ἀρχὴν
1911 4621 1996 4675 λα·

2122 4644 2319 4689 natura
2363 4639 2539 4685 estut
2567 4634 2874 4692 moveatur,
2912 4634 2971 4680 ut
2997 4641 3118 4696 quae
3161 4625 3306 4679 facta
3339 4627 3432 4688 sit,
3487 4627 3540 4678 id
3589 4635 3694 4691 est,

414 4713 628 4783 ὄοᾶσης
669 4713 762 4766 τοῦ
803 4709 964 4781 εἶναι,
1007 4715 1102 4768 καὶ
1128 4714 1442 4782 ἀναγκαίως
1493 4714 1692 4786 δηλαδὴ
1735 4717 1832 4768 καὶ
1862 4715 2013 4778 τέλος

416 4810 679 4878 ἐχούσης.
726 4809 841 4862 Πᾶν
873 4809 1058 4878 γὰρτὸ
1099 4810 1343 4881 ποιηθὲν,
1372 4809 1596 4880 ἤρξατο,
1643 4810 1738 4863 καὶ
1761 4809 1848 4862 διὰ
1889 4808 2014 4862 τοῦ-

416 4919 507 4968 το,
542 4903 668 4954 ὅσον
692 4919 754 4970 γε
783 4905 848 4973 τῇ
884 4902 1064 4973 οἰκείᾳ
1093 4902 1253 4972 φύσει
1297 4905 1392 4957 καὶ
1431 4902 1686 4974 τελευτὴν
1738 4903 1870 4972 ἔχει.
1901 4904 2014 4958 Καὶ

418 4995 538 5063 γὰρ
577 4995 670 5046 καὶ
699 4994 747 5046 οἱ
778 4994 999 5062 ἄγγελοι
1023 4995 1166 5048 κατὰ
1195 4995 1357 5065 φύσιν
1387 4993 1486 5065 μὲν
1509 4995 1610 5048 οὑκ
1642 4994 2012 5064 ἀτελεύτητοι,

422 5084 621 5152 ἐπειδὴ
645 5085 766 5138 οὐδὲ
795 5086 1043 5156 ἄναρχοι·
1076 5087 1256 5156 χάριτι
1298 5086 1356 5140 δὲ
1390 5085 1511 5158 Θείᾳ
1555 5085 1614 5139 τὸ
1659 5085 2015 5158 ἀτελεύτητον

420 5172 644 5226 ἔλαϐον.

503 5453 641 5508 Ἵνα
690 5449 849 5520 μένῃ
913 5448 984 5501 τὰ
1025 5447 1110 5516 μὴ
1166 5447 1568 5516 σαλευόμενα.
1622 5445 1882 5500 Τουτέστι
1945 5449 2014 5502 τὰ

501 5629 545 5662 ⁷⁸
584 5626 734 5684 Psal.
762 5640 933 5692 ωιτν,
961 5627 1013 5681 9.
1093 5626 1136 5658 7'
1168 5624 1359 5682 Matth.
1401 5644 1462 5695 ιι,
1487 5627 1540 5680 3.
1617 5631 1670 5662 ⁷³
1696 5630 1800 5685 lsa.
1836 5629 2032 5698 x1x,l.

2122 4726 2450 4794 principium
2480 4721 2760 4792 acceperit
2785 4719 3062 4784 essentiae,
3093 4734 3157 4774 ac
3189 4718 3508 4774 necessario
3531 4718 3696 4773 etiam

2121 4810 2288 4864 linem
2329 4809 2551 4865 habeat.
2591 4811 2765 4864 Omne
2802 4807 2948 4863 enim
2978 4807 3140 4878 755
3174 4807 3321 4877 quod
3358 4807 3562 4863 laetum
3591 4817 3697 4874 εει,

2123 4903 2410 4956 exordium
2447 4900 2638 4956 habuit
2676 4917 2690 4954 :
2720 4899 2864 4956 unde
2881 4909 3157 4969 quatenus
3187 4901 3252 4955 ad
3290 4907 3541 4954 naturam
3567 4899 3690 4970 ejus

2124 4993 2342 5058 attinet,
2370 4992 2529 5048 linem
2557 4992 2723 5047 etiam
2751 4992 3064 5046 habiturum
3099 5003 3203 5048 est.
3235 4990 3372 5047 Nam
3399 4992 3575 5062 angeli
3615 5005 3703 5046 se-

2125 5083 2368 5140 cundum
2395 5094 2648 5138 naturam
2675 5083 2898 5152 quidem
2923 5098 3032 5138 non
3063 5092 3254 5139 carent
3288 5085 3416 5147 line,
3455 5083 3703 5153 quando-

2129 5173 2351 5244 qufdem
2393 5190 2460 5228 ne
2499 5173 2772 5244 principio
2804 5175 3026 5244 quidem
3059 5184 3250 5231 carent
3279 5174 3492 5247 :gratia
3517 5185 3700 5227 autem

2126 5267 2333 5331 divina,
2373 5268 2516 5338 quod
2559 5267 2665 5322 line
2718 5275 2964 5332 careant,
2989 5268 3208 5338 sintque
3233 5267 3590 5329 immortales,
3618 5283 3711 5320 ac-

2127 5368 2412 5415 εεοετιιιιι.

2209 5451 2276 5505 Ut
2317 5461 2564 5509 maneant
2590 5469 2651 5508 ea
2679 5469 2796 5525 quae
2824 5462 2944 5510 sunt
2979 5451 3294 5508 immobilia.
3331 5451 3446 5509 Hoc
3477 5461 3584 5519 est,
3623 5450 3707 5506 lu-

1804 5744 2006 5806 Variae
2037 5745 2366 5808 lectiones.

491 5851 542 5886 ⁸³
569 5850 687 5904 τῶν
721 5841 894 5914 ἑφεξι
925 5857 975 5896 0.
1050 5843 1093 5875 "
1118 5845 1217 5916 γῆς
1245 5847 1300 5899 ἐν
1336 5845 1394 5900 Σ.
1422 5863 1469 5900 ν.
1513 5862 1564 5902 ο.
1646 5847 1689 5878 ⁸⁵
1720 5845 1877 5900 αὐτοὶ
1907 5863 1960 5902 0.
