4044 6422
449 371 550 436 391

1371 358 1960 425 TI-IEOPI'IYLAC'I‘I
1993 354 2246 418 BULGA
2259 355 2410 415 RIJE
2447 357 2678 416 ARCHI
2690 357 2802 418 ΕΡ.

3615 366 3721 432 39-2

448 466 694 558 linquam
727 486 797 540 ⁷⁸.
827 483 968 552 Quia
1003 481 1305 538 verisimile
1361 491 1480 534 erat
1511 476 1810 532 nonnullos
1855 473 2019 528 dictu-

2136 469 2221 539 μή
2255 487 2326 525 σε
2352 472 2758 542 ἐγκαταλίπω.
2807 474 3027 546 Ἐπειδὴ
3063 476 3209 542 εἰκὸς
3234 472 3302 549 ἦν
3332 495 3484 543 τινας
3515 480 3687 534 εἰπεῖν
3706 489 3720 501 ⁸

458 595 550 634 ros
585 598 597 633 :
628 580 697 630 At
725 577 856 647 quid
913 575 1201 633 faciemus.
1254 571 1300 626 si
1349 568 1658 624 necessaria
1707 565 1869 620 nobis
1928 578 2037 616 non

465 671 800 740 suppetant?
848 668 985 734 Hoc,
1041 666 1243 734 inquit,
1271 663 1421 716 nullo
1455 659 1616 715 modo
1663 657 1778 711 fieri
1834 663 2035 726 potest.

456 765 600 818 Deus
654 763 799 818 enim
863 777 961 830 per
1014 759 1210 814 Isaiam
1271 756 1438 811 dicit:
1493 753 1617 805 Non
1675 761 1722 804 te
1771 750 2034 812 deseram,

455 871 635 925 neque
688 854 990 925 quidquam
1057 852 1341 906 mentitur.
1413 846 1520 902 Sed
1595 854 1652 900 et
1707 845 1829 898 illos
1886 844 2035 914 ipsos

447 949 667 1005 ludseos
693 948 990 1004 verisimile
1010 955 1129 1000 erat
1160 945 1345 998 dicere
1378 959 1392 998 :
1426 941 1492 996 Et
1521 943 1720 1011 quibus
1754 937 2036 1010 praesenti-

452 1043 557 1097 bus
604 1039 850 1096 contenti
907 1037 1158 1093 erimus?
1213 1035 1325 1092 Nos
1383 1034 1746 1089 facultatibus
1827 1031 2032 1086 nostris

449 1133 672 1202 Spoliati
701 1146 913 1195 sumus,
948 1130 1154 1184 etnihil
1177 1129 1337 1185 nobis
1364 1136 1640 1197 superest.
1672 1125 1815 1181 Dicit
1841 1125 2028 1194 igitur.

446 1223 688 1279 Potestis
730 1224 797 1278 iis
847 1237 970 1291 qua:
1039 1230 1364 1292 supersunt,
1425 1219 1781 1290 quantumvis
1856 1231 2028 1286 pauca

448 1314 673 1378 fuerint,
724 1313 966 1367 contenti
1003 1328 1165 1368 esse:
1210 1311 1356 1367 Deus
1406 1312 1552 1365 enim
1601 1310 1770 1364 dixit:
1829 1307 1951 1361 Non
1983 1320 2030 1360 te

445 1408 708 1469 deseram,
767 1406 872 1459 hoc
929 1417 1036 1469 est,
1076 1421 1184 1458 non
1224 1414 1276 1458 te
1336 1404 1612 1458 omittam.
1672 1403 1751 1456 Ac
1809 1400 2024 1456 etiamsi

442 1497 738 1568 Apostolus
772 1498 1009 1553 fortasse
1040 1498 1109 1552 de
1149 1498 1314 1553 rebus
1339 1497 1675 1552 necessariis
1734 1494 2024 1564 acceperit,

445 1601 505 1644 tu
545 1605 674 1646 vero
705 1589 775 1656 _de
811 1592 962 1644 omni
1017 1591 1239 1661 negotio
1308 1589 1548 1660 accipies
1596 1588 1700 1644 hoc
1753 1588 1844 1643 Dei
1907 1587 2026 1642 dic-

444 1693 584 1738 tum.

516 1775 683 1831 Vens.
720 1776 774 1830 6.
817 1774 883 1828 Ut
918 1774 1240 1843 conﬁdentes
1270 1776 1553 1830 dicamus:
1600 1773 1853 1827 Dominus
1892 1771 2020 1825 mihi

444 1867 684 1936 adjutor,
726 1883 826 1921 non
861 1867 1051 1920 timebo
1085 1867 1212 1936 quid
1235 1867 1404 1934 faciat
1443 1867 1579 1919 milii
1608 1867 1784 1920 homo.
1833 1863 2023 1930 Quan-

443 1960 738 2027 doquidem
793 1959 907 2013 haec
965 1957 1108 2014 Deus
1153 1960 1316 2022 dixit,
1379 1971 1527 2014 certa
1583 1959 1812 2014 omnino
1869 1964 2019 2010 sunt.

444 2051 709 2121 Deinceps
732 2051 900 2122 igitur
929 2051 1269 2106 conﬁdenter
1291 2052 1562 2116 dicamus,
1587 2051 1730 2120 quod
1754 2049 2023 2118 diripien-

446 2156 529 2198 tes
573 2144 714 2199 bona
764 2151 974 2209 nostra,
1035 2159 1136 2199 nos
1185 2144 1240 2197 in
1287 2143 1575 2214 angustias
1637 2159 1747 2198 non
1798 2152 2024 2212 protru-

442 2233 594 2288 dent.

516 2324 685 2380 Vens.
719 2326 770 2378 7.
810 2325 1124 2380 Mementote
1161 2326 1567 2394 praepositorum
1594 2336 1907 2390 vestrorum,
1931 2328 2022 2396 qui

445 2417 612 2470 tersui
645 2427 768 2470 sunt
800 2418 942 2470 vobis
988 2417 1202 2471 verbum
1233 2418 1346 2471 Dei.
1389 2418 1469 2472 Ad
1521 2419 1624 2472 hoc
1664 2418 2021 2474 Thessaloni-

403 2523 639 2587 .censcs
666 2523 885 2577 quoque
915 2509 1334 2570 adhortabatur,
1386 2518 1444 2562 ut
1500 2525 1594 2564 eos
1646 2511 2022 2566 abundantius

443 2597 656 2651 honore
689 2596 993 2652 aﬂicerent.
1025 2604 1109 2652 Ac
1143 2598 1612 2665 quemadmodum
1654 2599 1731 2654 illi
1791 2601 2019 2655 verbum

442 2687 786 2757 impertiunt,
820 2689 1026 2753 sicilli,
1068 2689 1113 2744 si
1167 2690 1284 2743 ﬁeri
1331 2692 1523 2760 possit,
1579 2702 1909 2746 succurrant
1939 2694 2021 2747 eis

444 2776 500 2829 in
561 2778 808 2833 externis
859 2781 1110 2848 corporis
1191 2780 1642 2836 necessitatibus.
1708 2781 1824 2836 Hoc
1871 2782 2019 2836 enim

442 2872 622 2924 iuuuit
651 2886 766 2938 per,
801 2871 1137 2925 Mementote.
1169 2870 1266 2927 Vel
1301 2873 1368 2926 ad
1417 2873 1776 2928 imitationem
1829 2890 2019 2930 eormn

442 2963 579 3016 istos
614 2963 837 3017 excitat.

514 3056 749 3122 Quorum
801 3059 1063 3112 intuentes
1104 3061 1307 3112 exitum
1344 3062 1780 3128 conversationis,
1834 3062 2019 3116 imita-

440 3152 570 3204 mini
603 3151 782 3218 ﬁdem.
847 3150 961 3205 lIoc
1005 3161 1109 3213 est.
1159 3153 1416 3213 exactius
1452 3154 1891 3209 considerantes.
1939 3155 2019 3208 Ac

441 3243 932 3314 quemadmodum'
976 3243 1239 3314 discipuli
1313 3245 1543 3315 pictoris
1628 3247 1694 3301 ad
1776 3248 2013 3317 primum

440 3338 751 3407 exemplar,
809 3338 890 3393 sic
946 3348 1003 3394 et
1059 3355 1156 3395 vos
1201 3356 1482 3410 nunquam
1537 3357 1647 3396 non
1716 3343 2014 3413 deﬁgentes

441 3430 636 3484 oculos
659 3428 725 3482 ad
757 3430 988 3496 exitum,
1022 3431 1126 3485 hoc
1150 3442 1257 3497 est,
1290 3432 1359 3486 ad
1411 3432 1573 3488 ﬁnem
1609 3435 1852 3504 ipsorum
1883 3451 2015 3490 con-

439 3521 798 3586 versationis,
846 3521 900 3575 id
945 3531 1051 3589 est,
1079 3539 1296 3578 morum
1326 3534 1380 3580 et
1433 3527 1580 3589 vitae,
1606 3529 1748 3596 quod
1809 3529 2012 3583 bonum

440 3611 600 3665 ﬁnem
637 3620 798 3666 nacta
832 3615 927 3678 sit,
965 3614 1254 3671 imitamini
1291 3618 1538 3688 ipsorum
1571 3621 1755 3675 ﬁdem.
1792 3621 1867 3674 Ex
1911 3621 2014 3675 ﬁde

436 3702 581 3754 enim
613 3702 719 3755 vita
771 3717 906 3771 pura
965 3706 1232 3760 nascitur.
1295 3707 1350 3761 Si
1397 3709 1542 3762 enim
1608 3708 1810 3764 futuris
1853 3711 2011 3764 ﬁdem

437 3792 602 3863 758
635 3809 742 3848 non
784 3793 1134 3860 adhiberent,
1187 3796 1282 3854 sed
1329 3797 1665 3866 dubitarent,
1715 3815 2013 3855 conversa-

434 3885 637 3938 tionem
669 3885 1337 3954 irreprehensibilemnou
1368 3892 1757 3946 ostendissent.
1797 3890 2011 3949 Rursus

435 3986 617 4030 autem
646 3978 1160 4044 pusillanimitatem
1219 3998 1410 4038 eorum
1465 3993 1658 4053 curat;
1715 3987 1799 4041 vel
1849 3986 2008 4043 ﬁdem

436 4069 753 4137 dogmatum
781 4069 935 4124 dicit.
977 4071 1146 4126 Infert
1184 4072 1387 4143 igitur:

511 4157 676 4212 Vens.
711 4162 765 4212 8.
801 4157 960 4214 Jesus
997 4161 1240 4217 Christus
1265 4160 1387 4218 'heri
1422 4176 1470 4220 et
1511 4168 1667 4223 hodie
1697 4170 1855 4236 idem,
1880 4180 1931 4225 et
1954 4171 2011 4228 in

437 4252 658 4308 swcula.
717 4251 974 4306 Nonnulli
1036 4255 1180 4308 enim
1242 4257 1319 4310 uti
1378 4258 1634 4327 videtur,
1679 4263 2011 4321 exstiterunt

438 4344 600 4396 ﬁdem
666 4342 1064 4410 adulterantes,
1123 4353 1178 4401 et
1231 4346 1534 4406 dicentes:
1589 4352 1744 4408 Alius
1783 4356 2008 4422 _veniet,

436 4450 598 4503 quem
641 4434 805 4489 hodie
861 4452 1035 4506 usque
1061 4447 1386 4507 exSpectant
1433 4439 1625 4498 Judaei.
1679 4445 1771 4498 Ait
1805 4447 2004 4516 igitur:

2144 561 2208 614 Τί
2238 559 2330 616 οὖν
2383 563 2449 616 ἂν
2504 565 2624 618 οὐδὲ
2663 566 2733 619 τὰ
2787 567 3060 634 ἀναγκαῖα
3096 570 3349 639 ἔχωμενς
3383 571 3580 641 φησίν·
3613 573 3728 626 Οὐκ

2140 654 2256 708 ἔστι
2291 655 2471 717 τοῦτο,
2508 659 2609 709 οὐκ
2641 658 2810 712 ἔστιν.
2853 659 2910 712 '0
2943 661 3050 731 γὰρ
3082 661 3214 724 Θεὸς
3238 662 3326 716 διὰ
3358 662 3453 715 τοῦ
3497 661 3725 718 Ἦσαῖου

2138 746 2307 815 λέγει,
2335 749 2414 802 ὅτι
2443 752 2525 803 Οὺ
2547 749 2633 819 μή
2663 766 2736 804 σε
2761 750 2885 806 ἀνῶ
2910 769 2924 784 ο
2957 755 3050 806 καὶ
3089 755 3150 807 οὐ
3195 755 3451 823 ψεύδεται
3482 757 3729 818 πάντως.

2150 839 2310 892 Ἀλλὰ
2367 843 2460 893 καὶ
2516 842 2715 905 αὐτοὺς
2774 844 2832 897 δὲ
2897 844 3121 909 τούτους
3176 848 3301 911 τοὺς
3356 847 3416 912 ἐξ
3457 851 3730 902 Ἰουδαίων

2134 931 2280 994 εἰκὸς
2308 927 2374 1002 ἦν
2405 932 2599 999 εἰπεῖν,
2623 935 2704 986 ὅτι
2726 933 2902 999 Ποίοις
2932 935 3194 1008 παροῦσιν
3227 939 3684 1010 ἀρκεσθησόμεθα
3709 957 3726 1008 ;

2147 1022 2340 1092 Ἦμεῖς
2389 1025 2797 1098 διηρπάγημεν,
2831 1027 2988 1080 οὐδὲν
3043 1028 3241 1099 ἔχομεν
3296 1029 3503 1084 λοιπόν.
3554 1033 3729 1101 Φησὶν

2131 1110 2226 1167 οὖν
2253 1116 2335 1168 ὅτι
2378 1116 2619 1170 Δύνασθε
2662 1121 2774 1180 τοῖς
2802 1119 3196 1189 ὑπολειφθεῖσι,
3227 1120 3328 1175 κᾶν
3356 1122 3562 1193 βραχέα
3589 1122 3727 1186 εἷεν,

2131 1210 2436 1280 ἀρκεῖσθαι.
2475 1213 2531 1265 '0
2547 1213 2655 1285 γὰρ
2681 1215 2811 1277 Θεὸς
2839 1213 3080 1286 εἴρηκεν·
3104 1219 3184 1271 Οὐ
3201 1217 3288 1288 μή
3307 1234 3380 1271 σε
3396 1218 3540 1283 ἀνῶ,
3563 1237 3731 1272 τουτ-

2130 1305 2279 1358 έστιν
2342 1307 2414 1359 Οὐ
2466 1306 2538 1376 μή
2591 1324 2649 1359 σε
2681 1308 2846 1360 ἐάσω.
2908 1307 2970 1360 Εἰ
3002 1308 3142 1380 τάχα
3170 1311 3227 1363 δὲ
3251 1312 3347 1365 καὶ
3391 1315 3419 1365 ὁ
3458 1311 3724 1366 ’Δπόστο-

2130 1398 2221 1461 λος
2258 1416 2324 1450 πε
2337 1399 2387 1468 pl.
2417 1400 2527 1452 τῶν
2559 1401 2835 1471 χρειωδῶν
2882 1402 3163 1468 ἐξεδέξατο
3191 1405 3372 1468 τοῦτο,
3405 1405 3539 1460 ἀλλὰ
3567 1407 3629 1459 σύ
3660 1423 3730 1474 γε

2127 1493 2222 1545 καὶ
2254 1493 2350 1545 ἐπὶ
2410 1493 2614 1558 παντὸς
2667 1494 2997 1567 πράγματος
3054 1496 3202 1565 δέξαι
3231 1498 3391 1553 τοῦτο
3415 1501 3584 1570 ῥηθὲν
3615 1479 3732 1553 ὕπὸ

2125 1585 2282 1640 Θευῦ.

2204 1783 2386 1837 Ὥστε
2440 1784 2809 1853 θαρῤοὗντας
2859 1786 3019 1854 ἡμᾶς
3067 1785 3269 1856 λέγειν
3298 1801 3313 1817 '
3347 1785 3566 1853 Κύριός
3615 1801 3728 1854 μοι

2120 1878 2374 1946 βοηθὸς,
2415 1879 2515 1932 καὶ
2555 1881 2628 1932 οὐ
2671 1880 3090 1950 φοϐηθήσομαι
3116 1882 3174 1935 τί
3219 1880 3459 1947 ποιήσει
3482 1897 3585 1950 μοι
3614 1878 3732 1932 ἆν-

2127 1975 2378 2038 θρωπος.
2422 1971 2576 2024 Ἐπεὶ
2607 1971 2779 2026 ταῦτα
2815 1969 2969 2026 εἶπεν
3019 1975 3047 2026 ό
3095 1972 3250 2036 Θεὸς,
3299 1971 3467 2025 πιστὰ
3496 1969 3729 2031 πάντως

2125 2063 2254 2117 εἰσί.
2279 2064 2482 2116 Λοιπὸν
2502 2061 2595 2116 οὖν
2626 2063 2960 2135 θαῤῥοῦντες
2982 2063 3254 2133 λέγωμεν,
3279 2064 3362 2116 ὅτι
3394 2063 3443 2116 oi
3477 2062 3729 2130 διαρπά-

2125 2149 2320 2218 ζοντεξ
2356 2153 2425 2206 τὰ
2470 2154 2790 2224 ὑπάρχοντα
2831 2153 3016 2224 ήμῶν,
3051 2154 3113 2207 οὑ
3153 2154 3516 2208 στενώσουσιν
3544 2153 3725 2223 ἡμᾶς.

2197 2338 2620 2406 Μνημονεύετε
2681 2335 2801 2390 τῶν
2853 2335 3208 2406 ἡγουμένων
3249 2335 3438 2405 ὑμῶν,
3496 2335 3724 2402 οἵτινες

2123 2429 2441 2496 ἐλάλησαν
2492 2428 2635 2498 ὑμῖν
2687 2429 2796 2482 τὸν
2841 2431 3030 2496 λόγον
3063 2429 3172 2483 τοῦ
3205 2427 3375 2484 Θεοῦ.
3408 2427 3580 2480 Τοῦτο
3621 2429 3726 2480 καὶ

2127 2521 2588 2575 Baeculam-acciet
2615 2518 2874 2591 παρῄνει,
2917 2519 3064 2574 ὥστε
3097 2520 3242 2590 ἔχειν
3264 2519 3464 2583 αὐτοὺς
3493 2519 3552 2572 ὲν
3577 2520 3723 2589 τιμῇ

2126 2613 2625 2686 ὑπερεκπερισσοῦ.
2662 2615 2774 2668 Καὶ
2811 2613 3004 2685 ὥσπερ
3035 2616 3237 2667 ἐκεῖνοι
3288 2612 3386 2666 τοῦ
3423 2613 3582 2681 λόγου
3616 2630 3728 2682 με-

2122 2704 2451 2769 ταδιδόασιν,
2475 2704 2670 2768 οὕτως,
2708 2707 2757 2758 εί
2795 2705 2973 2758 ἔνεστι
3033 2703 3247 2775 βοηθεῖν
3288 2703 3474 2766 αὐτοῖς
3503 2703 3560 2755 ὲν
3590 2703 3725 2765 ταῖς

2125 2797 2471 2865 σωματικαῖς
2515 2796 2751 2868 χρείαις.
2775 2796 2948 2849 Τοῦτο
2990 2796 3101 2867 γὰρ
3131 2795 3428 2849 αἰνίττεται
3473 2794 3562 2847 διὰ
3593 2793 3720 2858 τοῦ,

2122 2887 2564 2953 Μνημονεύετε.
2602 2887 2675 2938 Ἢ
2706 2886 2803 2940 καὶ
2855 2885 2992 2956 πρὸς
3025 2886 3262 2958 μίμησιν
3288 2884 3469 2940 αὐτῶν
3492 2883 3723 2938 ἐπαλεί-

2125 2994 2216 3045 φει
2250 2977 2495 3040 τούτους.

2193 3063 2306 3123 ’Ὧν
2328 3069 2806 3138 ἀναθεωροῦντες
2842 3067 2957 3138 τὴν
2993 3069 3246 3123 ἔκϐασιν
3276 3067 3389 3138 τῆς
3416 3069 3721 3137 ἀναστρο-

2047 3175 2095 3240 c
2126 3159 2265 3231 φῆς,
2294 3160 2574 3230 μιμεῖσθε
2607 3162 2723 3228 τὴν
2757 3161 2988 3215 πίστιν.
3038 3161 3356 3226 Τουτέστιν,
3383 3160 3721 3231 ἀκριϐέστε-

2130 3271 2221 3326 ρον
2268 3251 2733 3312 ἀνασκοποῦντες.
2764 3252 2873 3306 Καὶ
2899 3249 3089 3321 ὥσπερ
3127 3251 3370 3322 μαθηταὶ
3417 3251 3719 3322 ζωγράφου

2125 3347 2262 3415 πρὸς
2295 3347 2356 3398 τὸ
2383 3345 2719 3416 ἀρχέτυπον,
2778 3342 2953 3407 οὕτως
3014 3343 3176 3414 ὑμεῖς
3227 3342 3318 3398 ἀεὶ
3353 3343 3720 3414 βλέποντεςἰ

2124 3438 2263 3508 πρὸς
2295 3437 2394 3508 τὴν
2427 3437 2675 3503 ἔκϐασιν,
2720 3436 2971 3491 τουτέστι
3047 3436 3110 3489 τὸ
3159 3437 3315 3500 τέλος
3371 3437 3472 3507 τῆς
3529 3435 3722 3489 αὐτῶν

2123 3529 2499 3599 ἀναστροφῆς,
2547 3529 2576 3581 ὃ
2625 3530 2743 3581 ἐστι
2796 3527 3100 3595 πολιτείας,
3133 3528 3219 3582 ὅτι
3273 3528 3510 3599 χρηστὸν
3555 3528 3724 3592 τέλος

2124 3619 2273 3689 ἔσχε,
2317 3619 2577 3690 μιμεῖσθε
2625 3619 2806 3672 αὐτῶν
2851 3620 2952 3690 τὴν
3000 3620 3206 3676 πίστιν.
3271 3621 3404 3675 Ἀπὸ
3448 3620 3559 3690 γὰρ
3609 3620 3721 3690 τῆς

2123 3712 2362 3774 πίστεως
2385 3713 2413 3764 ὁ
2439 3711 2551 3781 βίος
2579 3714 2607 3764 ό
2640 3711 2901 3784 καθαρός.
2937 3711 2999 3765 Et
3028 3713 3104 3783 μὴ
3135 3714 3243 3783 γὰρ
3289 3714 3574 3767 ἐπίστευον
3595 3715 3720 3778 τοῖς

2124 3805 2435 3875 μέλλουσιν,
2483 3805 2620 3859 ἀλλὰ
2657 3803 2964 3870 ὲδίσταζον,
2991 3805 3092 3859 οὐκ
3123 3806 3191 3858 ἂν
3217 3805 3560 3871 ἐπεδείξαντο
3608 3823 3719 3860 πο-

2121 3897 2330 3950 λιτείαν
2371 3895 2685 3966 ἄμεμπτον.
2743 3895 2916 3950 Πάλιν
2971 3897 3029 3950 δὲ
3075 3898 3138 3950 τὸ
3163 3897 3504 3969 μικρόψυχον
3529 3898 3718 3952 αὐτῶν

2124 3991 2452 4062 θεραπεύει·
2475 3991 2517 4062 ’ἢ
2554 3993 2740 4047 πίστιν
2759 3993 2861 4053 τὴν
2887 3992 2998 4047 τῶν
3017 3992 3306 4064 δογμάτων
3328 3993 3498 4062 λέγει.
3538 3993 3712 4049 Ἐπά·

2117 4101 2206 4154 γει
2233 4080 2326 4140 οὖν
2347 4101 2363 4116 ο

2204 4178 2446 4245 Ἰησοῦς
2485 4179 2742 4246 Χριστὸς
2783 4179 2925 4248 χθὲς
2979 4180 3081 4234 καὶ
3127 4180 3396 4249 σήμερον
3440 4182 3473 4234 ὁ
3502 4179 3708 4246 αὐτὸς,

2120 4271 2218 4326 καὶ
2264 4275 2352 4337 εὶς
2405 4270 2552 4336 τοὺς
2605 4270 2848 4338 αἰῶνας.
2899 4271 2990 4335 Ὠς
3045 4271 3188 4326 ἔοικε
3219 4277 3354 4341 γὰρ,
3380 4267 3522 4343 ἦσάν
3559 4289 3712 4335 τινες

2121 4366 2646 4436 παραχαράττοντες
2700 4364 2799 4434 τὴν
2865 4365 3085 4430 πίστιν,
3131 4367 3231 4420 καὶ
3280 4366 3569 4434 λέγοντες,
3621 4365 3709 4419 ὅτι

2119 4455 2348 4526 Ἕτερος
2394 4455 2537 4526 ἥξει,
2573 4455 2766 4516 dumi
2818 4457 2982 4526 μέχρι
3024 4455 3118 4510 τοῦ
3174 4456 3271 4510 νῦν
3335 4455 3712 4525 προσδοκῶσιν

441 4525 588 4580 Idem
651 4537 734 4582 est
793 4526 1051 4583 Christus
1103 4531 1236 4596 heri,
1305 4531 1360 4585 id
1388 4543 1492 4598 est,
1541 4537 1690 4590 omni
1739 4541 2014 4608 praeterito

2136 4525 2610 4616 Ἐὕραῑοιξφησὶν
2663 4544 2759 4599 οὖν
2789 4525 3077 4609 ὅτιγᾹῦτός
3110 4547 3224 4598 ἐστι
3261 4547 3498 4615 Χριστὸς
3538 4545 3708 4614 χθὲς,

439 4631 704 4690 tempore,
738 4631 786 4676 et
816 4623 992 4686 hodie,
1034 4624 1140 4676 hoc
1163 4633 1267 4687 est,
1300 4627 1557 4694 praesenti
1590 4635 1855 4699 tempore,
1886 4642 1934 4686 et
1961 4633 2016 4686 in

437 4713 658 4775 sarcula,
739 4713 919 4766 futura
983 4713 1216 4780 scilicet,
1288 4716 1537 4787 adeoque
1597 4719 1844 4788 inﬁnita,
1913 4739 2017 4778 nec

435 4803 616 4856 veniet
649 4804 807 4856 alius.
837 4802 912 4857 Ne
939 4807 1137 4860 erretis
1171 4806 1358 4876 igitur.
1388 4805 1482 4862 Vel
1504 4826 1518 4861 :
1543 4809 2014 4874 Quemadmodum

434 4897 762 4964 piaapositos
799 4904 1013 4952 vestros
1040 4913 1150 4953 non
1197 4897 1465 4965 deseruit,
1518 4903 1613 4955 sed
1651 4903 1705 4958 in
1757 4906 2018 4961 omnibus

438 4987 644 5053 adjuvit
674 5004 791 5051 eos,
846 4988 993 5043 hunc
1017 4989 1083 5043 ad
1120 4991 1347 5046 modum
1396 5001 1451 5047 et
1512 4995 1666 5051 vobis
1727 4999 2018 5054 auxiliabi-

435 5087 543 5133 tur.
587 5079 732 5134 Idem
765 5079 909 5135 enim
932 5091 1037 5138 est.

508 5266 675 5324 Vnus.
715 5269 768 5324 9.
820 5271 1088 5328 Doctrinis
1139 5279 1303 5332 uariis
1347 5289 1398 5333 et
1451 5282 1740 5349 peregrinis
1793 5297 1856 5335 ne
1913 5283 2017 5335 eir-

436 5359 827 5425 cumfcramini.
901 5362 1100 5429 Variis,
1133 5365 1183 5420 id
1216 5377 1323 5436 est,
1352 5385 1500 5423 nunc
1548 5372 1654 5436 his,
1703 5389 1849 5427 nunc
1875 5373 2002 5440 illis,

431 5453 487 5499 et
513 5447 802 5515 aliquando
835 5452 904 5508 ab
935 5453 1080 5522 istis,
1110 5457 1404 5528 aliquando
1438 5461 1505 5514 ab
1543 5461 1668 5520 illis.
1707 5464 2000 5529 Przeterea,

501 5625 546 5656 ⁷⁶
573 5622 690 5681 Jos.
726 5644 762 5691 ι,
801 5630 856 5684 5.

2115 4639 2386 4701 τουτέστι,
2412 4637 2502 4690 τὸν
2538 4637 2878 4708 παρελθόντα
2913 4637 3095 4691 πάντα
3135 4639 3348 4707 χρόνον,
3375 4636 3476 4691 καί
3509 4636 3706 4706 σήμε-

2111 4749 2246 4801 ρον,
2300 4730 2569 4796 τουτέστι,
2606 4730 2750 4783 κατὰ
2799 4730 2892 4783 τὸν
2937 4729 3230 4796 ἐνεστῶτα,
3267 4730 3368 4784 καὶ
3431 4733 3519 4797 είς
3559 4730 3705 4796 τοὺς

2116 4824 2360 4889 αἰῶνας,
2410 4824 2538 4885 τοὺς
2579 4823 2876 4893 μέλλοντας
2915 4824 3010 4876 καὶ
3063 4823 3421 4893 ἀπεράντους,
3458 4823 3553 4878 καὶ
3603 4824 3705 4895 οὐχ

2116 4918 2237 4987 ἥξει
2267 4917 2474 4986 ἕτερος.
2531 4917 2623 4986 Μὴ
2683 4915 2862 4968 τοίνυν
2915 4915 3214 4970 πλανᾶσθε.
3251 4918 3322 4970 Ἦ
3372 4917 3454 4969 ὅτι
3511 4915 3707 4988 ὥσπερ

2116 5010 2242 5070 τοὺς
2273 5006 2615 5078 ἡγουμένους
2656 5006 2810 5076 ὑμῶν
2857 5007 2920 5060 οὐ
2952 5008 3264 5072 κατέλιπεν,
3296 5007 3411 5060 ἀλλ’
3443 5009 3502 5060 ἐν
3534 5009 3705 5062 πᾶσιν

2118 5099 2562 5171 ἀντελαμϐάνετο
2603 5100 2806 5164 αὐτῶν,
2834 5099 2979 5154 οὔτω
3006 5101 3099 5157 καὶ
3133 5101 3289 5171 ὑμῶν
3322 5100 3703 5172 ἀντιλήψεται,

2129 5190 2189 5244 '0
2219 5193 2383 5256 αὐτὸς
2413 5194 2521 5264 γάρ
2547 5194 2686 5246 ἐστι.
2935 5235 2943 5242 .

2189 5284 2470 5352 Διδαχαῖς
2500 5285 2804 5348 ποικίλαις
2824 5283 2921 5336 καί
2945 5282 3150 5349 ξέναις
3172 5281 3258 5352 μὴ
3283 5281 3698 5352 περιφέρεσθε.

2119 5377 2456 5442 Ποικίλαις,
2486 5379 2606 5438 ταῖς
2636 5374 2823 5429 ἄλλοτε
2853 5373 3066 5439 ἄλλαις,
3100 5375 3196 5428 καὶ
3226 5375 3358 5445 παρ’
3393 5372 3569 5428 ἄλλων
3599 5372 3701 5426 καὶ

2118 5467 2315 5534 ἄλλων,
2347 5467 2486 5522 ἀλλὰ
2511 5467 2604 5522 καὶ
2635 5465 2815 5532 ξέναις
2868 5465 2964 5520 τοῦ
3010 5465 3173 5538 ὀρθοῦ
3204 5466 3499 5536 δόγματος.
3537 5465 3697 5519 Ἔστι

1770 5737 1975 5798 Variae
2002 5736 2337 5800 lectiones.

528 5827 567 5852 ν’
611 5828 640 5877 ἁ
653 5827 1012 5894 ποϐὲέποντες
1038 5853 1090 5888 o.
