4044 6418
365 433 1600 465 W

1805 444 2026 466 —-.-.—_—:

1809 457 2003 466 -——..--—.

2007 441 2164 452 ...Δὶ-...φ

2010 457 2162 466 δ---ιουο

1541 1014 1820 1071 οιωιΝιε
1881 1015 2446 1074 PRAEDICA'I‘ORUM

535 1214 684 1328 IN
817 1212 1465 1332 TERTIUM
1615 1197 2206 1334 TOMUM‘
2339 1223 3461 1345 THEOPHYLACTI

1649 1478 2345 1572 PBAZFA'I‘IO.

1948 1705 2020 1719 *υ

457 1833 509 1892 Ι.
546 1834 705 1894 Cum
747 1834 863 1894 viri
900 1836 1290 1912 gravissimi,
1325 1851 1605 1916 quorum
1639 1836 2018 1897 auctoritate
2070 1839 2458 1899 commoveri
2503 1858 2602 1904 me
2635 1844 3081 1921 tenuissimum
3129 1855 3284 1920 erat,
3335 1848 3628 1924 impenso

371 1942 604 2008 Optare
631 1951 701 1994 se
740 1935 896 1995 mihi
931 1935 1426 2014 signiﬁcassent,
1468 1945 1534 1997 ut
1569 1936 1738 1997 tertii
1781 1935 1974 2013 hujus
2002 1935 2235 1996 edendi
2270 1940 2422 1998 tomi
2451 1939 2514 2000 in
2554 1959 2653 2003 me
2691 1961 2906 2004 curam
2943 1945 3320 2022 reciperem,
3352 1950 3635 2013 laborem

374 2034 555 2127 hunc
614 2036 1102 2098 detrectandum
1154 2037 1312 2098 mihi
1360 2036 1626 2099 minime
1677 2036 1931 2106 censui,
1975 2038 2326 2112 praesertim
2379 2056 2524 2100 cum
2553 2041 2626 2114 ii,
2668 2043 2778 2120 qui
2824 2059 2944 2104 suo
2998 2061 3100 2105 me
3140 2063 3302 2122 pene
3356 2048 3636 2126 imperio

371 2131 766 2211 compellere
799 2137 1190 2211 potuissent,
1231 2154 1344 2216 pro
1376 2137 1613 2198 eximia
1661 2137 2054 2198 humanitate
2087 2153 2203 2198 sua
2233 2138 2312 2198 ad
2343 2139 2406 2198 id
2458 2141 2746 2202 muneris
2795 2143 3210 2205 subeundum
3247 2150 3638 2224 persuadere

375 2234 624 2296 ratione
651 2235 1031 2311 maluerint;
1069 2238 1390 2299 neminem
1439 2238 1688 2299 aientes
1723 2237 1786 2297 id
1820 2237 2024 2315 magis
2057 2238 2308 2308 decere,
2369 2256 2559 2317 quam
2589 2258 2713 2314 me,
2756 2244 2873 2320 qui
2914 2243 3155 2306 inedita
3180 2247 3638 2326 TheOphylacti

378 2337 618 2410 Opera,
651 2337 892 2416 quibus
929 2337 1084 2398 tomi
1122 2337 1309 2398 istius
1345 2354 1486 2414 pars
1528 2337 1804 2399 maxima
1831 2343 2104 2408 constat,
2131 2339 2354 2399 Latine
2387 2340 2692 2402 vertenda
2733 2342 3198 2418 suscepissem.
3247 2346 3404 2407 Cum
3444 2348 3641 2425 igitur

376 2435 455 2495 ad
500 2434 593 2508 id,
625 2437 798 2512 quod
832 2436 976 2499 sine
1011 2435 1264 2514 piaculo
1307 2454 1603 2499 recusare
1642 2437 1750 2496 vix-
1781 2445 2086 2514 poteram,
2123 2437 2634 2516 aggrediendum
2674 2441 2962 2502 ani-mum
2993 2443 3420 2522 appulissem,
3454 2444 3642 2508 faeilo

379 2535 708 2608 intellexi,
741 2537 1062 2615 assumpti
1092 2547 1330 2615 partem
1359 2537 1579 2617 Operis
1611 2554 1756 2599 esse
1783 2537 2094 2599 nonnulla
2128 2538 2194 2599 in
2228 2545 2471 2600 tomum
2527 2541 2826 2600 eumdem
2870 2541 3146 2618 praafari,
3194 2544 3439 2621 quibus
3488 2562 3642 2621 epe-

379 2657 554 2708 rum,
589 2657 734 2718 qua:
786 2642 1098 2713 continet,
1145 2641 1542 2720 laborisque,
1583 2659 1778 2721 quem
1810 2641 1874 2703 in
1921 2642 2150 2704 eodem
2201 2643 2550 2720 insumpsi,
2594 2643 2909 2704 rationem
2953 2645 3238 2724 aliquam
3294 2631 3642 2710 lectoribus

379 2737 748 2800 redderem.
782 2742 921 2813 Qua
950 2741 1010 2802 in
1049 2759 1113 2801 re
1141 2741 1300 2803 illud
1336 2741 1628 2802 omnium
1659 2741 1867 2818 primo
1892 2739 2296 2818 purgandum
2321 2739 2676 2812 videretur,
2701 2741 2872 2819 quod
2899 2740 3129 2802 tertius
3153 2741 3276 2803 iste
3305 2743 3638 2822 TheOphj-

383 2841 530 2900 lacti
568 2848 778 2904 tonius
813 2846 1013 2906 multo
1043 2844 1315 2905 fortasse
1347 2844 1585 2916 serius,
1627 2859 1818 2921 quam
1850 2859 2000 2918 spes
2030 2841 2192 2904 facta
2221 2841 2481 2913 fuisset,
2524 2843 2588 2902 in
2625 2841 2834 2902 lucem
2875 2860 3050 2903 nunc
3073 2843 3334 2904 demum
3369 2844 3643 2920 profera-

385 2950 530 3014 tur;
589 2941 710 3001 nisi
753 2960 900 3020 quae
942 2943 1214 3004 dicenda
1247 2943 1523 3004 inferius
1557 2942 1716 3003 mihi
1750 2950 1925 3016 sunt,
1977 2942 2194 3004 labore
2247 2957 2348 3002 me
2385 2941 2510 3002 isto
2561 2941 2870 3002 levarent.
2905 2944 2998 3002 Ex
3035 2942 3117 3002 iis
3153 2942 3329 3003 enim
3386 2943 3644 3020 planum

378 3050 922 3118 compertumque
955 3041 1084 3113 ﬁet,
1108 3040 1360 3102 nullius
1382 3041 1662 3113 incuria,
1688 3041 1800 3102 sed
1834 3039 1927 3101 rei
1957 3038 2192 3104 melius
2217 3039 2516 3117 gerenda}
2547 3040 2767 3102 studio
2802 3056 3042 3101 moram
3073 3047 3309 3101 tantam
3349 3041 3648 3120 injectum

379 3143 621 3205 fuisse.
663 3144 820 3202 Cum
860 3159 1136 3220 namque
1171 3143 1477 3222 pleraque
1507 3160 1701 3221 Opera
1732 3161 1877 3222 qua:
1907 3143 2211 3205 volumen
2245 3141 2420 3203 istud
2455 3139 2930 3220 complectitur,
2965 3148 3076 3202 aut
3105 3140 3453 3202 admodum
3487 3159 3650 3215 rara;

387 3255 503 3304 aut
541 3241 732 3320 plane
775 3245 1014 3305 inedita
1054 3242 1290 3317 forent,
1323 3261 1394 3306 ac
1426 3246 1716 3325 fllltBtIﬂID
1755 3245 1945 3307 etiam
1978 3244 2224 3308 detecta
2279 3244 2756 3318 recentissima,
2803 3240 2988 3302 iniis
3019 3240 3411 3322 colligendis
3449 3241 3646 3323 (quod

383 3347 654 3411 nonnisi
701 3348 910 3409 aliena
948 3362 1140 3425 Opera
1177 3347 1464 3425 praestari
1499 3349 1794 3426 poterat),
1833 3349 1896 3410 in
1946 3348 2331 3428 eisdemque
2361 3347 2438 3411 ad
2493 3347 2744 3426 prelum
2800 3345 3101 3424 parandis
3144 3345 3292 3424 plus
3338 3347 3649 3424 temporis

382 3451 641 3514 insumi
675 3451 960 3528 oportuit
993 3466 1184 3529 quam
1234 3451 1600 3528 putabat-ur.
1645 3452 1919 3513 Necesse
1954 3452 2171 3531 itaque
2209 3449 2336 3512 fuit
2386 3458 2656 3528 emptam
2705 3446 2856 3508 tomi
2905 3445 3101 3523 hujus
3153 3446 3648 3526 impressionem

384 3550 784 3631 aliquandiu
815 3551 1270 3612 intermittere.
1311 3554 1549 3612 Verum
1589 3569 1668 3613 ne
1711 3551 1970 3613 interim
1999 3570 2103 3613 res
2135 3551 2401 3613 omnino
2438 3558 2501 3610 et
2527 3548 2962 3626 undequaque
2995 3564 3314 3624 suspensa
3343 3554 3649 3614 maneret,

386 3661 456 3714 et
493 3669 580 3714 ne
619 3651 766 3729 plus
795 3667 984 3729 mque
1016 3650 1461 3711 studiosorum
1493 3650 1827 3713 hominum
1862 3650 2258 3728 exspectatio
2294 3649 2786 3727 produceretur,
2821 3647 3092 3708 solertes
3122 3645 3429 3706 editionis
3461 3644 3650 3720 hujus

392 3761 734 3815 curatores
773 3758 1018 3812 tomum
1051 3760 1378 3830 quartum,
1407 3754 1522 3832 qui
1556 3761 1618 3815 et
1660 3755 1930 3815 ultimus
1968 3755 2132 3826 erit,
2168 3753 2348 3830 prelo
2372 3751 2854 3831 subjiciendum
2889 3755 3218 3818 curarunt,
3276 3754 3345 3806 ut
3382 3761 3514 3822 quo
3545 3760 3651 3804 se-

401 3867 538 3926 rius
571 3862 851 3924 studiosi
881 3861 1144 3922 tertium
1175 3862 1370 3922 istum
1404 3859 1758 3938 accipiunt,
1785 3876 1863 3920 eo
1891 3857 2212 3919 maturius
2247 3857 2377 3916 sint
2411 3864 2651 3916 tomum
2688 3853 2989 3913 ultimum
3015 3846 3360 3923 .aecepturi
3400 3865 3412 3902 :
3463 3847 3653 3922 cujus

412 3984 554 4028 eum
579 3964 929 4042 impressio
961 3967 1234 4026 multum
1266 3961 1758 4043 progressaijam
1790 3959 1898 4030 sit,
1927 3957 2216 4036 polliceri
2257 3964 2849 4032 certo~possumus,.
2886 3967 3036 4011 eum
3108 3945 3334 4026 paucis
3384 3945 3654 4020 posthac

405 4069 744 4140 mensibus
779 4064 1188 4142 proditurum
1234 4063 1300 4125 in
1338 4064 1569 4124 lucem.
1609 4064 1814 4136 Quam
1846 4076 2000 4121 sane
2033 4059 2293 4119 brevem
2331 4055 2708 4118 dilationem
2745 4069 2823 4113 eo
2860 4049 3146 4129 aequiore
3177 4045 3392 4107 animo
3416 4043 3652 4105 tolera-

407 4166 497 4226 bit
530 4164 886 4226 benevolus
917 4163 1144 4237 lector,
1189 4181 1321 4240 quo
1366 4162 1670 4241 majorem
1698 4167 1794 4223 est
1831 4177 1910 4222 ex
1943 4158 2136 4238 hujus
2170 4154 2526 4220 voluminis
2560 4151 2839 4215 lectione
2883 4151 3273 4228 voluptatem
3318 4151 3656 4222 perceptu-

400 4286 516 4330 rus
575 4287 722 4332 cum
775 4276 858 4332 οι)
905 4266 1210 4331 eximiam
1261 4281 1532 4341 operum
1584 4263 1646 4323 in
1700 4280 1778 4324 eo
1831 4265 2284 4323 eontentorum
2343 4254 2802 4334 praestantiam,
2849 4259 2983 4314 tum
3036 4257 3293 4328 propter
3334 4247 3656 4326 insignem

398 4369 790 4431 earumdem
822 4367 1222 4435 varietatem,
1253 4381 1378 4442 qua
1413 4362 1762 4440 j’lrtesertim
1799 4361 1907 4432 iis,
1945 4359 2059 4439 qui
2092 4358 2222 4436 jam
2255 4357 2414 4418 editi
2461 4362 2638 4425 sunt,
2692 4363 2903 4414 tomus
2941 4353 3062 4414 iste
3115 4349 3444 4429 praecellit.
3499 4350 3658 4410 Cum

400 4469 582 4530 enim
615 4470 934 4548 exegetica
968 4467 1064 4528 illi
1098 4473 1343 4527 tantum
1379 4480 1572 4542 Opera
1602 4464 1971 4533 exhibeant,
2035 4459 2140 4520 hic
2165 4467 2228 4518 et
2265 4457 2608 4535 exegetica,
2643 4463 2704 4516 et
2735 4452 3042 4518 oratoria,
3083 4457 3144 4510 et
3173 4455 3470 4548 sacra,et
3501 4466 3660 4525 pro-

402 4577 588 4653 fana,
622 4580 685 4635 et
714 4547 1046 4641 historica,
1072 4566 1452 4648 etpolitica,
1487 4571 1548 4625 et
1577 4563 1935 4642 dogmatica
1965 4561 2133 4623 haud
2166 4556 2522 4637 injucunda
2555 4572 2712 4615 sane
2740 4550 3158 4653 permistione
3185 4547 3660 4653 complectitur,

407 4643 480 4732 ut
517 4643 690 4748 patet
729 4687 807 4730 ex
839 4669 1130 4745 ipsorum
1152 4643 1436 4741 operum
1471 4661 1784 4740 catalogo.
1816 4660 1936 4738 qui
1966 4673 2251 4737 sequens
2290 4664 2411 4716 est.
2443 4656 2487 4714 I.
2523 4649 3025 4714 Commentarius
3058 4648 3125 4708 in
3151 4645 3312 4707 Acta
3338 4643 3663 4748 apostolo-

403 4745 579 4844 rum,
611 4771 826 4832 editus
859 4769 1020 4829 olim
1057 4784 1091 4828 a
1122 4765 1368 4828 Sifano.
1399 4765 1476 4824 Il.
1507 4762 1686 4823 Alter
1717 4760 1784 4820 in
1819 4758 2042 4826 eadem
2080 4760 2232 4818 Acta
2262 4754 2760 4818 Commentarius
2793 4769 3020 4814 recens
3051 4757 3276 4812 erutus
3313 4765 3392 4810 ex
3425 4745 3663 4809 biblio-

413 4874 600 4935 theca
633 4873 955 4932 Vaucana.
992 4869 1103 4930 III.
1129 4865 1636 4929 Commentarius-
1657 4864 1726 4924 in
1753 4859 2080 4939 Epistolas
2121 4857 2502 4920 Catholicas.
2538 4857 2645 4916 IV.
2676 4854 2899 4917 Oratio
2936 4855 3006 4916 in
3055 4850 3494 4913 adorationem
3517 4866 3666 4910 cru-

411 4977 534 5036 cis.
569 4974 646 5034 V.
685 4971 906 5035 Oratio
945 4970 1015 5030 in
1043 4966 1592 5047 praesentationcm
1621 4964 1697 5024 Β.
1735 4961 1958 5024 Marica
1994 4958 2306 5036 Virginis.
2341 4959 2450 5018 VI.
2482 4957 2874 5034 Martyrium
2905 4952 3260 5034 quindecim
3294 4961 3668 5030 martyrum,

415 5074 532 5154 qui
571 5073 742 5151 passi
775 5078 924 5133 sunt
957 5069 1313 5146 imperante
1341 5064 1605 5126 Juliano
1643 5066 1968 5142 Apestata.
1997 5061 2138 5122 VII.
2169 5059 2492 5120 Allocutio
2524 5058 2598 5118 de
2629 5061 2710 5121 iis
2733 5061 2804 5121 in
2837 5056 3061 5138 quibus
3092 5054 3310 5118 Latini
3337 5053 3668 5154 reprelien-

415 5150 666 5238 duntur
697 5192 735 5232 a
764 5169 1026 5233 Graecis.
1059 5169 1231 5228 VIII.
1262 5165 1598 5226 Institutio
1631 5163 1807 5242 regia
1859 5161 1940 5220 arl
1970 5160 2461 5222 Constantinum
2489 5158 3138 5237 Porphyrogcnitum.
3167 5157 3279 5216 IX.
3304 5150 3672 5214 Encomium

416 5282 489 5340 in
533 5277 976 5354 imperatorem
1006 5271 1302 5331 Alexium
1332 5269 1734 5330 Comncnum.
1768 5268 1853 5328 Χ.
1887 5264 2196 5342 Epistolis
2219 5263 2452 5342 viginti
2479 5279 2709 5325 recens
2736 5270 2939 5325 erutae
2976 5279 3054 5323 ex
3087 5257 3474 5321 bibliotheca
3512 5253 3673 5314 ιάιὶ-

423 5400 606 5444 cana.
639 5381 752 5440 XI.
790 5379 1091 5438 Extrema
1131 5390 1274 5450 pars
1303 5371 1576 5434 humilia:
1603 5369 1967 5432 undecima)
2001 5367 2069 5428 in
2101 5367 2670 5427 Resurrectioncm.
2707 5367 2851 5425 XII.
2884 5361 3380 5427 Commentarius
3421 5357 3488 5418 in
3523 5355 3675 5414 Acta

419 5478 863 5558 apostolorum
889 5491 967 5534 ex
1003 5472 1386 5535 bibliotheca
1433 5469 1802 5530 Florentino
1837 5466 2144 5528 Mcdicea.
2178 5467 2356 5528 XIII.
2397 5464 2706 5544 Epistolcc
2733 5483 2773 5522 a
2805 5464 3089 5526 Meursio
3127 5470 3183 5521 et
3212 5459 3429 5520 Lamia
3468 5454 3674 5558 Acditw.

419 5555 747 5656 Quoniam
783 5590 941 5636 vero
972 5575 1053 5635 de
1083 5572 1390 5634 omnibus
1423 5571 1524 5632 his
1553 5571 1770 5647 aliqua
1802 5567 2252 5646 prmmonenda
2283 5572 2458 5637 sunt,
2492 5580 2625 5643 quo
2647 5563 2934 5642 quisque
2961 5561 3038 5621 ad
3073 5575 3300 5656 eorum
3331 5555 3676 5656 lectionem

420 5653 674 5744 accedat
711 5672 1012 5754 paratior,
1048 5670 1490 5733 Prml'ationeni
1529 5669 1688 5730 hanc
1721 5667 1785 5728 in
1825 5665 2088 5728 totidem
2122 5672 2282 5743 quot
2327 5670 2534 5741 partes
2569 5660 2722 5721 tomi
2760 5658 2954 5736 hujus
2989 5665 3163 5728 sunt,
3212 5653 3493 5717 dividam
3535 5668 3674 5712 sec-

480 5828 497 5845 '
523 5824 772 5878 Editionis
802 5820 1006 5869 Veneta:
1028 5831 1168 5885 quam
1194 5812 1465 5875 sequimur.
