4044 6420
296 420 400 488 609
655 418 660 422 ’
1102 421 1185 490 ΙΝ
1238 422 1671 502 SEQUENTIA
1724 430 2308 492 THEOPHYLAC’I‘I
2362 430 2704 492 SliBiPTA".
3450 426 3564 490 420‘-

295 533 392 593 Sin
421 531 700 593 omnino
719 535 985 608 sustuli,
1021 535 1242 596 saltem
1269 547 1601 616 utmnque
1639 538 1876 614 sopivi.
1909 537 2078 610 Quid
2112 550 2259 598 eum
2294 535 2670 596 excitaverit
2700 534 2947 609 denuo,
2976 551 3053 596 ex
3085 551 3232 598 mox-
3259 533 3556 595 dicendis

297 633 720 708 perspicuum
759 635 887 696 ﬁet.
1238 647 1240 650 ’

1731 757 2006 822 SECTIO
2057 751 2132 819 li.

578 902 671 972 De
705 911 1169 975 Commentario
1204 913 1270 974 in
1300 913 1452 974 Acta
1476 914 1907 991 apostolorum
1948 922 2164 975 recens
2199 923 2377 975 eruta
2429 923 2508 974 ex
2539 901 2912 975 bibliotheca
2957 905 3274 975 Vaticana.

373 1051 487 1120 iV.
537 1060 967 1156 Praeceden-tis
1011 1063 1464 1124 Commentarii
1518 1063 1869 1141 impressio
1914 1063 1991 1125 ad
2044 1061 2418 1124 umbilicum
2466 1062 2666 1124 ferme
2727 1067 3133 1140 pervenerat,
3166 1074 3314 1121 cum
3359 1060 3558 1118 Roma

299 1157 482 1220 litata
506 1166 670 1221 sum
705 1155 825 1222 tria
848 1160 1006 1223 folia
1043 1162 1316 1224 alterius
1351 1162 1809 1224 Commentarii
1853 1163 1920 1224 in
1965 1163 2190 1224 eadem
2237 1161 2680 1238 apostolorum
2710 1161 2887 1232 Acta,
2918 1158 3033 1236 qui
3081 1157 3145 1219 in
3181 1157 3408 1219 codice
3455 1155 3556 1214 bi-

302 1253 654 1319 bliothecae
695 1256 1022 1322 Vaticana
1067 1249 1622 1340 TheOphylactum
1670 1259 1924 1337 prtefert
1957 1269 2307 1323 auctorem.
2355 1261 2541 1321 Facta
2584 1258 2930 1321 collatione
2979 1254 3554 1334 deprehendimus,

309 1358 669 1422 Romanum
697 1369 729 1421 tt
761 1361 1088 1425 Sil'aniano
1119 1369 1266 1426 cum
1301 1362 1366 1424 in
1390 1362 1564 1435 aliis,
1598 1369 1733 1424 tum
1765 1363 2116 1440 praesertim
2147 1359 2456 1423 brevitate
2507 1361 2909 1439 discrepare.
2958 1360 3096 1420 Hoc
3130 1372 3282 1418 vero
3322 1357 3558 1418 nedum

305 1458 594 1537 priorem
633 1459 1103 1524 dubitationem
1131 1463 1298 1527 circa
1331 1464 1695 1544 genuinum
1729 1460 1917 1524 illius
1951 1454 2410 1524 Conimentarii
2447 1469 2774 1522 auctorem
2823 1461 3037 1520 denuo
3085 1456 3410 1526 excitavit,
3443 1456 3560 1516 sed

303 1559 499 1620 etiam
549 1560 840 1624 animum
893 1579 974 1625 eo
1017 1565 1380 1638 inclinavit,
1431 1572 1502 1627 ut
1539 1566 1892 1636 crederem,
1941 1564 2113 1626 hunc
2165 1562 2380 1643 politis
2439 1578 2662 1623 recens
2717 1562 3062 1628 detectum,
3117 1573 3307 1636 quam
3363 1555 3549 1616 illum

302 1659 800 1751 Theotihylacto
828 1665 1070 1726 auctori
1099 1665 1554 1728 ascribendum
1587 1676 1776 1725 esse:
1822 1663 2172 1741 prz'esertim
2226 1662 2398 1740 quod
2452 1660 2708 1722 brevior
2748 1658 2952 1719 multo
3001 1655 3108 1728 sit,
3157 1655 3450 1730 adeoque
3481 1655 3558 1713 ad

304 1759 897 1841 Theophylacteam
930 1763 1405 1826 commentandi
1450 1762 1763 1826 rationem
1798 1762 1976 1840 ιιι-οιιὶ
1991 1781 2063 1823 us
2088 1763 2394 1824 accedere
2425 1762 2740 1822 videatur.
2772 1752 3095 1820 Nonnulla
3124 1753 3250 1817 alia
3282 1753 3562 1816 subinde

306 1861 506 1924 Roma
537 1873 796 1942 accepta
823 1866 974 1928 folia
1009 1883 1134 1928 non
1168 1865 1378 1928 solum
1421 1864 1583 1928 hanc
1608 1863 1768 1926 mihi
1799 1864 2241 1944 suspicionem
2267 1865 2622 1936 firmarunt,
2661 1861 2772 1924 sed
2805 1859 2997 1922 etiam
3028 1855 3340 1921 editionis
3366 1855 3562 1932 hujus

304 1961 728 2026 curatoribus
759 1967 1106 2029 cohsilium
1141 1967 1531 2046 injecerttut,
1573 1965 1747 2026 hunc
1789 1977 2055 2045 quoque
2103 1961 2644 2026 Commentarium
2695 1963 2759 2022 in
2810 1960 3019 2022 lucem
3067 1955 3451 2027 emittendi;
3495 1960 3566 2015 ut

308 2085 504 2149 ααεηι
539 2069 839 2146 ωτιιιαιὶεδ
873 2071 1072 2132 unius
1105 2085 1338 2148 nempe
1369 2071 1642 2139 codicis,
1674 2069 2018 2132 auctoritas
2067 2068 2246 2130 velut
2280 2058 2745 2144 TbeOpbylacti
2785 2061 3007 2124 foetum
3056 2056 3561 2124 commendaret,

311 2175 366 2237 is
392 2174 591 2236 etiam
624 2173 858 2252 mquali
895 2176 1172 2252 publicai
1203 2174 1368 2238 lucis
1403 2173 1646 2236 honore
1675 2169 2023 2235 frueretur.
2066 2164 2356 2235 Consilio
2384 2158 2563 2235 huic,
2597 2176 2971 2245 quanquam
3008 2161 3144 2240 ipse
3174 2165 3393 2220 auctor
3419 2173 3562 2219 esse

312 2274 663 2344 noluerim,
697 2276 1189 2353 repugnandum
1231 2281 1442 2335 tamen
1485 2271 1642 2333 mihi
1699 2290 1840 2335 esse
1874 2290 2002 2336 non
2052 2267 2308 2342 censui,
2341 2267 2584 2344 quippe
2631 2265 2745 2342 qui
2785 2268 3190 2343 perspectum
3237 2257 3563 2327 haberem,

310 2373 612 2434 eruditos
639 2371 937 2436 homines
973 2371 1212 2434 nedum
1261 2378 1460 2444 certe,
1499 2372 1609 2433 sed
1652 2379 1714 2432 et
1747 2369 1942 2434 dubia
1989 2387 2180 2448 Opera
2215 2371 2441 2430 codem
2490 2363 2826 2426 volumine
2873 2363 3064 2424 edere
3114 2356 3561 2420 consuevisse.

315 2471 465 2535 Hinc
497 2472 770 2550 quidem
801 2488 994 2552 opera
1018 2474 1096 2536 ad
1132 2474 1368 2563 calcem
1406 2474 1753 2536 voluminis
1791 2474 2167 2552 plerumque
2204 2469 2590 2548 rejiciuntur
2621 2489 2636 2528 :
2667 2473 2729 2528 at
2759 2463 2931 2544 quod
2966 2463 3086 2524 hoc
3123 2459 3320 2521 istum
3358 2458 3565 2518 locum

313 2583 594 2652 teneret,
620 2578 689 2639 in
719 2595 909 2641 causa
939 2568 1066 2641 fuit
1101 2558 1234 2658 jam
1263 2578 1561 2641 absoluta
1591 2577 2050 2642 Comm-entarii
2086 2576 2508 2655 praecedentis
2542 2569 2918 2652 impressio.
2945 2567 3356 2628 Censuerunt
3389 2558 3564 2622 enim

313 2681 631 2776 editores,
669 2681 1208 2754 Commentarios,
1241 2681 1353 2761 qui
1385 2679 1552 2744 circa
1587 2681 1876 2743 eamdem
1902 2687 2312 2744 versarentur
2347 2675 2705 2749 materiem,
2741 2675 3102 2747 eodemque
3128 2665 3328 2728 ferme
3369 2660 3568 2724 dubio

312 2773 708 2856 laborarent,
743 2786 882 2847 loco
907 2785 1346 2863 sejungendos
1377 2791 1506 2846 non
1540 2796 1711 2846 esse.
1743 2783 1932 2855 Hinc,
1964 2782 2214 2846 cmteris
2239 2781 2504 2844 interim
2536 2773 3008 2858 prmtermissis,
3031 2786 3175 2851 quae
3204 2783 3328 2846 prae
3360 2763 3568 2824 mani-

314 2883 435 2944 bus
473 2883 817 2956 habebam,
868 2881 1067 2961 hujus
1115 2875 1343 2946 Latine
1390 2881 1687 2945 vertendi
1741 2881 2023 2945 laborem
2071 2896 2417 2961 aggressus
2457 2896 2625 2940 sum.
2675 2874 2863 2950 Quod
2917 2874 3072 2935 dum
3111 2882 3456 2945 exsequor,
3506 2875 3568 2927 et

312 2984 873 3047 Commentarium
906 2983 1126 3062 ipsum
1159 2985 1429 3064 propius
1453 2983 1898 3060 attentiusque
1927 2981 2281 3061 perspicio,
2318 2981 2385 3043 in
2420 2979 2740 3059 prioribus
2777 2975 3048 3056 quidem
3085 2988 3200 3034 sex
3249 2965 3569 3046 capitibus

307 3094 374 3149 et
405 3087 672 3162 septimi
706 3088 976 3152 dimidia
996 3088 1200 3152 ferme
1233 3098 1412 3169 parte
1442 3104 1768 3170 perpauca
1799 3104 1945 3152 esse
1976 3086 2416 3168 deprehendo,
2444 3102 2590 3164 quae
2616 3084 2678 3144 in
2721 3077 3195 3145 Commentario
3241 3070 3570 3137 Sil‘aniano

312 3200 442 3254 non
480 3190 804 3262 inessent,
849 3205 920 3251 ac
949 3188 1152 3252 ferme
1185 3191 1397 3253 solum
1446 3191 1512 3252 in
1553 3207 1632 3253 eo
1676 3193 2070 3270 discrepare,
2104 3190 2279 3268 quod
2321 3185 2430 3248 ille
2461 3185 2678 3270 multo
2729 3181 3044 3262 prolixior
3074 3179 3184 3253 sit,
3212 3192 3332 3239 seu
3365 3174 3569 3236 multo

313 3289 500 3369 plura
539 3286 894 3350 contineat.
927 3288 1200 3367 Insuper
1228 3288 1365 3351 fere
1397 3291 1612 3352 omnia
1648 3303 1794 3365 quin
1823 3267 2088 3369 utrique
2119 3267 2489 3350 communia
2515 3267 2696 3360 sunt,
2724 3283 3062 3347 adeo-cum
3098 3278 3317 3341 verbis
3363 3275 3572 3354 Chry-

310 3389 592 3452 sostomi
625 3404 1008 3468 congruere,
1039 3394 1110 3451 ut
1136 3388 1394 3451 definiri
1431 3390 1535 3452 vix
1567 3397 1676 3452 aut
1705 3393 1976 3453 omnino
2009 3405 2137 3452 non
2173 3395 2390 3468 queat,
2423 3395 2644 3451 utrum
2677 3403 2821 3464 quae
2848 3384 3192 3447 Vaticanus
3225 3381 3568 3443 Commrn-

310 3493 523 3553 tarius
559 3490 628 3551 in
666 3487 988 3569 praylictis
1020 3489 1340 3568 capitibus
1389 3491 1604 3566 habet,
1645 3508 1721 3554 ex
1767 3493 2124 3565 Sifaniano,
2162 3490 2263 3554 vel
2315 3490 2518 3552 simili
2549 3488 2774 3567 aliquo
2801 3483 3182 3562 exemplari,
3217 3500 3296 3544 an
3341 3481 3572 3542 imme-

313 3593 486 3655 diate
512 3601 597 3653 ex
630 3591 774 3667 ipso
815 3589 1269 3668 Chrysostomo
1291 3592 1634 3672 desumpta
1657 3592 1928 3655 fuerint.
1967 3593 2130 3655 Illud
2163 3601 2411 3655 certum
2433 3590 2714 3661 videtur,
2740 3603 2814 3650 ea
2847 3587 2913 3648 in
2955 3594 3125 3661 parte
3148 3583 3308 3645 adeo
3340 3594 3572 3655 purum

320 3706 555 3773 putum
592 3695 891 3758 exhiberi
947 3695 1508 3776 Chrysostomnm,
1560 3703 1631 3760 ut
1660 3697 1774 3760 ‘hic
1800 3697 1901 3758 illi
1941 3694 2174 3759 titulus
2221 3693 2454 3757 merito
2488 3693 2689 3771 aptari
2724 3694 2989 3768 posset:
3018 3685 3272 3748 Scholia
3315 3685 3385 3745 in
3415 3681 3576 3742 Acta

319 3799 755 3880 apostolorum
779 3815 859 3861 ex
889 3798 1351 3878 Chrysostomo,
1386 3800 1530 3862 Atia
1560 3817 1899 3880 perpauca,
1927 3810 2074 3878 quae
2096 3797 2155 3859 ei
2189 3798 2414 3860 insunt
2453 3810 2534 3857 ex
2574 3791 2705 3856 alio
2734 3806 2909 3870 penu
2928 3790 3334 3864 deprompta,
3371 3785 3560 3844 Com-

334 3901 642 3964 mentario
664 3901 796 3981 jam
824 3897 1115 3964 confecto
1141 3891 1497 3982 superaddi
1527 3893 1738 3963 aliena
1772 3913 1964 3962 manu
1990 3905 2281 3976 potuere.

421 4000 498 4060 ν.
530 4003 642 4069 Sed
671 3980 863 4065 illud
900 3998 1020 4063 hoc
1065 3980 1883 4064 incohanimadvertendum
1926 4005 2046 4071 est,
2089 3997 2290 4076 quod,
2330 4004 2478 4058 cum
2526 3985 3030 4070 Cbrysos’tomus
3071 3984 3136 4046 in
3169 3980 3458 4062 qualibet
3497 3994 3574 4038 ex

325 4103 469 4167 Uis
497 4104 782 4169 bomiliis
826 4104 1233 4186 p‘r0p03itum
1276 4105 1464 4166 Luem
1505 4110 1754 4166 textum
1789 4101 1886 4166 bis
1927 4107 2300 4180 percurrat;
2331 4113 2450 4160 seu
2476 4101 2622 4174 past
2655 4091 2950 4171 primam.
2993 4100 3268 4165 θεωψιθ
3314 4082 3576 4186 “Fiam

322 4211 670 4272 verborum
707 4178 1253 4287 explanationem,
1281 4201 1472 4266 aliam
1497 4221 1681 4284 aeque
1711 4178 1971 4266 brevem
2010 4209 2074 4265 et
2111 4199 2505 4282 quandoque
2539 4189 2935 4260 breviorem,
2969 4187 3072 4249 his
3097 4193 3207 4246 aut
3247 4178 3579 4242 similibus

319 4311 540 4373 verbis
577 4285 948 4388 girreiiiissis,
996 4307 1334 4367 subuectat
1383 4319 1397 4362 :
1442 4303 1580 4360 Ἀλλ’
1611 4304 1810 4373 ῐδωμεν
1839 4302 1916 4357 ἄνα

1980 4313 2046 4354 rev
2079 4299 2148 4354 τι
2177 4294 2468 4371 etp-qum,
2491 4289 2602 4353 sed
2637 4289 2933 4370 superius
2975 4285 3146 4349 dicta
3191 4286 3577 4360 repetamus-

317 4419 550 4474 auctor
577 4381 799 4484 istius,
839 4405 1145 4487 quisquis
1193 4405 1452 4468 demum
1505 4398 1619 4462 ille
1650 4397 1890 4474 l-i'nerit,
1931 4393 2390 4458 Commentarii
2427 4392 2619 4455 modo
2652 4406 2732 4454 ex
2775 4391 3004 4469 prima,
3052 4383 3241 4448 modo
3276 4399 3355 4444 ex
3385 4381 3582 4444 altera

323 4479 797 4589 Explanatione
854 4479 1049 4571 verba
1102 4505 1458 4586 depromit;
1513 4508 1575 4565 et
1614 4498 1879 4577 quidem
1929 4495 2316 4573 plerumque
2368 4501 2438 4555 ut
2487 4491 2558 4554 in
2612 4499 2790 4553 textu
2840 4481 3277 4565 Chrysostomi
3325 4479 3582 4557 jaceat:

319 4579 546 4673 solum
596 4610 882 4683 mutatis,
930 4579 1208 4679 additis,
1232 4603 1336 4667 vel
1377 4601 1682 4681 demptis,
1731 4595 1993 4678 majoris
2041 4594 2348 4656 claritatis
2397 4594 2494 4656 vel
2548 4588 2881 4654 brevitatis
2914 4586 3139 4666 gratia,
3193 4579 3584 4662 quibusdam

323 4714 728 4791 quandoque
763 4679 1000 4783 verbis,
1035 4707 1243 4788 utqui
1278 4723 1406 4769 non
1438 4679 1564 4766 tam
1598 4703 1678 4763 de
1711 4698 1950 4768 verbis,
1989 4709 2182 4775 quam
2226 4695 2307 4756 de
2339 4710 2536 4756 sensu
2583 4686 3023 4770 Cbrysostomi
3076 4683 3414 4745 laboraret.
3445 4679 3584 4752 Qua

321 4817 545 4870 tamen
583 4778 650 4870 in
688 4827 781 4884 re,
811 4808 895 4881 si,
931 4807 1107 4887 quod
1137 4778 1298 4868 mihi
1323 4803 1552 4867 videor
1581 4796 2000 4876 comperisse,
2035 4792 2309 4855 candide
2341 4792 2526 4855 fateri
2551 4791 2762 4865 liceat,
2798 4803 2927 4850 non
2967 4801 3221 4864 semper
3253 4781 3411 4842 satis
3444 4778 3586 4840 feli-

321 4913 492 4974 citer
514 4928 639 4974 suo
677 4883 789 4972 ille
824 4883 1170 4972 defunctus
1200 4915 1299 4971 est
1331 4920 1604 4967 munere
1639 4925 1654 4963 :
1689 4896 2016 4962 interdum
2052 4895 2226 4958 enim
2257 4902 2367 4958 aut
2397 4893 2748 4974 supprimit
2778 4891 2994 4963 verba,
3025 4905 3172 4970 quia
3201 4883 3587 4966 perficiendo

329 5011 567 5074 sensui
597 5010 960 5075 necessaria
991 5019 1172 5074 erant
1216 5032 1230 5070 :
1271 5015 1380 5072 aut
1419 5004 1774 5084 superﬂua,
1814 5015 1960 5081 qua)
1988 5012 2255 5062 sensum
2301 4997 2736 5061 interturbent
2776 4995 2990 5074 potius
3013 5007 3205 5074 quam
3247 4989 3585 5053 clariorem

319 5112 628 5182 reddant,
662 5110 990 5190 adjungit;
1025 5109 1125 5170 vel
1165 5107 1232 5169 in
1267 5104 1675 5169 scholioru'm
1707 5100 1964 5160 delectu
1999 5096 2278 5174 prmterit
2309 5093 2598 5156 meliora.
2630 5095 2832 5168 Quam
2865 5091 2949 5153 ob
2999 5105 3132 5151 rem
3174 5089 3582 5150 Commenta-

325 5215 475 5276 rius
505 5180 633 5273 iste
664 5180 1177 5287 'Th'eotihylacto,
1216 5205 1355 5266 viro
1381 5198 1673 5264 doctrina
1706 5205 1767 5260 et
1790 5190 2024 5276 judicii
2071 5191 2435 5255 maturitate
2469 5189 2821 5270 praestanti,
2871 5185 3343 5268 abjudicandus
3378 5180 3580 5244 videri

315 5315 472 5393 jure
507 5319 755 5391 posset,
792 5300 922 5371 nisi
947 5284 1088 5369 haec
1127 5308 1345 5369 omnia
1389 5303 1460 5365 in
1500 5296 2042 5378 subsequentium
2093 5291 2506 5355 librariorum
2541 5291 2970 5361 oscitantiam,
3021 5290 3117 5352 vel
3169 5284 3584 5364 imperitiam,

321 5387 395 5483 ac
422 5387 666 5497 sapius
696 5414 1128 5478 temeritatem
1164 5409 1510 5472 retundere
1546 5408 1889 5484 priestaret.
1920 5399 2084 5463 Illud
2122 5392 2281 5460 mihi
2315 5396 2741 5475 exploratum,
2772 5393 3123 5471 exemplar,
3157 5387 3330 5470 quod
3369 5387 3585 5491 Latine

321 5478 710 5583 vertendum
746 5510 992 5588 accepi,
1026 5509 1280 5570 mendis
1310 5500 1588 5583 aliisque
1621 5501 1980 5564 defectibus
2018 5511 2165 5560 esse
2197 5513 2566 5574 respersum
2603 5518 2616 5556 :
2651 5495 2838 5574 cujus
2871 5492 2958 5554 rei
2999 5491 3185 5570 culpa
3217 5505 3340 5551 non
3373 5489 3433 5550 ei
3469 5478 3581 5566 qui

321 5620 536 5698 ipsum
597 5612 915 5681 exaravit,
965 5609 1078 5689 qui
1125 5609 1279 5670 satis
1315 5605 1670 5684 diligentim
1703 5618 1830 5684 pra:
1857 5619 1926 5664 se
1952 5601 2097 5672 fert,
2145 5599 2256 5661 sed
2289 5597 2595 5658 Vaticano
2643 5596 2846 5659 codici
2908 5592 3244 5656 tribuenda
3298 5591 3583 5652 videtur.

317 5718 666 5800 Quidquid
705 5731 861 5777 vero
898 5712 1015 5773 hac
1047 5710 1125 5771 de
1157 5728 1224 5771 re
1255 5709 1361 5782 sit,
1397 5723 1475 5770 eo
1507 5716 1677 5768 certe
1714 5704 1913 5783 major
1947 5699 2102 5763 mihi
2138 5700 2202 5761 in
2240 5697 2457 5760 Latina
2500 5697 2944 5759 concinnanda
2987 5693 3284 5757 versione
3326 5691 3584 5766 impen-

320 5786 574 5887 dendus
612 5817 738 5880 fuit
771 5811 980 5885 labor,
1017 5824 1147 5886 quo
1177 5805 1588 5886 frequentius
1614 5820 1878 5867 necesse
1913 5799 2108 5862 habui
2145 5814 2289 5860 cum
2332 5797 2774 5875 Chrysostomi
2831 5796 3008 5859 fonte
3053 5792 3220 5856 illud
3247 5786 3576 5854 conferre:
