  <div class='ocr_page' id='page_1' title='image "/cluster/home/n/w/nwhite01/storage/ocr_20150623/125:no.3/coo.31924054870302/213.png"; bbox 0 0 4044 6410; ppageno 0'>
   <div class='ocr_carea' id='block_1_1' title="bbox 537 392 3779 468">
    <p class='ocr_par' dir='ltr' id='par_1_1' title="bbox 537 392 3779 468">
     <span class='ocr_line' id='line_1_1' title="bbox 537 392 3779 468; baseline 0.001 -4"><span class='ocrx_word' id='word_1_1' title='bbox 537 392 634 464; x_wconf 76' lang='lat' dir='ltr'><strong>ttt</strong></span> <span class='ocrx_word' id='word_1_2' title='bbox 1585 399 1969 459; x_wconf 76' lang='lat' dir='ltr'><strong>BONIFACII</strong></span> <span class='ocrx_word' id='word_1_3' title='bbox 2013 402 2318 462; x_wconf 80' lang='lat' dir='ltr'><strong>FINE&#39;I‘TI</strong></span> <span class='ocrx_word' id='word_1_4' title='bbox 2353 404 2745 464; x_wconf 63' lang='lat' dir='ltr'><strong>ramento</strong></span> <span class='ocrx_word' id='word_1_5' title='bbox 3670 404 3779 468; x_wconf 68' lang='lat' dir='ltr'><strong>tta</strong></span> 
     </span>
    </p>
   </div>
   <div class='ocr_carea' id='block_1_2' title="bbox 537 514 3781 598">
    <p class='ocr_par' dir='ltr' id='par_1_2' title="bbox 537 514 3781 598">
     <span class='ocr_line' id='line_1_2' title="bbox 537 514 3781 598; baseline 0 -19"><span class='ocrx_word' id='word_1_6' title='bbox 537 531 609 579; x_wconf 88' lang='lat' dir='ltr'><strong>ut</strong></span> <span class='ocrx_word' id='word_1_7' title='bbox 643 526 702 581; x_wconf 90' lang='lat' dir='ltr'><strong>et</strong></span> <span class='ocrx_word' id='word_1_8' title='bbox 742 519 881 597; x_wconf 85' lang='lat' dir='ltr'><strong>ejus</strong></span> <span class='ocrx_word' id='word_1_9' title='bbox 913 517 1146 579; x_wconf 84' lang='lat' dir='ltr'><strong>menda</strong></span> <span class='ocrx_word' id='word_1_10' title='bbox 1172 515 1585 594; x_wconf 84' lang='lat' dir='ltr'><strong>corrigercm,</strong></span> <span class='ocrx_word' id='word_1_11' title='bbox 1623 520 1708 587; x_wconf 88' lang='lat' dir='ltr'><strong>et,</strong></span> <span class='ocrx_word' id='word_1_12' title='bbox 1741 514 1848 574; x_wconf 91' lang='lat' dir='ltr'><strong>ubi</strong></span> <span class='ocrx_word' id='word_1_13' title='bbox 1882 517 2135 576; x_wconf 89' lang='lat' dir='ltr'><strong>deesset</strong></span> <span class='ocrx_word' id='word_1_14' title='bbox 2164 517 2435 596; x_wconf 76' lang='lat' dir='ltr'><strong>aliquid,</strong></span> <span class='ocrx_word' id='word_1_15' title='bbox 2471 521 2865 598; x_wconf 82' lang='lat' dir='ltr'><strong>supplerem.</strong></span> <span class='ocrx_word' id='word_1_16' title='bbox 2910 522 2978 582; x_wconf 92' lang='lat' dir='ltr'><strong>ln</strong></span> <span class='ocrx_word' id='word_1_17' title='bbox 3027 522 3109 582; x_wconf 91' lang='lat' dir='ltr'><strong>iis</strong></span> <span class='ocrx_word' id='word_1_18' title='bbox 3151 537 3322 591; x_wconf 84' lang='lat' dir='ltr'><strong>vero,</strong></span> <span class='ocrx_word' id='word_1_19' title='bbox 3355 538 3498 598; x_wconf 68' lang='lat' dir='ltr'><strong>qua:</strong></span> <span class='ocrx_word' id='word_1_20' title='bbox 3542 537 3615 581; x_wconf 77' lang='lat' dir='ltr'><strong>ex</strong></span> <span class='ocrx_word' id='word_1_21' title='bbox 3648 521 3781 582; x_wconf 87' lang='lat' dir='ltr'><strong>alio</strong></span> 
     </span>
    </p>
   </div>
   <div class='ocr_carea' id='block_1_3' title="bbox 535 613 3778 699">
    <p class='ocr_par' dir='ltr' id='par_1_3' title="bbox 535 613 3778 699">
     <span class='ocr_line' id='line_1_3' title="bbox 535 613 3778 699; baseline 0 -21"><span class='ocrx_word' id='word_1_22' title='bbox 535 617 714 679; x_wconf 85' lang='lat' dir='ltr'><strong>fonte</strong></span> <span class='ocrx_word' id='word_1_23' title='bbox 756 619 977 678; x_wconf 86' lang='lat' dir='ltr'><strong>hausta</strong></span> <span class='ocrx_word' id='word_1_24' title='bbox 1024 624 1202 689; x_wconf 91' lang='lat' dir='ltr'><strong>sunt,</strong></span> <span class='ocrx_word' id='word_1_25' title='bbox 1234 632 1378 676; x_wconf 91' lang='lat' dir='ltr'><strong>cum</strong></span> <span class='ocrx_word' id='word_1_26' title='bbox 1410 613 1739 676; x_wconf 84' lang='lat' dir='ltr'><strong>Sifaniano</strong></span> <span class='ocrx_word' id='word_1_27' title='bbox 1767 617 2265 692; x_wconf 78' lang='lat' dir='ltr'><strong>Commentario,</strong></span> <span class='ocrx_word' id='word_1_28' title='bbox 2297 627 2357 679; x_wconf 93' lang='lat' dir='ltr'><strong>et</strong></span> <span class='ocrx_word' id='word_1_29' title='bbox 2381 621 2745 699; x_wconf 86' lang='lat' dir='ltr'><strong>apographo</strong></span> <span class='ocrx_word' id='word_1_30' title='bbox 2777 620 3176 694; x_wconf 84' lang='lat' dir='ltr'><strong>Florentino,</strong></span> <span class='ocrx_word' id='word_1_31' title='bbox 3201 624 3280 680; x_wconf 88' lang='lat' dir='ltr'><strong>de</strong></span> <span class='ocrx_word' id='word_1_32' title='bbox 3313 637 3444 698; x_wconf 89' lang='lat' dir='ltr'><strong>quo</strong></span> <span class='ocrx_word' id='word_1_33' title='bbox 3472 618 3778 688; x_wconf 86' lang='lat' dir='ltr'><strong>inferius,</strong></span> 
     </span>
    </p>
   </div>
   <div class='ocr_carea' id='block_1_4' title="bbox 538 717 3782 802">
    <p class='ocr_par' dir='ltr' id='par_1_4' title="bbox 538 717 3782 802">
     <span class='ocr_line' id='line_1_4' title="bbox 538 717 3782 802; baseline -0.002 -17"><span class='ocrx_word' id='word_1_34' title='bbox 538 723 838 786; x_wconf 87' lang='lat' dir='ltr'><strong>eumdem</strong></span> <span class='ocrx_word' id='word_1_35' title='bbox 871 722 938 783; x_wconf 90' lang='lat' dir='ltr'><strong>in</strong></span> <span class='ocrx_word' id='word_1_36' title='bbox 978 721 1168 782; x_wconf 84' lang='lat' dir='ltr'><strong>ﬁnem</strong></span> <span class='ocrx_word' id='word_1_37' title='bbox 1195 720 1440 782; x_wconf 83' lang='lat' dir='ltr'><strong>contuli</strong></span> <span class='ocrx_word' id='word_1_38' title='bbox 1480 740 1494 776; x_wconf 92' lang='lat'><strong>:</strong></span> <span class='ocrx_word' id='word_1_39' title='bbox 1541 717 1724 796; x_wconf 88' lang='lat' dir='ltr'><strong>plura</strong></span> <span class='ocrx_word' id='word_1_40' title='bbox 1756 720 1933 780; x_wconf 91' lang='lat' dir='ltr'><strong>enim</strong></span> <span class='ocrx_word' id='word_1_41' title='bbox 1965 720 2246 802; x_wconf 81' lang='lat' dir='ltr'><strong>singulis</strong></span> <span class='ocrx_word' id='word_1_42' title='bbox 2281 722 2458 784; x_wconf 90' lang='lat' dir='ltr'><strong>hisce</strong></span> <span class='ocrx_word' id='word_1_43' title='bbox 2490 723 2967 784; x_wconf 89' lang='lat' dir='ltr'><strong>commentariis</strong></span> <span class='ocrx_word' id='word_1_44' title='bbox 2995 722 3365 785; x_wconf 90' lang='lat' dir='ltr'><strong>communia</strong></span> <span class='ocrx_word' id='word_1_45' title='bbox 3411 730 3583 793; x_wconf 90' lang='lat' dir='ltr'><strong>sunt,</strong></span> <span class='ocrx_word' id='word_1_46' title='bbox 3615 722 3782 782; x_wconf 86' lang='lat' dir='ltr'><strong>adeo</strong></span> 
     </span>
    </p>
   </div>
   <div class='ocr_carea' id='block_1_5' title="bbox 538 809 3785 906">
    <p class='ocr_par' dir='ltr' id='par_1_5' title="bbox 538 809 3785 906">
     <span class='ocr_line' id='line_1_5' title="bbox 538 809 3785 906; baseline -0.001 -19"><span class='ocrx_word' id='word_1_47' title='bbox 538 837 608 887; x_wconf 92' lang='lat' dir='ltr'><strong>ut</strong></span> <span class='ocrx_word' id='word_1_48' title='bbox 632 825 800 888; x_wconf 91' lang='lat' dir='ltr'><strong>alius</strong></span> <span class='ocrx_word' id='word_1_49' title='bbox 838 843 917 888; x_wconf 80' lang='lat' dir='ltr'><strong>ex</strong></span> <span class='ocrx_word' id='word_1_50' title='bbox 948 827 1074 888; x_wconf 87' lang='lat' dir='ltr'><strong>alio</strong></span> <span class='ocrx_word' id='word_1_51' title='bbox 1107 824 1430 886; x_wconf 87' lang='lat' dir='ltr'><strong>emendari</strong></span> <span class='ocrx_word' id='word_1_52' title='bbox 1465 825 1854 904; x_wconf 84' lang='lat' dir='ltr'><strong>quandoque</strong></span> <span class='ocrx_word' id='word_1_53' title='bbox 1890 809 2116 904; x_wconf 83' lang='lat' dir='ltr'><strong>possit,</strong></span> <span class='ocrx_word' id='word_1_54' title='bbox 2150 834 2342 906; x_wconf 90' lang='lat' dir='ltr'><strong>atque</strong></span> <span class='ocrx_word' id='word_1_55' title='bbox 2375 828 2689 905; x_wconf 87' lang='lat' dir='ltr'><strong>suppleri.</strong></span> <span class='ocrx_word' id='word_1_56' title='bbox 2724 828 3047 901; x_wconf 88' lang='lat' dir='ltr'><strong>Quantum</strong></span> <span class='ocrx_word' id='word_1_57' title='bbox 3083 823 3450 904; x_wconf 90' lang='lat' dir='ltr'><strong>hujusmodi</strong></span> <span class='ocrx_word' id='word_1_58' title='bbox 3487 822 3785 884; x_wconf 81' lang='lat' dir='ltr'><strong>collatio-</strong></span> 
     </span>
    </p>
   </div>
   <div class='ocr_carea' id='block_1_6' title="bbox 539 924 3785 1005">
    <p class='ocr_par' dir='ltr' id='par_1_6' title="bbox 539 924 3785 1005">
     <span class='ocr_line' id='line_1_6' title="bbox 539 924 3785 1005; baseline -0.002 -17"><span class='ocrx_word' id='word_1_59' title='bbox 539 925 735 988; x_wconf 86' lang='lat' dir='ltr'><strong>nibus</strong></span> <span class='ocrx_word' id='word_1_60' title='bbox 769 925 1251 998; x_wconf 90' lang='lat' dir='ltr'><strong>Commentarii,</strong></span> <span class='ocrx_word' id='word_1_61' title='bbox 1285 942 1416 1004; x_wconf 91' lang='lat' dir='ltr'><strong>quo</strong></span> <span class='ocrx_word' id='word_1_62' title='bbox 1453 926 1532 987; x_wconf 89' lang='lat' dir='ltr'><strong>de</strong></span> <span class='ocrx_word' id='word_1_63' title='bbox 1582 924 1838 1004; x_wconf 87' lang='lat' dir='ltr'><strong>loquor,</strong></span> <span class='ocrx_word' id='word_1_64' title='bbox 1895 933 2143 987; x_wconf 81' lang='lat' dir='ltr'><strong>textum</strong></span> <span class='ocrx_word' id='word_1_65' title='bbox 2183 943 2303 1004; x_wconf 89' lang='lat' dir='ltr'><strong>ego</strong></span> <span class='ocrx_word' id='word_1_66' title='bbox 2354 926 2756 1005; x_wconf 87' lang='lat' dir='ltr'><strong>perfecerim,</strong></span> <span class='ocrx_word' id='word_1_67' title='bbox 2789 935 3211 1005; x_wconf 90' lang='lat' dir='ltr'><strong>compertum,</strong></span> <span class='ocrx_word' id='word_1_68' title='bbox 3243 925 3785 1001; x_wconf 78' lang='lat' dir='ltr'><strong>exploratumque</strong></span> 
     </span>
    </p>
   </div>
   <div class='ocr_carea' id='block_1_7' title="bbox 543 1024 3782 1106">
    <p class='ocr_par' dir='ltr' id='par_1_7' title="bbox 543 1024 3782 1106">
     <span class='ocr_line' id='line_1_7' title="bbox 543 1024 3782 1106; baseline -0.002 -18"><span class='ocrx_word' id='word_1_69' title='bbox 543 1028 744 1089; x_wconf 87' lang='lat' dir='ltr'><strong>lector</strong></span> <span class='ocrx_word' id='word_1_70' title='bbox 798 1028 1083 1100; x_wconf 85' lang='lat' dir='ltr'><strong>habebit,</strong></span> <span class='ocrx_word' id='word_1_71' title='bbox 1120 1027 1176 1088; x_wconf 90' lang='lat' dir='ltr'><strong>si</strong></span> <span class='ocrx_word' id='word_1_72' title='bbox 1215 1027 1528 1101; x_wconf 86' lang='lat' dir='ltr'><strong>advertat,</strong></span> <span class='ocrx_word' id='word_1_73' title='bbox 1562 1027 1755 1089; x_wconf 89' lang='lat' dir='ltr'><strong>verba</strong></span> <span class='ocrx_word' id='word_1_74' title='bbox 1793 1045 1827 1089; x_wconf 92' lang='lat' dir='ltr'><strong>a</strong></span> <span class='ocrx_word' id='word_1_75' title='bbox 1862 1045 1960 1090; x_wconf 91' lang='lat' dir='ltr'><strong>me</strong></span> <span class='ocrx_word' id='word_1_76' title='bbox 1994 1046 2073 1090; x_wconf 83' lang='lat' dir='ltr'><strong>ex</strong></span> <span class='ocrx_word' id='word_1_77' title='bbox 2110 1028 2300 1092; x_wconf 89' lang='lat' dir='ltr'><strong>dictis</strong></span> <span class='ocrx_word' id='word_1_78' title='bbox 2342 1028 2633 1092; x_wconf 91' lang='lat' dir='ltr'><strong>fontibus</strong></span> <span class='ocrx_word' id='word_1_79' title='bbox 2667 1031 2880 1092; x_wconf 90' lang='lat' dir='ltr'><strong>addita</strong></span> <span class='ocrx_word' id='word_1_80' title='bbox 2912 1030 3089 1091; x_wconf 85' lang='lat' dir='ltr'><strong>hisce</strong></span> <span class='ocrx_word' id='word_1_81' title='bbox 3125 1026 3334 1106; x_wconf 83' lang='lat' dir='ltr'><strong>signis</strong></span> <span class='ocrx_word' id='word_1_82' title='bbox 3373 1029 3394 1102; x_wconf 91' lang='lat'>[</span> <span class='ocrx_word' id='word_1_83' title='bbox 3475 1027 3493 1100; x_wconf 90' lang='lat'>]</span> <span class='ocrx_word' id='word_1_84' title='bbox 3530 1024 3782 1085; x_wconf 83' lang='lat' dir='ltr'><strong>inclusa</strong></span> 
     </span>
    </p>
   </div>
   <div class='ocr_carea' id='block_1_8' title="bbox 539 1127 3788 1208">
    <p class='ocr_par' dir='ltr' id='par_1_8' title="bbox 539 1127 3788 1208">
     <span class='ocr_line' id='line_1_8' title="bbox 539 1127 3788 1208; baseline -0.001 -21"><span class='ocrx_word' id='word_1_85' title='bbox 539 1142 706 1187; x_wconf 90' lang='lat' dir='ltr'><strong>esse.</strong></span> <span class='ocrx_word' id='word_1_86' title='bbox 754 1127 848 1187; x_wconf 85' lang='lat' dir='ltr'><strong>Ad</strong></span> <span class='ocrx_word' id='word_1_87' title='bbox 880 1127 1236 1204; x_wconf 79' lang='lat' dir='ltr'><strong>marginem</strong></span> <span class='ocrx_word' id='word_1_88' title='bbox 1275 1143 1427 1188; x_wconf 91' lang='lat' dir='ltr'><strong>vero</strong></span> <span class='ocrx_word' id='word_1_89' title='bbox 1457 1127 1784 1189; x_wconf 90' lang='lat' dir='ltr'><strong>lateralem</strong></span> <span class='ocrx_word' id='word_1_90' title='bbox 1815 1127 2125 1206; x_wconf 90' lang='lat' dir='ltr'><strong>ascriptas</strong></span> <span class='ocrx_word' id='word_1_91' title='bbox 2154 1130 2435 1208; x_wconf 87' lang='lat' dir='ltr'><strong>reperiet</strong></span> <span class='ocrx_word' id='word_1_92' title='bbox 2463 1131 2786 1194; x_wconf 80' lang='lat' dir='ltr'><strong>variantes</strong></span> <span class='ocrx_word' id='word_1_93' title='bbox 2838 1130 3175 1203; x_wconf 88' lang='lat' dir='ltr'><strong>lectiones,</strong></span> <span class='ocrx_word' id='word_1_94' title='bbox 3224 1142 3353 1188; x_wconf 91' lang='lat' dir='ltr'><strong>non</strong></span> <span class='ocrx_word' id='word_1_95' title='bbox 3385 1133 3594 1188; x_wconf 88' lang='lat' dir='ltr'><strong>tamen</strong></span> <span class='ocrx_word' id='word_1_96' title='bbox 3637 1139 3788 1184; x_wconf 86' lang='lat' dir='ltr'><strong>om-</strong></span> 
     </span>
    </p>
   </div>
   <div class='ocr_carea' id='block_1_9' title="bbox 537 1225 3776 1311">
    <p class='ocr_par' dir='ltr' id='par_1_9' title="bbox 537 1225 3776 1311">
     <span class='ocr_line' id='line_1_9' title="bbox 537 1225 3776 1311; baseline -0.002 -23"><span class='ocrx_word' id='word_1_97' title='bbox 537 1244 694 1296; x_wconf 86' lang='lat' dir='ltr'><strong>nes;</strong></span> <span class='ocrx_word' id='word_1_98' title='bbox 727 1245 872 1289; x_wconf 92' lang='lat' dir='ltr'><strong>cum</strong></span> <span class='ocrx_word' id='word_1_99' title='bbox 907 1227 1315 1307; x_wconf 85' lang='lat' dir='ltr'><strong>superfluum</strong></span> <span class='ocrx_word' id='word_1_100' title='bbox 1343 1233 1406 1290; x_wconf 90' lang='lat' dir='ltr'><strong>et</strong></span> <span class='ocrx_word' id='word_1_101' title='bbox 1434 1229 1667 1291; x_wconf 90' lang='lat' dir='ltr'><strong>inutile</strong></span> <span class='ocrx_word' id='word_1_102' title='bbox 1690 1229 1901 1291; x_wconf 88' lang='lat' dir='ltr'><strong>visum</strong></span> <span class='ocrx_word' id='word_1_103' title='bbox 1937 1230 2096 1292; x_wconf 91' lang='lat' dir='ltr'><strong>mibi</strong></span> <span class='ocrx_word' id='word_1_104' title='bbox 2144 1231 2363 1305; x_wconf 89' lang='lat' dir='ltr'><strong>fuerit,</strong></span> <span class='ocrx_word' id='word_1_105' title='bbox 2411 1232 2671 1311; x_wconf 86' lang='lat' dir='ltr'><strong>quoties</strong></span> <span class='ocrx_word' id='word_1_106' title='bbox 2701 1231 3109 1298; x_wconf 85' lang='lat' dir='ltr'><strong>manifestum</strong></span> <span class='ocrx_word' id='word_1_107' title='bbox 3151 1228 3418 1307; x_wconf 84' lang='lat' dir='ltr'><strong>aliquod</strong></span> <span class='ocrx_word' id='word_1_108' title='bbox 3465 1225 3776 1287; x_wconf 89' lang='lat' dir='ltr'><strong>mendum</strong></span> 
     </span>
    </p>
   </div>
   <div class='ocr_carea' id='block_1_10' title="bbox 541 1325 3770 1410">
    <p class='ocr_par' dir='ltr' id='par_1_10' title="bbox 541 1325 3770 1410">
     <span class='ocr_line' id='line_1_10' title="bbox 541 1325 3770 1410; baseline -0.001 -24"><span class='ocrx_word' id='word_1_109' title='bbox 541 1329 1051 1407; x_wconf 80' lang='lat' dir='ltr'><strong>expungendum</strong></span> <span class='ocrx_word' id='word_1_110' title='bbox 1092 1329 1236 1402; x_wconf 91' lang='lat' dir='ltr'><strong>fuit,</strong></span> <span class='ocrx_word' id='word_1_111' title='bbox 1270 1331 1458 1391; x_wconf 91' lang='lat' dir='ltr'><strong>toties</strong></span> <span class='ocrx_word' id='word_1_112' title='bbox 1490 1337 1635 1391; x_wconf 91' lang='lat' dir='ltr'><strong>nota</strong></span> <span class='ocrx_word' id='word_1_113' title='bbox 1673 1331 1889 1410; x_wconf 89' lang='lat' dir='ltr'><strong>aliqua</strong></span> <span class='ocrx_word' id='word_1_114' title='bbox 1925 1333 2255 1410; x_wconf 87' lang='lat' dir='ltr'><strong>marginali</strong></span> <span class='ocrx_word' id='word_1_115' title='bbox 2298 1335 2624 1395; x_wconf 89' lang='lat' dir='ltr'><strong>Lectorem</strong></span> <span class='ocrx_word' id='word_1_116' title='bbox 2657 1350 2940 1405; x_wconf 88' lang='lat' dir='ltr'><strong>mouere,</strong></span> <span class='ocrx_word' id='word_1_117' title='bbox 2977 1340 3045 1392; x_wconf 93' lang='lat' dir='ltr'><strong>ut</strong></span> <span class='ocrx_word' id='word_1_118' title='bbox 3074 1331 3230 1391; x_wconf 89' lang='lat' dir='ltr'><strong>alias</strong></span> <span class='ocrx_word' id='word_1_119' title='bbox 3262 1329 3409 1390; x_wconf 88' lang='lat' dir='ltr'><strong>fecit</strong></span> <span class='ocrx_word' id='word_1_120' title='bbox 3455 1325 3714 1387; x_wconf 85' lang='lat' dir='ltr'><strong>Sifanus</strong></span> <span class='ocrx_word' id='word_1_121' title='bbox 3753 1344 3770 1382; x_wconf 87' lang='lat'><strong>:</strong></span> 
     </span>
    </p>
   </div>
   <div class='ocr_carea' id='block_1_11' title="bbox 536 1426 3781 1511">
    <p class='ocr_par' dir='ltr' id='par_1_11' title="bbox 536 1426 3781 1511">
     <span class='ocr_line' id='line_1_11' title="bbox 536 1426 3781 1511; baseline -0.002 -21"><span class='ocrx_word' id='word_1_122' title='bbox 536 1430 619 1490; x_wconf 87' lang='lat' dir='ltr'><strong>ob</strong></span> <span class='ocrx_word' id='word_1_123' title='bbox 657 1448 848 1508; x_wconf 89' lang='lat' dir='ltr'><strong>quam</strong></span> <span class='ocrx_word' id='word_1_124' title='bbox 883 1449 1014 1492; x_wconf 74' lang='lat' dir='ltr'><strong>rem</strong></span> <span class='ocrx_word' id='word_1_125' title='bbox 1049 1441 1260 1493; x_wconf 83' lang='lat' dir='ltr'><strong>tamen</strong></span> <span class='ocrx_word' id='word_1_126' title='bbox 1291 1448 1439 1492; x_wconf 88' lang='lat' dir='ltr'><strong>cum</strong></span> <span class='ocrx_word' id='word_1_127' title='bbox 1475 1429 2082 1509; x_wconf 84' lang='lat' dir='ltr'><strong>reprehendendum</strong></span> <span class='ocrx_word' id='word_1_128' title='bbox 2113 1450 2240 1495; x_wconf 89' lang='lat' dir='ltr'><strong>non</strong></span> <span class='ocrx_word' id='word_1_129' title='bbox 2271 1443 2450 1511; x_wconf 91' lang='lat' dir='ltr'><strong>puto,</strong></span> <span class='ocrx_word' id='word_1_130' title='bbox 2485 1452 2628 1496; x_wconf 85' lang='lat' dir='ltr'><strong>cum</strong></span> <span class='ocrx_word' id='word_1_131' title='bbox 2661 1451 2788 1495; x_wconf 87' lang='lat' dir='ltr'><strong>non</strong></span> <span class='ocrx_word' id='word_1_132' title='bbox 2813 1435 2888 1495; x_wconf 87' lang='lat' dir='ltr'><strong>ad</strong></span> <span class='ocrx_word' id='word_1_133' title='bbox 2916 1431 3319 1508; x_wconf 79' lang='lat' dir='ltr'><strong>diligentiam</strong></span> <span class='ocrx_word' id='word_1_134' title='bbox 3347 1429 3445 1489; x_wconf 89' lang='lat' dir='ltr'><strong>vel</strong></span> <span class='ocrx_word' id='word_1_135' title='bbox 3482 1426 3781 1505; x_wconf 85' lang='lat' dir='ltr'><strong>peritiam</strong></span> 
     </span>
    </p>
   </div>
   <div class='ocr_carea' id='block_1_12' title="bbox 537 1521 3787 1610">
    <p class='ocr_par' dir='ltr' id='par_1_12' title="bbox 537 1521 3787 1610">
     <span class='ocr_line' id='line_1_12' title="bbox 537 1521 3787 1610; baseline -0.002 -23"><span class='ocrx_word' id='word_1_136' title='bbox 537 1545 718 1588; x_wconf 90' lang='lat' dir='ltr'><strong>suam</strong></span> <span class='ocrx_word' id='word_1_137' title='bbox 771 1531 1241 1605; x_wconf 85' lang='lat' dir='ltr'><strong>ostentandam,</strong></span> <span class='ocrx_word' id='word_1_138' title='bbox 1292 1531 1404 1592; x_wconf 89' lang='lat' dir='ltr'><strong>sed</strong></span> <span class='ocrx_word' id='word_1_139' title='bbox 1451 1532 1526 1592; x_wconf 88' lang='lat' dir='ltr'><strong>ad</strong></span> <span class='ocrx_word' id='word_1_140' title='bbox 1564 1548 1822 1593; x_wconf 91' lang='lat' dir='ltr'><strong>omnem</strong></span> <span class='ocrx_word' id='word_1_141' title='bbox 1874 1532 2270 1594; x_wconf 82' lang='lat' dir='ltr'><strong>inﬁdelitatis</strong></span> <span class='ocrx_word' id='word_1_142' title='bbox 2321 1535 2737 1596; x_wconf 83' lang='lat' dir='ltr'><strong>amovendam</strong></span> <span class='ocrx_word' id='word_1_143' title='bbox 2771 1531 3209 1610; x_wconf 73' lang='lat' dir='ltr'><strong>suspicionem</strong></span> <span class='ocrx_word' id='word_1_144' title='bbox 3254 1529 3318 1590; x_wconf 91' lang='lat' dir='ltr'><strong>id</strong></span> <span class='ocrx_word' id='word_1_145' title='bbox 3351 1527 3562 1606; x_wconf 84' lang='lat' dir='ltr'><strong>egisse</strong></span> <span class='ocrx_word' id='word_1_146' title='bbox 3593 1521 3787 1584; x_wconf 74' lang='lat' dir='ltr'><strong>facile</strong></span> 
     </span>
    </p>
   </div>
   <div class='ocr_carea' id='block_1_13' title="bbox 537 1631 813 1693">
    <p class='ocr_par' dir='ltr' id='par_1_13' title="bbox 537 1631 813 1693">
     <span class='ocr_line' id='line_1_13' title="bbox 537 1631 813 1693; baseline 0.014 -4"><span class='ocrx_word' id='word_1_147' title='bbox 537 1631 813 1693; x_wconf 81' lang='lat' dir='ltr'><strong>credam.</strong></span> 
     </span>
    </p>
   </div>
   <div class='ocr_carea' id='block_1_14' title="bbox 624 1749 3787 1841">
    <p class='ocr_par' dir='ltr' id='par_1_14' title="bbox 624 1749 3787 1841">
     <span class='ocr_line' id='line_1_14' title="bbox 624 1749 3787 1841; baseline -0.003 -25"><span class='ocrx_word' id='word_1_148' title='bbox 624 1760 732 1819; x_wconf 74' lang='lat' dir='ltr'><strong>Vl.</strong></span> <span class='ocrx_word' id='word_1_149' title='bbox 765 1761 953 1820; x_wconf 88' lang='lat' dir='ltr'><strong>Hunc</strong></span> <span class='ocrx_word' id='word_1_150' title='bbox 985 1758 1357 1821; x_wconf 80' lang='lat' dir='ltr'><strong>conferendi</strong></span> <span class='ocrx_word' id='word_1_151' title='bbox 1399 1759 1707 1834; x_wconf 83' lang='lat' dir='ltr'><strong>laborem,</strong></span> <span class='ocrx_word' id='word_1_152' title='bbox 1747 1760 2140 1839; x_wconf 81' lang='lat' dir='ltr'><strong>exemplaris</strong></span> <span class='ocrx_word' id='word_1_153' title='bbox 2174 1761 2560 1824; x_wconf 84' lang='lat' dir='ltr'><strong>emendandi</strong></span> <span class='ocrx_word' id='word_1_154' title='bbox 2597 1762 3032 1841; x_wconf 74' lang='lat' dir='ltr'><strong>supplenditre</strong></span> <span class='ocrx_word' id='word_1_155' title='bbox 3060 1774 3273 1830; x_wconf 67' lang='lat' dir='ltr'><strong>causa,</strong></span> <span class='ocrx_word' id='word_1_156' title='bbox 3307 1770 3432 1816; x_wconf 84' lang='lat' dir='ltr'><strong>non</strong></span> <span class='ocrx_word' id='word_1_157' title='bbox 3469 1753 3682 1813; x_wconf 84' lang='lat' dir='ltr'><strong>solum</strong></span> <span class='ocrx_word' id='word_1_158' title='bbox 3716 1749 3787 1808; x_wconf 88' lang='lat' dir='ltr'><strong>in</strong></span> 
     </span>
    </p>
   </div>
   <div class='ocr_carea' id='block_1_15' title="bbox 539 1852 3792 1945">
    <p class='ocr_par' dir='ltr' id='par_1_15' title="bbox 539 1852 3792 1945">
     <span class='ocr_line' id='line_1_15' title="bbox 539 1852 3792 1945; baseline -0.003 -25"><span class='ocrx_word' id='word_1_159' title='bbox 539 1860 894 1936; x_wconf 78' lang='lat' dir='ltr'><strong>prioribus,</strong></span> <span class='ocrx_word' id='word_1_160' title='bbox 939 1870 1002 1922; x_wconf 93' lang='lat' dir='ltr'><strong>ut</strong></span> <span class='ocrx_word' id='word_1_161' title='bbox 1030 1861 1162 1940; x_wconf 90' lang='lat' dir='ltr'><strong>jam</strong></span> <span class='ocrx_word' id='word_1_162' title='bbox 1197 1863 1413 1936; x_wconf 90' lang='lat' dir='ltr'><strong>innui,</strong></span> <span class='ocrx_word' id='word_1_163' title='bbox 1457 1863 1803 1940; x_wconf 85' lang='lat' dir='ltr'><strong>capitibus,</strong></span> <span class='ocrx_word' id='word_1_164' title='bbox 1837 1866 1946 1925; x_wconf 90' lang='lat' dir='ltr'><strong>sed</strong></span> <span class='ocrx_word' id='word_1_165' title='bbox 1976 1865 2038 1926; x_wconf 91' lang='lat' dir='ltr'><strong>in</strong></span> <span class='ocrx_word' id='word_1_166' title='bbox 2075 1852 2360 1945; x_wconf 82' lang='lat' dir='ltr'><strong>qualibet</strong></span> <span class='ocrx_word' id='word_1_167' title='bbox 2391 1865 2598 1945; x_wconf 87' lang='lat' dir='ltr'><strong>ipsius</strong></span> <span class='ocrx_word' id='word_1_168' title='bbox 2649 1874 2821 1944; x_wconf 86' lang='lat' dir='ltr'><strong>parte</strong></span> <span class='ocrx_word' id='word_1_169' title='bbox 2857 1864 3097 1928; x_wconf 83' lang='lat' dir='ltr'><strong>subivi.</strong></span> <span class='ocrx_word' id='word_1_170' title='bbox 3151 1862 3649 1938; x_wconf 82' lang='lat' dir='ltr'><strong>Chrysostomus</strong></span> <span class='ocrx_word' id='word_1_171' title='bbox 3687 1864 3792 1912; x_wconf 57' lang='lat' dir='ltr'><strong>ta-</strong></span> 
     </span>
    </p>
   </div>
   <div class='ocr_carea' id='block_1_16' title="bbox 543 1957 3795 2042">
    <p class='ocr_par' dir='ltr' id='par_1_16' title="bbox 543 1957 3795 2042">
     <span class='ocr_line' id='line_1_16' title="bbox 543 1957 3795 2042; baseline -0.002 -24"><span class='ocrx_word' id='word_1_172' title='bbox 543 1977 685 2019; x_wconf 89' lang='lat' dir='ltr'><strong>men</strong></span> <span class='ocrx_word' id='word_1_173' title='bbox 723 1976 851 2020; x_wconf 92' lang='lat' dir='ltr'><strong>non</strong></span> <span class='ocrx_word' id='word_1_174' title='bbox 878 1958 965 2021; x_wconf 89' lang='lat' dir='ltr'><strong>ita</strong></span> <span class='ocrx_word' id='word_1_175' title='bbox 995 1959 1370 2038; x_wconf 81' lang='lat' dir='ltr'><strong>frequenter</strong></span> <span class='ocrx_word' id='word_1_176' title='bbox 1401 1961 1576 2022; x_wconf 89' lang='lat' dir='ltr'><strong>adire</strong></span> <span class='ocrx_word' id='word_1_177' title='bbox 1610 1977 1775 2039; x_wconf 83' lang='lat' dir='ltr'><strong>Opus</strong></span> <span class='ocrx_word' id='word_1_178' title='bbox 1809 1963 1969 2024; x_wconf 90' lang='lat' dir='ltr'><strong>mihi</strong></span> <span class='ocrx_word' id='word_1_179' title='bbox 2000 1961 2147 2038; x_wconf 89' lang='lat' dir='ltr'><strong>fuit,</strong></span> <span class='ocrx_word' id='word_1_180' title='bbox 2183 1983 2326 2028; x_wconf 89' lang='lat' dir='ltr'><strong>cum</strong></span> <span class='ocrx_word' id='word_1_181' title='bbox 2353 1981 2386 2028; x_wconf 88' lang='lat' dir='ltr'><strong>a</strong></span> <span class='ocrx_word' id='word_1_182' title='bbox 2419 1968 2631 2028; x_wconf 91' lang='lat' dir='ltr'><strong>medio</strong></span> <span class='ocrx_word' id='word_1_183' title='bbox 2668 1966 2925 2027; x_wconf 88' lang='lat' dir='ltr'><strong>circiter</strong></span> <span class='ocrx_word' id='word_1_184' title='bbox 2957 1963 3231 2042; x_wconf 88' lang='lat' dir='ltr'><strong>septimo</strong></span> <span class='ocrx_word' id='word_1_185' title='bbox 3263 1959 3469 2036; x_wconf 83' lang='lat' dir='ltr'><strong>capite</strong></span> <span class='ocrx_word' id='word_1_186' title='bbox 3507 1974 3538 2018; x_wconf 87' lang='lat' dir='ltr'><strong>a</strong></span> <span class='ocrx_word' id='word_1_187' title='bbox 3581 1957 3795 2032; x_wconf 78' lang='lat' dir='ltr'><strong>Chry-</strong></span> 
     </span>
    </p>
   </div>
   <div class='ocr_carea' id='block_1_17' title="bbox 541 2053 3793 2144">
    <p class='ocr_par' dir='ltr' id='par_1_17' title="bbox 541 2053 3793 2144">
     <span class='ocr_line' id='line_1_17' title="bbox 541 2053 3793 2144; baseline -0.002 -26"><span class='ocrx_word' id='word_1_188' title='bbox 541 2065 826 2119; x_wconf 87' lang='lat' dir='ltr'><strong>sostomo</strong></span> <span class='ocrx_word' id='word_1_189' title='bbox 860 2059 1060 2138; x_wconf 89' lang='lat' dir='ltr'><strong>magis</strong></span> <span class='ocrx_word' id='word_1_190' title='bbox 1101 2060 1463 2132; x_wconf 87' lang='lat' dir='ltr'><strong>discedere.</strong></span> <span class='ocrx_word' id='word_1_191' title='bbox 1497 2068 1558 2122; x_wconf 89' lang='lat' dir='ltr'><strong>et</strong></span> <span class='ocrx_word' id='word_1_192' title='bbox 1597 2060 2074 2126; x_wconf 85' lang='lat' dir='ltr'><strong>Commentario</strong></span> <span class='ocrx_word' id='word_1_193' title='bbox 2125 2065 2190 2126; x_wconf 93' lang='lat' dir='ltr'><strong>in</strong></span> <span class='ocrx_word' id='word_1_194' title='bbox 2227 2069 2377 2128; x_wconf 84' lang='lat' dir='ltr'><strong>Acta</strong></span> <span class='ocrx_word' id='word_1_195' title='bbox 2411 2067 2850 2144; x_wconf 87' lang='lat' dir='ltr'><strong>apostolorum</strong></span> <span class='ocrx_word' id='word_1_196' title='bbox 2899 2064 3020 2124; x_wconf 88' lang='lat' dir='ltr'><strong>sub</strong></span> <span class='ocrx_word' id='word_1_197' title='bbox 3067 2062 3329 2124; x_wconf 90' lang='lat' dir='ltr'><strong>nomine</strong></span> <span class='ocrx_word' id='word_1_198' title='bbox 3397 2053 3793 2121; x_wconf 83' lang='lat' dir='ltr'><strong>OEcumenii</strong></span> 
     </span>
    </p>
   </div>
   <div class='ocr_carea' id='block_1_18' title="bbox 531 2156 3791 2256">
    <p class='ocr_par' dir='ltr' id='par_1_18' title="bbox 531 2156 3791 2256">
     <span class='ocr_line' id='line_1_18' title="bbox 531 2156 3791 2256; baseline -0.002 -38"><span class='ocrx_word' id='word_1_199' title='bbox 531 2175 664 2256; x_wconf 70' lang='lat' dir='ltr'><strong>jam</strong></span> <span class='ocrx_word' id='word_1_200' title='bbox 699 2158 942 2222; x_wconf 90' lang='lat' dir='ltr'><strong>dudum</strong></span> <span class='ocrx_word' id='word_1_201' title='bbox 980 2163 1237 2240; x_wconf 89' lang='lat' dir='ltr'><strong>vulgato</strong></span> <span class='ocrx_word' id='word_1_202' title='bbox 1270 2162 1348 2222; x_wconf 87' lang='lat' dir='ltr'><strong>ad</strong></span> <span class='ocrx_word' id='word_1_203' title='bbox 1381 2165 1691 2225; x_wconf 87' lang='lat' dir='ltr'><strong>amussim</strong></span> <span class='ocrx_word' id='word_1_204' title='bbox 1728 2165 1864 2225; x_wconf 87' lang='lat' dir='ltr'><strong>fere</strong></span> <span class='ocrx_word' id='word_1_205' title='bbox 1897 2168 2244 2228; x_wconf 86' lang='lat' dir='ltr'><strong>convenire</strong></span> <span class='ocrx_word' id='word_1_206' title='bbox 2268 2167 2832 2245; x_wconf 87' lang='lat' dir='ltr'><strong>deprehenderim.</strong></span> <span class='ocrx_word' id='word_1_207' title='bbox 2882 2165 2975 2225; x_wconf 86' lang='lat' dir='ltr'><strong>Eo</strong></span> <span class='ocrx_word' id='word_1_208' title='bbox 3001 2174 3208 2225; x_wconf 88' lang='lat' dir='ltr'><strong>tamen</strong></span> <span class='ocrx_word' id='word_1_209' title='bbox 3251 2159 3455 2220; x_wconf 88' lang='lat' dir='ltr'><strong>multo</strong></span> <span class='ocrx_word' id='word_1_210' title='bbox 3489 2163 3585 2218; x_wconf 87' lang='lat' dir='ltr'><strong>est</strong></span> <span class='ocrx_word' id='word_1_211' title='bbox 3634 2156 3791 2256; x_wconf 85' lang='lat' dir='ltr'><strong>bre-</strong></span> 
     </span>
    </p>
   </div>
   <div class='ocr_carea' id='block_1_19' title="bbox 537 2253 3792 2343">
    <p class='ocr_par' dir='ltr' id='par_1_19' title="bbox 537 2253 3792 2343">
     <span class='ocr_line' id='line_1_19' title="bbox 537 2253 3792 2343; baseline -0.002 -26"><span class='ocrx_word' id='word_1_212' title='bbox 537 2253 704 2334; x_wconf 85' lang='lat' dir='ltr'><strong>vior,</strong></span> <span class='ocrx_word' id='word_1_213' title='bbox 739 2259 892 2337; x_wconf 84' lang='lat' dir='ltr'><strong>quia</strong></span> <span class='ocrx_word' id='word_1_214' title='bbox 943 2259 1158 2338; x_wconf 87' lang='lat' dir='ltr'><strong>plures</strong></span> <span class='ocrx_word' id='word_1_215' title='bbox 1193 2259 1652 2338; x_wconf 81' lang='lat' dir='ltr'><strong>longioresque</strong></span> <span class='ocrx_word' id='word_1_216' title='bbox 1684 2262 1750 2322; x_wconf 92' lang='lat' dir='ltr'><strong>in</strong></span> <span class='ocrx_word' id='word_1_217' title='bbox 1787 2259 2266 2325; x_wconf 88' lang='lat' dir='ltr'><strong>illo&#39;contentas</strong></span> <span class='ocrx_word' id='word_1_218' title='bbox 2303 2263 2769 2343; x_wconf 73' lang='lat' dir='ltr'><strong>eXpositiones,</strong></span> <span class='ocrx_word' id='word_1_219' title='bbox 2813 2279 2957 2342; x_wconf 74' lang='lat' dir='ltr'><strong>qum</strong></span> <span class='ocrx_word' id='word_1_220' title='bbox 3002 2259 3272 2320; x_wconf 85' lang='lat' dir='ltr'><strong>fortasse</strong></span> <span class='ocrx_word' id='word_1_221' title='bbox 3321 2272 3489 2318; x_wconf 86' lang='lat' dir='ltr'><strong>mera</strong></span> <span class='ocrx_word' id='word_1_222' title='bbox 3532 2253 3792 2315; x_wconf 81' lang='lat' dir='ltr'><strong>addita-</strong></span> 
     </span>
    </p>
   </div>
   <div class='ocr_carea' id='block_1_20' title="bbox 539 2353 3795 2442">
    <p class='ocr_par' dir='ltr' id='par_1_20' title="bbox 539 2353 3795 2442">
     <span class='ocr_line' id='line_1_20' title="bbox 539 2353 3795 2442; baseline -0.002 -23"><span class='ocrx_word' id='word_1_223' title='bbox 539 2365 754 2419; x_wconf 89' lang='lat' dir='ltr'><strong>menta</strong></span> <span class='ocrx_word' id='word_1_224' title='bbox 787 2365 960 2432; x_wconf 90' lang='lat' dir='ltr'><strong>sunt,</strong></span> <span class='ocrx_word' id='word_1_225' title='bbox 1000 2361 1444 2437; x_wconf 58' lang='lat' dir='ltr'><strong>praetermittit.</strong></span> <span class='ocrx_word' id='word_1_226' title='bbox 1481 2362 1601 2422; x_wconf 90' lang='lat' dir='ltr'><strong>Sed</strong></span> <span class='ocrx_word' id='word_1_227' title='bbox 1637 2377 1735 2422; x_wconf 92' lang='lat' dir='ltr'><strong>me</strong></span> <span class='ocrx_word' id='word_1_228' title='bbox 1767 2362 2037 2423; x_wconf 85' lang='lat' dir='ltr'><strong>fortasse</strong></span> <span class='ocrx_word' id='word_1_229' title='bbox 2069 2363 2172 2425; x_wconf 88' lang='lat' dir='ltr'><strong>hic</strong></span> <span class='ocrx_word' id='word_1_230' title='bbox 2203 2363 2549 2442; x_wconf 87' lang='lat' dir='ltr'><strong>quisquam</strong></span> <span class='ocrx_word' id='word_1_231' title='bbox 2586 2361 3022 2438; x_wconf 54' lang='lat' dir='ltr'><strong>interpell-abit</strong></span> <span class='ocrx_word' id='word_1_232' title='bbox 3055 2374 3284 2437; x_wconf 84' lang='lat' dir='ltr'><strong>rogans</strong></span> <span class='ocrx_word' id='word_1_233' title='bbox 3321 2376 3336 2415; x_wconf 89' lang='lat'><strong>:</strong></span> <span class='ocrx_word' id='word_1_234' title='bbox 3369 2357 3552 2416; x_wconf 88' lang='lat' dir='ltr'><strong>Tune</strong></span> <span class='ocrx_word' id='word_1_235' title='bbox 3588 2353 3795 2430; x_wconf 78' lang='lat' dir='ltr'><strong>igitur</strong></span> 
     </span>
    </p>
   </div>
   <div class='ocr_carea' id='block_1_21' title="bbox 537 2453 3796 2538">
    <p class='ocr_par' dir='ltr' id='par_1_21' title="bbox 537 2453 3796 2538">
     <span class='ocr_line' id='line_1_21' title="bbox 537 2453 3796 2538; baseline -0.002 -20"><span class='ocrx_word' id='word_1_236' title='bbox 537 2456 920 2518; x_wconf 76' lang='lat' dir='ltr'><strong>OEcumenii</strong></span> <span class='ocrx_word' id='word_1_237' title='bbox 979 2457 1524 2518; x_wconf 87' lang='lat' dir='ltr'><strong>Commentarium</strong></span> <span class='ocrx_word' id='word_1_238' title='bbox 1574 2458 1641 2518; x_wconf 92' lang='lat' dir='ltr'><strong>in</strong></span> <span class='ocrx_word' id='word_1_239' title='bbox 1683 2457 2148 2538; x_wconf 82' lang='lat' dir='ltr'><strong>TheOphylacti</strong></span> <span class='ocrx_word' id='word_1_240' title='bbox 2198 2460 2488 2524; x_wconf 91' lang='lat' dir='ltr'><strong>editione</strong></span> <span class='ocrx_word' id='word_1_241' title='bbox 2540 2460 2728 2521; x_wconf 89' lang='lat' dir='ltr'><strong>nobis</strong></span> <span class='ocrx_word' id='word_1_242' title='bbox 2775 2459 3094 2520; x_wconf 83' lang='lat' dir='ltr'><strong>exhibes?</strong></span> <span class='ocrx_word' id='word_1_243' title='bbox 3131 2455 3400 2516; x_wconf 82' lang='lat' dir='ltr'><strong>Minime</strong></span> <span class='ocrx_word' id='word_1_244' title='bbox 3449 2468 3618 2513; x_wconf 71' lang='lat' dir='ltr'><strong>vero.</strong></span> <span class='ocrx_word' id='word_1_245' title='bbox 3662 2453 3796 2512; x_wconf 88' lang='lat' dir='ltr'><strong>Sed</strong></span> 
     </span>
    </p>
   </div>
   <div class='ocr_carea' id='block_1_22' title="bbox 539 2553 3798 2636">
    <p class='ocr_par' dir='ltr' id='par_1_22' title="bbox 539 2553 3798 2636">
     <span class='ocr_line' id='line_1_22' title="bbox 539 2553 3798 2636; baseline -0.002 -18"><span class='ocrx_word' id='word_1_246' title='bbox 539 2556 1085 2618; x_wconf 67' lang='lat' dir='ltr'><strong>Commentariun]</strong></span> <span class='ocrx_word' id='word_1_247' title='bbox 1119 2556 1602 2635; x_wconf 77' lang='lat' dir='ltr'><strong>&#39;l‘heOphylacto</strong></span> <span class='ocrx_word' id='word_1_248' title='bbox 1628 2566 1946 2635; x_wconf 88' lang='lat' dir='ltr'><strong>ereptum,</strong></span> <span class='ocrx_word' id='word_1_249' title='bbox 1985 2559 2287 2621; x_wconf 82' lang='lat' dir='ltr'><strong>Vaticano</strong></span> <span class='ocrx_word' id='word_1_250' title='bbox 2315 2560 2535 2622; x_wconf 91' lang='lat' dir='ltr'><strong>codice</strong></span> <span class='ocrx_word' id='word_1_251' title='bbox 2566 2559 2949 2622; x_wconf 89' lang='lat' dir='ltr'><strong>sententiam</strong></span> <span class='ocrx_word' id='word_1_252' title='bbox 2983 2573 3094 2636; x_wconf 92' lang='lat' dir='ltr'><strong>pro</strong></span> <span class='ocrx_word' id='word_1_253' title='bbox 3131 2555 3244 2616; x_wconf 93' lang='lat' dir='ltr'><strong>illo</strong></span> <span class='ocrx_word' id='word_1_254' title='bbox 3276 2553 3544 2624; x_wconf 86' lang='lat' dir='ltr'><strong>ferente,</strong></span> <span class='ocrx_word' id='word_1_255' title='bbox 3573 2553 3798 2613; x_wconf 78' lang='lat' dir='ltr'><strong>eidem</strong></span> 
     </span>
    </p>
   </div>
   <div class='ocr_carea' id='block_1_23' title="bbox 540 2651 3799 2738">
    <p class='ocr_par' dir='ltr' id='par_1_23' title="bbox 540 2651 3799 2738">
     <span class='ocr_line' id='line_1_23' title="bbox 540 2651 3799 2738; baseline -0.002 -21"><span class='ocrx_word' id='word_1_256' title='bbox 540 2656 1024 2734; x_wconf 88' lang='lat' dir='ltr'><strong>Theophylacto</strong></span> <span class='ocrx_word' id='word_1_257' title='bbox 1055 2656 1362 2726; x_wconf 84' lang='lat' dir='ltr'><strong>restituo;</strong></span> <span class='ocrx_word' id='word_1_258' title='bbox 1394 2657 1567 2735; x_wconf 85' lang='lat' dir='ltr'><strong>quod</strong></span> <span class='ocrx_word' id='word_1_259' title='bbox 1621 2656 1688 2717; x_wconf 85' lang='lat' dir='ltr'><strong>in</strong></span> <span class='ocrx_word' id='word_1_260' title='bbox 1721 2658 1851 2720; x_wconf 91' lang='lat' dir='ltr'><strong>alio</strong></span> <span class='ocrx_word' id='word_1_261' title='bbox 1881 2659 2172 2738; x_wconf 83' lang='lat' dir='ltr'><strong>ejusdem</strong></span> <span class='ocrx_word' id='word_1_262' title='bbox 2204 2659 2668 2720; x_wconf 85' lang='lat' dir='ltr'><strong>commentario</strong></span> <span class='ocrx_word' id='word_1_263' title='bbox 2715 2656 2983 2735; x_wconf 82' lang='lat' dir='ltr'><strong>contigit</strong></span> <span class='ocrx_word' id='word_1_264' title='bbox 3023 2652 3130 2732; x_wconf 79' lang='grc' dir='ltr'><strong>(α).</strong></span> <span class='ocrx_word' id='word_1_265' title='bbox 3180 2657 3402 2728; x_wconf 85' lang='lat' dir='ltr'><strong>Neque</strong></span> <span class='ocrx_word' id='word_1_266' title='bbox 3442 2651 3799 2730; x_wconf 86' lang='lat' dir='ltr'><strong>quisquam</strong></span> 
     </span>
    </p>
   </div>
   <div class='ocr_carea' id='block_1_24' title="bbox 543 2756 3801 2840">
    <p class='ocr_par' dir='ltr' id='par_1_24' title="bbox 543 2756 3801 2840">
     <span class='ocr_line' id='line_1_24' title="bbox 543 2756 3801 2840; baseline -0.001 -22"><span class='ocrx_word' id='word_1_267' title='bbox 543 2757 649 2818; x_wconf 88' lang='lat' dir='ltr'><strong>hic</strong></span> <span class='ocrx_word' id='word_1_268' title='bbox 676 2756 834 2818; x_wconf 87' lang='lat' dir='ltr'><strong>mihi</strong></span> <span class='ocrx_word' id='word_1_269' title='bbox 868 2759 1296 2820; x_wconf 88' lang='lat' dir='ltr'><strong>ducentorum</strong></span> <span class='ocrx_word' id='word_1_270' title='bbox 1328 2758 1582 2819; x_wconf 86' lang='lat' dir='ltr'><strong>circiter</strong></span> <span class='ocrx_word' id='word_1_271' title='bbox 1609 2777 1925 2822; x_wconf 86' lang='lat' dir='ltr'><strong>annorum</strong></span> <span class='ocrx_word' id='word_1_272' title='bbox 1960 2761 2437 2839; x_wconf 88' lang='lat' dir='ltr'><strong>possessionem</strong></span> <span class='ocrx_word' id='word_1_273' title='bbox 2469 2778 2586 2840; x_wconf 87' lang='lat' dir='ltr'><strong>pro</strong></span> <span class='ocrx_word' id='word_1_274' title='bbox 2616 2759 3018 2822; x_wconf 85' lang='lat' dir='ltr'><strong>OEcumenio</strong></span> <span class='ocrx_word' id='word_1_275' title='bbox 3049 2758 3364 2818; x_wconf 78' lang='lat' dir='ltr'><strong>obtrudat.</strong></span> <span class='ocrx_word' id='word_1_276' title='bbox 3397 2759 3549 2817; x_wconf 90' lang='lat' dir='ltr'><strong>Nam</strong></span> <span class='ocrx_word' id='word_1_277' title='bbox 3579 2771 3801 2830; x_wconf 84' lang='lat' dir='ltr'><strong>prem-</strong></span> 
     </span>
    </p>
   </div>
   <div class='ocr_carea' id='block_1_25' title="bbox 543 2859 3798 2939">
    <p class='ocr_par' dir='ltr' id='par_1_25' title="bbox 543 2859 3798 2939">
     <span class='ocr_line' id='line_1_25' title="bbox 543 2859 3798 2939; baseline -0.002 -19"><span class='ocrx_word' id='word_1_278' title='bbox 543 2866 720 2935; x_wconf 84' lang='lat' dir='ltr'><strong>ptum</strong></span> <span class='ocrx_word' id='word_1_279' title='bbox 755 2867 852 2920; x_wconf 91' lang='lat' dir='ltr'><strong>est</strong></span> <span class='ocrx_word' id='word_1_280' title='bbox 885 2877 1210 2939; x_wconf 85' lang='lat' dir='ltr'><strong>regerere,</strong></span> <span class='ocrx_word' id='word_1_281' title='bbox 1247 2876 1385 2921; x_wconf 90' lang='lat' dir='ltr'><strong>eam</strong></span> <span class='ocrx_word' id='word_1_282' title='bbox 1419 2861 1686 2939; x_wconf 89' lang='lat' dir='ltr'><strong>quidem</strong></span> <span class='ocrx_word' id='word_1_283' title='bbox 1725 2862 1800 2923; x_wconf 86' lang='lat' dir='ltr'><strong>ad</strong></span> <span class='ocrx_word' id='word_1_284' title='bbox 1828 2863 1973 2924; x_wconf 85' lang='lat' dir='ltr'><strong>lites</strong></span> <span class='ocrx_word' id='word_1_285' title='bbox 2004 2863 2082 2923; x_wconf 90' lang='lat' dir='ltr'><strong>de</strong></span> <span class='ocrx_word' id='word_1_286' title='bbox 2117 2861 2499 2939; x_wconf 62' lang='lat' dir='ltr'><strong>praediorum</strong></span> <span class='ocrx_word' id='word_1_287' title='bbox 2533 2859 2966 2939; x_wconf 82' lang='lat' dir='ltr'><strong>possessione,</strong></span> <span class='ocrx_word' id='word_1_288' title='bbox 3002 2875 3128 2920; x_wconf 88' lang='lat' dir='ltr'><strong>non</strong></span> <span class='ocrx_word' id='word_1_289' title='bbox 3161 2875 3311 2919; x_wconf 87' lang='lat' dir='ltr'><strong>vero</strong></span> <span class='ocrx_word' id='word_1_290' title='bbox 3335 2859 3413 2920; x_wconf 88' lang='lat' dir='ltr'><strong>de</strong></span> <span class='ocrx_word' id='word_1_291' title='bbox 3457 2865 3798 2918; x_wconf 86' lang='lat' dir='ltr'><strong>auctorum</strong></span> 
     </span>
    </p>
   </div>
   <div class='ocr_carea' id='block_1_26' title="bbox 541 2953 3797 3039">
    <p class='ocr_par' dir='ltr' id='par_1_26' title="bbox 541 2953 3797 3039">
     <span class='ocr_line' id='line_1_26' title="bbox 541 2953 3797 3039; baseline -0.001 -23"><span class='ocrx_word' id='word_1_292' title='bbox 541 2957 962 3033; x_wconf 74' lang='lat' dir='ltr'><strong>germanitate</strong></span> <span class='ocrx_word' id='word_1_293' title='bbox 994 2959 1393 3020; x_wconf 87' lang='lat' dir='ltr'><strong>dirimendas</strong></span> <span class='ocrx_word' id='word_1_294' title='bbox 1425 2959 1664 3020; x_wconf 88' lang='lat' dir='ltr'><strong>valere.</strong></span> <span class='ocrx_word' id='word_1_295' title='bbox 1700 2960 1765 3020; x_wconf 91' lang='lat' dir='ltr'><strong>Si</strong></span> <span class='ocrx_word' id='word_1_296' title='bbox 1825 2959 1996 3021; x_wconf 91' lang='lat' dir='ltr'><strong>enim</strong></span> <span class='ocrx_word' id='word_1_297' title='bbox 2050 2957 2379 3037; x_wconf 90' lang='lat' dir='ltr'><strong>legitimus</strong></span> <span class='ocrx_word' id='word_1_298' title='bbox 2423 2960 2701 3039; x_wconf 85' lang='lat' dir='ltr'><strong>alicujus</strong></span> <span class='ocrx_word' id='word_1_299' title='bbox 2731 2959 2948 3039; x_wconf 88' lang='lat' dir='ltr'><strong>operis</strong></span> <span class='ocrx_word' id='word_1_300' title='bbox 2999 2963 3222 3020; x_wconf 88' lang='lat' dir='ltr'><strong>auctor</strong></span> <span class='ocrx_word' id='word_1_301' title='bbox 3261 2956 3497 3018; x_wconf 82' lang='lat' dir='ltr'><strong>vetusti</strong></span> <span class='ocrx_word' id='word_1_302' title='bbox 3546 2953 3797 3016; x_wconf 81' lang='lat' dir='ltr'><strong>codicis</strong></span> 
     </span>
    </p>
   </div>
   <div class='ocr_carea' id='block_1_27' title="bbox 541 3052 3792 3136">
    <p class='ocr_par' dir='ltr' id='par_1_27' title="bbox 541 3052 3792 3136">
     <span class='ocr_line' id='line_1_27' title="bbox 541 3052 3792 3136; baseline -0.002 -20"><span class='ocrx_word' id='word_1_303' title='bbox 541 3054 920 3116; x_wconf 88' lang='lat' dir='ltr'><strong>auctoritate</strong></span> <span class='ocrx_word' id='word_1_304' title='bbox 950 3056 1310 3134; x_wconf 86' lang='lat' dir='ltr'><strong>delegatur,</strong></span> <span class='ocrx_word' id='word_1_305' title='bbox 1346 3055 1442 3116; x_wconf 91' lang='lat' dir='ltr'><strong>illi</strong></span> <span class='ocrx_word' id='word_1_306' title='bbox 1482 3056 1768 3134; x_wconf 87' lang='lat' dir='ltr'><strong>profecto</strong></span> <span class='ocrx_word' id='word_1_307' title='bbox 1799 3057 2274 3119; x_wconf 86' lang='lat' dir='ltr'><strong>restituendum</strong></span> <span class='ocrx_word' id='word_1_308' title='bbox 2305 3057 2479 3136; x_wconf 90' lang='lat' dir='ltr'><strong>quod</strong></span> <span class='ocrx_word' id='word_1_309' title='bbox 2515 3058 2846 3135; x_wconf 87' lang='lat' dir='ltr'><strong>preprium</strong></span> <span class='ocrx_word' id='word_1_310' title='bbox 2898 3056 3112 3134; x_wconf 91' lang='lat' dir='ltr'><strong>ipsius</strong></span> <span class='ocrx_word' id='word_1_311' title='bbox 3159 3071 3300 3115; x_wconf 91' lang='lat' dir='ltr'><strong>esse</strong></span> <span class='ocrx_word' id='word_1_312' title='bbox 3351 3052 3792 3132; x_wconf 87' lang='lat' dir='ltr'><strong>cognoscitur,</strong></span> 
     </span>
    </p>
   </div>
   <div class='ocr_carea' id='block_1_28' title="bbox 542 3149 3800 3234">
    <p class='ocr_par' dir='ltr' id='par_1_28' title="bbox 542 3149 3800 3234">
     <span class='ocr_line' id='line_1_28' title="bbox 542 3149 3800 3234; baseline -0.002 -18"><span class='ocrx_word' id='word_1_313' title='bbox 542 3154 717 3216; x_wconf 90' lang='lat' dir='ltr'><strong>nulla</strong></span> <span class='ocrx_word' id='word_1_314' title='bbox 754 3154 966 3215; x_wconf 89' lang='lat' dir='ltr'><strong>habita</strong></span> <span class='ocrx_word' id='word_1_315' title='bbox 1005 3156 1254 3216; x_wconf 89' lang='lat' dir='ltr'><strong>ratione</strong></span> <span class='ocrx_word' id='word_1_316' title='bbox 1285 3155 1592 3234; x_wconf 86' lang='lat' dir='ltr'><strong>temporis</strong></span> <span class='ocrx_word' id='word_1_317' title='bbox 1626 3154 1724 3216; x_wconf 89' lang='lat' dir='ltr'><strong>vel</strong></span> <span class='ocrx_word' id='word_1_318' title='bbox 1767 3155 2244 3232; x_wconf 86' lang='lat' dir='ltr'><strong>possessionis;</strong></span> <span class='ocrx_word' id='word_1_319' title='bbox 2283 3155 2637 3232; x_wconf 75' lang='lat' dir='ltr'><strong>praesertim</strong></span> <span class='ocrx_word' id='word_1_320' title='bbox 2670 3155 2722 3216; x_wconf 91' lang='lat' dir='ltr'><strong>si</strong></span> <span class='ocrx_word' id='word_1_321' title='bbox 2765 3153 2898 3215; x_wconf 76' lang='lat' dir='ltr'><strong>haec</strong></span> <span class='ocrx_word' id='word_1_322' title='bbox 2929 3151 3068 3213; x_wconf 88' lang='lat' dir='ltr'><strong>sine</strong></span> <span class='ocrx_word' id='word_1_323' title='bbox 3105 3151 3308 3230; x_wconf 88' lang='lat' dir='ltr'><strong>justo,</strong></span> <span class='ocrx_word' id='word_1_324' title='bbox 3347 3159 3415 3212; x_wconf 94' lang='lat' dir='ltr'><strong>ut</strong></span> <span class='ocrx_word' id='word_1_325' title='bbox 3447 3150 3572 3211; x_wconf 84' lang='lat' dir='ltr'><strong>dici</strong></span> <span class='ocrx_word' id='word_1_326' title='bbox 3601 3149 3800 3224; x_wconf 85' lang='lat' dir='ltr'><strong>solet,</strong></span> 
     </span>
    </p>
   </div>
   <div class='ocr_carea' id='block_1_29' title="bbox 541 3245 3807 3332">
    <p class='ocr_par' dir='ltr' id='par_1_29' title="bbox 541 3245 3807 3332">
     <span class='ocr_line' id='line_1_29' title="bbox 541 3245 3807 3332; baseline -0.002 -19"><span class='ocrx_word' id='word_1_327' title='bbox 541 3254 733 3316; x_wconf 90' lang='lat' dir='ltr'><strong>titulo</strong></span> <span class='ocrx_word' id='word_1_328' title='bbox 779 3253 1104 3332; x_wconf 84' lang='lat' dir='ltr'><strong>acquisita</strong></span> <span class='ocrx_word' id='word_1_329' title='bbox 1154 3255 1264 3324; x_wconf 85' lang='lat' dir='ltr'><strong>sit.</strong></span> <span class='ocrx_word' id='word_1_330' title='bbox 1304 3264 1375 3316; x_wconf 91' lang='lat' dir='ltr'><strong>ut</strong></span> <span class='ocrx_word' id='word_1_331' title='bbox 1431 3253 1499 3315; x_wconf 93' lang='lat' dir='ltr'><strong>in</strong></span> <span class='ocrx_word' id='word_1_332' title='bbox 1543 3254 1880 3330; x_wconf 85' lang='lat' dir='ltr'><strong>praesentia</strong></span> <span class='ocrx_word' id='word_1_333' title='bbox 1918 3253 2192 3314; x_wconf 85' lang='lat' dir='ltr'><strong>arbitror</strong></span> <span class='ocrx_word' id='word_1_334' title='bbox 2250 3251 2624 3331; x_wconf 88' lang='lat' dir='ltr'><strong>contigisse.</strong></span> <span class='ocrx_word' id='word_1_335' title='bbox 2676 3253 2830 3312; x_wconf 86' lang='lat' dir='ltr'><strong>Nam</strong></span> <span class='ocrx_word' id='word_1_336' title='bbox 2873 3252 3158 3311; x_wconf 89' lang='lat' dir='ltr'><strong>Donatus</strong></span> <span class='ocrx_word' id='word_1_337' title='bbox 3196 3247 3624 3316; x_wconf 81' lang='lat' dir='ltr'><strong>Veronensis,</strong></span> <span class='ocrx_word' id='word_1_338' title='bbox 3680 3245 3807 3324; x_wconf 86' lang='lat' dir='ltr'><strong>qui</strong></span> 
     </span>
    </p>
   </div>
   <div class='ocr_carea' id='block_1_30' title="bbox 543 3345 3806 3429">
    <p class='ocr_par' dir='ltr' id='par_1_30' title="bbox 543 3345 3806 3429">
     <span class='ocr_line' id='line_1_30' title="bbox 543 3345 3806 3429; baseline -0.003 -16"><span class='ocrx_word' id='word_1_339' title='bbox 543 3351 1091 3413; x_wconf 79' lang='lat' dir='ltr'><strong>Commentarium</strong></span> <span class='ocrx_word' id='word_1_340' title='bbox 1132 3351 1318 3413; x_wconf 91' lang='lat' dir='ltr'><strong>illum</strong></span> <span class='ocrx_word' id='word_1_341' title='bbox 1359 3350 1764 3412; x_wconf 86' lang='lat' dir='ltr'><strong>OEcumenio</strong></span> <span class='ocrx_word' id='word_1_342' title='bbox 1812 3349 2222 3428; x_wconf 89' lang='lat' dir='ltr'><strong>inscriptum,</strong></span> <span class='ocrx_word' id='word_1_343' title='bbox 2276 3354 2492 3414; x_wconf 70' lang='lat' dir='ltr'><strong>Graece</strong></span> <span class='ocrx_word' id='word_1_344' title='bbox 2545 3356 2817 3422; x_wconf 88' lang='lat' dir='ltr'><strong>tantum,</strong></span> <span class='ocrx_word' id='word_1_345' title='bbox 2865 3349 3150 3429; x_wconf 85' lang='lat' dir='ltr'><strong>vulgavit</strong></span> <span class='ocrx_word' id='word_1_346' title='bbox 3183 3348 3469 3409; x_wconf 91' lang='lat' dir='ltr'><strong>omnium</strong></span> <span class='ocrx_word' id='word_1_347' title='bbox 3519 3345 3806 3424; x_wconf 83' lang='lat' dir='ltr'><strong>primus,</strong></span> 
     </span>
    </p>
   </div>
   <div class='ocr_carea' id='block_1_31' title="bbox 542 3446 3810 3525">
    <p class='ocr_par' dir='ltr' id='par_1_31' title="bbox 542 3446 3810 3525">
     <span class='ocr_line' id='line_1_31' title="bbox 542 3446 3810 3525; baseline -0.001 -16"><span class='ocrx_word' id='word_1_348' title='bbox 542 3448 828 3520; x_wconf 89' lang='lat' dir='ltr'><strong>nullum,</strong></span> <span class='ocrx_word' id='word_1_349' title='bbox 879 3466 995 3510; x_wconf 90' lang='lat' dir='ltr'><strong>cur</strong></span> <span class='ocrx_word' id='word_1_350' title='bbox 1041 3449 1102 3510; x_wconf 90' lang='lat' dir='ltr'><strong>ei</strong></span> <span class='ocrx_word' id='word_1_351' title='bbox 1147 3447 1532 3510; x_wconf 81' lang='lat' dir='ltr'><strong>tribuendus</strong></span> <span class='ocrx_word' id='word_1_352' title='bbox 1581 3449 1684 3523; x_wconf 88' lang='lat' dir='ltr'><strong>sit,</strong></span> <span class='ocrx_word' id='word_1_353' title='bbox 1730 3446 2228 3510; x_wconf 82' lang='lat' dir='ltr'><strong>fundamentum</strong></span> <span class='ocrx_word' id='word_1_354' title='bbox 2279 3455 2388 3510; x_wconf 90' lang='lat' dir='ltr'><strong>aut</strong></span> <span class='ocrx_word' id='word_1_355' title='bbox 2439 3447 2698 3510; x_wconf 88' lang='lat' dir='ltr'><strong>titulum</strong></span> <span class='ocrx_word' id='word_1_356' title='bbox 2753 3449 2971 3519; x_wconf 78' lang='lat' dir='ltr'><strong>atl‘ert;</strong></span> <span class='ocrx_word' id='word_1_357' title='bbox 3025 3448 3391 3510; x_wconf 84' lang='lat' dir='ltr'><strong>Hentenius</strong></span> <span class='ocrx_word' id='word_1_358' title='bbox 3441 3463 3617 3519; x_wconf 88' lang='lat' dir='ltr'><strong>vero,</strong></span> <span class='ocrx_word' id='word_1_359' title='bbox 3680 3447 3810 3525; x_wconf 88' lang='lat' dir='ltr'><strong>qui</strong></span> 
     </span>
    </p>
   </div>
   <div class='ocr_carea' id='block_1_32' title="bbox 543 3547 3804 3628">
    <p class='ocr_par' dir='ltr' id='par_1_32' title="bbox 543 3547 3804 3628">
     <span class='ocr_line' id='line_1_32' title="bbox 543 3547 3804 3628; baseline -0.002 -17"><span class='ocrx_word' id='word_1_360' title='bbox 543 3551 846 3611; x_wconf 90' lang='lat' dir='ltr'><strong>eumdem</strong></span> <span class='ocrx_word' id='word_1_361' title='bbox 887 3551 1109 3614; x_wconf 89' lang='lat' dir='ltr'><strong>Latine</strong></span> <span class='ocrx_word' id='word_1_362' title='bbox 1147 3551 1216 3612; x_wconf 91' lang='lat' dir='ltr'><strong>in</strong></span> <span class='ocrx_word' id='word_1_363' title='bbox 1249 3551 1463 3613; x_wconf 90' lang='lat' dir='ltr'><strong>lucem</strong></span> <span class='ocrx_word' id='word_1_364' title='bbox 1515 3551 1756 3625; x_wconf 87' lang='lat' dir='ltr'><strong>emisit,</strong></span> <span class='ocrx_word' id='word_1_365' title='bbox 1790 3551 1860 3612; x_wconf 89' lang='lat' dir='ltr'><strong>in</strong></span> <span class='ocrx_word' id='word_1_366' title='bbox 1892 3550 2280 3614; x_wconf 86' lang='lat' dir='ltr'><strong>OEcumenii</strong></span> <span class='ocrx_word' id='word_1_367' title='bbox 2318 3549 2601 3612; x_wconf 88' lang='lat' dir='ltr'><strong>favorem</strong></span> <span class='ocrx_word' id='word_1_368' title='bbox 2634 3550 2831 3612; x_wconf 91' lang='lat' dir='ltr'><strong>solam</strong></span> <span class='ocrx_word' id='word_1_369' title='bbox 2863 3550 3047 3612; x_wconf 81' lang='lat' dir='ltr'><strong>affert</strong></span> <span class='ocrx_word' id='word_1_370' title='bbox 3093 3548 3244 3628; x_wconf 77' lang='lat' dir='ltr'><strong>styli</strong></span> <span class='ocrx_word' id='word_1_371' title='bbox 3290 3547 3804 3610; x_wconf 84' lang='lat' dir='ltr'><strong>similitudinem</strong></span> 
     </span>
    </p>
   </div>
   <div class='ocr_carea' id='block_1_33' title="bbox 542 3647 3813 3737">
    <p class='ocr_par' dir='ltr' id='par_1_33' title="bbox 542 3647 3813 3737">
     <span class='ocr_line' id='line_1_33' title="bbox 542 3647 3813 3737; baseline -0.002 -23"><span class='ocrx_word' id='word_1_372' title='bbox 542 3669 688 3714; x_wconf 90' lang='lat' dir='ltr'><strong>cum</strong></span> <span class='ocrx_word' id='word_1_373' title='bbox 718 3652 850 3714; x_wconf 88' lang='lat' dir='ltr'><strong>alio</strong></span> <span class='ocrx_word' id='word_1_374' title='bbox 882 3653 1362 3716; x_wconf 88' lang='lat' dir='ltr'><strong>Commentario</strong></span> <span class='ocrx_word' id='word_1_375' title='bbox 1394 3672 1588 3733; x_wconf 90' lang='lat' dir='ltr'><strong>quem</strong></span> <span class='ocrx_word' id='word_1_376' title='bbox 1621 3653 2014 3737; x_wconf 83' lang='lat' dir='ltr'><strong>OEcumenii</strong></span> <span class='ocrx_word' id='word_1_377' title='bbox 2049 3671 2192 3716; x_wconf 90' lang='lat' dir='ltr'><strong>esse</strong></span> <span class='ocrx_word' id='word_1_378' title='bbox 2217 3653 2366 3731; x_wconf 87' lang='lat' dir='ltr'><strong>jure</strong></span> <span class='ocrx_word' id='word_1_379' title='bbox 2392 3652 2672 3714; x_wconf 90' lang='lat' dir='ltr'><strong>dubitari</strong></span> <span class='ocrx_word' id='word_1_380' title='bbox 2707 3669 2836 3714; x_wconf 88' lang='lat' dir='ltr'><strong>non</strong></span> <span class='ocrx_word' id='word_1_381' title='bbox 2863 3659 3098 3731; x_wconf 89' lang='lat' dir='ltr'><strong>potest.</strong></span> <span class='ocrx_word' id='word_1_382' title='bbox 3131 3652 3251 3712; x_wconf 88' lang='lat' dir='ltr'><strong>Sed</strong></span> <span class='ocrx_word' id='word_1_383' title='bbox 3286 3647 3405 3711; x_wconf 87' lang='lat' dir='ltr'><strong>hoc</strong></span> <span class='ocrx_word' id='word_1_384' title='bbox 3451 3664 3813 3725; x_wconf 85' lang='lat' dir='ltr'><strong>argumen-</strong></span> 
     </span>
    </p>
   </div>
   <div class='ocr_carea' id='block_1_34' title="bbox 540 3753 3806 3834">
    <p class='ocr_par' dir='ltr' id='par_1_34' title="bbox 540 3753 3806 3834">
     <span class='ocr_line' id='line_1_34' title="bbox 540 3753 3806 3834; baseline 0.001 -24"><span class='ocrx_word' id='word_1_385' title='bbox 540 3757 704 3825; x_wconf 87' lang='lat' dir='ltr'><strong>tum,</strong></span> <span class='ocrx_word' id='word_1_386' title='bbox 743 3767 888 3814; x_wconf 91' lang='lat' dir='ltr'><strong>cum</strong></span> <span class='ocrx_word' id='word_1_387' title='bbox 927 3753 1309 3834; x_wconf 87' lang='lat' dir='ltr'><strong>plerumque</strong></span> <span class='ocrx_word' id='word_1_388' title='bbox 1343 3753 1770 3828; x_wconf 89' lang='lat' dir='ltr'><strong>imbecillum,</strong></span> <span class='ocrx_word' id='word_1_389' title='bbox 1815 3761 1948 3816; x_wconf 92' lang='lat' dir='ltr'><strong>tum</strong></span> <span class='ocrx_word' id='word_1_390' title='bbox 1976 3753 2045 3814; x_wconf 90' lang='lat' dir='ltr'><strong>in</strong></span> <span class='ocrx_word' id='word_1_391' title='bbox 2079 3753 2201 3815; x_wconf 86' lang='lat' dir='ltr'><strong>hoc</strong></span> <span class='ocrx_word' id='word_1_392' title='bbox 2243 3771 2512 3832; x_wconf 87' lang='lat' dir='ltr'><strong>operum</strong></span> <span class='ocrx_word' id='word_1_393' title='bbox 2563 3771 2801 3833; x_wconf 86' lang='lat' dir='ltr'><strong>genere</strong></span> <span class='ocrx_word' id='word_1_394' title='bbox 2841 3755 3090 3817; x_wconf 90' lang='lat' dir='ltr'><strong>nullius</strong></span> <span class='ocrx_word' id='word_1_395' title='bbox 3137 3755 3324 3832; x_wconf 91' lang='lat' dir='ltr'><strong>plane</strong></span> <span class='ocrx_word' id='word_1_396' title='bbox 3360 3754 3612 3814; x_wconf 86' lang='lat' dir='ltr'><strong>roboris</strong></span> <span class='ocrx_word' id='word_1_397' title='bbox 3645 3763 3744 3812; x_wconf 64' lang='grc' dir='ltr'><strong>ενι</strong></span> <span class='ocrx_word' id='word_1_398' title='bbox 3789 3776 3806 3814; x_wconf 90' lang='lat'><strong>:</strong></span> 
     </span>
    </p>
   </div>
   <div class='ocr_carea' id='block_1_35' title="bbox 543 3850 3806 3936">
    <p class='ocr_par' dir='ltr' id='par_1_35' title="bbox 543 3850 3806 3936">
     <span class='ocr_line' id='line_1_35' title="bbox 543 3850 3806 3936; baseline 0 -25"><span class='ocrx_word' id='word_1_399' title='bbox 543 3850 677 3912; x_wconf 71' lang='lat' dir='ltr'><strong>haec</strong></span> <span class='ocrx_word' id='word_1_400' title='bbox 704 3853 905 3928; x_wconf 90' lang='lat' dir='ltr'><strong>enim,</strong></span> <span class='ocrx_word' id='word_1_401' title='bbox 937 3871 1083 3917; x_wconf 92' lang='lat' dir='ltr'><strong>cum</strong></span> <span class='ocrx_word' id='word_1_402' title='bbox 1108 3855 1343 3917; x_wconf 91' lang='lat' dir='ltr'><strong>alienis</strong></span> <span class='ocrx_word' id='word_1_403' title='bbox 1390 3855 1777 3936; x_wconf 89' lang='lat' dir='ltr'><strong>plerumque</strong></span> <span class='ocrx_word' id='word_1_404' title='bbox 1810 3861 2108 3917; x_wconf 81' lang='lat' dir='ltr'><strong>contexta</strong></span> <span class='ocrx_word' id='word_1_405' title='bbox 2143 3855 2273 3916; x_wconf 83' lang='lat' dir='ltr'><strong>sint</strong></span> <span class='ocrx_word' id='word_1_406' title='bbox 2325 3855 2557 3928; x_wconf 86' lang='lat' dir='ltr'><strong>verbis,</strong></span> <span class='ocrx_word' id='word_1_407' title='bbox 2601 3873 2806 3917; x_wconf 90' lang='lat' dir='ltr'><strong>unum</strong></span> <span class='ocrx_word' id='word_1_408' title='bbox 2840 3856 3277 3933; x_wconf 76' lang='lat' dir='ltr'><strong>eamdemque</strong></span> <span class='ocrx_word' id='word_1_409' title='bbox 3309 3855 3548 3932; x_wconf 77' lang='lat' dir='ltr'><strong>stylum</strong></span> <span class='ocrx_word' id='word_1_410' title='bbox 3581 3856 3806 3913; x_wconf 89' lang='lat' dir='ltr'><strong>conti-</strong></span> 
     </span>
    </p>
   </div>
   <div class='ocr_carea' id='block_1_36' title="bbox 543 3958 3814 4039">
    <p class='ocr_par' dir='ltr' id='par_1_36' title="bbox 543 3958 3814 4039">
     <span class='ocr_line' id='line_1_36' title="bbox 543 3958 3814 4039; baseline 0 -25"><span class='ocrx_word' id='word_1_411' title='bbox 543 3961 774 4019; x_wconf 89' lang='lat' dir='ltr'><strong>nenter</strong></span> <span class='ocrx_word' id='word_1_412' title='bbox 807 3975 934 4036; x_wconf 61' lang='lat' dir='ltr'><strong>prce</strong></span> <span class='ocrx_word' id='word_1_413' title='bbox 955 3976 1024 4020; x_wconf 93' lang='lat' dir='ltr'><strong>se</strong></span> <span class='ocrx_word' id='word_1_414' title='bbox 1047 3959 1214 4022; x_wconf 89' lang='lat' dir='ltr'><strong>ferre</strong></span> <span class='ocrx_word' id='word_1_415' title='bbox 1235 3976 1364 4021; x_wconf 93' lang='lat' dir='ltr'><strong>non</strong></span> <span class='ocrx_word' id='word_1_416' title='bbox 1401 3960 1795 4039; x_wconf 87' lang='lat' dir='ltr'><strong>possunt.Et</strong></span> <span class='ocrx_word' id='word_1_417' title='bbox 1823 3975 1978 4020; x_wconf 88' lang='lat' dir='ltr'><strong>sane</strong></span> <span class='ocrx_word' id='word_1_418' title='bbox 2005 3959 2070 4020; x_wconf 89' lang='lat' dir='ltr'><strong>in</strong></span> <span class='ocrx_word' id='word_1_419' title='bbox 2103 3959 2224 4021; x_wconf 90' lang='lat' dir='ltr'><strong>hoc</strong></span> <span class='ocrx_word' id='word_1_420' title='bbox 2251 3959 2720 4022; x_wconf 88' lang='lat' dir='ltr'><strong>Commentario</strong></span> <span class='ocrx_word' id='word_1_421' title='bbox 2760 3960 3062 4038; x_wconf 87' lang='lat' dir='ltr'><strong>pleraque</strong></span> <span class='ocrx_word' id='word_1_422' title='bbox 3094 3977 3168 4020; x_wconf 89' lang='lat' dir='ltr'><strong>ex</strong></span> <span class='ocrx_word' id='word_1_423' title='bbox 3204 3958 3688 4035; x_wconf 71' lang='lat' dir='ltr'><strong>Chrysostomo,</strong></span> <span class='ocrx_word' id='word_1_424' title='bbox 3728 3959 3814 4016; x_wconf 70' lang='lat' dir='ltr'><strong>ii-</strong></span> 
     </span>
    </p>
   </div>
   <div class='ocr_carea' id='block_1_37' title="bbox 544 4053 3804 4138">
    <p class='ocr_par' dir='ltr' id='par_1_37' title="bbox 544 4053 3804 4138">
     <span class='ocr_line' id='line_1_37' title="bbox 544 4053 3804 4138; baseline 0.001 -24"><span class='ocrx_word' id='word_1_425' title='bbox 544 4053 675 4115; x_wconf 91' lang='lat' dir='ltr'><strong>lius</strong></span> <span class='ocrx_word' id='word_1_426' title='bbox 711 4073 975 4136; x_wconf 91' lang='lat' dir='ltr'><strong>quoque</strong></span> <span class='ocrx_word' id='word_1_427' title='bbox 1009 4061 1224 4120; x_wconf 84' lang='lat' dir='ltr'><strong>verbis</strong></span> <span class='ocrx_word' id='word_1_428' title='bbox 1260 4059 1643 4138; x_wconf 87' lang='lat' dir='ltr'><strong>plerumque</strong></span> <span class='ocrx_word' id='word_1_429' title='bbox 1685 4059 1974 4131; x_wconf 88' lang='lat' dir='ltr'><strong>retentis,</strong></span> <span class='ocrx_word' id='word_1_430' title='bbox 2033 4066 2317 4121; x_wconf 87' lang='lat' dir='ltr'><strong>mutuata</strong></span> <span class='ocrx_word' id='word_1_431' title='bbox 2355 4067 2537 4130; x_wconf 87' lang='lat' dir='ltr'><strong>sunt;</strong></span> <span class='ocrx_word' id='word_1_432' title='bbox 2569 4059 2691 4120; x_wconf 90' lang='lat' dir='ltr'><strong>alia</strong></span> <span class='ocrx_word' id='word_1_433' title='bbox 2739 4075 2814 4120; x_wconf 80' lang='lat' dir='ltr'><strong>ex</strong></span> <span class='ocrx_word' id='word_1_434' title='bbox 2847 4059 2995 4120; x_wconf 89' lang='lat' dir='ltr'><strong>aliis</strong></span> <span class='ocrx_word' id='word_1_435' title='bbox 3031 4059 3325 4120; x_wconf 87' lang='lat' dir='ltr'><strong>Patribus</strong></span> <span class='ocrx_word' id='word_1_436' title='bbox 3371 4105 3385 4119; x_wconf 96' lang='lat'><strong>.</strong></span> <span class='ocrx_word' id='word_1_437' title='bbox 3425 4059 3601 4136; x_wconf 67' lang='grc' dir='ltr'><strong>(ιιιοά</strong></span> <span class='ocrx_word' id='word_1_438' title='bbox 3641 4059 3804 4136; x_wconf 91' lang='lat' dir='ltr'><strong>qui-</strong></span> 
     </span>
    </p>
   </div>
   <div class='ocr_carea' id='block_1_38' title="bbox 544 4157 3811 4239">
    <p class='ocr_par' dir='ltr' id='par_1_38' title="bbox 544 4157 3811 4239">
     <span class='ocr_line' id='line_1_38' title="bbox 544 4157 3811 4239; baseline 0 -22"><span class='ocrx_word' id='word_1_439' title='bbox 544 4157 689 4218; x_wconf 88' lang='lat' dir='ltr'><strong>dem</strong></span> <span class='ocrx_word' id='word_1_440' title='bbox 728 4167 972 4221; x_wconf 87' lang='lat' dir='ltr'><strong>constat</strong></span> <span class='ocrx_word' id='word_1_441' title='bbox 1003 4177 1081 4220; x_wconf 78' lang='lat' dir='ltr'><strong>ex</strong></span> <span class='ocrx_word' id='word_1_442' title='bbox 1113 4176 1191 4222; x_wconf 90' lang='lat' dir='ltr'><strong>eo</strong></span> <span class='ocrx_word' id='word_1_443' title='bbox 1222 4161 1395 4239; x_wconf 89' lang='lat' dir='ltr'><strong>quod</strong></span> <span class='ocrx_word' id='word_1_444' title='bbox 1438 4163 1621 4238; x_wconf 88' lang='lat' dir='ltr'><strong>plura</strong></span> <span class='ocrx_word' id='word_1_445' title='bbox 1655 4161 1719 4221; x_wconf 88' lang='lat' dir='ltr'><strong>in</strong></span> <span class='ocrx_word' id='word_1_446' title='bbox 1763 4162 2130 4222; x_wconf 66' lang='lat' dir='ltr'><strong>Greecorum</strong></span> <span class='ocrx_word' id='word_1_447' title='bbox 2168 4161 2442 4233; x_wconf 78' lang='lat' dir='ltr'><strong>Catenis,</strong></span> <span class='ocrx_word' id='word_1_448' title='bbox 2481 4166 2552 4222; x_wconf 88' lang='lat' dir='ltr'><strong>ut</strong></span> <span class='ocrx_word' id='word_1_449' title='bbox 2580 4161 2781 4235; x_wconf 91' lang='lat' dir='ltr'><strong>aiunt,</strong></span> <span class='ocrx_word' id='word_1_450' title='bbox 2823 4161 3066 4223; x_wconf 88' lang='lat' dir='ltr'><strong>eisdem</strong></span> <span class='ocrx_word' id='word_1_451' title='bbox 3099 4159 3313 4221; x_wconf 88' lang='lat' dir='ltr'><strong>verbis</strong></span> <span class='ocrx_word' id='word_1_452' title='bbox 3357 4175 3661 4235; x_wconf 79' lang='lat' dir='ltr'><strong>expressa</strong></span> <span class='ocrx_word' id='word_1_453' title='bbox 3712 4158 3811 4218; x_wconf 85' lang='lat' dir='ltr'><strong>le-</strong></span> 
     </span>
    </p>
   </div>
   <div class='ocr_carea' id='block_1_39' title="bbox 544 4259 3779 4339">
    <p class='ocr_par' dir='ltr' id='par_1_39' title="bbox 544 4259 3779 4339">
     <span class='ocr_line' id='line_1_39' title="bbox 544 4259 3779 4339; baseline -0.001 -22"><span class='ocrx_word' id='word_1_454' title='bbox 544 4263 799 4334; x_wconf 90' lang='lat' dir='ltr'><strong>gantur.</strong></span> <span class='ocrx_word' id='word_1_455' title='bbox 827 4259 1096 4320; x_wconf 88' lang='lat' dir='ltr'><strong>Ubinam</strong></span> <span class='ocrx_word' id='word_1_456' title='bbox 1127 4277 1281 4339; x_wconf 89' lang='lat' dir='ltr'><strong>ergo</strong></span> <span class='ocrx_word' id='word_1_457' title='bbox 1311 4259 1696 4321; x_wconf 85' lang='lat' dir='ltr'><strong>OEcumenii</strong></span> <span class='ocrx_word' id='word_1_458' title='bbox 1725 4260 1978 4338; x_wconf 81' lang='lat' dir='ltr'><strong>stylus?</strong></span> <span class='ocrx_word' id='word_1_459' title='bbox 2015 4263 2168 4323; x_wconf 87' lang='lat' dir='ltr'><strong>Cum</strong></span> <span class='ocrx_word' id='word_1_460' title='bbox 2199 4261 2303 4322; x_wconf 90' lang='lat' dir='ltr'><strong>hic</strong></span> <span class='ocrx_word' id='word_1_461' title='bbox 2333 4276 2461 4321; x_wconf 91' lang='lat' dir='ltr'><strong>non</strong></span> <span class='ocrx_word' id='word_1_462' title='bbox 2496 4261 2574 4322; x_wconf 88' lang='lat' dir='ltr'><strong>de</strong></span> <span class='ocrx_word' id='word_1_463' title='bbox 2607 4267 2887 4331; x_wconf 91' lang='lat' dir='ltr'><strong>auctore,</strong></span> <span class='ocrx_word' id='word_1_464' title='bbox 2921 4261 3032 4321; x_wconf 89' lang='lat' dir='ltr'><strong>sed</strong></span> <span class='ocrx_word' id='word_1_465' title='bbox 3069 4261 3148 4321; x_wconf 90' lang='lat' dir='ltr'><strong>de</strong></span> <span class='ocrx_word' id='word_1_466' title='bbox 3178 4259 3518 4321; x_wconf 87' lang='lat' dir='ltr'><strong>collectore</strong></span> <span class='ocrx_word' id='word_1_467' title='bbox 3549 4264 3779 4334; x_wconf 85' lang='lat' dir='ltr'><strong>agatur</strong></span> 
     </span>
    </p>
   </div>
   <div class='ocr_carea' id='block_1_40' title="bbox 544 4357 3762 4440">
    <p class='ocr_par' dir='ltr' id='par_1_40' title="bbox 544 4357 3762 4440">
     <span class='ocr_line' id='line_1_40' title="bbox 544 4357 3762 4440; baseline -0.001 -22"><span class='ocrx_word' id='word_1_468' title='bbox 544 4358 622 4418; x_wconf 92' lang='lat' dir='ltr'><strong>ad</strong></span> <span class='ocrx_word' id='word_1_469' title='bbox 651 4357 798 4432; x_wconf 88' lang='lat' dir='ltr'><strong>alia,</strong></span> <span class='ocrx_word' id='word_1_470' title='bbox 839 4357 892 4419; x_wconf 87' lang='lat' dir='ltr'><strong>si</strong></span> <span class='ocrx_word' id='word_1_471' title='bbox 939 4375 1085 4437; x_wconf 66' lang='lat' dir='ltr'><strong>quas</strong></span> <span class='ocrx_word' id='word_1_472' title='bbox 1132 4359 1286 4433; x_wconf 90' lang='lat' dir='ltr'><strong>sint,</strong></span> <span class='ocrx_word' id='word_1_473' title='bbox 1327 4369 1702 4438; x_wconf 89' lang='lat' dir='ltr'><strong>argumenta</strong></span> <span class='ocrx_word' id='word_1_474' title='bbox 1742 4359 2094 4440; x_wconf 86' lang='lat' dir='ltr'><strong>confugere</strong></span> <span class='ocrx_word' id='word_1_475' title='bbox 2125 4369 2400 4440; x_wconf 91' lang='lat' dir='ltr'><strong>oportet.</strong></span> <span class='ocrx_word' id='word_1_476' title='bbox 2451 4363 2530 4422; x_wconf 83' lang='lat' dir='ltr'><strong>At</strong></span> <span class='ocrx_word' id='word_1_477' title='bbox 2571 4359 2750 4424; x_wconf 89' lang='lat' dir='ltr'><strong>nulla</strong></span> <span class='ocrx_word' id='word_1_478' title='bbox 2803 4369 3156 4437; x_wconf 88' lang='lat' dir='ltr'><strong>suppetunt</strong></span> <span class='ocrx_word' id='word_1_479' title='bbox 3200 4377 3312 4438; x_wconf 89' lang='lat' dir='ltr'><strong>pro</strong></span> <span class='ocrx_word' id='word_1_480' title='bbox 3355 4357 3762 4420; x_wconf 76' lang='lat' dir='ltr'><strong>OEcumcnit&#39;</strong></span> 
     </span>
    </p>
   </div>
   <div class='ocr_carea' id='block_1_41' title="bbox 542 4461 3764 4543">
    <p class='ocr_par' dir='ltr' id='par_1_41' title="bbox 542 4461 3764 4543">
     <span class='ocr_line' id='line_1_41' title="bbox 542 4461 3764 4543; baseline -0.001 -20"><span class='ocrx_word' id='word_1_481' title='bbox 542 4463 830 4524; x_wconf 83' lang='lat' dir='ltr'><strong>Donatus</strong></span> <span class='ocrx_word' id='word_1_482' title='bbox 858 4464 1122 4542; x_wconf 90' lang='lat' dir='ltr'><strong>quidem</strong></span> <span class='ocrx_word' id='word_1_483' title='bbox 1153 4465 1563 4529; x_wconf 80' lang='lat' dir='ltr'><strong>.Veronensis</strong></span> <span class='ocrx_word' id='word_1_484' title='bbox 1603 4482 1800 4543; x_wconf 90' lang='lat' dir='ltr'><strong>supra</strong></span> <span class='ocrx_word' id='word_1_485' title='bbox 1849 4463 2150 4528; x_wconf 88' lang='lat' dir='ltr'><strong>laudatus</strong></span> <span class='ocrx_word' id='word_1_486' title='bbox 2185 4464 2254 4526; x_wconf 90' lang='lat' dir='ltr'><strong>in</strong></span> <span class='ocrx_word' id='word_1_487' title='bbox 2303 4466 2520 4527; x_wconf 67' lang='lat' dir='ltr'><strong>Graeca</strong></span> <span class='ocrx_word' id='word_1_488' title='bbox 2553 4465 2632 4527; x_wconf 89' lang='lat' dir='ltr'><strong>ad</strong></span> <span class='ocrx_word' id='word_1_489' title='bbox 2667 4464 2973 4526; x_wconf 87' lang='lat' dir='ltr'><strong>lectorem</strong></span> <span class='ocrx_word' id='word_1_490' title='bbox 3022 4463 3310 4542; x_wconf 85' lang='lat' dir='ltr'><strong>Epistola</strong></span> <span class='ocrx_word' id='word_1_491' title='bbox 3357 4461 3630 4525; x_wconf 91' lang='lat' dir='ltr'><strong>editioni</strong></span> <span class='ocrx_word' id='word_1_492' title='bbox 3665 4481 3764 4522; x_wconf 70' lang='lat' dir='ltr'><strong>su:</strong></span> 
     </span>
    </p>
   </div>
   <div class='ocr_carea' id='block_1_42' title="bbox 542 4565 2139 4647">
    <p class='ocr_par' dir='ltr' id='par_1_42' title="bbox 542 4566 2139 4647">
     <span class='ocr_line' id='line_1_42' title="bbox 542 4566 2139 4647; baseline 0.002 -20"><span class='ocrx_word' id='word_1_493' title='bbox 542 4566 800 4644; x_wconf 64' lang='lat' dir='ltr'><strong>praefixa</strong></span> <span class='ocrx_word' id='word_1_494' title='bbox 837 4566 1038 4628; x_wconf 86' lang='lat' dir='ltr'><strong>multa</strong></span> <span class='ocrx_word' id='word_1_495' title='bbox 1086 4566 1153 4628; x_wconf 88' lang='lat' dir='ltr'><strong>in</strong></span> <span class='ocrx_word' id='word_1_496' title='bbox 1206 4567 1269 4627; x_wconf 91' lang='lat' dir='ltr'><strong>id</strong></span> <span class='ocrx_word' id='word_1_497' title='bbox 1299 4577 1692 4644; x_wconf 82' lang='lat' dir='ltr'><strong>argumenta,</strong></span> <span class='ocrx_word' id='word_1_498' title='bbox 1729 4575 1903 4629; x_wconf 82' lang='grc' dir='ltr'>πολλὰ</span> <span class='ocrx_word' id='word_1_499' title='bbox 1931 4578 2139 4647; x_wconf 68' lang='grc' dir='ltr'><strong>τεκμήρ</strong></span> 
     </span>
    </p>
   </div>
   <div class='ocr_carea' id='block_1_43' title="bbox 2180 4565 3777 4647">
    <p class='ocr_par' dir='ltr' id='par_1_43' title="bbox 2180 4565 3777 4646">
     <span class='ocr_line' id='line_1_43' title="bbox 2180 4565 3777 4646; baseline -0.004 -17"><span class='ocrx_word' id='word_1_500' title='bbox 2180 4594 2208 4630; x_wconf 74' lang='grc' dir='ltr'><strong>π.</strong></span> <span class='ocrx_word' id='word_1_501' title='bbox 2237 4567 2303 4628; x_wconf 93' lang='lat' dir='ltr'><strong>in</strong></span> <span class='ocrx_word' id='word_1_502' title='bbox 2342 4575 2642 4646; x_wconf 90' lang='lat' dir='ltr'><strong>promptu</strong></span> <span class='ocrx_word' id='word_1_503' title='bbox 2682 4583 2752 4626; x_wconf 89' lang='lat' dir='ltr'><strong>se</strong></span> <span class='ocrx_word' id='word_1_504' title='bbox 2788 4565 3021 4627; x_wconf 88' lang='lat' dir='ltr'><strong>habere</strong></span> <span class='ocrx_word' id='word_1_505' title='bbox 3057 4565 3325 4627; x_wconf 75' lang='lat' dir='ltr'><strong>afﬁrmat</strong></span> <span class='ocrx_word' id='word_1_506' title='bbox 3359 4583 3372 4627; x_wconf 92' lang='lat'><strong>:</strong></span> <span class='ocrx_word' id='word_1_507' title='bbox 3404 4586 3537 4646; x_wconf 67' lang='grc' dir='ltr'><strong>ᾳιιω</strong></span> <span class='ocrx_word' id='word_1_508' title='bbox 3571 4577 3777 4627; x_wconf 79' lang='lat' dir='ltr'><strong>tamcn</strong></span> 
     </span>
    </p>
   </div>
   <div class='ocr_carea' id='block_1_44' title="bbox 547 4666 3810 4749">
    <p class='ocr_par' dir='ltr' id='par_1_44' title="bbox 547 4666 3810 4749">
     <span class='ocr_line' id='line_1_44' title="bbox 547 4666 3810 4749; baseline 0.002 -27"><span class='ocrx_word' id='word_1_509' title='bbox 547 4666 797 4742; x_wconf 77' lang='lat' dir='ltr'><strong>‘subdit,</strong></span> <span class='ocrx_word' id='word_1_510' title='bbox 829 4685 959 4728; x_wconf 81' lang='lat' dir='ltr'><strong>non</strong></span> <span class='ocrx_word' id='word_1_511' title='bbox 980 4667 1204 4748; x_wconf 64' lang='lat' dir='ltr'><strong>aﬂ’ero,</strong></span> <span class='ocrx_word' id='word_1_512' title='bbox 1236 4686 1311 4728; x_wconf 81' lang='lat' dir='ltr'><strong>ne</strong></span> <span class='ocrx_word' id='word_1_513' title='bbox 1333 4669 1402 4729; x_wconf 76' lang='lat' dir='ltr'><strong>in</strong></span> <span class='ocrx_word' id='word_1_514' title='bbox 1424 4669 1626 4746; x_wconf 80' lang='lat' dir='ltr'><strong>specie</strong></span> <span class='ocrx_word' id='word_1_515' title='bbox 1652 4668 1982 4747; x_wconf 76' lang='lat' dir='ltr'><strong>Epistolce,</strong></span> <span class='ocrx_word' id='word_1_516' title='bbox 2017 4669 2163 4748; x_wconf 75' lang='lat' dir='ltr'><strong>plus</strong></span> <span class='ocrx_word' id='word_1_517' title='bbox 2181 4687 2364 4749; x_wconf 81' lang='lat' dir='ltr'><strong>quam</strong></span> <span class='ocrx_word' id='word_1_518' title='bbox 2383 4667 2652 4734; x_wconf 74' lang='lat' dir='ltr'><strong>deceret.</strong></span> <span class='ocrx_word' id='word_1_519' title='bbox 2682 4666 2980 4744; x_wconf 71' lang='lat' dir='ltr'><strong>prolixus</strong></span> <span class='ocrx_word' id='word_1_520' title='bbox 3007 4683 3222 4739; x_wconf 80' lang='lat' dir='ltr'><strong>essem,</strong></span> <span class='ocrx_word' id='word_1_521' title='bbox 3255 4675 3342 4728; x_wconf 82' lang='grc' dir='ltr'><strong>ἵνα</strong></span> <span class='ocrx_word' id='word_1_522' title='bbox 3371 4675 3448 4745; x_wconf 87' lang='grc' dir='ltr'><strong>μὴ</strong></span> <span class='ocrx_word' id='word_1_523' title='bbox 3477 4677 3535 4727; x_wconf 78' lang='grc' dir='ltr'><strong>ὲν</strong></span> <span class='ocrx_word' id='word_1_524' title='bbox 3560 4678 3810 4744; x_wconf 68' lang='grc' dir='ltr'><strong>σχήματι</strong></span> 
     </span>
    </p>
   </div>
   <div class='ocr_carea' id='block_1_45' title="bbox 553 4766 2150 4852">
    <p class='ocr_par' dir='ltr' id='par_1_45' title="bbox 553 4773 2145 4852">
     <span class='ocr_line' id='line_1_45' title="bbox 553 4773 2145 4852; baseline 0.001 -21"><span class='ocrx_word' id='word_1_525' title='bbox 553 4777 876 4850; x_wconf 81' lang='grc' dir='ltr'><strong>Ἐπιστολῆς</strong></span> <span class='ocrx_word' id='word_1_526' title='bbox 906 4781 1082 4852; x_wconf 80' lang='grc' dir='ltr'>πέραν</span> <span class='ocrx_word' id='word_1_527' title='bbox 1097 4779 1191 4834; x_wconf 80' lang='grc' dir='ltr'><strong>τοῦ</strong></span> <span class='ocrx_word' id='word_1_528' title='bbox 1213 4779 1428 4843; x_wconf 83' lang='grc' dir='ltr'><strong>,δέοντος</strong></span> <span class='ocrx_word' id='word_1_529' title='bbox 1447 4779 1866 4851; x_wconf 84' lang='grc' dir='ltr'><strong>μακρολογήσω.</strong></span> <span class='ocrx_word' id='word_1_530' title='bbox 1908 4773 1989 4832; x_wconf 80' lang='lat' dir='ltr'><strong>At</strong></span> <span class='ocrx_word' id='word_1_531' title='bbox 2024 4787 2145 4849; x_wconf 91' lang='lat' dir='ltr'><strong>ego</strong></span> 
     </span>
    </p>
   </div>
   <div class='ocr_carea' id='block_1_46' title="bbox 2220 4766 3817 4852">
    <p class='ocr_par' dir='ltr' id='par_1_46' title="bbox 2228 4766 3817 4846">
     <span class='ocr_line' id='line_1_46' title="bbox 2228 4766 3817 4846; baseline -0.001 -15"><span class='ocrx_word' id='word_1_532' title='bbox 2228 4770 2443 4831; x_wconf 83' lang='lat' dir='ltr'><strong>uidem</strong></span> <span class='ocrx_word' id='word_1_533' title='bbox 2477 4768 2775 4830; x_wconf 88' lang='lat' dir='ltr'><strong>lubenter</strong></span> <span class='ocrx_word' id='word_1_534' title='bbox 2822 4766 3002 4827; x_wconf 88' lang='lat' dir='ltr'><strong>illius</strong></span> <span class='ocrx_word' id='word_1_535' title='bbox 3034 4767 3467 4846; x_wconf 80' lang='lat' dir='ltr'><strong>prolixitatem</strong></span> <span class='ocrx_word' id='word_1_536' title='bbox 3508 4769 3817 4842; x_wconf 74' lang='lat' dir='ltr'><strong>epistolm</strong></span> 
     </span>
    </p>
   </div>
   <div class='ocr_carea' id='block_1_47' title="bbox 545 4867 3806 4952">
    <p class='ocr_par' dir='ltr' id='par_1_47' title="bbox 545 4867 3806 4952">
     <span class='ocr_line' id='line_1_47' title="bbox 545 4867 3806 4952; baseline 0 -21"><span class='ocrx_word' id='word_1_537' title='bbox 545 4871 868 4946; x_wconf 89' lang='lat' dir='ltr'><strong>tulissem,</strong></span> <span class='ocrx_word' id='word_1_538' title='bbox 912 4881 981 4935; x_wconf 95' lang='lat' dir='ltr'><strong>ut</strong></span> <span class='ocrx_word' id='word_1_539' title='bbox 1009 4872 1382 4952; x_wconf 88' lang='lat' dir='ltr'><strong>hujusmodi</strong></span> <span class='ocrx_word' id='word_1_540' title='bbox 1417 4880 1813 4948; x_wconf 85' lang='lat' dir='ltr'><strong>argumenta,</strong></span> <span class='ocrx_word' id='word_1_541' title='bbox 1863 4888 1982 4932; x_wconf 86' lang='lat' dir='ltr'><strong>seu</strong></span> <span class='ocrx_word' id='word_1_542' title='bbox 2031 4870 2436 4948; x_wconf 88' lang='lat' dir='ltr'><strong>conjecturas</strong></span> <span class='ocrx_word' id='word_1_543' title='bbox 2479 4870 2546 4929; x_wconf 89' lang='lat' dir='ltr'><strong>in</strong></span> <span class='ocrx_word' id='word_1_544' title='bbox 2589 4875 2809 4946; x_wconf 89' lang='lat' dir='ltr'><strong>aperto</strong></span> <span class='ocrx_word' id='word_1_545' title='bbox 2858 4875 3129 4944; x_wconf 88' lang='lat' dir='ltr'><strong>poneret</strong></span> <span class='ocrx_word' id='word_1_546' title='bbox 3164 4885 3178 4928; x_wconf 92' lang='lat'><em>:</em></span> <span class='ocrx_word' id='word_1_547' title='bbox 3221 4867 3380 4944; x_wconf 91' lang='lat' dir='ltr'><strong>quin</strong></span> <span class='ocrx_word' id='word_1_548' title='bbox 3415 4877 3475 4930; x_wconf 91' lang='lat' dir='ltr'><strong>et</strong></span> <span class='ocrx_word' id='word_1_549' title='bbox 3508 4871 3806 4949; x_wconf 80' lang='lat' dir='ltr'><strong>simplici</strong></span> 
     </span>
    </p>
   </div>
   <div class='ocr_carea' id='block_1_48' title="bbox 545 4968 3817 5050">
    <p class='ocr_par' dir='ltr' id='par_1_48' title="bbox 545 4968 3817 5050">
     <span class='ocr_line' id='line_1_48' title="bbox 545 4968 3817 5050; baseline -0.001 -15"><span class='ocrx_word' id='word_1_550' title='bbox 545 4975 688 5050; x_wconf 86' lang='lat' dir='ltr'><strong>ejus</strong></span> <span class='ocrx_word' id='word_1_551' title='bbox 727 4973 1099 5035; x_wconf 87' lang='lat' dir='ltr'><strong>testimonio</strong></span> <span class='ocrx_word' id='word_1_552' title='bbox 1131 4973 1318 5036; x_wconf 83' lang='lat' dir='ltr'><strong>ﬁdem</strong></span> <span class='ocrx_word' id='word_1_553' title='bbox 1343 4989 1472 5035; x_wconf 89' lang='lat' dir='ltr'><strong>non</strong></span> <span class='ocrx_word' id='word_1_554' title='bbox 1500 4974 1940 5044; x_wconf 88' lang='lat' dir='ltr'><strong>detrectarem,</strong></span> <span class='ocrx_word' id='word_1_555' title='bbox 1983 4969 2108 5032; x_wconf 91' lang='lat' dir='ltr'><strong>nisi</strong></span> <span class='ocrx_word' id='word_1_556' title='bbox 2143 4969 2435 5032; x_wconf 83' lang='lat' dir='ltr'><strong>Vaticani</strong></span> <span class='ocrx_word' id='word_1_557' title='bbox 2467 4969 2709 5031; x_wconf 90' lang='lat' dir='ltr'><strong>codicis</strong></span> <span class='ocrx_word' id='word_1_558' title='bbox 2739 4968 3086 5030; x_wconf 87' lang='lat' dir='ltr'><strong>auctoritas</strong></span> <span class='ocrx_word' id='word_1_559' title='bbox 3115 4968 3194 5030; x_wconf 91' lang='lat' dir='ltr'><strong>ab</strong></span> <span class='ocrx_word' id='word_1_560' title='bbox 3223 4969 3362 5046; x_wconf 87' lang='lat' dir='ltr'><strong>ejus</strong></span> <span class='ocrx_word' id='word_1_561' title='bbox 3395 4987 3493 5030; x_wconf 90' lang='lat' dir='ltr'><strong>me</strong></span> <span class='ocrx_word' id='word_1_562' title='bbox 3527 4981 3817 5033; x_wconf 89' lang='lat' dir='ltr'><strong>senten-</strong></span> 
     </span>
    </p>
   </div>
   <div class='ocr_carea' id='block_1_49' title="bbox 543 5069 3817 5154">
    <p class='ocr_par' dir='ltr' id='par_1_49' title="bbox 543 5069 3817 5154">
     <span class='ocr_line' id='line_1_49' title="bbox 543 5069 3817 5154; baseline -0.001 -18"><span class='ocrx_word' id='word_1_563' title='bbox 543 5076 634 5136; x_wconf 90' lang='lat' dir='ltr'><strong>tia</strong></span> <span class='ocrx_word' id='word_1_564' title='bbox 662 5081 974 5137; x_wconf 88' lang='lat' dir='ltr'><strong>avocaret.</strong></span> <span class='ocrx_word' id='word_1_565' title='bbox 1008 5074 1415 5154; x_wconf 87' lang='lat' dir='ltr'><strong>Quanquam,</strong></span> <span class='ocrx_word' id='word_1_566' title='bbox 1447 5090 1530 5136; x_wconf 90' lang='lat' dir='ltr'><strong>ne</strong></span> <span class='ocrx_word' id='word_1_567' title='bbox 1558 5071 1716 5152; x_wconf 90' lang='lat' dir='ltr'><strong>quid</strong></span> <span class='ocrx_word' id='word_1_568' title='bbox 1749 5071 2190 5143; x_wconf 91' lang='lat' dir='ltr'><strong>dissimulem,</strong></span> <span class='ocrx_word' id='word_1_569' title='bbox 2215 5069 2610 5132; x_wconf 90' lang='lat' dir='ltr'><strong>diminutum</strong></span> <span class='ocrx_word' id='word_1_570' title='bbox 2637 5069 2933 5130; x_wconf 90' lang='lat' dir='ltr'><strong>nonnihil</strong></span> <span class='ocrx_word' id='word_1_571' title='bbox 2966 5069 3050 5130; x_wconf 92' lang='lat' dir='ltr'><strong>sit</strong></span> <span class='ocrx_word' id='word_1_572' title='bbox 3085 5069 3374 5130; x_wconf 71' lang='lat' dir='ltr'><strong>Vaticani</strong></span> <span class='ocrx_word' id='word_1_573' title='bbox 3407 5070 3651 5130; x_wconf 63' lang='lat' dir='ltr'><strong>codicis</strong></span> <span class='ocrx_word' id='word_1_574' title='bbox 3688 5070 3817 5134; x_wconf 85' lang='lat' dir='ltr'><strong>hac</strong></span> 
     </span>
    </p>
   </div>
   <div class='ocr_carea' id='block_1_50' title="bbox 545 5171 3812 5255">
    <p class='ocr_par' dir='ltr' id='par_1_50' title="bbox 545 5171 3812 5255">
     <span class='ocr_line' id='line_1_50' title="bbox 545 5171 3812 5255; baseline -0.002 -13"><span class='ocrx_word' id='word_1_575' title='bbox 545 5185 625 5242; x_wconf 90' lang='lat' dir='ltr'><strong>de</strong></span> <span class='ocrx_word' id='word_1_576' title='bbox 657 5197 723 5242; x_wconf 91' lang='lat' dir='ltr'><strong>re</strong></span> <span class='ocrx_word' id='word_1_577' title='bbox 747 5178 1222 5241; x_wconf 91' lang='lat' dir='ltr'><strong>testimonium.</strong></span> <span class='ocrx_word' id='word_1_578' title='bbox 1257 5181 1397 5240; x_wconf 86' lang='lat' dir='ltr'><strong>Non</strong></span> <span class='ocrx_word' id='word_1_579' title='bbox 1427 5179 1600 5240; x_wconf 88' lang='lat' dir='ltr'><strong>enim</strong></span> <span class='ocrx_word' id='word_1_580' title='bbox 1634 5175 2020 5255; x_wconf 89' lang='lat' dir='ltr'><strong>simpliciter</strong></span> <span class='ocrx_word' id='word_1_581' title='bbox 2051 5174 2172 5236; x_wconf 91' lang='lat' dir='ltr'><strong>hoc</strong></span> <span class='ocrx_word' id='word_1_582' title='bbox 2200 5191 2390 5254; x_wconf 90' lang='lat' dir='ltr'><strong>opus,</strong></span> <span class='ocrx_word' id='word_1_583' title='bbox 2418 5181 2488 5235; x_wconf 90' lang='lat' dir='ltr'><strong>ut</strong></span> <span class='ocrx_word' id='word_1_584' title='bbox 2517 5173 2638 5235; x_wconf 91' lang='lat' dir='ltr'><strong>fert</strong></span> <span class='ocrx_word' id='word_1_585' title='bbox 2670 5171 3100 5246; x_wconf 90' lang='lat' dir='ltr'><strong>consuetudo,</strong></span> <span class='ocrx_word' id='word_1_586' title='bbox 3125 5172 3505 5234; x_wconf 90' lang='lat' dir='ltr'><strong>inscribitur</strong></span> <span class='ocrx_word' id='word_1_587' title='bbox 3540 5194 3554 5232; x_wconf 93' lang='lat'><strong>:</strong></span> <span class='ocrx_word' id='word_1_588' title='bbox 3585 5183 3812 5253; x_wconf 80' lang='grc' dir='ltr'><strong>Θεοφυ-</strong></span> 
     </span>
    </p>
   </div>
   <div class='ocr_carea' id='block_1_51' title="bbox 543 5275 2140 5360">
    <p class='ocr_par' dir='ltr' id='par_1_51' title="bbox 543 5277 2125 5360">
     <span class='ocr_line' id='line_1_51' title="bbox 543 5277 2125 5360; baseline -0.004 -19"><span class='ocrx_word' id='word_1_589' title='bbox 543 5287 1082 5360; x_wconf 79' lang='grc' dir='ltr'><strong>λάκτουἘρμηνεια,</strong></span> <span class='ocrx_word' id='word_1_590' title='bbox 1119 5281 1172 5340; x_wconf 88' lang='grc' dir='ltr'><em>Τ</em></span> <span class='ocrx_word' id='word_1_591' title='bbox 1170 5277 1570 5358; x_wconf 80' lang='lat' dir='ltr'><strong>heophylacti</strong></span> <span class='ocrx_word' id='word_1_592' title='bbox 1600 5277 2125 5348; x_wconf 79' lang='lat' dir='ltr'><strong>Commentarius,</strong></span> 
     </span>
    </p>
   </div>
   <div class='ocr_carea' id='block_1_52' title="bbox 2218 5275 3815 5360">
    <p class='ocr_par' dir='ltr' id='par_1_52' title="bbox 2218 5275 3815 5356">
     <span class='ocr_line' id='line_1_52' title="bbox 2218 5275 3815 5356; baseline 0.001 -19"><span class='ocrx_word' id='word_1_593' title='bbox 2218 5275 2272 5337; x_wconf 91' lang='lat' dir='ltr'><strong>el</strong></span> <span class='ocrx_word' id='word_1_594' title='bbox 2301 5275 2793 5356; x_wconf 76' lang='lat' dir='ltr'><strong>Interpretatio;</strong></span> <span class='ocrx_word' id='word_1_595' title='bbox 2821 5279 2932 5338; x_wconf 92' lang='lat' dir='ltr'><strong>sed</strong></span> <span class='ocrx_word' id='word_1_596' title='bbox 2971 5297 2987 5335; x_wconf 88' lang='lat'><strong>:</strong></span> <span class='ocrx_word' id='word_1_597' title='bbox 3026 5283 3330 5355; x_wconf 80' lang='grc' dir='ltr'><strong>Ἐρμηνεία</strong></span> <span class='ocrx_word' id='word_1_598' title='bbox 3353 5283 3461 5336; x_wconf 83' lang='grc' dir='ltr'>ἀπὸ</span> <span class='ocrx_word' id='word_1_599' title='bbox 3488 5279 3582 5352; x_wconf 70' lang='grc' dir='ltr'><strong>τῆξ</strong></span> <span class='ocrx_word' id='word_1_600' title='bbox 3615 5286 3815 5355; x_wconf 82' lang='grc' dir='ltr'><strong>φωνῆς</strong></span> 
     </span>
    </p>
   </div>
   <div class='ocr_carea' id='block_1_53' title="bbox 549 5375 2146 5456">
    <p class='ocr_par' dir='ltr' id='par_1_53' title="bbox 549 5377 2146 5456">
     <span class='ocr_line' id='line_1_53' title="bbox 549 5377 2146 5456; baseline -0.002 -18"><span class='ocrx_word' id='word_1_601' title='bbox 549 5386 956 5456; x_wconf 63' lang='grc' dir='ltr'><strong>Θεοφυὶάκτου.</strong></span> <span class='ocrx_word' id='word_1_602' title='bbox 977 5404 1033 5446; x_wconf 86' lang='grc' dir='ltr'><strong>κ.</strong></span> <span class='ocrx_word' id='word_1_603' title='bbox 1058 5405 1110 5441; x_wconf 80' lang='grc' dir='ltr'><strong>τ.</strong></span> <span class='ocrx_word' id='word_1_604' title='bbox 1141 5387 1216 5452; x_wconf 67' lang='grc' dir='ltr'>λη</span> <span class='ocrx_word' id='word_1_605' title='bbox 1251 5379 1757 5442; x_wconf 73' lang='lat' dir='ltr'><strong>Commentarius</strong></span> <span class='ocrx_word' id='word_1_606' title='bbox 1791 5378 1888 5438; x_wconf 85' lang='lat' dir='ltr'><strong>vel</strong></span> <span class='ocrx_word' id='word_1_607' title='bbox 1924 5377 2146 5456; x_wconf 80' lang='lat' dir='ltr'><strong>Intcrp</strong></span> 
     </span>
    </p>
   </div>
   <div class='ocr_carea' id='block_1_54' title="bbox 2218 5375 3815 5456">
    <p class='ocr_par' dir='ltr' id='par_1_54' title="bbox 2218 5375 3815 5454">
     <span class='ocr_line' id='line_1_54' title="bbox 2218 5375 3815 5454; baseline 0 -16"><span class='ocrx_word' id='word_1_608' title='bbox 2218 5379 2382 5438; x_wconf 66' lang='lat' dir='ltr'><strong>&#39;tatio</strong></span> <span class='ocrx_word' id='word_1_609' title='bbox 2415 5397 2494 5438; x_wconf 79' lang='lat' dir='ltr'><strong>ea:</strong></span> <span class='ocrx_word' id='word_1_610' title='bbox 2522 5396 2668 5439; x_wconf 78' lang='lat' dir='ltr'><strong>voce</strong></span> <span class='ocrx_word' id='word_1_611' title='bbox 2722 5375 3199 5454; x_wconf 80' lang='lat' dir='ltr'><strong>Theophylacti,</strong></span> <span class='ocrx_word' id='word_1_612' title='bbox 3251 5383 3373 5436; x_wconf 89' lang='lat' dir='ltr'><strong>etc.</strong></span> <span class='ocrx_word' id='word_1_613' title='bbox 3415 5376 3493 5434; x_wconf 83' lang='lat' dir='ltr'><strong>At</strong></span> <span class='ocrx_word' id='word_1_614' title='bbox 3528 5375 3688 5452; x_wconf 84' lang='lat' dir='ltr'><strong>quid</strong></span> <span class='ocrx_word' id='word_1_615' title='bbox 3727 5395 3815 5438; x_wconf 72' lang='lat' dir='ltr'><strong>ex</strong></span> 
     </span>
    </p>
   </div>
   <div class='ocr_carea' id='block_1_55' title="bbox 563 5471 3811 5555">
    <p class='ocr_par' dir='ltr' id='par_1_55' title="bbox 563 5471 3811 5555">
     <span class='ocr_line' id='line_1_55' title="bbox 563 5471 3811 5555; baseline 0.001 -20"><span class='ocrx_word' id='word_1_616' title='bbox 563 5471 936 5553; x_wconf 89' lang='lat' dir='ltr'><strong>hujusmodi</strong></span> <span class='ocrx_word' id='word_1_617' title='bbox 975 5475 1428 5555; x_wconf 87' lang='lat' dir='ltr'><strong>inscriptionis</strong></span> <span class='ocrx_word' id='word_1_618' title='bbox 1460 5475 1837 5538; x_wconf 85' lang='lat' dir='ltr'><strong>diversitate</strong></span> <span class='ocrx_word' id='word_1_619' title='bbox 1865 5473 2084 5554; x_wconf 85' lang='lat' dir='ltr'><strong>colligi</strong></span> <span class='ocrx_word' id='word_1_620' title='bbox 2115 5483 2334 5555; x_wconf 90' lang='lat' dir='ltr'><strong>queat,</strong></span> <span class='ocrx_word' id='word_1_621' title='bbox 2367 5475 2534 5538; x_wconf 87' lang='lat' dir='ltr'><strong>haud</strong></span> <span class='ocrx_word' id='word_1_622' title='bbox 2567 5475 2889 5554; x_wconf 89' lang='lat' dir='ltr'><strong>intelligo,</strong></span> <span class='ocrx_word' id='word_1_623' title='bbox 2925 5475 3077 5548; x_wconf 90' lang='lat' dir='ltr'><strong>nisi,</strong></span> <span class='ocrx_word' id='word_1_624' title='bbox 3119 5473 3218 5535; x_wconf 88' lang='lat' dir='ltr'><strong>vel</strong></span> <span class='ocrx_word' id='word_1_625' title='bbox 3249 5475 3417 5536; x_wconf 89' lang='lat' dir='ltr'><strong>hunc</strong></span> <span class='ocrx_word' id='word_1_626' title='bbox 3455 5473 3811 5537; x_wconf 82' lang='lat' dir='ltr'><strong>Commen-</strong></span> 
     </span>
    </p>
   </div>
   <div class='ocr_carea' id='block_1_56' title="bbox 552 5685 3809 5809">
    <p class='ocr_par' dir='ltr' id='par_1_56' title="bbox 552 5685 3809 5809">
     <span class='ocr_line' id='line_1_56' title="bbox 552 5685 3809 5809; baseline -0.002 -65"><span class='ocrx_word' id='word_1_627' title='bbox 552 5771 586 5809; x_wconf 60' lang='grc' dir='ltr'><em>η</em></span> <span class='ocrx_word' id='word_1_628' title='bbox 627 5688 702 5770; x_wconf 69' lang='grc' dir='ltr'><strong>(ᾳ)</strong></span> <span class='ocrx_word' id='word_1_629' title='bbox 759 5689 1198 5746; x_wconf 80' lang='lat' dir='ltr'><strong>Commentarius</strong></span> <span class='ocrx_word' id='word_1_630' title='bbox 1285 5691 1676 5763; x_wconf 78' lang='lat' dir='ltr'><strong>&#39;l&#39;ltcopltylacti</strong></span> <span class='ocrx_word' id='word_1_631' title='bbox 1739 5694 1792 5746; x_wconf 91' lang='lat' dir='ltr'><strong>in</strong></span> <span class='ocrx_word' id='word_1_632' title='bbox 1849 5692 2121 5762; x_wconf 72' lang='lat' dir='ltr'><strong>Epistolas</strong></span> <span class='ocrx_word' id='word_1_633' title='bbox 2161 5691 2310 5747; x_wconf 80' lang='lat' dir='ltr'><strong>Pauli</strong></span> <span class='ocrx_word' id='word_1_634' title='bbox 2345 5694 2520 5762; x_wconf 81' lang='lat' dir='ltr'><strong>primo</strong></span> <span class='ocrx_word' id='word_1_635' title='bbox 2549 5693 2728 5747; x_wconf 79' lang='lat' dir='ltr'><strong>editus</strong></span> <span class='ocrx_word' id='word_1_636' title='bbox 2751 5700 2832 5746; x_wconf 79' lang='lat' dir='ltr'><strong>cst</strong></span> <span class='ocrx_word' id='word_1_637' title='bbox 2867 5709 2894 5747; x_wconf 76' lang='grc' dir='ltr'><strong>ει</strong></span> <span class='ocrx_word' id='word_1_638' title='bbox 2920 5691 3158 5748; x_wconf 85' lang='lat' dir='ltr'><strong>Porsena</strong></span> <span class='ocrx_word' id='word_1_639' title='bbox 3189 5688 3291 5746; x_wconf 85' lang='lat' dir='ltr'><strong>sub</strong></span> <span class='ocrx_word' id='word_1_640' title='bbox 3357 5687 3573 5743; x_wconf 79' lang='lat' dir='ltr'><strong>nomine</strong></span> <span class='ocrx_word' id='word_1_641' title='bbox 3641 5685 3809 5738; x_wconf 70' lang='lat' dir='ltr'><strong>Atha-</strong></span> 
     </span>
     <span class='ocr_line' id='line_1_57' title="bbox 592 5773 714 5809; baseline 0 0"><span class='ocrx_word' id='word_1_642' title='bbox 592 5773 714 5809; x_wconf 81' lang='lat' dir='ltr'><strong>am.</strong></span> 
     </span>
    </p>
   </div>
   <div class='ocr_carea' id='block_1_57' title="bbox 592 5773 714 5811">
    <p class='ocr_par' dir='ltr' id='par_1_57' title="bbox 592 5773 714 5811">
     <span class='ocr_line' id='line_1_58' title="bbox 592 5773 714 5811; baseline 0.016 -2"><span class='ocrx_word' id='word_1_643' title='bbox 592 5773 714 5811; x_wconf 72' lang='lat' dir='ltr'><strong>08H.</strong></span> 
     </span>
    </p>
   </div>
  </div>
