4044 6418
307 457 416 526 ι13
1130 462 1216 523 IN
1259 455 1698 533 SEQUENTIA
1729 460 2314 525 THEOPHYLACTI
2350 467 2690 529 SCRIPTA.
3465 466 3564 529 iii

310 571 545 634 tarium
577 589 660 634 ex
691 587 808 634 ore
841 571 1049 649 ipsius
1083 572 1574 650 'l‘heOphylacti,
1607 573 1760 634 dum
1787 575 1938 635 Acta
1970 576 2410 653 apostolorum
2455 582 2692 658 poputo
2723 599 2842 643 suo
2872 584 3262 660 exi‘ilanaret,
3297 598 3326 644 a
3359 581 3570 658 tacby-

314 673 560 752 grapho
588 674 818 755 aliquo
851 683 1188 753 exceptum
1224 690 1400 748 esse;
1443 674 1540 737 vel
1574 691 1652 734 ex
1683 675 1811 736 alio
1835 674 2080 739 fusiore
2113 680 2404 758 ejusdem
2444 683 2915 746 Commentario
2939 686 3410 763 depromptum.
3445 673 3566 743 Sed

318 785 630 836 neutrum
671 793 750 836 ex
797 773 901 835 bis
939 774 1317 852 contigisse,
1360 789 1727 852 quanquam
1788 775 2168 838 alterutrum
2224 778 2298 837 ad
2339 797 2487 839 eum
2529 779 3008 860 Theophylacto
3063 783 3566 862 adjudicandum

309 873 662 962 sufficeret,
711 881 1091 952 argumento
1133 881 1230 934 est
1279 872 1514 933 similis
1559 873 1897 949 inscriptio
1951 877 2122 953 prlBﬁ
2142 893 2213 937 xa
2296 878 2611 940 Procemio
2658 883 3107 945 Commentarii
3157 883 3450 962 ejusdem
3502 882 3566 942 in

313 956 601 1050 quatuor
633 972 1012 1051 Evangelia,
1043 972 1218 1052 quod
1253 974 1458 1033 exstat
1491 973 1556 1034 in
1590 972 1979 1037 bibliotheca
2015 972 2828 1043 Caesareo—Vindobonensi
2857 983 3076 1046 codice
3105 956 3246 1057 27i,
3277 1001 3420 1063 quae
3451 983 3570 1045 hoc

315 1077 509 1136 modo
565 1093 639 1138 se
707 1073 898 1137 habet
959 1093 974 1136 :
1049 1083 1352 1154 Ἐρμηνεία
1409 1083 1518 1136 τῶν
1575 1087 1858 1156 τεσσάρων
1895 1087 2245 1153 Εὑαγγελιῶν
2304 1089 2414 1142 ἀπὸ
2474 1094 2659 1162 φωνῆς
2703 1093 3101 1161 Θεοφυλάκτου’
3137 1097 3570 1168 ἀρχιεπισκὸπου

312 1183 682 1252 Βωλγαρξας,
715 1173 1168 1253 Interpretatio
1192 1184 1466 1252 quatuor
1485 1174 1909 1252 Evangelioru

1972 1196 2073 1237 rex
2097 1196 2244 1238 voce
2271 1179 2718 1260 Theophylacti
2733 1189 3196 1266 archiepiscopi
3212 1189 3569 1268 Bulgaria:

321 1285 378 1336 et
406 1285 624 1335 tamen
660 1274 835 1352 quod
873 1274 1116 1335 ibidem
1153 1274 1454 1350 sequitur
1483 1275 1865 1335 Prooemium
1892 1276 1960 1336 in
1989 1289 2264 1355 quatuor
2292 1279 2638 1360 Evangelia
2670 1292 2766 1346 est
2797 1285 2963 1348 illud
2989 1288 3155 1348 idem
3179 1289 3349 1366 quod
3389 1286 3569 1348 codi-

323 1391 420 1434 ces
455 1374 500 1432 ii
558 1370 935 1450 praeferunt,
971 1373 1085 1451 qui
1120 1382 1433 1436 consueta
1465 1383 1901 1451 praenotantur

1978 1377 2301 1455 pigraphe,
2336 1381 2643 1444 nimirum
2681 1405 2696 1444 :
2727 1393 3103 1462 Θεοφυλάκτου
3145 1395 3439 1464 Ἐρμηνεξα
3496 1397 3575 1454 εἰς

313 1484 563 1555 τέσσαρα
587 1482 915 1551 Εὐαγγέλια,
957 1476 1010 1534 Τ
1007 1473 1412 1552 heophylacti
1444 1475 1899 1552 Interpretatt'o

1981 1495 1991 1535 ι
2023 1488 2299 1556 quatuor
2327 1482 2709 1559 Evangelia;
2743 1485 3038 1563 quamvis
3078 1486 3216 1564 ipse
3242 1471 3578 1548 Commené

312 1577 520 1638 larius
551 1577 618 1637 in
646 1576 837 1639 citato
868 1577 1124 1650 codice,
1161 1579 1380 1640 nescio
1414 1593 1540 1657 qua
1593 1584 1672 1639 de
1705 1591 1918 1652 causa,
1965 1593 2093 1640 non
2131 1592 2377 1644 exstet:
2418 1591 2511 1645 est
2543 1586 2785 1665 quippe
2832 1590 3215 1650 Prommium
3257 1591 3334 1650 ab
3367 1589 3576 1665 ipsius

313 1677 780 1752 Commentarii
809 1693 1076 1755 corpore
1107 1675 1430 1738 avulsum.
1466 1680 1762 1739 Fortasse
1795 1679 1901 1749 iis,
1940 1681 2050 1758 qui
2086 1682 2169 1740 ita
2222 1681 2634 1762 inscripsere,
2673 1697 2846 1765 φωνὴ,
2879 1702 3028 1760 vom,
3067 1689 3334 1766 perinde
3375 1698 3468 1746 est
3509 1705 3580 1749 ac

313 1775 719 1854 Expositio;
766 1793 898 1856 quo
930 1778 1122 1839 etiam
1156 1776 1220 1838 in
1261 1794 1456 1839 sensu
1483 1785 1726 1854 γλῶσσα,
1762 1778 1982 1857 lingua
2027 1779 2348 1842 interdum
2403 1794 2783 1861 usurpatbr.
2811 1789 2958 1848 Huic
2996 1787 3329 1867 aliquanto
3368 1789 3579 1851 fusius

315 1884 700 1952 persecutus
728 1894 896 1948 sum,
940 1895 1066 1942 non
1105 1884 1170 1940 ut
1204 1877 1376 1939 hunc
1406 1877 1950 1940 Commentariu‘m
1984 1887 2159 1942 certo
2185 1881 2518 1945 vindicem
2562 1885 3066 1965 TheOphylacto,
3101 1889 3273 1966 quod
3303 1906 3417 1950 nec
3446 1888 3574 1950 ﬁeri

320 1991 517 2053 posse
551 1991 898 2054 cognosco,
931 1995 1078 2040 cum
1109 1977 1281 2040 alius
1311 1979 1510 2040 codex
1542 1988 1751 2057 mque,
1782 1979 1883 2039 sin
1924 1979 2150 2058 magis,
2187 1991 2478 2044 vetustus
2522 1982 2717 2045 alium
2751 1985 3209 2064 diversumque
3239 1989 3580 2049 Commen-

320 2077 557 2140 tarium
596 2079 663 2140 in
697 2079 921 2143 eadem
958 2080 1398 2160 apostolorum
1435 2083 1586 2142 Acta
1630 2081 2120 2162 Theophylacto
2165 2083 2406 2146 diserte
2440 2083 2704 2160 tribuat,
2755 2087 2808 2146 is
2863 2061 3121 2164 utiampe,
3151 2087 3256 2166 qui
3294 2105 3324 2147 η
3367 2086 3582 2148 Sifauo

317 2185 415 2240 est
449 2177 711 2253 editus;
777 2181 888 2242 sed
917 2189 989 2243 ut
1017 2197 1241 2243 eorum
1275 2182 1661 2243 sententiam
1701 2182 1965 2243 minime
2004 2183 2491 2260 improbandam
2525 2186 2960 2259 ostenderem,
2997 2187 3106 2264 qui
3150 2203 3296 2247 eum
3351 2185 3412 2245 in
3449 2195 3580 2245 ter-

323 2281 418 2342 tio
448 2278 648 2360 hujus
680 2281 992 2344 editionis
1028 2283 1362 2345 volumine
1387 2281 1599 2345 locum
1635 2281 1870 2344 habere
1902 2283 2277 2358 voluerunt,
2315 2285 2562 2346 tametsi
2588 2286 2859 2348 maxima
2894 2295 2970 2348 ex
2999 2296 3171 2364 parte
3199 2286 3583 2366 jampridem

319 2382 446 2443 sub
493 2383 881 2444 UEcumenii
928 2384 1190 2446 nomine
1247 2383 1621 2463 prodiisset.
1675 2383 1795 2444 Sed
1843 2391 1906 2445 et
1945 2399 2020 2446 eo
2059 2385 2260 2463 magis
2310 2384 2469 2445 mihi
2508 2384 2643 2449 haec
2682 2387 3060 2448 disserenda
3117 2387 3359 2465 putavi,-
3409 2389 3582 2462 quod

321 2483 736 2545 OEcumenio
767 2484 962 2547 etiam
992 2485 1509 2547 Commentarios
1557 2485 1916 2562 insequens
1953 2485 2288 2563 eripiatur.
2318 2485 2631 2566 Quojure
2679 2486 2870 2564 paulo
2906 2495 3047 2566 post
3106 2488 3583 2556 demonstrabo,

322 2583 432 2644 ubi
475 2583 756 2661 primum
788 2585 1128 2649 absolvero
1158 2603 1232 2648 ea
1262 2605 1407 2665 qua;
1437 2587 1517 2648 de
1552 2587 1748 2648 hocce
1782 2588 2260 2648 Commentario
2295 2586 2453 2648 mihi
2486 2587 2695 2649 adhuc
2725 2588 2994 2648 dicenda
3037 2597 3416 2666 supersunt.

398 2688 545 2750 VII.
587 2687 706 2750 Ubi
738 2689 1289 2752 Commentarium
1333 2689 1504 2752 hunc
1539 2706 1683 2751 cum
1720 2690 2238 2763 OEcumeniano,
2275 2690 2358 2751 ita
2383 2706 2532 2751 eum
2561 2689 2838 2767 appello,
2880 2689 2992 2768 qui
3023 2688 3168 2768 ejus
3199 2689 3458 2748 nomine
3484 2685 3588 2745 ina

321 2788 606 2867 scriptus
633 2789 895 2867 prodiit,
927 2792 1118 2853 modo
1141 2809 1338 2870 supra
1379 2791 1553 2853 dicto
1581 2807 1939 2870 congruere
1995 2790 2444 2864 animadverti,
2481 2789 2738 2869 quoties
2771 2804 2987 2850 meum
3049 2787 3378 2864 exemplar
3421 2799 3597 2845 men-

323 2891 556 2952 dosum
609 2899 720 2954 aut
751 2892 1050 2956 mutilum
1106 2913 1273 2971 esse,
1304 2897 1476 2976 quod
1540 2895 1916 2973 frequenter
1950 2895 2243 2973 contigit,
2324 2893 2725 2971 suspicabar,
2773 2893 2985 2970 ipsum
3016 2893 3274 2966 adii,ut
3323 2889 3591 2950 detectis

323 2989 714 3052 medicinam
772 2993 1152 3056 vulneribus
1196 2993 1586 3072 reperirem;
1633 2995 1806 3073 quod
1867 2992 2252 3071 plerumque
2282 2991 2565 3056 feliciter
2621 2992 3046 3055 succedebat:
3087 2990 3409 3071 siquidem
3482 2989 3594 3048 ille

324 3104 400 3151 ex
445 3090 760 3153 nitidiore
822 3093 1158 3172 magisque
1219 3092 1472 3171 integro
1526 3092 1748 3154 codice
1783 3092 2167 3166 desumptus
2210 3106 2354 3152 esse
2412 3088 2692 3154 videtur.
2734 3090 3064 3149 Interdum
3111 3095 3321 3147 tamen
3375 3091 3594 3145 textus

325 3199 606 3270 uterque
638 3201 979 3271 corruptus
1001 3193 1160 3256 mihi
1197 3195 1376 3257 visus
1408 3203 1526 3268 est,
1559 3196 1731 3276 quod
1770 3202 1998 3256 neuter
2029 3209 2388 3272 congruum
2422 3209 2685 3254 sensum
2713 3191 2870 3253 mihi
2894 3183 3213 3252 funderet.
3251 3191 3412 3280 j’um
3449 3203 3600 3247 vero

325 3293 426 3357 Vel
465 3295 547 3356 ad
580 3293 980 3359 Sifanianum
1038 3297 1608 3370 Commentarium,
1644 3295 1741 3358 vel
1805 3297 1883 3358 ad
1925 3293 2366 3376 apographum
2413 3293 2892 3368 Florentinum,
2933 3291 3030 3354 vel
3087 3289 3164 3352 ad
3208 3291 3601 3369 ντωεὶρυυω

324 3399 624 3460 omnium
662 3395 902 3460 fontem
940 3398 1490 3480 Chrysostomum,
1527 3406 1586 3461 et
1619 3398 2008 3479 quandoque
2039 3398 2117 3461 ad
2173 3411 2400 3458 omnes
2424 3395 2574 3458 illos
2611 3391 3083 3474 confugiebam.
3118 3390 3442 3454 Nonnulla
3480 3389 3603 3449 bu-

327 3495 430 3570 ius
466 3498 564 3561 rei
614 3498 999 3577 exemplain
1033 3499 1345 3564 inferiore
1394 3501 1678 3581 margine
1735 3499 2107 3580 paginarum
2152 3500 2454 3588 adnotata
2491 3496 2690 3558 lector
2747 3497 3092 3558 observare
3131 3492 3387 3572 poterit.
3448 3493 3603 3553 Cum

331 3621 484 3666 vero
521 3609 693 3666 recte
723 3621 794 3666 se
818 3601 1088 3667 habebat
1117 3621 1377 3678 sensus,
1408 3606 1528 3668 etsi
1563 3605 1845 3667 viderem
1869 3604 2420 3683 Chrysostomum,
2455 3606 2564 3662 aut
2595 3599 2881 3678 aliquem
2918 3615 2994 3660 ex
3030 3597 3397 3659 memoratis
3428 3597 3609 3655 Com.

333 3709 674 3771 mentariis
708 3709 806 3772 vel
835 3707 1074 3783 verbis,
1123 3709 1224 3773 vel
1255 3709 1484 3772 ordine
1525 3709 1920 3787 discrepare,
1953 3705 2118 3769 nihil
2147 3707 2217 3768 in
2254 3703 2607 3783 exemplari
2648 3717 2793 3764 meo
2827 3699 3300 3762 immutandum
3331 3698 3551 3758 censui
3593 3717 3606 3755 :

339 3830 464 3875 non
509 3813 686 3875 enim
734 3812 898 3875 alios
935 3828 1365 3894 quoscunque
1423 3810 1974 3883 Commentarios,
2030 3805 2450 3889 quantumvis
2514 3803 2843 3864 interdum
2894 3800 2992 3861 vel
3036 3799 3244 3877 cOpia,
3309 3797 3406 3858 vel
3450 3814 3606 3857 con-

349 3915 649 3977 cinnitate
684 3913 1139 3993 prmferendos,
1169 3914 1283 3976 sed
1328 3912 1500 3974 hunc
1532 3912 1838 3974 duntaxat
1875 3910 2260 3972 Vaticanum
2289 3905 2479 3968 edere
2532 3901 2690 3963 mihi
2725 3901 3149 3962 constitutum
3187 3903 3358 3958 erat:
3388 3913 3607 3974 quam—
3697 3903 3700 3906 '

355 4013 572 4075 obrem
625 4016 706 4077 de
767 4015 880 4077 illo
920 4013 1364 4079 tantummodo
1400 4012 1786 4091 corrigendo
1819 4017 1881 4073 et
1922 4027 1955 4072 a
2018 4007 2436 4071 librariorum
2485 4002 2750 4083 injuriis
2782 3999 3172 4064 vindicando
3227 3997 3383 4059 mihi
3436 3997 3610 4057 tabo-

348 4121 616 4184 randum
651 4120 1045 4185 existimavi.
1077 4121 1245 4183 Hinc
1275 4120 1466 4183 etiam
1501 4121 1582 4180 ita
1623 4118 1809 4180 illum
1848 4114 2304 4179 excudendum
2352 4111 2599 4186 curavi,
2633 4117 2700 4172 ut
2729 4123 2861 4188 quo
2901 4103 3168 4183 promus
3205 4103 3336 4165 ﬁeri
3373 4111 3611 4182 posset,

347 4223 726 4286 Vaticanum
762 4225 976 4304 ipsum
1011 4223 1298 4286 codicem
1333 4227 1843 4300 repraesentaret.
1894 4221 2097 4296 Quam
2131 4217 2214 4279 ob
2241 4202 2524 4290 causam,
2558 4230 2704 4278 cum
2737 4211 2803 4273 in
2838 4208 3148 4271 Vaticano
3173 4204 3395 4267 codice
3429 4221 3618 4265 sacrae

336 4325 689 4404 Scriptura)
729 4333 941 4390 textus
973 4324 1037 4388 in
1066 4325 1294 4399 varias,
1345 4342 1494 4404 quae
1522 4340 1552 4386 ει
1591 4321 1829 4384 ρτωοίε
1861 4320 1925 4383 in
1954 4336 2126 4382 sacra
2164 4317 2449 4397 liturgia,
2493 4314 2780 4378 Pasrhali
2815 4318 3126 4389 tempore,
3175 4308 3615 4386 perleguntur,

341 4426 663 4494 lectiones
692 4429 1072 4508 dispertitus
1098 4427 1306 4507 primo
1346 4426 1750 4492 exhibeatur.
1787 4432 1847 4488 et
1891 4439 2022 4504 quo
2055 4437 2330 4500 qumque
2366 4419 2471 4481 die
2520 4416 2599 4478 ab
2634 4415 2882 4477 eisdem
2909 4408 3235 4517 recitanda
3269 4406 3385 4517 sit,
3429 4406 3620 4517 adno:

340 4539 520 4594 tetur
551 4552 569 4604 ;
600 4547 675 4593 ac
707 4505 1007 4608 praeterea
1039 4505 1290 4607 integer
1320 4530 1596 4590 Actuum
1631 4525 2069 4605 apostolorum
2102 4522 2264 4583 liber
2312 4536 2439 4582 non
2473 4519 2540 4581 in
2583 4525 2725 4579 octo
2759 4529 2954 4593 supra
3005 4506 3284 4619 viginti,
3324 4511 3394 4566 ut
3451 4505 3619 4619 amid

343 4649 466 4696 nos
502 4635 893 4712 Graecosque
951 4631 1408 4702 communiter,
1451 4630 1567 4692 sed
1610 4629 1676 4690 in
1721 4626 2142 4708 quadraginta
2179 4625 2386 4704 capita
2441 4621 2810 4691 dividatur;
2862 4616 2982 4678 hoc
3015 4619 3218 4674 totum
3266 4610 3413 4712 ipse
3471 4610 3624 4664 reti-

343 4736 641 4799 nendum
675 4703 918 4814 putavi.
958 4734 1250 4795 Attamen
1284 4739 1354 4796 ut
1381 4703 1825 4793 studiosorum
1859 4703 2198 4790 commodo
2245 4703 2305 4787 et
2337 4721 2605 4787 utilitati
2634 4715 3071 4820 consulerem,
3107 4707 3358 4820 cum
3400 4703 3623 4820 Ῑθιξθνδ-

349 4841 479 4904 lem
515 4805 894 4919 marginem,
934 4845 1068 4900 tum
1098 4839 1162 4899 in
1194 4835 1406 4897 fronte
1457 4833 1835 4913 paginarum
1893 4830 2270 4892 eorumdem
2304 4827 2586 4908 capitum
2620 4834 2960 4887 numerum
2986 4816 3173 4896 juxta
3209 4809 3398 4922 nobis
3449 4805 3624 4922 Ortinae

347 4943 584 5021 eisque
615 4905 983 5005 consuetam
1021 4937 1432 5019 partitionem
1460 4933 1752 5014 adjunxi.
1787 4929 1954 5004 Quia
1986 4947 2138 4993 vero
2170 4929 2484 5009 praedictte
2513 4925 2824 4988 lectiones
2858 4935 2984 5021 non
3023 4930 3187 5021 sese
3220 4913 3362 4973 sine
3418 4905 3630 4968 1116le

345 5015 721 5122 excipiunt,
753 5039 865 5103 sed
894 5015 1086 5101 modo
1125 5037 1329 5116 plura,
1369 5035 1558 5099 modo
1596 5033 1923 5112 pauciora,
1970 5048 2113 5111 quae
2154 5030 2220 5091 in
2280 5045 2456 5090 sacra
2489 5024 2754 5105 liturgia
2794 5015 3475 5122 perlegi‘nequaquam
3511 5021 3628 5120 oso-

350 5113 528 5222 lent,
557 5113 895 5224 interjecta
923 5113 1281 5206 identidem
1314 5146 1494 5214 sunt,
1540 5139 1689 5200 ideo
1719 5135 1834 5217 qui
1871 5135 2254 5198 Vaticanum
2284 5131 2574 5196 codicem
2621 5123 2934 5195 exaravit,
2988 5120 3062 5182 ad
3097 5113 3466 5225 earumdem
3506 5113 3622 5225 ini-

352 5209 526 5318 tium
555 5209 1038 5328 terminumque
1066 5246 1522 5318 indicandum,
1549 5244 1614 5306 in
1669 5239 1981 5320 margine,
2019 5238 2121 5300 vel
2145 5237 2354 5336 etiam‘
2393 5236 2563 5297 intra
2598 5229 2847 5310 pagina)
2875 5237 3112 5336 corpus:
3153 5220 3457 5334 aPPfJS“lt
3518 5209 3630 5336 ‘h‘?’

356 5376 556 5422 voces
590 5378 606 5418 :
647 5354 817 5430 ἀρχὴ,
844 5324 1122 5427 deum,
1155 5351 1330 5424 τέλος,
1362 5349 1532 5429 finis.
1578 5349 1654 5409 Et
1681 5345 1835 5426 quia
1862 5360 2087 5408 omnes
2118 5343 2260 5406 ista;
2310 5324 2650 5411 lectiones,
2680 5326 3228 5440 quemadmodum
3392 5324 3632 5387 nostra,

356 5463 452 5536 ita
491 5462 562 5523 in
589 5461 962 5522 Graecorum
989 5455 1254 5535 liturgia
1286 5453 1615 5533 incipiunt
1674 5452 1776 5514 his
1811 5449 1953 5515 vert

2072 5471 2087 5510 :
2139 5453 2229 5506 Ἐν
2247 5450 2494 5510 ἐκείναις
2531 5443 2791 5515 ἡμέραις,
2865 5436 2942 5496 1η
2978 5430 3192 5494 diebus
3254 5426 3426 5494 illis;
3469 5439 3635 5500 smpe

360 5530 557 5628 etiam
582 5562 803 5642 aliqua
833 5559 1023 5622 verba
1051 5559 1130 5622 ad
1152 5529 1489 5620 clariorem
1546 5571 1780 5618 sensus
1815 5551 2299 5615 inchoationem
2342 5543 2668 5607 adduntur
2720 5539 2813 5603 vel
2840 5541 3258 5614 repetuntur:
3469 5541 3638 5642 quo-

359 5687 494 5751 que
527 5630 834 5729 librarius
883 5681 918 5725 e
971 5663 1238 5741 regione
1279 5660 1580 5740 ascripsit
1636 5659 1702 5720 in
1745 5657 2058 5736 margine.
2103 5656 2346 5715 Verum
2395 5663 2542 5710 cum
2593 5645 2725 5705 haec
2757 5642 2974 5704 minus
3017 5649 3375 5749 necessaria
3407 5630 3639 5751 forent.

361 5740 499 5837 imo
531 5771 817 5853 aliquam
843 5782 1066 5846 parere
1099 5764 1545 5829 confusionem
1607 5761 1958 5826 lectoribus
1998 5762 2282 5839 possent,
2311 5771 2390 5816 ex
2416 5750 2540 5814 alia
2574 5754 2933 5824 vereparte
2979 5757 3107 5804 non
3131 5740 3288 5802 satis
3317 5740 3640 5853 Iacent-rate

361 5841 662 5942 adnotata
722 5841 1144 5949 reperissem,
1197 5870 1398 5934 satius
1438 5871 1592 5934 duxi
1634 5886 1706 5932 ea
1763 5883 2024 5945 prorsus
2062 5862 2403 5928 omittere:
2472 5852 2846 5934 praesertim,
2881 5865 3027 5912 cum
3059 5864 3138 5909 ει
3201 5841 3640 5906 θεεΙθδίθδυθθ
