4044 6452
497 451 608 521 615
1551 459 1939 521 BONlF-ACII
1992 461 2298 522 FINETTI
2338 463 2732 525 PRJEFATIO
3672 468 3779 532 416

496 567 863 629 Graecorum
904 565 1094 639 libro,
1127 566 1240 644 qui
1273 567 1615 648 Apostolus
1652 570 1846 648 vulgo
1881 570 2145 646 dicitur,
2177 574 2463 654 quisque
2504 574 2697 638 facile
2744 576 2982 639 rescire
3012 578 3241 655 possit,
3273 579 3433 656 quid
3467 594 3500 640 a
3539 582 3781 643 Grmcis

497 685 575 730 ex
609 669 872 730 Actibus
895 669 1265 745 apostolicis
1300 671 1539 749 perlegi
1577 671 1644 733 in
1675 688 1852 735 sacra
1876 672 2138 754 liturgia
2174 675 2403 746 soleat,
2438 693 2509 739 ac
2533 694 2665 756 quo
2689 679 2895 756 capite
2926 694 3133 756 quove
3164 678 3392 756 capitis
3425 697 3613 742 versu
3643 682 3785 741 sin-

494 772 666 853 gulae
701 771 827 834 illae
862 768 1170 837 lectiones
1202 780 1311 837 aut
1339 773 1648 852 incipiant
1676 784 1788 840 aut
1818 776 2137 841 desinant.
2173 779 2296 841 Sed
2332 779 2435 841 hic
2452 787 2797 858 antequam
2836 781 3001 843 ultra
3031 784 3447 860 progredior,
3476 784 3781 845 animad-

497 881 748 935 vertere
796 881 1051 953 praastat
1092 891 1233 953 pag.
1283 875 1403 937 21.6
1435 877 1739 939 mendum
1773 876 2118 957 irrepsisse
2176 879 2243 942 in
2276 880 2674 959 designanda
2729 881 3088 955 Dominica,
3119 884 3196 945 ad
3250 898 3444 960 quam
3494 884 3784 959 pertinet

504 969 715 1042 lectio,
750 987 894 1048 qum
920 970 1005 1032 ibi
1045 972 1387 1051 sequitur:
1426 990 1573 1036 nam
1614 992 1729 1054 pro
1770 975 2105 1039 Dominica
2144 977 2418 1039 secunda
2444 988 2590 1057 post
2625 980 2894 1053 Pascha,
2933 980 3277 1059 legendum
3302 988 3423 1054 est,
3448 965 3788 1042 ﬂaminica

498 1066 770 1129 secunda
799 1068 1055 1132 Pascha:
1084 1071 1196 1154 (α).
1230 1072 1576 1149 Caeterum,
1606 1075 1839 1152 posito,
1882 1082 1952 1138 ut
1985 1075 2298 1150 diximus,
2341 1076 2686 1156 Scripturm
2720 1088 2936 1151 textu,
2968 1081 3268 1158 sequitur
3304 1079 3370 1141 iu
3395 1079 3618 1143 codice
3655 1095 3787 1139 no—

500 1182 631 1231 stro
662 1173 1201 1250 Commentaries,
1230 1175 1424 1256 isque
1458 1179 1554 1241 vel
1596 1183 1866 1242 omnino
1895 1179 2104 1256 solus,
2136 1180 2257 1243 hoc
2278 1189 2399 1253 est,
2466 1198 2734 1260 prorsus
2779 1184 3047 1245 omissis
3087 1191 3305 1247 textus
3361 1183 3611 1254 verbis,
3679 1181 3790 1242 vel

502 1266 583 1328 iis
616 1273 1058 1335 tantummodo
1082 1276 1519 1355 .compellatis,
1551 1297 1697 1359 qum
1725 1280 2224 1358 respondentem
2266 1279 2567 1343 inchoent
2615 1298 2894 1344 versum.
2935 1280 3072 1344 Hoc
3116 1298 3263 1343 cum
3295 1280 3789 1342 incommodum

503 1365 727 1429 lectori
757 1368 1051 1433 futurum
1091 1376 1699 1455 animadverteram,
1722 1381 1898 1460 quod
1927 1378 2079 1441 hinc
2102 1380 2560 1444 Comm-antarii
2590 1398 2829 1444 sensus
2866 1383 3210 1445 obscurior
3248 1381 3575 1444 interdum
3619 1381 3781 1442 red—

502 1473 785 1547 deretur,
822 1492 942 1555 ego
968 1478 1068 1540 sin
1097 1496 1387 1558 semper,
1424 1481 1800 1562 frequenter
1827 1491 2063 1555 tamen,
2097 1482 2334 1546 intacto
2404 1485 2667 1563 quidem
2718 1486 2936 1548 Gnaeo
2980 1493 3183 1557 textu,
3217 1487 3280 1548 in
3319 1486 3615 1547 versione
3666 1486 3788 1546 La-

505 1571 638 1633 tina
669 1575 994 1651 paucailla
1018 1577 1369 1657 Scriptura!
1397 1580 1588 1643 verba
1634 1580 1887 1654 addidi,
1930 1596 2083 1660 qum
2138 1583 2213 1642 ad
2241 1580 2596 1645 faciliorem
2636 1583 3092 1647 Commentarii
3128 1583 3620 1660 intelligentiam
3659 1601 3780 1642 ne-

505 1678 784 1740 cessaria
814 1678 1220 1744 videbantur.
1258 1684 1738 1762 Nonnunquam
1779 1681 1973 1745 etiam
2005 1699 2198 1745 unam
2226 1683 2323 1745 vel
2358 1684 2623 1746 alteram
2660 1685 3062 1764 particulam,
3100 1685 3201 1748 vel
3241 1686 3554 1761 voculam,
3582 1701 3787 1763 quam

512 1788 724 1844 textus
755 1783 1013 1845 Grmcus
1054 1800 1179 1847 non
1228 1785 1510 1856 haberet,
1563 1786 1841 1861 inserui,
1895 1802 2031 1867 quo
2070 1787 2468 1849 commodior
2504 1789 2584 1849 de
2630 1805 2759 1850 una
2794 1789 2870 1850 ad
2897 1788 3160 1851 alteram
3207 1786 3789 1850 cemmentationis

510 1893 752 1965 partem
791 1888 1094 1950 transitus
1125 1889 1322 1951 fieret.
1360 1892 1433 1952 Et
1475 1890 1611 1953 haec
1640 1891 1906 1971 quidem
1935 1890 2017 1952 de
2052 1889 2248 1953 hocce
2322 1893 2828 1961 Commentario,
2892 1910 3169 1972 meoque
3208 1893 3275 1952 in
3322 1891 3510 1951 illum
3535 1889 3788 1950 labore.

588 1991 760 2054 Vili.
798 1994 1123 2072 Perpauca
1152 1988 1326 2057 nunc
1376 1997 1454 2058 de
1507 1992 1819 2059 Vaticano
1842 1995 2093 2066 codice,
2116 1995 2196 2063 in
2233 2011 2365 2074 quo
2432 1995 2541 2056 ille
2586 1996 2980 2068 continetur,
3008 1994 3281 2058 dicenda
3335 1998 3615 2053 manent.
3666 1988 3799 2048 Co-

510 2091 635 2152 dex
669 2090 806 2168 ille,
862 2101 932 2157 ut
959 2095 1154 2173 tipse,
1197 2097 1309 2177 qui
1340 2097 1888 2160 Commentarium
1938 2095 2305 2174 descripsit,
2343 2097 2682 2159 certiorem
2714 2114 2818 2158 me
2845 2096 3019 2170 fecit,
3053 2097 3225 2157 inter
3284 2093 3624 2154 Vaticanos
3689 2093 3799 2147 est

509 2194 738 2259 ordine
776 2200 1294 2263 sexcentesimus
1326 2201 1917 2281 quinquagesimus
1953 2201 2312 2271 secundus,
2350 2199 2418 2262 in
2441 2200 2600 2264 folio
2631 2203 2908 2277 nituere,
2954 2199 3317 2263 initialibus
3354 2195 3585 2257 litteris
3617 2189 3800 2270 epti-

510 2313 615 2361 me
652 2297 940 2377 ﬁguratis
976 2304 1038 2358 et
1080 2298 1268 2375 pictis
1301 2305 1591 2361 ornatus.
1640 2302 1799 2361 Nota
1856 2299 2188 2376 temporis,
2220 2317 2352 2379 quo
2390 2301 2671 2379 scriptus
2693 2297 2839 2373 fuit,
2865 2313 3081 2371 caret;
3114 2299 3224 2361 sed
3256 2298 3511 2361 decimo
3554 2298 3797 2372 quarto

509 2398 766 2461 circiter
827 2397 1066 2461 saeculo
1103 2406 1528 2462 exoratus-ex
1589 2399 1973 2462 characteris
2028 2397 2279 2461 ratione
2327 2399 2696 2478 conjicitur.
2746 2403 2982 2461 Praeter
3035 2397 3198 2470 alia,‘
3221 2396 3510 2461 continet
3576 2391 3801 2471 primo

511 2501 1083 2575 Commentarium,
1128 2518 1323 2582 quem
1349 2501 1635 2574 edimus,
1658 2502 1726 2564 in
1767 2504 1914 2565 Acta
1940 2502 2383 2582 apostolorum
2418 2525 2434 2564 :
2469 2504 2576 2566 cui
2606 2503 3022 2583 prmmittitur.
3045 2501 3248 2563 Index
3283 2499 3562 2577 capitum
3596 2496 3798 2557 istius

515 2601 686 2679 libri,
711 2604 987 2684 ejusque
1021 2606 1516 2683 Argumentum,
1548 2605 1917 2684 cujusmodi
1970 2614 2242 2681 exstant,
2300 2607 2413 2669 ille
2446 2606 2714 2685 quidem
2764 2613 2912 2667 ante
2984 2602 3411 2672 Sii‘aniannm,
3475 2598 3596 2659 hoc
3642 2605 3799 2660 ante

512 2703 1075 2767 Olkumenianum
1112 2704 1684 2769 Commentariun].
1743 2704 2022 2767 Exhibet
2054 2713 2358 2784 praeterea
2389 2706 2944 2783 Peregrinationes
2979 2702 3191 2774 Pauli,
3234 2706 3425 2778 prout
3457 2699 3519 2759 in
3552 2697 3801 2759 Miltia-

512 2818 594 2867 na
622 2802 780 2867 Novi
832 2804 1222 2866 Testamenti
1257 2804 1571 2877 editione,
1609 2806 1867 2881 etapud
1901 2807 2381 2868 OEcumenium
2427 2805 2784 2876 habentur;
2848 2802 2971 2865 hoc
3017 2809 3112 2864 est
3148 2801 3339 2879 paulo
3368 2799 3556 2861 aliter
3607 2813 3682 2857 ac
3724 2795 3796 2857 in

513 2904 709 2969 Silani
751 2904 1040 2969 editione
1080 2904 1408 2984 leguntur,
1452 2913 1515 2970 et
1560 2923 1597 2968 a
1636 2907 1822 2970 nobis
1869 2906 1971 2968 hic
2013 2915 2155 2983 post
2209 2907 2415 2985 ipsius
2457 2905 2652 2968 Sifani
2711 2904 3032 2983 Epistolas
3088 2911 3149 2964 et
3196 2900 3589 2981 bypothesiu
3639 2896 3797 2959 libri

516 3000 794 3065 Actuum
820 3002 1242 3082 proferuntur
1270 3002 1377 3084 (ὁ).

1918 3148 2207 3216 SECTIO
2239 3150 2353 3215 ΙΙΙ.

1428 3296 1515 3360 Dc
1545 3296 2006 3361 Commentario
2039 3300 2108 3361 in
2143 3298 2468 3378 Epistolas
2495 3296 2878 3363 Catholicae.

598 3441 714 3511 IX.
750 3446 872 3510 Diu
906 3444 1314 3527 multumque
1344 3446 1423 3511 ab
1469 3449 1664 3530 hujus
1710 3446 2018 3510 editionis
2054 3447 2458 3510 curatoribus
2507 3446 2860 3509 laboratum
2911 3453 3038 3519 est,
3072 3443 3455 3522 priusquam
3486 3438 3565 3499 de
3596 3434 3806 3496 ltOcre

517 3550 994 3622 Commentario
1025 3536 1376 3612 omittendo
1411 3551 1477 3614 in
1519 3552 1724 3615 lucem
1771 3552 2221 3628 decernerent,
2274 3561 2386 3616 aut
2417 3553 2765 3615 decernere
2798 3570 2867 3613 se
2904 3551 3054 3630 jure
3089 3565 3276 3628 posse
3301 3546 3799 3609 arbitrarentur.

523 3650 799 3714 Polliciti
858 3652 1123 3733 quidem
1172 3653 1270 3715 illi
1334 3662 1540 3732 erant,
1584 3673 1729 3718 sese
1776 3656 1943 3718 inter
1973 3664 2201 3718 caztera
2260 3655 2453 3719 etiam
2504 3656 2822 3719 ineditum
2875 3652 3414 3733 Theophylacliin
3462 3646 3805 3731 Epistolas

521 3756 880 3820 Catholicas
914 3759 1457 3823 Commea'tarium
1516 3777 1662 3824 esse
1706 3762 1970 3824 daturos
2017 3783 2032 3823 :
2088 3762 2290 3842 idque
2323 3760 2476 3841 jure
2505 3761 2752 3840 Optimo
2786 3759 3085 3840 polliceri
3134 3765 3446 3837 poterant,
3482 3773 3626 3817 cum
3654 3753 3798 3832 jam

523 3860 928 3938 possiderent
963 3864 1252 3930 Grmcum
1286 3863 1828 3926 Commentarium
1863 3880 1941 3926 ex
1975 3863 2195 3928 codice
2238 3863 2679 3927 celeberrima;
2706 3859 3112 3924 bibliothecae
3145 3854 3813 3922 CtesareoJ’indobo—

521 3960 750 4023 nensis
786 3961 1205 4042 descriptum,
1237 3980 1431 4043 quem
1469 3963 1565 4027 Cl.
1600 3963 1979 4028 Lambecius
2009 3963 2076 4025 in
2112 3962 2602 4027 Commentariis
2625 3947 2920 4041 ejusdem
2953 3960 3365 4022 bibliothecae
3393 3958 3470 4021 ad
3503 3955 3805 4019 codicem

520 4063 666 4136 220,
703 4064 1249 4140 quemadmodum
1302 4064 1494 4128 etiam
1529 4065 1863 4128 Nesselius
1900 4065 2193 4146 ejusdem
2245 4063 2651 4126 ab‘breviator
2702 4063 2790 4125 ita
2842 4060 3322 4141 Theophylacto
3362 4060 3684 4134 tribuunt,
3726 4070 3806 4121 ut

468 4208 475 4216 -
525 4165 774 4229 nullam
816 4166 896 4227 de
940 4162 1227 4246 genuino
1270 4169 1412 4247 ejus
1459 4175 1718 4231 auctore
1752 4162 2049 4248 ingeram
2077 4168 2545 4248 suspicionem,
2589 4164 2962 4246 nullamque
3005 4165 3274 4227 cuilibet
3301 4163 3639 4228 dubitandi
3675 4183 3804 4227 an-

524 4283 662 4329 sam
694 4268 1133 4347 suppeditent.
1171 4270 1438 4340 Verum,
1474 4286 1620 4331 cum
1648 4268 1807 4331 illud
1833 4270 2274 4348 apographum
2305 4268 2646 4332 Latinitate
2675 4267 3044 4330 donandum
3070 4265 3225 4328 mihi
3255 4264 3562 4327 traditum
3596 4274 3803 4339 esset,

531 4370 832 4432 versione
872 4370 976 4431 vix
1007 4369 1324 4443 inchoata,
1357 4370 1438 4432 de
1473 4370 1675 4449 ipsius
1694 4377 1955 4431 auctore
1993 4370 2160 4433 haud
2189 4368 2427 4449 exigua
2464 4367 2620 4430 mihi
2659 4375 2755 4429 est
2784 4367 3008 4429 oborta
3030 4366 3321 4446 suspicio
3356 4387 3371 4428 :
3414 4373 3804 4446 tantumque

522 4490 604 4537 ea
641 4488 983 4554 pregressu
1039 4472 1365 4535 versionis
1395 4470 1703 4547 excrevit,
1740 4481 1809 4534 ut
1850 4473 2071 4552 paucis
2108 4472 2287 4535 foliis
2319 4473 2541 4536 Latine
2571 4468 2862 4544 redditis,
2896 4469 2963 4532 i‘n
2999 4486 3137 4531 eam
3170 4470 3558 4532 sententiam
3593 4474 3801 4534 deve-

528 4574 763 4650 nerim,
820 4558 1362 4638 Commentarium
1415 4573 1595 4636 illum
1656 4575 1760 4636 vix
1798 4593 1868 4636 ac
1920 4592 2000 4636 ne
2048 4575 2156 4636 vix
2210 4573 2479 4654 quidem
2520 4589 2667 4634 esse
2711 4570 3195 4650 Theophylacto
3246 4571 3801 4650 adjudicandum;

532 4683 695 4740 adeo
725 4674 805 4738 ab
846 4674 992 4755 ejus
1024 4674 1217 4754 genio
1248 4681 1440 4753 atque
1475 4692 1508 4737 a
1544 4693 1686 4737 vera
1725 4682 2166 4753 consuetaque
2214 4670 2689 4743 commentandi
2729 4672 2978 4734 ratione
3015 4670 3179 4732 mihi
3212 4671 3393 4733 visus
3429 4678 3525 4734 est
3568 4673 3810 4736 abhor-

532 4794 700 4841 rere.
736 4776 1192 4838 Verumtamen
1223 4793 1302 4837 ne
1347 4775 1606 4854 penitus
1639 4774 1933 4854 Opinioni
1971 4773 2123 4836 huic
2151 4772 2569 4846 adhaarerem,
2600 4774 2668 4834 in
2700 4787 2890 4834 causa
2923 4779 3061 4834 erat
3091 4772 3427 4857 inaudis‘se
3464 4790 3587 4848 me,
3620 4777 3811 4836 cndi-

534 4894 697 4948 cem,
752 4891 832 4937 ex
885 4891 1015 4955 quo
1070 4875 1525 4956 depromptum
1580 4873 1788 4936 fuerat
1840 4872 2303 4953 apographum,
2348 4879 2666 4934 vetustate
2699 4887 2962 4951 usuque
2997 4872 3160 4934 adeo
3189 4872 3479 4935 attritum
3526 4890 3699 4949 esse,
3731 4894 3810 4938 ac

536 4977 899 5061 perdifﬁcili
949 4979 1140 5042 etiam
1200 4977 1560 5041 charactere
1591 4987 1946 5052 exaratum,
1996 4985 2065 5039 ut
2111 4993 2146 5039 a
2198 4972 2596 5056 peritissimo
2628 4992 2893 5056 quoque
2947 4974 3053 5037 vix
3085 4974 3230 5055 legi.
3265 4975 3516 5057 integre
3555 4986 3808 5054 posset.

537 5078 967 5155 Quamobrem
987 5078 1307 5158 quidquid
1337 5079 1401 5140 in
1433 5094 1512 5140 eo
1536 5077 1874 5139 dissonum
1911 5074 2259 5155 minusque
2289 5083 2794 5139 consentaneum
2826 5084 3213 5151 occurreret,
3238 5075 3303 5139 id
3336 5077 3401 5138 in
3437 5092 3805 5139 amanuen—

537 5181 628 5244 sis
659 5177 1050 5255 imperitiam
1082 5177 1179 5240 vel
1210 5178 1650 5241 inﬁdelitatem
1691 5175 1949 5239 refundi
1980 5192 2171 5255 posse
2199 5174 2574 5239 arbitrabar.
2608 5174 2685 5235 Ut
2724 5173 2900 5237 hunc
2931 5174 3091 5236 mihi
3132 5174 3517 5255 scrupulum
3548 5176 3806 5237 exime-

540 5297 706 5355 rem,
736 5278 814 5341 ab
843 5279 954 5353 iis,
982 5296 1257 5359 quorum
1286 5279 1619 5352 intererat,
1650 5278 2007 5355 impetravi,
2046 5285 2114 5340 ut
2132 5277 2357 5340 saltem
2387 5294 2582 5356 pauca
2610 5274 2763 5337 folia
2795 5276 2873 5338 ab
2889 5276 3111 5356 aliquo
3137 5277 3528 5355 peritissimo
3548 5277 3687 5338 viro
3721 5295 3802 5337 ex

542 5378 769 5465 eodem
799 5379 1019 5442 codice
1050 5377 1272 5441 delum
1291 5378 1716 5441 exscribenda
1744 5386 2072 5442 curarent.
2107 5379 2298 5452 Quod
2351 5394 2464 5456 pro
2501 5377 2747 5441 eximio
2792 5394 2914 5440 suo
2945 5378 3008 5439 in
3057 5392 3270 5441 sacras
3302 5378 3545 5440 litteras
3579 5376 3806 5438 studio

540 5492 838 5559 praestare
872 5482 1078 5547 voluit
1108 5482 1208 5545 vir
1239 5481 1637 5545 clarissimus
1669 5490 1731 5543 et
1765 5480 2135 5559 linguarum
2181 5478 2593 5544 orientalium
2623 5472 3058 5556 peritissimus
3099 5480 3383 5542 Adamus
3413 5477 3805 5541 Franciscus

614 5668 691 5740 (α)
724 5669 800 5724 Ea
833 5671 1043 5725 scilicet
1094 5685 1216 5738 qua:
1262 5685 1293 5724 a
1350 5668 1533 5740 nobis,
1569 5668 1844 5740 ﬂaminica
1869 5668 1928 5740 in
1965 5669 2109 5723 Albis
2219 5668 2557 5740 hebdomade
2592 5665 2842 5740 Pascha”
2879 5669 3169 5740 mediante,
3214 5667 3559 5740 respondeat.

537 5732 866 5811 appellatur,
904 5740 1079 5795 Graeci
1102 5732 1222 5795 eam
1258 5746 1453 5811 vocant
1496 5738 1779 5811 Κυριαῃὴν
1799 5738 1894 5790 τοῦ
1931 5741 2109 5811 ἰλ-(τι-

2292 5742 2367 5811 (b)
2398 5732 2534 5794 Vide
2569 5739 2898 5796 inl‘rnnum.
2943 5733 3102 5811 XLV,
3125 5740 3240 5811 ubi.
3275 5739 3343 5793 dc
3390 5737 3800 5811 gillitlliclllﬂﬁo

544 5803 748 5877 ﬁliola,
784 5803 1111 5864 Domiuicnm
1151 5803 1636 5878 Antipasrlucsseu
1676 5803 2110 5877 Contrapascha;
2196 5811 2274 5878 lin
2298 5803 2453 5864 'A'cta
2512 5814 2887 5875 apostolorum
2925 5825 2989 5864 cx
3022 5809 3356 5864 bibiimlicca
3395 5803 3803 5863 Medicae-Flo-

542 5882 714 5948 q'wd,
776 5889 834 5933 ut
887 5890 1038 5949 puto,
1102 5892 1292 5934 sancto
1349 5880 1452 5932 dici
1510 5877 1729 5933 Pascha:
1785 5897 1815 5935 e
1864 5881 2105 5945 regione,
2219 5887 2427 5935 l‘t‘ﬂlllla
2460 5893 2639 5937 erute.
