4044 6422
305 311 405 375 417
1148 312 1232 376 ΙΝ
1264 308 1699 387 SEQUENTIA
1727 311 2313 376 THEOPIIYLACTI
2354 316 2699 379 SCRIPTA.
3467 322 3573 385 418

306 450 385 513 de
416 450 664 524 Kollar,
713 447 987 512 laudatze
1035 449 1438 513 bibliothecae
1465 457 1682 511 custos
1716 451 2192 514 meritissimus.
2232 452 2406 513 Idem
2456 468 2606 514 vero
2649 452 2711 516 ei
2745 452 3164 528 describenti,
3206 455 3380 535 quod
3414 455 3571 517 mihi

305 548 789 629 interpretanti,
826 548 1370 612 inciditdubium.
1404 550 1525 612 Sed
1568 547 1704 623 ille,
1751 550 1925 628 quod
1964 550 2123 612 mihi
2159 567 2570 629 summoiiere
2613 551 2901 630 cupienti
2927 550 3135 614 facere
3159 569 3288 615 non
3322 552 3576 629 licebat,

307 648 718 711 exsecutioni
767 650 1116 711 mandavit.
1178 648 1526 712 Consuluit
1579 647 1830 711 scilicet
1881 650 2170 711 codicem
2217 651 2360 723 2°22,
2425 649 2492 712 in
2536 668 2665 729 quo
2710 653 2946 729 pariter
2996 653 3461 733 Theophylacti
3501 652 3568 714 in

307 749 640 829 Epistolas
691 748 1052 812 Catholicas
1105 749 1651 811 Commentarium
1698 748 2017 816 contineri
2084 751 2461 813 Lambecius
2506 759 2568 814 et
2600 753 2935 814 Nesselius
2973 751 3305 825 afﬁrmant,
3358 762 3424 814 ut
3464 753 3577 816 hac

307 855 665 932 utriusque
697 853 945 917 codicis
991 852 1408 917 contentione
1442 854 1795 933 detegeret,
1827 870 1907 917 an
1940 854 2110 917 idem
2143 854 2243 918 vel
2277 854 2579 919 diversus
2628 855 2697 919 in
2758 865 3032 936 utroque
3063 856 3577 921 Commentarius

309 965 503 1017 esset.
534 957 808 1035 Reperi-t
843 964 1056 1017 autem
1094 972 1220 1019 non
1252 956 1395 1017 sine
1427 953 1856 1018 admiratione
1898 956 2269 1031 diversum;
2301 964 2363 1019 et
2398 966 2703 1035 praeterea
2737 959 2952 1035 talem,
3001 960 3112 1038 qui
3151 967 3327 1021 tanto
3371 959 3576 1037 magis

308 1053 777 1132 TheOphylacli
815 1052 1106 1132 genium,
1156 1052 1468 1124 indolem,
1518 1052 1843 1126 ordinem,
1891 1052 2157 1134 stylum,
2190 1070 2311 1116 suo
2333 1054 2611 1135 judicio,
2649 1074 2774 1134 prae
2797 1075 2866 1118 se
2892 1056 3110 1131 ferret,
3145 1069 3385 1137 quanto
3415 1057 3578 1120 alter

212 1190 227 1215 ι
308 1155 521 1217 abhis
564 1151 875 1213 enm-ibus
910 1150 1244 1212 videbatur
1275 1151 1401 1212 sibi
1457 1151 1662 1229 magis
1712 1151 1990 1215 alienus.
2033 1155 2256 1232 Neque
2312 1172 2462 1217 vero
2507 1154 2611 1216 hic
2655 1155 2940 1217 substitit
2986 1157 3086 1217 vir
3132 1156 3374 1237 publici
3416 1157 3573 1223 boui

308 1255 840 1318 ainantisshuus;
871 1253 982 1313 sed
1031 1251 1146 1313 tria
1179 1254 1558 1333 posterioris
1593 1252 1789 1334 hujus
1827 1255 2281 1318 Commentarii
2319 1254 2496 1329 folia,
2543 1273 2688 1336 quae
2740 1256 3119 1335 Speciminis
3153 1258 3295 1320 loco
3327 1272 3572 1331 essent,

311 1355 728 1422 «scribendi
768 1353 1046 1415 laborem
1070 1353 1242 1415 ultro
1273 1354 1597 1432 suscepit;
1629 1354 2004 1437 eisdemque
2033 1354 2212 1419 foliis
2235 1371 2379 1417 cum
2410 1354 2559 1421 aliis
2590 1356 2845 1417 duobus
2881 1374 2957 1417 ex
2994 1358 3203 1436 priore
3230 1359 3575 1420 Commen-

306 1461 472 1522 tario
499 1458 583 1520 ad
621 1454 903 1517 editores
951 1453 1367 1526 transmissis,
1404 1453 1484 1515 de
1528 1471 1644 1517 sua
1674 1455 2080 1519 dubitatione
2112 1456 2421 1519 certiores
2464 1472 2576 1517 eos
2614 1456 2791 1529 fecit,
2842 1471 3235 1536 cperamque
3276 1474 3458 1518 suam
3502 1456 3568 1518 in

302 1581 449 1627 rem
484 1561 815 1641 publicam
850 1560 1319 1626 humanissime
1350 1560 1608 1627 obtulit.
1643 1561 1770 1635 illi,
1807 1578 1876 1623 re
1916 1559 2267 1639 diligenter
2308 1575 2644 1638 perpensa,
2697 1559 2980 1639 priorem
3026 1561 3571 1624 Commentarium

306 1665 390 1726 ab
417 1663 541 1727 hac
574 1662 864 1725 editione
910 1659 1340 1742 rejiciendum
1387 1678 1558 1735 esse,
1639 1658 1974 1723 confestim
2009 1660 2439 1721 decreverunt
2473 1676 2489 1715 :
2526 1656 2875 1736 prmsertim
2912 1674 3056 1721 cum
3096 1658 3341 1720 interea
3397 1658 3578 1720 dele-

302 1778 488 1827 ctum
512 1782 549 1827 δ
583 1782 684 1826 me
710 1770 905 1835 esset,
931 1780 1079 1824 eum
1112 1761 1471 1824 nihilaliud
1504 1778 1676 1833 esse,
1714 1778 1908 1841 quam
1939 1777 2179 1823 meram
2205 1760 2572 1825 Graacorum
2605 1759 3031 1837 quorumdam
3066 1761 3318 1821 Patrum
3352 1759 3417 1820 in
3466 1779 3573 1822 eas

320 1865 646 1943 Epistolas
684 1864 1001 1937 Catenam,
1043 1864 1227 1942 plane
1258 1861 1536 1924 similem
1568 1858 1661 1922 illi
1698 1877 1842 1941 qum
1887 1869 2089 1921 exstat
2139 1859 2377 1922 Oxonii
2424 1858 2491 1920 in
2528 1859 2919 1923 bibliotheca
2955 1860 3227 1939 Collegii
3260 1860 3417 1921 Novi
3461 1878 3573 1921 co-

314 1968 460 2030 dice
488 1966 597 2041 58,
636 1984 712 2027 ex
766 1982 890 2046 qua
944 1963 1257 2026 nonnulla
1314 1962 1545 2042 selegit
1582 1969 1643 2025 et
1676 1959 1943 2041 protulit
1987 1959 2393 2025 Christianus
2425 1960 2706 2025 Wolﬁus
2745 1971 2895 2023 tom.
2964 1960 3053 2022 lll
3109 1959 3578 2025 Anecdotorum

308 2071 685 2132 Grut-orum
723 2085 757 2131 a
792 2085 933 2149 pag.
967 2068 1069 2131 9'2.
1112 2073 1173 2130 et
1208 2074 1363 2129 tom.
1390 2066 1499 2140 IV,
1527 2081 1559 2125 a
1597 2081 1737 2145 pag.
1775 2070 1832 2125 t.
1878 2065 2063 2130 Facta
2098 2080 2373 2143 namque
2401 2061 2774 2138 collatione,
2806 2080 2876 2124 ea
2909 2063 3126 2125 omnia
3168 2064 3234 2127 in
3275 2063 3578 2142 praedicto

313 2170 693 2251 apographo
726 2168 1115 2233 verbotenus
1166 2175 1418 2230 exstare
1458 2183 1919 2244 compereram,
1955 2182 2034 2228 eo
2065 2164 2206 2227 solo
2231 2164 2637 2243 discrimine,
2669 2166 2840 2246 quod
2870 2165 2932 2227 in
2963 2164 3322 2231 Oxoniensi
3354 2165 3577 2228 codice

317 2271 589 2335 nomina
650 2270 932 2341 Patrum,
982 2280 1260 2346 quorum
1324 2266 1514 2326 verba
1566 2263 1963 2337 referuntur,
2015 2271 2306 2325 accurate
2344 2270 2562 2325 essent
2597 2267 2938 2340 adnotata;
2987 2265 3048 2327 in
3081 2263 3574 2328 Vindobonensi

314 2389 498 2447 vero,
551 2386 683 2433 uno
726 2376 992 2441 tantum,
1036 2364 1134 2429 vel
1171 2365 1372 2428 altero
1402 2370 1695 2444 excepto,
1741 2364 1870 2430 sint
1909 2364 2172 2443 penitus
2221 2364 2648 2443 prmtermissa
2681 2380 2694 2426 :
2727 2381 2873 2444 qute
2911 2383 3013 2426 res
3043 2364 3579 2445 interpretantem

321 2492 422 2537 me
444 2471 631 2535 valde
663 2469 1031 2548 torquebat;
1056 2465 1206 2547 quia
1226 2464 1499 2528 sublatis
1522 2464 1899 2527 nominibus
1922 2465 2078 2536 illis,
2111 2482 2325 2546 neque
2353 2466 2486 2528 ullo
2508 2466 2678 2531 inter
2707 2485 2779 2529 ra
2812 2483 2960 2546 qum
2989 2467 3364 2530 dicerentur
3391 2484 3561 2529 nexu

310 2578 693 2652 appar-eme,
728 2586 856 2631 non
888 2565 1403 2631 Commentarius
1434 2563 1693 2646 aliquis,
1720 2565 1833 2626 sed
1862 2582 2073 2641 εοορεθ
2095 2562 2381 2638 dissutis,
2416 2574 2476 2628 et
2513 2582 2705 2630 arena
2729 2566 3090 2640 sinecalce,
3118 2573 3188 2628 ut
3231 2567 3360 2629 dici
3387 2564 3576 2639 solet,

318 2675 725 2739 viderentur.
762 2670 1030 2743 Verum,
1064 2667 1120 2729 si
1174 2667 1258 2728 ita
1304 2675 1423 2738 est,
1458 2664 1743 2745 inquies,
1777 2668 2106 2743 quomodo
2140 2667 2218 2729 cl.
2245 2665 2627 2732 Lambecius
2669 2664 3216 2735 commentarium
3252 2666 3579 2747 ejusmodi

317 2768 810 2852 Theophylacto
840 2766 1284 2830 indubitanter
1318 2758 1655 2842 ascripsit?
1709 2764 1942 2827 Eadem
1990 2782 2222 2843 nempe
2277 2767 2548 2841 ratione,
2587 2764 2971 2843 respondeo,
3022 2782 3148 2847 qua
3198 2774 3259 2828 et
3301 2767 3465 2828 duos
3509 2768 3579 2835 in

312 2875 586 2939 easdem
623 2867 941 2950 Epistolas
972 2865 1508 2938 Commentarios,
1556 2862 1806 2925 tametsi
1850 2863 2170 2938 diversos,
2204 2864 2320 2927 uni
2351 2864 2696 2945 eidemque
2734 2864 2961 2929 tribuit
3009 2865 3277 2929 auctori.
3322 2865 3583 2934 Scilicet

314 2992 437 3040 eos
475 2966 989 3035 Commentarios
1027 2967 1169 3046 ipse
1200 2983 1329 3033 non
1363 2969 1541 3049 legit,
1577 2986 1790 3050 neque
1819 2969 1898 3032 de
1932 2986 2158 3037 eorum
2186 2970 2549 3032 statuendis
2597 2970 2969 3034 auctoribus
3002 2969 3430 3045 adlaboravit;
3463 2972 3578 3034 sed

316 3079 491 3142 notis
515 3074 584 3136 in
617 3072 827 3146 fronte
856 3068 1148 3134 codicum
1174 3071 1466 3149 repertis,
1488 3071 1674 3135 ﬁdem
1705 3070 1847 3133 sine
1869 3071 2007 3134 ullo
2035 3068 2332 3132 examine
2363 3068 2677 3148 praestitit.
2714 3069 2872 3131 Cum
2898 3067 3102 3147 igitur
3126 3066 3224 3129 illi
3247 3069 3584 3131 Commen~

319 3182 484 3243 tario
542 3193 737 3243 manu
784 3172 1233 3254 Tegnagnelii,
1283 3173 1385 3234 sui
1436 3173 1503 3234 in
1565 3171 1857 3234 custodia
1895 3169 2198 3231 Caesarem
2232 3167 2639 3235 bibliothecas
2670 3168 3103 3245 praecessoris,
3159 3176 3579 3247 pramotatum

315 3277 592 3357 legisset
627 3290 645 3329 :
680 3269 1180 3335 Commentarius
1213 3268 1691 3350 Theophylacti,
1734 3275 1800 3328 ut
1845 3276 1908 3330 et
1939 3267 2078 3346 ipse
2107 3283 2254 3329 cum
2302 3282 2378 3329 ea
2414 3267 2479 3328 in
2513 3266 2672 3328 urbe
2714 3276 3027 3341 versarer,
3056 3267 3215 3341 vidi,
3270 3266 3390 3329 hoc
3426 3268 3582 3330 satis

316 3397 467 3443 esse
496 3375 717 3450 duit,
751 3380 819 3436 ut
847 3387 998 3434 eum
1044 3370 1215 3433 inter
1262 3367 1728 3448 TheOphylacti
1777 3367 1989 3446 Opera
2038 3374 2472 3445 percenseret.
2515 3368 2594 3428 Et
2637 3374 2845 3429 tamen
2880 3366 3132 3447 liquido
3161 3375 3429 3438 constat,
3461 3369 3586 3429 'l‘e-.

310 3476 746 3565 gnagnelium
780 3488 909 3539 non
945 3470 1069 3534 alia
1115 3469 1392 3542 ratione,
1433 3485 1507 3532 ea
1537 3485 1692 3533 sane
1720 3466 2183 3542 inﬁrmissima,
2236 3467 2787 3537 Commentarium
2822 3466 3203 3552 hujusmodi
3235 3467 3582 3545 TlieOphy.

311 3585 487 3647 iacto
519 3576 955 3658 adjudicasse,
992 3588 1186 3651 quam
1228 3572 1401 3651 quod
1453 3570 1677 3633 eodem
1702 3571 1771 3633 in
1802 3570 2024 3634 codice
2054 3570 2246 3633 certis
2306 3570 2694 3648 quibusdam
2739 3566 3204 3653 TheOphylacti
3246 3570 3586 3637 Comment»

320 3687 506 3752 tariis
538 3688 713 3747 esset
746 3680 1124 3759 adjunctus,
1151 3678 1510 3756 eademque
1548 3690 1742 3739 manu
1771 3686 2073 3740 exaratos
2103 3675 2459 3737 videretur.

398 3793 489 3855 Χ.
528 3784 841 3849 Prendicto
871 3782 1093 3861 itaque
1121 3780 1598 3843 Commentario
1623 3796 1655 3839 a
1687 3777 2015 3863 germanis
2045 3775 2511 3857 TheOphylacti
2535 3775 2857 3851 Oper-ibus
2888 3773 3155 3836 omnino
3185 3772 3441 3851 rejecto,
3473 3786 3585 3833 cus

329 3901 571 3956 ratores
605 3887 803 3968 hujus
834 3883 1151 3949 editionis
1184 3891 1620 3963 Opportunum
1651 3898 1796 3943 esse
1830 3882 2183 3949 duxerunt,
2214 3879 2442 3948 alium,
2490 3878 2632 3957 qui,
2666 3874 2748 3939 cl.
2773 3873 3062 3943 Kollario
3082 3871 3332 3956 judice,
3374 3870 3584 3931 Theo-

336 3992 609 4074 phylacti
629 3988 900 4069 genium
920 4001 992 4046 ac
1012 3982 1252 4065 stylum
1286 4000 1414 4062 prae
1435 4000 1509 4044 se
1530 3982 1675 4055 fert,
1708 3983 1776 4042 in
1801 3980 1982 4045 illius
2013 3980 2226 4048 locum
2254 3981 2641 4055 subrogare;
2666 3975 2735 4039 in
2764 3990 3046 4051 eumque
3065 3975 3252 4040 autem
3272 3967 3426 4036 mihi
3464 3969 3584 4033 La-

325 4098 469 4159 tine
502 4090 902 4156 reddendum
940 4085 1286 4149 tradidere.
1322 4088 1687 4167 Antequam
1724 4102 1876 4150 vero
1923 4084 2063 4162 ipse
2108 4080 2484 4161 huiusmodi
2521 4079 2800 4142 versioni
2854 4092 3116 4141 manum
3147 4075 3581 4141 admoverent.

322 4210 529 4276 [rauca
554 4192 663 4254 illa
691 4190 874 4262 iouia,
926 4202 1074 4267 qua;
1115 4183 1495 4264 Specimiuis
1534 4184 1737 4264 gratia
1778 4183 1907 4246 huc
1936 4181 2318 4244 Vindobona
2371 4179 2744 4247 transmissa
2782 4178 2946 4255 dixi,
2991 4185 3140 4247 cum
3196 4171 3583 4276 OEcumenJ

318 4270 808 4360 Commentario
860 4285 1157 4350 conferre
1208 4284 1368 4349 mihi
1407 4282 1670 4364 placuit,
1736 4281 2115 4362 prmsertim,
2156 4297 2304 4347 cum
2357 4280 2638 4359 primum
2679 4278 3024 4356 perlegens
3072 4276 3328 4345 folium,
3365 4270 3584 4335 simile

318 4394 667 4476 quidpiam
684 4389 816 4470 jam
850 4388 916 4452 in
948 4385 1079 4448 alio
1107 4392 1397 4459 auctore,
1435 4383 1546 4463 qui
1585 4393 1719 4448 tum
1742 4382 1810 4447 in
1836 4388 2116 4445 mentem
2141 4397 2270 4443 non
2302 4379 2646 4453 incidebat,
2671 4378 2905 4476 legisse
2938 4377 3094 4447 mihi
3132 4377 3414 4476 viderer.
3438 4372 3586 4476 Col-

323 4472 472 4559 latis
508 4494 727 4572 itaque
764 4489 850 4551 iis
879 4485 1086 4560 foliis,
1112 4482 1401 4563 comperi
1430 4482 1705 4546 alterum
1739 4482 2285 4547 Commentarium
2325 4480 2408 4541 ita
2430 4497 2574 4543 cum
2608 4472 2811 4541 altero
2829 4478 3204 4551 convenire,
3242 4483 3310 4539 ut
3340 4473 3590 4535 Vindo-

318 4603 688 4665 bonensem
721 4599 784 4656 et
816 4586 1383 4656 OEcumenianum
1427 4601 1630 4651 unum
1679 4585 2118 4663 eumdemque
2157 4598 2305 4645 esse
2365 4581 2800 4659 perspicerem
2846 4599 2863 4638 :
2900 4596 3028 4642 non
3069 4578 3359 4658 quidem,
3401 4582 3583 4658 quod

324 4699 522 4781 plane
545 4706 604 4759 et
637 4693 1076 4774 undequaque
1109 4691 1577 4767 congruerent;
1602 4682 1715 4743 sed
1742 4680 1897 4760 quia
1916 4680 2394 4759 qualiscunque
2414 4679 2657 4742 inesset
2685 4677 3061 4750 diversitas,
3078 4693 3149 4739 ea
3171 4674 3356 4739 facile
3373 4688 3591 4757 posset

324 4804 394 4865 in
429 4800 734 4864 codicum
766 4794 1137 4857 varietatem
1179 4785 1461 4854 reiundi.
1497 4786 1635 4853 Hoc
1664 4801 1813 4848 cum
1854 4784 2203 4849 rescissem
2226 4781 2539 4847 editionis
2584 4790 2953 4854 curatores,
2982 4781 3198 4843 omnia
3237 4780 3444 4859 primo
3475 4797 3586 4848 co.-

325 4906 543 4971 nanda
574 4903 699 4966 sibi
731 4899 1230 4966 constituerunt,
1268 4901 1337 4957 ut
1366 4894 1758 4971 [germanum
1783 4887 2069 4968 aliquem
2102 4887 2267 4949 etab
2295 4886 2784 4953 OEcumeniano
2812 4884 3142 4949 diversum
3174 4884 3240 4947 in
3274 4882 3590 4961 Epistolas

326 4999 691 5075 Catholicas
720 4995 1265 5064 Commentarium
1307 4993 1689 5071 detegerem
1712 5005 1730 5063 ;
1788 4989 1890 5051 sin
1937 5004 2086 5051 vero
2125 4987 2191 5049 id
2239 4987 2464 5048 minus
2497 5002 2576 5047 ex
2622 4994 2771 5048 voto
2809 4986 3208 5057 succederet,
3252 4983 3593 5061 inquiren-

327 5116 519 5187 dum,
554 5124 713 5172 num
743 5104 901 5167 satis
936 5102 1146 5164 valida
1176 5105 1552 5178 argumenta
1603 5104 1832 5173 [ιι-ωειο
1869 5101 2114 5170 essent,
2161 5091 2402 5172 quibus
2437 5086 2968 5155 OEcumenianus
3005 5086 3147 5165 ipse
3182 5088 3590 5151 Commenta-

331 5216 475 5276 rius
527 5212 592 5272 in
625 5208 787 5271 hanc
832 5203 1186 5265 editionem
1218 5216 1407 5283 teque
1439 5198 1587 5277 jure
1620 5197 2071 5266 ascisceretur,
2104 5212 2176 5257 ac
2222 5188 2686 5271 TheOphylacti
2722 5189 2988 5250 nomine
3035 5186 3386 5264 inscriptus
3434 5187 3595 5246 eden

330 5324 515 5380 retur
544 5314 612 5376 in
642 5310 874 5375 lucem.
915 5308 1038 5385 Spe
1069 5303 1271 5382 prima
1313 5299 1506 5383 paulo
1542 5306 1683 5377 post
1722 5296 1958 5377 dejecti
1991 5314 2073 5362 ex
2121 5291 2748 5373 inexsyectatissima
2778 5299 2981 5353 morte
3011 5288 3245 5367 lgnatii
3279 5286 3440 5349 lnici
3472 5287 3595 5348 Cas

329 5399 622 5503 ,accioli,
649 5410 963 5497 pontificii
988 5412 1063 5473 ad
1093 5406 1549 5489 Hispaniarum
1582 5421 1796 5481 regem
1831 5403 2044 5482 legati,
2080 5401 2268 5480 cujus
2297 5416 2419 5479 Ope
2443 5399 2750 5503 dun-taxat
2779 5391 3192 5503 seﬁconse-qui
3216 5405 3596 5503 possenspe-

328 5488 555 5588 raliant
604 5488 1061 5597 'a'pOgraphum
1111 5488 1296 5573 illius
1351 5504 1807 5570 Commentarii
1848 5500 2334 5582 TheOphylacto
2391 5495 2689 5575 inscripti
2732 5494 2800 5557 in
2844 5492 3165 5570 Epistolas
3210 5488 3596 5561 Catholicas,

324 5625 530 5704 quiin
573 5614 1000 5685 celeberrima
1037 5604 1899 5674 Escorialensi'bibliolheca
1935 5600 2254 5667 asservari
2286 5598 2553 5673 dicitur,
2592 5599 2839 5680 quique
2879 5610 3050 5656 unus
3080 5597 3415 5671 supererat
3445 5606 3598 5702 eon-

324 5693 678 5797 s'ulendus,
725 5719 807 5784 ad
860 5714 1123 5779 alteram
1158 5711 1445 5777 animum
1481 5725 1873 5790 operamque
1907 5725 2088 5771 suam
2138 5711 2599 5770 converterunt
2639 5721 2653 5761 :
2703 5699 2890 5780 cujus
2924 5702 3256 5775 compotes
3308 5693 3592 5757 evasisse
