4044 6458
386 329 393 335 ”
474 318 580 384 419
1486 304 1878 377 ΒΟΝΙΡΑΟΙΙ
1943 304 1983 364 F

2139 300 2251 367 ΓΤί
2304 296 2701 367 ΡΒιΕΕΔΤΙΟ
3624 289 3736 351 420

474 445 644 500 sese,
672 426 821 505 jure
863 422 1225 499 meritoque
1258 417 1547 480 arbitrati
1582 421 1757 477 sunt.
1810 413 1969 474 Cum
2007 410 2182 471 enim
2228 408 2422 491 juxta
2473 406 2736 473 etiamm
2801 402 3247 483 evangelicum
3286 424 3301 464 :
3333 402 3412 463 In
3444 418 3550 461 ore
3579 399 3736 505 duo-

477 503 789 600 rumrvel
829 523 1022 583 trium
1057 528 1176 589 stet
1203 535 1375 578 omne
1406 515 1683 587 verbum,
1723 529 1836 574 seu
1877 510 2160 584 duobus,
2195 507 2293 570 vel
2334 507 2539 569 tribus
2569 505 2843 569 testibus
2877 505 3031 567 satis
3063 504 3300 565 veritas
3336 519 3610 583 quaeque
3640 503 3742 564 firs-

364 610 375 619 ’
481 635 714 694 metur,
749 637 865 681 nos
896 621 973 681 ad
1022 615 1348 699 ejusmodi
1381 608 1931 676 Commentarium
1963 604 2442 685 TheOphylacto
2483 603 2943 671 vindicandum
2977 602 3242 666 totidem
3299 603 3467 665 nacti
3509 619 3743 665 sumus

482 721 911 791 testimonia:
967 720 1175 796 primo
1247 714 1493 776 scilicet
1552 710 1883 772 laudatum
1929 706 2219 777 codicem
2280 702 3189 773 Cmsareo-Vindobonensem
3254 703 3742 784 TheOphylacto

484 821 1025 885 Commentarium
1090 817 1277 880 illum
1347 813 1587 876 diserte
1642 809 2113 881 ascribentem:
2184 806 2381 869 alium
2467 812 2772 883 praeterea
2835 804 3122 875 codicem
3160 805 3458 887 ejusdem
3502 806 3746 869 biblio~

478 924 676 987 thecae
737 922 1064 999 signatum
1138 932 1204 979 n.
1279 914 1420 986 223,
1504 908 1621 992 qui
1659 910 1876 969 solum
1935 905 2208 986 quidem
2288 905 2578 968 continet
2659 904 3173 969 Commentarios
3251 907 3743 989 TheOphylacto

481 1026 827 1103 inscriptos
883 1022 951 1083 in
1010 1027 1289 1101 quatuor
1330 1026 1694 1101 postremas
1752 1011 2074 1090 Epistolas
2121 1010 2512 1087 Catholicas;
2568 1010 2680 1073 sed
2731 1027 2889 1078 cum
2926 1009 3027 1071 illi
3088 1010 3276 1089 plane
3334 1013 3748 1075 consentiant

481 1147 625 1192 cum
653 1122 1144 1190 Commentariis
1176 1123 1242 1186 in
1278 1121 1538 1188 easdem
1565 1118 1885 1198 Epistolas
1918 1115 2250 1179 memorati
2280 1114 3105 1194 eodicis,quemadmodum
3137 1113 3278 1199 ipse
3308 1133 3452 1185 cum
3467 1116 3747 1179 Vienna)

489 1237 822 1309 degerem,
890 1228 1052 1290 inita
1107 1207 1450 1291 collatione
1483 1234 1656 1286 certo
1705 1219 2131 1307 deprehendi,
2179 1219 2341 1280 illud
2393 1236 2545 1281 sane
2583 1218 3059 1290 testimonium,
3093 1217 3285 1300 etiam
3319 1233 3434 1307 pro
3467 1216 3747 1298 reliquis

476 1334 999 1407 Commentariis,
1058 1349 1292 1411 nempe
1346 1333 1415 1392 in
1462 1329 1791 1403 Iacobum,
1833 1336 1888 1387 et
1937 1326 2214 1401 Petrum,
2269 1323 2752 1404 'l‘heophylacto
2783 1322 3232 1405 adjudicandis
3262 1321 3563 1394 inservit;
3596 1340 3747 1383 cum

484 1458 596 1519 par
631 1441 897 1501 omnino
935 1435 1093 1498 ratio
1123 1437 1203 1497 sit
1248 1432 1542 1503 omnium
1576 1437 1640 1492 et
1673 1428 2113 1508 singulorum.
2150 1424 2449 1505 Denique
2475 1425 2631 1491 huic
2658 1425 2849 1504 plane
2881 1422 3094 1487 simile
3128 1430 3248 1496 est,
3274 1423 3450 1503 quod
3486 1440 3572 1489 ex
3627 1440 3747 1485 co-

482 1546 624 1611 dice
654 1544 964 1604 Vaticano
991 1555 1170 1601 num.
1202 1538 1323 1607 227
1347 1533 1772 1614 depromitur.
1807 1534 1965 1601 Nam
1993 1531 2194 1600 etiste
2227 1532 2517 1594 continet
2540 1530 3051 1603 Commentarios
3097 1529 3163 1591 in
3187 1535 3466 1619 quatuor
3500 1542 3751 1608 postre-

478 1660 622 1704 mas
656 1640 1012 1705 Catholicas
1049 1635 1392 1715 Epistolas,
1427 1634 1543 1697 hac
1568 1631 1894 1710 prtemissa
1918 1627 2075 1709 .epig

2152 1628 2277 1707 phe
2297 1646 2311 1685 :
2335 1630 2718 1701 Θεοφυλάκτου
2749 1631 3010 1702 ἐξήγησις
3043 1627 3748 1701 ἀκριϐὴςτῶνᾚπισςολιῖιν

483 1744 579 1797 τοῦ
605 1743 969 1813 ἠγαπημένον.)
1011 1740 1261 1794 Ἰωάννου
1291 1738 1382 1791 τοῦ
1404 1736 1688 1807 Θεολόγου,
1721 1733 1892 1790 Ἰούδα.
1919 1733 2013 1787 τοῦ
2038 1732 2364 1796 ἀποστόλου,
2397 1732 2493 1784 καὶ
2521 1728 2615 1785 τοῦ
2645 1727 2936 1783 Θεσπεσίου
2965 1728 3062 1782 καὶ
3091 1729 3478 1801 οὐρανοφοιτου
3502 1729 3752 1794 Παύλοι,

489 1832 941 1912 Theophylacti
981 1829 1327 1909 Expositio
1368 1834 1669 1889 accurata
1706 1824 2145 1904 Epistolarum
2184 1821 2406 1884 dilecti
2444 1821 2714 1887 Joannis
2752 1819 3051 1900 theologi,
3096 1819 3279 1881 Iuda:
3320 1821 3619 1901 apostoli,
3686 1834 3749 1889 et

484 1932 689 2001 divini
722 1931 1056 2011 caelumque
1082 1931 1352 2012 petentis
1382 1927 1609 1997 Pauli;
1639 1929 1749 1989 sed
1782 1926 1880 1989 hae
1909 1935 2244 2004 postrema;
2274 1942 2352 1987 eo
2381 1924 2450 1993 in
2480 1923 2702 1985 codice
2740 1922 2978 1987 desunt
3011 1945 3027 1984 :
3070 1931 3132 1985 at
3167 1941 3320 1986 vero
3351 1925 3600 2002 priores
3621 1925 3757 1987 ali-

485 2041 645 2113 quot
677 2035 867 2097 linem
898 2051 976 2096 ex
1004 2032 1285 2113 singulis
1317 2030 1452 2093 illis
1490 2028 1983 2093 Commentariis
2019 2030 2245 2099 Roma,
2294 2044 2392 2088 me
2420 2031 2698 2105 petente,
2731 2024 3149 2100 transmissae,
3182 2024 3337 2086 satis
3368 2025 3753 2097 ostendunt,

485 2150 598 2194 eos
619 2141 655 2199 a
691 2134 925 2196 nostris
960 2133 1232 2196 minime
1264 2133 1653 2209 discrepare.
1689 2132 1885 2192 Porro
1918 2127 2036 2191 tria
2069 2128 2202 2192 haec
2228 2129 2601 2195 testimonia
2635 2127 2718 2206 (a)
2740 2127 2894 2188 satis
2927 2126 3114 2189 nobis
3142 2124 3546 2194 fundamenti
3578 2143 3752 2207 pres—

483 2234 637 2296 bere
672 2235 1218 2310 existimavimus,
1253 2251 1384 2314 quo
1410 2234 1662 2311 integer
1709 2230 1832 2293 iste
1864 2233 1931 2292 in
1975 2239 2223 2309 septem
2251 2229 2575 2308 Epistolas
2636 2226 2989 2293 Catholicas
3021 2226 3533 2297 Commentarius
3563 2236 3760 2289 raste-

487 2338 577 2396 ris
611 2352 832 2401 recens
866 2335 1131 2403 detectis
1168 2334 1632 2413 TheOphylacti
1659 2332 1970 2412 operibus
2005 2333 2274 2419 adjungi
2312 2332 2539 2397 merito
2578 2339 2818 2413 posset.
2861 2334 2937 2398 Et
2980 2347 3100 2412 ego
3130 2331 3394 2415 quidem
3425 2332 3759 2405 neminem

485 2432 779 2497 futurum
844 2434 1139 2512 arbitror,
1208 2432 1456 2496 libratis
1507 2432 1862 2512 praesertim
1898 2432 1979 2493 iis
2027 2448 2173 2512 quas
2195 2432 2532 2510 superiore
2574 2448 2844 2503 numero
2877 2430 3042 2493 dicta
3068 2447 3103 2499 .a
3146 2448 3245 2493 me.
3279 2439 3454 2507 sunt,
3486 2430 3598 2510 qui
3630 2430 3764 2492 hoc

489 2538 835 2600 consilium
868 2535 1301 2613 reprehendat
1342 2533 1424 2596 ob
1456 2551 1596 2597 eam
1638 2534 1980 2609 rationem,
2015 2533 2608 2614 quod'hujusmodi
2651 2534 3164 2605 Commentarius
3211 2534 3597 2614 jamdudum
3628 2536 3763 2608 sub

489 2636 873 2700 OEcumenii
910 2636 1172 2703 nomine
1200 2634 1462 2717 publica
1509 2634 1651 2697 luce
1695 2633 1969 2708 fruatur,
2014 2651 2359 2712 quousque
2387 2635 2612 2696 saltem
2670 2634 2771 2694 vel
2828 2633 3060 2697 unicus
3097 2634 3299 2697 codex
3333 2633 3416 2712 {in
3462 2632 3761 2706 medium

495 2738 768 2816 proferri
838 2738 1062 2817 possit,
1096 2736 1211 2817 qui
1259 2735 1328 2798 in
1366 2734 1579 2806 fronte
1620 2734 1816 2815 hujus
1878 2734 2332 2797 Commentarii
2394 2750 2629 2797 nomen
2685 2731 3069 2798 OEcumenii
3128 2745 3429 2816 tanquam
3469 2735 3760 2798 auctoris

483 2841 824 2921 iiiraelixum
859 2847 1057 2921 gerat.
1115 2839 1491 2921 Cujusmodi
1527 2838 1786 2909 nullum
1826 2855 1995 2912 esse,
2027 2836 2214 2900 facile
2246 2839 2529 2919 quisque
2560 2837 2681 2899 sibi
2719 2837 3137 2917 persuaserit,
3179 2855 3325 2901 cum
3371 2855 3584 2917 neque
3622 2842 3761 2900 Do-

492 2953 680 3006 natus
735 2941 1159 3017 Veronensis,
1203 2940 1315 3025 qui
1356 2959 1505 3004 eum
1546 2942 1756 3020 primo
1786 2943 2002 3013 Grmce
2022 2940 2251 3014 edidit,
2290 2958 2504 3021 neque
2557 2941 2953 3016 Hentenius,
2989 2944 3105 3021 qui
3148 2943 3368 3006 Latine
3400 2945 3756 3021 transtulit,

490 3050 707 3123 neque
762 3042 1167 3103 Parisienses
1228 3040 1540 3113 editores,
1590 3040 1702 3121 qui
1761 3042 1975 3103 Grmce
2013 3038 2369 3123 Latineque
2406 3041 2848 3113 recudendum
2882 3049 3211 3118 curarunt,
3246 3042 3451 3115 ullum
3482 3047 3755 3120 omnino

494 3141 899 3225 protulerint,
933 3148 1043 3203 aut
1083 3140 1324 3202 alicubi
1357 3148 1605 3208 exstare
1635 3139 1999 3209 indicarint,
3305 3142 3318 3155 '

575 3291 689 3351 XI.
726 3289 1115 3366 Quanquam
1152 3301 1303 3348 vero
1339 3286 1857 3349 Commentarius
1907 3287 2151 3351 codicis
2191 3288 2725 3350 Vindobonensis
2753 3288 2838 3351 ita
2885 3306 3028 3350 cum
3079 3292 3566 3357 OEcumemano
3600 3314 3771 3361 con-

503 3387 740 3460 veniat,
777 3395 844 3448 ut
880 3387 1051 3448 idem
1100 3385 1311 3463 quoad
1341 3386 1764 3448 substantiam
1801 3385 2018 3453 haberi
2070 3387 2274 3466 possit
2305 3403 2377 3448 ac
2423 3388 2686 3462 debeat;
2714 3390 2866 3467 quia
2897 3398 3109 3451 tamen
3148 3400 3212 3452 et
3243 3391 3499 3457 brevior
3537 3404 3660 3472 est,
3694 3408 3769 3460 et

503 3492 567 3550 in
605 3489 897 3565 pluribus
929 3489 1174 3560 diﬁ‘ert,
1205 3496 1397 3567 atque
1430 3489 1622 3550 etiam
1660 3503 1789 3550 non
1821 3504 2044 3567 pauca,
2085 3489 2328 3569 quibus
2375 3497 2550 3552 caret
2582 3489 2719 3565 ille,
2740 3490 3217 3568 complectitur,
3245 3493 3398 3558 ideo
3426 3506 3768 3563 curatores

497 3589 690 3653 istius
722 3589 1032 3651 editionis
1065 3605 1193 3651 non
1228 3598 1296 3650 ut
1327 3597 1531 3651 exstat
1566 3589 1631 3650 in
1662 3590 2051 3652 OEcumenii
2103 3574 2414 3665 editione,
2452 3592 2627 3671 quod
2677 3592 2878 3654 multo
2909 3590 3168 3657 facilius
3214 3595 3353 3658 ﬁeri
3413 3600 3769 3679 potuisset,

498 3692 611 3755 sed
654 3691 925 3752 omnino
955 3697 1025 3751 ut
1078 3697 1174 3751 est
1218 3689 1282 3750 in
1318 3689 1540 3752 codice
1591 3690 2084 3753 Vindobonensi
2144 3693 2469 3754 edendum
2524 3693 2978 3758 existimarunt
3013 3719 3029 3759 :
3062 3700 3236 3777 quod
3274 3700 3396 3764 iste
3449 3704 3775 3767 duntaxat

497 3791 959 3871 'l'beophylacti
999 3789 1288 3869 prmferat
1323 3806 1594 3905 nomen;
1627 3807 1700 3852 ac
1732 3791 2003 3869 proinde
2035 3809 2180 3870 quas
2203 3792 2269 3853 in
2296 3793 2779 3862 @Ecnmeniano
2810 3797 3198 3875 redundant,
3223 3810 3335 3865 aut
3363 3802 3774 3905 discrepant,

496 3896 706 3957 aliena
744 3912 935 3958 manu
972 3894 1213 3957 inserta
1251 3892 1457 3957 fuisse
1491 3894 1744 3957 censeri
1781 3894 2054 3974 possint.
2099 3896 2531 3971 Quamobrem
2568 3915 2666 3960 me
2705 3899 3155 3965 Vindobonam
3195 3921 3311 3985 per
3344 3904 3407 3967 id
3444 3892 3774 3987 temporis

497 3997 988 4058 contendentem
1048 4003 1377 4074 ragarunt,
1436 4003 1507 4057 ut
1557 3998 1860 4060 eumdem
1920 3997 2471 4059 Commentarium
2517 4015 2557 4060 a
2611 4001 2819 4077 perito
2860 4002 3085 4082 aliquo
3132 4009 3516 4071 amanuensi
3559 4029 3771 4091 quam

494 4100 979 4169 accuratissime
1043 4099 1326 4168 exscribi
1378 4117 1702 4174 curarem,
1759 4117 1904 4162 cum
1962 4099 2105 4178 ipse
2159 4100 2224 4162 in
2283 4118 2386 4163 me
2423 4109 2670 4167 tantum
2717 4103 2958 4167 laboris
3008 4109 3343 4188 suscipere
3385 4113 3771 4178 nullatenus

499 4221 781 4283 possem.
817 4207 905 4265 Eo
936 4203 1155 4281 itaque
1182 4201 1503 4280 appulsus
1535 4200 1696 4263 nihil
1738 4201 2344 4280 antiquiushabui,
2377 4220 2568 4283 quam
2618 4211 2690 4268 ut
2733 4209 3065 4283 negotium
3113 4211 3284 4273 istud
3326 4213 3767 4287 absolverem,

506 4308 738 4366 Verum
772 4312 915 4384 post
954 4306 1162 4368 varios
1212 4304 1735 4383 multiplicesque
1770 4313 2040 4367 conatus
2072 4308 2360 4384 reperire
2416 4318 2701 4387 poteram
2747 4312 3097 4386 neminem,
3145 4315 3260 4395 qui
3291 4324 3351 4377 et
3380 4326 3552 4381 esset
3581 4321 3659 4382 ad
3696 4323 3769 4385 id

500 4408 805 4481 idoneus,
832 4416 899 4468 et
930 4408 1042 4487 qui
1074 4423 1260 4487 mqua
1290 4407 1564 4484 pecunia
1597 4407 1957 4469 conductus
1994 4408 2118 4473 hoc
2138 4428 2310 4474 onus
2340 4411 2408 4472 in
2435 4429 2505 4474 se
2536 4429 2869 4478 assumere
2902 4417 3117 4479 vellet.
3149 4418 3309 4487 Cum
3336 4439 3488 4485 vero
3515 4424 3636 4489 hac
3677 4428 3766 4490 de

499 4524 689 4576 causa
742 4507 911 4570 haud
964 4526 1191 4587 parum
1222 4508 1458 4571 anxius
1514 4508 1854 4585 haererem,
1902 4519 1967 4571 et
2015 4511 2218 4576 ferme
2250 4514 2657 4577 conciderem
2717 4518 2959 4593 animo,
3026 4523 3333 4585 dominus
3389 4526 3469 4588 de
3513 4528 3765 4604 Kollar,

498 4625 692 4686 quem
724 4608 991 4673 honoris
1030 4625 1218 4672 causa
1255 4609 1548 4683 nomino,
1586 4609 1664 4670 ad
1692 4607 2031 4672 litterariaa
2064 4612 2464 4690 reipublicae,
2500 4614 2655 4690 imo,
2694 4618 2870 4697 quod
2904 4630 2966 4681 et
3022 4621 3160 4699 ipse
3188 4624 3423 4701 aiebat,
3457 4628 3769 4693 Ecclesia;

503 4713 911 4785 beneficium,
953 4713 1236 4777 laborem
1267 4714 1493 4788 istum,
1526 4714 1767 4776 studiis
1797 4715 1944 4776 aliis
1969 4716 2393 4795 gravissimis,
2420 4719 2661 4798 quibus
2692 4719 3127 4801 detinebatur,
3157 4728 3573 4805 intermissis,
3609 4735 3769 4797 sub-

500 4812 596 4872 ire
631 4822 861 4890 sponte
895 4814 1117 4877 voluit.
1181 4815 1387 4898 Quam
1428 4815 1514 4877 ob
1547 4831 1803 4878 causam
1838 4833 1984 4879 cum
2018 4816 2235 4877 caeteri
2264 4832 2494 4879 omnes
2524 4835 2848 4883 sacrarum
2883 4822 3242 4889 litterarum
3285 4829 3565 4901 cuitores
3617 4834 3769 4911 plu-

503 4914 736 4974 rimum
769 4914 864 4975 illi
898 4914 1159 4986 debent,
1189 4922 1324 4977 tum
1357 4932 1508 4978 vero
1545 4918 1685 4994 ipse
1716 4934 1816 4979 me
1852 4916 1950 4978 illi
1982 4936 2239 4983 summe
2270 4920 2651 4985 obstrictum
2684 4926 3009 5002 proﬁteor,
3042 4945 3189 4992 cum
3229 4930 3296 4993 in
3343 4935 3464 4995 mei
3490 4952 3764 5015 quoque

502 5017 771 5093 gratiam
807 5024 932 5076 tam
961 5030 1219 5093 gravem
1245 5016 1607 5079 molestiam
1642 5019 1770 5080 sibi
1821 5019 2083 5082 duxerit
2130 5018 2601 5100 perferendam.
2634 5027 2942 5090 Venetias
2977 5030 3181 5109 igitur
3211 5049 3354 5094 cum
3387 5038 3764 5115 apographo

499 5121 730 5193 redux,
763 5134 908 5180 cum
930 5118 1061 5198 jam
1095 5126 1350 5198 tempus
1386 5119 1654 5183 instaret
1676 5120 2564 5202 illiussimprimendi,primo
2597 5127 2862 5203 quidem
2886 5130 3358 5196 Hentenianam
3390 5137 3762 5200 versionem

575 5320 652 5390 (a)
688 5319 957 5399 Quartum
986 5319 1073 5379 his
1105 5318 1287 5399 simile
1317 5317 1699 5399 testimonium
1724 5333 1813 5373 me
1865 5318 2081 5399 habitus-
2189 5337 2364 5399 pinm,
2412 5332 2481 5399 u_t_
2524 5325 2812 5399 certiorem
2855 5324 3038 5399 facere
3093 5342 3180 5383 me
3235 5328 3415 5393 vellet,
3463 5344 3761 5399 quemnam

504 5386 956 5466 rnursperabam
991 5386 1584 5466 espublicalugdnni
1613 5387 1936 5466 Batavorum
1995 5390 2080 5466 b_i-
2187 5386 2485 5466 illiusmodi
2521 5393 2933 5466 Commentarii
2979 5399 3299 5466 praeferrent
3347 5386 3649 5455 auctorem.
3695 5402 3767 5454 At

506 5458 956 5539 liliotlieca._(_‘.nnt
990 5462 1136 5515 eriim
1173 5458 1226 5539 in
1271 5458 1392 5539 ejus
1421 5459 1681 5539 Catalogo
1709 5459 1983 5539 legissem,
2022 5461 2076 5514 in
2188 5461 2282 5539 ille
2309 5463 2705 5539 humanissime
2729 5481 2792 5520 ac
2833 5458 3239 5539 promptissime
3264 5469 3565 5539 respondit.
3598 5471 3763 5539 equi-

508 5530 698 5609 rodiee
730 5529 883 5593 1e27,
904 5527 1701 5609 Commentariosnde‘quibus
1729 5530 1944 5609 agim’us
1978 5545 2071 5585 re-
2183 5531 2308 5609 diem
2341 5534 2394 5604 in
2420 5535 2597 5609 prima
2628 5534 2777 5592 illius
2808 5527 3015 5609 codicis
3034 5538 3231 5609 pagina
3256 5527 3460 5608 jacian’
3487 5527 3763 5608 ejusm'odi

506 5599 703 5675 periri;
736 5600 917 5681 rogavi
970 5599 1323 5681 peruli'tteras
1354 5598 1426 5652 cl.
1457 5597 1825 5681 Abrahamuin
1859 5599 2072 5681 Qrono-
2177 5597 2653 5672 Commentarios;
2688 5621 2748 5662 re
2783 5623 2960 5663 tamen
2996 5597 3134 5679 ipsav
3151 5611 3204 5665 in
3227 5597 3293 5667 eo
3323 5597 3761 5681 codice'nequa-

503 5669 673 5735 vium,
730 5668 985 5738 ejusdem
1036 5669 1377 5725 bibliotheca:
1436 5668 1718 5724 cuStodem
1772 5671 2064 5726 nieritissi-
2170 5688 2333 5743 quam
2359 5685 2593 5729 exstare.
