4044 6420
295 308 410 373 ΑΞΙ
1197 306 1274 367 ΙΝ
1320 305 1759 376 ΞΕΟΟΕΝΤΙΑ
1792 307 1892 366 ΤΗ

2004 307 2378 366 PHYLACTI
2419 308 2758 368 SCRIP’I‘A.
3489 320 3596 376 422

297 425 370 487 in
408 421 656 496 quibus
699 437 852 482 cum
892 418 1388 482 OEcumeniano
1427 417 1936 479 Commentaries
1977 415 2092 478 iste
2116 419 2434 480 consentit
2472 420 3046 498 (consentitautem
3077 428 3144 485 ut
3177 423 3583 504 plurimum),

301 525 476 588 mihi
509 525 921 586 retinendam
957 521 1426 585 existimabam.
1467 521 1589 581 Sed
1627 520 1794 582 facto
1840 521 1934 582 rei
1993 523 2303 598 periculo.
2363 541 2508 584 cum
2573 525 2654 585 ob
2689 523 3109 604 ofrequentem
3168 546 3388 590 rerum
3422 531 3599 591 ordi-

297 627 556 704 nisqne
592 626 998 696 varietatem,
1037 631 1230 700 atque
1257 623 1446 683 etiam
1481 621 1565 683 ob
1595 639 1667 681 ea
1698 639 1842 699 quae
1878 622 1943 683 in
1976 623 2285 683 alterutro
2323 627 2416 684 vel
2452 628 2882 703 praetermissa
2911 637 3151 704 essent,
3201 630 3302 690 vel
3355 630 3593 701 addita,

297 729 676 806 plurimum
709 726 869 787 mihi
909 723 1148 787 laboris
1189 740 1260 785 ac
1287 723 1462 784 ttedii
1501 723 1922 784 subeundum
1959 723 2270 796 viderem,
2322 742 2393 785 ac
2426 736 2725 802 I'araeterea
2758 729 2970 789 versio
3004 730 3141 805 ipsa
3193 731 3597 792 Henteniana

298 845 441 887 non
501 827 670 886 mihi
727 825 978 904 ubique
1014 823 1429 902 probaretur,
1475 829 1718 883 mutato
1765 822 2068 895 consilio,
2122 841 2348 884 novam
2399 825 2850 905 integramque
2900 827 3096 906 hujus
3139 830 3597 892 Commentarii

302 928 695 987 versionem
761 925 1076 986 adornare
1119 922 1454 994 constitui,
1491 929 1561 983 ut
1609 922 1833 985 saltem
1885 931 2056 984 esset
2114 922 2226 982 illa
2262 923 2504 1002 ubique
2539 925 2663 984 sibi
2720 927 3162 999 consentiens,
3198 943 3268 987 ac.
3319 943 3446 989 non
3485 944 3599 1006 pro

309 1030 636 1092 varietate
701 1029 980 1108 partium
1045 1027 1216 1088 varia
1275 1035 1339 1088 et
1404 1026 1593 1104 quasi
1665 1024 2022 1087 versicolor
2092 1037 2450 1103 appareret.
2514 1029 2893 1090 Versionem
2966 1046 3311 1107 aggressus
3387 1032 3599 1093 statim

313 1133 788 1205 animadverti,
856 1131 1013 1191 mihi
1086 1148 1234 1192 cum
1288 1129 1510 1192 codice
1568 1131 1886 1192 mendoso
1939 1146 2010 1191 ac
2046 1129 2423 1209 frequenter
2478 1132 2706 1194 mutilo
2755 1133 3134 1196 luctandum
3195 1141 3595 1214 esse:quod

311 1245 533 1295 tamen
561 1251 805 1295 novum
838 1233 1106 1296 minime
1126 1235 1378 1307 accidit,
1411 1235 1654 1314 quippe
1687 1234 1801 1314 qui
1828 1234 1958 1314 jam
1985 1236 2242 1303 scirem.
2263 1237 2564 1297 eumdem
2591 1238 2875 1298 codicem
2899 1255 3066 1311 esse,
3089 1255 3163 1299 ex
3188 1254 3319 1317 quo
3344 1237 3599 1299 Sifanus

316 1351 516 1395 suum
554 1335 812 1412 inﬂActa
859 1335 1301 1413 apostolorum
1335 1335 1880 1398 Commentarium
1911 1337 2350 1416 deprompsit;
2383 1345 2730 1418 utrumque
2760 1340 3028 1417 proinde
3057 1341 3304 1401 eisdem
3331 1341 3600 1401 subes.~e

314 1431 688 1494 defectibus
716 1443 1039 1511 Oportere.
1068 1434 1254 1496 Illius
1282 1435 1792 1512 corruptionem,
1831 1440 2087 1509 menda,
2123 1437 2414 1500 defectus
2447 1439 2736 1516 agnovit,
2787 1439 3250 1518 adnotavitque
3297 1438 3362 1498 in
3431 1453 3600 1498 mar-

313 1536 471 1612 gine
507 1535 660 1612 ipse
696 1534 981 1598 Sifanus.
1017 1539 1138 1600 Sed
1180 1539 1344 1602 illud
1379 1541 1534 1602 mihi
1573 1559 1702 1620 prae
1731 1541 1952 1604 Sifano
1983 1543 2418 1618 commodius,
2453 1542 2796 1622 magisque
2853 1549 3294 1621 Opportunum
3338 1539 3596 1618 obtigit.

312 1636 494 1713 quod
527 1634 1053 1698 Commentarius
1086 1638 1208 1700 iste
1233 1640 1358 1699 sub
1384 1640 1583 1714 alius,
1635 1657 1869 1720 nempe
1925 1637 2338 1713 OEcumenii,
2394 1641 2679 1712 nomine,
2709 1642 2987 1703 maxima
3034 1641 3257 1701 saltem
3293 1657 3370 1700 ex
3425 1653 3601 1716 parte

309 1736 544 1798 editus
604 1747 780 1800 esset
808 1757 887 1802 ex
919 1740 1140 1802 codice
1174 1742 1377 1820 magis
1413 1741 1667 1820 integro
1699 1745 2167 1816 etemendato;
2201 1761 2283 1804 ex
2329 1760 2461 1822 quo
2504 1743 2775 1822 proinde
2818 1744 3202 1824 quamplura
3255 1742 3492 1804 sarcire
3542 1750 3603 1799 et

315 1841 658 1918 corrigere
691 1842 848 1904 mihi
886 1843 1096 1919 licuit,
1126 1846 1376 1924 ingenti
1407 1854 1618 1908 tamen
1655 1855 1716 1909 et
1741 1848 2033 1928 apprime
2080 1848 2353 1923 molesto
2393 1848 2610 1911 labore
2647 1871 2662 1909 :
2699 1865 2842 1910 nam
2885 1865 3022 1912 eam
3058 1847 3139 1908 ob
3181 1864 3437 1909 causam
3467 1845 3604 1907 fre-

317 1946 766 2034 quentissime
797 1964 869 2010 ac
898 1947 1101 2012 ferme
1128 1958 1445 2030 perpetu-0
1477 1950 1750 2013 alterum
1784 1969 1930 2013 cum
1963 1953 2168 2013 altero
2211 1945 2507 2013 conferre
2543 1967 2808 2013 necesse
2832 1951 2979 2012 fuit.
3014 1952 3394 2029 Quanquam
3445 1965 3602 2012 vero

317 2052 529 2112 multa
572 2050 636 2112 in
670 2052 1170 2116 0Ecumeniano
1219 2055 1380 2130 sint,
1413 2073 1558 2136 qum
1589 2057 1656 2118 in
1691 2056 2183 2118 Vindobonensi
2217 2055 2693 2119 Commentario
2724 2056 3197 2128 desiderantur,
3228 2070 3346 2132 ego
3393 2061 3604 2115 tamen

323 2152 593 2214 nonnisi
628 2169 702 2214 ea
751 2171 898 2232 qute
970 2155 1362 2233 perﬁciendo
1392 2157 1518 2218 mei
1553 2158 1904 2236 apographi
1939 2158 2164 2220 sensui
2197 2159 2329 2218 visa
2359 2165 2510 2220 sunt
2542 2157 2929 2230 necessaria,
2967 2155 3159 2216 verba
3213 2155 3600 2234 plerumque

321 2251 705 2329 desumpsi;
743 2269 972 2332 eaque,
1007 2260 1078 2315 ut
1115 2253 1181 2314 in
1217 2255 1697 2317 Commentario
1728 2257 2156 2334 praecedente,
2200 2257 2431 2336 signis,
2477 2257 2668 2336 queis
2711 2257 3303 2336 distiuguerentur,
3337 2257 3599 2319 inclusi.

321 2351 781 2414 Correctiones
839 2352 1104 2433 majoris
1141 2355 1473 2428 momenti,
1507 2371 1581 2417 ac
1618 2355 1940 2418 variantes
1975 2356 2284 2418 lectiones
2315 2373 2496 2435 aeque
2525 2359 2594 2418 in
2637 2357 2780 2432 hoc,
2814 2365 3008 2438 atque
3048 2358 3114 2420 in
3149 2358 3266 2420 illo
3299 2360 3372 2419 ad
3428 2375 3597 2420 mar-

325 2450 548 2527 ginem
611 2451 937 2512 adnotavi.
1002 2453 1119 2514 Ubi
1165 2470 1316 2516 vero
1372 2457 1788 2534 praepositum
1830 2457 2074 2519 videris
2122 2457 2243 2521 hoc
2300 2459 2762 2537 compendium
2817 2468 2914 2533 ἴση
2951 2477 3069 2524 seu
3111 2469 3262 2536 ἴσως,
3309 2465 3604 2541 fortasse,

317 2551 495 2612 scias
538 2553 754 2623 velim,
812 2570 884 2615 ea
919 2570 1020 2616 me
1051 2572 1128 2615 ex
1181 2555 1316 2617 sola
1347 2557 1712 2636 conjectura
1758 2559 2168 2637 apposuisse.
2211 2560 2441 2621 Menda
2485 2560 2735 2622 notiora
2771 2569 2832 2622 et
2871 2561 3074 2643 magis
3103 2562 3291 2625 obvia
3343 2562 3605 2634 sustuli,

315 2653 511 2715 nulla
547 2653 763 2716 addita
818 2655 1293 2719 admonitione.
1347 2660 1539 2719 Notas
1587 2659 1866 2739 aliquas,
1908 2661 1987 2722 de
2014 2660 2258 2738 quibus
2312 2660 2432 2720 sub
2465 2661 2657 2722 finem
2701 2662 2895 2740 hujus
2941 2661 3343 2725 Praafationis
3408 2679 3610 2740 pauca

317 2754 567 2822 dicam,
599 2756 678 2816 ad
710 2755 946 2819 calcem
981 2758 1358 2838 paginarum
1392 2760 1688 2840 adjunxi.
1742 2761 1958 2823 Codex
1995 2761 2870 2834 CaesareovViudobonensis,
2915 2763 3028 2842 qui
3082 2761 3255 2825 hunc
3322 2763 3610 2825 continet

325 2857 907 2935 Commentarium,
959 2863 1334 2926 chartaceus
1383 2875 1479 2927 est
1537 2866 1606 2926 in
1660 2863 1823 2926 folio
1868 2865 2147 2940 minore,
2184 2873 2248 2926 et
2281 2865 2560 2944 eleganti
2593 2866 2882 2945 quidem,
2911 2868 3022 2928 scd
3066 2867 3416 2929 minutiore
3464 2864 3611 2926 clla.

333 2971 578 3026 iactere
616 2975 936 3029 exaratus.
974 2970 1025 3033 Α
1067 2969 1406 3031 Lambecio
1437 2968 1924 3032 vetustissimus
1959 2986 2029 3031 ac
2070 2971 2642 3047 prtestantissimus
2697 2972 2936 3034 dicitur
2970 2993 2985 3031 :
3019 2972 3133 3032 sed
3169 2971 3326 3034 mihi
3359 2972 3422 3034 in
3459 2990 3610 3036 eum

331 3067 573 3122 attente
606 3062 881 3125 intuenti
915 3081 1035 3125 nec
1071 3075 1509 3142 pervetustus,
1552 3083 1768 3146 neque
1812 3067 1974 3128 adeo
2029 3075 2331 3144 praestans
2383 3086 2529 3131 esse
2569 3070 2828 3132 videtur
2858 3071 2939 3132 ob
2971 3069 3260 3134 defectus
3307 3074 3612 3152 superius

331 3163 674 3224 indicatos.
721 3166 796 3225 Et
843 3183 1024 3242 sane,
1058 3170 1335 3245 tametsi,
1377 3181 1523 3232 nota
1579 3172 1886 3248 temporis
1939 3172 2300 3248 deficiente,
2343 3184 2518 3236 certo
2567 3176 2834 3238 deﬁnire
2876 3191 3004 3240 non
3040 3175 3224 3239 liceat
3268 3195 3394 3262 qua
3431 3185 3612 3242 aetate

327 3262 534 3326 fuerit
571 3275 894 3341 exaratus,
932 3268 1364 3336 nihilominus
1395 3278 1540 3334 ante
1579 3271 1892 3334 saeculum
1925 3292 2040 3334 xw
2073 3275 2178 3335 vix
2217 3276 2601 3338 crediderim
2628 3294 2774 3339 eum
2804 3275 3009 3338 fuisse
3035 3278 3498 3354 conscriptum.
3539 3280 3613 3340 1d

334 3372 551 3427 tamen
597 3368 754 3428 satis
816 3368 976 3431 mihi
1042 3371 1300 3433 videtur
1344 3373 1422 3434 ad
1475 3373 1944 3437 conciliandam
1989 3376 2364 3438 testimonio
2403 3378 2594 3440 istius
2631 3378 2874 3440 codicis
2925 3377 3367 3446 auctoritatem
3425 3380 3493 3445 in
3533 3395 3614 3442 eo

335 3463 514 3542 quod
549 3462 1070 3544 TheOphylactus
1113 3468 1489 3535 istiusmodi
1544 3472 2005 3536 Commentarii
2053 3483 2276 3540 auctor
2307 3477 2578 3543 dicatur.
2623 3456 2760 3540 'Sed
2785 3493 2918 3558 jam
2965 3479 3045 3542 de
3083 3479 3228 3558 ipso
3266 3479 3616 3543 Commem-

338 3562 496 3624 tario
529 3564 846 3628 nonnulla
868 3567 1116 3630 addere
1148 3577 1422 3648 prastat.

418 3669 566 3733 ΧΠ.
627 3670 714 3745 Is,
759 3688 897 3734 mea
950 3673 1217 3754 quidem
1269 3677 1613 3748 sententia,
1677 3679 1836 3741 satis
1898 3681 2244 3759 prteclarus
2299 3689 2420 3744 est.
2477 3683 2848 3748 Litteralem
2903 3685 3287 3764 plerumque
3346 3700 3611 3746 sensum

339 3771 584 3846 Optime
623 3769 926 3849 explicat,
962 3778 1024 3834 et
1048 3773 1394 3836 occasione
1421 3775 1588 3850 data,
1613 3775 1670 3836 si
1693 3793 1819 3856 qua
1837 3777 2118 3839 occurrit
2149 3777 2490 3851 dubitatio,
2515 3788 2882 3857 Opportune
2906 3781 3175 3843 discutit
3203 3782 3616 3857 breviterque

353 3873 633 3935 resolvit.
699 3875 1028 3939 Nonnulla
1091 3885 1301 3940 tamen
1359 3879 1559 3941 veluti
1611 3888 1942 3951 extranea,
1995 3889 2106 3944 aut
2167 3897 2294 3942 non
2354 3883 2625 3944 omnino
2684 3900 2969 3946 consona
3018 3885 3292 3958 veritati,
3339 3901 3617 3964 quisque

359 3976 676 4036 eruditum
718 3984 1284 4041 commentatorem
1337 3978 1676 4050 dedecent,
1737 3981 2182 4055 reperiuntur.
2237 3982 2358 4043 Sed
2407 3982 2539 4043 haec
2580 3981 2766 4043 scioli
2812 3982 3091 4062 alicujus
3141 3985 3383 4062 adjecta
3425 4000 3620 4046 manu

355 4072 584 4147 fuisse,
624 4076 730 4137 vix
778 4077 1029 4141 dubito.
1077 4079 1554 4142 Commentario
1607 4077 1734 4140 sub
1780 4079 2164 4141 OEcumenii
2222 4081 2486 4142 nomine
2519 4081 2699 4142 edito
2751 4079 3009 4142 brevior
3058 4081 3442 4160 plerumque
3491 4097 3616 4152 est,

349 4196 480 4261 quo
511 4181 587 4241 ad
621 4181 1084 4262 Theophylacti
1118 4183 1404 4244 indolem
1437 4182 1700 4261 prapius
1730 4184 1998 4257 accedit,
2032 4184 2274 4264 quippe
2339 4185 2454 4264 qui
2505 4184 2818 4247 nonnulla
2865 4199 3129 4261 prorsus
3173 4185 3442 4254 omittit;
3495 4181 3620 4244 alia

349 4299 504 4344 vero
564 4284 765 4362 magis
822 4283 1142 4346 contrahit
1193 4292 1388 4362 atque
1447 4283 1805 4363 restringit.
1851 4286 2057 4358 Quam
2115 4301 2266 4346 vero
2324 4291 2407 4348 ob
2454 4302 2712 4348 causam
2752 4286 2943 4348 verba
2982 4285 3205 4347 sensui
3259 4283 3621 4347 necessaria

345 4398 796 4459 saepenumero
827 4383 1226 4456 omittantur,
1267 4383 1518 4460 ignoro.
1559 4381 1732 4444 lllud
1762 4393 2008 4446 certum
2043 4385 2317 4459 videtur,
2365 4404 2492 4449 non
2529 4388 2716 4465 primi
2751 4389 3052 4458 auctoris,
3092 4389 3205 4449 sed
3257 4387 3618 4466 cujuspiam

351 4484 604 4549 librarii
639 4484 826 4561 culpa
857 4484 919 4544 id
947 4483 1260 4546 accidisse
1292 4500 1305 4546 :
1340 4485 1886 4562 quemadmodum
1925 4486 2214 4566 longiora
2245 4491 2540 4567 quaedam
2581 4506 2652 4550 ac
2683 4490 2876 4568 genio
2908 4488 3370 4570 TheOphylacti
3405 4490 3620 4551 minus

352 4596 808 4658 consentanea,
841 4586 920 4648 ab
951 4583 1172 4661 aliquo
1205 4584 1506 4647 videntur
1538 4585 1812 4648 intrusa.
1847 4589 2118 4650 Nomina
2147 4596 2506 4661 auctorum,
2557 4589 2614 4650 si
2647 4590 3178 4668 Chrysoslomum
3207 4599 3268 4652 et
3309 4591 3624 4671 Cyrillum

354 4688 669 4765 excipias,
731 4687 906 4750 nulla
961 4687 1321 4751 afferuntur
1357 4707 1371 4746 :
1405 4694 1682 4747 attamen
1735 4687 1922 4748 dictis
1973 4697 2262 4752 veterum
2300 4694 2555 4752 Patrqu
2618 4688 2998 4769 plerumque
3047 4691 3112 4753 in
3166 4692 3620 4771 compendium

357 4790 634 4854 redactis
673 4790 770 4854 sin
801 4789 1035 4862 omnia,
1067 4788 1343 4866 plurima
1377 4788 1603 4852 saltem
1630 4787 1696 4848 in
1729 4805 1807 4850 eo
1835 4791 2122 4863 contexi,
2156 4801 2608 4871 argumentum
2645 4801 2765 4866 est,
2797 4793 2968 4872 quod
3003 4791 3164 4854 mihi
3194 4809 3360 4870 smpe
3399 4793 3620 4856 eadem

360 4909 629 4972 prorsus
661 4891 1082 4964 occurrerint,
1115 4907 1258 4969 qua)
1295 4889 1363 4950 in
1387 4890 1620 4952 Catena
1640 4887 2154 4964 Vindobonensi,
2177 4892 2257 4953 de
2291 4911 2418 4971 qua
2445 4911 2662 4970 supra,
2696 4895 3129 4972 perlegeram;
3161 4893 3451 4972 adeoque
3486 4894 3625 4974 ejus

357 5011 480 5070 ope
511 4992 967 5055 Commentarii
1015 4992 1209 5071 hujus
1239 4999 1481 5053 textum
1521 4992 1863 5054 emendare
1895 5009 2364 5073 nonnunquam
2402 4997 2577 5072 potui
2626 5017 2641 5056 :
2679 5013 2877 5075 quare
2916 5012 3044 5057 non
3077 4995 3339 5059 omnino
3370 4996 3627 5058 inutilis

361 5112 432 5157 ea
475 5096 705 5153 Catena
740 5091 924 5154 nobis
957 5091 1099 5153 fuit.
1138 5091 1260 5155 Hic
1311 5104 1486 5161 vero,
1537 5099 1884 5171 antequam
1919 5093 1997 5153 de
2033 5092 2152 5155 hoc
2204 5096 2678 5156 Commentario
2733 5094 2982 5174 prmfari
3030 5096 3280 5169 desino,
3331 5099 3627 5161 animad-

361 5203 611 5257 vertere
666 5200 939 5273 przpstat,
999 5193 1206 5271 primo
1269 5200 1508 5255 textum
1574 5210 1770 5260 sacra)
1823 5193 2167 5270 Scriptura)
2218 5196 2280 5256 in
2326 5196 2442 5256 hoc
2483 5197 2705 5258 codice
2754 5213 2882 5258 non
2935 5215 3192 5278 semper
3232 5201 3313 5260 ita
3345 5199 3627 5260 divisum

361 5293 825 5371 digestumque
858 5309 1024 5363 esse,
1063 5299 1130 5352 ut
1160 5293 1505 5371 Scripturze
1539 5291 1728 5352 verba
1762 5292 2127 5356 immediate
2161 5293 2430 5371 excipiat
2466 5293 2785 5370 expositio
2818 5294 3319 5375 Theophylacti;
3351 5297 3460 5358 sed
3497 5296 3627 5358 haec

362 5395 716 5473 aliquando
755 5392 1076 5472 praecedit,
1106 5391 1456 5471 aliquando
1482 5391 1677 5457 simul
1714 5391 2011 5470 praecedit
2046 5392 2624 5471 subsequiturque.
2655 5393 3086 5466 Quamobrem
3110 5396 3222 5474 qui
3268 5395 3627 5474 cujusliiam

367 5509 579 5561 textus
611 5493 1134 5574 explanationem
1179 5493 1487 5572 exquirit,
1522 5495 1760 5554 nedum
1810 5492 2304 5572 subsequentia,
2351 5494 2465 5555 sed
2508 5503 2569 5554 et
2619 5493 2906 5568 proxime
2947 5496 3391 5556 antecedentia
3439 5495 3628 5575 legat,

366 5617 630 5662 necesse
663 5607 784 5659 est.
820 5596 983 5670 Quia
1005 5614 1155 5658 vero
1185 5596 1248 5658 in
1287 5596 1655 5676 apographo
1698 5612 1843 5658 meo
1869 5599 2263 5675 quandoque
2299 5598 2506 5676 reperi
2543 5596 3020 5676 expositionem
3051 5596 3129 5658 ab
3160 5597 3300 5674 ipso
3334 5604 3509 5660 textu
3546 5599 3627 5659 ita

365 5702 740 5774 distantem,
777 5706 848 5758 ut
888 5698 986 5759 vix
1022 5698 1313 5778 dignosci
1354 5707 1572 5778 posset
1625 5698 2015 5778 qu’ibusnam
2052 5699 2262 5762 verbis
2295 5701 2740 5779 responderet,
2779 5700 2925 5762 ideo
2956 5701 3036 5763 ad
3083 5698 3520 5764 difﬁcultatem
3553 5703 3629 5765 de
