4044 6454
454 322 564 386 4:23
1470 317 1642 378 BONI
1655 316 1856 378 FACIl
1903 314 2216 376 FINETI‘I
2272 312 2670 376 PRIEFATIO
3621 314 3728 380 l2!

452 429 677 493 medio
711 426 911 490 tollen
937 427 1059 493 iam
1082 426 1358 488 alterum
1383 442 1462 487 ex
1504 427 1606 486 bis
1639 422 1901 503 praestiti
1937 446 1953 484 :
1994 422 2092 486 vel
2134 422 2351 503 aliqua
2382 422 2729 500 Scriptura:
2764 419 2980 496 verba,
3008 420 3227 486 Grmco
3252 428 3428 485 textu
3465 439 3730 501 prorsus

454 525 723 606 intacto,
767 532 832 594 in
873 532 1176 595 versione
1221 533 1448 595 iterato
1480 529 1705 607 posui;
1741 525 1869 600 vel,
1903 527 1960 589 si
1999 525 2064 586 id
2109 525 2479 589 confusioni
2532 524 2838 595 tollendm
2865 524 3081 587 minus
3126 523 3476 598 sufﬁceret,
3510 526 3732 607 ipsum

459 635 803 712 Scriptura:
835 641 1079 696 textum
1116 630 1244 694 alio
1290 629 1616 699 transtuli,
1660 635 1726 695 et
1770 625 2225 695 Commentarii
2278 627 2499 695 sedem
2553 624 2744 704 paulo
2778 623 3040 689 inverti.
3074 624 3422 695 Confusam
3469 627 3637 691 banc
3667 637 3732 689 et

459 736 680 799 minus
729 741 936 812 aptam
998 734 1161 795 sacri
1215 738 1427 793 textus
1476 728 1965 794 coliocationem
2021 727 2249 788 nonin
2305 726 2426 789 hoc
2475 727 2713 798 solum,
2754 725 2868 788 sed
2919 725 3109 787 etiam
3160 724 3226 789 in
3268 723 3416 788 aliis
3452 725 3732 788 aliorum

454 841 867 915 scriptorum,
900 837 1034 899 imo
1093 843 1155 898 ct
1187 831 1646 912 'l‘heophylacti
1703 829 2197 897 Commentariis
2244 828 2599 895 identidem
2644 827 3091 897 animadverti.
3140 829 3301 903 Quae
3344 839 3738 909 praepostera

459 938 808 1018 dispositio
857 955 932 1003 ex
966 952 1044 998 eo
1104 942 1241 998 orta
1290 933 1568 1005 videtur,
1596 932 1773 1011 quod
1822 942 1955 996 non
2013 945 2138 990 suo
2194 944 2473 1008 qumque
2535 927 2736 991 textui
2795 926 3088 1011 subjecta
3155 930 3479 1011 principio
3531 927 3739 991 fuerit

449 1039 819 1116 expositio;
876 1038 989 1099 sed
1056 1037 1122 1099 in
1181 1034 1473 1114 margine
1533 1032 1779 1101 laterali
1835 1030 1914 1095 ab
1971 1031 2347 1095 auctoribus
2404 1032 2507 1094 vel
2566 1030 3029 1101 collectoribus
3081 1031 3293 1110 posita
3329 1031 3661 1094 interdum
3696 1049 3735 1091 e

454 1139 748 1216 .regione,
785 1139 1109 1209 imm-dum
1133 1140 1332 1201 etiam
1376 1137 1691 1209 inferius,
1752 1136 1942 1221 cujus
1995 1120 2085 1199 rei
2134 1134 2340 1205 multa
2389 1142 2745 1221 supersunt
2809 1142 3144 1214 exempta;
3191 1135 3430 1199 deinde
3482 1149 3636 1198 vero
3699 1152 3733 1196 a

464 1241 744 1309 librariis
787 1241 991 1307 textui
1019 1258 1199 1305 sacro
1219 1241 1307 1305 .ad
1337 1239 1599 1302 libitum
1632 1238 1733 1301 vel
1768 1256 1844 1302 ex
1875 1237 2199 1317 imperitia
2243 1235 2525 1304 dissecto
2559 1236 2897 1316 supposita
2948 1236 3166 1301 fuerit.
3212 1238 3472 1305 Certum
3504 1238 3738 1301 saltem

454 1343 744 1416 videtur,
790 1360 957 1415 eam,
989 1360 1137 1421 quae
1178 1343 1246 1405 in
1279 1341 1557 1405 diversis
1616 1339 1955 1405 codicibus
1994 1340 2188 1414 inest,
2230 1338 2627 1413 varietatem,
2662 1338 2759 1400 vel
2799 1338 2865 1403 iu
2919 1353 3050 1407 uno
3096 1339 3461 1419 eodemque
3508 1341 3737 1402 cozlice

461 1445 940 1514 confusionem,
976 1449 1269 1522 potuisse
1302 1459 1381 1508 ex
1414 1441 1536 1502 hoc
1568 1440 1771 1518 capite
1817 1437 2016 1511 oriri;
2054 1445 2124 1499 ut
2177 1437 2397 1503 mirari
2447 1437 2721 1516 proinde
2774 1453 2967 1507 nemo
2998 1435 3251 1513 debeat,
3307 1439 3364 1500 si
3410 1437 3599 1501 aliter
3624 1438 3737 1501 hic

451 1560 656 1630 atque
710 1551 778 1612 in
828 1549 1317 1611 OEeumeniauo
1366 1545 1845 1613 Commentario
1886 1542 2251 1622 dispositus
2300 1543 2647 1621 Scriptum
2696 1547 2910 1608 textus
2953 1541 3345 1622 divisusque
3378 1551 3738 1605 cernatur:

453 1652 764 1735 quamvis
795 1652 988 1714 etiam
1017 1649 1385 1720 Hentenius
1414 1648 1698 1729 aliquam
1733 1648 1821 1719 ibi
1860 1647 2284 1711 mutationem
2318 1646 2665 1722 invexerit,
2713 1652 2784 1713 ut
2812 1644 3110 1725 ipsemet,
3133 1647 3321 1712 allata
3356 1646 3740 1718 mutationis

455 1754 737 1827 ratione,
758 1751 1020 1819 fatetur.
1054 1750 1372 1824 Alterum,
1405 1751 1485 1812 de
1517 1765 1651 1833 quo
1679 1749 2009 1817 Lectorem
2041 1747 2488 1823 prmmoni-tum
2515 1746 2738 1822 velim,
2770 1755 2890 1821 est,
2913 1747 2977 1809 in
3003 1747 3224 1809 codice
3241 1749 3742 1818 Vindebooensi

460 1853 748 1933 singulis
790 1852 1056 1932 quidem
1111 1850 1422 1928 Epistolis
1460 1848 1988 1928 uniuscujusque
2034 1855 2488 1926 argumentum
2526 1847 2862 1926 prmmitti;
2908 1849 3021 1913 sed
3082 1848 3402 1927 Epistolas
3445 1851 3614 1928 ipsas
3671 1859 3739 1913 et

466 1949 976 2015 Commentarios
1010 1950 1264 2015 iliarum
1284 1964 1417 2018 non
1451 1950 1816 2028 interrupto
1873 1947 1984 2013 ﬁlo
2023 1947 2281 2028 absque.
2313 1947 2784 2018 versiculorum
2826 1956 2938 2010 aut
2983 1949 3268 2029 capitum
3311 1949 3740 2014 distinctione

466 2066 608 2112 esse
637 2050 909 2131 digesta.
963 2050 1111 2118 Haec
1162 2048 1458 2119 addenda
1511 2048 1740 2112 censui
1792 2046 2060 2131 majoris
2106 2049 2435 2121 commodi
2490 2047 2691 2129 gratia
2738 2048 2923 2129 juxta
2951 2057 3330 2119 consuetam
3361 2050 3741 2113 Latinorum

463 2150 963 2231 Grmcorumque
999 2147 1389 2214 numerandi
1418 2148 1764 2217 rationem.
1792 2148 2190 2228 Argumenta
2219 2162 2371 2213 vero
2402 2145 2832 2225 Epistolarum
2857 2145 3085 2211 eodem
3119 2147 3311 2217 modo
3338 2147 3577 2226 reliqui
3601 2162 3742 2228 quo

463 2253 533 2316 in
567 2252 787 2315 codice
838 2259 1015 2327 sunt,
1064 2269 1147 2317 ne
1204 2267 1303 2314 me
1324 2249 1569 2331 aliquis
1601 2257 1831 2328 arguat
1863 2249 2290 2325 inﬁdelitatis,
2337 2265 2598 2330 unaque
2640 2249 2844 2315 lector
2876 2258 3203 2330 agnoscat,
3241 2256 3400 2331 quot
3428 2250 3493 2313 in
3533 2252 3748 2329 capita

459 2362 687 2425 auctor
717 2353 1199 2430 Commentarii,
1227 2353 1327 2416 vel
1360 2353 1534 2420 alius
1560 2353 1944 2434 “quicunque
1972 2352 2198 2430 fuerit,
2231 2353 2550 2432 Epistolas
2586 2353 2894 2434 singulas
2954 2355 3161 2418 secari
3211 2354 3496 2419 voluerit
3532 2372 3550 2417 :
3591 2372 3750 2427 nam

467 2456 651 2536 plura
681 2458 1164 2537 inunaquaque
1197 2460 1534 2525 enumerat
1587 2455 1820 2532 capita,
1850 2470 2043 2535 quam
2100 2453 2465 2523 enumerari
2518 2455 2958 2527 communiter
3016 2454 3283 2528 soleant.
3317 2458 3405 2527 Ea
3455 2456 3750 2537 capitum

462 2556 896 2631 enumeratio,
932 2574 1086 2635 qum
1120 2556 1185 2620 in
1214 2555 1500 2627 editione
1529 2556 2041 2632 OEcumeniana,
2072 2556 2422 2629 exhibetur
2455 2557 2649 2620 etiam
2694 2557 2763 2620 in
2791 2558 3313 2632 Commentariis,
3353 2559 3636 2636 Insuper
3658 2558 3751 2630 ad

458 2658 701 2725 calcem
735 2658 1087 2737 cujuslibet
1123 2657 1564 2727 commentarii
1597 2664 1857 2723 notatur
1887 2675 2197 2725 numerus
2223 2658 2717 2732 versiculorum,
2745 2675 2911 2738 quos
2950 2658 3236 2741 Epistola
3258 2657 3324 2725 in
3340 2664 3422 2722 e‘o
3449 2661 3752 2738 exposita

456 2757 935 2820 commentario
965 2757 1469 2837 complectitur:
1507 2759 1620 2838 qui
1680 2776 1991 2825 numerus
2024 2758 2234 2829 multo
2285 2758 2488 2838 major
2537 2766 2659 2833 est,
2709 2760 3060 2836 prtesertim
3122 2759 3190 2821 in
3236 2758 3744 2836 posterioribus:

467 2871 740 2919 numero
771 2861 1108 2921 consueto.
1139 2857 1396 2932 Menda,
1436 2875 1582 2937 qum
1614 2858 1682 2919 in
1716 2857 2040 2938 ejusmodi
2074 2875 2381 2923 numeros
2403 2859 2676 2926 fortasse
2706 2860 3137 2939 irrepserunt,
3161 2859 3486 2939 corrigere
3522 2860 3741 2922 nolui.

469 2964 646 3027 ratus
680 2957 817 3023 ﬁeri
851 2959 1162 3039 potuisse,
1192 2969 1263 3021 ut
1299 2969 1546 3036 auctor,
1577 2961 1773 3023 sicuti
1804 2960 1995 3041 plura
2027 2962 2258 3042 capita,
2292 2964 2374 3026 ita
2415 2972 2478 3027 et
2502 2966 2723 3044 plures
2744 2962 3139 3035 enumerarit
3177 2960 3559 3039 versiculos,
3596 2961 3740 3027 licet

466 3059 564 3129 rei
597 3059 875 3149 hujusce
907 3077 1164 3131 causam
1197 3078 1461 3133 prorsus
1491 3063 1808 3150 ignorem,
1842 3064 1971 3132 Sed
2000 3065 2080 3130 de
2117 3063 2240 3136 hoc
2268 3081 2466 3150 Opere
2500 3067 2680 3139 satis.

1886 3227 2175 3292 SECTIO
2238 3229 2347 3299 Ν,

1415 3368 1503 3429 Da
1544 3368 1829 3435 oratione
1866 3368 1936 3436 in
1976 3367 2427 3437 Adorationem
2455 3372 2523 3437 S.
2565 3377 2801 3447 crucia,

452 3535 465 3545 .
555 3489 728 3559 XIII,
760 3483 1257 3565 Exegeticorpm
1290 3483 1756 3564 Tlleophylacti
1788 3502 2065 3565 Operum
2103 3487 2170 3548 in
2206 3489 2364 3549 Novi
2417 3492 2813 3554 'l‘estamenti
2851 3493 3272 3575 Scriptorum,
3314 3493 3530 3576 quoad
3577 3494 3749 3562 mihi

472 3596 742 3663 constat,
783 3603 1123 3650 numerum
1167 3586 1408 3649 claudit
1443 3587 1960 3653 Commentarios
2009 3587 2078 3657 in
2125 3589 2450 3668 Epistolas
2497 3590 2877 3657 Catholicas.
2930 3595 3001 3658 In
3052 3597 3353 3677 sequenti
3411 3596 3750 3665 volumine

469 3697 704 3767 quarto
734 3686 897 3749 alios
928 3686 1217 3766 ejusdem
1249 3686 1758 3753 Commentarios
1798 3687 1861 3748 in
1898 3689 2099 3751 Vetus
2148 3691 2630 3754 Testamentum
2680 3693 3001 3765 invenies.
3059 3698 3129 3760 ln
3178 3697 3299 3765 hoc
3359 3714 3515 3766 vero
3568 3698 3753 3769 varia
3812 3716 3825 3729 ε

474 3785 938 3866 'l‘heOphylacti
967 3784 1283 3864 opuscula
1318 3784 1786 3864 subjiciuntur,
1822 3789 2014 3867 queis
2054 3805 2279 3867 magna
2313 3805 2391 3851 ex
2441 3797 2613 3868 parte
2647 3799 2859 3855 tomus
2905 3793 3029 3857 iste
3076 3795 3415 3867 conﬂatur.
3459 3797 3754 3868 Primum

468 3894 568 3953 est
594 3883 823 3951 Oratio
854 3887 924 3948 in
965 3885 1401 3955 adoratiomm
1432 3886 1499 3954 S,
1550 3888 1805 3957 crucis;
1834 3904 1981 3968 qum
2008 3887 2274 3967 quidem
2322 3890 2528 3953 oratio
2566 3893 2781 3960 Grmce
2833 3895 3189 3977 Latineque
3231 3899 3402 3969 edita
3443 3897 3570 3961 fuit
3602 3899 3744 3978 jam

473 3987 725 4066 pridem
756 4005 788 4049 a
823 3985 1201 4053 doctissimo
1229 3985 1567 4051 Societatis
1603 3988 1758 4053 Jesu
1790 3988 2097 4070 theologo
2124 3990 2362 4060 Iacobo
2395 3992 2722 4069 Gretsero,
2758 4002 2933 4063 tomo
2957 4001 3249 4067 secundo
3287 4001 3375 4061 De
3409 4002 3475 4064 S.
3527 4019 3744 4074 cruce-

472 4090 602 4149 Nos
627 4098 842 4150 tamen
874 4094 1121 4153 textum
1153 4088 1446 4161 Graecum
1478 4103 1608 4158 non
1642 4105 1722 4153 ex
1754 4089 1985 4159 eodem
2020 4091 2346 4168 Gretsero,
2391 4092 2504 4156 sed
2543 4111 2624 4156 ex
2658 4095 2878 4158 codice
2919 4098 3747 4173 Cmsareo-Vindobonensi

474 4187 865 4264 descriptum
902 4183 1312 4247 exhibemus.
1346 4186 1549 4255 Suum
1584 4186 1697 4248 ille
1741 4187 2139 4266 deprompsit
2169 4205 2255 4258 ex
2282 4191 2504 4257 codice
2528 4193 3337 4268 BavaricmMonachiens-i.
3374 4203 3495 4262 Sed
3527 4203 3747 4281 quoad

478 4283 788 4361 colligere
826 4284 1013 4353 licuit
1046 4299 1127 4345 ex
1151 4292 1451 4349 accurata
1479 4286 1821 4367 utriusque
1852 4295 2065 4351 textos
2100 4289 2472 4365 collatione,
2504 4291 2904 4372 deprehendi
2955 4297 3057 4361 vel
3094 4300 3367 4362 alterum
3414 4318 3493 4369 ex
3542 4301 3748 4371 altero

475 4386 580 4450 vel
612 4396 964 4467 utrumque
997 4403 1076 4454 ex
1110 4380 1242 4451 uno
1273 4387 1633 4469 eodemque
1666 4390 1890 4455 codice
1917 4388 2123 4455 fuisse
2156 4391 2578 4472 descriptum.
2611 4397 2703 4468 ita
2734 4398 2911 4463 enim
2942 4401 3341 4472 conveniunt
3373 4402 3541 4465 inter
3570 4421 3745 4480 sese,

475 4501 547 4553 ut
584 4507 664 4551 ne
698 4491 1014 4555 variantes
1049 4490 1316 4574 quidem
1350 4489 1690 4568 lectiones,
1723 4492 1782 4562 si
1814 4510 2031 4569 unam,
2061 4492 2161 4556 vel
2192 4493 2460 4565 alteram
2490 4498 2802 4577 excipias,
2855 4503 3281 4581 suppeditarit
3311 4504 3433 4570 ista
3462 4503 3743 4573 collatio.

472 4596 793 4679 Quodque
832 4594 1040 4674 majus
1073 4601 1195 4667 est,
1226 4593 1563 4664 lacunulas
1604 4596 1793 4667 duas,
1835 4613 2113 4675 quarum
2156 4597 2419 4663 alteram
2452 4618 2531 4663 ex
2573 4603 2940 4685 conjectura
2970 4605 3109 4684 ipse
3140 4605 3464 4684 supplevi,
3516 4607 3748 4668 eodem

474 4698 543 4757 in
591 4695 731 4763 leno
781 4696 1141 4775 eodemque
1187 4697 1383 4763 modo
1436 4696 1627 4763 habet
1686 4706 1986 4778 uterque.
2050 4701 2432 4769 Versionem
2502 4705 2814 4775 Latinam,
2871 4724 3061 4787 quam
3119 4709 3458 4776 Gretserus
3514 4710 3751 4779 Graecae

477 4800 717 4877 lingum
751 4798 1188 4875 peritissimus
1215 4799 1592 4892 adornavit,
1626 4801 1932 4881 subjicio.
1969 4803 2284 4867 Pauculas
2314 4805 2383 4867 in
2437 4807 2561 4869 fine
2603 4808 2919 4875 orationis
2953 4818 3134 4877 notas
3192 4813 3425 4891 adjecit
3472 4813 3616 4888 ille;
3665 4832 3752 4881 ex

478 4901 721 4982 quibus
752 4901 939 4975 duas,
974 4919 1117 4981 quae
1143 4902 1422 4987 alicujus
1468 4905 1777 4967 momenti
1813 4906 1968 4973 vism
2007 4916 2184 4984 sunt,
2229 4908 2608 4988 selegimus,
2659 4928 2911 4992 suoque
2954 4914 3021 4976 in
3075 4915 3213 4979 loco
3260 4916 3747 4992 collocavimus,

480 5019 710 5079 nempe
755 5002 987 5081 pagina
1013 5002 1152 5071 1558,
1189 5005 1316 5066 Nos
1356 5020 1575 5077 unam,
1630 5006 1726 5069 vel
1780 5007 2070 5084 alteram,
2116 5009 2222 5072 cui
2262 5011 2479 5090 aliqua
2530 5014 2825 5076 codicum
2880 5017 3147 5083 varietas
3190 5034 3408 5083 ansam
3451 5024 3747 5098 praebuit,

448 5107 871 5172 .addidimus.
906 5107 1219 5173 Cmterum
1254 5108 1515 5193 egregia
1547 5118 1644 5173 est
1690 5112 1913 5177 isthmc
1961 5114 2192 5188 oratio,
2248 5124 2313 5176 et
2359 5116 2839 5197 Theophylacto
2880 5122 3155 5185 maxime
3207 5123 3421 5206 digna,
3473 5124 3749 5203 ejusque

474 5211 738 5291 genium
766 5223 840 5276 ac
868 5209 1138 5290 stylum,
1173 5228 1318 5274 meo
1349 5214 1613 5291 quidem
1643 5215 1920 5293 judicio,
1956 5232 2087 5293 pra;
2114 5234 2183 5278 se
2215 5215 2369 5278 fert:
2409 5220 2825 5296 quamobrem
2859 5222 3034 5286 nulla
3068 5241 3210 5286 esse
3241 5224 3431 5287 debet
3460 5225 3540 5286 de
3569 5225 3749 5288 illius

476 5324 735 5375 auctore
764 5312 1083 5391 suspicio.
1116 5313 1334 5377 Medio
1361 5314 1771 5397 Jejuniorum
1804 5326 2116 5396 tempore,
2178 5327 2247 5381 ut
2298 5337 2378 5383 ex
2407 5321 2549 5401 ejus
2610 5322 2800 5386 titulo
2855 5334 3128 5399 constat,
3191 5326 3402 5390 habita
3453 5337 3571 5403 est,
3641 5330 3750 5391 die

477 5408 975 5489 scilicetaliquo
1010 5408 1424 5477 hebdomadte
1454 5426 1701 5493 quartae
1731 5416 2280 5495 Quadragesimte,
2311 5437 2456 5497 quae.
2490 5436 2524 5481 a
2559 5421 2798 5484 Graecis
2832 5430 3254 5502 μεσονήστιμος,
3290 5425 3479 5491 medii
3508 5429 3751 5509 jejunit'

484 5520 766 5584 vocatur,
797 5511 951 5591 quia
980 5529 1214 5592 nempe
1242 5530 1322 5576 ex
1348 5523 1593 5593 septem
1626 5514 2078 5591 hebdomadis,
2116 5518 2619 5596 quasjejunium
2654 5521 3224 5602 Quadragesimale
3272 5526 3444 5606 apud
3493 5527 3749 5588 Graecos

480 5614 920 5691 complectitur
966 5617 1276 5697 integras,
1313 5626 1538 5697 quarta
1563 5617 1876 5698 [medium
1929 5620 2053 5682 sibi
2109 5621 2387 5685 vindicat
2448 5624 2684 5686 locum.
2736 5628 2924 5711 Tota.
2959 5626 3074 5691 hac
3131 5627 3524 5691 hebdomade
3586 5644 3746 5690 crux

484 5713 722 5795 populo
742 5719 1063 5782 adoranda
1086 5736 1122 5784 a
1150 5721 1477 5785 sacerdote
1501 5722 1879 5805 solemniter
1905 5724 2273 5789 exhibetur.
2304 5726 2618 5800 Quocirca
2647 5728 2980 5792 Dominica
3009 5730 3212 5807 tertia,
3239 5747 3363 5811 qua
3387 5731 3744 5809 insequens
