4044 6466
435 348 543 413 425
1298 348 1381 410 IN
1425 347 1862 422 SEQUENTIA
1901 347 2482 413 THEOPHYLACTI
2514 351 2852 416 sca-1pm.
3393 309 3410 322 ’
3619 351 3720 422 £20

438 460 788 525 inchoatur
828 460 1254 539 hebdomade,
1293 469 1551 542 Κυριακὴ
1591 483 2035 539 σταυροπροσκω

2125 481 2254 539 εως,
2295 465 2626 530 Dominica
2667 466 3067 532 adorationis
3121 469 3334 548 crucis
3391 487 3430 534 a
3485 471 3721 534 Graecis

437 563 703 629 dicitur.
739 565 976 628 Prteter
1002 565 1168 629 hanc
1208 563 1673 645 TheOphylacti
1719 561 2055 626 homiliam
2088 574 2341 631 exstant
2381 568 2527 634 alia)
2567 571 2784 649 plures
2815 573 2896 635 ab
2935 572 3419 656 antiquioribus
3463 575 3725 640 Graeciaa

436 663 735 730 Pati-ibus
766 664 1002 728 habitae
1031 666 1095 728 in
1129 665 1247 729 hac
1274 666 1412 745 ipsa
1451 664 1888 742 solemnitate,
1914 682 2076 746 quas
2100 667 2542 758 prmlaudatus
2562 673 2906 736 Gretserus
2943 676 3428 740 accuratissime
3466 677 3726 758 collegit

436 770 778 850 ediditque
811 770 880 832 in
913 768 1218 848 praedicto
1249 785 1445 848 opere
1467 770 1557 830 De
1584 786 1796 833 cruce.
1822 771 1916 831 Ex
1946 769 2188 850 quibus
2216 770 2383 835 illud
2417 775 2643 838 saltem
2671 773 2970 854 efficitur,
3003 779 3290 847 Graecam
3314 796 3464 842 cum
3503 781 3728 844 Latina

433 872 792 935 Ecclesiam
821 871 892 934 in
927 869 1051 934 hoc
1080 871 1377 952 dogmate
1411 870 1491 934 de
1526 870 1738 934 crucis
1777 871 2158 936 adoratione
2190 892 2308 938 seu
2343 874 2760 942 veneratione
2797 880 3177 960 planissime
3219 884 3623 959 consentire;
3663 891 3729 948 et

436 973 562 1038 hoc
593 974 1009 1054 potissimum
1042 982 1165 1050 est,
1200 975 1374 1056 quod
1408 973 1648 1037 exinde
1683 974 1949 1053 petitur,
1984 977 2526 1042 emolumentum.

1872 1151 2159 1214 SECTIO
2203 1154 2278 1215 V.

986 1301 1075 1360 De
1105 1297 1392 1362 oratione
1423 1299 1491 1361 in
1517 1296 2075 1360 Prwsentationem
2107 1298 2182 1361 B.
2215 1299 2440 1363 Maria?
2496 1301 2774 1382 Virginis
2817 1305 2884 1367 in
2920 1309 3177 1386 templo.

507 1453 684 1518 XIV.
771 1451 1138 1516 Orationem
1221 1451 1387 1514 hanc
1467 1451 1694 1514 Latine
1768 1451 2078 1518 reddidit.
2123 1452 2461 1534 ediditque
2534 1455 2918 1520 Franciscus
2985 1458 3411 1522 Combeﬁsius
3473 1461 3724 1524 ordinis

432 1553 960 1627 Praedicatorum,
995 1568 1190 1632 quam
1221 1551 1502 1614 inseruit
1530 1551 1938 1616 Bibliotheca:
1964 1569 2098 1616 suae
2129 1555 2623 1619 concionatoriw
2648 1562 2802 1621 tom.
2836 1559 3007 1624 VIII.
3043 1560 3202 1624 Cum
3251 1563 3510 1626 Graacus
3542 1564 3721 1645 ejus-

431 1658 582 1721 dem
610 1665 828 1722 textus
858 1675 940 1721 ex
972 1656 1196 1720 codice
1228 1655 1644 1720 bibliothecae
1665 1656 1885 1736 Regiae
1915 1656 2303 1721 Parisiensis
2333 1659 2700 1738 exscriptus
2745 1660 2815 1723 in
2849 1677 3081 1725 manus
3135 1680 3309 1726 meas
3359 1663 3723 1739 incidisset,

429 1776 580 1823 cum
610 1760 828 1824 Latina
871 1757 1238 1823 Combeﬁsii
1274 1757 1575 1822 versione
1625 1757 1925 1824 conluli.:
1966 1776 2112 1838 qua)
2158 1760 2308 1823 licet
2367 1760 2526 1824 satis
2585 1771 2904 1840 accurata,
2961 1764 3120 1827 mihi
3180 1765 3372 1845 paulo
3431 1766 3568 1829 visa
3628 1775 3727 1828 est

430 1864 812 1940 obscurior;
853 1866 1151 1946 adeoque
1181 1865 1524 1930 clariorem
1549 1865 1739 1929 aliam
1773 1883 1846 1929 ac
1877 1865 2256 1929 nitidiorem
2292 1866 2544 1932 efﬁcere
2575 1876 2845 1932 conatus
2889 1887 3060 1932 sum.
3093 1871 3281 1946 Quod
3335 1878 3548 1935 utrum
3594 1870 3718 1934 sim

432 1979 798 2046 assecutus,
830 1971 1097 2034 illorum
1124 1970 1451 2050 judicium
1489 1979 1652 2048 esto,
1687 1973 1798 2053 qui
1822 1955 2115 2036 conferre
2147 1983 2489 2055 utramque
2518 1976 2864 2039 voluerint.
2885 1976 3151 2040 Interim
3175 1995 3320 2041 cum
3355 1977 3436 2040 cl.
3475 1979 3724 2040 Prwvice

435 2075 924 2139 Dissertationis
957 2083 1181 2139 auctor
1218 2077 1575 2140 orationem
1621 2077 1784 2141 hanc
1816 2095 1963 2141 cum
1998 2095 2164 2142 nova
2211 2080 2422 2159 ipsius
2454 2081 2756 2146 versione
2810 2083 3247 2146 enuntiaverit
3299 2083 3719 2164 proditurum,

433 2192 600 2251 eam,
634 2177 850 2258 qualis
881 2179 1146 2242 demum
1173 2196 1434 2259 cunque
1467 2180 1574 2254 sit,
1603 2180 1672 2241 in
1713 2179 1924 2243 lucem
1960 2180 2210 2245 emitto.
2244 2181 2307 2244 Si
2347 2183 2496 2262 quis
2527 2183 2790 2245 alteram
2844 2183 3046 2259 malit,
3099 2184 3467 2264 prmdictam
3535 2184 3724 2246 adeat

435 2278 911 2344 Bibliothecam.
947 2282 1267 2346 Versione
1307 2282 1425 2345 hac
1460 2299 1492 2345 a
1525 2299 1628 2345 me
1658 2283 1910 2362 jamdiu
1939 2283 2254 2359 absoluta,
2307 2283 2482 2348 aliud
2540 2285 2834 2366 ejusdem
2888 2286 3202 2349 orationis
3259 2285 3592 2365 exemplar
3641 2302 3722 2348 ex

434 2383 659 2449 codice
691 2385 766 2446 15
797 2385 1192 2449 Seldeniano
1221 2385 1665 2449 celeberrimae
1695 2386 2105 2450 bibliotheca;
2135 2387 2506 2450 Bodleianaa
2530 2388 3136 2468 descriptum,mihi
3167 2388 3431 2451 allatum
3467 2389 3721 2451 Oxonio

432 2492 557 2549 est.
599 2485 948 2566 Utramque
985 2485 1326 2550 conferens
1371 2505 1487 2550 sua
1521 2486 1587 2550 in
1621 2496 1902 2567 utroque
1935 2487 2167 2552 menda
2199 2488 2443 2565 detexi,
2481 2496 2675 2570 atque
2716 2489 2992 2554 alterum
3024 2490 3209 2552 alteri
3263 2506 3380 2570 pro
3429 2489 3720 2553 locorum

432 2587 808 2651 diversitate
832 2595 1154 2668 praestare.
1177 2589 1489 2665 Quamvis
1514 2607 1668 2654 vero
1689 2590 2054 2654 Oxoniensi
2079 2591 2449 2656 Parisiense
2474 2593 2772 2656 nonnihil
2794 2593 3146 2658 concedere
3171 2591 3527 2668 videretur,
3549 2592 3723 2654 nihi-

434 2688 722 2752 lominus
756 2689 833 2752 ad
868 2690 1234 2753 Parisiense
1275 2691 1606 2770 exemplar
1647 2690 1812 2754 hanc
1863 2691 2220 2756 editionem
2275 2694 2541 2773 exigere
2600 2694 2825 2769 malui,
2859 2701 2994 2756 tum
3047 2693 3218 2773 quod
3281 2693 3488 2771 primo
3551 2692 3721 2755 illud

433 2791 660 2854 Latine
685 2791 1063 2856 translatum
1086 2809 1120 2856 a
1145 2794 1532 2858 Combeﬁsio
1556 2795 1803 2857 editum
1831 2803 2026 2871 esset,
2050 2802 2187 2858 tum
2209 2797 2387 2876 quod
2418 2813 2498 2860 ex
2523 2795 2666 2875 ipso
2698 2795 2936 2874 pariter
2965 2812 3170 2857 meam
3204 2809 3325 2874 ego
3356 2793 3720 2857 versionem

429 2891 836 2956 elicuissem.
874 2896 1340 2959 Verumtamen
1376 2895 1700 2959 variantes
1732 2895 1978 2959 codicis
2023 2897 2393 2960 Barocciani
2443 2897 2760 2962 lectiones
2793 2897 3094 2978 (quarum
3136 2895 3373 2977 aliqua;
3423 2895 3722 2959 dicendae

431 2994 654 3075 potius
676 3004 830 3058 sunt
865 2998 1324 3078 correctiones)
1355 3000 1433 3060 ad
1467 2998 1846 3062 inferiorem
1875 2999 2232 3077 marginem
2262 2998 2771 3080 diligentissime
2804 2999 3140 3074 adnotavi;
3169 2981 3315 3078 qum
3344 2997 3485 3060 loco
3507 2995 3720 3074 ipsius

427 3098 679 3162 codicis
727 3099 952 3163 haberi
990 3102 1221 3164 merito
1268 3110 1563 3180 possunt.
1620 3101 1846 3175 Quoad
1881 3101 2085 3181 ipsam
2120 3100 2350 3164 attinet
2399 3101 2785 3177 orationem,
2843 3099 3008 3163 adeo
3070 3107 3375 3178 praestans
3431 3097 3565 3160 visa
3622 3113 3720 3166 est

427 3199 843 3274 Combeﬁsio,
884 3208 954 3263 ut
985 3217 1277 3266 asserere
1307 3220 1436 3266 non
1475 3201 1811 3277 dubitarit,
1866 3203 2421 3285 TbeOphylactum
2455 3212 2518 3268 et
2572 3205 2639 3267 in
2677 3204 2794 3267 hac
2842 3201 3132 3266 oratione
3187 3199 3721 3281 sapientissimum

427 3299 719 3361 ostendi:
758 3317 877 3363 nec
908 3300 1236 3364 immerito
1273 3301 1565 3381 quidem,
1603 3317 1748 3364 cum
1785 3303 2128 3382 multiplex
2165 3303 2582 3382 eloquentiae,
2624 3302 3018 3367 eruditionis
3051 3311 3112 3366 et
3150 3301 3490 3366 vividioris
3537 3301 3721 3380 inge-

426 3402 526 3464 nii
557 3402 626 3464 in
659 3418 734 3464 ea
774 3402 994 3465 lumen
1035 3402 1364 3483 effulgent.
1406 3403 1778 3467 Severiores
1827 3413 2037 3468 tamen
2084 3405 2291 3469 critici
2349 3405 2623 3468 fortasse
2672 3421 2800 3468 non
2860 3404 3222 3484 probabunt
3270 3403 3341 3466 in
3386 3417 3490 3478 eo,
3539 3405 3713 3482 quod

425 3510 650 3574 Mariae
678 3509 964 3590 Virginis
994 3509 1452 3573 deductionem
1486 3510 1553 3572 in
1591 3509 1927 3590 templum,
1959 3510 2217 3592 aliaque
2248 3510 2354 3573 his
2383 3511 2594 3574 aﬂinia
2623 3510 2927 3573 minutim
2957 3509 3122 3572 adeo
3153 3506 3494 3580 describat,
3526 3523 3599 3570 ac
3655 3507 3714 3568 si

425 3613 706 3678 suismet
737 3612 947 3677 oculis
988 3613 1326 3675 lustrasset
1354 3611 1596 3675 omnia.
1644 3612 1768 3674 Sed
1800 3611 1988 3675 facile
2024 3612 2322 3692 scriptori
2355 3615 2576 3675 Graeco
2616 3613 2824 3676 danda
2884 3610 3072 3674 venia
3129 3621 3253 3687 est,
3290 3617 3512 3690 utpote
3570 3611 3714 3691 qui,

425 3717 848 3782 traditionem
879 3714 1021 3777 suis
1052 3714 1119 3777 in
1163 3714 1541 3792 regionibus
1569 3714 1697 3794 jam
1738 3723 2056 3794 receptam
2101 3723 2390 3791 secutus,
2453 3733 2526 3778 ea
2589 3715 2715 3776 sibi
2776 3715 2994 3778 omnia
3051 3715 3293 3778 nedum
3351 3712 3714 3788 referenda,

429 3819 539 3882 sed
577 3818 770 3880 etiam
806 3815 1088 3879 oratorio
1131 3815 1303 3893 stylo
1333 3815 1700 3878 exornanda
1753 3817 2022 3895 putavit.
2081 3817 2248 3879 Illud
2277 3825 2450 3880 certe
2520 3817 2590 3878 in
2645 3815 3126 3895 Theophylacto
3193 3813 3711 3905 suscipiendum,

433 3923 599 4002 quod
643 3937 792 3985 cum
829 3921 1024 3997 probe
1053 3927 1493 4000 cognosceret,
1548 3921 1702 4000 quid
1763 3920 2174 3997 potissimum
2231 3921 2680 3984 adversaretur
2738 3925 3001 3982 summat
3055 3917 3400 3986 narrationi
3458 3917 3712 3997 (estque

444 4025 594 4087 illud
627 4027 831 4098 idem,
851 4025 1041 4106 quod
1071 4023 1328 4103 aliquos
1358 4024 1714 4102 recentia
1746 4025 2118 4088 criticorum
2147 4025 2220 4088 in
2255 4025 2639 4088 contrariam
2681 4023 3068 4088 sententiam
3113 4023 3425 4105 impulit),
3449 4029 3713 4086 strenue

436 4126 907 4190 allaboravitin
941 4143 1020 4189 eo
1058 4128 1139 4189 de
1186 4126 1402 4189 medio
1445 4127 1758 4202 tollendo,
1820 4126 2048 4207 reique
2107 4129 2431 4191 universae
2486 4128 2890 4191 concilianda
2949 4127 3401 4208 probabilitate
3445 4145 3574 4190 :ne
3631 4126 3712 4186 de

428 4230 789 4294 moralibus
826 4229 1267 4304 documentis,
1307 4246 1452 4310 qum
1487 4229 1723 4292 exinde
1757 4229 2084 4309 sapienter
2116 4229 2316 4306 elicit,
2352 4230 2544 4294 verba
2580 4228 2830 4294 faciam.

1856 4399 2144 4463 SECTIO
2186 4402 2296 4462 Vl.

714 4555 805 4614 De
852 4564 1162 4633 martyrio
1193 4552 1551 4636 quindecim
1579 4561 1932 4632 martyrum
1965 4549 2384 4631 Tiberiopoli,
2417 4551 2769 4630 imperante
2797 4549 3060 4611 Iuliano
3098 4549 3430 4628 Apostata.

506 4700 652 4761 XV.
688 4699 836 4762 Haec
874 4697 1341 4778 Theophylacti
1378 4698 1601 4763 Oratio
1644 4698 1763 4780 (sic
1793 4698 1968 4762 enim
2023 4697 2164 4779 ipse
2198 4695 2711 4762 lucubrationem
2746 4695 2932 4758 istam
2979 4694 3280 4775 appellat)
3330 4710 3461 4757 non
3518 4695 3710 4759 modo

425 4803 608 4883 typis
637 4816 876 4863 excusa
912 4799 1254 4880 hucusque
1309 4816 1644 4880 nunquam
1689 4799 1838 4873 fuit,
1898 4799 2012 4862 sed
2061 4798 2150 4862 ita
2206 4798 2398 4862 etiam
2443 4795 2610 4876 fugit
2665 4793 3067 4858 eruditorum
3131 4793 3448 4870 notitiam,
3514 4801 3584 4857 ut
3630 4811 3712 4857 ex

427 4906 744 4969 omnibus
773 4906 860 4968 iis
888 4905 1001 4986 qui
1037 4905 1136 4967 vel
1179 4905 1322 4968 data
1359 4921 1553 4983 Opera
1591 4905 1671 4967 de
1707 4901 2190 4983 TheOphylacto
2226 4902 2499 4983 ejusque
2533 4898 2841 4979 operibus
2888 4897 3228 4976 scripsere,
3277 4896 3472 4978 hujus
3527 4914 3712 4961 men-

426 5011 679 5073 tionem
706 5007 934 5072 fecerit
967 5007 1236 5072 omnino
1269 5006 1515 5069 nullus.
1556 5007 1638 5068 Ea
1685 5004 1926 5067 Oxonii
1962 5005 2028 5066 in
2061 5001 2481 5066 celeberrima
2517 4999 2907 5062 bibliotheca
2945 4998 3291 5062 Bodleiana
3345 4999 3514 5062 inter
3552 5018 3708 5064 mss.

427 5111 854 5176 Baroccianos
889 5112 1122 5174 latebat
1151 5109 1220 5172 in
1253 5109 1476 5172 codice
1507 5109 1624 5189 qui
1654 5107 1825 5171 varia
1860 5107 1985 5170 alia
2025 5113 2360 5170 auctorum
2403 5103 2718 5182 opuscula
2757 5100 3229 5181 complectitur.
3279 5101 3504 5182 Neque
3557 5119 3712 5161 vero

427 5213 616 5277 illius
646 5211 811 5276 forte
841 5209 1071 5274 notitia
1099 5209 1178 5271 ad
1209 5224 1328 5272 nos
1368 5209 1775 5289 pervenisset
1810 5224 2120 5287 unquam,
2151 5206 2284 5269 nisi
2321 5205 2671 5269 vehemens
2717 5201 3116 5271 desiderium
3163 5203 3359 5282 hujus
3401 5201 3711 5264 editionis

430 5321 804 5377 curatorum
841 5309 1008 5374 nihil
1036 5311 1303 5372 omnino
1328 5308 1856 5389 prmtermittendi
1904 5307 2080 5388 quod
2111 5307 2661 5387 TheOphylactum
2688 5303 2954 5368 haberet
2982 5311 3332 5374 auctorem,
3366 5302 3554 5366 nobis
3589 5303 3711 5366 sti-

434 5415 650 5482 mulos
687 5415 1071 5490 addidisset,
1104 5421 1174 5477 ut
1206 5414 1379 5478 inter
1408 5413 1568 5481 alios
1592 5412 1784 5476 etiam
1816 5412 2190 5492 Catalogum
2214 5409 2526 5472 librorum
2550 5426 2697 5471 mss.
2731 5407 2973 5486 Anglia:
3005 5416 3062 5467 et
3091 5404 3436 5482 Hiberniae,
3470 5405 3714 5470 Oxonii

428 5520 684 5585 editum
718 5535 826 5581 an.
860 5515 1017 5580 1697
1053 5518 1122 5579 in
1149 5515 1326 5580 hunc
1355 5515 1548 5579 ﬁnem
1594 5514 2072 5579 evolveremus.
2107 5515 2177 5576 In
2209 5513 2332 5577 hoc
2365 5513 2584 5592 itaque
2639 5511 3087 5573 incumbentes
3146 5505 3501 5572 incidimus
3562 5526 3707 5589 pag.

423 5625 538 5697 28,
565 5630 717 5686 tom.
752 5622 803 5698 Ι,
840 5636 1020 5683 num.
1055 5620 1194 5692 197,
1226 5617 1294 5680 in
1340 5618 1716 5700 hujusmodi
1753 5616 2048 5679 titulum:
2094 5615 2483 5695 Martyrium
2511 5613 2620 5676 XV
2660 5617 3013 5690 martyrum
3048 5605 3160 5669 sub
3193 5605 3455 5669 Juliano
3509 5612 3712 5690 impe-

427 5736 670 5804 ratore,
699 5733 961 5789 auctore
997 5723 1484 5805 Theophylucto.
1517 5725 1651 5785 Hac
1687 5723 1765 5786 de
1799 5740 1866 5787 re
1898 5723 2132 5786 certior
2163 5722 2368 5783 factus
2404 5718 2601 5797 hujus
2647 5713 2956 5779 editionis
2999 5711 3214 5776 fautor
3262 5731 3555 5776 summus
3609 5712 3712 5793 (de

433 5850 564 5920 quo
595 5829 917 5898 nonnulla
973 5828 1173 5891 babes
1211 5829 1279 5890 in
1326 5828 1568 5892 Praevia
1606 5829 1968 5905 DissertaL,
2021 5844 2200 5891 num.
2247 5827 2382 5896 1041
2438 5839 2550 5902 pro
2611 5820 2854 5885 eximio
2891 5835 3011 5881 suo
3073 5817 3137 5881 in
3197 5835 3405 5920 sacras
3468 5818 3710 5881 litteras

766 5934 1039 5993 Pa'rnon.
1085 5930 1206 5992 Gn.
1249 5930 1488 5994 CXXV.
3282 5919 3349 5980 li
