4044 6470
303 380 416 438 42Ἱ
1381 373 1769 438 BONIFACII
1811 373 2122 436 FINETTI
2160 373 2560 437 PRIEFATIO
3495 379 3602 442 423

316 489 560 566 studio;
596 491 1224 556 nihil-cunctandum
1260 503 1354 556 est
1385 500 1583 567 ratus,
1622 491 1784 571 quin
1817 508 1928 569 per
1962 493 2281 554 Venetam
2313 494 2679 572 ablegatum
2720 491 2798 554 ad
2855 509 3073 572 regem
3125 495 3379 574 Anglia
3431 496 3597 562 illud

314 591 827 656 exscribendum
849 603 1123 658 curaret.
1162 593 1640 655 Transmissum
1683 591 1938 653 Oxonio
1978 595 2417 672 apographum
2457 593 2618 654 mihi
2672 593 2978 656 traditum
3037 602 3133 657 est
3179 597 3404 660 Latine
3460 616 3606 662 ver-

313 695 822 774 tendum;quod
857 696 1122 778 quidem
1177 695 1474 775 pluribus
1505 694 1583 756 de
1639 693 1855 754 causis
1920 701 2171 771 gratum
2241 691 2588 774 fuit:quia
2644 695 2896 757 scilicet
2952 703 3014 757 et
3067 698 3602 776 praestantissimo

311 798 593 861 senatori
625 816 758 862 rem
786 808 1024 880 gratam
1060 816 1161 861 me
1189 815 1333 860 esse
1368 796 1690 858 iacturum
1727 793 2197 874 intelligerem;
2229 803 2288 858 et
2333 795 2752 859 benemeritis
2807 797 3119 861 editionis
3172 798 3366 880 hujus
3417 818 3606 865 cura-

311 899 562 963 t’oribus
595 899 880 963 ofﬁcium
903 899 1023 962 hoc
1046 899 1456 972 exhiberem;
1484 913 1555 958 ac
1585 895 1873 976 denique
1903 895 2450 976 qualemcumque
2485 895 2768 959 laborem
2791 913 3186 978 Operamque
3221 917 3422 962 meam
3455 909 3598 963 stu-

309 1001 515 1063 diosis
545 1017 866 1063 sacrarum
899 1001 1255 1062 litterarum
1283 997 1858 1061 accommodarem.
1883 997 1958 1059 Ut
1981 1013 2134 1060 vero
2168 997 2452 1076 primum
2484 997 2708 1060 oculos
2733 997 2801 1060 in
2835 1001 3278 1080 apographum
3313 1004 3596 1083 conjeci,

283 1105 431 1166 .fuit
464 1104 769 1184 equidem
805 1104 979 1186 quod
1016 1103 1243 1184 majori
1281 1119 1384 1164 me
1425 1099 1703 1164 aﬁiceret
1741 1098 2094 1180 voluptate,
2126 1099 2453 1162 animirum
2500 1099 2696 1180 hujus
2745 1101 3047 1180 opusculi
3113 1103 3361 1165 utilitas
3404 1112 3600 1184 atque

308 1213 702 1290 prastantia;
739 1214 850 1274 sed
885 1211 1013 1276 fuit
1053 1211 1272 1287 etiam,
1305 1212 1481 1291 quod
1514 1209 1674 1273 mihi
1709 1209 2068 1289 plurimum
2101 1212 2497 1292 diSpliceret,
2537 1231 2772 1294 nempe
2817 1231 3071 1278 summa
3119 1211 3468 1295 apographi
3526 1219 3601 1275 ac

306 1329 470 1389 pene
499 1313 900 1376 incredibilis
928 1311 1268 1376 vitiositas.
1303 1313 1427 1376 Sed
1460 1313 1539 1376 de
1585 1313 1701 1376 hac
1732 1314 2090 1392 posteriore
2131 1313 2325 1388 alias;
2361 1331 2535 1377 nunc
2569 1317 2669 1394 [de
2719 1315 2954 1394 priore.
3007 1318 3336 1380 Orationis
3399 1315 3598 1397 hujus

301 1418 735 1494 prastantiam
770 1417 1246 1498 utilitatemque
1280 1433 1495 1494 nemo,
1535 1423 1606 1482 ut
1649 1417 2404 1503 arbitror,_inﬁciabitur,
2458 1420 2571 1501 qui
2609 1431 3023 1500 perspectum
3056 1422 3596 1502 exploratumque

301 1520 533 1584 habeat
562 1519 744 1582 illius
775 1529 1240 1600 argumentum
1272 1532 1334 1582 et
1371 1537 1502 1582 rem
1542 1519 1608 1580 in
1641 1520 1784 1597 ipso
1823 1525 2211 1584 contentam.
2243 1522 2487 1600 Nempe
2521 1521 2809 1583 continet
2836 1521 3173 1584 historiam
3205 1521 3362 1583 satis
3405 1518 3595 1598 igrio-

299 1634 430 1686 tam
465 1625 756 1705 martyrii
787 1625 1163 1705 quindecim
1199 1632 1576 1704 martyrum,
1608 1625 1720 1704 qui
1761 1624 1880 1685 sub
1918 1624 2178 1688 Juliano
2217 1625 2612 1704 imperatore
2649 1633 2935 1705 apostata
2984 1625 3388 1706 Tiberiopoli
3438 1644 3593 1690 san-

187 1761 190 1764 -
304 1727 572 1807 guinem
602 1726 911 1790 fuderunt
951 1743 1065 1806 pro
1098 1726 1383 1788 Christo:
1420 1732 1555 1786 tum
1589 1724 1852 1788 illorum
1893 1741 2240 1811 corporpm
2279 1726 2982 1810 translationemjussu
3015 1729 3375 1802 Michaelis,
3405 1727 3597 1809 primi

305 1827 731 1907 Bulgarorum
765 1827 938 1906 regis
973 1825 1350 1901 Christiani,
1387 1833 1736 1905 peractam;
1771 1825 2010 1888 deinde
2047 1827 2224 1889 varia
2254 1844 2327 1890 ac
2362 1846 2625 1908 prorsus
2675 1830 2958 1912 insignia
3013 1849 3158 1895 cum
3211 1842 3385 1908 ante,
3457 1843 3597 1897 tum

305 1941 448 2009 post
480 1929 966 1992 translationem
998 1929 1174 1992 illam
1205 1945 1240 1991 a
1271 1932 1406 1992 Deo
1441 1936 1680 2009 patrata
1710 1931 2091 1994 eorumdem
2121 1940 2478 2012 martyrum
2513 1935 3014 2012 intercessione,
3055 1938 3390 2002 miracula.
3426 1938 3597 2002 Huic

305 2053 458 2099 vero
487 2035 842 2098 narrationi
875 2035 1361 2114 pramittuntur
1388 2035 1609 2114 aliqua
1641 2036 1722 2098 de
1757 2036 2139 2100 Christiana
2168 2036 2317 2100 ﬁdei
2361 2037 2694 2118 triumpho
2741 2040 2865 2102 sub
2901 2041 3328 2104 Constantino
3380 2043 3466 2105 M.
3530 2050 3596 2104 et

303 2138 452 2202 ﬁliis
489 2138 672 2201 illius
699 2137 946 2201 tribus:
983 2139 1097 2200 sed
1125 2135 1328 2199 multo
1353 2136 1539 2216 plura
1573 2146 1914 2202 narrantur
1949 2139 2029 2201 de
2063 2139 2148 2200 iis
2197 2157 2344 2219 qua
2373 2139 2637 2202 Juliano
2681 2143 2986 2220 Apostata
3033 2136 3389 2222 imperante
3449 2163 3599 2225 per-

305 2240 480 2320 pessi
509 2250 660 2304 sunt
691 2241 931 2305 Christi
959 2239 1208 2305 ﬁdeles.
1244 2240 1403 2315 Quae
1434 2240 1702 2320 quidem
1733 2241 1952 2304 omnia
2009 2257 2089 2304 ex
2138 2241 2427 2306 historia
2479 2243 2936 2308 ecclesiastica
2991 2263 3164 2325 penu
3215 2247 3597 2328 deprompta

303 2345 476 2408 haud
502 2347 916 2423 inconcinne,
949 2348 1287 2428 cujusdam
1322 2347 1615 2427 procemii
1655 2347 1820 2421 loco,
1860 2345 1968 2410 hic
1994 2347 2412 2424 exhibentur,
2447 2355 2509 2411 et
2541 2349 3086 2429 quemadmodum
3127 2353 3269 2430 ipse
3303 2351 3595 2433 loquitur

304 2446 855 2527 TheOphylactus,
888 2454 960 2508 ut
996 2445 1131 2508 hac
1163 2445 1389 2508 Oratio
1429 2453 1619 2526 caput
1649 2444 1927 2520 haberet,
1969 2453 2212 2508 etesset
2243 2447 2533 2510 membris
2581 2449 2868 2510 omnibus
2919 2451 3228 2530 perfecta.
3281 2453 3595 2516 Praterea

305 2551 550 2612 texitur
580 2550 769 2629 longa
803 2548 1078 2612 narratio
1107 2547 1187 2609 de
1215 2547 1592 2611 Cinamonis
1640 2544 1980 2626 cujusdam
2025 2545 2583 2626 Adrianopolitani
2622 2565 2658 2610 a
2689 2548 2984 2629 Bulgaris
3036 2551 3105 2613 in
3156 2553 3595 2632 captivitatem

301 2651 563 2714 abducti
591 2651 831 2714 invicta
863 2652 932 2713 in
969 2649 1090 2712 ﬁde
1122 2647 1521 2723 constantia;
1554 2647 1768 2727 deque
1809 2647 2154 2722 Enrabota,
2187 2647 2507 2727 Bulgarici
2565 2647 2736 2727 regis
2793 2646 3014 2726 fratre,
3063 2668 3257 2730 Opera
3297 2652 3596 2732 ejusdem

302 2754 674 2819 Cinamonis
705 2752 780 2816 ad
823 2753 1015 2816 ﬁdem
1051 2767 1390 2826 converso,
1425 2749 1736 2830 obitoque
1773 2767 1890 2828 pro
1923 2751 2146 2815 eadem
2181 2751 2304 2814 ﬁde
2357 2751 2693 2832 martyrio.
2749 2755 2817 2815 1n
2872 2754 2990 2817 hac
3044 2756 3244 2835 igitur
3299 2759 3594 2822 oratione

299 2861 717 2924 continentur
749 2875 951 2938 pauca
981 2855 1274 2938 quidem,
1315 2854 1431 2918 sed
1475 2854 1744 2934 plurimi
1799 2853 2094 2918 facienda
2148 2855 2598 2919 ecclesiastica
2649 2855 2942 2920 historia
3007 2871 3450 2939 monumenta,
3511 2861 3594 2925 ad

301 2981 492 3044 quam
528 2961 797 3025 maxime
833 2963 1134 3040 pertinet,
1166 2969 1300 3025 acta
1323 2965 1430 3026 SS.
1464 2970 1840 3042 martyrum,
1874 2959 2131 3040 aliaque
2165 2979 2310 3026 cum
2345 2960 2430 3022 iis
2461 2981 2780 3040 connexa,
2815 2969 3224 3043 posterorum
3259 2967 3598 3030 memoria

298 3067 774 3131 commendare.
820 3067 993 3142 Quid
1027 3082 1207 3142 vero,
1242 3068 1297 3128 si
1352 3068 1636 3146 profana
1684 3068 1877 3130 etiam
1935 3066 2230 3130 historia
2280 3069 2616 3148 quidpiam
2674 3069 2787 3132 illa
2844 3068 3066 3132 afferat
3123 3069 3596 3132 emolumenti?

298 3173 492 3253 Atqui
531 3171 844 3234 nonnulla
885 3170 1178 3250 reperies
1207 3169 1276 3231 in
1308 3185 1381 3232 ea
1411 3169 1490 3232 de
1521 3168 1840 3248 Bulgaria
1868 3169 2162 3250 regibus,
2196 3186 2342 3251 qua
2375 3170 2531 3233 alibi
2561 3170 2798 3233 frustra
2830 3171 3195 3252 perquiras.
3233 3171 3376 3236 Alia
3408 3190 3592 3242 vero,

297 3276 487 3356 queis
518 3273 880 3337 conﬁrmari
911 3271 1325 3338 emendarive
1360 3277 1636 3351 possunt
1667 3270 1761 3352 (ut
1792 3288 1873 3333 ex
1916 3270 2227 3350 subjectis
2260 3273 2433 3334 notis
2488 3273 2831 3354 constabit)
2892 3291 3038 3353 qua
3089 3273 3171 3336 ab
3217 3274 3365 3336 aliis
3421 3274 3588 3338 dicta

295 3385 514 3444 fuere:
552 3379 990 3459 proindejure
1017 3394 1091 3440 ac
1122 3377 1353 3440 merito
1385 3377 1630 3440 dictum
1662 3393 1696 3439 a
1734 3375 2056 3457 principio
2087 3377 2196 3450 sit,
2230 3376 2607 3456 hujusmodi
2648 3376 3042 3456 opusculum
3089 3378 3247 3440 satis
3303 3378 3461 3442 utile
3516 3393 3593 3441 ac

296 3489 605 3560 praestans
635 3497 806 3552 esse,
839 3480 1246 3560 dignumque
1281 3485 1351 3541 ut
1384 3478 1643 3542 tandem
1687 3477 2043 3556 aliquando
2073 3476 2408 3540 emittatur
2447 3477 2519 3538 in
2553 3479 2788 3540 lucem.

377 3587 556 3647 XVI.
588 3584 1172 3647 Verumenimvero
1217 3582 1387 3645 haud
1439 3581 1858 3644 mediocriter
1899 3580 2082 3644 illius
2144 3581 2554 3643 decresceret
2599 3579 2902 3659 pretium,
2937 3582 2990 3641 si
3027 3581 3124 3643 vel
3159 3582 3239 3644 de
3293 3587 3587 3663 genuino

295 3689 590 3769 ejusdem
623 3695 908 3762 auctore,
941 3686 1038 3748 vel
1073 3685 1152 3748 de
1199 3685 1488 3750 historia
1519 3702 1712 3766 quam
1744 3685 2036 3750 continet
2089 3685 2354 3749 veritate
2378 3685 2527 3764 jure
2553 3683 2789 3763 ambigi
2825 3692 3067 3763 posset.
3103 3687 3184 3747 At
3250 3697 3585 3764 neutrum,

299 3796 366 3850 ut
406 3787 858 3869 mihiquidem
920 3786 1203 3862 videtur,
1268 3786 1336 3848 in
1385 3785 1673 3849 dubium
1716 3787 1866 3866 quis
1898 3770 2322 3850 revocaverit.
2358 3787 2500 3847 Non
2553 3785 2876 3864 primum;
2914 3785 3068 3865 quia
3104 3787 3334 3858 codex,
3393 3807 3586 3868 quem

295 3907 486 3970 supra
516 3890 946 3972 laudavimus,
971 3887 1476 3969 'l‘heOphylacto,
1511 3889 1828 3970 Bulgaria
1858 3888 2372 3969 archiepiscopo,
2400 3889 2644 3950 diserte
2667 3885 2831 3964 illud
2865 3887 3128 3950 ascribit
3161 3910 3176 3949 :
3213 3907 3424 3968 neque
3455 3891 3592 3952 hae

295 3997 646 4076 epigraphe
684 3996 833 4059 aliis
865 3994 1204 4058 codicibus
1249 3994 1704 4072 redarguitur;
1763 3996 1896 4059 imo
1928 3994 2151 4059 nullus
2206 3995 2479 4058 omnino
2513 4000 2610 4057 est
2639 3994 2839 4075 (quod
2887 3995 3076 4056 nobis
3111 3994 3433 4075 innotuit)
3469 3997 3584 4076 qui

296 4103 589 4167 eamdem
639 4101 1000 4164 orationem
1064 4098 1389 4160 exhibeat.
1443 4101 1669 4180 Neque
1703 4115 1857 4162 vero
1906 4097 2083 4178 quod
2115 4097 2182 4158 in
2241 4097 2439 4160 unico
2467 4106 2721 4160 exstare
2752 4097 2972 4160 codice
3035 4100 3593 4178 deprehendatur,

301 4203 592 4284 prudens
636 4201 716 4261 de
777 4199 958 4259 illius
991 4205 1254 4259 auctore
1291 4196 1562 4259 dubium
1617 4197 1918 4277 ingerere
1950 4195 2256 4276 cuiquam
2287 4195 2516 4269 debet;
2559 4213 2704 4258 cum
2750 4195 2939 4274 plane
2993 4207 3266 4275 constet,
3295 4200 3582 4279 plurium

292 4312 630 4370 auctorum
663 4318 856 4381 Opera
897 4317 1025 4363 uno
1057 4302 1275 4364 codice
1314 4297 1523 4364 fuisse
1554 4308 1839 4371 servata;
1867 4299 2029 4379 quin
2077 4307 2289 4360 tamen
2321 4299 2386 4360 in
2422 4299 2696 4361 dubium
2731 4308 3034 4363 revocent
3074 4302 3318 4364 eruditi
3349 4321 3426 4364 an
3460 4321 3584 4365 au-

291 4406 492 4470 ctoris
514 4405 695 4467 illius
720 4405 806 4466 sit
828 4421 1020 4482 quem
1046 4405 1248 4466 codex
1274 4406 1414 4481 ipse
1435 4421 1564 4484 pra
1581 4419 1649 4464 se
1671 4400 1815 4465 fert.
1834 4404 1909 4463 Et
1933 4417 2014 4463 ne
2033 4400 2333 4478 abipsius
2353 4400 2817 4481 TheOphylacti
2850 4402 3161 4480 operibus
3178 4406 3580 4466 recedamus.

293 4507 560 4570 unicum
621 4503 796 4584 quod
857 4503 1078 4576 sciam,
1147 4503 1211 4564 in
1250 4501 1642 4564 bibliotheca
1703 4498 2498 4564 Bavarico-Monachiensi
2551 4500 3125 4580 exstatexemplar
3180 4505 3585 4568 Encomiit'n

283 4613 586 4676 Alexium
630 4609 1018 4672 Camnanum
1073 4610 1528 4683 imperatorem
1566 4630 1581 4669 :
1626 4607 2033 4686 unicumque
2075 4605 2349 4670 fortasse
2379 4607 2444 4670 in
2480 4604 2871 4670 bibliotheca
2902 4609 3581 4675 Casareo-Vindoho-

293 4716 482 4779 nensi
515 4715 686 4795 (nam
727 4713 902 4793 quod
951 4710 1130 4774 aliud
1161 4710 1229 4772 in
1261 4709 1655 4774 Scorialensi
1683 4708 2146 4788 Hispaniarum
2176 4710 2346 4790 regis
2371 4708 2765 4772 bibliotheca
2795 4719 3092 4774 servetur
3121 4717 3477 4790 exemplar,
3513 4727 3581 4778 ut

294 4817 501 4897 aliqui
532 4819 772 4888 ferunt,
799 4813 986 4876 nobis
1035 4808 1381 4892 incertum)
1418 4810 1714 4890 ejusdem
1751 4809 1816 4872 in
1861 4807 2189 4888 Epistolas
2224 4807 2587 4872 Catholicas
2627 4810 3116 4874 Commentarii.
3150 4813 3236 4873 Ex
3267 4815 3388 4876 alia
3427 4833 3580 4878 vero

292 4929 472 5002 parte
505 4921 668 4984 nihil
727 4925 848 4984 hoc
881 4921 944 4982 in
984 4909 1290 4982 sermone
1326 4917 1591 4994 legitur,
1645 4915 1822 4997 quod
1881 4919 2128 4978 auctori
2163 4915 2650 4995 TheOphylacto
2685 4933 2814 4979 non
2867 4927 3200 4998 congruat.
3241 4922 3576 5002 Quidquid

289 5031 460 5092 ineo
489 5034 805 5100 narratur,
841 5025 1168 5106 pracessit
1200 5041 1355 5086 sane
1395 5028 1644 5084 atatem
1673 5019 1908 5099 ipsius.
1945 5020 2197 5098 Stylum
2230 5020 2469 5099 pariter
2505 5037 2540 5082 a
2565 5021 3031 5102 Theophylacti
3090 5027 3283 5104 genio
3324 5046 3576 5107 nequa-

291 5147 485 5210 quam
522 5125 860 5201 abludere,
897 5139 1114 5198 nemo,
1148 5135 1218 5185 ut
1250 5121 1547 5192 arbitror,
1581 5118 1832 5182 inﬁcias
1859 5117 2077 5194 iverit,
2108 5117 2224 5197 qui
2279 5117 2345 5178 in
2381 5117 2676 5197 legendis
2716 5121 2997 5183 auctoris
3029 5121 3230 5203 hujus
3263 5127 3576 5204 operibus

293 5236 607 5315 tantisper
660 5237 955 5297 versatus
1009 5231 1114 5293 sil.
1180 5228 1432 5308 Duplex
1482 5228 1658 5291 enim
1707 5224 1947 5308 (quoad
2006 5223 2404 5303 comperisse
2463 5225 2619 5286 mihi
2678 5225 2933 5320 videor)
2967 5228 3029 5290 in
3064 5212 3142 5291 eo
3181 5230 3330 5310 styli
3366 5248 3575 5312 genus

290 5336 570 5398 occurrit
632 5353 646 5397 :
716 5333 1042 5406 alterum,
1125 5347 1256 5409 quo
1342 5344 1504 5394 usus
1579 5333 1676 5391 est
1768 5328 1836 5387 in
1918 5326 2392 5404 Scripturarum
2471 5325 2966 5389 Commentariis
3044 5331 3575 5408 conscribendis;

292 5438 592 5513 alterum,
684 5453 816 5518 quo
898 5431 1256 5515 epistolas,
1350 5440 1412 5495 et
1492 5428 1844 5511 peculiaria
1919 5428 2210 5507 quaedam
2276 5429 2642 5506 epuscula,
2701 5428 2841 5493 sive
2907 5449 3244 5497 sermones
3335 5439 3578 5502 oratio-

162 5524 184 5532 ,
290 5555 542 5618 nesque
632 5536 927 5616 digessit.
1029 5536 1101 5597 ln
1186 5533 1268 5597 iis
1349 5534 1682 5613 prioribus
1774 5530 2191 5609 perﬁciendis
2270 5530 2602 5611 pel‘lucido
2677 5533 3190 5616 planissimeque
3253 5556 3412 5601 usus
3477 5549 3576 5603 est

289 5641 498 5723 style;
581 5655 701 5701 seu
763 5638 940 5717 quod
1020 5638 1090 5701 in
1163 5653 1243 5700 eo
1309 5635 1635 5699 Scribendi
1711 5650 1949 5714 genere
2031 5632 2205 5696 hunc
2270 5635 2519 5696 cateris
2581 5635 3076 5700 anteferendum
3141 5639 3572 5718 existimaret;

288 5759 406 5806 seu
468 5739 645 5820 quod
720 5739 1025 5815 aliorum,
1073 5754 1352 5819 quorum
1415 5735 1925 5799 Commentarios
1997 5735 2064 5798 in
2115 5736 2575 5815 compendium
2634 5738 2999 5819 redigeret,
3092 5757 3163 5802 ac
3218 5744 3576 5821 prasertim

281 5843 792 5927 Chrysostomi,
869 5841 1257 5930 plerumque
1366 5839 1561 5904 verba
1654 5839 2004 5919 usurparit.
2087 5838 2403 5915 Quocirca
2475 5856 2558 5902 ex
2636 5838 3006 5906 istiusmodi
3082 5844 3568 5910 Commentariis
