4044 6450
547 427 660 492 429
1442 426 1522 487 ΙΝ
1549 423 1983 494 SEQUENTIA
2019 422 2601 486 THEOPHYLACTI
2645 425 2983 491 SCRIPTA.
3712 424 3815 486 430

549 540 886 620 prOprium
944 540 1409 621 TheOphylacti
1459 541 1699 621 stylum
1757 536 2153 620 deprehendi
2205 558 2332 604 non
2385 524 2602 622 posse,
2656 558 2821 604 reor.
2882 544 2959 603 At
3013 542 3081 604 in
3134 542 3280 605 aliis
3342 543 3668 624 operibus,
3702 547 3811 608 ubi

554 657 637 701 ex
659 656 781 701 suo
814 640 1013 703 veluti
1048 658 1220 718 penu
1251 648 1315 701 et
1344 656 1537 702 sensa
1573 646 1635 701 et
1662 639 1853 702 verba
1872 640 2213 718 depromit,
2246 639 2457 703 altiori
2505 639 2991 720 diﬂiciliorique
3023 648 3083 704 et
3117 642 3333 705 minus
3355 646 3579 722 pervio
3610 650 3816 708 utitur

549 740 768 820 style;
804 740 920 831 qui
980 739 1191 820 stylus
1238 753 1547 818 perquam
1581 737 1957 800 simillimus
1997 738 2092 799 i-lli
2126 744 2224 799 est
2266 751 2396 817 quo
2450 738 2747 819 plerique
2778 742 3127 820 scriptores
3183 742 3385 804 Graeci
3415 742 3591 807 illius
3634 747 3752 808 aevi
3781 763 3813 810 a

548 845 866 926 majorum
903 842 1308 923 simplicitate
1341 849 1404 904 et
1445 842 1724 920 puritate
1763 840 2022 904 dicendi
2063 842 2463 916 recedentes,
2498 844 2592 905 uti
2640 844 2959 908 solebant.
2988 849 3059 909 In
3095 846 3197 908 his
3219 846 3439 927 itaque
3472 848 3814 929 TheOphy-

548 946 757 1010 lactus
781 963 951 1025 saepe
984 946 1219 1025 saepius
1246 944 1662 1023 metaphoris,
1698 943 2030 1024 allegoriis
2086 942 2366 1021 aliisque
2394 944 2820 1008 vividioribus
2849 947 3052 1024 tropis
3083 949 3222 1010 sive
3253 948 3581 1029 figuris,et
3613 950 3814 1029 proli-

548 1051 730 1112 xiore
759 1048 1051 1128 periodo,
1082 1061 1154 1108 ac
1184 1047 1443 1108 demum
1477 1044 1817 1121 solutiore,
1850 1062 1964 1107 seu
1999 1043 2203 1131 magis
2236 1044 2557 1123 implicata
2594 1047 2795 1109 utitur
2830 1047 3069 1127 phrasi.
3106 1050 3352 1112 Passim
3383 1051 3572 1112 etiam
3605 1051 3814 1113 inter-

546 1155 709 1219 serit
766 1153 1111 1230 Scripturaa
1160 1150 1351 1212 verba
1408 1165 1539 1210 non
1570 1166 1643 1212 ea
1674 1155 1920 1211 tantum
1953 1149 2031 1210 de
2078 1165 2291 1222 causa,
2326 1156 2396 1211 ut
2424 1148 2606 1211 illius
2638 1152 3013 1213 auctoritate
3048 1167 3166 1214 sua
3202 1168 3390 1215 sensa
3440 1153 3813 1228 conﬁrmet;

548 1259 666 1319 sed
692 1252 884 1317 etiam
925 1260 993 1317 ut
1017 1268 1090 1314 ea
1115 1252 1328 1314 verbis
1361 1252 1675 1331 exprimat
1700 1250 2192 1329 Scripturarum.
2226 1252 2362 1313 Hoc
2394 1250 2654 1314 dicendi
2688 1269 2925 1331 genere
2953 1259 3199 1315 constat
3246 1270 3525 1333 praesens
3562 1255 3766 1316 oratio
3794 1278 3810 1318 :

551 1359 667 1422 sed
700 1356 853 1437 quia
889 1356 1276 1435 plerumque
1316 1361 1605 1416 versatur
1628 1353 1695 1416 in
1736 1353 1929 1417 rebus
1961 1352 2313 1426 historicis,
2344 1352 2495 1416 ideo
2529 1351 2721 1432 paulo
2745 1352 2935 1417 etiam
2966 1354 3200 1417 clarior
3226 1356 3606 1437 pleniorque
3639 1357 3811 1420 vide—

550 1471 658 1524 tur
689 1478 832 1523 esse
866 1460 969 1523 hic
993 1477 1186 1541 quam
1221 1457 1400 1522 alibi.
1438 1460 1751 1522 Caeterum
1808 1457 2142 1522 nonnulla;
2177 1456 2435 1520 dicendi
2471 1458 2736 1536 phrases
2768 1456 3249 1537 Theophylacto
3291 1460 3387 1540 (ut
3415 1459 3572 1522 alias
3599 1460 3813 1523 obser-

554 1562 873 1642 vavimus)
903 1560 1251 1623 familiares
1273 1560 1628 1623 identidem
1662 1561 1764 1623 hic
1798 1578 2059 1641 quoque
2090 1567 2455 1624 recurrunt.
2476 1563 2712 1625 Praeter
2732 1558 2885 1640 styli
2915 1560 3228 1624 rationem
3264 1562 3598 1627 nonnullae
3622 1566 3813 1628 etiam

549 1666 1032 1746 TheOpbylacto
1065 1664 1281 1728 favent
1313 1665 1673 1740 sententiae,
1738 1683 1854 1729 seu
1887 1667 2076 1739 dicta,
2102 1681 2248 1746 quae
2275 1672 2603 1728 auctorem
2657 1666 2723 1728 in
2756 1664 3051 1746 Bulgaria
3081 1665 3467 1729 scribentem
3521 1669 3815 1745 praescie-

550 1777 701 1832 runt
764 1784 784 1826 :
839 1776 909 1829 ut
964 1784 1111 1829 cum
1164 1765 1536 1847 quindecim
1605 1774 1921 1846 martyres
1980 1767 2147 1846 Bulg.

2216 1766 2295 1830 ire
2374 1767 2863 1846 thaumaturgos
2923 1766 3204 1846 appellat
3259 1768 3454 1838 ἁγίους
3504 1774 3629 1835 τοὺς
3693 1772 3813 1827 καθ’

551 1878 723 1948 ἡμᾶς,
756 1876 1007 1933 sanctos
1032 1878 1307 1946 nostros,
1336 1871 1435 1934 vel
1469 1871 1579 1951 qui
1608 1871 1779 1952 apud
1805 1889 1920 1932 nos
1943 1881 2115 1932 sunt.
2156 1870 2504 1949 Bulgarum
2553 1886 2841 1950 quoque,
2875 1886 2991 1932 seu
3024 1869 3338 1950 Bulgaria;
3398 1869 3699 1945 incolam,
3746 1873 3810 1933 ni

551 1969 764 2049 fallor,
796 1988 866 2035 se
898 1988 1045 2036 esse
1076 1972 1463 2048 subindicat,
1498 1973 1651 2035 dum
1698 1971 2010 2052 singulari
2049 1972 2325 2052 quadam
2367 1969 2872 2046 incredibilique
2906 1968 3125 2032 laetitia
3158 1970 3241 2031 ob
3276 1967 3701 2048 Bulgarorum
3734 1974 3813 2033 ad

548 2072 739 2135 ﬁdem
782 2072 1159 2137 catholicam
1212 2075 1707 2137 conversionem
1778 2073 2081 2148 exsultet,
2138 2078 2534 2151 eosdemque
2591 2072 2721 2152 jam
2779 2070 3079 2134 fidelibus
3132 2069 3506 2151 agg‘regatos
3538 2076 3812 2134 summis

552 2176 853 2242 laudibus
908 2176 1092 2242 eﬂ'ert
1124 2200 1141 2255 ;
1176 2187 1366 2259 atque
1395 2178 1588 2242 etiam
1642 2180 1794 2241 dum
1830 2178 2190 2257 peculiares
2234 2175 2656 2257 Bulgarorum
2715 2175 3230 2238 consuetudines
3276 2173 3403 2237 sibi
3449 2183 3811 2255 perspectas

549 2295 695 2342 esse
727 2282 1024 2359 patefacit
1057 2303 1074 2356 ;
1132 2290 1202 2345 ut
1233 2267 1380 2345 cum
1414 2300 1517 2346 ex.
1549 2300 1608 2364 g.
1646 2280 1861 2358 refert,
1892 2282 2203 2362 Bulgaros
2236 2280 2447 2344 facere
2479 2296 2832 2344 consuesse
2855 2285 3039 2342 tanta)
3078 2279 3547 2359 magnitudinis
3582 2296 3810 2360 panes,

548 2385 623 2442 ut
656 2396 880 2444 eorum
913 2369 1190 2463 quilibet
1223 2384 1443 2447 decem
1477 2384 1847 2448 saturandis
1888 2381 2262 2447 hominibus
2294 2386 2448 2447 satis
2484 2391 2675 2447 esset.
2705 2384 3090 2464 Quanquam
3136 2383 3310 2446 enim
3358 2383 3491 2445 haec
3532 2381 3640 2444 alii
3674 2384 3813 2446 cui-

550 2497 679 2560 que
704 2483 768 2545 in
800 2484 1099 2565 Bulgaria
1134 2487 1443 2552 scribenti
1478 2504 1608 2553 non
1640 2488 1989 2553 convenire
2012 2504 2140 2552 non
2192 2489 2442 2567 possint
2471 2510 2488 2563 ;
2518 2488 2669 2569 quia
2698 2496 2910 2551 tamen
2946 2505 3134 2551 nemo
3166 2488 3331 2551 alius
3366 2488 3557 2550 istius
3588 2495 3812 2551 auctor

550 2588 854 2664 opusculi
879 2590 1167 2667 eﬂ‘ertur,
1204 2593 1356 2657 ideo
1380 2593 1928 2674 Theophylactum
1960 2594 2140 2657 illius
2172 2611 2315 2658 esse
2348 2602 2702 2676 parentem,
2744 2593 2916 2658 haud
2954 2595 3203 2668 leviter,
3241 2610 3386 2659 meo
3422 2594 3811 2675 quidemju-

553 2691 748 2765 dicio,
781 2691 1181 2756 conﬁrmant.

630 2794 833 2855 XVII.
872 2796 1009 2857 Jam
1051 2810 1202 2858 vero
1252 2795 1306 2855 si
1362 2792 1878 2876 TheOphylactus
1909 2794 2105 2875 hujus
2151 2795 2470 2858 sermonis
2529 2801 2753 2858 auctor
2786 2796 3118 2869 habeatur,
3156 2803 3225 2857 ut
3264 2794 3632 2858 habendum
3667 2813 3812 2861 esse

549 2911 822 2970 censeo,
877 2897 1159 2975 prudens
1208 2914 1361 2960 sane
1393 2898 1666 2961 dubium
1699 2899 1943 2961 nemini
1991 2900 2259 2962 subesse
2310 2900 2564 2977 poterit,
2600 2898 2760 2980 quin
2806 2899 3111 2962 historica
3144 2898 3318 2962 illius
3352 2901 3630 2964 narratio
3662 2917 3812 2963 cum

553 2995 815 3058 veritate
838 2994 1031 3074 plane
1073 2996 1434 3058 consentiat
1471 3015 1486 3053 :
1542 3013 1758 3077 neque
1804 2996 1976 3059 enim
2000 2996 2217 3060 simile
2250 3014 2401 3061 vero
2436 3005 2559 3075 est,
2592 3015 2850 3079 gravem
2885 2998 3073 3062 illum
3102 2998 3560 3080 eruditumque
3603 3001 3811 3063 virum

553 3096 841 3175 putidam
899 3097 1238 3177 adoptasse
1297 3095 1618 3172 fabellam,
1664 3114 1935 3179 eamque
1993 3096 2320 3162 venditare
2378 3098 2525 3162 aliis
2555 3098 2870 3163 voluisse.
2910 3100 3035 3163 Sed
3094 3100 3416 3181 quidquid
3446 3102 3511 3162 in
3546 3101 3663 3164 hac
3694 3119 3813 3166 sua

552 3198 847 3261 oratione
878 3207 1115 3273 narrat,
1148 3199 1316 3263 illud
1349 3198 1538 3264 facile
1578 3208 1825 3280 poterat
1858 3200 1955 3262 vel
1984 3218 2069 3263 ex
2094 3200 2315 3282 aliquo
2357 3211 2781 3265 monumento
2816 3201 2885 3263 in
2914 3199 3233 3282 Bulgaria;
3261 3202 3600 3267 tabulariis
3640 3205 3814 3266 exsi-

549 3306 782 3374 stente,
816 3301 918 3363 vel
958 3318 1038 3364 ex
1095 3310 1266 3366 certa
1294 3305 1703 3385 perennique
1736 3306 2090 3369 incolarum
2127 3306 2470 3369 traditione
2513 3313 2915 3386 perspectum
2948 3307 3204 3370 habere.
3242 3308 3319 3370 Et
3349 3323 3530 3379 sane,
3558 3308 3811 3369 tametsi

549 3399 781 3463 horum
864 3410 1217 3486 martyrum
1305 3406 1520 3486 passio
1576 3408 1779 3471 multo
1835 3418 1980 3471 ante
2032 3410 2411 3490 contigerit,
2462 3411 2583 3474 hoc
2638 3417 2732 3473 est
2789 3418 3017 3491 quarto
3091 3408 3455 3472 declinante
3507 3406 3813 3470 Ecclesiae

545 3502 809 3578 szeculo,
844 3505 1105 3569 Juliano
1141 3510 1447 3586 Apostata
1472 3510 1856 3590 imperante,
1892 3513 2224 3577 translatio
2284 3522 2495 3577 tamen
2525 3514 2789 3577 illorum
2822 3529 3162 3593 corporum
3210 3528 3336 3575 non
3370 3512 3529 3575 adeo
3564 3520 3809 3573 remota

542 3604 762 3667 fuerat
790 3621 826 3666 a
856 3604 1319 3687 TheOphylacti
1345 3616 1547 3685 aetate,
1574 3618 1644 3673 ut
1678 3619 1848 3674 certa
1876 3609 1934 3674 ei
1968 3620 2307 3691 suppetere
2342 3620 2760 3676 monumenta
2785 3628 2912 3675 non
2949 3622 3213 3690 possent
3247 3628 3263 3673 :
3295 3608 3506 3674 solum
3558 3610 3807 3689 quippe

546 3705 879 3785 praecessit
924 3707 1177 3771 duobus
1205 3709 1459 3773 circiter
1489 3711 1744 3774 saeculis
1776 3714 1869 3793 (ut
1896 3730 1975 3774 ex
2012 3711 2308 3774 dicendis
2336 3711 2502 3776 infra
2533 3712 2869 3787 constabit)
2901 3711 3085 3772 illius
3116 3711 3181 3773 in
3216 3710 3516 3789 Bulgaria
3555 3715 3811 3791 episco-

547 3812 795 3886 patum.
847 3808 941 3869 Ex
997 3825 1128 3888 quo
1183 3826 1373 3874 nemo
1403 3828 1529 3875 non
1589 3811 1783 3887 videt,
1821 3828 2011 3892 quam
2062 3811 2251 3874 facile
2284 3814 2404 3875 hoc
2448 3814 2758 3889 temporis
2815 3810 3153 3872 intervallo
3187 3810 3430 3872 servari
3471 3814 3703 3890 possit,
3737 3832 3809 3877 ac

546 3911 753 3973 soleat
786 3908 879 3971 rei
906 3910 1207 3991 alicujus,
1250 3896 1394 3994 quae
1425 3914 1633 3993 magni
1665 3914 1970 3975 momenti
2003 3913 2110 3985 sit,
2136 3913 2523 3983 recordatio,
2560 3912 2805 3973 tametsi
2844 3909 3093 3971 nullum
3131 3910 3391 3971 visibile
3420 3916 3810 3978 menumen-

549 4018 679 4073 tum
714 4013 1023 4089 supersit.
1045 4015 1234 4089 Quod
1254 4030 1405 4077 vero
1444 4014 1517 4076 ad
1543 4014 1879 4093 praedictos
1904 4012 2131 4075 attinet
2163 4021 2497 4093 martyres,
2533 4012 2741 4074 adhuc
2770 4008 3235 4089 Theopliylacti
3286 4018 3571 4091 tempore
3606 4013 3808 4077 stabat

549 4111 637 4194 (ut
670 4132 754 4177 ex
782 4132 1082 4179 sermone
1112 4116 1253 4193 ipso
1282 4114 1503 4195 colligi
1542 4131 1730 4191 posse
1764 4114 2042 4195 videtur)
2074 4112 2389 4192 templum
2423 4114 2488 4175 in
2532 4111 2909 4174 eorumdem
2944 4118 3295 4192 martyrum
3335 4110 3648 4175 honorem
3693 4132 3810 4175 ex-

543 4222 897 4292 structum;
928 4217 1262 4279 exstabant
1286 4225 1346 4279 et
1376 4234 1535 4281 arca:
1556 4216 1796 4296 quibus
1820 4215 2065 4279 occlusi
2096 4215 2343 4277 cineres
2377 4221 2579 4286 erant,
2600 4232 2670 4275 ac
2699 4212 2961 4275 demum
2997 4229 3370 4275 marmoreae
3399 4212 3634 4276 tabulae
3665 4232 3809 4294 qua;

541 4312 809 4379 illorum
844 4333 1041 4380 urnas
1104 4317 1424 4396 principio
1472 4306 1911 4379 contexerant.
1947 4317 2039 4377 Ex
2074 4312 2172 4376 his
2206 4330 2381 4390 vero,
2451 4321 2673 4394 utpote
2742 4315 2979 4395 quibus
3008 4315 3423 4396 singulorum
3453 4324 3806 4397 martyrum

542 4416 812 4478 nomina
840 4415 1149 4495 inscripta
1176 4426 1381 4490 erant,
1410 4425 1471 4479 et
1503 4418 1649 4480 vitae
1676 4435 1905 4497 genus,
1940 4425 2002 4478 et
2033 4415 2333 4495 dignitas,
2362 4415 2743 4491 etoﬂicium,
2786 4424 2855 4478 ut
2887 4416 3410 4495 TheOphylactus
3444 4417 3583 4496 ipse
3616 4425 3810 4481 testa-

541 4524 674 4593 tur,
718 4517 974 4581 haurire
1006 4519 1192 4582 facile
1225 4519 1462 4598 potuit,
1497 4536 1643 4599 quae
1671 4519 1873 4581 multo
1894 4525 2064 4589 ante,
2092 4517 2399 4581 nimirum
2437 4517 2559 4579 sub
2592 4517 2853 4577 Juliano
2876 4515 3298 4593 contigerant,
3316 4532 3523 4596 eaque
3557 4530 3806 4584 memo-

540 4622 659 4683 τίω
700 4621 1040 4684 hominum
1077 4623 1490 4701 sempiterna;
1526 4636 1824 4682 sermone
1860 4619 1981 4681 hoc
2011 4619 2484 4681 commendare.
2509 4616 2823 4690 Quocirca
2852 4630 2980 4676 non
3024 4614 3219 4676 video
3267 4630 3383 4677 cur
3426 4616 3577 4679 huic
3609 4618 3808 4684 histoo

543 4725 659 4787 rite
684 4724 952 4805 (tametsi
984 4722 1063 4787 ab
1092 4721 1216 4786 alio
1249 4721 1555 4803 quopiam
1575 4721 1844 4784 minoris
1864 4718 2346 4800 Theophylacto
2370 4716 2766 4781 auctoritatis
2796 4714 3159 4792 conscripta
3173 4713 3365 4794 esset)
3387 4715 3802 4797 ﬁdesintegra

541 4829 837 4893 habenda
870 4845 999 4891 non
1049 4827 1164 4902 sit;
1202 4827 1327 4889 nisi
1359 4825 1522 4889 forte
1574 4825 1864 4888 videatur
1889 4825 2122 4887 obesse
2164 4823 2365 4885 altum
2391 4823 2468 4884 de
2521 4838 2591 4883 re
2620 4821 2738 4883 hac
2769 4827 3139 4883 creterorum
3180 4818 3561 4897 scriptorum
3593 4822 3799 4884 silen-

542 4932 744 5003 tium;
779 4947 851 4993 ac
884 4929 1060 5011 quod
1094 4946 1308 5010 neque
1341 4927 1408 4990 in
1430 4928 1802 4991 Grmcorum
1833 4926 2125 5000 Menaeis,
2157 4943 2373 5005 neque
2404 4924 2469 4987 in
2517 4924 2965 4989 Ruthenorum
2996 4931 3105 4986 aut
3128 4922 3540 4986 Moschorum
3581 4927 3804 4988 Menoo'

542 5028 735 5110 logiis
757 5032 1037 5112 praedicti
1062 5039 1375 5110 martyres
1408 5031 2268 5094 commemorentur.Verum
2307 5028 2518 5107 quoad
2555 5025 3027 5106 primum,quis
3049 5034 3227 5090 certo
3258 5042 3548 5089 asserere
3582 5034 3800 5106 queat,

542 5137 739 5207 hunc,
774 5137 852 5199 de
883 5149 1014 5214 quo
1044 5133 1322 5213 agimus,
1391 5130 1701 5193 duntaxat
1733 5138 2061 5193 auctorem
2123 5130 2540 5211 consignasse
2564 5128 2798 5191 litteris
2852 5126 3082 5190 horum
3113 5129 3233 5192 XV
3265 5134 3616 5208 martyrum
3655 5144 3802 5189 cum

545 5240 892 5321 passionis,
924 5246 1059 5301 tum
1095 5254 1321 5300 eorum
1357 5237 1793 5300 translationis
1826 5235 2184 5298 historiam.
2241 5251 2387 5298 cum
2448 5240 2674 5295 notum
2732 5230 3271 5310 exploratumque
3319 5228 3425 5301 sit,
3487 5228 3803 5307 permulta

544 5350 831 5405 veterum
864 5340 1251 5420 scriptorum
1286 5356 1482 5419 opera
1516 5338 2252 5420 penitusintercidisse?
2302 5336 2553 5399 Deinde
2584 5343 2742 5417 quot
2765 5333 3084 5396 habentur
3113 5336 3185 5394 ut
3221 5336 3393 5393 certa
3422 5333 3560 5391 tum
3592 5329 3658 5392 in
3686 5350 3804 5396 ec-

538 5441 923 5517 clesiastica,
970 5450 1105 5504 tum
1138 5441 1332 5503 etiam
1364 5442 1433 5503 in
1475 5439 1737 5520 profana
1800 5438 2094 5512 historia,
2147 5454 2294 5518 quas
2344 5436 2545 5499 unius
2603 5442 2851 5497 tantum
2898 5430 3235 5512 scriptoris
3295 5432 3675 5498 auctoritate
3734 5453 3806 5499 ac

539 5544 907 5607 testimonio
955 5537 1302 5605 nituntur?
1351 5540 1707 5604 Praesertim
1746 5541 1894 5603 vitae
1933 5557 2004 5603 ac
2034 5546 2209 5619 gesta
2240 5545 2609 5601 sanctorum
2646 5533 2997 5616 aliquando
3019 5531 3217 5595 unius
3268 5530 3463 5595 etiam
3495 5551 3805 5619 anonymi

536 5646 904 5710 narratione
936 5644 1378 5709 innotescunt.
1439 5647 1516 5706 At
1551 5642 1897 5723 peculiaris
1947 5646 2017 5705 in
2053 5657 2206 5703 casu
2239 5650 2458 5703 nostro
2487 5637 2695 5719 potuit
2727 5637 2996 5701 subesse
3023 5636 3209 5712 ratio,
3243 5653 3358 5700 cur
3385 5655 3513 5703 non
3551 5643 3632 5704 ab
3651 5644 3805 5705 aliis

534 5751 865 5813 memoria
892 5745 1215 5825 proditum
1249 5746 1336 5808 sit
1368 5745 1747 5810 eorumdem
1789 5742 2194 5824 martyrium.
2230 5744 2293 5806 Si
2328 5743 2502 5806 enim
2540 5750 2603 5805 et
2636 5741 2786 5816 loci,
2811 5747 2875 5804 et
2912 5738 3252 5821 temporis,
3288 5760 3420 5822 quo
3451 5742 3517 5805 id
3549 5746 3802 5810 accidit.

534 5852 693 5915 ratio
746 5851 1080 5923 habeatur,
1117 5849 1401 5932 quisque
1458 5849 1674 5914 statim
1738 5850 2084 5931 intelliget,
2121 5867 2253 5914 rem
2309 5850 2468 5913 hanc
2492 5847 2799 5913 facillime
2833 5847 3014 5911 illius
3050 5848 3172 5912 invi
3197 5849 3547 5929 scriptores
3576 5848 3800 5930 fugere
