4044 6436
272 370 392 436 est
1346 355 1727 443 eameam
1761 381 2067 446 FINETTI
2101 384 2493 448 PR/EFATIO
3450 390 3560 456 432

293 487 609 566 potuisse.
647 487 900 551 Etenim
936 505 1012 552 eo
1047 497 1327 572 tempore
1345 493 1639 572 martyrii
1677 492 1947 570 palmam
1979 501 2129 557 sunt
2159 495 2398 575 adepti,
2430 494 2878 575 qquulianus
2899 497 3202 576 Apostata
3234 496 3556 571 labentem

285 592 677 656 idololatriae
705 595 951 657 cultum
976 596 1223 676 erigere
1250 607 1442 679 atque
1476 599 1540 660 in
1572 598 1925 677 pristinum
1955 599 2266 662 honorem
2299 601 2643 664 restituere
2673 601 3420 684 adnitebatur;adeoque
3452 623 3557 670 res

277 693 808 757 .Christianorum
841 695 1260 776 iniquissimo
1296 698 1435 760 loco
1485 705 1665 760 erant
1700 717 1715 756 :
1751 706 1812 761 et
1843 698 2142 780 plerique
2182 700 2443 762 illorum
2482 700 2580 764 vel
2613 704 2914 764 miseram
2944 725 2950 728 ·
2975 699 3047 765 in
3095 703 3329 766 exsilio
3362 706 3556 768 vitam

292 795 652 874 degebant,
709 796 808 858 vel
851 815 966 875 per
1024 798 1415 860 solitudines
1457 805 1842 878 montesque
1890 807 2122 878 sponte
2153 817 2270 861 sua
2303 801 2622 864 errabant.
2667 804 2875 864 Locus
2911 819 3065 865 vero
3091 804 3200 866 ubi
3243 815 3555 884 martyres

293 896 693 970 occubuere,
730 898 930 978 magis
965 898 1316 974 impervius
1371 899 1758 978 abditusque
1795 917 1940 962 esse
1976 902 2080 964 vix
2139 910 2407 980 poterat,
2439 904 2752 966 nimirum
2793 905 2950 967 urbs
2998 907 3377 986 perexigua,
3411 909 3554 972 sive

292 997 674 1074 Oppidulum
712 998 1033 1075 quoddam
1059 996 1124 1058 in
1161 997 1478 1061 altissimo
1506 1002 1740 1064 montis
1773 1001 1971 1063 Haemi
2023 1002 2358 1076 cacumine
2390 1003 2678 1082 positum
2711 1025 2725 1062 :
2756 1005 2900 1066 talis
2933 1006 3109 1068 enim
3140 1025 3218 1070 eo
3259 1018 3552 1089 tempore

283 1101 724 1177 .TiberiOpolis
756 1107 912 1175 erat,
936 1108 1012 1162 ω
1037 1099 1200 1163 infra
1233 1103 1674 1168 ostendemus.
1701 1106 1867 1178 Quid
1917 1105 2138 1186 itaque
2177 1106 2438 1181 mirum,
2474 1107 2722 1168 si-intra
2769 1107 2952 1170 illius
2987 1109 3228 1171 limites
3270 1113 3382 1172 diu
3419 1131 3556 1190 per-

277 1202 448 1263 .stitit
498 1203 1012 1282 praestantissimi
1078 1206 1270 1282 hujus
1307 1206 1620 1287 triumphi
1681 1209 2157 1284 notitia?Quod
2199 1211 2254 1272 si
2297 1228 2401 1272 res
2436 1210 2522 1272 ita
2553 1228 2622 1273 se
2674 1211 3040 1295 habuit,\ne
3088 1213 3250 1276 illud
3282 1215 3546 1294 quidem

293 1305 522 1364 mirum
556 1305 907 1378 videbitur,
945 1308 1120 1386 quod
1157 1308 1222 1370 in
1252 1309 1618 1372 Graecorum
1685 1313 1948 1374 Menaeis
1988 1313 2366 1392 earumdem
2419 1312 2662 1375 mentio
2695 1313 3129 1389 desideretur,
3162 1321 3354 1393 atque
3387 1316 3550 1376 adeo

287 1409 352 1466 in
389 1406 778 1485 Menologiis
833 1409 1286 1471 Rntbenorum
1313 1415 1955 1492 atqueMoschorum,
2006 1423 2226 1493 utpote
2252 1431 2398 1494 quae
2457 1432 2534 1476 ex
2573 1415 2810 1476 Graecis
2839 1415 3176 1493 desumpta
3210 1418 3551 1479 translata-

277 1530 413 1591 que
471 1523 643 1576 sunt.
669 1515 858 1589 Quod
901 1513 956 1574 si
1013 1513 1078 1574 in
1139 1514 1239 1575 his
1282 1517 1754 1594 posterioribus
1795 1521 2222 1594 quorumdam
2274 1517 2378 1578 ﬁat
2425 1517 2956 1579 commemoratio
3017 1531 3411 1593 sanctorum,
3467 1521 3547 1582 de

283 1615 526 1694 quibus
556 1615 734 1679 nulla
765 1615 934 1694 apud
977 1615 1234 1679 Graecos
1267 1626 1362 1680 est
1393 1619 1661 1694 mentio,
1692 1636 1770 1679 ex
1801 1619 1882 1680 iis
1932 1618 2024 1679 illi
2080 1626 2233 1680 sunt
2267 1635 2544 1697 quorum
2579 1618 2887 1680 memoria
2917 1621 3278 1685 celebratur
3309 1623 3375 1684 in
3404 1623 3549 1684 uni-

271 1737 466 1781 versa
515 1721 964 1783 Rnthenorum
1026 1722 1341 1796 Ecclesia,
1377 1737 1506 1784 non
1567 1737 1646 1782 ex
1677 1736 1902 1782 eorum
1941 1737 2215 1784 numero
2240 1767 2258 1798 ,
2308 1738 2587 1802 quorum
2612 1719 2930 1785 festivitas
2963 1722 3242 1803 alicujus
3289 1723 3413 1786 loci
3447 1723 3545 1802 vel

280 1823 568 1904 regionis
599 1825 680 1886 sit
716 1826 968 1903 prOpria
996 1847 1012 1899 ;
1049 1822 1418 1904 cujusmodi
1452 1822 1709 1884 videtur
1739 1837 1884 1883 esse
1919 1821 2151 1886 horum
2180 1823 2297 1886 XV
2319 1822 2796 1902 martyrum,de
2833 1825 3072 1903 quibus
3109 1827 3174 1887 in
3203 1827 3545 1905 praesentia

281 1935 378 1989 est
411 1942 650 1988 sermo.
686 1926 898 2004 Hujus
953 1926 1128 1987 enim
1161 1924 1419 2002 generis
1454 1929 1819 1985 sanctorum
1855 1922 2161 1984 memoria
2212 1939 2344 1986 non
2403 1924 2472 1986 in
2513 1923 2968 1987 communibus
3005 1927 3295 2000 Menaeis,
3331 1928 3438 1990 sed
3473 1927 3543 1988 in

279 2028 717 2108 peculiaribus
754 2029 898 2099 lo‘ci,
927 2028 1036 2090 ubi
1082 2027 1296 2090 cultus
1326 2043 1554 2090 eorum
1575 2026 1767 2105 viget,
1803 2025 2043 2090 tabulis
2067 2026 2445 2106 consignata
2477 2045 2622 2091 esse
2659 2027 2822 2090 solet
2847 2028 3137 2107 :qualem
3163 2031 3541 2092 memoriam

277 2149 358 2194 ne
388 2131 564 2194 hisce
597 2132 867 2212 quidem
905 2130 1295 2210 martyribus
1333 2130 1588 2203 deesse,
1620 2127 1900 2191 inferius
1932 2128 2372 2190 ostendemus.
2408 2130 2647 2192 Verum
2687 2128 2811 2190 etsi
2867 2128 3044 2190 nulla
3077 2129 3347 2191 omnino
3387 2123 3543 2192 alibi

278 2233 524 2296 mentio
579 2234 658 2295 de
709 2233 958 2295 eisdem
1019 2239 1412 2305 occurreret,
1447 2229 1613 2292 nihil
1677 2229 1829 2291 inde
1879 2228 2279 2292 auctoritatis
2329 2238 2392 2292 et
2428 2230 2618 2309 pretii
2667 2229 2821 2292 huic
2869 2230 3146 2293 orationi
3185 2232 3541 2294 detractum

273 2344 448 2399 esset
487 2335 659 2398 :imo
697 2334 1098 2413 praestantius
1124 2335 1221 2395 vel
1259 2350 1338 2395 ex
1368 2333 1486 2394 hoc
1518 2332 1660 2411 ipso
1685 2332 2114 2411 judicandum
2164 2331 2514 2405 videretur,
2555 2331 3264 2413 nobisqueimpensius
3315 2339 3541 2414 gratu-

275 2435 568 2508 landum,
611 2433 785 2514 quod
826 2433 1081 2495 tandem
1119 2432 1481 2512 aliquando
1518 2433 1784 2512 prodeat
1834 2432 1899 2494 in
1943 2432 2192 2506 lucem;
2226 2439 2288 2494 et
2335 2431 2624 2511 plurium
2681 2440 3033 2513 martyrum
3063 2433 3548 2513 thaumaturgn-

273 2558 555 2620 rumque
589 2539 899 2601 memoria
936 2539 1015 2600 ab
1039 2538 1413 2601 omnimoda
1438 2536 1772 2600 oblivione
1810 2542 1873 2598 et
1905 2536 2193 2599 tenebris
2224 2535 2613 2598 vindicetur.

353 2646 588 2706 XVIII.
625 2643 798 2705 Talis
829 2659 900 2706 ac
933 2650 1102 2706 tanta
1131 2643 1443 2706 orationis
1475 2640 1672 2724 hujus
1705 2641 1954 2704 utilitas
1997 2648 2190 2721 atque
2227 2642 2594 2720 praestantia
2627 2640 2833 2704 levem
2877 2641 3034 2704 mihi
3065 2642 3190 2702 imo
3211 2646 3274 2702 et
3298 2640 3542 2718 jucun-

273 2745 427 2806 dum
464 2746 926 2822 interpretandi
975 2745 1368 2809 reddidisset
1399 2744 1710 2818 laborem,
1765 2743 1888 2806 nisi
1937 2743 2286 2824 apographi
2342 2761 2615 2818 summa,
2644 2745 2938 2806 utinitio
2991 2744 3152 2817 dixi,
3221 2741 3544 2805 vitiositas

272 2847 440 2909 haud
473 2848 803 2928 exiguam,
829 2849 966 2911 imo
999 2847 1182 2910 valde
1215 2863 1508 2928 magnam
1541 2845 1699 2908 mihi
1739 2846 2102 2908 molestiam
2158 2851 2458 2908 creasset.
2486 2845 2636 2908 Erat
2669 2846 2913 2925 quippe
2949 2845 3094 2906 talis
3123 2860 3195 2907 ac
3243 2851 3437 2915 tanta,
3477 2849 3548 2903 ut

274 2948 650 3012 mendosius
705 2950 1062 3030 quidquam
1102 2949 1299 3012 scribi
1347 2949 1640 3028 potuisse
1693 2947 1802 3009 vix
1837 2954 2080 3026 putem.
2123 2949 2277 3008 Nam
2338 2945 2577 3024 passim
2622 2953 2688 3009 et
2741 2946 3100 3008 litterarum
3150 2943 3446 3018 variatio,
3481 2946 3546 3004 et

274 3049 559 3127 plurium
591 3049 918 3128 copulatio
964 3050 1345 3122 dictionum,
1375 3055 1437 3111 et
1475 3066 1509 3111 e
1541 3047 1864 3111 contrario
1913 3047 2111 3109 unius
2167 3047 2595 3128 ejusdemque
2653 3047 2902 3110 divisio
2943 3049 3006 3110 in
3067 3064 3144 3109 eo
3181 3047 3543 3110 identidem

269 3149 672 3215 occurrebat.
715 3151 1076 3210 Praesertim
1142 3163 1288 3211 vero
1351 3148 1416 3208 in
1472 3146 1797 3209 vocalibus
1825 3154 2156 3226 peccatum
2189 3147 2467 3209 maxime
2503 3155 2600 3209 est
2650 3165 2664 3208 :
2707 3165 2850 3210 nam
2896 3148 3151 3212 vocales
3193 3155 3386 3228 atque
3425 3147 3534 3208 di-

269 3254 582 3333 phthongi
618 3298 634 3326 ,
693 3268 840 3330 quae
875 3251 1102 3313 eodem
1154 3267 1324 3314 nunc
1380 3265 1542 3312 sono
1613 3265 1866 3328 pronun

1940 3255 2114 3311 antur
2175 3265 2210 3310 a
2278 3247 2561 3323 Graecis,
2638 3265 2868 3328 nempe
2926 3249 2997 3329 ἢ,
3035 3279 3082 3324 ι,
3119 3275 3416 3325 υ,ει,οι,
3473 3275 3537 3326 ε,

266 3375 367 3424 αι,
409 3376 460 3427 ο,
486 3375 551 3428 ω,
582 3351 1148 3416 indiscriminatim
1182 3351 1410 3432 positae
1429 3353 1712 3413 sunt.Ex
1729 3366 1859 3428 quo
1885 3348 2072 3412 facile
2101 3348 2894 3429 colligas,amanuensem,
2917 3350 3330 3431 quicodicem
3367 3353 3539 3414 unde

267 3453 682 3530 desumptum
712 3452 1152 3533 apographum
1202 3459 1320 3522 est,
1357 3451 1643 3514 exaravit
1675 3451 1764 3524 (in
1797 3443 2181 3530 Scriptorem
2223 3452 2424 3513 nostri
2488 3449 2840 3530 apographi
2899 3451 3061 3514 hanc
3105 3451 3360 3532 culpam
3409 3469 3537 3514 non

267 3550 495 3613 cadere
531 3551 799 3616 aliunde
832 3552 1020 3633 scio),
1075 3553 1410 3632 ignorasse
1449 3552 1711 3631 penitus
1747 3555 1982 3616 Graiam
2037 3555 2464 3632 grammatica)
2500 3555 2710 3636 leges;
2754 3564 3196 3636 praetereaque
3266 3572 3397 3616 non
3460 3573 3540 3616 ex

268 3655 412 3733 ipso
446 3657 796 3736 exemplari
849 3658 1057 3721 oculis
1098 3657 1440 3737 supposito
1478 3657 1596 3737 (sic
1627 3659 1800 3721 enim
1851 3659 2121 3734 litteras,
2178 3647 2323 3738 quae
2345 3669 2525 3721 erant
2556 3659 3085 3734 transcribendaa,
3131 3659 3538 3739 perspiciens

268 3756 476 3817 rarius
510 3757 924 3838 aberrasset),
961 3760 1073 3820 sed
1119 3757 1402 3820 dictante
1433 3758 1681 3838 aliquo,
1717 3764 1777 3820 et
1800 3758 1985 3838 juxta
2017 3757 2408 3820 hodiernum
2439 3760 2802 3822 Grmcorum
2839 3775 3078 3820 morem
3109 3757 3351 3818 litteras
3386 3773 3540 3836 pro-

267 3859 634 3934 nuntiante,
669 3873 903 3921 senum
936 3859 1206 3923 auribus
1241 3869 1614 3939 perceptum
1653 3860 1891 3922 Graecis
1925 3865 2260 3940 utcunque
2297 3859 2528 3921 litteris
2553 3860 2996 3940 consignasse.
3025 3861 3115 3921 Ex
3139 3875 3270 3938 quo
3299 3857 3534 3920 factum

265 3964 389 4032 est,
437 3967 504 4020 ut
537 3959 604 4021 in
638 3960 926 4024 dictione
959 3961 1341 4042 dissyllaba,
1368 3961 1466 4022 vel
1503 3960 1875 4039 trissyllaba
1907 3967 2186 4039 quatuor
2219 3959 2316 4023 vel
2351 3961 2647 4041 quinque
2705 3962 2931 4024 menda
2979 3962 3354 4046 (praesertim
3389 3960 3440 4021 si
3478 3964 3539 4020 et

264 4061 616 4140 Spirituum
653 4069 712 4124 et
743 4071 1122 4127 accentuum
1155 4063 1463 4127 habeatur
1499 4063 1683 4145 ratio)
1720 4080 1848 4125 non
1893 4061 2343 4142 infrequenter
2377 4071 2816 4126 occurrerent.
2853 4063 3170 4138 Quantam
3223 4079 3374 4125 vero
3407 4061 3538 4121 haec

261 4164 416 4226 .vitia
454 4165 702 4242 pariant
732 4167 1304 4243 perturbationem,
1327 4176 1762 4248 quantamque
1797 4167 2242 4247 interpretanti
2281 4167 2668 4243 molestiam,
2701 4185 2850 4231 cum
2895 4183 3122 4229 omnes
3154 4166 3533 4244 intelligere

261 4265 542 4342 possint,
595 4273 730 4328 tum
785 4265 832 4327 ii
867 4271 1218 4344 praesertim
1255 4269 1369 4348 qui
1429 4269 1631 4332 Graeci
1675 4268 2006 4331 idiomatis
2034 4270 2178 4347 {non
2214 4277 2364 4331 sunt
2405 4268 2635 4348 ignari.
2671 4269 2856 4330 Prius
2898 4267 3102 4347 igitur
3137 4284 3334 4352 quam.
3362 4271 3532 4330 Lati-

259 4388 410 4432 nam
471 4371 837 4433 versionem
893 4371 1304 4451 aggrederer,
1361 4379 1424 4435 et
1455 4374 1684 4436 menda
1729 4375 1810 4434 de
1883 4373 2097 4434 medio
2131 4371 2398 4447 tollere,
2437 4379 2499 4434 et
2550 4378 2803 4434 textum
2865 4388 2999 4433 sum
3049 4388 3217 4434 verae
3269 4371 3535 4435 lectioni

258 4475 614 4537 restituere
649 4491 814 4553 Opus
837 4472 985 4535 fuit.
1021 4473 1204 4535 Ratio
1244 4481 1487 4547 autem,
1522 4490 1715 4554 quam
1746 4473 1809 4534 in
1853 4473 1973 4536 hoc
2011 4489 2280 4536 munere
2313 4473 2617 4536 obeundo
2642 4471 2926 4547 institui,
2974 4471 3108 4534 haec
3150 4478 3249 4535 est
3279 4492 3296 4533 :
3332 4481 3536 4538 errata

257 4590 409 4652 qum
437 4581 611 4636 certo
654 4582 715 4636 et
757 4575 1002 4654 absque
1033 4575 1163 4637 ulla
1201 4575 1605 4638 dubitatione
1635 4575 1886 4650 detexi,
1918 4573 1987 4636 in
2017 4573 2164 4654 ipso
2201 4580 2381 4636 textu
2419 4573 2787 4649 emendavi,
2839 4573 3014 4635 nulla
3049 4574 3129 4635 ad
3160 4576 3532 4654 ,‘marginem

259 4679 674 4741 adnotatione
709 4678 949 4760 posita;
981 4679 1274 4760 alioquin
1315 4687 1521 4741 totum
1553 4677 1688 4739 fere
1726 4678 2082 4758 marginem
2111 4679 2196 4742 iis
2229 4677 2483 4758 oppleri
2504 4677 2736 4741 fuisset
2761 4694 2951 4756 opus.
2991 4679 3071 4740 At
3103 4677 3212 4740 ubi
3246 4679 3533 4744 incertus

261 4801 458 4856 eram,
491 4798 570 4843 an
606 4782 824 4868 aliqua
860 4797 978 4844 vox
1027 4783 1094 4844 in
1126 4783 1366 4845 mendo
1397 4782 1694 4857 cubaret;
1731 4780 1826 4844 vel
1861 4782 2114 4845 etiamsi
2146 4781 2214 4846 id
2249 4788 2424 4844 certo
2461 4780 3046 4860 deprehenderem,
3096 4779 3532 4844 nihilominus

259 4901 509 4958 vocem,
541 4900 687 4961 quae
717 4881 1172 4946 substituenda
1201 4882 1399 4959 esset,
1446 4891 1615 4946 certa
1644 4883 1860 4964 aliqua
1908 4884 2273 4964 conjectura
2307 4883 2567 4962 assequi
2602 4898 2730 4944 non
2753 4888 3075 4961 poteram;
3109 4899 3252 4944 eam
3305 4883 3533 4961 cujus-

258 4985 435 5050 modi
479 4987 542 5046 in
603 4982 972 5062 apographo
1005 4992 1166 5062 erat,
1217 4985 1287 5046 in
1321 4991 1498 5048 textu
1553 4985 1817 5066 reliqui,
1855 5003 2210 5067 vocemque
2243 5002 2389 5064 quae
2425 4983 2810 5063 conjectanti
2849 4983 3010 5046 mihi
3043 4982 3310 5062 legenda
3360 4985 3539 5047 vide-

254 5085 467 5161 batur,
502 5085 569 5148 in
606 5084 901 5147 inferiori
935 5085 1221 5164 margine
1255 5086 1556 5164 apposui,
1592 5088 1927 5166 praemisso
1960 5097 2031 5152 τσ.
2058 5105 2178 5152 seu
2208 5097 2361 5162 τσως,
2390 5089 2696 5169 fortasse;
2721 5094 2790 5149 ut
2812 5083 3220 5150 felicioribus
3251 5086 3529 5151 aliorum

256 5185 645 5266 conjecturis
681 5186 891 5248 locum
937 5202 1286 5267 ansamque
1332 5188 1706 5266 praeberem.
1743 5189 2068 5251 Nonnulla
2123 5196 2333 5252 tamen
2365 5188 2616 5251 eisdem
2644 5188 2878 5268 adjeci,
2915 5188 2995 5251 de
3052 5205 3330 5268 quorum
3382 5207 3531 5252 vera

255 5305 691 5368 germanaque
723 5288 1125 5351 correctione
1151 5288 1558 5352 levissimum
1604 5290 1701 5354 vel
1737 5290 1926 5369 plane
1949 5291 2204 5353 nullum
2243 5290 2405 5352 mihi
2435 5291 2644 5353 inerat
2675 5290 2976 5363 dubium,
3007 5296 3076 5350 ut
3108 5306 3182 5351 ex
3208 5290 3290 5351 iis
3315 5293 3529 5368 speci-

255 5391 450 5453 minis
489 5393 627 5455 loco
666 5394 910 5471 peritus
946 5394 1147 5455 lector
1193 5395 1448 5475 colligat
1483 5395 1772 5474 ingentia
1813 5403 2016 5459 errata
2074 5395 2314 5474 quibus
2347 5395 2564 5475 ipsum
2596 5395 2927 5475 exemplar
2981 5393 3048 5457 in
3081 5394 3368 5474 qualibet
3394 5393 3529 5457 fere

257 5506 431 5578 parte
459 5498 760 5562 scatebat.
799 5501 955 5562 Cum
978 5519 1131 5564 vero
1163 5502 1324 5563 adeo
1358 5502 1779 5582 indiligenter
1803 5502 2168 5580 exscriptus
2194 5501 2400 5564 codex
2427 5500 2540 5563 ille
2571 5500 2677 5575 sit,
2709 5508 2780 5563 ut
2801 5499 3113 5574 diximus,
3141 5499 3302 5562 illud
3336 5499 3528 5571 etiam

253 5597 574 5674 :uSpicari
619 5599 1089 5682 licet,integras
1147 5602 1542 5682 quandoque
1575 5603 1891 5666 dictiones
1919 5621 2044 5681 prae
2073 5601 2412 5667 oscitantia
2437 5602 2897 5682 praetermissas
2921 5599 3125 5663 fuisse
3160 5617 3175 5662 :
3210 5591 3354 5680 quae
3383 5600 3530 5679 qui-

253 5701 401 5762 dem
453 5699 740 5777 suSpicio
805 5701 1254 5781 interpretanti
1298 5704 1451 5766 mihi
1488 5704 1662 5768 haud
1721 5703 1922 5767 semel
1958 5705 2182 5768 oborta
2213 5712 2334 5768 est.
2397 5707 2582 5778 Loca,
2639 5704 2749 5766 ubi
2793 5701 3232 5782 apographum
3283 5703 3527 5766 nedum

243 5802 668 5880 mendosum,
695 5808 807 5869 sed
835 5815 896 5870 et
929 5807 1230 5870 mutilum
1281 5808 1491 5871 visum
1538 5807 1696 5871 mihi
1745 5815 1866 5887 est,
1901 5810 1968 5873 in
2003 5811 2172 5873 notis
2205 5808 2422 5887 aliqua
2455 5807 2796 5884 indicabo;
2828 5806 2952 5871 alia
2983 5824 3098 5886 per
3143 5825 3291 5873 sese
3326 5813 3526 5870 lector
