4044 6450
520 437 626 496 ωδ
1367 437 1447 498 ΙΝ
1498 436 1930 509 SEQUENTIA
1962 438 2542 502 TIIEOPIIYLACTI
2582 441 2917 504 SCRIPTA.
3675 445 3782 508 434

521 537 791 602 fortasse
824 535 1291 616 deprehendet.
1332 541 1571 604 Verum
1624 544 1705 605 de
1759 545 2112 625 apographi
2175 547 2484 626 qualitate
2507 548 2640 629 jam
2682 549 2864 614 satis.
2896 552 3079 617 Nunc
3108 553 3188 618 de
3218 554 3361 618 luco
3389 572 3459 620 ac
3496 564 3783 638 tempore

519 656 653 720 quo
679 647 743 702 et
768 639 941 719 passi
986 648 1298 719 martyres
1327 650 1505 720 sunt,
1528 653 1591 706 et
1623 661 1849 709 eorum
1883 647 2186 711 translata
2237 665 2530 728 corpora,
2565 649 2919 733 adjungere
2944 671 3144 734 pauca
3168 654 3369 734 lubet,
3403 676 3552 740 quas
3582 677 3683 723 res
3715 662 3785 723 in

522 739 638 803 bac
667 739 961 819 oratione
982 742 1267 806 narratas
1300 743 1523 824 aliquo
1546 746 1737 809 modo
1765 745 2188 810 illustrabunt
2211 750 2838 832 contirmabuntqué.

598 868 779 930 XIX.
811 869 906 931 De
936 868 1084 931 loco
1124 870 1402 948 primum
1435 878 1497 932 et
1519 879 1809 951 tempore
1849 890 1980 953 quo
2016 875 2122 936 SS.
2163 881 2475 953 martyres
2528 877 2856 956 pertulere
2907 880 3311 961 martyrium,
3341 881 3446 944 vix
3480 883 3611 948 ulla
3641 904 3785 948 esse

523 974 729 1047 potest
764 966 1130 1043 difﬁcultas,
1161 987 1308 1032 cum
1368 976 1719 1052 utrumque
1772 974 1927 1035 satis
1970 974 2211 1038 diserte
2242 978 2804 1057 exprimatauctor
2830 979 3165 1060 inquiens,
3191 984 3660 1064 Tiberiopolim
3694 989 3789 1051 lo-

518 1084 694 1144 cum,
720 1075 975 1146 tempus
999 1086 1155 1133 vero
1187 1069 1346 1133 illud
1368 1069 1575 1134 fuisse
1607 1089 1740 1152 quo
1768 1072 2011 1152 impius
2043 1074 2337 1138 Julianus
2370 1092 2691 1139 summam
2724 1077 2984 1157 imperii
3013 1079 3295 1144 tenebat.
3326 1084 3550 1162 Neque
3570 1083 3787 1147 solum

520 1171 816 1247 urbisn‘n
844 1190 972 1253 qua
1004 1173 1171 1252 passi
1212 1181 1388 1248 sunt,
1433 1191 1665 1238 nomen
1694 1175 2023 1257 patefacit;
2060 1179 2176 1242 sed
2200 1177 2396 1241 situm
2431 1176 2623 1243 etiam
2656 1179 2949 1261 designat
2971 1181 3311 1261 inquiens,
3346 1200 3487 1248 eam
3516 1187 3793 1265 positam

519 1290 657 1333 esse
690 1271 775 1335 ad
805 1274 1365 1354 septentrionalem
1396 1274 1650 1355 plagam
1709 1277 2111 1340 Thessalonic

2197 1327 2200 1346 ι
2256 1288 2577 1361 κατ’ἀρχὰς
2613 1292 2715 1362 τῆς
2765 1291 2954 1364 χώρας
2993 1291 3301 1364 Ἰλλυρίδος,
3362 1287 3432 1346 in
3466 1272 3794 1369 principio

522 1376 798 1455 Illyrici.
846 1379 919 1441 In
950 1378 1266 1442 orationis
1323 1381 1674 1461 epigraphe
1724 1382 2122 1463 adjungitur,
2167 1385 2381 1447 vecari
2439 1403 2577 1448 eam
2632 1384 2971 1467 Bulgarice
3018 1386 3428 1449 Strumitzam
3458 1406 3480 1447 :
3508 1390 3621 1450 sed
3665 1391 3796 1454 haec

520 1489 843 1560 postrema
888 1483 1085 1546 verba
1135 1486 1214 1547 ab
1268 1485 1491 1565 aliquo
1519 1486 1754 1550 deinde
1787 1486 2051 1550 librario
2109 1488 2350 1568 adjecta
2382 1487 2615 1564 fuisse,
2651 1507 2765 1568 pro
2816 1495 2991 1553 certo
3042 1488 3249 1552 habeo
3285 1499 3461 1553 :tum
3487 1490 3662 1571 quod
3727 1490 3793 1553 in

519 1582 814 1645 oratione
843 1588 969 1646 tota
1001 1584 1228 1647 civitas
1274 1585 1384 1649 illa
1410 1596 1722 1668 perpetuo
1758 1587 2206 1667 Tiberiopolis,
2241 1606 2572 1670 nunquam
2594 1591 2940 1652 Strumitza
2974 1600 3426 1670 nuncupetur;
3461 1597 3595 1653 tum
3615 1593 3794 1672 quod

519 1703 595 1748 ea
620 1687 808 1749 verba
831 1686 1049 1749 alieno
1080 1686 1203 1750 sita
1232 1687 1376 1751 loco
1414 1696 1762 1753 cernantur
1795 1697 2056 1768 :‘neque
2092 1689 2264 1753 enim
2286 1698 2538 1754 vetusto
2564 1691 2987 1773 Tiberiopolis
3018 1691 3295 1768 nomini,
3332 1702 3400 1756 ut
3432 1709 3796 1774 congruum

521 1796 678 1865 erat,
722 1788 1207 1866 adhaerescunt;
1240 1792 1355 1855 sed
1390 1802 1532 1872 post
1562 1811 1638 1857 ea
1675 1796 1888 1870 verba,
1940 1796 2119 1877 passi
2146 1805 2320 1872 sunt,
2342 1797 2560 1859 minus
2587 1805 2733 1875 apte
2765 1796 3067 1860 translata
3100 1803 3275 1860 sunt.
3301 1794 3797 1862 Acceditfuisse

523 1895 589 1957 in
646 1894 868 1957 codice
926 1894 1221 1958 vitiosam
1272 1900 1823 1963 constructionem
1885 1901 2108 1983 (quam
2159 1918 2281 1979 ego
2338 1900 2405 1963 in
2488 1901 2662 1964 edito
2712 1902 3119 1979 emendavi);
3184 1917 3330 1963 cum
3408 1901 3584 1963 enim
3637 1904 3801 1958 Τιϐε-

523 2002 804 2073 ριουπόὶει
854 2000 921 2063 in
963 2017 1113 2065 casu
1150 2008 1347 2081 esset,
1376 2012 1447 2066 ut
1502 2004 1842 2087 inquiunt,
1895 2008 2112 2072 dativo

2200 2004 2944 2088 equebatur,interjecta
2996 2023 3148 2068 voce
3183 2013 3676 2087 μαρτυρησάντων,
3727 2000 3797 2062 in

522 2096 812 2172 genitivo
854 2100 1346 2178 ἐπονομαζομένης
1370 2106 1772 2180 Στρουμιτξης.
1803 2103 2119 2190 Quisquis

2202 2126 2396 2174 amen
2442 2125 2517 2172 ea
2546 2108 2873 2172 addiderit
2934 2108 3149 2181 verba,
3186 2124 3263 2171 eo
3300 2107 3488 2171 illum
3519 2106 3799 2171 consilio

524 2197 851 2265 addidisse
881 2203 1180 2281 arbitror,
1199 2213 1271 2270 ut
1294 2209 1520 2271 Lector
1541 2209 1605 2270 in
1634 2210 1778 2287 ipso
1802 2209 2014 2272 statim
2039 2210 2309 2274 exordio
2341 2208 2816 2290 Tiberiopolim,
2867 2209 2937 2271 in
2964 2225 3091 2289 qua
3124 2207 3223 2270 illi
3260 2206 3523 2271 subiere
3562 2214 3801 2285 marty-

527 2301 720 2379 rium,
757 2322 797 2368 a
850 2309 1097 2372 cieteris
1129 2311 1423 2392 ejusdem
1460 2312 2152 2378 nominiscivitatibus
2206 2315 2737 2395 distinguendam
2773 2329 2917 2377 esse
2955 2312 3375 2393 intelligeret.
3404 2314 3561 2375 Nam
3593 2310 3802 2374 etali'a

526 2408 961 2491 'l‘iberiOpolis
992 2413 1116 2478 fuit
1147 2416 1213 2478 in
1237 2434 1313 2480 ea
1341 2418 1638 2498 Phrygim
1662 2417 1922 2500 majoris
1947 2428 2145 2500 parte,
2173 2438 2318 2500 quae
2351 2420 2586 2485 dicitur
2626 2418 2997 2495 Pacatiana;
3032 2417 3156 2480 alia
3195 2416 3262 2478 in
3312 2414 3525 2476 insula
3558 2413 3797 2494 Cypro,

524 2512 648 2574 alia
681 2514 966 2596 denique
994 2517 1063 2581 in
1115 2521 1366 2599 Europa
1390 2520 1467 2582 ad
1496 2522 1772 2584 Pontum
1798 2521 2160 2595 Euxinum;
2194 2522 2250 2584 si
2283 2520 2563 2601 quidem
2584 2537 2659 2583 ea
2690 2536 2837 2602 qum
2864 2537 3037 2584 nunc
3062 2516 3279 2580 Barna
3313 2514 3407 2576 vel
3450 2515 3656 2576 Var-na
3691 2528 3802 2573 vo-

524 2622 707 2677 catur
740 2615 994 2698 (estque
1039 2618 1211 2683 haud
1235 2621 1547 2701 ignobilis
1608 2621 1786 2698 urbs,
1850 2630 2070 2702 utpote
2103 2623 2841 2705 archiepiscdpaliaucta
2866 2615 3478 2702 .dignitate),fuerit
3512 2615 3696 2691 olim,
3730 2622 3801 2677 nt

532 2718 1060 2795 rnultisentiunt,
1103 2724 1534 2807 Tiberiopolis
1565 2726 1911 2807 appellata.
1971 2727 2340 2790 Aliitamen
2383 2727 2451 2790 in
2486 2745 2556 2789 ea
2590 2735 2745 2789 sunt
2786 2725 3126 2805 opinione,
3168 2720 3347 2803 quod
3388 2719 3594 2783 l’arna
3622 2718 3794 2780 idem

526 2832 602 2878 ac
637 2818 842 2897 prisca
871 2821 1349 2903 Dionysiopolis
1408 2825 1523 2898 sit;
1571 2824 1683 2887 alii
1746 2841 1897 2889 vero
1927 2823 2234 2906 Odyssus,
2276 2825 2376 2889 vel
2425 2824 2712 2887 Odessus.
2761 2824 2857 2887 Ab
2912 2822 3218 2887 omnibus
3264 2819 3367 2883 his
3405 2835 3478 2883 ea
3527 2818 3800 2881 fortasse

532 2919 789 2984 diversa
833 2929 956 2998 est,
1002 2922 1349 3005 solumque
1398 2924 1480 2988 ob
1531 2923 1655 2989 loci
1687 2925 2243 3008 propinqtiitatem
2274 2927 2466 2990 modo
2501 2942 2615 3008 pro
2654 2943 2805 3002 una,
2865 2924 3056 2988 modo
3088 2938 3207 3005 pro
3247 2921 3372 2986 alia
3403 2925 3805 2983 vetustarum

530 3023 794 3089 urbium
815 3035 1092 3106 sumpta.
1122 3028 1565 3094 Certumillud
1596 3030 1878 3105 videtur,
1911 3031 2180 3094 omnino
2205 3030 2419 3111 decipi
2459 3047 2571 3101 eos
2624 3030 2741 3113 qui
2767 3027 3264 3110 TiberiOpolim,
3306 3041 3479 3089 nunc
3503 3021 3805 3085 Strumit-

533 3145 669 3191 zam
703 3128 804 3209 (de
827 3144 952 3209 qua
994 3128 1099 3193 hic
1127 3128 1520 3211 loquimur),
1554 3148 1703 3194 cum
1743 3133 1950 3197 Varna
1972 3150 2095 3196 seu
2127 3134 2328 3196 Barna
2355 3128 2800 3196 confundunt:
2833 3148 2977 3194 nam
3020 3133 3335 3211 quantum
3368 3124 3803 3207 Tiberiopolis

532 3228 984 3293 Strumitziana
1048 3230 1124 3309 (si
1160 3229 1465 3294 claritatis
1497 3232 1706 3310 gratia
1744 3230 1834 3295 ita
1896 3231 2083 3313 loqui
2109 3231 2284 3311 licet)
2317 3249 2353 3296 a
2403 3234 2606 3295 Ponto
2626 3231 2821 3296 distet
2868 3229 3149 3307 Euxino,
3181 3233 3429 3294 constat
3468 3246 3550 3291 ex
3580 3227 3799 3290 dictis-

530 3329 698 3404 Quis
737 3330 934 3407 enim,
969 3331 1099 3395 nisi
1129 3333 1543 3415 geographia;
1575 3350 1843 3414 prorsus
1876 3333 2169 3416 ignarus,
2207 3334 2470 3411 di‘xerit,
2502 3335 2772 3396 Varnam
2807 3349 2939 3396 esse
2960 3335 3043 3396 ad
3060 3331 3622 3415 septentrionalem
3649 3330 3802 3410 pla-

530 3450 673 3509 gam
705 3433 1173 3498 Thessalonices
1195 3437 1265 3499 in
1291 3437 1619 3517 principio
1642 3436 1961 3517 Illyridis,
1983 3437 2532 3518 quemadmodum
2558 3436 3083 3518 TheOphylactus
3112 3432 3389 3499 asseruit
3413 3432 3493 3495 de
3511 3429 3807 3494 Tiberio-

534 3533 713 3612 poli?
748 3538 839 3599 Ex
866 3535 986 3599 hac
1010 3554 1203 3617 porro
1233 3540 1671 3622 descriptione
1707 3540 2120 3605 manifestum
2148 3540 2432 3617 videtur,
2452 3538 3099 3620 bujusTiberiopolis
3131 3537 3347 3602 locum
3379 3532 3803 3600 intralimites

534 3636 932 3702 Macedonia:
958 3638 1167 3703 fuisse
1209 3657 1282 3704 ea
1331 3642 1401 3705 in
1435 3651 1612 3722 parte
1642 3660 1790 3724 qum
1813 3643 2107 3725 proxime
2135 3642 2686 3723 speetatM‘cesiam
2720 3643 3126 3722 superiorem
3149 3642 3346 3719 (nunc
3387 3635 3666 3701 Servium
3698 3650 3813 3695 vo-

532 3738 728 3823 cant),
753 3757 900 3821 quae
928 3744 1324 3808 Macedonia)
1356 3761 1501 3825 pars
1531 3724 1916 3827 aliquandiu
1945 3745 2158 3823 paruit
2188 3747 2614 3825 Bulgarorum
2639 3745 2916 3827 imperio
2951 3763 2966 3802 :
3002 3742 3245 3824 quippe
3278 3739 3806 3822 quod,regnante

532 3834 773 3915 Crubo,
798 3841 1319 3908 Thessalonicam
1347 3863 1559 3926 usque
1599 3844 2131 3924 protendebatur,
2179 3852 2252 3908 ut
2280 3843 2803 3924 'l‘heOphylactus
2848 3842 2914 3903 in
2952 3840 3070 3904 hac
3100 3841 3239 3919 ipsa
3269 3837 3558 3902 oratione
3616 3840 3809 3896 testa-

532 3949 662 4005 tur.
703 3927 889 4008 Situs
920 3961 1074 4008 vero
1130 3945 1253 4019 iste
1315 3945 1813 4026 TiberiOpoleos
1847 3945 2091 4026 optime
2128 3943 2432 4025 congruit
2466 3934 2611 4005 cum
2664 3940 3027 4005 Strumitzaz
3058 3939 3213 4011 situ,
3239 3944 3310 4000 ut
3339 3935 3666 4014 colligitur
3726 3948 3808 3993 ex

538 4046 901 4126 Nicephoro
930 4049 1235 4127 Gregora,
1260 4047 1376 4129 qui
1400 4064 1540 4111 eam
1568 4048 1904 4128 ingressus
1940 4054 2059 4123 est,
2101 4046 2256 4109 dum
2314 4043 2624 4125 Byzantio
2654 4059 2780 4107 una
2834 4059 2980 4106 cum
3013 4041 3240 4122 legatis
3269 4040 3344 4103 ad
3379 4036 3654 4112 Cralem,
3687 4052 3806 4097 seu

540 4162 758 4239 regem
825 4151 1065 4216 Serviat
1107 4152 1256 4239 illac
1314 4153 1639 4216 transiens
1680 4152 1953 4228 Scupios
2003 4149 2545 4229 proﬁcisceretur.
2614 4146 2945 4212 Nonnulla
2977 4146 3193 4221 verba,
3230 4143 3475 4226 quibus
3539 4141 3661 4203 iter
3693 4138 3808 4202 ille

535 4232 731 4318 suum
765 4255 1098 4333 describit,
1129 4232 1313 4336 juvat
1346 4257 1451 4319 hic
1480 4257 1550 4319 in
1584 4255 1872 4320 medium
1910 4253 2236 4335 proferre;
2289 4253 2534 4334 quippe
2558 4269 2705 4332 qum
2736 4257 3220 4330 peropportuna
3244 4246 3549 4308 videntur
3573 4241 3806 4304 conﬁr-

537 4360 794 4424 mandis
823 4361 907 4424 iis
935 4379 1081 4442 qum
1109 4365 1188 4425 de
1222 4361 1653 4440 Tiberiopolis
1685 4379 1799 4425 seu
1827 4360 2193 4424 Strumitzm
2241 4359 2371 4421 situ
2408 4357 2897 4439 exiguitateque
2930 4372 3123 4435 supra
3141 4354 3452 4416 diximus.
3479 4351 3812 4414 Posteram

538 4463 781 4543 (inquit
811 4463 922 4526 ille
954 4465 1204 4527 Hister.
1242 4465 1483 4544 Byzant
1535 4464 1645 4527 lib.
1688 4478 1823 4532 Vm,
1855 4481 1992 4544 cap.
2050 4463 2147 4536 11's,
2185 4479 2366 4525 num.
2396 4460 2458 4540 6)
2503 4477 2538 4524 a
2572 4460 2848 4523 transitu
2903 4457 3263 4537 Strymonis
3298 4452 3477 4517 ﬂuvii
3533 4451 3699 4514 diem
3743 4454 3811 4512 in

538 4563 765 4625 itinere
826 4570 1019 4625 totam
1073 4563 1588 4645 consumpsimus,
1650 4574 1705 4625 et
1736 4562 1818 4624 ad
1867 4560 2240 4641 oppidulum
2272 4560 2593 4641 (πολίχνιον,
2644 4557 2977 4640 parvulam
3031 4554 3366 4634 civitatem)
3422 4551 3805 4645 devenimus:

536 4661 706 4742 quod
729 4682 885 4744 pene
920 4682 1120 4743 supra
1141 4664 1334 4726 nubes
1348 4644 1583 4727 eminet
1609 4665 1981 4744 (Strumitza
2007 4661 2081 4725 ab
2106 4663 2335 4726 incolis
2356 4663 2669 4744 vocatur),
2703 4660 2856 4722 adeo
2879 4665 3213 4739 prterupto
3244 4664 3302 4716 et
3334 4644 3579 4716 excelso
3609 4649 3811 4711 monti

537 4764 926 4843 impositum,
967 4776 1038 4828 ut
1095 4766 1370 4828 homines
1416 4766 1486 4827 in
1508 4763 2013 4846 propugnaculis
2043 4762 2324 4826 sedentes
2361 4783 2390 4826 e
2416 4764 2579 4827 valle
2628 4759 3118 4843 suspicientibus
3148 4744 3543 4819 avicuiarum
3574 4750 3808 4814 similes

537 4864 1010 4930 viderentur....
1063 4867 1276 4929 Tertio
1330 4866 1474 4929 inde
1522 4866 1624 4929 die
1685 4866 1769 4928 ad
1805 4865 2201 4947 oppidulum,
2234 4865 2546 4939 πολίχνιον,
2597 4865 2974 4945 Scopiorum
3029 4862 3421 4931 diverlimus,
3457 4859 3630 4937 ipsos
3670 4855 3811 4934 jam

542 4966 971 5050 Triballorum
994 4967 1148 5046 ﬁnes
1183 4966 1476 5045 ingressi,
1500 4985 1574 5028 ac
1597 4965 2144 5047 praeterlabentem
2163 4964 2435 5028 vidimus
2456 4963 2693 5027 Axium
2719 4962 3006 5045 ﬂuvium,
3041 4968 3160 5024 etc.
3200 4959 3452 5034 Quibus
3485 4974 3562 5020 ex
3593 4953 3808 5017 verbis

544 5069 958 5155 perspicuum
996 5069 1301 5131 eﬂicitur:
1341 5067 1395 5133 1.
1432 5069 1839 5133 Strumitzam
1880 5070 2050 5132 inter
2077 5068 2311 5132 ﬂuvios
2342 5071 2749 5150 Strymonem
2784 5074 2846 5129 et
2874 5066 3111 5129 Axium
3147 5063 3354 5127 fuisse
3387 5061 3807 5140 interjectam,

544 5176 607 5242 et
653 5187 688 5231 a
748 5168 961 5249 priore
988 5172 1190 5234 unius
1246 5170 1501 5236 circiter
1534 5172 1666 5235 diei
1699 5171 1935 5235 itinere
1968 5170 2292 5244 dissitam,
2336 5170 2425 5232 ab
2472 5168 2601 5232 alio
2640 5184 2816 5243 vero,
2858 5166 2968 5229 ubi
3023 5166 3296 5245 Scupios
3340 5160 3812 5243 praeterlabitur

547 5274 853 5358 (proinde
882 5276 1039 5338 etab
1064 5277 1223 5356 ipsis
1244 5277 1547 5358 Scupiis),
1585 5274 1779 5340 trium
1800 5275 2053 5338 dierum
2085 5273 2421 5338 intervallo
2441 5272 2800 5335 distantem.
2820 5271 2883 5331 2.
2902 5269 3077 5343 Eam,
3097 5270 3148 5331 si
3184 5268 3265 5330 ad
3298 5263 3812 5328 Thessalonicam

549 5377 880 5452 referatur,
906 5377 1478 5457 septentrionalem
1512 5376 1746 5453 fuisse,
1789 5376 2158 5458 cujusmodi
2188 5384 2253 5439 et
2310 5370 2752 5451 TiberiOpolis
2807 5378 2941 5434 erat
2984 5365 3466 5447 TheOphylacto
3512 5372 3699 5428 teste.
3749 5368 3809 5429 3..

547 5480 881 5543 Civitatem
914 5480 1115 5542 fuisse
1151 5482 1502 5558 parvulam,
1530 5480 1669 5542 sive
1701 5480 1893 5542 etiam
1924 5478 2309 5556 oppidulum
2345 5476 2459 5538 uni
2510 5494 2595 5536 ex
2644 5471 2918 5551 prmaltis
2951 5471 3155 5532 Haemi
3189 5467 3427 5531 montis
3460 5467 3815 5531 verticibus

552 5584 881 5662 insidens;
940 5585 1186 5665 quippe
1242 5601 1428 5647 mons
1462 5582 1587 5646 iste
1642 5582 2092 5646 Macedoniam
2138 5580 2374 5644 dividit
2405 5580 2485 5643 ab
2515 5587 2785 5656 utraque
2820 5575 3037 5638 Mmsia
3069 5570 3181 5656 (α).
3230 5574 3379 5637 Hinc
3414 5571 3634 5638 omnia
3666 5590 3815 5651 per-

620 5842 697 5914 (a)
735 5842 873 5898 Cum
900 5841 988 5898 bis
1023 5837 1593 5922 ontnib_us_co.nsentit_
1621 5837 1922 5920 descriptio
1961 5833 2124 5922 tritius
2232 5826 3041 5922 nicnsis‘in‘altanrgeopraplczia

556 5897 724 5983 urbis,
761 5897 925 5987 quam
961 5897 1179 5970 exhibet
1207 5909 1452 5966 Mcletius
1483 5897 1928 5980 archiepiscopus
1959 5897 2126 5964 Athe-
2234 5919 2393 5969 noua,
2438 5917 2557 5973 qua:
2610 5900 2760 5957 edita
2815 5897 2896 5955 est
2940 5900 3026 5954 hic
3067 5897 3310 5954 chctiis
3360 5897 3555 5947 Graece
3602 5899 3818 5951 tantum
