4044 6480
237 421 344 482 435
1295 423 1686 489 BONIFACII
1718 423 2028 487 FINETTI
2073 426 2469 494 PMFATIO
3407 417 3514 482 436

237 532 458 609 Spicua
484 539 659 607 sunt,
712 533 837 597 nisi
874 552 1011 600 mea
1042 553 1145 599 me
1200 536 1366 600 fallit
1395 535 1645 616 Opinio.
1687 536 1933 599 Verum
1971 535 2133 602 illud
2169 538 2540 614 obscurius,
2573 552 2700 616 qua
2732 551 2968 616 nempe
3005 533 3255 599 ratione
3305 532 3516 598 Theo-

240 633 576 712 phylactus
611 634 774 698 hanc
805 636 1252 719 Tiberiopolis
1283 637 1537 713 urbem,
1575 653 1696 702 seu
1728 637 2163 712 Strumitzam,
2195 638 2506 702 aﬂirmare
2537 638 2820 718 potuerit
2849 653 2996 702 esse
3025 647 3143 701 κατ’
3180 643 3360 719 ἀρχὰς
3409 645 3510 716 τῆς

236 745 424 817 χώρας
459 743 776 818 Ἰλλυρίδος,
817 739 1112 817 proxime
1139 742 1209 803 in
1229 740 1560 820 principio
1592 739 1876 818 regionis
1905 738 2196 820 Illyridis
2224 758 2335 802 seu
2363 740 2652 819 Illyrici,
2673 757 2820 804 cum
2846 739 3217 820 ablllyride
3253 739 3515 820 prOprie

241 847 520 919 sumpta,
581 856 774 920 quam
819 840 1062 902 Drinus
1115 841 1356 904 ﬂuvius
1387 856 1423 904 a
1461 840 1838 904 Macedonia
1883 840 2318 915 disterminat,
2359 843 2583 922 procul
2615 851 2786 905 esset
2831 842 3260 923 quorumdam
3304 844 3515 906 inter-

239 941 410 1002 vallo
439 941 694 1006 dierum
725 941 1080 1024 :etlllyrici
1115 941 1309 1003 latius
1341 939 1586 1019 accepti
1619 939 1906 1004 medium
1934 939 2069 1010 fere
2100 949 2378 1017 teneret,
2413 943 2601 1022 cujus
2635 959 2777 1021 pars
2825 942 3190 1019 orientalis,
3214 961 3334 1008 seu
3361 944 3518 1024 Illy-

242 1046 476 1119 ricum,
515 1053 584 1109 ut
619 1047 947 1120 vocabant,
1007 1043 1364 1119 Orientale,
1400 1043 1850 1108 Macedoniam
1897 1061 2030 1107 una
2053 1061 2195 1107 cum
2254 1044 2470 1107 Deciis
2511 1061 2584 1107 ac
2614 1044 2863 1107 Mmsiis
2913 1061 3037 1107 suo
3067 1045 3309 1109 ambitu
3343 1062 3519 1109 com-

244 1147 659 1228 plectebatur.
757 1150 995 1212 Verum
1067 1147 1412 1212 difﬁcultas
1492 1150 1820 1212 evanescit
1877 1151 2140 1225 omnis,
2223 1148 2278 1210 si
2363 1148 2450 1212 ita
2512 1148 2964 1231 intelligantur
3048 1149 3515 1230 TheOphy-lacti

243 1253 491 1327 verba,
555 1251 1105 1330 quemadmodum
1162 1251 1585 1332 intelligenda
1633 1269 1776 1316 esse
1826 1253 2400 1331 persuasissimum
2459 1251 2620 1314 mihi
2681 1260 2802 1329 est,
2859 1249 3166 1316 videlicet
3228 1255 3519 1324 Ἰλλύριδος
3625 1300 3631 1304 .

237 1356 447 1430 χώρας,
495 1354 788 1436 Illyridis
819 1357 1079 1420 nomine
1114 1356 1218 1421 hic
1243 1357 1593 1436 significari
1619 1363 1886 1420 tractum
1911 1373 2170 1420 omnem
2204 1364 2544 1432 terrarum,
2571 1372 2768 1434 quem
2800 1353 3060 1434 Bulgari
3082 1352 3362 1432 Illyrica,
3399 1366 3518 1410 seu
3578 1433 3580 1436 ν

241 1456 730 1539 Slavicalingua
769 1467 1026 1524 utentes
1049 1462 1143 1542 (ut
1173 1467 1234 1524 et
1267 1462 1460 1526 modo
1485 1459 1782 1542 utuntur)
1809 1461 2228 1542 occupabant,
2255 1469 2449 1543 atque
2481 1461 2550 1524 in
2586 1478 2768 1524 suam
2809 1460 3189 1540 redegerant
3233 1463 3515 1535 potesta-

241 1567 406 1634 tem;
465 1567 528 1623 et
561 1579 758 1640 quem
811 1570 945 1624 tum
978 1563 1169 1626 etiam
1229 1562 1622 1638 incolebant,
1681 1581 1828 1626 cum
1857 1563 2226 1644 imperatori
2285 1551 3001 1642 ConstantinOpolitano
3069 1560 3166 1642 (ut
3223 1570 3518 1636 tempore

243 1659 736 1742 TheOphylacti)
767 1663 1092 1740 parebant.
1128 1666 1267 1725 1am
1300 1679 1451 1726 vero
1489 1662 1778 1743 lllyridis
1804 1663 1899 1726 sic
1920 1671 2196 1743 acceptm
2237 1662 2438 1742 prima
2489 1680 2630 1743 quae
2657 1664 2939 1725 occurrit
2981 1662 3208 1725 civitas
3230 1677 3310 1722 ex
3339 1659 3517 1757 (ἴτω-ε

241 1761 364 1837 cia,
399 1779 469 1834 ac
503 1763 915 1844 potissimum
953 1766 1441 1841 Thessalonica,
1477 1767 1892 1830 venientibus
1917 1766 2054 1830 haec
2085 1775 2207 1843 est,
2245 1769 2325 1829 de
2351 1783 2479 1848 qua
2513 1765 2871 1848 loquimur,
2904 1765 3284 1839 Strumitza;
3318 1761 3519 1842 idque

243 1875 498 1932 constat
531 1887 608 1932 ex
644 1887 748 1946 eo,
785 1871 958 1950 quod
1010 1878 1072 1932 et
1108 1871 1263 1934 alibi
1295 1870 1901 1946 animadvertimus,
1953 1871 2267 1934 nimirum
2318 1870 2632 1951 Bulgaros
2669 1885 2882 1946 usque
2917 1869 3005 1935 ad.
3045 1864 3524 1930 Thessalonica;

241 1973 404 2034 fines
443 1989 633 2035 suum
668 1973 1022 2051 protulisse
1057 1974 1450 2054 imperium;
1481 1981 1674 2055 atque
1700 1973 1894 2036 etiam
1933 1991 2011 2037 ex
2048 1991 2127 2038 eo
2151 1975 2322 2054 quod
2345 1971 3142 2050 subindicatNicephorus
3176 1971 3520 2048 Gregoras,

241 2090 418 2137 sacra
461 2075 804 2154 paschalia,
832 2077 1075 2156 quibus
1109 2078 1222 2141 ille
1259 2079 1578 2156 interfuit,
1613 2079 1946 2158 Bulgarica
2002 2097 2121 2142 seu
2164 2078 2502 2142 Slavonica
2534 2077 2757 2155 lingua
2787 2074 2994 2138 fuisse
3028 2073 3393 2138 Strumitzm
3420 2088 3523 2135 ce-

242 2178 506 2244 lebrata.
541 2184 633 2244 Ex
664 2199 797 2264 quo
841 2182 1028 2262 plane
1054 2201 1466 2266 consequens
1499 2193 1620 2262 est,
1651 2192 1788 2249 tum
1829 2201 1968 2249 eam
2001 2184 2326 2247 habitasse
2363 2183 2698 2264 Bulgaros,
2734 2199 2850 2244 seu
2875 2186 3135 2260 gentem
3166 2177 3518 2257 Illyricam.

242 2282 366 2344 Sed
398 2284 613 2361 ipsum
649 2286 892 2350 referre
928 2291 1279 2368 Gregoram
1312 2295 1590 2368 praestat,
1624 2289 1737 2368 qui
1769 2289 1934 2351 satis.
1978 2286 2197 2369 lepide
2244 2287 2554 2350 describit
2583 2293 2838 2350 cantum
2873 2299 3004 2365 quo
3056 2278 3313 2360 Bulgari
3350 2279 3524 2339 Stru-

242 2383 525 2449 mitziani
553 2391 918 2469 paschalem
966 2391 1441 2456 solemnitatem
1475 2391 1906 2455 celebrabant.
1965 2391 2068 2453 Ibi
2095 2391 2339 2454 Pascha
2369 2391 2480 2469 (ait
2515 2389 2654 2453 loco
2686 2405 2877 2466 supra
2927 2383 3147 2466 citato)
3179 2382 3433 2444 moleste
3464 2385 3526 2444 et

238 2495 481 2561 prater
520 2497 785 2550 veterem
827 2500 1113 2553 nostram
1162 2493 1699 2568 consuetudinem,
1735 2490 1842 2552 sed
1898 2501 2104 2554 tamen
2141 2492 2616 2554 celebravimus.
2648 2489 2750 2553 Ibi
2780 2490 2941 2551 enim
2972 2488 3171 2549 omnis
3201 2485 3519 2558 doctrina,

241 2585 521 2662 rhythmi
551 2595 610 2647 et
630 2604 826 2648 sacrae
853 2590 1201 2669 hymnodia:
1232 2593 1472 2653 musica
1500 2608 1619 2670 pro
1639 2591 1836 2670 nugis
1870 2591 2224 2662 habentur:
2257 2593 2489 2672 quippe
2507 2590 2814 2670 oppidani
2844 2587 3122 2652 barbara
3149 2588 3281 2666 fere
3303 2585 3524 2664 lingua

240 2696 533 2764 utantur,
567 2700 625 2753 et
655 2691 737 2753 iis
767 2693 897 2753 sint
917 2693 1196 2755 moribus
1219 2696 1326 2773 qui
1346 2704 1633 2756 aratrum
1656 2707 1714 2756 et
1746 2694 2014 2773 ligonem
2044 2696 2113 2756 in
2135 2695 2368 2776 primis
2401 2693 2678 2756 deceant.
2707 2692 2917 2770 Neque
2940 2689 3100 2751 enim
3137 2705 3274 2748 eum
3303 2703 3524 2748 sonum

241 2788 526 2864 edebant,
549 2792 682 2870 qui,
711 2794 830 2855 etsi
854 2793 1347 2870 semibarbarus,
1375 2804 1580 2858 tamen
1607 2795 1966 2858 modulatus
1993 2799 2186 2872 foret,
2216 2796 2518 2876 etaliquis
2545 2796 2680 2875 ipse
2710 2809 2952 2872 quoque
2977 2808 3104 2851 esse
3132 2797 3521 2862 censeretur,

236 2895 306 2945 ut
335 2885 725 2967 semilydius,
761 2898 821 2952 et
871 2894 930 2954 si
959 2894 1058 2972 fas
1091 2893 1324 2971 dicere,
1353 2896 1852 2976 semiphrygius:
1896 2895 2006 2958 sed
2049 2894 2394 2958 belluinum
2417 2895 2610 2976 plane
2655 2902 2710 2955 et
2739 2903 3106 2953 montanum
3152 2887 3465 2950 sonabant
3500 2900 3523 2942 :

239 3001 358 3059 quo
396 2985 533 3045 ritu
567 2986 863 3049 nomades
913 2991 1043 3070 ipsi
1075 3001 1369 3055 canerent
1391 2993 1687 3073 gregibus
1721 2995 1853 3056 suis
1872 3003 2226 3074 praeeuntes
2284 2993 2368 3056 ad
2394 2996 2558 3080 juga
2607 3001 2666 3055 et
2694 2989 2904 3072 sylvas
2927 3009 3070 3052 vere
3129 3006 3316 3063 novo,
3383 3004 3526 3050 cum

241 3083 482 3161 cymbia
510 3087 670 3151 lacte
709 3090 1060 3153 exundant.
1103 3094 1251 3156 Haec
1281 3093 1699 3174 hyperbolice
1726 3096 2050 3166 scribendi
2082 3098 2246 3160 ratio
2276 3098 2495 3160 Graeco
2545 3095 2796 3158 homini
2826 3142 2841 3170 ,
2876 3091 3324 3176 principisque
3361 3087 3526 3153 civi-

242 3185 390 3246 tatis
415 3187 623 3251 cultui
659 3200 921 3254 assueto
959 3195 1310 3258 condonari
1347 3204 1578 3275 potest.
1622 3197 1890 3261 Interim
1916 3216 2068 3262 vero
2101 3217 2181 3262 ex
2235 3198 2350 3262 illa
2381 3197 2598 3277 colligi
2639 3197 2924 3270 videtur,
2979 3194 3220 3258 incolas
3252 3191 3525 3256 Strumi-

242 3282 492 3354 ttianos
525 3309 734 3373 neque
762 3294 1022 3358 natione
1055 3299 1331 3373 Graecos,
1361 3315 1571 3379 neque
1609 3300 1821 3362 Graeca
1846 3299 1913 3364 in
1945 3299 2143 3364 sacris
2172 3300 2394 3382 lingua
2439 3316 2595 3364 usos
2647 3298 2852 3362 fuisse
2879 3320 2897 3373 ;
2922 3299 3217 3379 adeoque
3239 3294 3339 3357 vel
3374 3290 3524 3355 Bul-

217 3411 457 3474 agaros,
505 3395 606 3461 vel
635 3399 920 3475 Servios,
949 3401 1045 3464 vel
1104 3410 1276 3464 certe
1309 3403 1597 3483 aliquem
1626 3420 1703 3466 ex
1737 3403 2000 3484 Illyrico
2037 3404 2375 3484 populum.
2411 3407 2638 3485 Neque
2669 3403 2844 3467 enim
2879 3401 3124 3482 lingua,
3167 3415 3294 3479 qua
3344 3398 3525 3460 Stru-

245 3498 536 3562 mitziani
569 3518 746 3565 sacra
781 3505 1337 3584 peragebant,alia
1358 3505 1566 3571 fuisse
1591 3510 1845 3572 videtur
1877 3515 2110 3590 praeter
2145 3509 2627 3572 Schlavonicam
2656 3507 2765 3588 (α).
2790 3506 2963 3584 Quid
2998 3504 3173 3584 quod
3206 3503 3522 3580 Gregoras

241 3601 386 3675 ipse
426 3604 812 3681 praecedenti
875 3623 1054 3670 num.
1104 3616 1345 3685 monet,
1382 3609 1507 3673 loci
1554 3611 1732 3673 illius
1777 3614 1933 3690 (tum
1964 3627 2119 3675 vero
2142 3612 2346 3686 adhuc
2375 3610 2592 3674 aberat
2628 3610 2973 3676 Strumitza
3012 3607 3146 3670 fere
3191 3607 3521 3683 integrum

241 3701 500 3765 itineris
525 3702 726 3786 diem)
756 3705 998 3769 incolas
1025 3708 1364 3788 plerosque
1397 3711 1729 3788 Mysorum
1773 3710 1928 3791 (seu
1962 3709 2338 3789 Moesorum)
2389 3708 2648 3773 colonos
2685 3709 2906 3787 fuisse.
2945 3707 3333 3770 Persuasum
3367 3717 3521 3765 vero

241 3803 471 3880 habeo,
509 3807 857 3887 Mysorum,
885 3824 1005 3871 seu
1037 3810 1380 3873 Masorum
1429 3810 1694 3874 nomine
1727 3809 1833 3874 hic
1872 3811 2184 3890 Bulgaros
2215 3803 2595 3890 signiﬁcari,
2630 3806 2728 3870 vel
2763 3805 3021 3870 Servios
3087 3803 3388 3884 (uterque
3424 3803 3545 3876 est,

243 3908 706 3975 Schlavonicus
765 3913 1081 3994 populus)
1132 3914 1248 3995 qui
1303 3921 1647 3996 utramque
1707 3915 1989 3980 Moesiam
2035 3914 2289 3995 jamdiu
2330 3913 2723 3978 incolebant.
2762 3912 2861 3974 Ex
2896 3908 3162 3989 quibus,
3198 3905 3266 3968 ni
3303 3902 3519 3978 fallor,

241 4016 398 4079 satis
429 4023 530 4081 est
566 4017 1000 4098 eXploratum,
1055 4035 1188 4082 non
1220 4020 1548 4084 immerito
1600 4019 2158 4101 The0phylactum
2217 4035 2508 4081 asserere
2552 4013 2876 4099 potuisse,
2913 4011 3351 4091 Strumitzam,
3399 4023 3521 4070 seu

241 4119 710 4200 'l‘iberiopolim
740 4119 948 4186 fuisse
979 4123 1380 4201 promime’in
1411 4122 1741 4203 principio
1757 4122 2040 4200 regionis
2072 4120 2377 4200 Illyricae.

322 4223 469 4285 XX.
522 4221 646 4285 Sed
679 4221 878 4285 alicui
908 4221 1594 4304 fortassescrupulum
1616 4221 1909 4300 ingeret,
1944 4219 2121 4300 quod
2163 4235 2351 4282 nemo
2377 4223 2670 4282 veterum
2701 4214 3090 4293 scriptorum
3115 4225 3519 4276 memorave-

243 4327 324 4388 rit
384 4325 582 4388 ullam
648 4323 1070 4404 Tiberiopolis
1116 4325 1342 4388 urbem
1374 4339 1451 4386 eo
1492 4323 1636 4398 loci,
1689 4323 1802 4385 ubi
1834 4320 2243 4401 postmodum
2291 4319 2632 4382 Strumitza
2665 4315 3296 4392 fuit,'exsistentem.
3356 4311 3520 4373 Sane

243 4424 584 4497 Cellarius,
615 4423 902 4505 antiquae
918 4424 1327 4505 geographiae
1356 4424 1830 4488 solertissimus
1868 4423 2316 4503 investigator,
2347 4417 2841 4498 [Tiberiopolim
2874 4417 2968 4480 ibi
3007 4413 3252 4478 nullam
3312 4425 3515 4489 agno-

239 4530 383 4593 scit.
412 4532 635 4612 Neque
663 4530 856 4594 etlam
888 4532 954 4595 in
979 4550 1097 4596 sex
1119 4533 1386 4598 Notitiis
1415 4531 1656 4596 Grmcis
1692 4529 2254 4592 Patriarchatuum
2296 4533 2354 4588 et
2388 4523 2630 4590 sedium
2661 4520 3136 4602 episcopalium,
3172 4530 3320 4597 quae
3357 4509 3525 4574 refe-

243 4641 474 4702 runtur
520 4634 598 4697 ad
657 4635 895 4700 calcem
946 4635 1180 4700 Codini
1229 4637 1320 4698 De
1372 4636 1600 4717 ofﬁciis
1647 4635 1716 4699 in
1749 4635 2030 4714 Corpore
2068 4631 2358 4696 historiae
2404 4627 2800 4710 Byzantium,
2860 4624 2992 4688 ulla
3033 4623 3098 4688 ﬁt
3142 4618 3385 4684 mentio
3439 4617 3520 4679 de

239 4737 611 4816 episcepatu
644 4739 1201 4818 TiberiOpolitano
1230 4740 1327 4804 vel
1388 4739 1866 4803 Strumitziano.
1898 4739 1971 4800 ln
2009 4736 2436 4816 Expositione
2467 4733 2732 4816 quidem
2765 4727 3118 4793 Andronici
3172 4718 3538 4814 Palaeologi

237 4835 522 4898 senioris
567 4838 1037 4917 metrOpolibus
1086 4845 1554 4919 annumeratur
1584 4840 1726 4920 ipsa
1784 4839 1978 4903 etiam
2053 4836 2474 4917 Tiberiopolis
2513 4834 2692 4908 urbs,
2740 4831 3115 4910 diciturque
3156 4844 3234 4889 ex
3313 4819 3517 4912 ωςιιι

236 4939 398 5002 facta
429 4940 684 5002 LXXV.
711 4941 834 5002 Sed
869 4940 1244 5020 hujusmodi
1275 4939 1742 5021 Tiberiopolim
1780 4941 2003 5004 urbem
2053 4938 2224 5001 haud
2265 4953 2407 5000 esse
2441 4937 2852 5000 Strumitzam
2891 4934 2958 4995 in
2993 4928 3317 5012 principio
3351 4925 3513 5005 Illy-

235 5213 327 5254 θη.
373 5193 526 5250 i728.
569 5190 704 5261 Ejus
736 5190 906 5261 verba,
932 5200 1098 5246 sunt:
1133 5188 1684 5261 Στροὺμιτζανπὸλις
1717 5192 1829 5245 τῶν

1929 5187 2080 5258 passi
2111 5190 2239 5241 sunt
2265 5182 2362 5239 XV
2378 5188 2747 5261 _rna_rtyres,et
2775 5195 2898 5252 quae
2914 5197 3042 5261 vere
3069 5181 3123 5236 in
3149 5187 3336 5261 monte
3366 5190 3507 5246 erat,

237 5251 558 5341 Τέιϐρλλῷν
611 5251 694 5326 sic
732 5261 802 5341 τᾲ
841 5251 1578 5341 πέρῆῖοεβῆξΜὰκεδονςας
1619 5251 1827 5341 μὲτᾳξὺ

1929 5251 2248 5341 loquuntur.
2280 5263 2349 5310 At
2376 5255 2724 5341 hodiernam,
2759 5251 2882 5341 (ηυδε
2907 5263 2960 5308 et
2984 5251 3139 5334 Noua
3170 5251 3276 5306 dici
3310 5261 3512 5320 potest,

235 5322 330 5414 τᾴὖ
365 5322 686 5414 Στρύμρνῇή
709 5333 823 5414 καὶ.
844 5322 939 5414 τῷ
970 5322 1432 5414 ςΑξίουῖΞοταμῷν
1455 5322 1823 5414 εὑρὶςξίςοιμέιξῃ

1930 5322 2392 5414 Str'utnitzatn‘ad
2432 5325 2622 5414 pedjem
2653 5322 2898 5406 ejusdem
2927 5324 3388 5414 mentisenstarq,
3416 5337 3508 5405 ve-

238 5410 320 5468 εἰς
366 5391 689 5474 κρῆιλνῶδεῖς
739 5403 834 5458 καὶ
876 5391 1155 5469 ἀπότομον
1193 5391 1338 5474 ὅροέ,
1363 5391 1566 5474 ἀπέχόν
1592 5391 1700 5474 dab
1729 5391 1823 5474 τᾴἰῖ

1927 5401 2172 5474 terisque
2196 5391 2584 5474 tantummodo
2615 5395 2801 5474 ruinas
2849 5408 3162 5465 superesse,
3203 5391 3448 5449 inaudivi
3482 5406 3515 5450 a

239 5465 654 5558 pitoﬁ'zulzrp‘uiiv
671 5465 912 5558 ᾔμερῶχ
937 5465 1180 5558 Eprium)"
1195 5465 1445 5558 {Aﬁ‘tD-ﬂ
1476 5465 1822 5558 irgobptrga

1424 5473 1445 5541 ὴ
1476 5465 1822 5558 ἳῖρούμιτςα
1923 5465 2320 5558 virlo‘l'o'qorum‘
2349 5466 2564 5520 illorum
2604 5465 2828 5558 periim-
3014 5530 3021 5536 ,

239 5547 489 5616 ἐκαλεῖτο
519 5532 579 5598 ’ὶὸ
609 5532 829 5615 ﬂgiti-rev
864 5532 1306 5616 Τιϐὶρίοῷπολις.
1345 5532 1666 5616 Strumitza'
1694 5532 1819 5616 urbs

1929 5611 1940 5616 _
1996 5537 2323 5616 (a)‘_H.oc‘_t_i_t
2373 5549 2578 5590 meram
2605 5532 3338 5616 'conjecturam'.p_ropono;
3363 5532 3513 5588 Alias

239 5614 603 5671 Triballornm
653 5602 795 5669 inter
841 5602 1030 5683 ﬂuvio}
1079 5602 1399 5682 Strymone»
1428 5622 1478 5666 et
1505 5613 1694 5683 Axium
1749 5614 1818 5666 ad
1929 5602 2192 5683 iliau'divi,
2234 5608 2346 5683 illic
2379 5620 2526 5683 nunc
2587 5619 2743 5683 supra
2791 5602 3270 5683 celebrari'lingua
3301 5602 3513 5683 Graeca.

236 5688 366 5757 ﬁnes
401 5683 733 5739 Macedonia:
759 5673 1038 5757 reperitur,
1085 5686 1138 5757 in
1174 5673 1541 5757 "prlecipitiet
1591 5682 1816 5746 abrupto
1929 5680 2186 5735 Fortasse
2215 5680 2399 5757 etiam“
2416 5677 2593 5730 solum
2635 5673 2840 5730 Graeca:
2877 5677 3076 5757 linguae
3101 5673 3513 5757 corruptionem

237 5742 412 5832 Biante
433 5757 748 5832 {distatque
779 5742 1198 5832 S'cupiisml‘riurp'
1231 5742 1435 5832 dierum
1460 5755 1662 5832 itinere.
1687 5742 1816 5808 ΗΜ
1927 5760 2121 5832 notare
2149 5750 2322 5803 voluit
2360 5748 2656 5819 Gregoras,
2688 5760 2814 5802 cum
2853 5742 3109 5814 ait,'illos
3143 5742 3376 5801 barbara
3403 5742 3517 5815 fere

235 5829 362 5881 urbs
393 5827 623 5895 primum
664 5823 947 5880 vocabatur
974 5823 1335 5895 Tiberibpolig.
1368 5825 1634 5895 Caeterum
1689 5841 1816 5880 cum
1926 5823 2110 5894 lingua
2134 5835 2266 5878 usos
2295 5833 2436 5876 esse.

235 5887 528 5972 Gregoras,
571 5905 685 5954 tum
720 5895 972 5954 Melctius
999 5896 1067 5952 de
1089 5887 1258 5953 veteri
1285 5887 1602 5962 Strumitza,
1633 5895 1689 5950 in
1710 5910 1818 5966 qua
