4044 6466
456 435 554 495 1.237
1276 432 1356 494 ΙΝ
1409 433 1843 507 SEQUENTIA
1881 436 2473 499 THEOPHYLACTI
2515 438 2862 502 SCRIPTA.
3617 443 3722 504 433

455 537 572 604 rici
601 543 814 620 sitam,
869 545 986 608 sed
1044 545 1259 624 potius
1307 547 1580 613 Varnam
1607 547 1685 609 ad
1734 551 2002 610 Pontum
2038 550 2388 623 Euxinum,
2429 566 2506 612 oo
2548 550 2668 612 loci
2703 550 2941 613 diserte
2968 551 3341 615 afﬁrmatur.
3375 555 3500 614 Sed
3560 553 3716 620 haec.

455 644 746 720 quamvis
784 660 952 718 vera,
989 661 1245 708 movere
1275 655 1480 707 tamen
1513 648 1840 708 neminem
1863 648 2120 711 debent.
2162 651 2384 727 Neque
2414 649 2587 710 enim
2614 648 2833 710 omnia
2862 653 3132 712 omnino
3168 651 3300 713 loca
3329 651 3427 712 vei
3463 652 3719 730 cognita

448 758 484 804 a
514 744 840 808 veteribus
869 745 1260 824 geographis
1312 753 1485 816 sunt,
1523 747 1620 810 vel
1682 751 2009 812 memoriae
2042 750 2274 812 tradita
2325 759 2728 829 posterorum
2764 773 2780 825 ;
2825 752 2937 814 sed
2982 753 3076 815 vel
3124 752 3340 833 aliqua
3401 754 3717 832 ignorata,

449 845 550 904 vel
607 861 735 921 prae
783 861 900 906 sua
933 845 1282 924 exiguitate
1319 845 1775 926 praetermissa.
1813 851 2168 928 Scriptores
2228 867 2376 914 vero
2412 851 2648 928 reliqui
2687 853 2949 915 nonnisi
3009 855 3494 933 opportunitate
3552 857 3726 920 data,

445 945 846 1007 mentionem
877 944 1086 1008 facere
1129 957 1611 1016 consueverunt
1668 949 2000 1012 civitatum
2040 951 2453 1032 aliorumque
2485 953 2802 1016 locorum.
2863 956 3300 1028 Quamobrem
3369 956 3719 1032 Cellarius,

444 1044 703 1107 tametsi
743 1044 1310 1126 diligentissimus,
1373 1048 1546 1110 locos
1577 1049 1832 1128 aliquos
1877 1054 2329 1130 praetermisit;
2393 1056 2747 1131 prmsertim
2804 1071 2955 1118 vero
3010 1055 3211 1137 (quod
3271 1058 3421 1120 facit
3451 1057 3520 1120 in
3581 1073 3720 1119 rem

441 1153 759 1231 nostram)
787 1151 1023 1213 nullam
1062 1151 1141 1215 ad
1172 1155 1440 1214 Pontum
1475 1155 1803 1218 Euxinum
1835 1156 2302 1236 Tiberioiiolim
2335 1166 2668 1230 memorat,
2703 1177 2892 1240 quam
2921 1167 3130 1224 tamen
3163 1162 3497 1224 exstitisse
3521 1161 3720 1224 dubi-

441 1253 570 1316 tari
603 1255 706 1315 vix
751 1261 982 1333 potest.
1021 1257 1094 1318 In
1127 1257 1362 1320 Graecis
1388 1275 1652 1339 quoque
1683 1261 1942 1324 Notitiis
1975 1277 2119 1340 quae
2145 1261 2355 1326 adhuc
2397 1272 2771 1343 supersunt,
2817 1267 3225 1345 episcopatus
3255 1265 3439 1329 fuere
3473 1268 3720 1347 aliquot

436 1357 887 1436 prattermissi,
915 1367 984 1426 ut
1015 1362 1249 1427 eruditi
1277 1362 1669 1442 jampridem
1725 1367 2138 1432 adnotavere.
2163 1370 2478 1433 Caeterum
2504 1387 2584 1432 ex
2616 1386 2694 1432 eo
2723 1371 2915 1432 etiam
2947 1371 3102 1433 oriri
3141 1373 3349 1448 potuit
3385 1371 3720 1434 silentium

434 1459 857 1539 episcOpatus
905 1461 1464 1542 TiberiOpolitaui,
1511 1465 1688 1546 quod
1748 1466 1883 1530 haec
1913 1468 2159 1543 civitas,
2189 1469 2480 1550 quandiu
2528 1486 2763 1532 nomen
2814 1469 2988 1532 istud
3023 1470 3320 1544 retinuit,
3351 1489 3555 1532 unum
3588 1471 3720 1531 for-

434 1569 640 1636 tasse,
675 1564 774 1648 vel
808 1565 1086 1629 alterum
1109 1567 1407 1631 habuerit
1436 1572 1816 1652 episcopum
1847 1590 1864 1648 ;
1897 1591 2044 1636 cum
2077 1573 2248 1637 haud
2278 1575 2480 1636 multo
2515 1581 2656 1650 post
2697 1574 3078 1654 martyrium
3138 1573 3494 1646 Theodori,
3527 1570 3716 1650 primi

431 1664 736 1745 ejusdem
769 1669 1048 1733 civitatis
1081 1671 1396 1750 episcopi,
1431 1681 1667 1739 vastata
1696 1676 1896 1741 fuerit
1929 1678 2141 1758 primo
2183 1679 2451 1758 quidem
2481 1678 2562 1740 ab
2605 1677 2890 1751 Ombris,
2925 1676 3164 1739 deinde
3187 1691 3224 1736 a
3262 1673 3586 1752 Bulgaris,
3640 1683 3714 1735 ut

426 1765 597 1826 satis
623 1765 974 1832 indicatvel
999 1769 1190 1834 istius
1212 1777 1437 1835 auctor
1461 1776 1782 1849 opusculi.
1800 1778 2159 1852 Quodvero
2174 1795 2384 1858 neque
2399 1778 2531 1841 alio
2559 1777 2980 1848 subnomine,
3012 1776 3322 1838 nimirum
3336 1777 3717 1842 Strumitzw,

426 1880 862 1936 annumerata
885 1874 1153 1938 sedibus
1194 1877 1679 1955 episcopalibus
1724 1881 2114 1954 inveniatur,
2171 1883 2334 1944 illud
2370 1883 2718 1945 videturin
2763 1897 2957 1943 causa
3010 1879 3219 1942 fuisse
3268 1881 3441 1959 quod
3503 1877 3717 1939 archi-

429 1971 753 2053 episcOpo
777 1982 1160 2053 αὺτοκεφάλῳ.
1189 1979 1294 2044 sui
1308 1980 1512 2060 juris,
1555 1999 1674 2044 seu
1709 1985 1959 2047 nullius
1990 1985 2116 2046 sub
2139 1984 2778 2064 patriarchzeditione
2808 1981 3182 2053 constituto,
3217 1982 3520 2042 subesset
3545 1979 3720 2059 (nam

425 2070 508 2132 in
566 2074 885 2151 prtedictis
940 2076 1199 2140 Notitiis
1237 2079 1652 2146 solummodo
1702 2093 2125 2149 recensentur
2180 2087 2372 2151 sedes
2403 2085 2807 2165 episcopales
2853 2101 3001 2163 quae
3047 2083 3342 2162 quinque
3411 2081 3720 2142 suberant

426 2171 866 2253 patriarchis)
914 2198 930 2237 :
969 2175 1099 2238 nisi
1147 2177 1362 2244 dicere
1395 2181 1608 2259 malis,
1641 2184 1869 2246 urbem
1899 2184 2063 2248 hanc
2099 2201 2226 2247 non
2255 2185 2616 2246 Strumilzrc
2646 2181 2909 2245 nomine
2955 2181 3225 2260 (quippe
3258 2179 3434 2258 quod
3494 2178 3720 2256 Bulga‘

427 2269 647 2332 ricum
675 2274 795 2353 est)
827 2276 938 2338 sed
971 2278 1190 2341 Graaco
1210 2281 1339 2344 alio
1368 2282 1681 2349 vocabulo
1711 2284 1779 2346 in
1810 2285 2056 2349 eisdem
2084 2285 2339 2350 Notitiis
2394 2283 2766 2363 designari:
2796 2290 2903 2344 aut
2933 2282 3195 2344 demum
3229 2281 3377 2342 ideo
3442 2279 3719 2340 Strumi-

424 2384 608 2442 tzam
661 2396 791 2444 non
853 2388 1206 2462 recenseri,
1262 2390 1416 2469 quia
1450 2390 1627 2460 sedis
1664 2393 2396 2473 episcOpalisbonorem
2432 2400 2540 2457 aut
2584 2392 2780 2456 nimis
2816 2409 2962 2456 sero
3010 2392 3376 2469 sitadepta,
3426 2399 3537 2451 aut
3591 2388 3720 2450 cito

428 2482 645 2544 nimis
675 2483 988 2562 amiserit,
1022 2499 1131 2554 aut
1161 2493 1375 2556 solum
1415 2496 1606 2558 certis
1639 2503 1997 2576 temporum
2029 2497 2393 2562 intervallis
2439 2514 2512 2560 ea
2543 2496 2859 2575 dignitate
2890 2494 3090 2557 fuerit
3120 2493 3428 2572 insignita
3463 2490 3717 2573 (quem-

426 2587 791 2652 admodum
843 2599 903 2654 et
932 2591 1081 2654 aliis
1147 2595 1417 2674 contigit
1469 2596 1755 2674 parvulis
1799 2596 2220 2679 civitatibus),
2255 2600 2551 2677 adeoque
2585 2603 2720 2659 tum
2758 2596 2967 2674 potuit
3000 2595 3115 2657 hac
3149 2592 3568 2672 praerogativa
3617 2604 3721 2651 ca-

427 2707 614 2766 rere,
643 2707 789 2752 cum
845 2691 1314 2770 episcOpalium
1373 2697 1631 2760 sodium
1675 2697 1942 2780 catalogi
1983 2700 2098 2780 qui
2127 2699 2202 2761 ad
2234 2715 2353 2762 nos
2388 2715 2595 2778 usque
2635 2689 3071 2776 pervenerunt
3127 2695 3718 2757 conscriberentur.

428 2790 760 2854 Caeterum
795 2793 958 2857 illud
994 2796 1218 2864 saltem
1251 2799 1507 2862 videtur
1537 2801 1604 2864 in
1645 2801 1916 2866 dubium
1950 2805 2228 2867 revocari
2265 2820 2392 2866 non
2428 2817 2640 2881 posse,
2677 2803 3054 2879 episcOpum
3088 2798 3292 2860 fuisse
3318 2796 3716 2864 Strumitzm,

429 2893 601 2955 dum
633 2895 700 2956 in
738 2895 904 2959 vivis
933 2906 1152 2976 ageret
1182 2899 1752 2980 TheOphylactus:
1792 2904 2037 2985 quippe
2065 2906 2178 2986 qui
2212 2905 2488 2986 epistola
2521 2903 2798 2982 32juxta
2824 2901 3096 2964 Meursii
3129 2899 3486 2960 editionem
3519 2902 3718 2958 testa-

430 3003 573 3068 tur,
606 3012 676 3058 se
705 2994 1047 3075 Pelagonia
1090 3000 1230 3078 (seu
1284 3002 1668 3084 Pelagoniae)
1704 3008 1798 3064 καὶ
1827 3007 1964 3080 πρὸς
1989 3007 2027 3061 τὲ

2119 3009 2512 3079 Στρομὸίτζης,
2546 3013 2604 3066 et
2625 3004 3042 3077 Strombitzw,
3079 3012 3132 3064 et
3197 2999 3531 3063 Malcsoboe
3583 2999 3716 3076 cpi-

429 3097 656 3174 :copis
699 3099 1053 3178 scripsisse.
1105 3102 1551 3166 Strombitzam
1614 3104 1789 3167 enim
1847 3103 2017 3165 idem
2071 3119 2142 3165 ac
2189 3103 2598 3168 Strumitzam
2629 3124 2794 3181 esse,
2827 3107 2963 3186 ipsa
3008 3106 3294 3169 nominis
3352 3101 3718 3166 similitudo

429 3198 848 3284 afﬁnitasque
881 3204 1176 3268 dubitare
1210 3222 1338 3271 non
1372 3209 1528 3271 sinit
1561 3231 1578 3272 :
1617 3211 1968 3288 praesertim
2019 3226 2391 3291 cumsupra
2449 3212 3136 3286 demenstraverimus,
3162 3211 3567 3274 Strumitzam
3613 3206 3718 3286 (de

431 3320 573 3382 qua
633 3303 737 3366 hic
767 3309 1006 3385 sermo)
1065 3326 1292 3388 parum
1343 3328 1381 3375 a
1412 3313 1751 3394 Pelagonia
1783 3315 2095 3389 distasse;
2137 3322 2328 3396 atque
2361 3316 2581 3394 etiam,
2615 3327 2684 3381 ut
2711 3319 2848 3397 ipse
2910 3317 3214 3391 arbitror,
3269 3332 3304 3377 a
3344 3313 3666 3377 Malesoba
3700 3327 3718 3372 :

436 3409 970 3492 TbeOphylactus
999 3434 1152 3480 vero
1181 3419 1262 3483 ad
1300 3420 1644 3500 episcOpos
1684 3421 1830 3484 illos
1873 3427 2027 3494 tres,
2058 3427 2280 3500 utpote
2312 3423 2643 3498 ﬁnitimos,
2677 3441 2830 3486 suas
2881 3423 3141 3486 misisse
3173 3421 3479 3500 epistolas
3507 3419 3720 3480 videa-

437 3520 572 3578 tur.
611 3517 830 3596 Neque
874 3535 1026 3593 vero
1056 3520 1573 3601 Theophylactus
1608 3525 1917 3587 duntaxat
1972 3526 2188 3604 ipsum
2230 3527 2590 3588 Strumitzre
2617 3543 2857 3590 nomen
2912 3526 3250 3604 paululum
3299 3521 3663 3586 immutavit
3697 3541 3715 3594 ;

435 3620 556 3682 sed
591 3630 653 3685 et
682 3623 1016 3690 Cedrenns
1076 3644 1214 3692 eam
1242 3631 1630 3705 Στρούμπιζαν
1659 3638 1719 3693 et
1773 3638 2032 3712 Στρούπιτ

2120 3656 2181 3704 ν,
2221 3633 2659 3711 Strumpitzan
2690 3641 2752 3696 et
2781 3634 3160 3712 Slrupitzan
3223 3630 3378 3716 (nisi
3417 3631 3482 3690 in
3518 3627 3717 3689 alter-

438 3735 663 3788 utrum
718 3726 930 3791 locum
976 3731 1307 3810 irrepserit
1358 3733 1664 3794 mendum
1700 3734 2260 3814 typographicum)
2301 3743 2505 3796 vocat.
2541 3737 2612 3796 Et
2645 3735 2911 3814 quidem
2953 3750 3032 3797 eo
3073 3733 3192 3796 loci
3219 3733 3578 3794 Cedrenum
3637 3729 3718 3789 de

442 3827 813 3904 Strumitza,
851 3829 933 3894 de
969 3847 1098 3912 qua
1140 3847 1261 3895 nos
1323 3834 1676 3913 loquimur,
1723 3852 2091 3898 sermonem
2129 3834 2392 3908 habere,
2453 3842 2851 3914 compertum
2879 3853 2957 3897 ex
2988 3853 3066 3896 eo
3104 3843 3199 3897 est
3257 3835 3433 3914 quod
3491 3829 3717 3892 Basilii

447 3931 852 4010 imperatoris
885 3934 1014 3998 iter
1039 3934 1250 4000 Scrris
1277 3938 1512 4017 Scapia
1555 3939 1695 4001 sive
1725 3940 1968 4018 Scupos
2000 3939 2406 4014 describens,
2439 3936 3007 3999 eumdem'referat
3045 3937 3452 4013 Strumpitza)
3480 3951 3718 4012 appro-

458 4033 803 4116 pinquasse
828 4057 846 4098 :
874 4054 1008 4116 quo
1044 4038 1229 4102 illum
1260 4041 1664 4120 Strumpitzae
1692 4044 1888 4105 situm
1924 4042 2244 4121 designat,
2283 4058 2478 4121 quem
2507 4056 2626 4102 nos
2654 4038 3014 4102 Strumitzae
3042 4037 3508 4102 constituimus
3541 4039 3719 4101 Nice-

450 4138 630 4217 phori
687 4141 990 4221 Gregoraa
1025 4141 1236 4204 verbis
1273 4143 1510 4208 innixi.
1559 4145 1684 4207 Alii
1721 4143 1970 4207 minore
1999 4145 2210 4208 adhuc
2248 4144 2621 4207 diversitate
2649 4143 2938 4205 eamdem
2969 4142 3420 4204 Strumnitzam
3455 4157 3718 4202 nuncu-

445 4248 621 4320 pant,
683 4249 754 4304 ut
803 4243 1082 4305 Ananias
1149 4245 1444 4323 ejusdem
1502 4247 1874 4325 episcopus,
1909 4246 2023 4326 qui
2069 4261 2241 4308 anno
2281 4246 2438 4307 1565
2474 4243 2728 4323 synodo
2763 4237 3323 4320 Constantinopoli
3382 4242 3718 4304 celebratas

441 4344 599 4421 (qua
629 4344 884 4423 synodo
922 4345 1212 4425 dejectus
1244 4348 1328 4408 ob
1355 4346 1653 4410 simonite
1681 4348 1924 4410 crimen
1960 4365 1995 4410 e
2034 4348 2270 4409 throno
2321 4344 2745 4426 patriarchico
2779 4352 2875 4406 est
2906 4344 3266 4423 Joasaphus
3320 4344 3503 4406 illius
3541 4343 3716 4405 urbis

439 4444 998 4525 archiepiscopus)
1027 4449 1416 4528 subscripsit
1461 4449 1564 4511 his
1599 4451 1812 4512 verbis
1845 4467 1858 4510 :
1899 4451 2036 4528 Ego
2075 4449 2336 4514 humili:
2363 4449 2700 4527 episcopus
2725 4447 3133 4508 Strumnitzw
3165 4446 3449 4508 Ananias
3506 4446 3718 4507 volens

370 4541 382 4560 ‘
436 4561 578 4604 meo
619 4546 885 4608 consilio
915 4531 1293 4628 subscripsi,
1335 4557 1402 4613 ut
1432 4550 1863 4613 ecclesiastica
1889 4567 2008 4612 seu
2031 4549 2446 4628 patriarchica
2482 4547 2673 4611 refert
2695 4547 2961 4608 historia
2992 4548 3432 4608 Emmanuelis
3456 4546 3713 4618 Malnxi,

443 4646 900 4723 Peloponnesii
929 4671 946 4725 ;
981 4668 1174 4728 quam
1205 4651 1524 4712 Martinus
1574 4651 1870 4725 Crusius,
1902 4652 2266 4714 Academias
2297 4650 2734 4730 Tubingensis
2769 4647 3113 4728 professor,
3150 4648 3371 4708 Latine
3407 4647 3712 4722 reddidit,

441 4748 784 4826 ediditque
841 4750 950 4812 lib.
1005 4769 1050 4812 ιι
1097 4750 1624 4813 Tarae-Graeciaa.
1686 4753 1780 4814 Ex
1812 4767 1947 4832 quo
2003 4752 2453 4830 consequitur,
2521 4753 2930 4813 Strumitzam
2984 4749 3224 4809 nedum
3256 4747 3517 4818 saeculo,
3580 4765 3713 4826 quo

443 4847 700 4911 vivebat
731 4849 1233 4929 TbOphylactus,
1272 4851 1637 4924 undecimo,
1671 4853 1784 4912 sed
1815 4851 2008 4913 etiam
2041 4851 2298 4914 decimo
2327 4859 2512 4914 sexto
2543 4850 2893 4930 episc0pali
2922 4850 3077 4912 sede
3135 4857 3422 4912 ornatam
3475 4851 3708 4913 fuisse.

442 4953 672 5014 Sedem
707 4952 865 5014 hanc
893 4951 1292 5014 etiamnunc
1337 4953 1648 5032 temporis
1677 4970 2050 5032 superesse,
2077 4954 2210 5016 imo
2231 4961 2294 5017 et
2335 4953 2801 5032 metropolitica
2832 4953 3145 5031 dignitate
3191 4950 3398 5015 fuisse
3436 4960 3709 5024 auctam,

444 5065 716 5120 testatus
777 5057 938 5120 mihi
988 5067 1084 5121 est
1113 5059 1388 5120 Jacobus
1437 5058 1707 5134 Nicolai,
1737 5059 2277 5122 hieromonacbus
2312 5057 2696 5138 Olympiam,
2757 5075 2876 5120 seu
2913 5075 2990 5118 ex
3025 5058 3418 5119 monasterio
3474 5057 3712 5120 montis

447 5163 736 5242 Olympi,
777 5180 972 5242 quem
1019 5163 1240 5242 paucis
1272 5169 1418 5225 ante
1448 5164 1706 5238 diebus,
1744 5180 1937 5242 quam
1970 5163 2106 5228 haec
2156 5165 2327 5245 typis
2378 5163 2860 5235 mandarentur,
2897 5161 2974 5224 ad
3008 5162 3168 5225 hanc
3202 5164 3420 5225 urbem
3474 5167 3708 5243 appul-

447 5281 619 5336 sum,
650 5271 720 5326 ut
751 5263 988 5326 deinde
1023 5263 1091 5327 in
1122 5264 1656 5343 Trans-ylvaniam
1720 5271 2038 5343 pergeret,
2067 5264 2420 5327 sacerdotis
2477 5269 2746 5325 munere
2784 5265 2955 5342 apud
2987 5281 3122 5326 sure
3150 5265 3360 5343 gentis
3412 5264 3711 5325 homines

447 5365 692 5428 ibidem
717 5364 1086 5440 iuncturus,
1119 5368 1318 5427 semel
1352 5371 1412 5428 et
1447 5366 1681 5428 iterum
1713 5367 2041 5428 allocutus
2089 5383 2258 5427 sum.
2322 5365 2444 5426 Hic
2478 5381 2577 5426 me
2611 5364 2676 5424 in
2730 5363 2958 5442 primis
2988 5364 3328 5425 certiorem
3359 5361 3535 5437 fecit,
3576 5363 3708 5425 fere

450 5467 772 5545 integrum
817 5483 1104 5530 mensem
1155 5483 1222 5530 se
1249 5469 1608 5530 Strumitzae
1638 5475 1949 5530 moratum
1978 5486 2145 5532 esse.
2179 5471 2342 5529 Tum
2371 5466 2526 5528 mihi
2560 5467 2638 5528 de
2675 5467 3049 5545 quindecim
3092 5469 3265 5530 hisce
3321 5467 3709 5546 martyribus

455 5566 803 5630 sciscitanti
836 5569 1196 5648 respondit,
1233 5586 1358 5630 non
1388 5571 1578 5632 modo
1612 5569 1875 5632 illorum
1935 5570 2308 5632 memoriam
2341 5586 2412 5631 ea
2449 5569 2513 5630 in
2551 5568 2710 5630 urbe
2742 5568 2960 5645 vigere
2997 5569 3154 5641 ;sed
3194 5569 3382 5630 etiam
3428 5584 3460 5629 a
3502 5585 3711 5629 sacer-

454 5668 710 5730 dotibus
739 5685 818 5731 eo
852 5669 974 5732 loci
1019 5669 1497 5732 celebrantibus
1530 5670 2208 5731 commemorationem
2240 5668 2536 5749 quotidie
2563 5667 2698 5729 ﬁeri
2735 5688 2750 5727 :
2779 5665 3127 5746 quotannis
3159 5683 3315 5728 vero
3351 5667 3708 5729 solemnem

457 5769 756 5832 celebrari
789 5771 1166 5834 eorumdem
1222 5778 1570 5851 martyrum
1632 5770 2044 5833 festivitatem
2094 5794 2109 5831 ε
2155 5771 2317 5850 quin
2361 5777 2424 5834 et
2477 5769 2802 5848 peculiare
2833 5767 3110 5831 elﬁcium
3157 5777 3220 5831 et
3262 5769 3570 5832 lectiones
3626 5768 3704 5826 de

462 5868 742 5948 ipsorum
778 5876 1083 5954 martyrio
1127 5875 1346 5938 haberi
1383 5899 1396 5938 :
1439 5893 1642 5956 caque
1667 5876 1879 5939 omnia
1914 5875 2230 5938 contineri
2265 5873 2574 5954 peculiari
2609 5874 2889 5954 quodam
2930 5871 3150 5934 libello
3206 5872 3524 5950 impresso
3580 5871 3706 5928 Bo~
