4044 6496
343 451 453 513 439
1301 466 1310 476 ‘
1392 450 1783 513 BONIFACII
1813 449 2126 512 FINETTI
2171 453 2566 514 PRIEFATIO
3502 455 3606 520 440

346 557 616 636 scapoli,
654 559 777 634 vel,
799 565 866 622 ut
895 558 1327 623 communiter
1361 561 1778 640 pronuntiant
1803 561 2418 643 Graeci,V0500poli,
2445 561 3014 642 inzMacedoniaﬁn
3046 578 3172 643 qua
3201 561 3360 627 urbe
3384 563 3608 642 paucis

345 661 578 724 abhinc
603 663 792 724 annis
828 661 1118 725 instituta
1141 662 1694 742 esttypOgraphia.
1727 661 1961 726 Notitia
1988 662 2145 739 haec,
2177 681 2368 744 quam
2396 663 2554 726 mihi
2584 664 2700 727 diu
2729 663 3510 745 multumqueinquirenti
3529 681 3608 725 ex

351 763 470 825 hoc
494 781 626 826 uno
657 781 842 827 sacro
867 764 1177 827 monacho
1207 764 1466 827 haurire
1498 763 1706 838 licuit,
1740 764 1999 843 egregie
2033 764 2363 827 conﬁrmat
2387 757 2695 836 historiis,
2729 782 2876 844 quas
2901 765 2966 826 in
2997 765 3114 827 hac
3145 763 3610 844 TheOphylacti

346 865 638 928 oratione
683 866 1100 944 describitur,
1160 867 1490 928 veritatem
1529 887 1546 928 :
1610 868 1959 944 praesertim
2006 882 2152 928 cum
2186 866 2426 939 omnia,
2475 883 2621 946 qua:
2661 865 3134 943 ipse-referrem
3170 883 3251 928 ex
3309 867 3610 943 praedicta

349 967 666 1039 oratione,
693 966 807 1031 ille
835 985 904 1030 se
943 968 1182 1048 legisse
1205 967 1532 1032 aﬂirmarit
1567 970 1634 1031 in
1671 975 2023 1032 memorato
2071 967 2316 1032 libello.
2358 968 2578 1030 Solum
2605 967 2726 1030 hoc
2759 985 2886 1031 non
2913 968 3070 1030 satis
3115 968 3426 1029 memoria
3497 967 3611 1030 ille

352 1067 627 1142 tenebat,
656 1085 734 1132 an
765 1076 1074 1149 martyres
1111 1069 1209 1130 illi
1256 1069 1382 1132 sub
1406 1071 1669 1133 Juliano
1719 1073 2018 1148 Apostata
2067 1069 2442 1149 martyrium
2475 1069 2757 1131 subiisse
2791 1083 2869 1131 eo
2904 1069 2974 1130 in
3009 1067 3230 1132 libello
3287 1069 3612 1131 dicantur.

348 1172 425 1232 Et
470 1171 602 1234 haec
632 1173 711 1234 de
744 1172 905 1248 loco,
948 1172 1059 1235 ubi
1097 1175 1266 1250 passi
1313 1181 1464 1238 sunt
1497 1183 1834 1254 martyres,
1866 1175 2140 1255 ejusque
2171 1175 2509 1238 occasione
2539 1174 2670 1236 sint
2707 1174 2874 1236 dicta

429 1272 607 1336 XXI.
667 1274 951 1352 Tempus
1011 1290 1164 1336 vero
1215 1291 1344 1354 quo
1375 1276 1439 1338 id
1490 1275 1757 1356 contigit
1790 1276 2046 1338 deﬁniri
2081 1275 2268 1338 facile
2301 1281 2532 1355 potest.
2582 1277 2736 1337 Nam
2799 1291 2874 1336 ex
2923 1272 3274 1353 epigraphe
3338 1273 3614 1354 ipsaque

347 1372 640 1436 oratione
675 1373 1041 1450 innotescit,
1080 1392 1192 1439 eos
1225 1377 1578 1457 imperante
1607 1377 1869 1441 Juliauo
1917 1380 2219 1457 Apostata
2273 1378 2657 1456 sanguinem
2718 1389 2831 1456 pro
2863 1376 3115 1438 Christo
3145 1374 3418 1438 fudisse.
3455 1375 3619 1436 Cum

346 1478 564 1534 autem
591 1473 884 1551 perbrevi
910 1482 1202 1555 tempore
1255 1479 1622 1542 moderatus
1655 1479 1768 1541 ille
1797 1478 2144 1559 imperium
2197 1479 2281 1541 sit
2310 1478 2645 1560 (nimirum
2703 1493 2738 1539 a
2781 1493 3004 1539 mense
3051 1474 3400 1538 Novembri
3458 1475 3622 1536 anni

345 1576 460 1637 361
501 1576 577 1637 ad
607 1579 782 1640 diem
830 1597 1042 1660 usque
1072 1583 1152 1644 26
1183 1583 1363 1645 Junii
1395 1584 1548 1646 anui
1580 1584 1748 1663 363),
1812 1583 2230 1662 perspicuum
2262 1590 2381 1658 est,
2427 1599 2546 1645 nos
2586 1581 2652 1644 in
2689 1581 3058 1644 deﬁniendo
3113 1578 3402 1659 martyrii
3450 1585 3618 1638 tem-

351 1694 506 1754 pore
544 1679 649 1740 vix
680 1695 873 1758 posse
910 1699 1082 1746 anno
1123 1684 1377 1763 integro
1415 1703 1451 1748 a
1481 1701 1632 1748 vero
1672 1685 1992 1747 aberrare.
2021 1685 2114 1746 Ex
2144 1685 2416 1747 historia
2460 1684 2792 1764 siquidem
2839 1681 3278 1746 ecclesiastica
3336 1687 3615 1742 constat:
3656 1719 3699 1773 .-

350 1795 500 1840 eum
531 1780 864 1860 aliquanto
894 1794 1035 1861 post
1067 1785 1302 1848 initum
1333 1786 1683 1866 imperium
1715 1785 2232 1866 persecutionem
2273 1786 2616 1849 inchoasse
2655 1791 2874 1848 contra
2917 1780 3316 1843 Christianos
3349 1801 3368 1853 ;
3427 1785 3624 1858 atque

350 1881 413 1918 in
448 1879 568 1918 hnn
599 1884 744 1918 ίηοη
778 1889 1091 1918 anna-..“
1121 1890 1394 1918 πλαιν.--
1449 1896 1755 1918 ...η-μην.
1849 1890 1924 1918 .1-
1968 1889 2205 1918 .....:|......
2255 1890 2352 1918 LL.
2399 1905 2609 1918 ..η-...Α
2711 1894 2846 1918 “mu
2878 1885 3096 1918 cunam
3132 1883 3409 1918 “ﬁmum
3470 1881 3623 1918 ιιι-ἰ-

349 1881 414 1940 in
448 1879 570 1942 hoc
599 1884 744 1961 ipso
777 1889 1093 1964 opusculo
1120 1890 1419 1968 legimus,
1449 1896 1781 1970 martyres,
1846 1890 1926 1952 de
1964 1889 2205 1970 quibus
2253 1890 2354 1952 hic
2397 1905 2636 1964 sermo,
2711 1894 2851 1967 post
2878 1885 3096 1964 fugam
3132 1883 3410 1963 primum
3469 1881 3623 1962 qui-

349 1980 494 2042 dem
551 2001 631 2046 ex
660 1986 834 2060 urbe
859 1989 1124 2066 gNicaaa,
1158 1992 1394 2055 deinde
1449 2011 1528 2055 ex
1575 1989 2058 2066 Thessalonica,
2093 1991 2476 2072 aliquandiu
2516 1997 2945 2055 commoratos
2981 2003 3126 2050 esse
3189 1982 3622 2062 TiberiOpoli,

348 2079 622 2162 ejusque
649 2085 843 2161 cives,
881 2096 942 2150 et
971 2089 1388 2154 ﬁnitimorum
1441 2091 1730 2154 locorum
1782 2091 2028 2155 incolas
2061 2108 2187 2172 qua
2223 2093 2698 2172 praedicatione,
2725 2107 2852 2171 qua
2879 2089 3212 2152 miraculis
3253 2087 3329 2149 ad
3379 2084 3622 2149 Christi

348 2178 537 2245 ﬁdem
590 2185 976 2261 perduxisse
1016 2207 1031 2250 :
1093 2190 1162 2251 in
1202 2207 1334 2270 quo
1383 2193 1692 2273 temporis
1741 2192 2022 2270 spatium
2060 2192 2324 2273 aliquod
2361 2191 2656 2272 illudque
2682 2207 2812 2254 non
2836 2191 2999 2254 adeo
3031 2189 3345 2269 exiguum
3375 2187 3627 2248 insum-

224 2278 226 2280 ’
315 2287 527 2359 ‘ptum
559 2301 705 2349 esse
733 2296 1010 2367 oportet.
1045 2291 1212 2353 Hinc
1248 2309 1401 2356 vero
1453 2310 1681 2374 magna
1714 2293 2162 2373 probabilitate
2211 2295 2579 2368 deducitur,
2633 2294 2856 2374 paucis
2902 2301 3048 2356 ante
3079 2290 3325 2354 Juliani
3366 2289 3622 2352 obitum

349 2384 709 2462 mensibus,
743 2387 1036 2469 adeoque
1068 2391 1235 2454 circa
1265 2394 1418 2456 anni
1443 2395 1562 2457 363
1615 2395 1904 2470 initium,
1949 2402 2060 2458 aut
2091 2404 2260 2459 certe
2300 2395 2426 2458 sub
2467 2396 2659 2458 ﬁnem
2690 2394 2846 2458 anni
2905 2395 3042 2470 362,
3073 2408 3185 2457 eos
3239 2391 3620 2470 martyrium

347 2490 659 2554 subiisse.
699 2495 922 2574 Neque
950 2495 1066 2558 hac
1114 2497 1194 2559 de
1226 2515 1295 2562 re
1332 2499 1518 2579 plura
1565 2522 1583 2564 :
1641 2503 2088 2566 tantummodo
2135 2503 2779 2566 animadvertendum
2821 2499 3112 2581 martyrii
3145 2499 3318 2561 diem
3371 2497 3440 2558 in
3503 2494 3625 2557 hoc

348 2591 493 2667 ipso
525 2594 843 2670 cpusculo
877 2597 1028 2675 poni
1059 2600 1184 2662 sub
1215 2599 1322 2662 die
1354 2601 1435 2665 28
1462 2604 1870 2668 Novembris.

429 2697 639 2759 XXII.
677 2699 1072 2779 Diligentius
1111 2703 1575 2784 inquirendum
1629 2710 1883 2774 videtur
1915 2717 2168 2790 tempus
2204 2717 2264 2773 et
2287 2710 2468 2772 locus
2499 2725 2630 2790 quo
2667 2708 2900 2770 horum
2933 2713 3286 2786 martyrum
3355 2716 3628 2784 corpora

347 2797 622 2860 solemni
656 2815 889 2880 pompa
913 2802 1213 2867 translata
1243 2803 1452 2870 fuere.
1480 2809 1559 2869 At
1590 2826 1782 2873 nemo
1821 2818 2033 2875 tamen
2073 2811 2179 2873 hic
2209 2827 2452 2874 annum
2487 2811 2684 2891 hujus
2731 2804 3168 2869 translationis
3201 2804 3536 2882 proprium
3591 2818 3628 2864 a

349 2895 537 2960 nobis
573 2901 856 2978 postulet
901 2903 1271 2984 designari:
1309 2908 1372 2970 id
1408 2909 1584 2972 enim
1614 2910 1746 2974 ﬁeri
1797 2913 2170 2976 nullatenus
2197 2920 2427 2992 potest,
2465 2930 2611 2976 cum
2645 2909 2879 2973 nullibi
2924 2907 3268 2969 adnotatus
3301 2911 3622 2967 occurrat.

347 2999 559 3072 Quare
585 3005 875 3078 tempora
901 3004 1297 3081 proximiora
1340 3015 1670 3088 utcunque
1704 3009 1989 3074 indicare
2022 3009 2319 3073 sufﬁciet.
2344 3011 2408 3072 Id
2444 3026 2598 3073 vero
2625 3009 2861 3088 pendet
2892 3021 2928 3067 a
2966 3012 3257 3083 tempore
3311 3019 3445 3083 quo
3473 3000 3632 3063 Bul-

351 3097 561 3174 garica
593 3115 752 3177 gens
816 3100 1108 3178 amplexa
1168 3109 1265 3165 est
1323 3105 1556 3167 Christi
1593 3108 1851 3170 Domini
1907 3109 2094 3172 ﬁdem
2131 3132 2146 3171 :
2183 3125 2326 3172 nam
2357 3108 2481 3172 sub
2532 3109 2741 3188 primo
2794 3105 3220 3186 Bulgarorum
3259 3120 3411 3183 rege
3447 3100 3634 3166 Chri-

353 3199 566 3262 stiano
603 3201 1087 3267 translationem
1119 3205 1295 3270 illam
1319 3207 1900 3292 fuisse'peractam,
1934 3213 2176 3278 diserte
2219 3213 2532 3277 asseritur
2587 3213 2656 3275 in
2701 3211 2821 3272 hoc
2888 3225 3211 3272 sermone.
3261 3208 3402 3284 Qua
3440 3208 3521 3274 de
3554 3227 3630 3276 re

357 3301 673 3365 nonnulla
703 3302 992 3368 diximus
1030 3306 1096 3369 in
1130 3309 1338 3386 Notis,
1373 3329 1537 3392 quas
1567 3313 1632 3376 in
1668 3313 1974 3380 inferiore
2017 3316 2213 3396 hujus
2246 3315 2560 3380 orationis
2612 3313 2921 3394 margine,
2964 3329 3037 3374 ac.
3088 3311 3439 3390 praesertim
3479 3329 3627 3392 pag.

353 3408 466 3468 501
494 3407 946 3486 apposuimus.
995 3413 1219 3492 Neque
1261 3431 1428 3494 opus
1468 3432 1614 3480 esse
1651 3417 1949 3496 arbitror,
1981 3435 2119 3482 eam
2170 3437 2304 3482 rem
2361 3419 2574 3482 fusius
2610 3418 2714 3480 hic
2774 3417 3077 3496 persequi
3107 3421 3219 3480 aut
3249 3417 3631 3480 accuratius

357 3505 749 3584 investigare
783 3526 800 3579 ;
833 3522 978 3568 cum
1019 3511 1366 3589 scriptores
1393 3529 1620 3577 omnes
1650 3515 1766 3594 qui
1799 3514 1960 3579 hanc
2012 3517 2300 3580 historia
2340 3517 2800 3580 ecclesiasticae
2842 3529 3084 3596 partem
3119 3516 3414 3596 attigere,
3470 3533 3631 3578 con-

358 3606 725 3668 versionem
761 3609 1192 3688 Bulgarorum
1249 3630 1423 3677 nono
1465 3616 1704 3680 saeculo
1739 3618 2054 3682 accidisse
2099 3620 2509 3683 consentiant
2550 3640 2568 3693 ;
2627 3619 2972 3699 solumque
3006 3618 3242 3698 viginti
3305 3634 3630 3681 annorum

358 3712 568 3789 spatio
591 3713 786 3778 citius
812 3715 951 3792 alii,
985 3718 1098 3781 alii
1132 3721 1346 3782 serius
1383 3729 1722 3787 autumant
1753 3726 2082 3790 evenisse.
2113 3726 2270 3788 Nam
2303 3726 2648 3806 scriptores
2675 3723 2882 3787 Graeci
2911 3740 3050 3786 eam
3088 3722 3224 3786 fere
3275 3723 3355 3786 ad
3385 3737 3628 3784 annum

357 3811 970 3892 octingentesimum
1004 3819 1572 3900 quadragesimum
1602 3832 1857 3887 sextum
1894 3841 2195 3888 revocare
2229 3825 2553 3895 videntur.
2586 3824 2968 3887 Anastasius
3000 3839 3154 3886 vero
3207 3821 3636 3896 Bibliotheca-

361 3917 497 3979 rius
541 3917 610 3982 in
668 3921 814 3984 Vita
872 3923 1111 3987 Nicolai
1166 3927 1192 3987 1
1270 3943 1342 3990 ea
1379 3928 1590 4005 tradit,
1645 3947 1722 3992 ex
1747 3930 1991 4012 quibus
2037 3931 2344 4012 colligere
2377 3948 2660 4011 pronum
2689 3937 2812 4007 est,
2845 3929 3185 3996 nationem
3226 3926 3632 4009 Bulgaricam

358 4020 1067 4108 Christianmreligioni
1095 4046 1332 4094 nomen
1364 4048 1495 4095 non
1534 4033 1790 4097 dedisse
1821 4042 1968 4099 ante
1995 4051 2240 4098 annum
2271 4035 2564 4117 ejusdem
2591 4033 2810 4099 saeculi
2837 4033 3316 4112 sexagesimum
3349 4037 3630 4093 sextum.

358 4121 430 4182 in
464 4139 541 4186 eo
579 4125 772 4190 etiam
797 4143 1036 4192 omnes
1067 4130 1201 4192 fere
1237 4131 1679 4207 consentiunt,
1743 4133 1920 4213 quod
1978 4152 2088 4197 rex
2139 4134 2564 4214 Bulgarorum
2601 4134 2848 4212 primus
2879 4129 3259 4196 Christiana).
3329 4125 3634 4206 religioni

361 4226 657 4292 addictus
687 4237 832 4293 ante
857 4232 1251 4311 baptismum
1312 4237 1582 4315 Bogoris
1637 4237 2187 4318 (Theophylactus
2247 4240 2315 4301 in
2373 4238 2490 4300 hac
2519 4237 2810 4300 oratione
2833 4235 3116 4296 Borisim
3158 4230 3410 4302 scribit,
3476 4243 3635 4290 voce

364 4329 701 4405 paululum
754 4333 1140 4414 immutata),
1174 4337 1584 4414 postmodum
1628 4355 1783 4401 vero
1839 4339 2113 4404 Michael
2160 4339 2361 4404 fuerit
2416 4337 2801 4420 appellatus.
2848 4337 2971 4401 Sed
3033 4351 3293 4398 rursum
3354 4333 3400 4393 ii
3453 4329 3634 4392 valde

361 4429 728 4510 discrepant
759 4433 824 4495 in
865 4435 1254 4514 assignanda
1283 4453 1502 4511 causa,
1534 4455 1663 4518 qua
1710 4441 2019 4504 inductus
2060 4441 2170 4504 ille
2213 4440 2410 4504 fuerit
2438 4441 2514 4502 ad
2543 4439 2968 4502 Christianam
2993 4437 3179 4500 ﬁdem
3239 4431 3639 4513 amplecten-

360 4526 530 4588 dam.
563 4527 696 4592 Alii
739 4530 911 4594 enim
965 4534 1210 4596 sororis
1260 4552 1396 4598 suae
1444 4536 2024 4616 adhortationibus,
2063 4557 2208 4620 quas
2236 4540 2389 4603 dum
2430 4537 2992 4618 ConstantinOpoli
3019 4541 3401 4607 moraretur,
3452 4529 3638 4594 Chri-

363 4629 592 4694 stianis
625 4642 760 4697 erat
789 4633 1035 4699 imbuta
1067 4638 1422 4718 mysteriis,
1458 4648 1818 4718 permotum
1859 4643 2068 4705 fuisse
2105 4645 2364 4706 tradunt
2395 4659 2414 4719 ;
2445 4642 2556 4706 alii
2586 4642 2905 4706 bellorum
2935 4640 3257 4720 famisque
3302 4635 3631 4700 calamita-
3667 4672 3684 4754 ί

363 4735 536 4803 tibus
575 4739 933 4818 impulsum
969 4763 984 4804 :
1033 4742 1146 4806 alii
1183 4743 1403 4807 vivida
1457 4743 1828 4808 futurorum
1878 4746 2284 4809 cruciatuum
2326 4744 2634 4824 imagine,
2674 4759 2867 4824 quam
2906 4742 3206 4804 hauserat
3249 4755 3328 4802 ex
3387 4734 3677 4830 insigni;

366 4842 636 4919 pictura,
691 4843 1066 4922 perculsum
1138 4844 1458 4908 divinitus
1487 4844 1722 4908 infusa;
1778 4845 1910 4910 luci
1951 4846 2177 4910 oculos
2209 4844 2572 4925 aperuisse,
2608 4849 2887 4906 narrant.
2923 4841 3048 4905 Sed
3090 4837 3223 4904 haec
3285 4838 3630 4902 enucleare

363 4949 581 5006 nostra
639 4960 768 5007 non
809 4945 1101 5010 interest.
1161 4939 1326 5010 Satis
1365 4946 1526 5008 mihi
1559 4953 1680 5021 est,
1716 4947 2042 5028 Bogorim,
2081 4948 2220 5011 sive
2251 4945 2530 5008 Borisim
2571 4958 3029 5024 quamcunque
3053 4941 3315 5002 demum
3352 4939 3436 5001 ob
3486 4954 3639 5000 cau-

360 5062 522 5122 sam,
569 5052 632 5108 et
678 5047 817 5111 sive
857 5065 1009 5124 una,
1067 5049 1207 5112 sive
1261 5047 1603 5126 multiplex
1649 5047 1871 5125 fuerit,
1912 5049 2172 5114 nonnisi
2209 5048 2376 5112 circa
2413 5046 2761 5110 dimidium
2816 5041 3040 5106 saeculi
3073 5039 3231 5104 noni
3283 5038 3630 5116 religionis

359 5147 748 5210 Christiana;
778 5146 1105 5226 mysteriis
1130 5146 1337 5210 fuisse
1376 5146 1745 5210 initiatum:
1788 5149 1943 5212 inde
1967 5150 2142 5213 enim
2182 5154 2586 5226 compertum
2614 5144 2892 5208 efﬁcitur
2942 5142 3481 5222 exploratumque
3525 5141 3634 5200 SS.

362 5262 743 5334 martyrum,
779 5251 860 5314 de
897 5250 1138 5331 quibus
1169 5269 1344 5315 nunc
1369 5268 1582 5316 sermo
1620 5260 1741 5327 est,
1785 5253 2273 5317 translationem
2320 5252 2550 5316 eodem
2597 5247 2950 5312 inclinante
2977 5247 3107 5327 jam
3153 5243 3391 5308 saeculo
3424 5243 3635 5305 conti-

363 5359 538 5434 gisse
597 5371 614 5430 ;
667 5354 963 5435 adeoque
1011 5351 1478 5434 TheOphylacti
1535 5361 1785 5418 aetatem
1834 5355 2092 5419 duobus
2141 5353 2397 5418 circiter
2441 5350 2698 5415 saeculis
2729 5348 3166 5431 praecessisse,
3200 5352 3272 5410 ut
3325 5343 3635 5423 superius

366 5460 730 5523 innuimus.

444 5562 680 5623 XXIII.
727 5563 967 5624 Verum
998 5577 1128 5643 quo
1160 5560 1397 5624 clarius
1434 5559 1784 5623 innotescit
1811 5566 2065 5638 tempus
2101 5560 2325 5622 saltem
2353 5558 2720 5638 proximum
2751 5554 3123 5618 istiusmodi
3160 5547 3634 5639 translationis,

368 5679 446 5724 eo
479 5661 664 5725 nobis
695 5659 1033 5724 obscurior
1063 5669 1161 5724 est
1191 5661 1374 5725 locus
1404 5660 1485 5724 ad
1525 5676 1719 5740 quem
1751 5659 1960 5722 delata
1989 5673 2168 5721 sacra
2207 5658 2476 5737 pignora
2517 5664 2690 5719 sunt.
2742 5658 2981 5717 Auctor
3011 5653 3277 5734 quidem
3319 5645 3632 5713 orationis

367 5765 542 5825 hunc
607 5779 1054 5839 saepenumero
1119 5772 1298 5828 vocat
1344 5763 1964 5840 Βραγαληνίτζαν,Βνα

2034 5761 2328 5825 rlinitzan
2377 5760 2501 5843 (vel
2545 5760 2601 5821 si
2664 5760 2695 5831 β
2751 5758 3210 5837 pronuntietur
3267 5750 3631 5816 recentium

369 5879 545 5928 more
579 5864 970 5940 Graecorum,
1000 5863 1501 5946 Vragalz’nitzan)
1570 5880 1843 5947 eamque
1877 5870 1938 5929 et
1969 5867 2146 5941 πόλιν,
2200 5861 2438 5939 urbem,
2471 5870 2529 5924 et
2571 5862 2863 5935 ἐπαρχίαν,
2894 5857 3316 5938 provinciam,
3358 5871 3474 5918 seu
3503 5868 3631 5912 m8-
