4044 6400
199 438 291 506 ut
1065 434 1149 496 IN
1183 431 1614 506 SEQUENTIA
1647 409 2225 493 Tueoeavmcm
2261 429 2604 494 SCRIPTA.
3355 433 3462 497 ue

195 549 494 630 tropoh'm
529 563 887 626 nuncupat.
920 546 1042 609 Sed
1077 563 1370 626 quamam
1403 561 1466 609 et
1489 562 1621 627 quo
1650 563 1788 609 IOCO
1812 547 2017 626 posita
2047 546 2156 619 sit,
2196 547 2297 608 vel
2322 547 2483 609 olim
2508 544 2951 610 fueritcivitas
2981 547 3140 622 hinc,
3171 550 3459 612 nondum

199 653 354 715 mihi
396 647 761 730 inquirenti
800 649 956 711 satis
979 648 1283 726 detegere
1314 647 1522 722 licuit,
1555 664 1702 711 cum
1743 664 1956 726 neque
1989 646 2055 708 in
2080 646 2524 725 geographicis
2551 648 2799 726 mappis
2833 647 3220 722 adnotatum,
3246 665 3462 728 neque

198 755 270 816 ab
298 752 433 818 alio
481 753 708 831 aliquo
736 759 997 815 auctore
1031 751 1847 830 memoratamrepererim.
1881 751 2037 814 Cum
2064 766 2213 812 vero
2243 769 2316 812 ex
2357 750 2579 812 indole
2613 751 2852 831 linguae
2881 751 3256 826 Slavonicaa,
3291 751 3459 814 haud

200 857 348 918 mihi
387 873 660 936 prorsus
692 857 948 937 ignotae,
969 862 1161 934 atque
1190 872 1267 918 ex
1288 855 1617 917 similibus
1638 871 1784 935 quae
1815 856 2050 932 passim
2074 860 2446 926 occurrunt,
2470 854 2659 915 etiam
2681 855 2850 933 apud
2884 855 3460 936 'l‘heOphylactum,

209 957 523 1037 exemplis
567 965 968 1037 compertum
999 956 1326 1033 haberem,
1356 957 1478 1020 hoc
1513 955 1896 1021 vocabulum
1948 956 2306 1034 Bulgarica,
2333 973 2478 1035 quia
2510 955 2729 1035 lingua
2770 955 3030 1019 Slavicte
3063 974 3183 1019 seu
3233 958 3460 1019 Slavo-

211 1056 359 1119 nica
391 1057 714 1120 dialectus
749 1065 868 1129 est,
914 1058 1372 1120 terminatione
1402 1057 1729 1133 desinere,
1762 1057 1923 1120 illud
1961 1058 2173 1119 statim
2226 1057 2601 1136 perquirere
2638 1058 2821 1136 ccepi,
2888 1065 3128 1132 utrum,
3184 1058 3462 1120 detracta

203 1161 427 1224 saltem
468 1163 930 1226 terminatione
959 1164 1112 1237 itm,
1141 1161 1245 1226 vel
1276 1163 1475 1238 πειτα,
1508 1161 1702 1242 hujus
1732 1162 2051 1225 similisve
2082 1162 2363 1224 nominis
2407 1164 2558 1237 urbs
2590 1162 2656 1223 in
2697 1161 2993 1241 Bulgaria
3023 1169 3219 1238 esset,
3254 1162 3460 1226 vel.in

203 1265 320 1327 alia
369 1265 669 1344 regione,
703 1265 888 1344 cujus
932 1265 1158 1328 incolas
1190 1266 1411 1346 lingua
1461 1273 1799 1329 uterentur
1830 1267 2190 1345 Bulgarica,
2236 1266 2603 1346 cujusmodi
2631 1264 2754 1327 fuit
2781 1265 3247 1345 Bragalinitza,
3280 1273 3352 1329 ut
3383 1284 3463 1328 ex

205 1367 341 1444 ipsa
383 1366 684 1428 oratione
715 1374 983 1430 constat.
1032 1370 1266 1430 Verum
1314 1385 1442 1431 non
1476 1367 1666 1430 aliam
1696 1366 1920 1430 urbem
1969 1367 2236 1441 oll‘endi,
2266 1384 2412 1445 quas
2442 1365 2658 1447 aliqua
2696 1368 2944 1431 ratione
2978 1385 3124 1430 cum
3169 1367 3282 1430 illa
3319 1382 3441 1430 con

205 1481 438 1544 gruere
493 1465 852 1541 videretur,
906 1484 1102 1547 quam
1152 1466 1430 1546 Bargala
1460 1466 1792 1546 pertinens
1831 1467 1909 1529 ad
1955 1467 2396 1529 Macedoniam
2436 1469 2786 1530 secundam
2835 1467 3166 1531 orientalis
3218 1467 3465 1548 Illyrici

208 1574 500 1644 partem:
559 1583 704 1630 nam
764 1569 1056 1650 Bargalre
1111 1587 1373 1646 nomen,
1424 1571 1601 1651 quod
1635 1571 1892 1650 dempta
1923 1570 2378 1634 terminatione
2415 1573 2774 1652 Bulgarica,
2804 1579 3111 1647 remanet,
3147 1589 3292 1634 cum
3355 1574 3463 1636 illa

206 1669 335 1733 fere
367 1675 745 1762 consensit;
808 1692 1022 1756 neque
1056 1693 1089 1739 a
1119 1676 1515 1756 Tiberiopoli
1559 1676 1836 1740 multum
1868 1677 2099 1739 abesse
2129 1677 2409 1740 videtur.
2449 1677 2766 1752 Quocirca
2789 1676 3101 1741 credibile
3145 1685 3266 1752 est,
3297 1677 3463 1739 intra

210 1773 526 1853 Bulgarici
553 1776 710 1838 fines
748 1778 1003 1856 imperii
1043 1797 1182 1842 eam
1223 1787 1358 1842 tum
1407 1780 1762 1856 exstitisse,
1797 1781 2092 1860 adeoque
2123 1789 2186 1842 et
2229 1781 2580 1859 Bulgaricaa
2615 1782 2950 1862 lingumin
2972 1783 3060 1861 {ea
3094 1797 3284 1844 usum
3313 1788 3468 1846 tunc

211 1877 517 1954 temporis
553 1879 867 1958 viguisse.

281 1977 523 2040 XXIV.
571 1980 712 2043 Huc
745 1998 953 2060 usque
983 1982 1392 2063 scripseram,
1430 2001 1575 2047 cum
1618 2001 1810 2062 supra
1847 1983 2146 2048 laudatus
2178 1985 2532 2048 monachus
2564 1984 2936 2065 Olympiola
2966 1983 3308 2046 certiorem
3367 2002 3468 2047 me

205 2080 374 2157 fecit,
437 2090 691 2148 exstare
745 2087 1098 2152 etiamnum
1133 2090 1200 2152 in
1239 2091 1522 2153 secunda
1578 2091 1953 2154 Macedonia
1992 2091 2214 2152 urbem
2265 2087 2787 2167 Bragalinitzam,
2822 2107 2965 2163 seu,
3007 2096 3078 2151 ut
3131 2090 3274 2166 ipse
3314 2088 3464 2151 effe-

206 2183 402 2258 rebat,
445 2184 958 2265 Bragarim‘tzam
1005 2211 1025 2259 ;
1091 2190 1205 2251 sed
1246 2209 1280 2254 e
1325 2208 1548 2270 magna
1581 2193 1739 2255 urbe
1797 2194 1872 2254 ad
1906 2191 2045 2272 pagi
2081 2189 2520 2252 conditionem
2578 2191 2921 2264 redactam,
2983 2188 3388 2268 habitarique
3431 2201 3466 2247 a

201 2289 459 2362 Turcis,
494 2291 717 2368 paucis
773 2293 1078 2357 immistis
1111 2296 1488 2358 Christianis
1521 2319 1536 2358 :
1595 2295 1837 2359 distare
1899 2311 2049 2358 vero
2093 2310 2127 2355 a
2159 2295 2501 2356 Strumitza
2532 2294 2825 2374 quinque
2855 2294 3108 2356 circiter
3163 2293 3466 2354 horarum

202 2383 436 2450 itinere
474 2409 490 2448 :
522 2403 596 2450 ac
619 2388 688 2450 in
730 2405 804 2452 ea
845 2406 972 2452 non
1005 2390 1218 2454 solum
1253 2395 1330 2455 de
1363 2404 1616 2472 peracta
1645 2395 1721 2456 ad
1755 2393 1958 2472 ipsam
1992 2399 2357 2454 sanctorum
2389 2401 2743 2470 martyrum
2781 2392 3196 2455 translatione
3221 2407 3466 2454 memo-

200 2489 359 2550 riam
403 2489 675 2570 vigere;
710 2491 825 2553 sed
862 2491 1051 2553 etiam
1089 2509 1185 2567 se,
1220 2511 1364 2556 cum
1397 2493 1545 2557 illac
1579 2491 1895 2567 transiret,
1932 2492 2211 2572 propriis
2252 2491 2494 2554 vidisse
2538 2493 2748 2554 oculis
2793 2490 3210 2556 fundamenta
3248 2490 3469 2571 templi

203 2597 372 2677 quod
407 2596 480 2658 in
508 2612 737 2660 eorum
767 2596 1080 2660 honorem
1119 2599 1274 2662 olim
1303 2606 1704 2661 exstructum
1755 2597 2112 2659 dicebatur.
2152 2595 2340 2658 Plura
2375 2596 2454 2657 de
2493 2594 2668 2658 hisce
2700 2597 2942 2658 sanetis
3004 2597 3160 2658 mihi
3196 2597 3468 2665 dicenda

207 2719 325 2764 non
388 2707 781 2780 suppetunt.
841 2701 1152 2764 Caeterum
1190 2702 1533 2766 clarissimi
1575 2709 1635 2764 et
1683 2701 1762 2764 de
1821 2700 2180 2763 Christiana
2229 2699 2559 2778 republica
2616 2699 2858 2778 optime
2911 2699 3123 2762 meriti
3176 2697 3468 2764 Bollandi

203 2806 692 2867 continuatores
742 2821 863 2868 suo
921 2817 1207 2886 tempore
1254 2815 1445 2869 totam
1486 2807 1646 2868 hanc
1673 2805 2010 2867 historiam
2064 2803 2572 2878 accuratissime,
2602 2820 3006 2884 summaque,
3045 2810 3118 2866 ut
3158 2802 3466 2874 assolent,

204 2907 599 2970 eruditionis
636 2906 700 2970 vi
731 2907 1106 2984 discutient,
1139 2910 1588 2983 illustrabunt,
1646 2909 2024 2989 expedient.
2056 2906 2326 2970 Interim
2372 2907 2542 2970 haud
2567 2906 2784 2971 inﬁma
2839 2906 2978 2970 laus
3015 2904 3212 2985 hujus
3243 2904 3470 2966 editio-

203 3006 299 3067 nis
327 3005 478 3076 erit,
518 3019 740 3066 ansam
785 3003 1136 3082 praebuisse
1176 3007 1685 3086 praeclarissimis
1743 3005 1908 3069 viris
1945 3005 2278 3083 negotium
2304 3005 2424 3070 hoc
2449 3007 2832 3085 perficiendi
2876 3025 2892 3066 :
2937 3012 3009 3068 ut
3059 3006 3269 3084 reipsa
3307 3023 3470 3084 prae-

207 3108 408 3170 bitura
444 3107 713 3170 videtur
756 3123 776 3181 ;
828 3105 1357 3186 quandoquidem
1389 3124 1470 3170 ex
1523 3106 1661 3169 illis
1700 3125 1896 3181 unus,
1931 3108 2032 3170 vir
2063 3110 2411 3190 omnigena
2464 3110 2838 3173 eruditione
2901 3110 3136 3184 clarus,
3184 3113 3467 3174 Joannes

203 3213 596 3294 Stiltingius,
620 3229 814 3291 quem
849 3206 963 3274 hac
993 3211 1072 3273 de
1094 3229 1161 3273 re
1196 3229 1310 3292 per
1334 3211 1580 3274 litteras
1601 3210 1739 3290 ipse
1770 3210 2101 3288 consului,
2133 3213 2318 3274 solita
2349 3214 2740 3276 humanitate
2771 3214 3124 3292 respondit,
3157 3231 3221 3273 se
3245 3210 3468 3274 horum

203 3325 557 3396 martyrum
588 3327 732 3376 acta
769 3333 897 3376 non
917 3313 1174 3378 vidisse.

1595 3465 1876 3527 SECTIO
1927 3467 2062 3528 VII.

642 3597 732 3657 De
767 3595 1164 3658 Allocutiom
1194 3591 1277 3654 ad
1307 3589 1713 3657 Familiarem
1752 3593 1924 3655 circa
1966 3611 2034 3654 ea
2075 3609 2339 3674 quorum
2381 3595 2756 3656 incusantur
2786 3593 3029 3658 Latini.

283 3724 483 3785 XXV.
552 3721 878 3785 Allocutio
909 3723 1063 3796 haec,
1095 3735 1287 3802 quam
1321 3721 1432 3784 alii
1489 3721 1848 3800 Epistolam
1879 3723 1962 3782 ad
1989 3722 2323 3786 Nicolaum
2353 3723 2683 3785 diaconum
2717 3733 2775 3785 et
2805 3725 3214 3786 canstrist'um
3245 3731 3470 3786 vocant

221 3822 297 3901 (α)
337 3833 486 3887 tunc
517 3824 714 3887 etiam
748 3823 1024 3886 celebris
1056 3831 1214 3901 erat,
1245 3841 1392 3887 cum
1425 3824 1632 3887 adhuc
1680 3824 1750 3886 in
1783 3826 2175 3904 quibusdam
2213 3826 2688 3905 insignioribns
2759 3826 3168 3887 bibliothecis
3221 3827 3468 3889 inedita

232 3926 508 3993 latitaret.
541 3933 688 3995 Non
719 3930 911 3994 modo
942 3927 1117 3992 enim
1148 3930 1230 3992 de
1258 3946 1330 3992 ea
1362 3929 1755 3992 mentionem
1783 3928 2068 3991 fecerant
2093 3930 2130 3988 ii
2163 3945 2394 3992 omnes
2415 3930 2529 4010 qui
2562 3930 2641 3992 de
2662 3929 3121 4008 TheOphylacti
3159 3931 3468 4008 operibus

225 4026 579 4094 disseruere
609 4052 626 4103 ;
667 4030 783 4093 sed
815 4029 1034 4110 aliqua
1066 4031 1257 4094 etiam
1291 4030 1588 4110 ejusdem
1625 4030 1978 4109 fragmenta
2006 4037 2140 4092 tum
2164 4029 2231 4092 in
2263 4032 2422 4092 Jurc
2453 4030 3013 4106 Gnaeo-Romano,
3043 4033 3215 4111 quod
3253 4034 3471 4094 [.eun-

214 4132 456 4196 clarius
487 4135 795 4215 vulgavit,
826 4133 1095 4209 inserta,
1131 4143 1269 4199 tum
1302 4136 1372 4197 in
1401 4135 1648 4198 ercia
1677 4134 2052 4198 Orthodoxa
2084 4135 2164 4198 ab
2193 4135 2428 4198 Allatio
2451 4136 2645 4211 edita,
2677 4137 2867 4199 obvia
2897 4137 3200 4199 omnibus
3234 4145 3473 4216 persta-

207 4230 375 4295 bant.
410 4234 560 4297 ﬂaac
592 4250 746 4297 vero
779 4234 866 4298 ita
907 4242 1212 4297 acuerent
1239 4233 1643 4298 eruditorum
1679 4234 1954 4309 animos,
1978 4241 2048 4297 ut
2091 4251 2508 4313 summOpere
2541 4242 2941 4314 exoptarent,
2981 4255 3059 4298 ex
3093 4237 3233 4314 ipso
3285 4236 3464 4300 fonte

206 4339 534 4418 detegere,
595 4354 894 4418 quamam
943 4337 1191 4400 auctori
1245 4338 1400 4400 salis
1454 4345 1736 4410 vetusto,
1771 4337 2280 4418 doctissimoque
2317 4345 2378 4399 et
2427 4339 2665 4401 celebri
2721 4340 3208 4419 archiepiscOpo
3279 4358 3462 4404 mens

205 4440 561 4505 insedisset
618 4440 833 4519 quoad
879 4455 956 4502 ea
988 4457 1134 4518 qum
1188 4441 1468 4502 Graecam
1525 4455 1560 4500 a
1601 4437 1820 4501 Latina
1851 4438 2201 4500 Ecclesiam
2246 4438 2516 4502 infando
2546 4439 2890 4502 schismate
2916 4441 3292 4518 diremptam
3335 4441 3468 4519 jam

203 4544 448 4610 dudum
480 4551 726 4607 tenent.
763 4544 1018 4605 Primus
1054 4541 1270 4623 (quem
1304 4543 1610 4623 equidem
1643 4542 1960 4621 noverim)
1993 4543 2107 4623 qui
2134 4542 2516 4621 justissimis
2551 4542 2652 4605 his
2674 4542 3095 4604 litteratorum
3135 4543 3466 4604 hominum

201 4650 356 4712 votis
420 4645 774 4726 explendis
807 4645 977 4709 serio
1001 4645 1307 4726 adjecerit
1337 4643 1651 4720 animum,
1682 4644 1806 4707 fuit
1858 4644 2172 4707 editionis
2218 4646 2411 4726 hujus
2440 4644 2654 4708 fautor
2683 4642 3146 4722 amplissimus,
3199 4644 3278 4704 de
3335 4659 3468 4722 quo

197 4751 313 4829 jam
342 4750 656 4814 diximus
681 4765 900 4828 supra,
924 4747 1173 4827 quique
1223 4746 1356 4826 jam
1387 4745 1466 4808 ab
1499 4761 1670 4808 anno
1704 4747 1860 4808 1753
1885 4745 2062 4808 dedit
2085 4761 2372 4824 operam,
2413 4752 2485 4808 ut
2516 4762 2597 4807 ex
2645 4745 2862 4806 codice
2893 4742 3468 4806 Caesareo-Vindo-

196 4849 484 4916 bonensi
517 4847 1018 4923 exscriberetur,
1054 4855 1125 4908 ut
1164 4846 1320 4908 huic
1348 4846 1540 4908 tertio
1567 4845 1885 4910 volumini
1918 4847 2204 4925 Operum
2256 4845 2746 4924 Theophylacti,
2780 4845 2956 4906 velut
2987 4860 3115 4906 non
3141 4844 3468 4906 mediocre

195 4954 400 5034 ipsius
438 4959 926 5024 ornamentum,
961 4951 1382 5015 insereretur.
1413 4949 1792 5030 Insequenti
1823 4967 1996 5013 anno
2029 4968 2166 5014 eam
2202 4950 2340 5030 ipse
2387 4949 2728 5012 Latinitate
2772 4949 3007 5012 donavi
3042 4968 3058 5007 :
3095 4966 3179 5011 ex
3223 4966 3350 5028 qua
3385 4949 3464 5010 cl.

195 5062 459 5137 praevias
521 5055 1008 5119 Dissertationis
1058 5061 1284 5117 auctor
1345 5053 1688 5133 particulas
1716 5053 1968 5134 aliquas
2015 5053 2085 5116 in
2130 5070 2264 5116 rem
2295 5070 2482 5116 suam
2513 5052 2859 5131 excerpsit.
2891 5051 3082 5126 Quod
3107 5067 3181 5113 ea
3217 5051 3285 5114 in
3351 5051 3468 5112 hac

195 5163 500 5225 editione
525 5157 765 5236 publici
793 5156 963 5237 juris
993 5154 1294 5219 facienda
1319 5165 1514 5230 esset,
1548 5157 1863 5219 admoniti
1897 5169 2052 5220 sunt
2083 5156 2322 5220 eruditi
2349 5173 2494 5219 cum
2535 5153 2602 5216 in
2637 5154 3106 5219 Dissertatione
3139 5153 3466 5234 praedicta,

196 5271 319 5329 tum
354 5266 569 5331 etiam
605 5263 670 5325 in
723 5262 1164 5324 Declarationc
1191 5262 1690 5335 Graeco-Latina,
1723 5279 1869 5343 quae
1895 5262 2092 5324 simul
2125 5279 2269 5325 cum
2301 5273 2474 5325 tomo
2505 5260 2712 5340 primo
2751 5259 2984 5322 emissa
3010 5259 3078 5321 in
3101 5253 3320 5320 lucem
3373 5264 3470 5318 est

195 5385 356 5432 anno
432 5365 618 5428 1751i.
679 5363 805 5426 Sed
863 5379 1009 5426 cum
1043 5362 1394 5425 voluminis
1424 5363 1623 5443 hujus
1657 5364 1999 5443 impressio
2032 5363 2114 5426 ob
2168 5380 2333 5433 eam,
2386 5378 2579 5440 quam
2630 5359 3152 5432 memoravimus,
3210 5373 3468 5419 causam

201 5471 471 5552 longius
501 5465 993 5547 produceretur,
1042 5464 1139 5526 vir
1164 5463 1580 5527 doctissimus
1606 5465 1890 5526 Joannes
1921 5463 2231 5544 Aloysius
2256 5459 2726 5540 Mingarellius,
2769 5458 3118 5520 canonicus
3153 5456 3470 5535 regularis

199 5576 252 5639 S.
284 5570 658 5656 Augustini
695 5567 1215 5648 congregationis
1245 5567 1572 5631 Rhenanaa
1597 5614 1613 5644 ,
1649 5569 1918 5631 fortasse
1951 5575 2020 5632 ut
2049 5567 2382 5648 aliquanto
2439 5563 2754 5628 maturius
2784 5562 3188 5626 eruditorum
3244 5564 3470 5641 exple-

268 5859 342 5932 (α)
381 5860 523 5919 Vide
574 5855 1042 5922 Dissertationcm
1082 5861 1232 5913 tome
1266 5853 1612 5929 lpraeﬁxam,
1644 5872 1797 5915 num.
1841 5856 1978 5915 LIV.
