4044 6428
602 409 714 474 643
1636 419 2027 481 BONIFACII
2079 422 2199 482 ΠΝ

2268 423 2390 484 ΤΤΙ
2451 424 2850 488 ΡιὶίΕῈΑΤΙΟ
3762 425 3865 490 Hi

603 536 704 589 ret
749 534 915 604 vota,
971 545 1094 594 suo
1143 530 1626 596 Aneedotorum
1663 537 2017 609 Fasciculo,
2075 555 2269 617 quem
2327 539 2530 601 edidit
2565 557 2670 600 an.
2736 541 2915 612 1756,
2982 539 3393 602 inserendam
3443 539 3858 604 'existimavit.

599 628 786 702 Quod
829 629 1095 709 quidem
1143 635 1394 696 tametsi
1443 635 1753 700 editionis
1808 636 2002 717 hujus
2053 638 2430 710 fautoribus
2483 642 2672 719 paulo
2705 641 3135 720 injucundius
3191 640 3521 714 acciderit,
3556 655 3634 703 eo
3689 642 3860 722 quod

599 727 838 791 eximie
885 739 1266 812 praereptum
1311 737 1366 796 ei
1416 735 1668 815 aliquid
1719 737 1926 799 laudis
1979 739 2497 817 suspicarentur,
2564 740 2722 804 mihi
2776 751 2988 802 tamen
3042 740 3570 818 percommodum
3619 740 3860 804 cessit:

596 827 692 890 sic
722 831 894 891 enim
929 832 1364 906 collationem,
1394 853 1586 913 quam
1621 854 1765 898 cum
1795 838 2192 901 Bononiensi
2235 847 2413 901 textu
2450 839 2663 903 facere
2703 840 3081 915 meditabar,
3125 857 3203 902 eo
3226 839 3356 919 jam
3403 840 3603 911 edito,
3663 835 3864 900 multo

594 927 850 992 facilius
884 935 1154 1013 exsequi
1211 937 1420 1013 potui.
1454 939 1764 1000 Cmterum
1802 940 2253 1019 Mingarellius
2297 944 2514 1003 Graeco
2561 942 2765 1004 textui
2806 943 3088 1004 Latinam
3146 941 3513 1004 versionem
3572 939 3866 1020 adjunxit

593 1049 749 1094 sane
779 1045 1134 1098 accuratam
1168 1046 1229 1100 et
1257 1040 1523 1104 nitidam
1570 1065 1584 1104 :
1621 1059 1812 1123 quam
1842 1053 2201 1122 prOpterea,
2249 1053 2319 1108 ut
2351 1047 2417 1108 in
2449 1045 2611 1108 hanc
2647 1047 3002 1110 editionem
3034 1048 3444 1117 asciscerem,
3476 1046 3692 1109 animo
3752 1047 3865 1110 diu

592 1137 1004 1219 multumque
1065 1146 1409 1222 propendi.
1465 1147 1584 1208 Sed
1622 1150 1877 1210 tandem
1916 1148 2002 1209 nil
2040 1166 2181 1210 esse
2207 1158 2407 1222 ratus,
2445 1167 2559 1211 cur
2607 1150 2972 1213 versionem
3009 1167 3210 1216 meam
3237 1165 3314 1212 eo
3340 1149 3490 1227 jure
3515 1148 3863 1227 privarem:

590 1242 767 1320 quod
799 1243 1046 1304 ratione
1083 1248 1394 1323 temporis
1427 1249 1846 1328 acquisierat,
1884 1258 1942 1311 et
1975 1258 2316 1330 postquam
2355 1252 2522 1312 haud
2554 1251 2864 1314 mediocri
2909 1252 3058 1312 nisu
3088 1253 3361 1313 eluctata
3401 1266 3481 1310 ex
3511 1242 3867 1326 exemplati

589 1348 762 1402 esset
800 1344 1102 1422 pluribus
1139 1348 1220 1408 de
1257 1349 1471 1411 causis
1537 1351 1881 1426 perarduo,
1941 1369 2078 1412 eam
2126 1352 2466 1413 innoxiam
2503 1353 2791 1415 tenebris
2838 1355 3203 1414 damnarem
3241 1349 3600 1428 perpetuis,
3661 1349 3866 1425 ipsam

589 1439 691 1502 hic
715 1446 1164 1522 apponendam
1200 1451 1454 1512 censui.
1495 1453 1805 1514 Caeterum
1844 1470 1988 1514 cum
2024 1453 2458 1516 Bononiensis
2499 1453 2703 1515 codex
2734 1453 2958 1514 codice
3022 1449 3862 1520 Cmsareo-Vindobonensi,

588 1546 702 1623 qui
730 1547 897 1610 haud
927 1550 1010 1611 ita
1046 1568 1336 1629 magnam
1398 1553 1647 1616 redolet
1695 1555 2170 1633 antiquitatem,
2201 1555 2357 1617 mihi
2391 1555 2744 1634 aliquando
2773 1555 3044 1617 nitidior
3085 1555 3263 1616 visus
3293 1553 3400 1630 sit,
3426 1553 3864 1615 emendatior-

589 1664 744 1724 qua.
809 1649 986 1711 illius
1019 1667 1142 1728 ope
1174 1654 1490 1716 nonnulla
1550 1656 1671 1716 mei
1727 1655 2110 1734 exemplaris
2156 1657 2482 1736 corrigere
2532 1660 2757 1719 menda
2785 1657 2994 1736 (prius
3025 1657 3296 1737 quidem
3330 1655 3466 1718 sola
3496 1653 3864 1732 conjectura

591 1748 772 1837 plura
803 1750 1248 1829 sustuleram),
1284 1753 1567 1833 indeque
1591 1761 1652 1816 et
1679 1753 2046 1816 versionem
2081 1773 2287 1817 meam
2311 1757 2790 1836 aliquantulum
2828 1757 3129 1835 perﬁcere
3168 1756 3325 1818 mihi
3356 1756 3584 1817 licuit:
3621 1760 3689 1816 ut
3720 1770 3864 1831 pro-

586 1847 738 1908 inde
774 1866 898 1910 non
930 1854 1196 1912 omnino
1235 1870 1356 1914 suo
1395 1855 1704 1916 exciderit
1742 1865 1885 1917 voto
1931 1857 2500 1933 praestantissimus
2559 1857 3036 1936 Mingarellius,
3081 1857 3197 1936 qui
3225 1874 3298 1919 ea
3330 1873 3458 1934 [ιι-ω
3493 1854 3749 1917 caeteris
3789 1854 3861 1914 ad

583 1951 1010 2029 evulgandam
1048 1953 1526 2018 Allocutionem
1592 1957 1755 2020 hanc
1795 1959 2043 2021 ratione
2109 1978 2177 2021 se
2211 1961 2551 2024 inductum
2593 1960 2796 2022 fuisse
2833 1970 3076 2036 monet,
3105 1972 3176 2023 ut
3206 1960 3654 2041 Theophylacti
3704 1961 3864 2038 0pc-

580 2069 724 2112 rum
762 2053 953 2116 editio
979 2056 1175 2134 magis
1213 2059 1533 2136 magisque
1574 2059 1804 2137 perﬁci
1827 2060 2059 2137 possit.
2104 2061 2184 2120 At
2212 2067 2271 2120 et
2302 2061 2588 2121 codicem
2641 2061 3150 2132 Bononiensem,
3193 2061 3443 2122 tametsi
3475 2059 3856 2138 plerumque

581 2158 1076 2220 Vindobonensi
1131 2161 1526 2237 nitidiorem,
1569 2163 1856 2226 vicissim
1903 2181 2115 2241 posse,
2178 2167 2311 2227 imo
2345 2174 2404 2227 et
2437 2167 2675 2229 debere
2705 2169 2766 2229 in
2794 2167 3120 2246 aliquibus
3151 2167 3388 2248 corrigi
3441 2174 3502 2230 et
3552 2166 3695 2244 ipse
3765 2181 3862 2226 co-

579 2256 722 2318 dice
761 2257 1270 2335 Vindobonensi,
1307 2263 1651 2340 perspiciet
1711 2262 1897 2324 facile
1936 2263 2135 2325 lector
2179 2284 2252 2325 ex
2296 2265 2697 2344 variantibus
2730 2266 3145 2336 lectionibus,
3173 2282 3331 2345 quas
3361 2266 3439 2327 ad
3477 2263 3858 2343 paginarum

579 2357 817 2419 calcem
857 2360 1145 2425 adtexui.
1185 2365 1260 2424 Et
1295 2379 1448 2425 sane
1472 2363 1814 2425 lectionem
1840 2364 2419 2426 Vindobonensem
2453 2367 2516 2428 in
2546 2367 2941 2446 quibusdam
2974 2365 3456 2429 anteferendum
3485 2382 3629 2427 esse
3655 2367 3864 2427 Bono-

581 2458 822 2535 niensi,
862 2479 1076 2537 nemo,
1109 2473 1174 2526 ut
1201 2476 1379 2541 puto,
1432 2464 1856 2540 inﬁciabitur,
1914 2469 2025 2546 qui
2062 2469 2575 2549 pauculas,quas
2605 2471 2989 2550 adjecimus,
3047 2481 3232 2532 notas
3272 2472 3644 2549 expendere
3673 2467 3856 2529 velit.

578 2565 911 2628 Variantes
959 2585 1225 2648 quoque
1284 2569 1620 2644 lectiones,
1649 2590 1794 2650 quae
1825 2573 1885 2635 in
1922 2574 2294 2636 Chomateni
2346 2577 2666 2654 excerptis
2699 2582 3068 2650 occurrunt,
3089 2574 3485 2647 addidimus,
3529 2589 3654 2635 non
3704 2573 3862 2652 qui-

579 2669 724 2728 dem
787 2683 1040 2740 omnes,
1073 2672 1185 2735 sed
1242 2689 1349 2734 eas
1383 2679 1626 2735 tantum
1666 2692 1806 2755 quae
1841 2673 2112 2753 alicujus
2146 2692 2288 2736 esse
2344 2677 2654 2738 momenti
2695 2677 2848 2739 visa:
2869 2683 3036 2738 sunt.
3073 2676 3196 2738 Sed
3244 2675 3377 2755 jam
3425 2676 3504 2736 de
3581 2673 3863 2753 ipsemet

575 2765 990 2832 Allocutione
1025 2772 1340 2835 nonnulla
1382 2773 1697 2836 dicamus.

655 2893 893 2954 XXVI.
944 2896 1146 2957 Erunt
1204 2897 1470 2959 fortasse
1521 2899 1632 2978 qui
1685 2897 1848 2960 hanc
1915 2897 2376 2978 Theophylacti
2430 2899 2704 2980 opellam
2766 2899 3027 2960 nonnisi
3081 2897 3288 2960 Photii
3332 2895 3761 2960 sectatoribus
3797 2897 3858 2958 in

575 3007 703 3052 suo
743 2993 1085 3056 schismate
1121 2998 1534 3059 obfirmandis
1572 2999 1722 3060 usui
1775 3016 1916 3060 esse
1958 3016 2149 3078 posse
2179 3000 2588 3070 arbitrantes,
2632 3015 2770 3060 eam
2825 3016 2858 3060 a
2892 2998 3081 3060 nobis
3134 2997 3203 3059 in
3264 2995 3583 3075 publicam
3643 2993 3852 3057 efferri

574 3091 810 3169 lucem,
849 3114 1015 3174 mgre
1047 3097 1278 3172 ferunt,
1327 3108 1435 3160 aut
1467 3102 1690 3162 saltem
1746 3103 2173 3163 demirantur.
2225 3103 2343 3163 Sed
2395 3118 2514 3163 nos
2566 3103 2644 3164 ab
2693 3117 2916 3163 eorum
2951 3100 3062 3178 qui
3097 3100 3182 3160 ita
3219 3097 3510 3160 sentiunt
3542 3096 3851 3172 opinione

571 3196 733 3257 adeo
766 3199 983 3273 procul
1016 3199 1352 3275 absumus,
1399 3210 1463 3262 ut
1497 3219 1625 3263 non
1664 3203 1850 3265 modo
1893 3203 2146 3264 nullum
2172 3201 2238 3263 in
2283 3219 2352 3265 ea
2388 3204 2635 3266 edenda
2695 3202 3058 3281 paniculum
3095 3201 3364 3264 subesse
3415 3198 3852 3276 suspicemur,

570 3299 684 3359 sed
739 3297 1016 3360 fructum
1083 3302 1272 3362 etiam
1343 3302 1766 3380 multiplicem
1836 3303 2072 3364 exinde
2132 3303 2319 3364 nobis
2381 3302 2811 3365 obventurum
2863 3302 3258 3363 confidamus
3306 3317 3321 3362 :
3377 3301 3403 3361 1
3450 3299 3736 3373 scilicet,
3793 3306 3858 3360 ut

573 3399 989 3477 integerrima
1027 3402 1092 3464 in
1145 3404 1530 3483 evulgandis
1583 3405 2047 3484 TheOphylacti
2098 3406 2422 3486 Operibus
2473 3406 2626 3466 ﬁdes
2677 3411 2892 3466 nostra
2942 3405 3248 3466 omnibus
3299 3402 3621 3482 explorata
3690 3403 3798 3463 tiat
3840 3423 3856 3462 :

572 3498 813 3561 deinde
852 3511 922 3563 ut
958 3503 1157 3564 Latini
1194 3506 1478 3567 nominis
1511 3506 1727 3568 hostes
1782 3507 2198 3585 perSpiciant,
2235 3508 2322 3569 ita
2354 3523 2471 3569 nos
2507 3505 2793 3586 aequitati
2845 3521 3055 3568 causa)
3100 3511 3336 3565 nostras
3386 3502 3737 3576 conﬁdere,
3793 3509 3864 3564 ut

569 3619 716 3680 quae
766 3613 984 3669 contra
1041 3606 1404 3671 afferuntur
1454 3623 1830 3690 argumenta
1885 3612 1951 3672 in
2017 3611 2304 3672 medium
2365 3609 2720 3688 producere
2779 3625 2909 3672 non
2963 3623 3304 3669 vereamur
3359 3622 3374 3665 :
3443 3603 3735 3682 denique
3791 3611 3861 3666 ut

569 3701 868 3768 Photiani
900 3707 1009 3787 (ita
1040 3723 1152 3770 eos
1192 3708 1518 3788 appellare
1553 3708 1757 3785 Iubet,
1805 3709 1920 3789 qui
1949 3728 2032 3771 ex
2062 3711 2298 3772 Graecis
2331 3710 2662 3774 schismati
2701 3709 3057 3783 adhaerent,
3101 3717 3171 3770 ut
3223 3706 3302 3767 ab
3332 3706 3576 3784 inclyta
3629 3721 3857 3770 eorum

566 3805 849 3883 natione,
888 3825 1079 3887 quam
1105 3824 1491 3889 magnopere
1527 3809 1752 3889 diligo,
1778 3815 1864 3883 et,
1899 3818 1970 3870 ut
1998 3810 2200 3882 decet,
2236 3809 2400 3880 colo,
2431 3809 2785 3891 secernam)
2820 3807 3170 3887 aliquando
3203 3806 3452 3867 discant
3480 3805 3744 3884 mquius
3783 3809 3858 3868 de

569 3906 786 3969 Latina
855 3908 1143 3971 Ecclesia
1196 3910 1462 3984 sentire,
1501 3909 1888 3989 animosque
1947 3909 2200 3988 capiant
2253 3909 2734 3972 moderatiores.
2765 3909 2956 3985 Quod
3012 3908 3100 3971 ita
3148 3905 3413 3986 quidem
3463 3912 3861 3971 eventurum

564 4011 846 4086 conﬁdo,
885 4012 938 4073 si
973 4012 1196 4074 sedato
1245 4012 1622 4089 passionum
1677 4019 1864 4086 testu,
1927 4029 1998 4075 ac
2051 4009 2448 4090 prtejudiciis
2498 4009 2828 4090 paulisper
2877 4009 3208 4089 sepositis,
3253 4008 3334 4072 ad
3388 4006 3862 4088 Theophylacti

567 4111 797 4189 placita
852 4120 1071 4192 (quem
1127 4114 1286 4175 alias
1342 4113 1579 4194 magni,
1633 4131 1751 4176 nec
1803 4113 2155 4187 immerito,
2203 4110 2472 4192 faciunt)
2525 4112 2817 4176 animum
2881 4121 3300 4193 mentemque
3356 4128 3539 4174 suam
3589 4115 3864 4192 exigere

561 4213 792 4276 velint.
819 4215 956 4276 Hoc
991 4213 1048 4274 si
1091 4215 1530 4293 prtestiterint,
1565 4215 1942 4278 fatebuntur
1971 4232 2152 4288 sane,
2179 4232 2375 4294 neque
2407 4213 2488 4294 (a)
2523 4213 2753 4276 multos
2794 4231 2921 4274 esse
2947 4213 3323 4274 Latinorum
3347 4233 3616 4288 errores,
3648 4231 3854 4293 neque

559 4317 746 4389 tales,
792 4317 902 4395 qui
930 4316 1012 4377 ad
1055 4315 1497 4380 discindendas
1528 4316 1856 4379 Ecclesiae
1893 4318 2024 4378 sint
2052 4315 2291 4389 idonei,
2327 4332 2661 4394 eorumque
2703 4313 2950 4376 nullum
2972 4315 3056 4377 ad
3087 4314 3236 4393 ﬁdei
3278 4326 3468 4395 caput
3494 4315 3855 4396 pertinere.

563 4420 962 4483 Fatebuntur
990 4420 1335 4498 ejusmodi,
1360 4428 1426 4481 ut
1454 4421 1580 4497 ipsi
1607 4426 1856 4496 putant,
1883 4434 2133 4480 errores
2161 4415 2326 4478 ultra
2359 4416 2673 4479 rationem
2694 4433 2952 4478 omnem
2975 4422 3032 4477 et
3060 4417 3322 4478 modum
3349 4416 3863 4495 afervidioribus

555 4522 952 4600 quibusdam
985 4521 1483 4600 (b)orthodoxiae
1511 4519 1895 4582 uiatoribus
1923 4519 2336 4597 ampliﬁcari;
2386 4518 2776 4597 aliqdosque
2817 4517 3082 4592 nullius,
3117 4519 3282 4580 alios
3339 4535 3489 4580 vero
3514 4517 3863 4581 mediocris

561 4623 1013 4684 emendationis
1074 4623 1388 4701 indigere,
1433 4623 1516 4684 ita
1549 4629 1622 4686 ut
1669 4641 1798 4684 non
1844 4623 2053 4700 magni
2099 4621 2355 4682 intersit
2403 4621 2720 4693 Ecclesiae,
2772 4622 2828 4682 si
2880 4640 2948 4681 ea
2987 4622 3402 4700 perﬁciat-ur.
3450 4621 3864 4685 Fatebuntur

556 4743 818 4788 omnem
853 4725 1054 4788 ferme
1083 4725 1524 4788 dissensionis
1555 4728 1811 4788 Grmcos
1845 4726 2014 4788 inter
2043 4743 2115 4787 ac
2147 4727 2405 4787 Latinos
2438 4742 2693 4787 causam
2731 4725 3149 4787 revocandam
3181 4743 3326 4788 esse
3357 4727 3433 4788 ad
3466 4726 3865 4805 particulam

559 4831 848 4909 Filioque
905 4831 1210 4911 Symbolo
1255 4831 1562 4912 adjectum
1611 4830 1716 4910 (ε),
1768 4831 2061 4909 adeoque
2112 4848 2224 4890 nec
2266 4840 2534 4909 propter
2585 4848 2826 4907 azyma,
2879 4848 3077 4908 neque
3129 4839 3401 4908 propter
3441 4830 3691 4910 jejunia
3743 4830 3860 4910 (αι,

553 4937 758 4999 multo
791 4955 938 4996 vero
975 4938 1181 4998 minus
1216 4945 1486 5017 propter
1518 4937 1787 5017 reliqua,
1825 4954 2046 5015 pacem
2078 4954 2217 4999 esse
2239 4954 2383 5000 cum
2425 4937 2649 4999 Latina
2679 4935 2961 4999 Ecclesia
2988 4935 3390 4998 turbandam.
3446 4935 3867 4998 Fatebuntur

557 5039 788 5115 multa,
823 5058 970 5120 quae
1007 5043 1167 5120 ipsis
1202 5060 1448 5102 errores
1481 5052 1651 5115 sunt,
1693 5061 1898 5102 meras
1969 5043 2453 5106 consuetudines
2485 5043 2561 5123 (e)
2610 5060 2782 5116 esse,
2835 5040 3134 5121 quasdam
3181 5038 3429 5120 quidem
3476 5058 3556 5100 ea:
3582 5039 3863 5116 pietate,

555 5146 718 5206 alias
751 5165 830 5208 ea:
859 5146 1130 5228 provida
1153 5146 1570 5226 dispositione
1611 5148 2030 5210 introductus.
2075 5150 2476 5211 Fatehuutur
2526 5149 2836 5224 denique,
2890 5164 2970 5208 ex
3015 5145 3156 5208 solo
3188 5146 3521 5208 charitatis
3569 5143 3862 5223 defectu,

558 5248 900 5311 ambitione
923 5266 995 5311 ac
1039 5249 1340 5328 superbia
1369 5248 1471 5330 (Γ),
1496 5266 1573 5310 ex
1607 5250 1737 5310 zelo
1769 5269 1896 5311 non
1927 5251 2266 5312 secundum
2296 5252 2647 5324 scientiam,
2681 5269 2758 5312 ea:
2789 5267 2943 5310 cceco
2982 5251 3084 5310 sui
3109 5266 3316 5317 amore
3343 5247 3530 5326 (g)tot
3586 5250 3864 5324 congeri

629 5518 712 5594 (ᾳ)
743 5518 1351 5594 Yerbaj’heophylacti
1379 5518 1554 5574 Alloc.
1597 5535 1750 5574 num.
1784 5521 1823 5588 1,
1853 5537 1977 5594 pag.
2008 5521 2133 5579 5I5.
2242 5519 2380 5575 enim
2437 5517 2703 5594 [ra-terna
2732 5517 3088 5594 suscipimus,
3129 5521 3290 5594 εις-..λ
3341 5519 3455 5566 tum
3501 5525 3629 5594 quae
3679 5508 3865 5565 habet

631 5581 705 5657 (bl
743 5591 907 5644 Νιιηι·
941 5591 1004 5643 ΙΙο
1112 5581 1129 5592 ’
1189 5581 1205 5592 ’
1811 5581 1821 5588 ’
1854 5581 1867 5592 ’
1923 5581 1953 5594 ”
2249 5606 2405 5645 num.
2437 5581 2580 5649 XVI,
2613 5588 2704 5641 ubi
2739 5581 2999 5656 graphice
3049 5585 3318 5657 describit
3354 5581 3722 5657 quorumdam
3781 5596 3857 5634 ex

629 5654 701 5729 (ι’)
739 5660 817 5716 Ib.
851 5671 905 5713 et
928 5675 1079 5714 num.
1106 5659 1193 5716 III.

2271 5662 2364 5716 .nis
2390 5654 3009 5729 popularibus‘OSs—ptxbv
3050 5656 3214 5726 ὕγκον
3238 5692 3254 5723 ,
3282 5654 3627 5726 ligdropicum
3667 5659 3868 5708 tumo-

626 5729 710 5799 (ιι)
743 5729 908 5783 Num.
942 5729 1057 5785 XV.
2251 5747 2384 5785 rem.

633 5797 708 5926 fe)
746 5799 884 5853 Ibid.
2252 5823 2273 5857 ι
2327 5800 2401 5872 lg‘
2437 5799 2602 5858 Num.
2631 5798 2705 5855 Xl
2736 5797 2791 5854 in
2819 5798 2945 5856 line.

659 5869 704 5926 ll
738 5867 854 5926 IIuc
891 5878 1143 5926 snectant
1180 5873 1342 5926 verba
1380 5890 1500 5926 eum
1537 5874 1699 5926 habet
1732 5891 1887 5926 num.
1919 5874 1939 5926 Ι
1973 5892 1985 5926 :
2025 5871 2150 5926 Non

659 5869 704 5931 Il
738 5867 854 5926 IIuc
891 5878 1143 5928 snectant
1180 5873 1342 5929 verba
1380 5890 1500 5933 (ιιιιυ
1537 5874 1699 5930 habet
1732 5891 1887 5931 num.
1919 5874 1939 5928 ι
1973 5892 1985 5927 :
2025 5871 2150 5926 Non
