4044 6420
646 451 748 510 447
1693 447 2079 510 BONIFACII
2120 447 2192 509 ΡΙ
2202 449 2243 510 Ν

2292 449 2431 510 lTTI
2474 447 2864 509 ΡΒιΕΕΑΤΙΟ
3788 445 3889 509 448

650 559 1127 623 verebaturille
1161 566 1542 622 eventurum
1577 559 1726 629 sibi,
1767 576 1997 640 nempe
2033 560 2205 639 quod
2240 558 2536 621 nonnulli
2584 575 2663 619 ex
2711 553 3160 634 fervidioribus
3205 553 3558 623 Photianis,
3610 552 3891 631 legentes

647 676 842 737 quam
891 661 1120 722 acriter
1164 662 1228 722 in
1283 677 1399 721 sua
1460 659 1574 719 hac
1628 657 1839 734 cpella
1895 658 2280 737 perstringat
2339 657 2712 719 eorumdem
2776 653 3314 716 immoderantiam
3375 651 3514 724 zeli,
3565 651 3894 712 charitatis

645 759 976 841 defectum,
1019 759 1412 821 ambitionem
1435 767 1618 836 atque
1661 757 2080 837 hydropieum
2112 768 2440 832 tumorem,
2471 755 2898 818 aestimatione
2938 757 3002 816 in
3035 761 3472 830 contemptum
3504 769 3712 826 versa,
3745 767 3893 813 euri

647 863 1073 924 condemnent
1104 861 1372 921 inscitia:
1404 860 1863 936 crassiorisque
1891 861 1958 920 in
1990 859 2176 920 rebus
2227 859 2426 918 sacris
2465 857 2724 939 judicii,
2753 857 2851 917 vel
2889 857 3173 929 ineuriw,
3216 858 3335 916 imo
3383 863 3441 914 et
3499 855 3897 916 orientalium

649 962 1003 1040 dogmatum
1028 961 1434 1041 proditionis.
1469 961 1598 1023 Alii
1635 970 1869 1034 tamen,
1899 978 2155 1039 sperare
2179 961 2382 1038 juvat,
2418 958 2782 1040 gravissimi
2815 959 3007 1038 hujus
3059 959 3176 1018 viri
3225 957 3597 1018 auctoritate
3625 959 3896 1032 permoti

647 1062 774 1123 sibi
812 1063 998 1123 facile
1027 1061 1523 1138 persuadebunt,
1555 1078 1665 1120 nec
1705 1061 1933 1120 multos
1959 1079 2086 1119 esse
2111 1059 2480 1121 Latinorum
2512 1076 2780 1131 errores,
2813 1075 3009 1137 neque
3029 1059 3184 1118 tales
3215 1058 3324 1136 qui
3345 1055 3428 1116 ad
3457 1054 3897 1118 discindenda8

644 1143 966 1221 Ecclesias
992 1161 1122 1219 sint
1151 1158 1363 1220 idonei
1380 1180 1400 1226 ;
1430 1176 1543 1220 nec
1589 1158 1789 1219 ullum
1835 1159 1943 1236 qui
1991 1157 2072 1218 ad
2100 1157 2246 1236 ﬁdei
2297 1167 2486 1236 caput
2535 1159 2878 1238 pertineat.
2932 1159 3008 1230 At
3037 1157 3084 1217 ii
3137 1157 3259 1234 ipsi
3299 1155 3566 1217 fortasse
3604 1156 3895 1234 ejusdem

647 1259 1026 1322 auctoritate
1062 1259 1206 1320 freti
1246 1260 1658 1331 contendent,
1693 1275 1760 1318 se
1791 1258 1941 1336 jure
1972 1274 2005 1320 a
2033 1259 2406 1320 Latinorum
2438 1257 2895 1318 communione
2918 1255 3288 1328 abhorrere,
3320 1253 3562 1332 quippe
3593 1253 3706 1330 qui
3739 1251 3895 1313 illud

647 1361 951 1439 Symbolo
1013 1361 1410 1432 addiderint,
1448 1376 1580 1441 quo
1620 1359 1930 1437 Spiritum
1977 1367 2268 1422 sanctum
2302 1368 2365 1423 et
2393 1378 2427 1423 a
2473 1360 2644 1422 Filio
2704 1359 3050 1437 procedere
3101 1358 3497 1420 enuntiatur.
3530 1357 3662 1416 Hos
3702 1355 3900 1433 igitur

645 1461 850 1524 amice
885 1469 946 1523 et
975 1460 1279 1532 fraterne,
1318 1469 1517 1540 utque
1557 1461 1768 1523 verbis
1797 1470 1935 1523 utar
1974 1459 2465 1539 TheOphylacti,
2503 1458 2878 1539 simpliciter
2918 1466 2976 1519 et
3025 1454 3308 1530 candide,
3343 1465 3524 1533 atque
3569 1463 3640 1514 ut
3678 1454 3900 1531 pisea-

647 1572 854 1622 tor—um
880 1560 1266 1640 discipulum
1293 1562 1546 1623 omnino
1580 1562 1774 1636 decet,
1809 1578 1982 1624 nunc
2017 1559 2238 1638 paucis
2270 1542 2517 1640 alloqui
2554 1559 2751 1622 lubet.
3129 1561 3135 1568 '

725 1665 994 1726 XXVII.
1042 1667 1130 1726 Ac
1156 1665 1361 1742 primo
1393 1665 1656 1747 quidem
1691 1683 1827 1740 eos,
1858 1665 2069 1745 quoad
2109 1681 2389 1742 praesens
2419 1665 2672 1736 attinet,
2711 1659 3122 1740 praamonitos
3169 1659 3386 1733 velim,
3434 1658 3649 1736 potius
3699 1653 3901 1716 animi

648 1764 1140 1842 dispositionem
1172 1783 1364 1844 quam
1406 1767 1600 1829 verba
1640 1767 1876 1830 essein
1907 1766 2390 1846 TheOphylacto
2421 1766 2766 1846 spectanda
2794 1785 2811 1838 ;
2843 1763 3078 1826 deinde
3116 1777 3520 1841 quaecunque
3550 1759 3692 1838 ejus
3723 1772 3903 1818 mens

645 1861 866 1936 fuerit,
919 1879 1048 1924 non
1101 1863 1312 1941 magni
1363 1880 1506 1926 esse
1551 1863 1903 1928 faciendam
1937 1864 2120 1926 illius
2151 1865 2267 1928 hac
2318 1866 2386 1927 in
2437 1883 2504 1926 re
2547 1863 3017 1926 auctoritatem.
3069 1860 3292 1936 Quoad
3329 1860 3605 1938 primum
3651 1860 3906 1923 attinet:

645 1977 764 2040 pro
795 1970 968 2024 certo
1002 1962 1230 2036 habeo,
1270 1963 1356 2027 ita
1397 1981 1548 2026 eum
1604 1962 1808 2029 fuisse
1837 1965 2054 2028 animo
2101 1974 2563 2045 comparatum,
2589 1967 2738 2027 utsi
2774 1979 2905 2045 quo
2939 1972 3226 2042 tempore
3264 1962 3448 2036 vixit,
3486 1977 3601 2040 per
3637 1960 3903 2040 aliquod

646 2063 996 2125 concilium
1032 2083 1112 2128 ex
1153 2065 1393 2130 Graecis
1443 2065 1824 2146 Latinisque
1853 2077 2143 2130 coactum
2195 2069 2270 2130 ad
2306 2085 2572 2130 examen
2618 2081 2832 2128 vocata
2870 2083 2941 2129 ac
2989 2065 3250 2128 definita
3295 2063 3528 2126 fuisset
3577 2060 3900 2140 processio

650 2163 933 2241 Spiritus
1003 2166 1206 2228 sancti
1259 2169 1452 2228 etiam
1511 2183 1546 2228 a
1603 2163 1797 2244 Filio,
1848 2170 2069 2248 procul
2129 2169 2330 2232 dubio
2388 2169 2649 2232 concilii
2721 2168 2977 2248 judicio
3022 2185 3094 2230 ac
3145 2166 3486 2229 sententias
3555 2164 3901 2225 stetisset:

647 2267 1194 2342 quemadmodum
1259 2267 1522 2341 plurimi
1590 2270 1923 2332 sanctitate
1983 2288 2055 2333 ac
2130 2271 2422 2334 doctrina
2482 2270 2996 2348 prmstantissimi
3055 2271 3272 2330 Patres
3333 2273 3570 2329 stetere
3625 2265 3904 2345 synodo,

645 2363 1060 2436 Florentium,
1115 2365 1310 2442 eique
1360 2374 1675 2442 perpetuo
1735 2373 1796 2426 et
1849 2367 2368 2428 constantissime
2421 2368 2854 2429 adhaeserunt.
2909 2367 3041 2428 Hac
3080 2363 3284 2428 fuisse
3355 2362 3908 2442 TheOphyIactum

647 2465 849 2525 animi
885 2465 1313 2541 dispositione
1359 2465 1682 2540 affectum,
1734 2467 1876 2544 ipse
1926 2467 2164 2543 colligo
2199 2485 2274 2528 ex
2330 2469 2574 2530 eximio
2615 2469 2756 2546 ejus
2809 2469 2982 2546 pacis
3042 2467 3441 2545 unionisque
3486 2480 3730 2536 amore,
3797 2459 3908 2542 qui

650 2585 794 2630 cum
825 2568 891 2628 in
923 2567 1069 2628 aliis
1104 2568 1438 2644 operibus,
1467 2573 1603 2628 tum
1634 2567 2040 2644 potissimum
2076 2567 2140 2627 in
2164 2566 2278 2628 hac
2307 2566 2450 2644 ipsa
2483 2565 2882 2629 Allocutione
2915 2565 3277 2628 luculenter
3300 2579 3370 2626 se
3400 2567 3634 2642 prodit.
3666 2566 3907 2625 Verum

649 2683 796 2731 cum
831 2675 976 2728 ante
1023 2667 1317 2728 ﬂoruerit
1360 2683 1552 2746 quam
1598 2667 2040 2729 controversia
2094 2665 2227 2728 haec
2285 2665 2545 2727 deﬁnita
2592 2673 2766 2727 esset
2814 2667 2881 2728 in
2947 2664 3164 2744 aliqua
3209 2665 3602 2728 mcumenica
3657 2663 3910 2744 synodo

655 2771 892 2859 (primo
926 2771 1099 2831 enim
1136 2771 1397 2833 deﬁnita
1439 2779 1535 2833 est
1583 2771 1647 2832 in
1679 2770 1954 2833 concilio
2006 2769 2286 2849 generali
2335 2769 2750 2846 Lugdunensi
2801 2788 2871 2838 ιι,
2923 2788 3030 2832 an.
3061 2770 3265 2851 1271i),
3317 2785 3598 2848 cumque
3667 2785 3783 2846 per
3843 2765 3911 2827 id

654 2873 909 2944 tempus
958 2867 1216 2930 dissidii
1258 2876 1320 2929 et
1364 2867 1726 2929 schismatis
1757 2874 1950 2929 aestus
1979 2868 2253 2946 primum
2285 2867 2600 2929 excitatus
2645 2884 2678 2928 a
2710 2867 2960 2941 Photio,
2999 2878 3134 2931 tum
3174 2887 3204 2930 a
3240 2868 3550 2930 Michaele
3577 2866 3912 2930 Cerulario

655 2981 780 3025 non
815 2966 900 3026 ita
956 2967 1203 3042 pridem
1241 2981 1608 3040 renovatus,
1663 2966 1942 3028 ferveret
1981 2983 2195 3045 .quam
2233 2966 2826 3040 vehementissime,
2877 2967 3041 3029 haud
3078 2968 3260 3029 valde
3316 2966 3678 3028 mirandum
3733 2965 3792 3026 si
3855 2973 3916 3026 et

655 3067 1180 3147 TheOphylactus
1213 3087 1281 3131 se
1312 3086 1576 3149 quoque
1608 3071 1810 3148 abripi
1853 3087 2080 3146 passus
2109 3078 2439 3147 utcunque
2477 3069 2584 3132 sit.
2620 3071 2696 3130 At
2733 3071 2886 3148 quia
2917 3078 3126 3132 tamen
3154 3070 3237 3132 ob
3269 3087 3432 3144 eam,
3478 3085 3670 3149 quam
3715 3086 3914 3146 supra

657 3169 1173 3239 memoravimus,
1210 3185 1466 3230 causam
1505 3169 1796 3247 ignotum
1833 3168 2018 3230 nobis
2050 3177 2169 3243 est,
2204 3183 2280 3228 an
2314 3166 2490 3228 illius
2525 3167 2737 3229 fervor
2767 3170 2844 3230 ad
2871 3169 3230 3232 haereticam
3255 3186 3464 3248 usque
3497 3169 3914 3247 pertinaciam

655 3264 1038 3341 excreverit,
1090 3269 1237 3329 ideo
1286 3285 1498 3347 neque
1547 3267 1734 3328 illum
1789 3267 2135 3342 haereseos,
2186 3285 2398 3347 neque
2450 3267 2762 3346 formalis,
2807 3274 2877 3328 ut
2926 3268 3132 3340 aiunt,
3176 3266 3538 3328 schismatis
3605 3267 3912 3327 condem-

656 3387 881 3431 namus
927 3370 1010 3450 (a)
1043 3372 1201 3450 quin
1235 3388 1352 3433 nec
1393 3372 1597 3432 sancti
1640 3369 1758 3432 viri
1788 3370 2311 3449 appellationem,
2353 3387 2479 3448 qua
2539 3371 2728 3449 vulgo
2759 3370 2838 3432 ab
2869 3370 3312 3433 Orientalibus
3357 3369 3736 3449 insignitur,
3799 3385 3911 3432 nos

657 3473 983 3534 ullatenus
1015 3474 1141 3552 ipsi
1176 3473 1571 3536 invidemus.

743 3595 1049 3656 XXVIII.
1080 3594 1314 3656 Verum
1333 3594 1453 3656 hoc
1473 3593 1687 3672 ipsum
1716 3592 1886 3672 quod
1913 3592 2390 3671 TheOphylacto
2408 3593 2485 3654 ab
2504 3593 2604 3655 his
2623 3595 2998 3657 criminibus
3021 3597 3372 3674 purgando,
3400 3597 3537 3658 sive
3551 3598 3912 3659 excusando

661 3693 969 3766 deservit,
1005 3693 1082 3753 ad
1124 3681 1840 3770 minuendam'quoque
1872 3691 1988 3753 hac
2022 3691 2087 3752 in
2112 3701 2288 3769 parte
2326 3693 2508 3753 illius
2539 3695 2981 3757 auclorilatem
3013 3713 3204 3776 quam
3247 3696 3523 3758 maxime
3557 3695 3711 3759 facit
3765 3699 3909 3760 Cum

660 3792 835 3856 enim
888 3793 1318 3856 controversia
1361 3793 1490 3854 haec
1550 3793 1614 3855 in
1675 3791 1952 3854 concilio
2014 3809 2092 3852 ex
2147 3792 2382 3852 Graecis
2438 3793 2811 3871 Latinisque
2877 3805 3094 3858 coacto
3172 3800 3462 3859 nondum
3517 3800 3660 3860 data
3731 3815 3910 3878 opera

661 3893 1119 3971 communique
1165 3908 1486 3953 consensu
1523 3892 1809 3971 subjecta
1838 3898 2009 3953 esset
2035 3892 2342 3968 examini,
2373 3893 2542 3971 quod
2584 3894 2789 3971 primo
2819 3893 3050 3959 factum
3071 3904 3168 3958 est
3199 3898 3264 3960 in
3299 3899 3604 3978 praedicta
3635 3897 3913 3977 generali

661 3995 934 4075 synodo,
996 3996 1293 4073 ignorare
1321 3991 1378 4053 is
1413 3991 1600 4054 facile
1635 3991 1843 4071 potuit
1891 3991 2132 4070 quibus
2178 3992 2495 4055 niteretur
2539 3993 2978 4058 fundamentis
3013 3998 3386 4061 Latinorum
3432 4001 3778 4075 sententia,
3823 3997 3912 4062 vel

663 4099 886 4177 quoin
925 4115 1123 4159 sensu
1161 4103 1524 4158 assercrent
1555 4095 1655 4168 hi,
1682 4095 1992 4174 Spiritum
2029 4102 2315 4157 sanctum
2350 4097 2542 4159 etiarn
2581 4114 2612 4159 a
2662 4098 2829 4160 Filio
2875 4101 3252 4177 procedere,
3299 4109 3361 4162 et
3405 4118 3596 4181 quam
3640 4101 3916 4181 legitima

665 4201 829 4263 ratio
864 4217 982 4260 seu
1015 4215 1206 4260 causa
1239 4200 1333 4258 eis
1367 4198 1589 4272 fuerit,
1628 4205 1698 4259 ut
1737 4198 2110 4276 particulam
2151 4198 2442 4278 Filioque
2469 4201 2534 4260 in
2575 4209 2840 4262 suasmet
2869 4218 3056 4264 usum
3090 4203 3394 4266 Ecclesiae
3423 4204 3732 4281 Symbolo
3779 4205 3916 4267 ﬁdei

663 4299 1090 4377 adjiciendam
1126 4298 1432 4374 putarint.
1481 4300 1627 4360 Haec
1658 4301 1869 4378 reipsa
1901 4299 1980 4361 ab
2009 4299 2497 4379 TheOphylacto
2532 4301 2821 4379 ignorata
2855 4303 3084 4378 fuisse,
3118 4305 3400 4366 dubitari
3449 4307 3555 4367 vix
3595 4314 3832 4384 potest,
3867 4304 3915 4364 si

665 4407 1039 4479 argumenta
1069 4399 1258 4479 queis
1288 4415 1468 4460 suam
1502 4399 1641 4476 ipse
1669 4415 1924 4461 causam
1962 4410 2346 4479 prepugnat,
2394 4401 2585 4478 paulo
2629 4403 2940 4465 attentius
2989 4407 3460 4482 expendantur.
3509 4411 3691 4470 Anne
3749 4407 3914 4468 enim

667 4518 828 4563 usus
864 4516 1147 4579 unquam
1204 4499 1419 4562 verbis
1451 4501 1584 4562 illis
1624 4500 2016 4580 evangelicis
2071 4501 2302 4563 fuisset
2343 4491 2651 4564 ~0stende
2696 4503 2875 4566 nobis
2923 4507 3172 4568 Patrem
3225 4507 3365 4588 (qui
3429 4527 3657 4587 nempe
3702 4511 3916 4573 doceat

665 4604 970 4682 Spiritum
999 4612 1284 4666 sanctum
1311 4621 1346 4666 a
1378 4603 1542 4666 Filio
1570 4604 1965 4682 procedere),
1990 4613 2048 4666 et
2073 4605 2307 4685 sufﬁcit
2342 4606 2522 4667 nobis
2555 4607 2662 4688 (ὁ),
2703 4607 2761 4668 si
2799 4609 3230 4688 cegnovisset,
3267 4619 3355 4673 tot
3393 4630 3538 4674 esse
3586 4615 3825 4687 Patres,
3859 4621 3914 4674 et

663 4706 1150 4785 probatissimos
1181 4705 1469 4785 quidem,
1496 4713 1557 4767 et
1589 4721 1714 4767 non
1745 4707 1937 4768 modo
1976 4707 2258 4780 Latinos,
2293 4707 2404 4784 qui
2429 4706 2704 4770 ﬂoruere
2725 4719 2872 4771 ante
2899 4710 3327 4772 dissensionis
3362 4712 3621 4774 initium
3659 4712 3914 4792 (quibus

673 4812 939 4892 proinde
967 4812 1379 4889 probatorum
1405 4811 1667 4872 Patrum
1698 4823 1759 4872 et
1786 4827 2020 4873 nomen
2053 4819 2116 4873 et
2150 4811 2414 4889 gradum
2452 4829 2641 4874 nemo
2681 4830 2856 4888 sane,
2882 4815 2991 4894 qui
3021 4824 3186 4877 recte
3220 4815 3472 4891 sentiat,
3501 4814 3912 4896 abjudtcarit),

669 4915 781 4974 sed
818 4915 1005 4974 etiam
1037 4915 1314 4983 Graecos,
1343 4912 1457 4991 qui
1485 4918 1764 4973 uestram
1799 4911 2123 4974 tradidere
2155 4912 2586 4974 sententiam?
2609 4915 2729 4977 Hic
2757 4933 2933 4990 vero,
2961 4925 3300 4996 antequam
3332 4918 3493 4979 ultra
3527 4918 3913 4998 progredior,

673 5012 973 5074 cohibere
1015 5029 1112 5073 me
1147 5027 1276 5071 non
1319 5027 1605 5088 possum,
1644 5012 1805 5090 quin
1842 5011 2255 5074 vehementer
2280 5031 2514 5093 querar
2543 5018 3090 5096 expostulemquo
3122 5017 3202 5080 de
3233 5021 3642 5094 apertissima
3693 5017 3917 5098 injuria

673 5129 866 5192 quam
915 5113 1115 5174 Graeci
1168 5120 1402 5173 nostrae
1457 5110 1652 5190 hujus
1707 5114 1904 5174 aetatis
1935 5130 2065 5176 non
2100 5114 2340 5177 Latinas
2387 5123 2656 5190 tantum,
2702 5117 2817 5178 sed
2873 5124 2934 5178 et
2975 5119 3299 5180 universas
3350 5119 3656 5181 Ecclesia:
3687 5119 3914 5179 inferre

677 5213 845 5275 haud
906 5213 1347 5288 reformidant,
1409 5215 1562 5276 dum
1623 5215 2127 5277 controversiam
2185 5215 2348 5278 hanc
2395 5216 2544 5280 ﬁdei
2611 5216 2686 5278 ad
2745 5219 2997 5280 Graecos
3051 5225 3297 5280 tantum
3343 5219 3728 5297 exigendam
3786 5231 3916 5278 esse

677 5319 920 5392 Patres,
971 5333 1051 5378 ex
1109 5333 1466 5396 eorumque
1523 5316 1776 5395 placitis
1829 5318 2262 5380 deﬁnieudam
2321 5336 2461 5381 esse
2518 5319 2942 5380 contendunt.
3001 5320 3167 5392 Quid
3212 5320 3428 5382 enim?
3473 5322 3567 5381 An
3624 5315 3919 5381 catholica

753 5594 829 5660 (a)
869 5589 983 5648 "ac
1021 5592 1236 5646 ratione
1277 5607 1400 5647 eum
1461 5598 1802 5646 excusarunt
1853 5599 2105 5645 auctores
2139 5587 2254 5644 edi—
2360 5591 2575 5645 locutus
2618 5591 2779 5646 fuerit
2811 5589 3144 5660 dcﬁpiritus
3167 5589 3341 5645 sancti
3373 5587 3776 5660 processionc),
3803 5579 3920 5660 quiti

678 5657 888 5715 tiont'tm
926 5679 1055 5716 ann.
1100 5663 1260 5724 1551,
1293 5662 1430 5716 1542
1457 5670 1510 5715 ct
1539 5661 1696 5725 I554,
1739 5675 1879 5728 quas
1904 5660 2085 5731 videre
2121 5661 2252 5731 milii
2362 5663 2576 5716 minime
2602 5672 2724 5715 tunc
2762 5663 2825 5714 ab
2870 5657 3109 5713 Ecclesia
3149 5657 3437 5715 universali
3487 5659 3760 5731 deﬁnitum
3788 5657 3918 5718 erat.

678 5731 854 5802 licuit.
887 5731 1311 5802 Enarrationnnt
1367 5733 1540 5802 ipsius
1583 5732 1636 5783 in
1673 5739 1907 5802 quatuor
1943 5730 2251 5802 Evpngclia.
2361 5749 2476 5786 cum
2513 5731 2582 5802 ab,
2610 5742 2828 5798 utroque
2861 5732 3163 5796 procedere.

684 5798 862 5852 Verba
884 5802 1101 5873 illorum
1131 5805 1195 5873 ad
1215 5798 1413 5855 calcem
1434 5799 1935 5873 Joapnislnnc'sunt
1962 5819 1974 5873 :_
2005 5799 2257 5873 Propter-
2437 5803 2509 5873 (b)
2543 5801 2681 5859 Nunt
2740 5803 2830 5856 Ill.

687 5887 747 5923 ea
779 5870 1225 5925 reprehendendus
1260 5888 1361 5926 non
1391 5881 1466 5925 est
1511 5869 1925 5936 TIICOp/tllllluul
1958 5871 2126 5937 (quod
2185 5873 2256 5925 ita
