4044 6428
191 414 308 482 449
1056 408 1140 471 ΙΝ
1183 409 1616 481 SEQUENTIA
1654 411 2230 474 THEOPHYLACTI
2263 411 2607 477 SCRIPTA.
3354 421 3462 486 450

189 526 492 592 Ecclesia
538 525 705 587 intra
755 521 959 586 solius
1002 525 1266 586 Graaciae
1305 535 1400 586 vel
1448 521 1734 585 Orientis
1777 521 1935 584 ﬁnes
1982 523 2172 583 etiam
2220 522 2445 600 primis
2504 522 2809 594 Ecclesia.-
2861 531 3116 595 saeculis
3157 529 3461 595 conclusa

186 633 379 694 erat?
433 632 556 691 Aut
615 626 833 688 dicina
876 625 1164 698 traditio,
1216 625 1406 704 cujus
1465 624 1722 703 propria
1774 622 1890 684 dos
1943 631 2063 698 est,
2105 641 2345 702 semper
2374 631 2436 686 et
2477 623 2708 705 ubique
2754 631 2997 709 vigere,
3029 648 3109 694 ex
3140 630 3462 694 Orientali

194 739 454 795 tantum
489 727 774 790 Ecclesia
811 726 1164 788 haurienda
1202 727 1660 803 pensandaque
1691 725 1829 786 est?
1864 723 2102 802 Ecquis
2128 722 2245 786 hac
2294 727 2707 805 praerogativa
2758 729 3120 794 Orientales
3159 730 3464 794 donavit?

195 837 298 897 An
339 831 664 904 Christus,
712 830 824 907 qui
864 828 1290 906 Evangelium
1338 828 1404 889 in
1451 827 1759 889 universo
1797 826 2038 888 mundo
2090 827 2562 905 praedicandum
2603 830 2848 892 edixit?
2883 834 2980 895 An
3011 833 3312 912 apostoli,
3343 830 3460 911 qui

199 939 371 1001 illud
401 935 870 999 annuntiarunt
903 931 1145 1010 ubique
1175 939 1526 1004 terrarum;
1573 945 1931 1008 eorumque
1975 928 2352 1008 coryphmus
2394 931 2619 992 Petrus
2662 933 2927 996 Romam
2961 953 3105 996 cum
3155 933 3464 996 doctrinas

207 1057 362 1108 suae,
393 1045 527 1099 tum
575 1037 768 1100 etiam
824 1035 1158 1116 potestatis
1210 1035 1430 1097 sedem
1485 1031 1864 1095 constituit?
1913 1031 2023 1094 ubi
2075 1032 2265 1094 etiam
2308 1033 2548 1095 Paulus
2589 1034 2869 1098 doctoris
2896 1054 3164 1100 munere
3197 1038 3460 1101 functus

205 1139 474 1202 biennio
509 1144 606 1198 est
641 1157 657 1195 :
695 1143 764 1199 ut
793 1135 872 1198 de
903 1135 1146 1197 caeteris
1168 1134 1389 1196 sileam
1422 1132 1755 1213 apostolis,
1791 1149 2065 1212 quorum
2098 1132 2302 1212 aliqui
2332 1149 2445 1212 per
2483 1133 2759 1213 seipsos,
2793 1136 2902 1198 alii
2943 1156 3055 1216 per
3103 1138 3460 1219 discipulus

197 1244 280 1306 ab
311 1259 382 1304 se
417 1241 752 1303 institutos
783 1239 849 1300 in
883 1240 1087 1301 varias
1120 1239 1492 1300 Occidentis
1530 1237 1893 1314 provincias
1937 1255 2007 1298 ac
2039 1253 2229 1315 regna
2271 1236 2626 1298 doctrinam
2673 1241 3105 1318 evangelicam
3149 1242 3458 1304 dissemi-

208 1351 473 1405 narunt.
529 1339 838 1416 Quamvis
869 1340 1070 1420 igitur
1125 1340 1375 1404 nullum
1416 1358 1491 1402 ex
1533 1340 1766 1403 Grmcis
1820 1339 2111 1403 Patribns
2168 1338 2378 1401 aﬂ‘erri
2445 1347 2660 1418 posset
2707 1357 2822 1418 pro
2882 1343 3108 1404 Latino
3165 1343 3459 1424 dogmate

197 1445 676 1518 testimonium,
735 1450 949 1505 nonne
1004 1443 1160 1504 satis
1217 1450 1388 1504 esset
1437 1443 1766 1504 unanimis
1831 1443 2204 1504 Latinorum
2251 1444 2508 1504 Patrum
2569 1442 2914 1517 sententia,
2972 1451 3040 1506 ut
3094 1443 3334 1507 nedum
3381 1449 3461 1508 ab

197 1545 422 1608 omnis
447 1543 820 1621 suspicione
848 1544 1084 1604 erroris
1116 1542 1579 1616 absolveretur,
1617 1543 1729 1604 sed
1763 1543 1951 1604 etiam
1985 1550 2053 1604 nt
2084 1542 2392 1622 apostolis
2415 1543 2577 1621 ipsis
2611 1541 2956 1606 referretur
2987 1547 3361 1623 acceptum?
3388 1548 3462 1607 Et

191 1660 360 1706 sane
396 1643 450 1703 si
486 1641 1036 1721 Theoliliylactum
1063 1659 1191 1704 non
1227 1641 1413 1705 latuit
1444 1642 1665 1712 istbmc
1695 1642 2066 1704 Latinorum
2100 1642 2446 1705 consensio
2474 1644 2759 1718 Patrum,
2800 1661 2926 1724 qua
2962 1645 3208 1707 ratione
3256 1661 3460 1708 ausus

197 1749 308 1806 est
364 1740 706 1820 afﬁrmare,
755 1761 792 1801 a
855 1741 1030 1802 nullo
1087 1761 1165 1804 ear
1202 1742 1488 1821 probatis
1545 1743 1846 1805 Patribus
1897 1743 1965 1804 id
2017 1745 2282 1818 edoceri,
2329 1761 2805 1825 provocareqne
2890 1762 3009 1809 nos
3065 1747 3460 1826 evangelicis

197 1846 466 1908 verbis:
499 1845 765 1907 Ostende
794 1846 974 1908 nobis
1002 1847 1297 1907 Patrem?
1329 1849 1426 1908 An
1469 1863 1594 1910 non
1627 1848 1888 1928 probati
1935 1851 2150 1912 Patres
2197 1849 2556 1929 Cyprianus
2599 1859 2663 1914 et
2712 1851 3124 1926 Ambrosius,
3179 1869 3460 1932 quorum

194 1947 412 2009 utitur
452 1946 845 2008 testimoniis
879 1946 1064 2009 tertia
1097 1947 1391 2026 synodus
1423 1949 1840 2022 necumenica,
1876 1948 2015 2011 sive
2047 1948 2416 2028 Ephesina?
2461 1952 2686 2012 Nonne
2725 1950 3221 2029 probatissimus
3281 1953 3462 2013 Pater

195 2050 334 2108 Leo
375 2049 672 2125 Magnus,
715 2047 912 2127 'cujus
953 2049 1185 2130 scripta
1219 2058 1443 2128 quarta
1490 2051 1780 2130 synodus

1862 2060 2024 2133 τήλην
2059 2060 2388 2132 ὀρθοδοξίας,
2430 2053 2780 2142 columnam
2813 2053 3207 2116 orthodoxiw
3233 2053 3459 2134 appel-

195 2153 382 2214 lavit.
443 2154 668 2214 Nonne
730 2151 1033 2230 probatus
1087 2155 1272 2217 Pater
1319 2155 1761 2234 Augustinus,
1822 2173 2017 2236 quem
2079 2163 2256 2219 sexta
2303 2157 2594 2236 synodus
2661 2155 2932 2219 summis
2979 2164 3312 2233 prosecuta
3366 2164 3463 2219 est

193 2257 506 2319 laudibus
535 2273 719 2334 teque
748 2271 820 2317 ac
854 2255 1070 2334 ipsum
1092 2258 1508 2320 Ambrosium
1538 2265 1731 2340 atque
1762 2261 2086 2323 Leonem?
2111 2260 2177 2322 Si
2213 2276 2364 2322 vero
2395 2259 2516 2322 hoc
2539 2257 2651 2322 ille
2679 2259 3027 2338 ignoravit,
3051 2276 3462 2340 consequens

195 2368 320 2432 est,
363 2359 570 2422 multo
612 2359 973 2421 breviorem
1023 2359 1482 2426 ecclesiasticae
1516 2362 1910 2426 eruditionis
1960 2363 2433 2444 supellectilem
2470 2363 2568 2424 illi
2608 2361 2837 2438 fuisse,
2887 2380 3079 2444 quam
3134 2364 3462 2428 decuisset

193 2463 356 2525 tanti
397 2460 682 2523 nominis
711 2460 1267 2542 archiepiscOpum
1305 2485 1322 2526 :
1355 2467 1650 2546 adeoque
1688 2465 1872 2529 illius
1893 2467 2360 2542 auctoritatem,
2387 2467 2465 2529 ad
2500 2466 2624 2528 hoc
2655 2467 2828 2547 quod
2861 2469 3111 2541 attinet,
3157 2483 3284 2529 non
3318 2485 3460 2529 esse

193 2583 588 2646 magnopere
646 2567 1027 2635 faciendam.
1079 2572 1266 2646 Quod
1327 2585 1484 2635 vero
1549 2569 1749 2648 magis
1811 2569 2132 2648 displicet,
2198 2577 2296 2632 est
2381 2569 2544 2632 illud
2600 2570 2775 2647 quod
2824 2569 3044 2632 subdit
3116 2571 3250 2631 :Si
3300 2570 3462 2630 enim

195 2666 509 2746 probatus
573 2677 688 2744 est,
744 2687 874 2731 non
919 2669 1125 2738 dixit;
1175 2678 1234 2731 et
1287 2671 1346 2731 ei
1396 2667 1593 2743 dixit,
1642 2669 1953 2747 probatus
1987 2688 2118 2729 non
2163 2670 2461 2744 est.Qum
2509 2669 2702 2732 verba
2750 2669 3121 2732 hmreticum
3155 2668 3458 2746 spiritum

199 2773 498 2834 redolere
536 2771 843 2836 videntur
876 2793 894 2833 :
935 2771 1219 2835 haeretici
1259 2772 1435 2836 enim
1467 2789 1546 2834 ex
1583 2771 1895 2849 Opinione
1931 2770 2475 2850 pr0pria-Patrum
2507 2769 2948 2833 auctoritatem
2979 2770 3187 2832 metiri
3221 2770 3456 2846 solent,

193 2872 276 2934 de
308 2888 518 2950 eaque
544 2872 870 2951 judicium
899 2873 1066 2934 ferre
1104 2894 1120 2933 :
1151 2873 1440 2954 dumque
1471 2873 1549 2933 ab
1585 2871 1834 2934 eisdem
1867 2873 2288 2947 dissentiunt,
2322 2888 2434 2934 eos
2465 2871 2647 2934 ﬂocci
2688 2888 2759 2932 ac
2791 2871 2980 2934 nihili
3030 2867 3296 2932 faciunt.
3332 2870 3457 2931 Sed

194 2973 425 3036 mitius
454 2975 703 3038 sentire
739 2983 988 3055 praestat
1027 2977 1108 3041 de
1139 2975 1645 3056 TheOphylacto,
1674 2984 1867 3056 atque
1900 2993 1972 3040 ea
2005 2977 2197 3040 verba
2228 2977 2508 3056 benigne
2540 2975 2978 3054 interpretari,
3013 2974 3192 3038 velut
3221 2991 3350 3036 non
3378 2990 3458 3034 eo

193 3077 436 3154 spiritu
469 3094 803 3158 sensuque
847 3080 1124 3158 prolata;
1154 3081 1266 3144 sed
1303 3081 1457 3159 quia
1486 3081 1612 3142 sibi
1651 3081 1925 3144 nimium
1957 3081 2384 3154 blandiretur,
2417 3088 2609 3159 atque
2661 3080 3037 3153 confideret,
3097 3095 3175 3141 ex
3219 3077 3459 3140 Graecis

192 3177 670 3243 illustrioribus
732 3183 980 3243 Patrem
1033 3179 1304 3260 reperiri
1371 3179 1696 3242 neminem
1757 3195 1974 3256 nosse,
2042 3197 2188 3243 nam
2239 3181 2318 3242 de
2366 3179 2607 3241 Latinis
2659 3179 2816 3242 nihil
2879 3179 3198 3242 sollicitus
3252 3177 3459 3239 fuisse

193 3280 486 3354 videtur,
526 3280 640 3359 qui
673 3279 982 3359 Spiritum
1011 3286 1301 3342 sanctum
1333 3277 1520 3342 etiam
1573 3296 1606 3341 a
1664 3279 1834 3341 Filio
1874 3280 2220 3358 procedere
2258 3279 2611 3353 docuisset.
2663 3279 2948 3341 Pretium
3000 3278 3200 3356 igitur
3245 3290 3460 3354 aperte

190 3386 320 3454 est,
348 3380 715 3442 accuratius
770 3381 1190 3461 investigare,
1249 3379 1489 3460 quibus
1536 3379 1651 3443 ille
1685 3386 1769 3442 et
1819 3397 2012 3460 quam
2053 3379 2284 3444 validis
2328 3378 2766 3443 fundamentis
2804 3381 3072 3443 innixus
3123 3384 3457 3455 tantopere

185 3485 318 3546 sibi
363 3485 495 3564 ipsi
546 3487 926 3564 prteﬁderet.
1002 3489 1122 3552 Sed
1161 3486 1356 3568 paulo
1409 3495 1552 3567 post
1606 3488 1862 3550 videtur
1896 3493 1957 3549 et
2012 3486 2154 3565 ipse
2200 3486 2324 3549 sibi
2371 3504 2497 3550 non
2527 3487 2680 3549 satis
2726 3494 2930 3559 tutus,
2983 3501 3128 3546 cum
3165 3482 3394 3544 subdat
3433 3499 3454 3541 ε

187 3589 435 3651 Deinde
479 3590 596 3651 etsi
646 3590 763 3652 hoc
800 3588 1112 3662 daremus,
1171 3608 1303 3652 non
1336 3591 1553 3670 utique
1592 3591 1760 3670 quod
1809 3590 2028 3651 rarius
2087 3597 2201 3664 est,
2256 3589 2324 3650 in
2369 3597 2802 3667 argumentum
2851 3586 3241 3647 trahendum.
3283 3581 3455 3656 Quid

194 3707 377 3766 vero,
411 3693 463 3752 si
503 3709 630 3754 non
666 3693 850 3770 pauci
879 3695 1136 3774 rarique
1167 3697 1318 3770 sint,
1349 3696 1588 3758 nedum
1628 3696 1856 3768 Latini,
1893 3696 2006 3757 sed
2039 3694 2239 3757 Graeci
2263 3695 2453 3756 etiam
2483 3696 2720 3765 Patres,
2755 3693 2870 3771 qui
2905 3690 3136 3768 dogma
3169 3694 3458 3749 nostrum

197 3794 588 3857 tradiderint
618 3798 714 3857 vel
747 3796 1011 3858 disertis
1044 3797 1144 3860 vel
1173 3797 1716 3880 aaqnivalentibus
1756 3798 2013 3860 verbis?

284 3900 525 3959 XXIX.
555 3899 673 3961 Sed
708 3905 1050 3977 antequam
1086 3901 1149 3962 id
1184 3901 1582 3974 demonstro,
1613 3900 1760 3980 jure
1797 3902 1970 3962 omni
2005 3901 2115 3961 abs
2146 3898 2620 3979 TheOphylacto
2665 3908 2726 3960 et
2763 3892 3054 3958 Photiani
3083 3891 3448 3953 schismatis

199 3999 784 4074 prapugnatoribus
830 3999 1110 4078 postulo,
1144 4008 1210 4063 ut
1250 4017 1326 4062 ex
1358 4017 1581 4064 eorum
1616 3998 1908 4079 probatis
1951 3999 2244 4060 Patribus
2287 3999 2382 4060 vel
2452 4013 2652 4060 unum
2709 3992 2889 4054 nobis
2928 3990 3279 4063 ostendent,
3339 3991 3456 4068 qui

191 4094 675 4160 ante'Photiana
708 4109 991 4180 tempora
1021 4099 1338 4161 inliciatus
1370 4098 1589 4172 fuerit,
1633 4098 1940 4176 Spiritum
1984 4107 2271 4160 sanctum
2305 4114 2337 4158 a
2375 4097 2543 4158 Filio
2584 4094 2948 4172 procedere.
3007 4092 3126 4152 Sed
3179 4091 3458 4170 quamvis

191 4196 309 4258 diu
339 4198 720 4280 multumque
757 4203 1139 4282 fatigentur,
1172 4199 1458 4262 indicare
1492 4217 1572 4263 ne
1609 4199 1876 4261 unicum
1913 4199 2176 4279 quidem
2211 4205 2480 4276 possunt
2511 4197 3002 4276 (Damascenum
3034 4192 3236 4267 enim,
3262 4207 3458 4273 quem

193 4301 412 4364 solum
454 4305 672 4380 specie
701 4304 916 4384 aliqua
978 4303 1113 4365 veri
1161 4319 1489 4383 opponere
1527 4303 1762 4380 valent,
1797 4319 1830 4364 a
1881 4302 2067 4365 nobis
2119 4302 2386 4364 minime
2435 4300 2762 4363 dissidere
2796 4306 3018 4377 postea
3057 4298 3461 4362 demonstra-

193 4403 462 4477 bimus).
496 4403 672 4465 Alias
708 4421 858 4467 vero
891 4404 1170 4484 dogmati
1199 4410 1418 4466 nostro
1446 4403 1753 4466 censendi
1780 4402 2043 4464 minime
2068 4409 2216 4463 sunt
2246 4401 2596 4474 adversari,
2632 4397 2748 4478 qui
2781 4397 2884 4460 vel
2915 4398 3032 4460 hac
3067 4398 3145 4459 de
3175 4415 3242 4458 re
3275 4398 3462 4476 peni-

201 4513 304 4566 tus
344 4504 565 4579 silent,
603 4505 701 4568 vel
736 4506 948 4567 solum
985 4505 1194 4579 aiunt,
1235 4503 1544 4582 Spiritum
1589 4523 1628 4564 a
1687 4503 1875 4564 Patre
1921 4501 2280 4582 procedere.
2332 4500 2494 4574 Quis
2552 4497 2733 4560 enim
2787 4496 3064 4573 ignorat,
3115 4512 3248 4555 rem
3311 4511 3459 4557 esse

199 4609 390 4686 plane
420 4609 740 4669 diversam
771 4621 897 4667 non
929 4619 1242 4679 asserere,
1274 4603 1584 4680 Spiritum
1614 4607 1904 4664 sanctum
1941 4600 2284 4680 procedere
2321 4615 2356 4660 a
2393 4597 2583 4670 Filio,
2616 4604 2807 4674 atque
2837 4594 2917 4656 id.
2947 4595 3224 4672 negare?
3279 4593 3458 4654 aliud

199 4709 439 4788 pariter
466 4706 804 4784 aﬂirmare,
838 4726 986 4772 eum
1016 4729 1056 4770 a
1093 4709 1288 4772 Patre
1315 4709 1689 4789 procedere,
1735 4707 1912 4770 aliud
1947 4726 1986 4766 a
2013 4704 2147 4766 solo
2181 4704 2417 4766 Patre?
2452 4703 2664 4776 Quare
2695 4697 3063 4760 nullatenus
3097 4693 3458 4775 intelligere

195 4809 403 4882 valeo,
434 4809 765 4890 quomodo
811 4809 1329 4890 TheOphylactus
1361 4825 1718 4890 omnesque
1755 4806 2046 4869 Photiani
2081 4822 2200 4867 nos
2241 4802 2442 4866 veluti
2491 4801 2745 4863 Christo
2784 4797 3202 4875 Patribusque
3231 4797 3460 4859 adver-

192 4919 411 4975 sentes
438 4909 794 4985 traducant,
827 4927 905 4974 eo
931 4911 1102 4991 quod
1126 4909 1504 4989 simpliciter
1538 4908 1588 4970 ii
1636 4913 1944 4982 asserant,
1971 4905 2276 4985 Spiritum
2301 4910 2590 4964 sanctum
2612 4919 2651 4959 a
2677 4899 2865 4959 Patre
2889 4893 3248 4975 procedere,
3269 4903 3460 4975 atque

193 5031 228 5075 ιι
259 5011 453 5074 nobis
489 5013 628 5074 ﬁeri
658 5014 1035 5085 καινοτομίαν,
1065 5027 1185 5072 seu
1205 5009 1669 5072 innovationem
1694 5008 1763 5070 in
1790 5006 1908 5086 ﬁde
1932 5005 2342 5077 contendant,
2370 5002 2524 5064 dum
2553 5001 2848 5064 eumdem
2888 4996 3236 5058 asserimus
3269 4997 3460 5060 etiam

197 5135 232 5179 a
265 5118 432 5179 Filio
471 5117 850 5195 procedere;
888 5132 958 5178 ea
996 5113 1209 5176 solum
1249 5113 1496 5177 ratione
1529 5111 1702 5191 quod
1738 5111 2030 5174 Christus
2064 5107 2507 5170 tantummodo
2539 5103 2727 5172 dixit,
2761 5121 2799 5161 a
2841 5101 3058 5162 Patre.
3109 5101 3352 5162 Verum
3405 5102 3460 5162 si

201 5217 353 5295 quid
384 5217 623 5278 addere
653 5223 749 5276 est
781 5215 1116 5288 innovare,
1156 5231 1270 5276 cur
1298 5219 1360 5275 et
1404 5211 1530 5292 ipsi
1580 5211 1914 5290 quidpiam
1965 5209 2211 5271 addunt
2261 5197 2582 5278 dicentes,
2631 5221 2671 5261 a
2718 5200 2850 5261 solo
2899 5201 3138 5261 Patre?
3191 5200 3460 5260 Ubinam

201 5315 515 5389 Christus,
550 5314 662 5376 ubi
699 5317 911 5376 Patres
959 5314 1018 5374 id
1061 5311 1310 5395 (saltem
1359 5319 1506 5374 ante
1557 5308 1767 5372 Photii
1818 5307 2127 5390 tempora)
2181 5306 2558 5369 asseruere?
2613 5301 2782 5378 Quid
2841 5301 3057 5361 enim?
3115 5302 3212 5359 An
3272 5295 3460 5358 nobis

199 5416 566 5493 exprimere
603 5414 900 5486 vetitum,
931 5412 1107 5490 quod
1146 5410 1438 5474 Christus
1477 5408 1792 5471 Dominus
1840 5425 1968 5471 non
2009 5405 2360 5483 expressit;
2412 5403 2544 5466 illis
2596 5402 2871 5462 limitare
2935 5399 3142 5469 liceat,
3203 5395 3376 5472 quod
3425 5412 3460 5458 a

198 5516 452 5578 Christo
486 5515 833 5577 limitatum
877 5530 1006 5575 non
1040 5513 1175 5574 est?
1211 5511 1274 5572 Si
1309 5510 1419 5573 ille
1451 5527 1582 5573 non
1615 5509 1806 5585 dixit,
1838 5509 2149 5588 Spiritum
2181 5512 2471 5568 sanctum
2517 5521 2551 5566 a
2603 5503 2792 5576 Filio,
2837 5499 2956 5561 hoc
3007 5505 3104 5560 est
3147 5512 3184 5557 a
3239 5494 3460 5574 seipso

201 5615 572 5692 procedere,
618 5630 835 5692 neque
864 5613 927 5675 id
960 5611 1150 5675 etiam
1183 5611 1462 5690 negavit.
1493 5612 1622 5671 Cur
1654 5609 1870 5689 itaque
1898 5606 2192 5671 Photiani
2232 5606 2506 5683 negant?
2534 5605 2610 5666 Et
2637 5601 2693 5665 si
2717 5600 2982 5682 quidem
3017 5596 3460 5660 tantummodo

197 5735 322 5782 non
353 5723 752 5790 assererem,
782 5713 1121 5778 ferendum
1166 5731 1391 5777 eorum
1423 5711 1756 5776 silentium
1803 5718 2015 5782 esset;
2067 5723 2291 5770 verum
2331 5712 2394 5769 et
2433 5713 2690 5785 negant,
2749 5712 2809 5765 et
2842 5717 2952 5762 eos
3007 5698 3119 5778 qui
3166 5705 3464 5760 asserunt

197 5820 627 5884 condemnant
662 5812 958 5895 dirisque
1003 5814 1306 5878 omnibus
1353 5815 1705 5887 devovent;
1737 5810 1960 5874 tritum
2009 5807 2174 5872 illud
2236 5807 2328 5889 (in
2369 5805 2543 5886 quod
2595 5804 2788 5868 etiam
2840 5796 3359 5880 The0phylactus
3379 5795 3464 5862 ab
