4044 6416
631 400 738 466 451
1696 389 2088 452 BONIFACll
2119 389 2429 451 FlNETTl
2464 388 2864 452 PRiEFATIO
3768 395 3776 398 ’
3813 396 3918 461 452

631 509 981 590 iniquitate
1011 523 1221 571 causae
1250 523 1386 568 sum
1423 518 1703 583 praeceps
1740 507 1840 563 est
1871 500 2100 582 actus),
2135 517 2207 562 ac
2245 499 2494 576 puerile
2538 505 2994 579 argumentum
3048 509 3481 583 usurpantes:
3532 505 3600 568 St
3631 506 3921 587 Spiritus

625 621 884 674 sanctus
916 610 1104 672 etiam
1135 629 1212 671 ea
1231 606 1402 670 Filio
1437 604 1727 684 procedit
1760 602 1870 683 (a),
1906 603 2061 683 quid
2082 603 2417 682 prohibuit
2453 621 2531 664 ne
2564 606 2655 665 ita
2691 605 2988 667 Christus
3024 605 3422 686 loqueretur:
3459 611 3583 685 Qui
3627 629 3708 672 ex
3730 613 3921 676 Patre

628 724 686 777 et
719 733 800 776 ea:
821 732 912 772 me
938 709 1279 791 procedit?
1306 707 1429 770 Sed
1476 704 1635 768 mihi
1672 703 1953 766 subdere
1985 702 2209 765 liceat:
2247 703 2321 764 Si
2353 721 2392 761 a
2421 703 2556 764 solo
2601 703 2791 766 Patre
2835 706 3151 783 procedit,
3199 707 3361 787 quid
3427 709 3782 787 prohibuit,
3841 730 3920 778 ne

625 814 694 878 id
731 812 1024 877 Christus
1073 809 1499 888 exprimeret;
1551 805 1906 885 prtesertim
1939 821 2085 867 cum
2129 804 2272 883 ipse
2323 805 2458 884 jam
2511 805 2935 882 prmnovisset
2990 814 3149 886 quot
3201 817 3263 869 et
3303 817 3539 887 quanta
3602 828 3678 873 ex
3740 811 3919 876 illius

632 922 874 984 vocula)
906 915 1344 995 prmieritione
1375 912 1622 976 oritura
1653 911 2006 991 aliquando
2037 909 2600 973 essentdissidia?
2639 911 2804 982 Quid
2839 911 2915 972 ad
2953 910 3086 973 haec
3116 911 3416 974 Photiani
3461 915 3917 993 respondeant,

632 1003 793 1086 nihil
825 1019 1091 1088 habent;
1123 1024 1186 1078 at
1227 1014 1517 1078 nobisin
1573 1023 1875 1094 promptu
1923 1021 2044 1088 est,
2097 1013 2255 1093 quid
2297 1019 2518 1075 contra
2573 1029 2686 1075 eos
2745 1030 3170 1093 regeramus:
3211 1015 3542 1091 videlicet,
3596 1017 3919 1081 Christum

631 1126 734 1187 sin
768 1140 868 1196 eo,
903 1123 1128 1183 saltem
1160 1119 1307 1184 aliis
1349 1120 1416 1182 in
1450 1120 1664 1199 locis;
1697 1121 1800 1182 sin
1851 1119 2204 1198 expressis,
2259 1117 2484 1180 saltem
2542 1118 3090 1199 tequivalentibus
3148 1119 3390 1194 verbis,
3439 1121 3742 1186 docuisse
3787 1126 3921 1204 Spi.

632 1231 825 1289 ritum
860 1228 1051 1291 etiam
1082 1243 1118 1288 a
1147 1225 1367 1304 seipso
1396 1224 1778 1303 procedere:
1814 1222 1988 1303 quod
2022 1220 2290 1301 quidem
2322 1221 2522 1282 nostri
2559 1221 2856 1283 homines
2888 1221 3126 1284 millies
3149 1221 3702 1298 demonstrarunt,
3736 1233 3800 1286 et
3844 1244 3915 1288 ex

634 1349 713 1394 eo
749 1332 924 1412 quod
959 1330 1251 1392 Christus
1286 1329 1600 1390 Dominus
1630 1325 1718 1388 ait
1753 1327 1938 1387 Joan.
1971 1342 2037 1395 x,
2107 1323 2206 1392 30,
2254 1322 2394 1402 Ego
2436 1333 2493 1385 et
2543 1323 2733 1384 Pater
2780 1342 2978 1386 unum
3031 1343 3284 1396 sumus;
3324 1342 3404 1388 ex
3452 1343 3585 1406 quo
3635 1327 3918 1391 inferunt

632 1453 829 1495 unum
861 1433 1052 1495 etiam
1082 1447 1225 1493 esse
1274 1427 1512 1491 Filium
1545 1443 1692 1489 cum
1740 1429 1920 1488 Patre
1966 1424 2180 1504 quoad
2233 1423 2549 1486 rationem
2595 1424 2898 1503 principii
2949 1425 3231 1504 Spiritus
3275 1426 3508 1489 sancti.
3563 1429 3638 1488 Et
3684 1445 3774 1489 ex
3837 1445 3911 1489 eo

637 1535 852 1617 (Joan.
900 1553 1036 1607 xvr,
1077 1533 1200 1608 15),
1243 1530 1467 1593 Omnia
1508 1545 1885 1610 quaecunque
1914 1527 2097 1589 habet
2120 1527 2338 1599 Pater,
2370 1545 2505 1587 mea
2540 1536 2739 1588 sunt:
2771 1543 2948 1606 ergo,
2969 1526 3281 1607 inquiunt
3325 1535 3388 1590 et
3433 1528 3636 1590 virtus
3678 1507 3936 1629 produ-:

635 1635 824 1698 cendi
867 1633 1178 1710 Spiritum
1229 1639 1524 1693 sanctum
1579 1639 1671 1691 est
1703 1627 1882 1701 Filii,
1939 1645 2058 1690 seu
2117 1627 2424 1690 convenit
2484 1627 2678 1690 Filio.
2750 1629 2828 1690 Et
2879 1645 2959 1690 ex
3021 1628 3138 1690 illo
3195 1627 3448 1710 (ibidem
3486 1629 3784 1710 1h):1lle
3837 1652 3923 1692 me

636 1737 1038 1817 clariﬁcabit,
1069 1737 1218 1816 quia
1241 1734 1314 1795 de
1344 1751 1476 1794 meo
1499 1734 1791 1812 accipiet.
1825 1731 1996 1805 Quid
2021 1732 2224 1806 enim,
2254 1731 2457 1806 aiunt,
2501 1733 2784 1812 Spiritus
2807 1741 3069 1797 sanctus
3109 1735 3401 1814 accipere
3432 1752 3467 1798 a
3490 1735 3664 1798 Filio
3693 1711 3939 1858 potesq

1066 1835 1254 1858 -_--..
1283 1834 1352 1858 m
1393 1849 1464 1858 -_.
1503 1849 1574 1858 ,η
1613 1832 1870 1858 η.-..,-...
1908 1832 2080 1858 ..-ηηι
2119 1833 2271 1858 τη..
2327 1851 2416 1858 __
2471 1834 2548 1858 ορ
2624 1833 2704 1858 -ς.
2751 1851 2812 1858 -_
3156 1856 3182 1858 η
3215 1838 3273 1858 σί
3304 1836 3524 1858 ε-ιι----
3582 1845 3864 1858 “ML,”

637 1838 766 1898 nisi
815 1837 1028 1915 ipsum
1061 1835 1254 1895 esse?
1279 1834 1356 1894 Et
1388 1849 1467 1894 ex
1499 1849 1578 1894 eo
1609 1832 1873 1894 demum
1903 1832 2082 1911 quod
2113 1833 2299 1894 Joan.
2327 1851 2438 1904 xv,
2471 1834 2573 1906 26,
2619 1833 2707 1895 ait
2747 1851 2817 1897 se
2842 1836 3189 1899 missurum
3215 1836 3530 1914 Spiritum
3577 1845 3872 1900 sanctum
3905 1862 3920 1900 :

635 1953 784 1999 cum
847 1937 1066 1998 missio
1103 1935 1167 1995 in
1217 1932 1466 1995 divinis
1507 1932 1599 1994 nil
1659 1931 1840 1994 aliud
1900 1949 2046 1994 esse
2088 1941 2199 1995 aut
2248 1932 2531 2014 intelligi
2578 1935 2807 2014 possit,
2865 1953 3060 2016 quam
3114 1938 3445 2015 processio
3495 1946 3735 2002 aeterna
3785 1958 3922 2003 cum

637 2037 868 2099 ordine
903 2037 980 2096 ad
1013 2033 1347 2114 quidpiam
1379 2032 1788 2095 extrinsecus
1816 2033 2340 2112 producendum.
2363 2035 2529 2109 Quid
2561 2036 2738 2114 quod
2773 2043 2836 2098 et
2869 2037 3035 2115 ipsis
3055 2037 3560 2119 verbis,quibus
3595 2048 3918 2120 tantOpere

634 2139 840 2202 ﬁdunt
869 2136 1246 2211 adversarii,
1283 2137 1617 2210 videlicet,
1668 2138 1781 2217 qui
1811 2156 1850 2197 a
1885 2138 2078 2200 Patre
2098 2138 2416 2218 procedit,
2450 2139 2995 2219 docetimplicite,
3021 2141 3220 2204 etiam
3243 2159 3276 2205 a
3308 2143 3527 2224 seipso
3554 2146 3921 2222 procedere.

639 2241 794 2301 Nam
826 2239 1150 2319 quidquid
1182 2240 1253 2300 in
1287 2240 1647 2318 Scripturis
1689 2238 1764 2301 de
1817 2259 1950 2301 una
1993 2259 2270 2320 persona
2311 2241 2580 2318 dicitur,
2629 2235 2818 2304 etiam
2866 2244 2943 2305 de
2985 2243 3116 2307 alia
3164 2255 3414 2324 oportet
3445 2246 3749 2328 intelligi,
3805 2248 3926 2310 nisi

638 2349 951 2423 repugnet
970 2341 1370 2421 proprietati
1389 2343 1728 2420 personati
1769 2344 1997 2422 ipsius,
2031 2352 2102 2406 ut
2137 2344 2552 2408 verissimum
2592 2345 2778 2408 eﬂ‘ert
2810 2346 3264 2428 theologorum
3301 2364 3448 2410 cum
3497 2349 3560 2411 S.
3596 2349 3832 2410 Thom.
3868 2367 3921 2410 tv

627 2460 776 2524 .cap.
820 2446 1011 2517 Gen.,
1045 2460 1184 2522 cap.
1215 2445 1319 2518 25,
1359 2443 1642 2518 axioma,
1677 2462 1750 2507 ea
1781 2444 2033 2507 ratione
2074 2446 2320 2520 nixum,
2357 2448 2532 2526 quod
2561 2454 2691 2509 tres
2722 2447 2965 2510 divinae
3020 2465 3320 2528 personas
3355 2465 3559 2511 unum
3618 2447 3924 2526 idemque

640 2553 795 2607 sunt
833 2563 1086 2619 omnes,
1123 2545 1208 2606 iis
1243 2553 1492 2608 tantum
1539 2545 1828 2625 exceptis
1865 2565 2010 2627 quae
2048 2550 2124 2610 ad
2174 2550 2581 2628 personalem
2633 2550 2962 2628 pertinent
3006 2553 3491 2630 proprietatem.
3537 2551 3727 2624 Quod
3765 2551 3922 2612 adeo

641 2653 886 2708 certum
921 2653 1017 2707 est
1051 2653 1138 2717 ut,
1172 2646 1425 2708 etiamsi
1464 2647 1758 2708 Christus
1789 2664 1870 2710 eo
1905 2648 2029 2710 loci
2071 2649 2376 2725 dixisset,
2411 2650 2540 2726 Qui
2574 2670 2612 2710 a
2641 2651 2833 2712 Patre
2853 2652 2986 2714 solo
3012 2655 3328 2731 procedit,
3366 2669 3494 2716 non
3531 2653 3684 2714 inde
3717 2660 3924 2713 tamen

638 2748 994 2812 abdicanda
1033 2747 1096 2808 ei
1131 2755 1304 2809 esset
1336 2747 1622 2828 Spiritus
1655 2749 1864 2810 sancti
1909 2752 2278 2830 productio.
2305 2753 2583 2815 Fortene
2635 2754 2950 2816 mirantur
2993 2755 3093 2816 vel
3143 2755 3262 2816 hoc
3306 2761 3541 2834 negant
3601 2753 3923 2825 Photiani,

639 2852 808 2928 Ergo
847 2851 1085 2927 pariter
1111 2857 1350 2927 negent
1383 2850 1634 2910 Patrem
1683 2865 1718 2910 a
1758 2849 2001 2928 Spiritu
2036 2861 2256 2913 sancto
2291 2853 2608 2930 cognosci,
2657 2853 2756 2915 vel
2789 2853 2979 2915 etiam
3012 2871 3191 2912 nosse
3229 2851 3544 2931 seipsum,
3588 2861 3926 2932 prepterea

642 2955 821 3032 quod
879 2954 1118 3014 dixerit
1172 2953 1473 3016 Christus
1518 2954 1742 3016 Matth.
1793 2975 1888 3030 xi,
1938 2956 2044 3030 22,
2078 2957 2268 3018 Nemo
2315 2959 2495 3019 novit
2544 2959 2819 3031 Patrem,
2879 2958 3008 3018 nisi
3055 2958 3300 3028 Filius;
3352 2957 3451 3020 vel
3504 2966 3745 3036 negent
3787 2976 3926 3020 cum

644 3052 1040 3127 Socinianis,
1072 3051 1312 3114 Filium
1348 3053 1563 3132 ipsum
1597 3071 1742 3116 esse
1770 3073 1992 3117 verum
2023 3057 2256 3136 Deum,
2277 3058 2429 3139 quia
2460 3058 2866 3137 ipse_Patrem
2896 3055 3238 3134 alloquens
3268 3058 3355 3119 ait
3409 3055 3625 3132 (Joan.
3655 3077 3822 3136 xvu,
3846 3058 3927 3138 3),

645 3158 720 3219 Ut
767 3166 1150 3238 cognoscant
1183 3168 1240 3218 te
1272 3156 1475 3219 solum
1501 3175 1717 3220 verum
1753 3161 1974 3223 Deum.

724 3263 937 3324 XXX.
989 3264 1081 3322 En
1125 3277 1259 3340 quo
1301 3261 1558 3323 tandem
1611 3261 1743 3322 abit
1810 3272 2270 3341 argumentum
2315 3279 2349 3324 a
2389 3257 2724 3323 Photianis
2769 3259 2932 3323 adeo
2980 3260 3386 3325 decantatum
3433 3277 3450 3317 :
3497 3275 3534 3322 a
3574 3259 3924 3329 Photianis,

645 3367 938 3446 inquam,
986 3367 1100 3447 qui
1143 3376 1207 3430 et
1259 3368 1481 3430 tritum
1512 3367 1675 3430 illud
1716 3375 1778 3430 et
1832 3385 1944 3446 per
1976 3386 2122 3431 sese
2174 3365 2772 3430 luculentissimum
2801 3365 3101 3445 ignorare
3145 3366 3451 3429 videntur
3501 3387 3516 3428 :
3559 3364 3687 3441 Qui
3737 3383 3927 3426 unum

643 3469 899 3541 asserit,
929 3467 1108 3528 aliud
1152 3485 1281 3527 non
1327 3475 1539 3546 negat,
1593 3467 1721 3529 nisi
1790 3469 1847 3529 ei
1897 3465 2063 3546 quod
2110 3466 2341 3526 asserit
2388 3473 2722 3545 repugnet.
2772 3468 2928 3528 Nam
2977 3465 3419 3543 probaruntne
3461 3481 3778 3546 unquam,
3830 3470 3927 3528 aut

647 3569 1003 3646 aliquando
1041 3567 1371 3646 probaturi
1408 3575 1584 3640 sunt,
1622 3567 1820 3630 ullam
1853 3566 1922 3629 in
1962 3583 2041 3629 eo
2066 3583 2210 3629 esse
2244 3567 2768 3645 repugnantiam,
2805 3565 2981 3644 quod
3029 3565 3240 3628 Filius
3283 3583 3412 3629 una
3448 3585 3595 3628 cum
3625 3569 3810 3631 Patre
3851 3564 3926 3626 sit

651 3673 1043 3751 principium
1089 3672 1372 3751 Spiritus
1411 3671 1658 3733 sancti?
1717 3671 1888 3745 Quid
1941 3667 2159 3732 enim?
2190 3670 2375 3731 Anne
2414 3668 2667 3748 aliquid
2741 3668 3020 3743 virtutis,
3052 3687 3199 3749 qua;
3241 3670 3400 3732 insit
3451 3671 3646 3747 Patri,
3705 3673 3922 3735 deesse

646 3775 820 3837 Filio
859 3773 1216 3852 putandum
1252 3772 1420 3834 erit?
1455 3773 1564 3833 Vel
1605 3773 1837 3834 rationi
1875 3770 2024 3832 Filii
2066 3777 2384 3848 repugnat
2417 3771 2778 3848 producere
2841 3769 3032 3833 aliam
3066 3787 3100 3832 a
3134 3771 3352 3848 seipse
3396 3777 3792 3850 personam?
3822 3773 3916 3835 Vel

649 3882 908 3942 demum
941 3879 1116 3958 quod
1164 3877 1354 3939 habet
1390 3877 1812 3955 principium,
1847 3873 2080 3953 nequit
2118 3891 2267 3936 esse
2317 3874 2713 3953 principium
2759 3872 3068 3936 alterius?
3112 3873 3284 3935 Nihil
3336 3873 3568 3936 horum
3621 3875 3922 3952 profecto.

647 3983 776 4043 Cur
809 3980 1009 4057 igitur
1039 3989 1302 4040 ovantes
1334 3977 1497 4040 adeo
1549 3983 2001 4056 argumentum
2034 3974 2211 4037 istud
2245 3975 2604 4037 obtrudunt
2643 3997 2657 4036 :
2697 3975 3115 4053 Evangelium
3145 3975 3387 4038 Christi
3423 3993 3529 4036 ore
3551 3975 3728 4036 clare
3757 3976 3923 4036 docet

646 4080 882 4158 ﬁdeles,
913 4080 1229 4156 Spiritum
1269 4087 1556 4140 sanctum
1587 4095 1627 4137 a
1658 4077 1845 4137 Patre
1872 4075 2250 4154 procedere;
2281 4085 2347 4138 at
2393 4078 2523 4154 ipsi
2555 4076 2766 4155 angeli
2832 4075 3238 4138 tenebrarum
3271 4076 3531 4157 (Latini)
3554 4077 3922 4154 prtcdicant,

651 4179 836 4239 etiam
863 4195 903 4236 a
935 4176 1106 4238 Fit-io
1134 4197 1156 4236 :
1187 4192 1344 4255 ergo
1386 4175 1748 4254 Evangelio
1791 4175 2107 4236 contraria
2158 4176 2415 4237 docent.
2445 4175 2534 4235 Ita
2569 4191 2724 4235 sane
2757 4182 2902 4253 post
2947 4173 3331 4235 innumeros
3385 4175 3552 4236 alios
3597 4175 3926 4254 Eugenius

650 4278 722 4340 in
754 4280 946 4341 citato
981 4279 1230 4355 libello,
1262 4279 1448 4359 cujus
1479 4281 1692 4342 Graeca
1727 4280 1917 4341 verba
1954 4287 2104 4340 sunt
2138 4278 2247 4339 haec

2353 4286 2426 4340 Τὸ
2461 4285 2800 4354 Εὑαγγέλιον
2827 4284 2917 4338 διὰ
2952 4284 3225 4356 στόματος
3258 4284 3354 4339 τοῦ
3375 4285 3624 4358 Χριστοῦ
3645 4285 3927 4356 εὐαγγελί-

630 4385 804 4449 {erat
846 4386 927 4448 εἰς
963 4385 1094 4448 τοὺς
1147 4385 1377 4448 πιστοὺς
1422 4385 1636 4455 φανερὰ
1683 4383 1768 4438 ὅτι
1835 4382 2068 4454 Πνεῦμα
2127 4383 2282 4456 παρὰ
2331 4382 2544 4452 Πατρδς
2584 4379 2972 4451 ἐκπορεύεται,
3009 4383 3107 4436 καὶ
3141 4381 3292 4436 αὐτοὶ
3351 4383 3400 4436 οἱ
3435 4382 3660 4451 ἄγγελοι
3714 4384 3928 4442 σκότους

649 4481 1122 4560 εὖαγγελίζονται,
1151 4493 1246 4544 καὶ
1283 4492 1350 4545 ὲκ
1373 4489 1468 4544 τοῦ
1503 4489 1655 4544 Υῑοῦ.
1701 4481 1756 4543 Ο
1799 4479 2162 4558 praeclaram
2221 4497 2246 4542 s

2326 4477 2614 4543 talarchm
2645 4477 2888 4540 Montis
2941 4485 3270 4556 Ἀγιονύμου
3313 4477 3760 4541 ratiocinatioi
3807 4478 3923 4547 Sic,

651 4585 846 4646 cine‘t
895 4582 1194 4644 Procedit
1237 4601 1278 4642 a
1317 4583 1552 4649 Patre;
1601 4599 1734 4642 non
1767 4581 1972 4661 igitur
2027 4599 2066 4639 a
2110 4579 2283 4642 Filio
2331 4599 2352 4638 :
2402 4595 2548 4641 cum
2599 4577 2820 4658 potius
2879 4578 3235 4640 dicendum
3278 4579 3443 4640 foret
3483 4596 3497 4639 :
3547 4577 3848 4639 Procedit
3893 4594 3927 4633 a

653 4684 870 4760 Patre,
905 4703 1052 4764 ergo
1087 4695 1144 4746 et
1181 4704 1217 4744 a
1244 4683 1443 4758 Filio,
1477 4682 1562 4746 ob
1617 4683 1931 4744 iudicatas
1987 4681 2299 4744 rationes.
2355 4681 2477 4742 Sed
2524 4688 2588 4743 et
2632 4680 2775 4758 ipse
2815 4679 3339 4761 'l‘heOphylactus
3390 4680 3554 4742 male
3583 4679 3768 4740 famae
3801 4695 3924 4740 suae

655 4785 962 4858 consulit,
1002 4785 1157 4846 dum
1211 4781 1588 4860 prdidiotum
1638 4789 2099 4860 argumentum
2141 4777 2492 4857 simplicem
2534 4788 2719 4841 vocat
2761 4779 3231 4859 absolutamque
3263 4782 3573 4842 rationem
3605 4777 3716 4859 (b),
3749 4777 3920 4842 addi-

654 4887 906 4966 ditque,
942 4885 1143 4948 alium
1179 4882 1366 4945 nobis
1405 4899 1552 4944 esse
1583 4883 2006 4964 quaerendum
2039 4883 2371 4952 doctorem
2406 4889 2636 4962 praeter
2655 4901 2852 4944 unum
2877 4884 3254 4962 magistrum
3272 4893 3563 4944 nostrum
3589 4885 3918 4967 Christum,

655 4993 710 5054 si
745 4991 901 5054 huic
939 4986 1224 5068 dogmati
1267 4985 1594 5050 adhaerere
1644 4987 1950 5050 velimus.
1986 4989 2066 5050 At
2117 5000 2297 5061 vero,
2352 4985 2407 5046 si
2455 4985 2750 5048 Christus
2791 4985 3030 5048 aiendo
3077 5005 3092 5044 :
3143 4986 3254 5065 qui
3307 5003 3345 5044 a
3393 4981 3583 5046 Patre
3614 4982 3917 5066 procedit,

658 5093 848 5156 nobis
882 5092 1257 5154 nullatenus
1294 5087 1695 5164 adversatur,
1730 5090 1937 5151 multo
1970 5089 2188 5151 minus
2219 5089 2530 5152 censendi
2563 5097 2718 5151 sunt
2745 5087 2936 5150 nobis
2967 5089 3269 5150 contrarii
3297 5106 3438 5151 esse
3465 5088 3835 5168 quicunque
3852 5100 3920 5146 ex

654 5191 894 5257 Graecis
931 5187 1224 5251 Patribus
1281 5189 1520 5252 docent
1580 5188 2017 5266 solummodo,
2065 5189 2513 5270 afﬁrmantque
2555 5189 2868 5268 Spiritum
2913 5197 3205 5252 sanctum
3249 5209 3288 5248 a
3337 5190 3527 5250 Patre
3570 5187 3921 5268 procedere.

657 5293 820 5354 Cum
856 5289 1054 5370 igitur
1082 5290 1453 5352 Graecorum
1498 5306 1688 5352 nemo
1737 5289 2063 5353 inﬁcietur
2107 5291 2412 5354 eumdem
2460 5298 2522 5352 et
2567 5306 2599 5352 a
2635 5290 2808 5352 Filio
2855 5293 3230 5370 procedere,
3268 5291 3562 5355 nonnulli
3599 5299 3809 5354 autem
3847 5304 3922 5346 cx

658 5393 795 5456 illis
841 5412 968 5457 una
1000 5411 1146 5457 cum
1192 5393 1435 5456 Latinis
1475 5393 1784 5454 omnibus
1840 5392 2187 5466 amrment,
2235 5391 2521 5471 profecto
2573 5391 2734 5452 illud
2793 5409 3028 5472 negare
3084 5392 3407 5472 praefracte
3460 5393 3649 5467 velle,
3700 5392 3825 5452 imo
3865 5395 3920 5448 et

663 5494 982 5557 haereseos
1030 5511 1146 5556 nos
1197 5495 1631 5556 condemnare
1679 5496 1835 5573 quia
1878 5495 1944 5557 id
1993 5493 2377 5567 asserimus,
2419 5511 2522 5553 res
2570 5491 2827 5554 illorum
2877 5505 2967 5556 est
3015 5496 3234 5573 [verba
3283 5512 3512 5574 regero
3557 5512 3700 5573 qum
3743 5491 3918 5554 habet

665 5599 1180 5681 TheOphylactus
1215 5599 1320 5682 (c)]
1342 5601 1451 5678 qui
1481 5600 1719 5681 spiritu
1752 5602 1992 5664 erroris
2028 5600 2204 5681 pleni
2232 5607 2406 5661 sunt.

734 5808 818 5946 ((3'))
853 5807 1138 5934 Rimini.“
1511 5839 1517 5852 ’
2427 5807 2496 5881 (ε)
2532 5805 2756 5863 Ibidem.
