4044 6468
229 398 345 464 453
1135 398 1221 462 IN
1261 399 2317 493 SEQUENTIAJHEOPHYLACTI
2369 405 2708 473 SCRIPTA.
3426 413 3534 480 454

321 504 583 576 XXXI.
616 512 741 576 Sed
783 511 914 593 jam
979 528 1097 592 age
1145 514 1547 594 proferamus
1606 514 1672 576 in
1724 514 2016 576 medium
2076 516 2359 595 Graecos,
2417 535 2662 600 eosque
2714 521 3046 604 probatos,
3100 525 3229 589 imo
3274 532 3338 590 et
3376 545 3536 608 pro-

231 617 598 680 batissimos
631 616 874 691 Patres,
908 615 1022 695 qui
1057 616 1399 678 nobiscum
1437 617 1506 678 in
1542 615 1662 678 hoc
1688 614 1987 694 dogmate
2021 618 2347 694 sentiunt;
2389 628 2461 683 ut
2505 623 2617 702 qui
2643 623 2926 702 sapiunt,
2956 625 3108 689 inde
3142 629 3538 707 perspiciunt

227 735 432 801 quam
478 717 850 778 inconsulte
893 717 1426 798 Theophylactus
1480 733 1598 779 nos
1643 717 2009 795 provocarit
2040 718 2125 780 iis
2177 719 2393 783 verbis
2460 744 2475 783 :
2536 720 2803 786 Ostende
2850 728 3036 789 nobis
3084 727 3363 807 Patrem,
3411 739 3532 800 etc.

227 821 506 885 Probati
534 837 689 882 sane
721 837 792 882 ac
812 819 1254 900 probatissimi
1313 823 1529 882 Patres
1583 827 1736 882 sunt
1804 821 2228 899 Athanasius,
2276 823 2711 904 Epiphanius,
2762 829 3114 910 Gregorius
3168 835 3532 912 Nyssenus,

233 925 520 1008 Cyrillus
555 924 1070 998 Alexandrinus,
1109 925 1417 997 Basilius,
1456 925 1700 1005 quibus
1730 925 2071 988 addendus
2101 934 2199 989 est
2230 928 2556 1008 Didymus
2589 943 2840 994 summa
2881 934 3104 996 saltem
3143 936 3534 998 venerabilis

244 1026 651 1105 antiquitate.
699 1028 899 1088 Porro
942 1026 1098 1087 satis
1147 1034 1365 1105 aperte
1435 1028 1500 1088 hi
1558 1026 1785 1090 omnes
1842 1029 2080 1093 docent
2134 1029 2448 1109 Spiritum
2500 1044 2793 1098 sanctum
2849 1038 3205 1116 procedere
3251 1054 3285 1099 a
3336 1038 3530 1099 Filio.

239 1131 622 1210 Quanquam
674 1128 875 1203 enim,
932 1135 1002 1190 ut
1049 1130 1322 1194 candide
1386 1131 1565 1212 quod
1616 1139 1735 1206 est,
1777 1129 2002 1209 fatear,
2069 1135 2439 1196 Graecorum
2482 1154 2674 1200 nemo
2735 1139 2912 1218 prior
2968 1143 3290 1220 Symeone
3329 1145 3535 1203 Meta-

237 1237 501 1317 phraste
551 1251 706 1298 voce
765 1236 906 1313 ipsa
945 1243 1353 1315 ἐκπορεύεσθαι
1394 1238 1472 1300 ad
1521 1237 1588 1299 id
1648 1238 2149 1316 eXprimendum
2198 1246 2438 1314 utatur,
2510 1249 2720 1304 tamen
2781 1246 3088 1308 vocabula
3147 1253 3209 1309 et
3268 1245 3533 1324 phrases

232 1339 534 1420 ejusdem
579 1340 843 1403 omnino
899 1341 1138 1406 valoris
1177 1340 1514 1414 adhibent,
1551 1348 1620 1403 ut
1661 1351 1829 1421 προῖέ·

1934 1341 2336 1421 ,progredi;
2398 1352 2758 1422 προχεῖσθαι,
2805 1348 3150 1426 profundi,
3210 1367 3531 1416 emanare;

228 1447 404 1519 εἶναι,
436 1461 590 1523 esse,
627 1455 900 1527 ὑπάρχειν
942 1445 1294 1513 exsistere;
1323 1451 1565 1522 ὓπαρξιν
1614 1451 1784 1524 ἔχειν,
1819 1471 1825 1501 4

1936 1445 2252 1506 istentiam
2282 1445 2531 1518 habere,
2560 1453 2621 1509 et
2649 1447 2917 1524 similia,
2951 1451 3194 1529 quibus
3228 1459 3533 1512 aeternam

227 1549 519 1627 Spiritus
548 1550 750 1612 sancti
812 1546 1308 1627 productionem
1350 1542 1582 1606 aFilio
1638 1544 2016 1622 signiﬁcari,
2065 1560 2258 1606 nemo
2314 1544 2563 1606 inﬁcias
2617 1544 2790 1620 ierit,
2839 1548 2971 1626 qui,
3003 1548 3072 1609 in
3119 1547 3532 1610 defendendo

225 1666 459 1712 errore
520 1651 776 1729 penitus
825 1648 1203 1711 obﬁrmatus
1264 1662 1393 1709 non
1447 1645 1673 1708 fuerit.
1734 1647 1810 1708 Et

1939 1662 2018 1707 ne
2101 1644 2367 1724 phrases
2428 1647 2592 1720 εἶναι,
2647 1649 3136 1729 εεεε,’ὐπάρχειν,
3185 1650 3528 1740 exsistere;

224 1758 470 1829 ὓπαρξιν
507 1759 673 1831 ἔχειν,
733 1749 1170 1812 exsistentiam
1239 1747 1490 1822 habere,
1545 1765 1658 1826 per
1710 1763 1856 1809 sese
1902 1745 1982 1810 ad
2022 1745 2086 1808 id
2122 1748 2297 1826 quod
2349 1747 3310 1828 intendimus,signiﬁcandum
3342 1753 3532 1816 claras

227 1860 388 1914 sunt
443 1874 459 1914 :
519 1850 714 1914 verbo
782 1857 1002 1912 autem
1063 1857 1361 1928 προϊέναι,
1417 1847 1728 1927 progredi
1771 1846 1872 1910 vel
1943 1846 2267 1928 proﬂuere
2322 1848 2528 1912 utitur
2595 1849 2786 1911 etiam
2859 1851 3379 1932 Theophylactus
3448 1854 3530 1917 ad

226 1949 726 2012 substantialem
785 1949 1066 2028 Spiritus
1141 1949 1342 2010 sancti
1398 1950 1869 2027 processionem
1927 1948 2376 2025 indicandam,
2442 1949 2598 2011 dum
2667 1949 2731 2011 in
2771 1949 3174 2014 Attocutione
3223 1971 3399 2016 num.
3436 1957 3524 2016 ιν

228 2052 592 2130 ειριίοδηε,
627 2068 741 2112 cur
768 2050 1058 2130 Spiritus
1091 2049 1340 2112 Christi
1369 2050 1511 2129 ipse
1540 2050 1814 2123 dicatur,

1927 2069 2006 2120 in,
2045 2052 2284 2132 inquit,
2319 2063 2396 2128 ὡς
2431 2061 2493 2129 ἐξ
2525 2064 2738 2118 ἐκείνου
2774 2064 2987 2135 προϊὸν,
3047 2054 3218 2135 quod
3250 2075 3330 2116 ea:
3380 2058 3524 2135 ipso

224 2150 548 2233 proﬂuat;
596 2150 729 2227 sed,
771 2159 893 2213 etc.
939 2151 1066 2213 Cur
1097 2150 1316 2230 itaque
1360 2149 1900 2214 hodierni-Graeci
1928 2153 2230 2232 legentes
2271 2154 2334 2216 in
2367 2155 2508 2216 suis
2553 2156 2846 2218 Patribus
2891 2156 3202 2234 Spiritum
3231 2164 3526 2219 sanctum

226 2267 505 2337 προϊέναι,
543 2257 894 2338 proﬂuere,
927 2275 1044 2320 seu
1070 2257 1385 2338 progredi
1416 2275 1497 2318 ex
1524 2257 1721 2332 Filio,
1763 2257 1826 2326 id
1860 2259 1938 2321 ad
1975 2265 2457 2337 temporaneam
2496 2259 2790 2338 ejusdem
2834 2260 3114 2338 Spiritus
3166 2261 3526 2323 missionem

226 2377 350 2422 seu
389 2358 817 2422 diﬂ‘usionem
872 2358 1284 2422 referendum
1317 2358 1777 2422 contendunt?
1824 2358 2121 2440 Profecto
2158 2360 2296 2439 pari
2353 2361 2604 2423 ratione
2654 2368 2716 2423 et
2765 2360 2930 2424 illud
2964 2360 3207 2423 Christi
3262 2363 3525 2426 Domini

223 2477 286 2541 ὃς
315 2477 472 2544 παρὰ
499 2474 719 2547 Πατρδς
749 2473 1138 2545 ίκπορεύεται,
1170 2465 1282 2544 qui
1311 2482 1391 2525 ea:
1423 2464 1613 2526 Patre
1644 2482 1820 2544 praet

1930 2485 1956 2539 π,
1986 2471 2200 2543 posset
2229 2465 2379 2546 quis
2411 2465 2490 2528 de
2519 2473 2932 2544 temporanea
2970 2466 3284 2529 missione
3316 2467 3527 2547 expli-

224 2586 415 2642 care;
451 2567 746 2646 adeoque
773 2575 1077 2629 mternam
1109 2566 1250 2646 ejus
1283 2565 1474 2628 etiam
1510 2582 1546 2628 a
1592 2567 1777 2627 Patre
1827 2566 2317 2644 productionem
2366 2584 2485 2629 seu
2538 2566 3023 2645 processionem
3062 2567 3362 2628 inﬁciari.
3398 2568 3523 2630 Sed

220 2677 350 2755 jam
387 2673 527 2752 ipsa
557 2675 814 2734 Patrum
847 2673 1216 2734 Graecorum
1264 2669 1634 2733 testimonia
1669 2670 1753 2731 ob
1798 2671 2023 2733 oculos
2061 2671 2354 2748 ponenda
2388 2678 2562 2732 sunt.

305 2779 584 2840 XXXII.
631 2775 842 2855 Igitur
882 2776 940 2837 1.
991 2775 1052 2837 S.
1112 2773 1544 2863 Epiphanius,
1578 2781 1666 2836 ut
1723 2773 1801 2836 ab
1857 2773 1938 2834 iis
1986 2774 2097 2854 qui
2149 2774 2391 2837 clarius
2438 2793 2583 2836 sese
2627 2777 3027 2855 eXprimunt,
3080 2775 3410 2856 incipiam,
3454 2779 3522 2840 in

226 2885 572 2955 Ant-orato,
604 2900 669 2944 n.
706 2883 787 2943 6⁷1
817 2898 831 2942 ;
873 2889 1131 2960 Χριστὸς,
1165 2877 1270 2953 ait,
1302 2889 1367 2942 ἐκ
1391 2887 1486 2941 τοῦ
1523 2887 1738 2960 Harpe;
1767 2905 1823 2940 πί

1922 2887 2085 2941 ,ὕεται
2107 2888 2238 2952 Θεὸς
2269 2889 2334 2942 ὲκ
2363 2887 2522 2956 Θεοῦ,
2551 2891 2645 2943 καὶ
2675 2889 2735 2942 τὸ
2769 2881 2994 2958 Πνεῦμα
3021 2891 3086 2942 ἐκ
3111 2888 3204 2943 τοῦ
3254 2888 3519 2978 Χριστοῦ.

223 2991 259 3062 ἢ
296 2993 426 3062 παρ’
477 2989 833 3061 ἀμφοτέρων,
897 2981 1192 3044 Christus
1240 2997 1318 3040 ea:
1366 2979 1559 3040 Patre
1608 2976 1820 3041 credit:

1951 2997 2078 3040 esse
2137 2981 2301 3040 Deus
2354 2979 2428 3040 de
2467 2981 2622 3054 Deo,
2680 2990 2739 3043 et
2797 2983 3083 3061 Spiritus
3126 2993 3384 3044 sanctus
3442 2976 3523 3046 ea:

227 3086 512 3158 Christo,
548 3085 678 3144 sive
715 3082 793 3144 ab
825 3081 1128 3144 ambobus
1163 3080 1271 3162 (α).
1309 3083 1385 3143 Et
1428 3098 1494 3144 η.
1532 3084 1605 3145 ’11
1648 3104 1662 3143 :
1697 3089 1824 3153 Θεὸς

1930 3089 1997 3144 ὶδν
2037 3089 2199 3144 καλεῖ
2224 3089 2316 3144 τὸν
2349 3088 2409 3157 ἐξ
2439 3089 2631 3157 αὐτοῦ,
2663 3091 2726 3145 τὺ
2745 3090 2802 3144 δὲ
2831 3093 2988 3160 ἅγιον
3027 3092 3254 3162 Πνεῦμα
3299 3092 3361 3145 τὸ
3391 3106 3527 3168 παρ’

227 3198 577 3269 ἀμφοτέρων.
623 3187 694 3248 Et
725 3185 997 3266 praeced.
1030 3201 1098 3248 n.
1135 3185 1176 3246 8
1206 3183 1293 3246 ait
1326 3183 1638 3263 Spiritum
1669 3201 1823 3246 sane

1921 3197 1963 3245 Il
1994 3201 2136 3246 esse
2181 3195 2238 3248 ὲν
2297 3194 2450 3266 μέσῳ
2500 3194 2722 3266 Πατρδς
2782 3196 2876 3249 καὶ
2904 3195 3144 3263 Υίοῦ,ὲκ
3175 3197 3389 3268 Πατρδς
3420 3199 3518 3252 καὶ

222 3303 384 3369 Υίοῦ,
414 3303 604 3374 τρίτον
633 3301 699 3370 τῇ
740 3297 1034 3370 ὀνομασίᾳ,
1067 3290 1138 3350 in
1160 3287 1360 3350 medio
1389 3289 1604 3351 Patris
1640 3296 1696 3350 et
1729 3289 1819 3350 Fit

1949 3308 2026 3351 ea:
2055 3289 2250 3351 Patre
2298 3300 2357 3351 et
2406 3291 2603 3365 Filio,
2641 3293 2906 3354 tertium
2953 3292 3410 3372 appellatione.
3444 3297 3520 3356 Et

221 3419 289 3464 η.
321 3399 753 3478 praecedente,
787 3412 932 3457 esse
975 3406 1041 3457 ὲκ
1072 3403 1172 3474 τῆς
1202 3403 1376 3474 αὐτῆς
1408 3403 1600 3466 οὐσίας
1637 3402 1790 3474 παρὰ

1926 3403 2043 3475 πρὸς
2071 3404 2166 3458 καὶ
2213 3403 2346 3458 Υἱοῦ
2393 3401 2623 3474 Πνεῦμα
2663 3403 2841 3473 ἅγιον,
2883 3413 2965 3455 ea:
2993 3395 3137 3473 ipsa
3157 3393 3523 3458 substantia

220 3507 442 3568 Patris
492 3511 552 3564 et
597 3501 760 3564 Filii
786 3501 1105 3580 Spiritum
1141 3509 1453 3561 sanctum.
1488 3500 1562 3560 Et
1594 3500 1817 3563 hmresi

1923 3501 1978 3576 ἢ,
2019 3519 2085 3563 n.
2119 3501 2181 3574 8,
2224 3493 2367 3565 εἶναι
2404 3511 2520 3581 φῶς
2555 3509 2740 3581 τρίτον
2775 3509 2929 3578 παρὰ
2975 3509 3188 3579 Πατρὸς
3235 3511 3330 3563 καὶ
3362 3509 3520 3576 Υἱοῦ,

222 3627 352 3670 esse
384 3607 594 3667 lumen
625 3604 884 3664 tertium
913 3619 952 3660 a
986 3601 1172 3661 Patre
1220 3609 1280 3661 et
1311 3601 1508 3662 Filio.
1546 3601 1701 3662 Esse
1746 3609 1819 3663 et;

1923 3619 1941 3662 l
1985 3611 2140 3682 παρὰ
2195 3611 2412 3684 Πατρδς
2461 3613 2558 3666 καὶ
2601 3610 2755 3675 Υίοῦ,
2800 3621 2838 3660 a
2868 3599 3062 3661 Patre
3095 3609 3148 3660 et
3180 3600 3378 3675 Filio,
3421 3602 3520 3663 bis

225 3713 462 3792 repetit
513 3727 581 3772 η.
631 3709 690 3770 9.
745 3710 818 3772 Et
857 3713 1046 3767 antea
1098 3705 1344 3766 ibidem
1390 3722 1456 3767 n.
1505 3709 1543 3767 '7
1587 3707 1822 3766 dixerat

1924 3723 2058 3768 esse
2111 3715 2175 3768 τὸ
2198 3715 2354 3784 ἅγιον
2387 3715 2615 3785 Πνεῦμα
2643 3715 2776 3784 παρ’
2799 3711 3155 3784 ἀμφοτέρων,
3201 3705 3521 3780 Spiritum

223 3822 512 3876 sanctum
545 3809 621 3871 ab
659 3806 981 3869 ambobus.
1017 3806 1267 3868 Similia
1293 3805 1482 3868 habet
1513 3825 1574 3868 n.
1614 3809 1710 3880 10,
1746 3814 1809 3870 et
1845 3805 2074 3867 haeresi
2113 3808 2213 3880 62,
2256 3825 2321 3869 n.
2357 3806 2418 3868 lt.
2455 3809 2531 3868 Ut
2568 3805 2839 3884 proinde
2873 3819 3065 3864 nemo
3116 3801 3389 3863 fortasse
3439 3821 3521 3865 ex

235 3913 479 3976 Latinis
518 3911 806 3973 Patribus
856 3915 964 3969 aut
999 3907 1238 3969 clarius
1269 3919 1380 3970 aut
1413 3905 1826 3986 frequentius
1869 3905 1990 3968 hac
2021 3905 2101 3967 de
2135 3924 2201 3968 re
2235 3905 2492 3967 loculus
2523 3903 2746 3966 fuerit.

315 4013 378 4075 2.
425 4016 488 4074 S.
535 4011 880 4091 Gregorius
937 4011 1272 4087 Nyssenus
1316 4011 1440 4076 lib.
1492 4029 1512 4069 ι
1577 4009 1819 4071 Contra
1897 4009 2280 4070 Eunomium
2338 4009 2469 4069 duo
2515 4003 2870 4085 praesertim
2933 4001 3056 4074 ait,
3127 4019 3210 4064 ex
3278 4001 3520 4081 quibus

225 4115 732 4181 ineluctabiliter
766 4117 1088 4197 sequitur,
1126 4115 1440 4194 Spiritum
1477 4122 1767 4175 sanctum
1801 4129 1838 4176 a
1868 4112 2042 4175 Filio
2075 4115 2451 4192 procedere.
2499 4111 2784 4173 Primum
2837 4114 2958 4179 est,
3010 4107 3244 4168 Filium
3287 4105 3519 4167 habere

224 4224 544 4284 rationem
589 4239 792 4281 causae
841 4237 958 4281 seu
985 4219 1308 4300 principii
1356 4221 1551 4280 relate
1594 4218 1672 4280 ad
1715 4217 2029 4297 Spiritum
2081 4224 2397 4290 sanctum,
2454 4223 2514 4277 et
2570 4214 2686 4276 hac
2716 4213 2852 4275 sola
2887 4212 3134 4274 ratione
3190 4211 3312 4290 ipsi
3351 4228 3519 4291 prae-

225 4319 536 4400 intelligi,
570 4318 1121 4398 quemadmodum
1173 4335 1244 4379 se
1295 4316 1485 4380 habet
1537 4319 1723 4378 Pater
1781 4321 2082 4395 respectu
2123 4314 2296 4377 Filii.
2340 4315 2548 4377 Verba
2602 4313 2744 4392 ejus
2795 4319 2947 4374 sunt
2999 4334 3014 4373 :
3062 4321 3150 4381 Ὠς
3188 4323 3524 4375 συνάπτεται

226 4424 405 4493 Ilath
430 4423 459 4473 ὁ
483 4421 629 4484 Υἱὸς,
664 4421 760 4474 καὶ
785 4419 847 4472 τὸ
892 4420 950 4484 ἐξ
969 4417 1138 4474 αὑτοῦ
1166 4414 1310 4472 εἶναι
1340 4419 1482 4490 ἔχων
1507 4420 1609 4472 οὐκ
1646 4416 1925 4489 ὑστερίζει
1963 4416 2106 4470 κατὰ
2127 4415 2226 4488 τὴν
2268 4414 2534 4487 ὓπαρξιν
2563 4413 2707 4469 οὕτω
2740 4413 2906 4467 πάλιν
2928 4412 3141 4466 καὶτοῦ
3174 4410 3523 4479 Μονογενοῦς

223 4514 410 4586 ἔχεται
455 4515 517 4566 τὸ
563 4511 789 4581 Πνεῦμα
820 4510 882 4564 τὺ
926 4509 1106 4580 ἄτιον,
1141 4511 1359 4582 ἐπινοίᾳ,
1395 4511 1538 4582 μόνῃ
1583 4509 1727 4564 κατὰ
1760 4507 1852 4562 τὸν
1880 4506 1985 4578 τῆς
2004 4505 2182 4571 αἰτίας
2215 4506 2375 4575 λόγον
2404 4504 2899 4577 προθεωρουμένου
2927 4505 3029 4572 τῆς
3067 4501 3162 4554 τοῦ
3193 4501 3522 4572 Πνεύματος

225 4622 609 4683 ὑποστάσεως,
638 4606 1170 4684 Quemadmodum
1194 4608 1382 4669 Patri
1413 4607 1754 4685 copulatur
1783 4606 2017 4679 Filius,
2054 4613 2113 4665 et
2171 4622 2252 4663 ea:
2301 4603 2438 4682 ipso
2492 4601 2720 4664 habens
2774 4616 2923 4670 esse,
2954 4595 3280 4676 posterior
3319 4604 3522 4654 tamen

225 4717 603 4784 exsistentia
643 4732 771 4774 non
809 4721 932 4780 est;
961 4713 1054 4774 sic
1083 4730 1313 4773 rursus
1342 4712 1628 4790 Spiritus
1672 4719 1930 4770 sanctus
1974 4708 2268 4789 proxime
2301 4707 2489 4767 lueret
2528 4701 2885 4780 Unigenito,
2924 4697 3034 4777 qui
3071 4695 3211 4756 sola
3233 4692 3523 4755 conside-

221 4826 479 4889 ratione
509 4817 852 4881 secundum
884 4818 1198 4878 rationem
1229 4835 1432 4878 causae
1471 4815 1612 4900 (seu
1639 4813 2017 4895 principii),
2046 4808 2574 4892 praeintetligitur
2619 4819 2910 4886 persona:
2963 4801 3252 4880 Spiritus
3291 4799 3519 4862 sancti.

232 4935 341 4993 Est
375 4928 576 5008 igitur
617 4924 825 4989 Filius
865 4928 1047 4989 αίτία.
1091 4939 1304 4991 causa,
1339 4937 1455 4981 seu
1509 4916 1902 4999 principium
1927 4915 2210 4995 Spiritus
2242 4911 2483 4986 sancti;
2519 4905 2849 4989 igiturhic
2899 4903 2979 4965 ab
3033 4901 3146 4962 illo
3203 4900 3520 4979 procedit.

227 5034 492 5096 Dictum
528 5029 802 5092 alterum
839 5024 1118 5107 Nysseni
1153 5030 1275 5097 est,
1315 5030 1422 5085 Τοῦ
1451 5030 1614 5100 λόγου
1645 5030 1742 5100 τῆς
1769 5027 1824 5080 at

1928 5044 1950 5091 ς
1982 5024 2431 5098 ὑπεξῃρημένου,
2476 5020 2533 5072 ὲν
2566 5017 2761 5090 μηδενὶ⁵
2791 5014 2894 5083 τὴν
2937 5012 3103 5081 ἁγίαν
3135 5010 3342 5082 Τριάδα
3384 5009 3525 5079 πρὸς

225 5143 434 5214 ἑαυτὴν
498 5141 852 5211 ἀσυμφώνως
901 5105 1081 5209 ἒχειν,
1120 5127 1462 5189 Subtracta
1496 5125 1746 5186 ratione
1775 5140 1816 5202 μ

1934 5121 2113 5200 cipii,
2146 5119 2328 5182 nulla
2362 5135 2432 5176 re
2457 5121 2739 5174 sanctam
2780 5108 3157 5169 Trinitatem
3185 5124 3224 5165 a
3270 5123 3335 5165 se
3381 5105 3525 5181 ipsa

229 5204 575 5305 dissidere;
609 5204 728 5299 hoc
763 5243 862 5297 est
913 5204 1160 5296 nullam
1213 5247 1357 5293 esse
1409 5229 1579 5291 inter
1628 5225 2056 5291 sanctissimae
2115 5220 2456 5285 Trinitatis
2507 5229 2818 5298 personas
2867 5211 3356 5274 distinctionem
3397 5204 3524 5265 nisi

227 5361 311 5406 ex
339 5344 589 5408 ratione
623 5339 950 5422 principii.
984 5339 1143 5402 Cum
1167 5336 1368 5418 igitur
1393 5336 1600 5398 Filius
1630 5342 1692 5398 et
1734 5331 2016 5414 Spiritus
2047 5337 2309 5394 sanctus
2341 5328 2472 5392 sint
2502 5326 2580 5389 ab
2611 5320 2888 5384 invicem
2927 5317 3189 5381 realiter
3209 5309 3524 5384 distincti,

303 5612 389 5686 (at
412 5611 530 5667 Non
565 5605 1146 5686 tantu_m__Epipliauiu_s
1169 5603 1367 5686 asserit
1398 5603 1663 5686 Spiritum
1703 5617 1830 5660 esse

1941 5599 2263 5686 imse‘ia'e.
2291 5593 2872 5686 surdiujﬂisss‘x
2903 5585 3528 5686 δηξεῑσξίῖἰξέτδξεῗξςξ

222 5655 542 5742 «tua;
566 5655 882 5738 “garrire?
893 5655 1468 5747 Fi?ﬁiiiein“é6iieﬁi
1479 5655 1490 5659 ⁷
1503 5655 1684 5747 sane
1700 5655 1819 5747 ﬁeri

1936 5655 2054 5747 tofi
2075 5655 2308 5747 Πατρός
2343 5655 2748 5747 ἐξᾳρτρρεύεταὶ,
2767 5655 2919 5747 uel).
2933 5655 3087 5716 Οὗτο
3095 5656 3358 5747 ςμὲκῆξςῦ

221 5725 684 5812 ﬁtﬁé't'e's'ésile}
709 5725 1820 5811 'né'J'PSIrS,“iniice,"gessis};iistua;
1931 5725 2220 5812 attonat.
2257 5725 2324 5795 Ut
2357 5725 2604 5813 Christus
2640 5725 3184 5813 asserittloangav,
3213 5725 3527 5813 26).!77‘933'

348 5798 1059 5896 ’ἒὶῖῶιῗρἕὸυρῐὲὲδῖξξ
1093 5798 1592 5896 "iiti'oque'iisdeni
1637 5798 1824 5896 verbis
1931 5798 2164 5896 attulre
2186 5811 2422 5881 procedit
2452 5825 2473 5874 ;
2502 5827 2520 5860 ι
2561 5815 2612 5861 et
2644 5807 2779 5880 (xvr,
2805 5798 2918 5877 24).
2959 5821 2978 5856 ι
3019 5799 3120 5855 Hic
3146 5798 3212 5855 de
3243 5812 3355 5855 meo
3379 5798 3530 5854 acci-

226 5885 588 5967 evaugelicis;
624 5893 831 5968 quibus
873 5905 972 5946 nos
1003 5889 1146 5944 idem
1188 5885 1523 5959 prebamus;
1556 5887 1632 5942 ita
1670 5885 1817 5943 enim
1923 5885 2052 5954 piet.
2085 5902 2106 5936 ι

1324 6193 1336 6235 (
