4044 6418
561 367 589 427 l
603 367 671 429 55
1629 347 2013 412 BONIFACII
2059 346 2158 407 ΕΠ

2221 345 2370 407 ΞΤΤΙ
2416 345 2813 408 ΡΒᾸΞΕΑΤΙΟ
3730 347 3818 412 Ᾰῦε

562 476 814 550 oportet
847 473 919 533 ut
957 469 1128 530 inter
1163 479 1274 528 eos
1303 462 1656 527 intercedat
1683 460 1844 523 ratio
1874 456 2206 539 principii,
2238 458 2554 537 adeoque,
2585 465 2652 520 ut
2683 459 2787 522 hic
2817 458 2896 521 ab
2927 456 3042 522 illo
3079 460 3406 538 procedat.
3431 458 3823 538 Principium

561 573 734 638 idem
771 575 1010 640 clarius
1048 579 1108 634 et
1143 578 1590 653 ἔμφατικοτέρως
1632 564 1931 646 proponit
1978 563 2045 624 in
2101 579 2158 641 et

2227 562 2371 624 stola
2412 563 2488 625 ad
2513 563 2843 625 Ablabium
2881 561 2979 624 his
3031 564 3353 644 prtecipue
3397 562 3670 626 verbis:
3721 571 3824 642 Τὴν

562 689 793 744 κατὰτὸ
825 687 997 744 αἴτιον
1031 687 1127 742 καὶ
1186 684 1428 739 αἱτιατὸν
1477 679 1742 749 διαφορὰν
1798 676 1900 730 οὐκ
1936 670 2258 747 ἀρνούμεθα
2299 665 2470 746 (esse
2519 666 2585 728 in
2645 666 2825 743 Deo),
2865 667 2910 744 ᾧ
2937 675 3088 747 μόνῳ
3104 672 3486 745 διακρίνεσθαι
3531 673 3596 727 τὸ
3643 673 3826 744 ἓτερον

561 790 656 846 τοῦ
693 790 883 862 ἑτέρου
913 785 1434 858 καταλαμϐάνομεν,
1467 781 1546 853 τῷ
1575 780 1638 834 τὸ
1669 779 1772 851 μὲν
1803 779 1977 832 αῐτιον
2005 774 2288 830 πιστεύειν
2317 771 2482 844 εἶναι,
2512 777 2574 830 τὸ
2603 775 2659 830 δὲ
2688 777 2753 831 ἐκ
2811 775 2906 831 τοῦ
2959 775 3161 843 αἰτίου,
3226 767 3670 829 Diversitatem
3737 785 3825 828 se-

492 902 510 911 ‘
567 887 836 950 cundum
864 885 1172 947 rationem
1201 897 1401 942 causa:
1433 887 1489 938 et
1512 876 1758 938 causati
1791 873 1937 956 (seu
1951 871 2132 952 juxta
2176 873 2485 934 rationem
2521 869 2850 951 principii)
2873 880 2930 933 et
2960 873 3089 953 ejus
3113 868 3281 951 quod
3311 877 3398 930 est
3433 888 3473 929 a
3505 870 3831 948 principio

568 989 657 1067 (in
693 985 850 1066 Deo)
910 1003 1038 1045 non
1065 998 1363 1061 negamus
1397 1000 1418 1039 :
1441 996 1562 1058 quo
1591 976 1723 1037 solo
1747 975 2009 1034 alterum
2033 971 2108 1032 ab
2139 971 2339 1032 altero
2370 972 2611 1032 secerni
2655 969 3228 1051 comprehendimus
3251 1011 3268 1042 ,
3301 976 3608 1046 quatenus
3644 985 3832 1065 unum

567 1065 1256 1171 quidemprincipium
1309 1101 1437 1144 esse
1489 1065 1834 1152 credimus,
1881 1075 2152 1137 alterum
2221 1094 2301 1138 ea:
2340 1075 2706 1155 'principio.
2749 1076 2907 1149 Quae
2953 1091 3100 1137 cum
3159 1073 3246 1136 ait
3280 1075 3642 1152 Nyssenus,
3688 1072 3834 1152 quis

570 1195 761 1268 neget
811 1203 962 1249 eum
1005 1183 1362 1248 credidisse
1398 1181 1708 1260 Spiritum
1762 1185 2054 1240 sanctum
2109 1192 2252 1238 esse
2300 1174 2528 1238 aFilio
2558 1183 2856 1257 tanquam
2908 1185 2974 1239 ὲκ
2998 1181 3092 1239 τοῦ
3139 1182 3340 1252 αἰτίου,
3390 1191 3539 1236 cum
3570 1173 3650 1237 ab
3691 1173 3833 1255 ipso

568 1285 887 1366 distingui
921 1301 1048 1348 non
1082 1285 1511 1348 dubitaverit?
2633 1329 2641 1336 .

647 1393 708 1454 3.
752 1391 1093 1470 Didymus,
1126 1389 1295 1450 libro
1328 1407 1372 1448 ιι
1427 1387 1511 1446 De
1563 1384 1817 1464 Spiritu
1865 1388 2082 1439 sancto
2125 1374 2448 1439 Christum
2495 1375 2808 1438 rationem
2852 1375 3230 1438 efferentem
3283 1372 3558 1446 inducit,
3610 1388 3730 1433 cur
3758 1369 3834 1432 de

570 1491 818 1572 spiritu
850 1495 1072 1552 sancto
1105 1488 1342 1550 dixerit
1372 1489 1557 1550 Joan,
1599 1503 1706 1547 ιγι
1737 1527 1753 1555 ,
1781 1482 1855 1542 1’3
1883 1501 1898 1537 :
1928 1479 2073 1543 Non
2127 1476 2287 1538 enim
2339 1473 2630 1556 loquetur
2655 1495 2694 1536 a
2730 1475 3056 1557 semetipso
3076 1473 3179 1536 his
3216 1473 3428 1535 verbis
3460 1495 3474 1534 :
3505 1471 3672 1548 Quia
3713 1481 3854 1532 non

479 1667 486 1672 _
573 1617 653 1660 ex
685 1616 772 1671 se,
831 1594 940 1656 sed
991 1613 1071 1655 ex
1114 1593 1305 1654 Patre
1353 1600 1410 1654 et
1441 1611 1531 1652 me
1582 1599 1702 1658 est;
1761 1590 1878 1651 hoc
1931 1583 2091 1646 enim
2154 1580 2359 1658 ipsum
2390 1579 2556 1660 quod
2604 1579 2916 1654 subsistit,
2955 1598 3034 1642 ex
3085 1579 3278 1642 Patre
3324 1587 3383 1641 et
3432 1595 3525 1638 me
3574 1575 3679 1638 illi
3720 1585 3833 1636 est.

575 1697 945 1761 Clarissima
987 1712 1139 1758 vero
1177 1692 1575 1766 suntverba,
1625 1710 1770 1771 quae
1812 1690 2053 1752 ibidem
2086 1685 2308 1765 paucis
2366 1685 2792 1764 interpositis,
2827 1684 3017 1746 habet
3060 1706 3076 1747 :
3111 1683 3320 1764 Neque
3348 1681 3500 1764 quid
3535 1681 3716 1744 aliud
3753 1689 3840 1742 est

575 1803 786 1863 Filius
821 1801 1105 1878 exceptis
1142 1799 1223 1859 iis
1273 1814 1406 1876 quae
1447 1797 1503 1855 ei
1533 1793 1770 1855 dantur
1813 1811 1852 1851 a
1896 1791 2086 1852 Patre
2119 1810 2138 1857 ;
2167 1786 2260 1848 sic
2304 1805 2497 1867 neque
2544 1786 2675 1850 alia
2720 1787 3076 1848 substantia
3117 1796 3205 1846 est
3250 1785 3536 1865 Spiritus
3583 1792 3837 1845 sanctus

572 1910 808 1980 praeter
841 1900 908 1960 id
939 1896 1105 1980 quod
1137 1897 1328 1958 datur
1359 1896 1417 1956 ei
1451 1914 1489 1953 a
1515 1893 1712 1954 Filio.
1757 1893 1961 1973 igitur
1994 1887 2270 1970 Spiritus
2301 1894 2559 1950 sanctus
2601 1887 2834 1967 accipit
2868 1886 3292 1950 substantiam
3341 1903 3376 1949 a
3410 1885 3576 1949 Filio
3623 1905 3639 1947 :
3687 1899 3838 1965 ergo

577 2004 656 2067 ab
701 2019 777 2065 eo
832 1999 1351 2064 substantialiter
1404 1998 1718 2077 procedit.

658 2129 718 2189 ιι.
755 2125 1036 2205 Cyrillus
1095 2123 1598 2197 Alexandrinus,
1634 2122 1748 2187 lib.
1781 2141 1826 2197 ι,
1868 2123 1951 2182 De
1979 2119 2255 2194 adorat,

2236 2161 2258 2194 ,
2292 2119 2448 2173 Ἔστι
2466 2119 2561 2174 τοῦ
2588 2116 2748 2189 Θεοῦ,
2773 2119 2895 2193 ait,
2936 2119 3032 2173 καὶ
3055 2119 3291 2191 Πατρδς,
3332 2119 3427 2175 καὶ
3463 2119 3571 2191 μὴν
3600 2117 3701 2173 καὶ
3744 2118 3830 2172 τοῦ

579 2231 711 2287 Υἱοῦ
732 2232 792 2284 τὸ
820 2229 1096 2292 οὐσιωδῶς
1134 2229 1196 2293 ἐξ
1222 2230 1445 2298 ἀμφοῖν,
1475 2229 1653 2283 εῐτουν
1681 2229 1746 2281 ἐκ
1784 2225 1994 2297 Πατρὸς
2021 2225 2091 2279 δι’
2133 2224 2176 2278 Υ

2235 2225 2264 2278 ῦ
2291 2223 2538 2294 Πνεῦμα,
2575 2230 2668 2283 est
2727 2241 2814 2285 ea:
2857 2225 3012 2299 Deo,
3056 2232 3116 2285 et
3156 2224 3374 2298 Patre,
3412 2234 3470 2284 et
3491 2223 3664 2285 Filio
3700 2220 3830 2295 ille,

580 2333 690 2411 qui
719 2329 1226 2390 substantiatiter
1261 2347 1341 2390 ea:
1374 2327 1694 2401 ambobus,
1735 2344 1844 2388 seu
1874 2345 1954 2388 ea:
1981 2326 2174 2388 Patre
2198 2343 2314 2406 per
2343 2325 2582 2388 Filium
2619 2323 2891 2405 proﬂuit
2912 2325 3216 2404 Spiritus.
3242 2328 3426 2388 Anne
3457 2340 3609 2387 vero
3641 2323 3838 2391 istum

580 2431 1057 2491 substantiatem
1119 2426 1395 2506 Spiritus
1453 2426 1655 2488 sancti
1715 2443 1795 2487 ex
1857 2431 2129 2504 utroque
2164 2424 2472 2505 efﬂuxum
2501 2425 2580 2488 de
2627 2428 2942 2488 donorum
2974 2427 3143 2507 ejus,
3172 2434 3364 2508 atque
3397 2425 3840 2488 charismatum

583 2533 902 2595 effusione
941 2528 1533 2606 interpretabuntur
1567 2524 1908 2588 Photiani?
1940 2527 2061 2588 Sed
2093 2525 2351 2587 ridendi
2387 2532 2564 2602 sunt,
2601 2543 2729 2589 non
2761 2526 3160 2602 confutandi,
3193 2528 3251 2589 si
3303 2543 3381 2590 eo
3414 2543 3624 2606 usque
3671 2525 3840 2588 insa-

583 2636 761 2697 niant
798 2649 811 2692 :
842 2630 1187 2710 prmsertim
1223 2643 1366 2688 cum
1403 2626 1572 2688 idem
1608 2625 1673 2686 in
1700 2625 2044 2688 Comment.
2122 2625 2192 2685 in
2217 2621 2382 2685 Joel.
2422 2641 2558 2703 cap.
2601 2642 2672 2699 ιι,
2711 2624 2864 2686 satis
2907 2625 3151 2687 indicet
3197 2626 3506 2704 Spiritum
3542 2630 3836 2688 sanctum

583 2735 810 2799 eodem
861 2732 1051 2793 modo
1081 2745 1224 2791 esse
1257 2745 1338 2789 ex
1373 2726 1540 2788 Filio
1580 2725 1774 2788 sicuti
1827 2735 1920 2787 est
1956 2727 2019 2787 in
2068 2725 2235 2802 ipso,
2277 2724 2397 2786 hoc
2434 2732 2530 2787 est
2557 2725 3068 2788 substantialiter
3097 2747 3117 2787 :
3155 2725 3447 2788 absolute
3480 2727 3657 2788 enim
3695 2725 3784 2788 ait
3820 2747 3836 2786 :

588 2836 754 2889 Ἶδιον
778 2830 944 2886 αὑτοῦ
976 2828 1151 2902 (Υἱοῦ)
1182 2845 1264 2893 τε,
1283 2827 1378 2881 καὶ
1404 2829 1459 2880 ὲν
1482 2825 1651 2897 αὐτῷ,
1689 2827 1782 2880 καὶ
1813 2825 1871 2892 ἐξ
1894 2825 2057 2880 αὐτοῦ
2084 2825 2144 2879 τὸ
2174 2826 2185 2878 l

2245 2825 2400 2897 νεῦμά
2429 2827 2566 2892 ἐστι,
2607 2826 2916 2906 proprius
2965 2834 3056 2887 est
3085 2835 3142 2887 et
3169 2827 3372 2905 ipsius
3404 2825 3630 2907 (Filii),
3677 2835 3737 2888 et
3773 2827 3842 2888 in

586 2937 750 3011 ipso,
786 2939 842 2991 et
874 2949 954 2991 ex
995 2929 1134 3008 ipso
1160 2937 1248 2987 est
1277 2928 1585 3004 Spiritus.
1614 2926 1736 2988 Sed
1771 2927 2118 3006 quomodo,
2160 2926 2530 2989 beatissime
2566 2926 2830 3006 Cyrille,
2861 2926 3140 3003 Spiritus
3195 2933 3455 2989 sanctus
3489 2935 3584 2988 est
3620 2927 3688 2989 in
3723 2927 3845 2989 Fi-

588 3029 720 3091 lio?
756 3034 1043 3101 Καθάπερ,
1083 3027 1456 3105 respondet,
1491 3025 1685 3096 ἀμέλει
1725 3027 1819 3079 καὶ
1851 3027 1936 3080 ἐπ’
1971 3027 2135 3081 αὑτοῦ
2170 3045 2185 3081 η

2250 3029 2371 3082 ςϊται
2419 3026 2513 3080 τοῦ
2547 3024 2684 3080 Θεοῦ
2717 3025 2812 3078 καὶ
2847 3025 3083 3096 Πατρός,
3106 3026 3614 3106 quemadmodum
3669 3029 3847 3090 vide-

593 3129 738 3192 licet
777 3131 845 3190 in
893 3129 1030 3207 ipso
1059 3127 1446 3204 intelligitur
1476 3125 1604 3186 Deo
1635 3143 1706 3186 ac
1762 3125 1978 3189 Patre.
2012 3128 2087 3188 Et
2120 3125 2186 3188 in
2217 3125 2642 3206 responsione
2687 3126 2764 3188 ad
2795 3126 3220 3190 Orientalium
3255 3129 3523 3208 objecta,
3549 3130 3629 3192 ad
3667 3128 3847 3190 Ana-

594 3231 1048 3294 thematismum
1110 3230 1169 3301 9,
1226 3227 1461 3301 Filius,
1514 3226 1750 3306 inquit,
1797 3227 1928 3280 ῐδιον
1989 3227 2131 3296 ἔχων
2165 3245 2191 3281 τ

2274 3227 2333 3295 ἐξ
2370 3225 2558 3290 αὐτοῦ,
2591 3226 2686 3280 καὶ
2728 3225 3007 3290 οὐσιωδῶς
3061 3227 3385 3299 ἐμπεφυκὸς
3433 3229 3583 3302 αὗτῷ
3616 3227 3847 3303 Πνεῦμα

593 3332 771 3400 ἆγιον,
802 3331 1142 3410 proprium
1169 3326 1348 3390 habet
1389 3345 1550 3401 eum,
1604 3328 1714 3406 qui
1753 3347 1832 3389 ea:
1880 3329 2016 3407 ipso
2063 3336 2175 3402 est,
2219 3337 2278 3389 et
2333 3327 2842 3389 substantialiter
2862 3329 2916 3390 ei
2950 3329 3147 3402 inest,
3186 3327 3501 3408 Spiritum
3530 3339 3844 3393 sanctum.

595 3432 739 3496 Pari
806 3431 995 3492 modo
1066 3428 1181 3490 lib.
1235 3445 1430 3488 xxxiv
1483 3428 1788 3489 Thesauri
1851 3429 1930 3490 de
1989 3429 2192 3489 eoden

2280 3427 2525 3506 Spiritu
2581 3435 2801 3490 sancto
2845 3427 2934 3490 ait
2971 3450 2986 3490 ε
3025 3427 3244 3498 Πρόεισι
3277 3428 3335 3482 δὲ
3389 3430 3454 3484 ἐκ
3495 3432 3712 3498 Πατρδς
3750 3431 3849 3485 καὶ

591 3533 749 3588 Υῑοῢ.
781 3527 1204 3609 Progreditur
1241 3535 1447 3586 autem
1481 3526 1782 3587 ex‘Patre
1817 3534 1876 3586 et
1930 3525 2141 3592 Filio;
2176 3531 2238 3587 et
2271 3541 2352 3587 ne
2385 3524 2532 3603 quis
2563 3525 2642 3586 de
2675 3525 3135 3604 progressione
3183 3526 3522 3605 temporali
3554 3527 3678 3592 hoc
3741 3529 3847 3592 in-

594 3633 861 3711 telligat,
908 3629 1128 3690 subdit
1158 3643 1304 3689 eum
1330 3626 1431 3696 τῆς
1463 3627 1615 3690 θείας
1632 3623 1770 3680 εἶναι
1800 3625 2012 3689 οὐσίας,
2043 3625 2191 3679 οὐσιο

2254 3625 2316 3689 Ii;
2345 3626 2400 3678 ὲν
2427 3625 2566 3696 αὐτῇ
2591 3625 2686 3679 καὶ
2708 3625 2769 3691 ἐξ
2796 3626 2968 3698 αὐτῆς
2994 3627 3203 3698 προῖόν,
3237 3627 3479 3688 Divina;
3508 3646 3637 3688 esse
3703 3630 3851 3694 sub-

593 3734 866 3805 stantia,
904 3737 973 3788 in
998 3728 1138 3806 ipsa
1161 3734 1218 3785 et
1242 3744 1319 3786 ea:
1345 3721 2006 3804 ipsaprogredientem
2038 3743 2058 3782 :
2089 3731 2158 3784 ut
2192 3722 2461 3802 perinde
2499 3722 2744 3802 Cyrillo
2775 3724 2858 3785 sit
2885 3741 3029 3786 esse
3091 3741 3168 3784 ex
3200 3726 3380 3786 Patre
3420 3732 3483 3787 et
3535 3725 3727 3803 Filio,
3783 3745 3854 3791 ac

596 3851 674 3894 ex
712 3828 1069 3892 substantia
1110 3827 1313 3886 Patris
1353 3833 1413 3888 et
1445 3825 1618 3887 Filii.
1650 3823 1804 3897 Quis
1836 3840 2006 3885 sana)
2041 3825 2277 3886 mentis
2312 3825 2430 3886 hoc
2487 3823 2564 3886 ad
2603 3825 3052 3904 temporariam
3105 3825 3384 3905 Spiritus
3421 3828 3620 3888 sancti
3675 3828 3849 3890 eﬁ'u-

595 3933 847 3996 sionem
901 3930 1105 3992 trahat
1135 3932 1162 3989 ?
1189 3931 1314 4006 Par
1361 3927 1513 3988 huic
1545 3933 1644 3988 est
1692 3926 1866 4006 quod
1903 3926 2129 3988 eodem
2159 3925 2192 3988 li

2259 3923 2326 3990 ΓΟ
2356 3927 2445 3988 ait
2485 3947 2499 3984 :
2552 3927 2641 3981 Ἐν
2671 3927 2822 3998 αὐτῷ
2851 3926 3118 3998 (Χριστῳ)
3153 3927 3246 3978 καὶ
3290 3924 3350 3992 ἐξ
3395 3927 3563 3982 αὐτοῦ
3603 3929 3852 3997 φυσικῶς

595 4033 838 4104 ὑπάρχον
863 4030 922 4084 τὸ
961 4028 1203 4098 Πνεῦμα,
1228 4003 1465 4106 in’ipso
1500 4003 1796 4106 (Christo)
1822 4034 1881 4087 et
1902 4044 1982 4087 ea:
2011 4028 2148 4104 ipso
2176 4047 2192 4088 ι

2265 4031 2560 4092 turaliter
2591 4030 2842 4092 exsistit
2870 4030 3154 4108 Spiritus
3180 4041 3479 4102 sanctus;
3503 4045 3564 4096 et
3594 4055 3608 4092 :
3654 4043 3857 4110 Ἀνάγ-

594 4158 665 4210 κη
708 4142 768 4194 τὸ
817 4137 1044 4208 Πνεῦμα
1076 4137 1175 4206 τῆς
1212 4136 1400 4199 οὐσίας
1435 4136 1723 4206 ὁμολογεῖν
1756 4136 1852 4190 τοῦ
1913 4134 2075 4201 Υἱοῦ,
2104 4138 2180 4201 ὡς
2208 4137 2316 4208 γὰρ
2366 4138 2424 4204 ἐξ
2456 4139 2620 4192 αὑτοῦ
2663 4140 2805 4192 κατὰ
2838 4138 3000 4206 φύσιν
3027 4139 3293 4210 ὑπάρχον,
3325 4151 3570 4195 necesse
3621 4144 3717 4195 est
3757 4137 3859 4216 [a-

597 4234 721 4296 teri
763 4233 1076 4311 Spiritum
1102 4238 1387 4289 sanctum
1416 4247 1541 4289 esse
1581 4228 1849 4310 ejusdem
1878 4249 2017 4290 cum
2039 4228 2210 4292 Filio
2246 4229 2616 4292 substantiae
2641 4252 2660 4291 :
2687 4249 2831 4291 nam
2861 4241 2932 4292 ut
2987 4249 3065 4291 ex
3091 4233 3232 4310 ipso
3262 4235 3646 4296 naturaliter
3680 4236 3860 4297 exsi-

597 4346 790 4410 stens,
825 4342 945 4395 etc.
984 4331 1062 4412 (a)
1096 4331 1345 4392 Similia
1368 4330 1552 4393 habet
1590 4331 1845 4409 dialogo
1869 4349 1914 4404 ι,
1952 4332 2042 4391 De
2059 4332 2236 4392 Trin.
2272 4333 2348 4391 Et
2378 4330 2446 4391 in
2481 4331 2820 4393 Comment.
2864 4331 2932 4391 in
2957 4331 3267 4392 Joannem
3287 4341 3395 4406 ait,
3431 4351 3582 4397 eum
3617 4352 3651 4398 a
3681 4337 3858 4399 Filio

597 4435 742 4494 κατὰ
769 4435 929 4505 φύσιν
960 4430 1304 4503 προχεῖσθαι,
1333 4431 1674 4490 secundum
1707 4441 2026 4503 naturam,
2068 4446 2184 4491 seu

2261 4430 2602 4491 aturaliter
2626 4429 2963 4511 profundi.
3017 4432 3314 4511 Denique
3348 4441 3415 4495 ut
3446 4444 3670 4499 caetera
3712 4453 3857 4517 quae

600 4541 797 4606 multa
854 4545 1029 4611 sunt,
1093 4534 1463 4597 testimonia
1497 4541 1895 4611 praeteream,
1948 4535 2458 4612 peremptorium
2516 4537 2772 4599 videtur
2814 4555 2956 4601 esse
2997 4539 3158 4602 illud
3215 4541 3389 4621 quod
3432 4542 3624 4604 habet
3667 4542 3888 4621 Com-_

599 4651 786 4704 ment.
829 4638 940 4699 lib.
972 4655 1031 4710 ι,
1065 4639 1133 4698 in
1163 4639 1490 4710 Joannem,
1529 4636 1641 4698 ubi
1677 4642 2014 4714 postquam
2048 4635 2196 4697 dixit

2264 4638 2324 4699 le
2357 4637 2600 4716 Spiritu
2635 4647 2877 4716 sancto,
2917 4642 3073 4698 Ἔστι
3099 4643 3321 4714 πνεῦμα
3343 4642 3585 4716 Χριστοῦ
3606 4641 3705 4698 καὶ
3734 4643 3861 4709 νοῦς

599 4737 790 4814 αὐτοῦ,
835 4750 923 4801 est
950 4741 1221 4820 spiritus
1245 4738 1486 4800 Christi
1509 4747 1566 4798 et
1592 4755 1758 4797 mens
1785 4738 1991 4817 ipsius
2027 4737 2197 4817 (quae
2231 4739 2327 4801 vel
2357 4739 2491 4800 sola
2526 4740 2713 4802 verba
2747 4742 2900 4804 satis
2925 4761 3070 4806 esse
3102 4745 3413 4808 deberent
3439 4747 3522 4806 ad
3552 4751 3858 4808 astruen-

601 4840 744 4902 dam
789 4843 1080 4923 ejusdem
1113 4858 1145 4902 a
1181 4840 1346 4900 Filio
1381 4839 1860 4918 processionem
1903 4862 1917 4902 :
1951 4841 2276 4920 quomodo
2314 4841 2488 4903 enim
2537 4861 2707 4903 mens
2737 4845 2869 4925 ejus
2910 4854 3030 4920 est,
3083 4846 3140 4908 si
3171 4847 3250 4908 ab
3299 4846 3443 4924 ipso
3487 4863 3618 4908 non
3668 4847 3862 4924 est?),

604 4943 791 5020 paulo
847 4953 988 5023 post
1017 4940 1289 5004 subdit:
1335 4939 1422 5006 Ὠς
1457 4940 1674 5012 πνεῦμα
1731 4940 1919 5008 αὐτοῦ,
1969 4942 2201 5014 καθάπει

2266 4942 2451 5014 Ῐιρτίως
2502 4944 2830 5016 εἰρήκαμεν,
2883 4945 2980 5000 καὶ
3033 4946 3190 5011 εἰδὼς
3232 4947 3532 5011 ἀδιδάκτως
3588 4951 3773 5004 πάντα
3797 4949 3863 5001 τὰ

603 5053 815 5125 (αὐτοῦ)
857 5054 915 5119 ἐξ
951 5045 1011 5106 οὗ
1039 5052 1131 5105 καὶ
1170 5053 1228 5104 ἐν
1256 5043 1411 5123 ᾧπέρ
1439 5051 1577 5119 ἐστι,
1600 5050 1669 5104 τὰ
1706 5050 1825 5104 Θεῖα
1852 5051 1964 5114 τοῖς
2001 5050 2176 5119 ἁγίοις

2264 5052 2600 5108 ποκαλύπτει
2628 5056 2922 5126 μυστήρια,
2955 5056 3248 5126 tanquam
3293 5047 3577 5126 Spiritus
3629 5047 3861 5127 ipsius,

601 5149 699 5209 uti
729 5147 906 5209 modo
941 5147 1314 5220 dicebamus,
1347 5158 1404 5210 et
1439 5156 1508 5208 ut
1538 5163 1940 5225 cognoscens,
1970 5149 2211 5209 nemine
2242 5148 2526 5224 docente,
2560 5149 2766 5210 omnia
2795 5168 2930 5230 qua:
2955 5159 3103 5210 sunt
3135 5151 3289 5232 ejus,
3317 5170 3394 5212 ea:
3417 5170 3536 5231 quo
3564 5162 3619 5212 et
3645 5152 3712 5213 in
3743 5164 3865 5230 quo

606 5262 719 5326 est,
748 5251 964 5312 divina
998 5251 1232 5311 sanctis
1292 5251 1589 5328 mysteria
1627 5249 1955 5328 patefacit.
1983 5249 2201 5312 Audin

2307 5250 2642 5324 Photiane,
2662 5250 2721 5316 ἐξ
2746 5245 2804 5304 οὗ
2827 5253 2917 5304 καὶ
2949 5253 3006 5305 ὲν
3031 5249 3184 5323 ᾧπέρ
3206 5256 3338 5320 ἐστι,
3367 5272 3446 5315 ex
3491 5272 3611 5334 quo
3677 5261 3735 5312 et
3801 5251 3866 5312 in

603 5373 722 5435 quo
748 5363 837 5416 est
866 5375 886 5424 ;
915 5363 975 5417 et
1016 5355 1223 5418 adhuc
1268 5352 1619 5415 sustinebis
1652 5369 1729 5414 ex
1752 5369 1828 5414 eo
1855 5344 2183 5429 non'esse,
2216 5369 2334 5416 seu
2367 5371 2492 5416 non
2539 5357 2932 5435 procedere?

683 5628 762 5699 (a)
793 5629 965 5715 Quam
1019 5629 1422 5715 rectgucxrillo‘
1457 5631 1803 5715 adversatur
1832 5633 2179 5715 Thepphyls-
2293 5634 2412 5715 τοῦ,
2465 5635 2724 5715 συγγενὲς
2774 5635 2903 5715 γαρ.
2966 5635 3191 5715 Dicitur_
3227 5632 3461 5715 Spiritus
3490 5629 3722 5715 Christi,
3765 5647 3870 5715 non

608 5707 756 5777 eius,
788 5701 923 5777 dum
949 5717 1106 5777 nunt.
1142 5699 1206 5777 lV_
1241 5699 1316 5755 ait
1351 5721 1364 5756 :
1398 5703 1632 5777 Λέγεται
1649 5703 1890 5777 ΔΠνεῦμα
1921 5699 2182 5777 Χριστοῦ,

2293 5707 2421 5773 quia
2449 5721 2514 5758 ex
2545 5699 2662 5774 ipso
2691 5699 2948 5776 pro/iuit;
2983 5709 3072 5762 sed
3103 5706 3226 5777 quia
3257 5699 3505 5776 proprius
3552 5705 3696 5760 illius
3750 5713 3870 5766 est,

607 5768 728 5827 ἀλλ’
760 5770 860 5840 οὐχ
895 5770 970 5835 ὼς
1002 5770 1061 5837 ἐξ
1091 5771 1301 5826 ἐκείνου
1349 5768 1561 5842 προϊὸν,
1611 5773 1728 5828 ἀλλ’
1759 5768 1834 5837 ὡς
1856 5768 2055 5829 οἰκεῖον
2083 5768 2184 5829 αὐέ

1250 5786 1301 5824 ου
1349 5768 1561 5842 προϊὸν,
1611 5773 1728 5828 ἀλλ’
1759 5768 1834 5837 ὡς
1856 5768 2055 5829 οἰκεῖον
2083 5768 2184 5829 at);
2294 5768 2547 5845 cognatus
2569 5768 2719 5831 enim
2749 5768 2847 5833 est.
