4044 6458
368 339 474 402 457
1229 338 1308 400 1N
1351 341 1788 414 SEQUENTiA
1826 342 2408 404 TllEOPI—iYLACl‘l
2440 344 2776 406 SCRIPTA.
3531 345 3636 408 ιιξὸ

453 449 515 510 5.
555 447 821 509 Sanctus
853 445 1316 534 Basilius-'hmc
1365 450 1550 511 hahet
1601 451 1706 512 lib.
1764 469 1834 512 Ill
1893 461 2050 512 cont:

2042 470 2115 512 ra
2176 453 2556 514 Eunomium
2591 477 2608 515 :
2679 463 2975 534 ’Λξιώματι
3018 463 3120 535 μὲν
3176 464 3519 538 δευτερεύειν
3557 466 3639 538 (τὸ

370 548 627 620 Πνεῦμα)
662 548 756 603 τοῦ
777 549 944 614 Ὑὶοὖ,
981 549 1110 620 παρ’
1134 550 1300 604 αὐτοῦ
1329 551 1388 603 τὸ
1419 547 1558 604 εἶναι
1613 552 1757 623 ἕχον,
1811 555 1904 608 καὶ
1961 554 2091 624 παρ’
2124 555 2289 608 αὑτοῦ
2329 554 2631 626 λαμϐάνον,
2666 559 2762 612 καὶ
2798 559 3135 628 ἀναγγέλλον
3163 561 3300 630 ἡμῖν
3361 561 3456 614 καὶ
3503 560 3636 618 ὅλως

372 653 477 722 τῆς
521 651 700 716 αἰτίας
729 653 947 722 ἐκείνης
975 655 1284 724 ἐξημμένον
1311 654 1682 723 παραδίδωςιν
1739 655 1868 716 ἴσως
1899 656 1927 707 ὁ
1950 672 1969 708 ε

2046 657 2235 720 ἐὅείας
2280 657 2460 725 λόγος,
2487 650 2801 728 Spiritum
2856 663 3141 712 sanctum
3193 652 3503 731 dignitate
3549 671 3643 711 se-

374 749 654 812 cundum
691 768 820 810 esse
848 769 887 809 u
911 747 1111 824 Filio,
1149 759 1220 810 ut
1249 753 1368 829 qui
1400 768 1525 810 esse
1557 750 1633 810 ab
1661 749 1772 812 illo
1808 749 2056 824 habeat,
2093 759 2150 810 et
2190 751 2265 812 ab
2309 754 2447 830 ipso
2477 753 2776 827 accipiat,
2809 762 2869 813 et
2891 755 3148 814 omnino
3183 773 3264 816 ex
3309 753 3424 816 illa
3452 773 3643 815 causa

371 849 941 933 pendeat,pietatis
971 867 1169 910 sermo
1193 852 1470 928 fortasse
1503 848 1724 912 tradit.
1746 852 1840 910 En
1855 867 2046 929 quam
2079 850 2246 912 clare
2266 854 2535 930 Magnus
2559 851 2835 914 Basilius
2853 852 3084 932 dogma
3108 854 3482 915 Latinorum
3511 861 3643 915 tra-

377 958 501 1018 dit.
521 955 838 1034 Equidem
858 955 1110 1015 Marcus
1139 953 1506 1031 Ephesinus
1533 953 1596 1014 in
1632 953 1908 1016 concilio
1933 953 2504 1024 Florentino,cum
2533 970 2664 1016 non
2695 955 2873 1016 aliud
2908 955 3083 1034 quod
3114 955 3190 1016 ad
3219 955 3488 1017 evidens
3519 955 3642 1018 hoc

383 1054 807 1133 resrionderet
838 1053 1310 1126 testimonium,
1349 1053 1443 1114 illi
1475 1061 1873 1133 suppeteret,
1911 1069 2140 1133 magna
2191 1052 2607 1114 contentione
2646 1053 2980 1127 sustinuit,
3015 1061 3260 1115 textum
3309 1055 3483 1116 hunc
3523 1053 3642 1118 fal-

381 1167 594 1221 satum
629 1166 690 1220 et
727 1157 1184 1232 interpolatum
1219 1175 1385 1219 esse.
1419 1159 1539 1219 Sed
1579 1165 1818 1236 quanta
1853 1158 2128 1237 injuria!
2165 1160 2347 1232 Nam,
2391 1164 2461 1219 ut
2493 1161 2777 1221 Joannes
2807 1160 3024 1239 Niger,
3058 1161 3175 1240 qui
3208 1160 3377 1223 illud.
3403 1162 3640 1224 attule-

386 1274 507 1336 rat,
552 1262 847 1340 regessit,
884 1263 1088 1324 codex
1123 1263 1294 1323 unde
1325 1263 1747 1340 depromptus
1787 1271 1908 1336 est,
1964 1264 2230 1339 Optimae
2263 1268 2429 1323 notae
2463 1269 2622 1335 erat,
2677 1263 3240 1343 Constantinopoli
3269 1279 3305 1325 a
3333 1265 3640 1325 cardinali

388 1362 643 1425 Cusano
662 1360 991 1434 advectus,
1022 1359 1084 1420 in
1123 1358 1535 1433 membranis,
1563 1359 1887 1421 sexcentis
1908 1366 2056 1420 ante
2088 1359 2436 1422 concilium
2461 1358 2908 1422 Florentinum
2930 1361 3144 1435 annis,
3173 1361 3472 1441 adeoque
3493 1373 3646 1425 ante

387 1472 684 1526 exortum
714 1464 970 1523 Graecos
1002 1462 1171 1524 inter
1197 1477 1268 1523 ac
1309 1461 1566 1523 Latinos
1607 1462 1723 1522 hac
1756 1464 1837 1522 de
1891 1479 1964 1522 re
1990 1460 2371 1535 dissidium,
2427 1469 2750 1524 exaratus.
2785 1461 2964 1524 Unde
3004 1478 3160 1541 ergo
3208 1465 3647 1542 corruptionis
3722 1472 3725 1473 '

387 1563 681 1642 suSpicio
705 1567 734 1625 *Ι
764 1563 884 1624 Sed
914 1563 1133 1641 plures
1161 1563 1420 1624 codices
1465 1562 1548 1623 ita
1567 1579 1698 1624 non
1732 1561 1990 1636 habent,
2023 1561 2389 1640 opponebat
2418 1561 2810 1639 Ephesinus.
2842 1561 3219 1636 Quidinde,
3253 1564 3309 1625 si
3343 1565 3651 1628 vetustio-

385 1685 494 1729 res
526 1672 589 1727 et
615 1672 764 1727 ante
786 1663 1067 1726 schisma
1101 1663 1442 1740 conscripti
1481 1671 1724 1726 textum
1760 1671 1828 1724 ut
1878 1663 2216 1726 attulimus
2249 1664 2631 1727 exhibeant?
2667 1666 2797 1727 Alii
2850 1683 3026 1742 vero,
3065 1685 3463 1750 quocunque
3519 1684 3648 1732 uu-

390 1781 569 1825 mero
599 1763 750 1837 sint,
778 1780 811 1824 a
839 1762 1161 1826 Photianis
1190 1755 1403 1840 potius
1419 1765 1766 1841 dataOpera
1795 1763 2084 1840 corrupti
2106 1764 2366 1825 dicendi
2407 1771 2587 1840 sunt,
2621 1782 2698 1826 eo
2726 1767 2962 1846 majore
2997 1767 3444 1845 fundamento,
3475 1774 3649 1852 quod

384 1875 545 1931 sunt
570 1883 796 1929 omnes
831 1873 972 1944 post
1004 1871 1299 1928 exortum
1328 1865 1606 1927 schisma
1628 1865 1930 1936 confecti,
1966 1873 2025 1925 et
2061 1864 2124 1925 in
2177 1866 2512 1928 nonnullis
2557 1867 2752 1929 verba
2795 1869 3076 1946 dogmati
3109 1879 3332 1933 nostro
3355 1871 3654 1935 .faventia

382 1964 600 2027 cultro
635 1981 814 2026 erasa
838 1963 1240 2041 deprehensa
1287 1971 1463 2024 sunt.
1497 1962 1701 2035 Adde,
1767 1969 2012 2023 textum
2051 1960 2246 2036 hunc,
2281 1970 2470 2040 prout
2513 1978 2548 2023 a
2588 1963 2773 2024 nobis
2800 1964 3088 2038 atfertnr,
3124 1965 3286 2025 nihil
3319 1969 3657 2031 continere

387 2065 570 2144 quod
608 2082 752 2126 cum
789 2063 1061 2143 reliquis
1093 2063 1308 2142 Magni
1345 2063 1564 2125 Basilii
1600 2064 1790 2124 dictis
1819 2070 2060 2141 pugnet
2101 2077 2114 2120 :
2156 2070 2394 2140 pugnat
2442 2069 2682 2137 autem,
2715 2072 2844 2125 uta
2881 2064 3212 2127 Photianis
3263 2067 3526 2144 legitur.
3565 2072 3654 2133 Ita

392 2166 570 2228 enim
603 2167 826 2246 legunt
854 2165 978 2239 illi,
1013 2174 1086 2230 ut
1120 2181 1530 2244 consequens
1573 2165 1762 2238 foret,
1818 2181 1968 2227 eum
2002 2164 2274 2226 dubium
2308 2165 2598 2237 haesisse,
2627 2183 2710 2228 an
2729 2167 3012 2243 Spiritus
3041 2177 3302 2231 sanctus
3337 2173 3655 2235 dicendus

393 2267 476 2328 sit
511 2267 844 2329 secundus
875 2264 1190 2345 dignitate
1221 2283 1256 2327 a
1301 2266 1469 2327 Filio
1503 2276 1563 2328 et
1595 2283 1627 2326 a
1661 2267 1839 2326 Patre
1873 2265 2146 2326 tertius:
2177 2281 2324 2326 eum
2365 2272 2574 2326 tamen
2612 2265 3019 2343 exploratum
3051 2268 3156 2343 sit,
3192 2269 3403 2348 ipsum
3422 2270 3542 2334 hac
3574 2273 3656 2334 de

393 2385 465 2430 re
497 2366 826 2428 dubitasse
861 2383 1232 2446 nunquam;
1260 2365 1790 2446 quandoquidem
1821 2382 1967 2426 cum
1989 2365 2143 2427 aliis
2179 2365 2243 2426 in
2276 2364 2464 2438 locis,
2496 2373 2632 2427 tu
2680 2367 3039 2444 prassertim
3075 2368 3139 2428 in
3175 2369 3300 2431 fine
3355 2372 3657 2450 epistolas

392 2467 888 2539 trecentesimm,
917 2461 1370 2542 ad'canonicas,
1392 2469 1479 2530 ait
1500 2467 1677 2530 nefas
1702 2485 1870 2541 esse,
1902 2466 2518 2546 Spiritumsanctum
2538 2475 2684 2528 ante
2704 2466 2945 2528 Filium
2964 2467 3308 2542 collocare,
3340 2478 3449 2532 aut
3471 2471 3660 2535 aliter

392 2587 588 2650 quam
631 2567 861 2631 ordine
903 2570 1163 2633 tertium
1197 2588 1231 2632 a
1259 2573 1440 2632 Patre
1477 2591 1493 2629 :
1525 2568 1698 2647 quod
1751 2574 1813 2629 et
1853 2567 1966 2629 alii
2009 2569 2222 2628 Patres
2261 2566 2647 2629 docuerunt.
2695 2565 3054 2631 Insititium
3088 2567 3288 2646 igitur
3324 2583 3424 2632 est
3492 2571 3654 2634 illud

390 2679 552 2744 τεο-ως,
576 2671 872 2749 fortasse,
902 2677 1073 2750 quod
1109 2679 1249 2751 post
1280 2677 1668 2751 παραδίδωσιν,
1712 2667 1934 2743 tradit,
1967 2667 1984 2728 ἱ

2061 2667 2090 2727 li
2115 2666 2361 2745 legunt.
2393 2668 2513 2729 Sed
2533 2669 2589 2729 si
2617 2667 2737 2729 hoc
2762 2675 2966 2730 ratum
2994 2668 3414 2744 habeatur,nt
3435 2670 3658 2738 haberi

397 2773 623 2846 procul
659 2775 857 2836 dubio
893 2772 1109 2848 debet,
1140 2770 1238 2834 vel
1280 2788 1355 2833 ex
1381 2769 1503 2832 hoc
1523 2769 1737 2831 solum
1779 2769 2219 2831 verosimilius
2254 2769 2342 2836 tit,
2377 2775 2789 2829 controversa
2822 2768 3012 2829 verba
3068 2782 3218 2829 eum
3279 2769 3660 2838 addidisse;

391 2887 544 2931 cum
581 2874 674 2934 vel
723 2892 800 2935 ex
848 2873 967 2934 hoc
1026 2871 1167 2934 solo
1192 2871 1430 2933 invicte
1461 2873 1940 2933 demonstretur
1994 2868 2136 2948 ejus
2173 2868 2496 2930 sententia
2532 2867 2737 2929 fuisse
2770 2867 3082 2945 Spiritum
3107 2874 3400 2929 sanetum
3431 2869 3592 2930 item
3624 2883 3662 2928 τι

395 2971 570 3032 Filio
612 2976 1000 3051 procedere:
1036 2988 1164 3034 non
1198 2968 1373 3033 enim
1409 2969 1541 3032 ulla
1566 2969 1784 3032 divina
1823 2986 2099 3049 persona
2140 2985 2284 3031 csse
2343 2975 2551 3046 potest
2603 2968 2890 3031 secunda
2956 2969 3053 3032 vel
3110 2970 3298 3033 tertia
3327 2980 3502 3047 τάξει,
3548 2988 3659 3031 or-

393 3071 678 3144 dine,vel
711 3075 1008 3145 ἀξιώματι,
1045 3072 1378 3152 dignitate,
1411 3072 1490 3134 ab
1522 3071 1670 3145 alia,
1704 3072 1831 3132 nisi
1863 3073 1941 3132 ab
1973 3069 2111 3150 ipsa
2143 3070 2446 3149 procedat
2479 3087 2496 3130 :
2534 3086 2689 3132 sane
2723 3086 2852 3132 non
2888 3071 3090 3134 alium
3119 3073 3416 3135 ordinem
3448 3073 3512 3136 in
3549 3073 3654 3136 di-

401 3174 575 3234 vinis
609 3185 965 3253 agnoscunt
1002 3172 1298 3235 catholici
1329 3173 1622 3234 doctores
1648 3180 1708 3233 et
1733 3174 1974 3233 Patres.

479 3279 547 3338 6.
581 3279 644 3339 S.
680 3275 1069 3338 Athanasius
1109 3275 1176 3336 in
1198 3273 1362 3336 libro
1412 3275 1501 3334 De
1523 3275 1791 3335 humana
1813 3282 2046 3333 natura
2068 3281 2364 3352 suscepta
2386 3271 2506 3344 ait,
2540 3273 2780 3335 Filium
2796 3290 2948 3338 esse
2981 3283 3164 3357 πηγὴν
3184 3283 3278 3338 τοῦ
3309 3285 3466 3354 ἁγίου
3492 3285 3665 3338 uvae-

404 3404 598 3461 ματος,
626 3381 863 3458 fontem
908 3377 1192 3456 Spiritus
1249 3376 1474 3436 sancti.
1528 3374 1626 3436 Sic
1662 3381 1724 3436 et
1780 3372 1889 3434 alii
1950 3373 2165 3434 Patres
2212 3371 2442 3434 Grmci.
2505 3373 2762 3436 Certum
2813 3385 3030 3438 autem
3072 3383 3172 3438 est
3233 3376 3405 3454 apud
3443 3377 3662 3437 Patres

398 3490 612 3560 πηγὴν,
652 3481 911 3558 fontem,
950 3476 1213 3552 perinde
1241 3493 1385 3538 esse
1422 3491 1494 3536 ac
1525 3483 1721 3546 αἴτιον,
1764 3471 2178 3552 principium.
2213 3474 2428 3547 Quare
2462 3481 2523 3535 et
2554 3474 2947 3536 Athanasius
2969 3475 3112 3554 ipse
3135 3483 3301 3538 orat.
3342 3495 3415 3549 ti,
3438 3483 3668 3538 contra

405 3584 683 3645 Arianas
741 3582 987 3641 Patrem
1043 3585 1222 3640 vocat
1255 3575 1460 3646 πηγὴν,
1494 3576 1728 3654 fontem
1783 3571 1979 3644 Filii;
2014 3579 2078 3632 et
2109 3573 2391 3634 Basilius
2426 3575 2724 3636 eumdem
2758 3575 3005 3637 Patrem
3039 3593 3182 3638 esse
3201 3577 3359 3637 dicit
3388 3587 3550 3655 ῥίζαν
3572 3587 3670 3639 καί

403 3688 615 3760 πηγὴν,
656 3681 930 3741 radit-em
969 3689 1022 3739 et
1049 3681 1308 3758 fontem,
1340 3677 1616 3754 Spiritus
1649 3673 1878 3736 sancti.
1908 3672 2082 3733 Idem
2117 3675 2178 3734 S.
2205 3675 2387 3735 Pater
2444 3675 2513 3736 in
2545 3675 2735 3752 epist.
2770 3675 2854 3734 ad
2879 3677 3424 3755 Serapionem,ait
3451 3679 3662 3756 Spiri-

405 3795 550 3846 tum
581 3791 868 3844 sanctum
901 3781 1033 3835 ἴδιον
1052 3775 1193 3833 εἶναι
1216 3780 1338 3832 κατ’
1371 3776 1560 3831 οὐσίαν
1581 3775 1674 3830 τοῦ
1691 3773 1849 3839 Υἱοῦ,
1875 3789 2002 3851 pro‘

2072 3772 2214 3832 'ium
2242 3792 2371 3834 esse
2399 3774 2741 3835 secundum
2769 3773 3188 3837 substantiam
3215 3777 3408 3845 Filii;
3430 3794 3516 3839 ex
3536 3795 3669 3856 quo

413 3887 599 3966 piane
631 3889 1077 3966 consequitur,
1117 3902 1267 3947 eum
1311 3891 1528 3946 nostro
1588 3878 1872 3960 dogmati
1908 3874 2281 3948 adhaesisse,
2321 3876 2652 3955 siquidem
2683 3876 2974 3937 oratione
3016 3893 3066 3936 ιι
3101 3875 3302 3954 (juxta
3321 3876 3583 3956 aliquos
3619 3883 3668 3960 ι)

423 3996 637 4046 contra
664 3987 939 4047 Arianos
963 3985 1078 4048 hac
1111 3986 1359 4047 ratione
1395 3983 1618 4062 probat
1649 3979 1890 4042 Filium
1922 3993 2064 4038 esse
2100 3994 2179 4038 ex
2209 3979 2343 4038 Deo
2378 3976 2630 4058 (Patre),
2667 3984 2730 4040 et
2763 3978 2826 4038 in
2867 3980 3027 4039 Deo.
3066 3980 3277 4042 Verba
3301 3981 3444 4059 ejus
3471 3991 3665 4042 sunt:

435 4097 647 4168 Ἐπειδὴ
692 4098 802 4167 γὰρ
828 4099 857 4151 ὁ
905 4098 1076 4164 Λόγος
1143 4099 1291 4150 ἐστὶν
1326 4096 1458 4157 ἴδιος
1503 4096 1664 4164 φύσει
1696 4094 1796 4162 τῆς
1839 4096 2029 4160 οὐσίας
2093 4091 2182 4146 τοῦ
2209 4091 2368 4152 Θεοῦ,
2398 4091 2459 4156 ἐξ
2493 4089 2660 4144 αὐτοῦ
2681 4093 2739 4145 τέ
2764 4094 2904 4158 ἐστι,
2936 4093 3032 4146 καὶ
3059 4095 3118 4148 ἐν
3144 4095 3318 4167 abte}.
3359 4086 3671 4161 Quoniam

414 4189 618 4268 igitur
647 4189 908 4249 Verbum
931 4189 1271 4266 proprium
1304 4196 1391 4248 est
1421 4196 1657 4248 natura
1683 4185 2048 4247 substantiae
2075 4186 2214 4258 Dei,
2257 4193 2312 4244 et
2345 4201 2423 4242 ex
2450 4184 2587 4261 ipso
2625 4193 2737 4256 est,
2767 4186 2914 4245 etin
2947 4185 3111 4262 ipso.
3154 4187 3274 4247 Sed
3338 4186 3669 4248 Athanasii

413 4307 598 4352 mens
626 4290 833 4351 adhuc
863 4289 1102 4350 clarius
1144 4289 1528 4366 perspicitur
1558 4306 1636 4349 ex
1663 4303 1740 4348 eo
1773 4289 1943 4367 quod
1981 4286 2249 4347 homilia
2280 4283 2316 4343 ἢ
2348 4283 2548 4362 (juxta
2571 4286 2824 4345 Graecos
2858 4283 2918 4364 3)
2952 4296 3180 4347 contra
3232 4287 3506 4349 Arianos
3528 4290 3616 4350 ait
3653 4311 3670 4350 :

409 4395 582 4458 Αὐτὸς
623 4393 794 4462 (Υἱὸς)
844 4392 973 4461 γὰρ,
1015 4391 1201 4461 ὥσπερ
1232 4391 1471 4461 εἴρηται,
1495 4389 1555 4442 τὸ
1591 4389 1814 4459 Πνεῦμα
1858 4388 2038 4440 δίδωσι
2072 4403 2084 4417 ·
2126 4387 2219 4439 καὶ
2258 4386 2359 4438 ὅσα
2421 4387 2535 4455 ἔχει
2564 4385 2625 4438 τὸ
2672 4386 2918 4456 Πνεῦμα,
2960 4387 3135 4440 ταῦτα
3192 4390 3345 4457 παρὰ
3365 4390 3457 4443 τοῦ
3482 4389 3663 4457 Λόγου

407 4489 552 4560 ἔχει,
586 4487 721 4564 ipse
754 4486 911 4546 enim
941 4483 1220 4564 (Filius),
1251 4493 1319 4544 ut
1351 4482 1588 4543 dictum
1631 4489 1743 4554 est,
1784 4480 1892 4540 dat
1923 4481 2233 4559 Spiritum
2283 4487 2603 4547 sanctum;
2665 4488 2721 4539 et
2760 4496 3133 4558 quaecunque
3160 4480 3345 4541 habet
3385 4483 3672 4561 Spiritus

414 4597 700 4658 sanctus,
756 4604 828 4645 ea
873 4604 912 4644 a
969 4583 1163 4644 Verbo
1233 4582 1494 4661 accipit.
1529 4583 1687 4642 Cum
1743 4596 1893 4642 vero
1931 4579 2208 4655 Spiritus
2265 4586 2524 4640 sanctus
2584 4578 2652 4639 in
2718 4578 2946 4655 primis
3001 4577 3227 4640 habeat
3285 4587 3572 4644 naturam
3607 4599 3671 4648 et

413 4687 791 4758 essentiam,
861 4686 1008 4765 quis
1066 4684 1359 4747 dubitare
1431 4691 1638 4760 potest
1685 4681 1846 4761 quin
1909 4679 2299 4742 Athanasius
2365 4679 2668 4754 senserit,
2738 4678 2902 4740 hanc
2956 4695 3104 4741 eum
3165 4697 3203 4743 a
3263 4681 3433 4746 Fiiio
3487 4702 3670 4749 rece-

412 4787 634 4868 pisse?

497 4893 558 4951 7.
600 4892 662 4952 S.
704 4891 987 4952 Joannes
1018 4888 1542 4968 Chrysostomus,
1567 4903 1684 4946 seu
1716 4884 1884 4946 alius
1908 4891 2204 4947 vetustus
2237 4891 2458 4946 auctor
2489 4882 2777 4946 homilia;
2805 4885 2892 4945 De
2925 4885 3362 4949 incarnatione
3392 4889 3671 4965 Domini,

413 5009 608 5070 quam
663 4993 1122 5070 Chrysostomo
1175 4992 1402 5053 tribuit
1453 4990 1721 5052 Photius
1778 4989 1920 5050 cod.
1979 4992 2010 5050 Ξ

2074 4997 2122 5068 7,
2167 5003 2226 5055 Ὀ
2259 5001 2520 5069 Χριστὸς,
2551 4990 2808 5068 inquit,
2872 4997 3074 5052 ἔδωκεν
3127 5002 3262 5071 ἡμῖν
3292 5002 3354 5054 τὸ
3415 5003 3473 5068 ἐξ
3504 5003 3671 5057 αὑτοῦ

415 5097 664 5166 Πνεῦμα,
697 5096 988 5158 Christus
1017 5091 1186 5153 dedit
1216 5092 1396 5153 nobis
1425 5091 1742 5169 Spiritum
1770 5102 2079 5166 sanctum,
2110 5095 2219 5172 qui
2251 5113 2330 5154 ex
2363 5095 2500 5172 ipso
2534 5100 2650 5152 est.
2707 5093 3090 5155 Anastasius
3139 5094 3406 5169 Sinaita,
3440 5095 3675 5156 Antiu-

413 5200 665 5263 chenus
699 5196 1070 5275 episcopus,
1095 5193 1162 5254 in
1189 5193 1398 5273 primo
1430 5193 1518 5252 De
1543 5193 1737 5252 rectis
1765 5190 2010 5270 dogmat

2076 5214 2158 5252 ius
2196 5215 2214 5253 :
2247 5204 2358 5255 Καὶ
2390 5202 2499 5272 μὴν
2523 5203 2551 5254 ὁ
2582 5199 2790 5270 Κύριος
2819 5201 3034 5263 δεικνὺς
3058 5203 3191 5255 αὐτὸ
3211 5203 3270 5268 ὲξ
3299 5202 3463 5256 αὐτοῦ
3497 5203 3673 5272 insip-

414 5332 554 5386 χειν,
583 5309 847 5382 ἐμφυσῶν
871 5309 983 5369 τοῖς
1015 5307 1287 5376 μαθηταῖς
1336 5304 1514 5372 ἔλεγε,
1545 5305 1765 5358 Λάϐετε
1797 5307 2011 5376 Πνεῦμι

2070 5305 2253 5374 ἅγιον.
2295 5297 2374 5354 At
2412 5312 2558 5354 vero
2613 5295 2919 5354 Dominus
2969 5282 3300 5354 ostendens
3333 5314 3412 5356 ex
3446 5306 3667 5357 semet-

417 5413 554 5486 ipso
597 5403 914 5483 Spiritum
944 5399 1269 5469 exsistere,
1297 5397 1632 5476 insufﬂuns
1664 5395 1997 5476 discipulis
2020 5396 2190 5458 dixit
2222 5416 2239 5455 :
2273 5421 2299 5448 ει
2331 5393 2616 5470 Accipite
2650 5393 2965 5471 Spiritum
2998 5403 3307 5454 sanctum.
3345 5417 3372 5448 »
3399 5396 3675 5460 Demum

416 5513 480 5573 S.
517 5512 798 5589 Symeon
826 5503 1285 5578 Metaphrastes
1316 5497 1382 5558 in
1423 5496 1732 5574 Martyrio
1757 5498 1818 5557 S.
1855 5498 2013 5558 Dion

2078 5496 2149 5555 sii
2184 5517 2198 5556 :
2231 5504 2307 5556 Τὸ
2340 5503 2780 5572 ἐκπορευόμενον
2814 5503 2980 5556 αὐτοῦ
3013 5503 3238 5573 Πνεῦμα
3296 5504 3389 5558 ἐπὶ
3445 5508 3512 5577 τῇ
3563 5506 3675 5560 τῶν

417 5615 667 5674 ἀπίστων
694 5609 868 5664 ἐθνῶν
892 5606 1246 5674 καταπέμπει
1311 5605 1423 5666 τοῖς
1460 5601 1727 5672 μαθηταῖς
1756 5603 1968 5674 ὁδηγίᾳ,
2002 5605 2014 5655 t

2077 5597 2292 5656 tristus
2319 5591 2758 5672 procedentem
2787 5613 2825 5653 a
2851 5613 2914 5654 se
2944 5595 3260 5674 Spiritum
3283 5595 3365 5658 ad
3397 5597 3674 5662 infideles

414 5701 810 5773 deducendas
848 5707 1082 5776 gentes,
1117 5696 1184 5756 in
1214 5693 1561 5771 discipulos
1605 5694 1909 5755 inmittit.
2992 5699 2996 5703 '
3081 5736 3088 5742 .

773 5807 1050 5867 PATROL.
1095 5804 1210 5862 Gn.
1259 5799 1513 5860 CXXV.

3232 5797 3303 5858 15

2256 5877 2311 5883 ..⁸
2414 5888 2500 5895 --ια
2555 5885 2659 5894 -ν--ήιδ
2677 5886 2749 5895 ,οξ-α
