4044 6426
435 338 545 410 459
1223 364 1236 379 ⁶
1283 355 1289 361 ’
1478 349 1859 411 BONIFACII
1897 347 2201 409 FINETTI
2246 346 2639 408 PR.‘EFAT[O
3595 342 3703 407 450

524 462 818 523 XXXIII.
848 462 989 524 Alia
1027 464 1212 543 plura
1233 465 1597 525 Grmcorum
1633 469 1884 525 Patrum
1919 464 2288 525 testimonia
2330 464 2435 525 hic
2473 480 2624 525 sane
2678 478 3027 542 congerere
3064 475 3345 538 possem,
3378 474 3509 540 quo
3535 475 3698 521 con-

439 570 614 621 stans
647 561 1023 624 eorumdem
1073 565 1327 624 Patrum
1390 562 1470 624 de
1501 562 1744 640 Spiritu
1796 571 2017 623 sancto
2067 578 2101 622 a
2142 561 2307 621 Filio
2344 562 2727 638 procedente
2762 562 3089 622 sententia
3128 559 3330 638 magis
3363 557 3700 638 magisque

440 660 860 723 elucesceret.
885 662 1011 724 Sed
1043 679 1119 723 ex
1151 659 1453 739 superius
1482 659 1693 721 allatis
1736 660 1892 722 satis
1924 676 2257 738 superque
2288 668 2687 738 compertum
2726 676 2870 721 esse
2893 659 3198 734 arbitror,
3233 675 3425 739 quam
3458 667 3700 723 temere

448 764 1022 843 imprudenterque
1057 765 1398 845 protulerit
1426 763 1945 841 'l‘heOphylactus
1977 780 2050 825 ea
2078 764 2264 825 verba
2304 786 2318 825 :
2353 763 2620 825 Ostende
2674 762 2855 824 nobis
2886 764 3163 835 Patrem,
3192 768 3312 823 etc.
3339 763 3468 822 Nos
3501 760 3703 821 multo

447 864 680 943 potiori
709 865 854 943 jure
886 872 944 925 et
975 864 1190 941 ipsum
1226 861 1863 942 TheOphylactumet
1895 871 2127 924 nostras
2167 864 2370 924 uitatis
2411 861 2756 924 Photianos
2797 878 3139 937 provocare
3177 878 3553 940 possumus,
3597 869 3698 918 at-

444 985 571 1043 que
609 967 839 1028 iterum
867 966 1230 1045 iterumque
1262 975 1589 1043 repetere:
1623 964 1945 1027 Ostendite
1975 967 2157 1027 nobis
2192 966 2644 1039 Patres,etiam
2675 983 2753 1027 ex
2786 965 3051 1040 Grtecis,
3079 967 3189 1045 qui
3225 971 3370 1025 ante
3396 962 3701 1023 Pliotiana

445 1075 733 1143 tempore
760 1066 1001 1126 diserte
1034 1067 1411 1144 negaverint
1467 1067 1776 1144 Spiritum
1829 1074 2122 1129 sanctum
2153 1085 2188 1129 a
2222 1067 2395 1128 Filio
2433 1066 2803 1144 procedere.
2839 1068 3079 1128 Verum
3116 1065 3367 1128 etiamsi
3405 1063 3516 1124 diu
3547 1062 3707 1121 mul-

445 1175 692 1242 tumque
710 1166 1083 1243 fatigentur,
1121 1180 1247 1226 non
1270 1164 1430 1226 alios
1452 1164 1760 1242 profecto,
1790 1166 2008 1244 specie
2042 1166 2282 1244 aliqua,
2319 1167 2672 1244 producere
2696 1173 2969 1246 queunt,
2998 1184 3190 1245 quam
3218 1164 3702 1226 Tlieodoretum

446 1276 505 1327 et
534 1269 995 1331 Damascenum
1030 1284 1344 1346 :quorum
1380 1268 1542 1330 alter
1571 1270 1684 1330 hac
1711 1270 1937 1331 saltem
1967 1269 2030 1330 in
2064 1288 2130 1333 re
2160 1269 2472 1348 probatus
2509 1269 2727 1346 procul
2764 1270 2965 1333 dubio
2999 1286 3126 1331 non
3161 1276 3294 1342 est;
3333 1285 3476 1330 cum
3517 1265 3705 1330 verba

445 1363 634 1425 nobis
664 1364 909 1444 objecta
935 1367 998 1428 in
1032 1378 1110 1425 eo
1139 1372 1395 1427 exstent
1431 1366 1655 1427 libello
1679 1382 1875 1445 quem
1913 1382 2026 1443 pro
2054 1367 2353 1428 Nestorio
2379 1366 2585 1428 edidit
2636 1375 2858 1430 contra
2894 1367 3235 1447 Cyrillum,
3271 1367 3517 1445 quique
3552 1381 3706 1444 pro-

445 1473 664 1542 pterea
693 1473 992 1545 tanquam
1028 1467 1367 1531 haereticus
1409 1466 1490 1527 ab
1520 1466 1802 1527 Ecclesia
1850 1465 2249 1544 proscriptus
2280 1465 2344 1526 in
2385 1467 2611 1546 quinta
2636 1469 2888 1548 synodo
2922 1477 3017 1530 est
3051 1468 3503 1550 (praeterquam
3530 1468 3703 1547 quod

399 1624 411 1633 .
448 1584 578 1630 non
612 1566 822 1629 solum
863 1587 941 1628 ex
975 1570 1171 1642 Filio,
1209 1571 1321 1630 sed
1354 1568 1548 1629 etiam
1606 1583 1723 1645 per
1752 1566 1992 1628 Filium
2020 1583 2189 1637 esse,
2245 1566 2594 1645 iniiciatur)
2630 1588 2645 1627 :
2678 1568 2839 1630 alter
2874 1587 3047 1643 vero,
3084 1568 3338 1632 tametsi
3382 1569 3610 1631 ductus
3644 1578 3710 1630 et

452 1668 619 1743 pius,
654 1684 799 1728 cum
832 1668 1122 1732 ﬂoruerit
1153 1669 1389 1732 smeulo
1419 1668 1726 1729 duntaxat
1755 1674 2000 1742 octavo,
2037 1665 2409 1729 nullatenus
2464 1676 2560 1730 est
2599 1688 2743 1731 cum
2798 1670 3191 1745 Athanasiis,
3232 1669 3514 1744 Basiliis,
3556 1670 3709 1746 Epi—

451 1770 731 1849 phaniis,
766 1773 1027 1850 Cyrillis
1055 1774 1339 1852 aliisque
1372 1772 1695 1843 Patribus,
1729 1772 1842 1851 qui
1871 1769 2156 1849 dogmati
2182 1779 2400 1834 nostro
2453 1781 2671 1850 aperte
2700 1773 2940 1849 favent,
2995 1773 3376 1835 auctoritate
3441 1787 3707 1852 compa-

450 1873 712 1934 randus.
748 1875 918 1947 Quid
960 1892 1137 1947 vero,
1174 1875 1229 1936 si
1268 1892 1349 1936 ne
1383 1874 1491 1937 ille
1522 1874 1785 1954 quidem
1823 1873 2009 1935 nobis
2048 1862 2260 1951 reipsa
2290 1874 2716 1937 adversetur?
2750 1876 3069 1953 Equidem
3112 1875 3228 1937 lib.
3262 1893 3306 1947 ι,
3335 1876 3418 1934 De
3447 1873 3565 1953 ﬁde
3595 1890 3705 1932 or-

449 1974 754 2048 thodoxa,
788 1994 927 2054 cap.
960 1979 1058 2049 11,
1096 1981 1227 2039 haec
1247 1978 1437 2041 habet
1481 1996 1495 2039 :
1526 1987 1633 2040 Τὸν
1672 1985 1731 2040 δὲ
1765 1986 1895 2041 Υἰδν
1922 1985 2046 2040 arcu

2115 1988 2176 2041 οὐ
2203 1987 2459 2058 λέγομεν,
2486 1980 2724 2042 Filium
2744 1997 2891 2040 vero
2928 1998 3057 2039 non
3095 1976 3361 2040 dicimus
3386 1985 3711 2037 auctorem

448 2096 567 2140 seu
596 2079 1019 2158 principium.
1062 2083 1128 2143 Et
1152 2080 1343 2159 paulo
1376 2089 1558 2161 post:
1599 2091 1694 2147 Ἐκ
1723 2090 1818 2146 τοῦ
1852 2092 1979 2146 Υἱοῦ
2012 2109 2043 2145 τ

2116 2090 2331 2161 Πνεῦμα
2360 2092 2422 2146 οὐ
2453 2094 2711 2166 λέγομεν,
2739 2096 2967 2166 Πνεῦμα
2995 2095 3051 2149 δὲ
3078 2094 3210 2155 Υἱοῦ
3241 2096 3606 2170 ὀνομάζομεν,
3628 2101 3713 2148 ea:

406 2242 411 2247 ,
443 2178 620 2240 Filio
649 2189 855 2240 autem
881 2181 1200 2259 Spiritum
1228 2201 1359 2243 non
1414 2181 1684 2245 dicimus
1710 2185 1819 2266 (a),
1851 2181 1959 2245 sed
1987 2203 2121 2245 eum
2160 2185 2317 2247 Filii
2345 2185 2664 2264 Spiritum
2698 2188 3129 2251 nominamus.
3160 2195 3235 2252 Et
3276 2209 3413 2269 cap.
3450 2190 3524 2250 13
3551 2212 3565 2249 :
3598 2197 3714 2252 Καὶ

454 2275 582 2329 Υῑοῦ
612 2276 669 2330 δὲ
688 2276 748 2329 τὸ
774 2278 1000 2349 Π.ιεῦμα
1030 2280 1128 2349 οὐχ
1163 2280 1243 2343 ὡς
1260 2282 1320 2347 ἐξ
1344 2282 1532 2349 αὐτοῦ,
1555 2284 1674 2337 ἀλλ’
1709 2285 1783 2347 ὼς
1809 2284 1880 2336 δι’
1910 2283 2079 2338 αὐτοῦ
2124 2285 2191 2336 ἐκ
2240 2283 2337 2338 τοῦ
2370 2285 2586 2357 Ila-:95;
2632 2287 3071 2358 ἐκπορευόμενον
3099 2306 3113 2319 ·
3153 2291 3314 2360 μόνος
3339 2293 3448 2360 γὰρ
3482 2289 3654 2350 αἴτιος
3681 2289 3713 2340 ὁ

448 2376 665 2446 Πατήρ.
696 2368 818 2430 Sed
848 2379 907 2431 et
933 2371 1096 2434 Filii
1122 2372 1407 2449 Spiritus
1431 2383 1552 2449 est;
1579 2394 1707 2437 non
1729 2386 2023 2456 tanquam
2052 2395 2134 2439 ea:
2155 2377 2317 2455 ipso,
2362 2377 2470 2439 sed
2497 2378 2664 2458 quod
2684 2397 2798 2459 per
2819 2381 3026 2460 ipsum
3047 2401 3124 2444 ex
3143 2383 3332 2443 Patre
3360 2383 3664 2462 procedat
3686 2404 3706 2442 :

408 2519 415 2529 .
449 2463 622 2526 solus
658 2469 823 2530 enim
850 2468 1048 2532 Pater
1073 2479 1300 2535 auctor
1328 2490 1438 2535 seu
1459 2476 1860 2554 principium
1892 2484 2007 2536 est.

534 2595 831 2657 XXXIV.
866 2598 1005 2659 Non
1040 2600 1435 2677 negaverim,
1476 2602 1666 2662 verba
1702 2603 1839 2665 haec
1873 2606 2056 2668 nobis
2099 2608 2163 2669 in
2199 2607 2482 2686 Speciem
2527 2625 2668 2669 esse
2706 2613 3019 2675 contraria
3067 2635 3082 2674 :
3125 2629 3237 2690 pro
3268 2619 3441 2675 certo
3469 2619 3682 2673 tamen

453 2696 792 2769 habemus,
825 2699 1203 2761 Damasceni
1260 2709 1539 2762 mentem
1573 2719 1608 2763 a
1641 2702 1933 2793 degmate
1985 2707 2159 2786 quod
2210 2719 2470 2769 tuemur
2501 2707 2766 2772 minime
2794 2728 2938 2774 esse
2975 2711 3273 2774 alienam.
3318 2712 3473 2773 Nam
3515 2710 3702 2789 juxta

451 2801 773 2862 diversam
814 2801 1141 2865 notionem
1174 2811 1233 2864 et
1261 2804 1492 2875 ideam,
1520 2820 1661 2883 qua)
1691 2806 2033 2885 subjicitur
2065 2808 2395 2887 particulae
2424 2818 2503 2884 ἐξ,
2536 2827 2634 2875 ex,
2669 2818 2732 2871 et
2782 2811 3032 2872 nomini
3063 2821 3254 2883 αἴτιος,
3282 2810 3705 2888 principium,

452 2900 552 2961 vel
587 2892 884 2963 aﬂirmari
932 2911 1163 2982 potest,
1200 2903 1299 2965 vel
1334 2905 1527 2967 etiam
1589 2907 1830 2985 negari,
1865 2924 2009 2969 cum
2042 2909 2349 2987 Spiritum
2416 2918 2706 2973 sanctum
2767 2928 2910 2973 esse
2947 2930 3024 2974 ex
3076 2912 3271 2984 Filio,
3300 2921 3432 2971 tum
3470 2910 3704 2970 Filium

455 3004 1079 3082 ahuo~z,principium
1110 3021 1253 3066 esse
1284 3006 1565 3084 Spiritus
1594 3007 1819 3068 sancti.
1856 3010 2010 3069 Nam
2042 3010 2098 3070 si
2128 3010 2253 3069 vim
2284 3008 2551 3071 istiusce
2589 3010 2761 3072 vocis
2791 3010 3119 3088 inspicias,
3140 3012 3266 3073 duo
3300 3010 3429 3071 haec
3451 3006 3705 3086 signiti-

448 3110 572 3176 eat,
607 3103 853 3166 scilicet
889 3120 1029 3166 esse
1069 3104 1365 3182 primum,
1409 3111 1471 3167 et
1495 3120 1637 3167 esse
1668 3122 1923 3169 causam
1956 3108 2245 3180 alterius,
2279 3108 2722 3186 cujuscunque
2746 3107 2829 3170 sit
2857 3109 3111 3189 generis
3150 3127 3362 3172 causa.
3395 3112 3515 3172 Sed
3554 3121 3615 3176 et
3645 3118 3709 3173 τὸ

446 3205 725 3284 primum
747 3207 1019 3283 spectari
1058 3206 1405 3283 dupliciter
1438 3213 1687 3285 potest;
1715 3206 1815 3269 vel
1849 3208 2156 3284 absolute,
2192 3226 2339 3271 cum
2373 3210 2538 3270 nihil
2570 3211 2636 3270 in
2662 3227 2739 3271 eo
2782 3228 3019 3288 genere
3063 3211 3244 3292 prius
3280 3229 3424 3274 esse
3460 3212 3708 3273 intelli-

444 3305 656 3383 gitur;
690 3306 787 3368 vel
812 3307 1100 3381 relative,
1135 3306 1436 3368 nimirum
1468 3308 1535 3367 in
1569 3306 1799 3370 ordine
1853 3310 1930 3371 ad
1964 3308 2162 3378 aliud,
2208 3309 2380 3388 quod
2417 3327 2494 3371 ex
2528 3308 2644 3371 illo
2696 3320 3048 3389 promanat.
3088 3314 3339 3390 Duplex
3371 3313 3562 3373 etiam
3604 3323 3706 3376 est

450 3413 626 3477 αιτιοι,
663 3422 856 3465 causa
885 3425 905 3465 :
938 3403 1130 3466 altera
1160 3404 1771 3482 primordialis,‘seu
1801 3408 2205 3485 primigenia,
2237 3425 2383 3486 qua)
2417 3411 2813 3487 producendi
2852 3413 2974 3474 vim
3011 3413 3091 3475 ab
3121 3415 3248 3497 alia
3280 3431 3408 3477 non
3449 3416 3709 3493 recipit,

451 3506 564 3567 sed
617 3505 804 3568 habet
853 3521 887 3565 a
945 3522 1047 3579 se;
1083 3522 1353 3584 eamque
1402 3506 1607 3569 Graeci
1662 3508 2040 3587 appellitant
2071 3521 2597 3591 προκαταρκτικήν;
2637 3513 2761 3576 alia
2795 3531 2944 3576 vero
2982 3516 3280 3591 secunda,
3315 3534 3460 3596 quin
3500 3534 3715 3582 causa)

452 3607 729 3686 principi
766 3607 1053 3686 subjeCta
1080 3615 1196 3679 est,
1227 3614 1444 3684 utpote
1481 3627 1559 3672 ex
1592 3626 1717 3689 qua
1740 3609 1973 3688 agendi
2014 3609 2142 3671 vim
2195 3610 2463 3686 obtinet,
2510 3622 2570 3674 et
2604 3630 2881 3693 quacum
2921 3624 3226 3694 Operatur
3255 3624 3317 3678 et
3345 3618 3475 3696 agit
3515 3619 3713 3698 quid-

450 3709 604 3788 quid
636 3709 792 3789 agit.
831 3710 906 3770 Ut
939 3711 1215 3788 priorem
1252 3709 1424 3772 illam
1455 3710 1819 3789 exprimant
1851 3710 2079 3787 Graeci,
2108 3711 2517 3790 frequentius
2546 3722 2819 3777 utuntur
2845 3715 3158 3793 particu’la
3186 3725 3272 3790 ἐξ,
3299 3734 3417 3786 ex;
3456 3725 3524 3779 ut
3550 3735 3709 3779 vero

450 3809 741 3870 indicent
775 3808 1224 3885 posteriorem,
1263 3808 1645 3888 plerumque
1673 3808 1979 3870 adhibent
2003 3808 2377 3888 particulam
2406 3809 2515 3885 διὰ,
2539 3830 2676 3890 per.
2714 3814 2790 3874 Et
2826 3812 2921 3873 hae
2948 3812 3210 3892 quidem
3246 3814 3573 3889 particulas
3594 3832 3670 3877 ac

450 3908 985 3974 commodatiores
1036 3908 1147 3989 tali
1176 3908 1401 3971 sensui
1443 3907 1775 3970 fundendo
1798 3916 1949 3970 sunt
1985 3933 1999 3972 :
2033 3927 2177 3971 nam
2241 3910 2547 3990 particula
2578 3911 2662 3985 ἐξ,
2716 3931 2818 3987 ex,
2854 3910 3017 3973 nihil
3075 3929 3185 3990 per
3215 3930 3283 3973 se
3314 3912 3552 3976 indicat
3597 3921 3714 3974 aut

451 4014 763 4093 supponit
799 4014 1085 4076 anterius
1126 4030 1141 4073 :
1180 4030 1401 4076 verum
1436 4014 1747 4093 particula
1782 4022 1894 4088 διὰ,
1931 4030 2067 4091 per,
2096 4015 2179 4076 ita
2210 4032 2418 4079 causa;
2456 4034 2581 4088 sep
2607 4015 2906 4093 principii
2941 4014 3251 4076 rationem
3285 4014 3604 4093 exprimit,
3642 4025 3714 4075 ut

451 4116 732 4198 priorem
763 4116 955 4179 aliam
988 4125 1049 4178 et
1080 4116 1340 4195 quidem
1369 4117 1724 4196 principem
1773 4135 2033 4181 causam
2069 4120 2268 4181 menti
2323 4120 2643 4181 exhibeat.
2697 4119 3153 4179 Verumtamen
3217 4116 3486 4179 istarum
3516 4133 3710 4178 usum

444 4216 916 4293 particularum
945 4232 1070 4278 non
1107 4218 1186 4279 ita
1217 4219 1417 4281 Graeci
1473 4226 1816 4293 coarctant,
1848 4220 2004 4297 quin
2040 4228 2101 4282 et
2135 4220 2444 4298 particula
2472 4219 2551 4283 ἐξ.
2584 4237 2686 4289 ex,
2720 4235 2928 4279 causas
2959 4216 3267 4290 secundae,
3302 4226 3363 4280 et
3398 4215 3710 4292 particula

451 4318 566 4393 διὰ,
593 4335 731 4397 per,
769 4317 1239 4397 primordialis,
1272 4337 1390 4380 seu
1418 4322 1904 4391 προκαταρκτικῆς
1935 4320 2048 4400 sig!

2110 4322 2371 4382 ﬁcandaa
2399 4321 2600 4400 gratia
2638 4319 2967 4381 interdum
3001 4325 3298 4388 utantur;
3323 4317 3575 4396 quoties
3604 4318 3707 4376 ni-

456 4422 689 4483 mirum
736 4422 803 4483 in
854 4420 981 4482 illis
1030 4423 1241 4483 solum
1299 4422 1661 4500 inspiciunt
1692 4422 2228 4499 signiﬁcationem
2263 4423 2466 4497 illam,
2501 4423 2569 4484 in
2593 4437 2717 4499 qua
2767 4422 2968 4484 ambas
3014 4418 3436 4491 conveniunt,
3472 4434 3705 4495 nempe

444 4536 662 4584 causa:
711 4520 1187 4603 qualiscunque
1220 4505 1573 4593 rationem;
1604 4521 1897 4601 adeoque
1929 4521 2007 4583 ad
2039 4539 2373 4584 causarum
2427 4522 2797 4591 discrimen,
2856 4520 2962 4583 cui
3000 4518 3417 4600 signiﬁcando
3476 4517 3574 4578 vel
3608 4516 3707 4578 in-

450 4621 717 4685 nuendo
748 4621 947 4700 magis
970 4622 1265 4685 videntur
1301 4622 1573 4690 idoneas,
1609 4619 1875 4681 minime
1906 4621 2264 4683 attendunt.
2303 4622 2475 4684 Hinc
2519 4637 2673 4685 vero
2708 4619 3130 4700 perspicuum
3168 4619 3704 4698 exploratumque

446 4726 545 4799 ﬁt,
571 4723 757 4803 juxta
783 4723 1100 4786 diversam
1132 4724 1358 4785 barum
1397 4720 1851 4800 particularum
1885 4720 2213 4783 notionem
2234 4720 2528 4785 aliirmari
2558 4738 2772 4801 posse,
2804 4720 3108 4799 Spiritum
3141 4728 3425 4780 sanctum
3466 4736 3594 4801 esse
3625 4735 3709 4777 ea:

452 4825 649 4900 Filio,
675 4833 738 4888 et
761 4845 889 4887 non
912 4846 1040 4887 esse
1070 4845 1151 4887 ex
1179 4825 1375 4897 Filio,
1412 4840 1540 4882 esse
1579 4841 1658 4883 ea:
1703 4821 1892 4883 Patre
1919 4840 2036 4901 per
2063 4823 2325 4899 Filium,
2360 4831 2424 4886 et
2456 4842 2583 4885 esse
2621 4840 2741 4902 per
2795 4821 3045 4882 Patrem
3075 4828 3130 4881 et
3182 4819 3436 4880 Filium.
3472 4817 3710 4894 Beipsa

450 4924 852 5005 multiplices
880 4927 993 4990 has
1027 4923 1338 5005 loquendi
1374 4922 1651 4986 rationes
1676 4923 1745 4985 in
1782 4923 2020 4985 Graecis
2046 4924 2333 4987 Patribus
2365 4925 2660 5005 reperiri,
2705 4943 2784 4989 ex
2815 4940 3039 4997 eorum
3074 4921 3381 4993 textibus,
3414 4934 3579 4995 quos
3605 4927 3708 4978 at.

447 5028 722 5091 tulimus
751 5045 970 5108 supra,
998 5026 1399 5105 exploratum
1432 5034 1550 5088 est.
1587 5024 1688 5088 Sic
1718 5023 1937 5105 itaque
1989 5030 2053 5087 et
2094 5025 2475 5089 Damasceni
2508 5024 2701 5089 verba
2742 5024 2930 5086 nobis
2963 5022 3211 5101 objecta
3238 5018 3564 5099 explicare
3598 5031 3710 5094 par

446 5136 572 5202 est,
601 5128 778 5207 quod
816 5142 1049 5204 nempe
1109 5122 1459 5198 inﬁcietur,
1491 5122 1799 5202 Spiritum
1863 5122 2043 5197 diCi,.

2111 5130 2151 5184 lt
2208 5141 2338 5184 esse
2394 5142 2475 5184 ex
2523 5123 2718 5196 Filio,
2753 5129 3057 5201 tanquam
3086 5118 3146 5183 ἐξ
3175 5117 3356 5181 αἰτίας
3383 5129 3708 5188 προκαταρ-

448 5227 665 5295 κτικῆς,
697 5244 731 5288 a
772 5244 963 5287 causa
994 5224 1371 5303 primigenia
1396 5238 1468 5284 ac
1492 5221 1901 5302 primordiali
1930 5223 2279 5302 principio,
2306 5223 2477 5303 quod
2522 5238 2649 5284 non
2682 5221 2761 5284 ab
2805 5220 2932 5301 alio
2966 5216 3363 5299 producendi
3402 5217 3705 5280 virtutem

449 5329 806 5407 acceperit;
835 5335 1028 5408 atque
1069 5327 1185 5388 hac
1214 5325 1459 5387 ratione
1488 5323 1699 5387 solum
1743 5330 1986 5387 Patrem
2014 5342 2157 5387 esse
2209 5326 2403 5391 αἴτιον.
2442 5336 2758 5387 auctorem
2789 5314 2951 5386 sive'
2972 5321 3368 5403 principium
3417 5317 3608 5400 (quod
3644 5324 3707 5379 et

451 5446 570 5493 nos
602 5430 1056 5495 lubentissime
1088 5427 1446 5493 asserimus
1481 5444 1553 5491 ac
1585 5429 1959 5508 probamus)
1997 5451 2012 5488 :
2047 5443 2172 5490 non
2226 5435 2441 5490 autem
2498 5435 2711 5506 neget,
2739 5426 3051 5505 Spiritum
3083 5442 3228 5489 esse
3261 5442 3342 5487 ex
3364 5422 3531 5486 Filio
3562 5430 3702 5485 tan-

466 5650 469 5655 “
520 5633 601 5706 (a)
631 5634 847 5702 Mirum,
868 5636 1012 5706 quod
1039 5635 1282 5706 proferre
1313 5633 1418 5691 hoc
1446 5633 1686 5704 potuerit
1716 5632 2055 5690 Damasccnu

466 5721 514 5759 ex
535 5703 700 5762 Filio.
726 5713 786 5760 ut
805 5707 1061 5762 vidimus.

2105 5645 2268 5686 .cum
2306 5637 2417 5683 tam
2456 5630 2606 5686 multi
2630 5628 2823 5687 Patres
2875 5637 3003 5687 ante
3059 5644 3187 5687 eum
3254 5626 3514 5693 dixerint,
3582 5637 3702 5681 esse

449 5721 514 5760 ex
535 5712 700 5772 Filio,
726 5713 786 5760 ut
805 5712 1061 5763 vidimus.
3707 5712 3715 5731 '
