4044 6452
353 349 452 410 εει
1215 349 1298 410 ΙΝ
1338 348 1768 422 SEQUENTIA
1804 350 2386 414 THEOPHYLACTI
2443 355 2782 419 SCRIPTA.
3505 357 3610 421 462

355 474 548 536 quam
607 476 686 520 ex
750 475 962 532 causa,
1020 474 1138 520 seu
1187 459 1506 538 principio
1545 458 1946 532 sccundario,
1994 462 2166 538 quod
2239 463 2435 524 simul
2492 481 2636 526 cum
2705 468 2882 527 Patre
2946 468 3247 542 operetur
3283 509 3297 536 ,
3352 476 3413 530 et
3463 471 3611 549 qui-

358 564 502 620 dem
537 561 762 622 eadem
796 559 998 622 Patris
1033 560 1268 623 virtute
1300 559 1426 620 sibi
1469 561 1958 635 communicata,
1995 572 2052 622 et
2091 565 2151 623 in
2191 581 2286 638 se,
2325 573 2642 641 quatenus
2682 576 2775 627 est
2829 583 3020 626 unum
3061 587 3198 630 cum
3247 573 3458 645 Patre,
3503 591 3607 635 re-

360 668 562 739 cepta,
609 661 941 738 producat.

443 759 708 822 XXXV.
745 759 842 819 Ab
880 760 998 820 hoc
1029 759 1370 821 inﬁciendo
1405 761 1657 822 alienus
1696 762 1855 822 adeo
1895 763 2260 824 censendus
2305 772 2401 824 est
2452 769 2904 842 Damasceuus,
2950 779 3016 830 ut
3055 773 3270 850 potius
3329 777 3394 838 id
3436 795 3612 841 asse-

361 878 503 924 rere
537 858 1002 937 intelligendus
1033 858 1116 920 sit
1148 876 1225 920 eo
1256 859 1394 935 ipso
1425 860 1598 938 quod
1634 861 1885 931 subdat,
1919 861 2231 939 Spiritum
2283 871 2570 926 sanctum
2615 885 2743 928 esse
2780 885 2895 946 per
2922 869 3182 934 Filium.
3217 873 3388 948 Quid
3434 877 3608 938 enim

362 963 784 1032 Damasceno,
821 959 979 1037 quid
1017 958 1262 1020 caeteris
1307 957 1595 1019 Patribus
1627 959 1736 1036 qui
1771 958 1884 1020 hac
1919 960 2226 1038 loquendi
2255 960 2521 1024 formula
2559 965 2656 1026 usi
2693 965 2896 1040 fuere,
2924 967 3238 1046 signiticet
3262 971 3468 1045 aliud,
3500 983 3611 1035 aut

360 1061 724 1140 signiﬁcare
756 1065 950 1139 queat
975 1067 1036 1120 τὸ
1061 1075 1178 1136 per
1234 1055 1494 1130 Filium,
1533 1075 1743 1137 neque
1792 1075 1937 1135 ego,
1969 1077 2184 1139 neque
2239 1059 2407 1122 alius
2465 1063 2786 1140 quispiam
2853 1066 3190 1144 intelliget.
3225 1071 3378 1130 Cum
3431 1071 3607 1132 enim

362 1160 673 1242 particula
703 1167 814 1234 διὰ,
847 1177 988 1239 per,
1016 1158 1136 1220 tria
1162 1158 1364 1220 valeat
1395 1159 1703 1233 indicare,
1740 1177 1969 1238 nempe
2003 1180 2250 1221 causam
2281 1164 2668 1241 efﬁcientem,
2709 1168 3060 1243 prmsertim
3091 1186 3237 1247 quas
3287 1181 3426 1249 agat
3474 1174 3604 1232 vir-

361 1270 494 1326 tute
553 1261 632 1322 ab
668 1260 801 1322 alio
847 1268 1132 1338 recepta;
1172 1260 1442 1348 insuper
1471 1258 1685 1320 solum
1728 1263 2213 1322 instrumentum
2258 1262 2564 1330 inanime;
2597 1280 2668 1326 ac
2719 1265 2984 1328 demum
3050 1270 3402 1332 vehiculum
3436 1273 3606 1333 iners

361 1362 541 1424 nulla
577 1360 912 1439 praeditum
944 1361 1240 1437 energia;
1279 1359 1555 1434 primum
1584 1359 1992 1420 solummodo
2031 1367 2236 1438 potest
2277 1363 2356 1422 ab
2412 1361 2589 1423 omni
2621 1361 3108 1441 imperfectione
3131 1369 3412 1447 sejungi,
3448 1372 3602 1432 reli-

354 1480 488 1542 qua
519 1462 649 1521 duo
687 1457 1088 1521 manifestam
1123 1457 1672 1538 imperfectionem
1721 1458 2080 1520 involvunt.
2116 1461 2207 1519 Ex
2240 1476 2369 1538 quo
2409 1476 2816 1540 consequens
2858 1474 2974 1538 est,
3015 1468 3386 1544 particulam
3435 1470 3605 1530 illam

357 1562 621 1626 nonnisi
672 1561 735 1622 in
783 1577 983 1622 sensu
1024 1559 1236 1638 priore
1286 1560 1574 1650 possein
1617 1559 1856 1621 divinis
1898 1561 1976 1621 de
2045 1561 2218 1622 Filio
2280 1561 2629 1624 enuntiari.
2667 1565 2755 1625 Ita
2799 1565 2996 1644 igitur
3037 1568 3472 1630 Damascenus
3504 1571 3605 1630 in-

359 1663 685 1726 tellexerit
719 1668 998 1740 Oportet,
1036 1661 1350 1740 Spiritum
1383 1667 1672 1723 sanctum
1714 1660 2085 1739 procedere,
2119 1678 2239 1723 seu
2286 1678 2427 1722 esse
2459 1679 2571 1740 per
2627 1661 2883 1737 Filium,
2911 1666 3073 1728 sicut
3107 1682 3333 1729 omnes
3371 1667 3605 1730 Catlm-

353 1772 465 1833 lici
500 1766 867 1846 intelligunt
891 1780 966 1827 ea
996 1764 1339 1840 Scriptura;
1377 1763 1588 1836 verba,
1626 1762 1852 1825 Omnia
1900 1780 2016 1842 per
2051 1765 2254 1842 ipsum
2282 1765 2453 1842 facta
2507 1774 2656 1826 sunt
2686 1787 2706 1826 :
2746 1777 2808 1830 et
2839 1784 2966 1848 qua
2999 1770 3248 1832 ratione
3295 1772 3384 1833 ait
3415 1773 3604 1834 etiam

353 1870 665 1948 Gyrillus,
699 1883 846 1928 eum
881 1864 1230 1944 procedere
1259 1881 1377 1943 per
1397 1864 1674 1941 Patrem,
1711 1871 1778 1925 ut
1807 1881 2034 1942 nempe
2068 1864 2274 1925 Filius
2309 1865 2682 1928 nullatenus
2713 1870 3088 1933 excludatur
3118 1888 3150 1931 a
3178 1872 3606 1949 productio-ue

351 1969 637 2048 Spiritus
680 1966 906 2040 sancti,
957 1966 1248 2043 adeoque
1297 1967 1390 2029 sic
1445 1967 1780 2030 statuenda
1815 1983 1916 2029 res
1945 1972 2044 2027 est
2075 1983 2090 2027 :
2131 1967 2313 2028 Pater
2337 1967 2546 2045 primo
2573 1977 2628 2028 et
2656 1970 3128 2049 principaliter,
3161 1990 3276 2035 seu
3311 1975 3598 2052 primor-

349 2067 635 2145 dialitcr,
675 2074 1175 2146 προκαταρκτικῶς
1215 2065 1516 2144 producit
1578 2065 1886 2146 Spiritum
1919 2072 2214 2126 sanctum
2257 2071 2580 2144 quatenus
2625 2076 2856 2146 suapte
2898 2070 3133 2132 virtute
3172 2089 3206 2134 θ
3235 2072 3415 2136 nullo
3470 2073 3599 2137 alio

354 2181 610 2250 recepta
646 2170 971 2251 producit;
998 2169 1292 2246 adeoque
1319 2167 1598 2247 primum
1638 2166 1906 2228 omnino
1938 2171 2054 2239 est,
2092 2165 2477 2247 nullumque
2515 2171 2957 2248 prtesupponit
2985 2175 3298 2249 anterius,
3326 2190 3402 2238 ac
3459 2196 3606 2240 vera

351 2281 813 2354 προκαταρκτικὴ
841 2281 992 2336 αἰτία
1028 2270 1308 2351 Spiritus
1352 2271 1576 2332 sancti.
1611 2271 1910 2331 Producit
1947 2300 1948 2317 ι

2012 2269 2134 2332 iam
2178 2287 2293 2348 per
2329 2270 2591 2346 Filium,
2623 2279 2943 2351 quatenus
2975 2275 3182 2340 virtus
3221 2279 3330 2340 illa
3371 2283 3608 2358 produ-

351 2377 519 2436 ctrix
563 2392 684 2437 una
717 2376 1074 2454 eademque
1130 2383 1227 2435 est
1260 2390 1405 2436 cum
1439 2373 1660 2434 divina
1715 2379 1938 2434 natura
1972 2372 2141 2432 Filio
2195 2373 2665 2435 communicata
2702 2381 2762 2436 et
2814 2375 2880 2438 in
2914 2377 3057 2456 ipso
3083 2388 3360 2458 recepta.
3390 2382 3606 2455 Quare

359 2477 657 2553 producit
701 2477 899 2538 etiam
938 2476 1147 2537 Filius
1180 2475 1243 2538 vi
1276 2482 1336 2537 et
1366 2475 1616 2536 actione
1646 2491 1678 2534 a
1721 2477 1902 2536 Patre
1944 2481 2238 2552 recepta;
2276 2490 2403 2536 non
2439 2475 2736 2553 producit
2788 2495 2940 2539 vero
2973 2480 3210 2542 virtute
3246 2483 3502 2560 propria
3546 2492 3608 2546 et

350 2576 752 2656 primigenia,
788 2593 906 2638 seu
957 2593 1151 2656 quam
1179 2592 1306 2638 non
1358 2575 1676 2652 receperit
1721 2575 1799 2635 ab
1847 2575 2122 2652 ipsomet
2153 2577 2357 2645 Patre,
2397 2593 2608 2655 neque
2638 2577 2891 2639 actione
2919 2579 3172 2640 diversa
3208 2588 3271 2641 et
3301 2582 3606 2643 distincta

354 2683 436 2743 ab
459 2683 711 2742 actione
737 2681 960 2744 Patris.
995 2681 1164 2742 Hinc
1194 2681 1248 2742 si
1283 2680 1486 2742 virtus
1515 2687 1579 2741 et
1610 2679 1776 2741 actio
1800 2677 1935 2752 illa,
1972 2695 2100 2756 qua
2131 2678 2508 2756 producitur
2542 2680 2821 2756 Spiritus
2856 2697 3143 2753 sanctus,
3179 2689 3504 2760 spectetur
3537 2695 3606 2746 ut

353 2800 393 2845 ει
419 2783 598 2843 Patre
636 2788 912 2858 recepta,
953 2779 1405 2858 propriissime
1437 2777 1673 2840 dicitur
1717 2777 1998 2855 Spiritus
2035 2779 2385 2854 procedere
2414 2796 2452 2837 α
2486 2777 2680 2838 Patre
2707 2796 2826 2856 per
2857 2779 3133 2849 Filium,-
3169 2789 3232 2841 at
3284 2783 3336 2843 si
3381 2785 3604 2848 eadem

355 2883 560 2943 virtus
594 2889 655 2942 et
685 2881 851 2944 actio
894 2879 1343 2948 consideretur
1388 2885 1456 2941 ut
1485 2877 1648 2940 facta
1693 2877 1824 2956 jam
1880 2876 2136 2960 prOpria
2171 2875 2352 2949 Filii,
2384 2877 2679 2954 adeoque
2707 2878 2950 2941 Filium
2979 2879 3288 2955 aﬂiciens,
3322 2898 3605 2963 eumque

352 2983 758 3046 constituens
791 2990 1095 3054 actorem,
1131 2981 1226 3042 sic
1253 2979 1382 3041 dici
1411 2981 1557 3058 jure
1590 2978 1834 3057 optimo
1859 2983 2087 3056 potest,
2121 2976 2429 3055 Spiritum
2461 2979 2652 3040 etiam
2686 2979 3035 3057 procedere
3065 2997 3167 3050 ex,
3198 2980 3358 3042 vela
3384 2983 3556 3044 Filio
3586 3005 3608 3045 :

353 3089 445 3148 ita
497 3095 712 3148 tamen
751 3093 818 3147 ut
850 3085 907 3147 si
941 3076 1273 3164 particulae
1305 3102 1383 3145 ea:
1415 3083 1710 3162 illigetur
1739 3082 2124 3161 signiﬁcatio
2150 3081 2540 3159 primigenii,
2579 3097 2697 3142 seu
2744 3084 2940 3160 primi
2977 3083 3242 3145 omnino
3268 3086 3604 3166 principii,

352 3199 851 3272 προκαταρκτικῆς
879 3195 1080 3261 αἰτίας,
1127 3202 1315 3266 aequo
1345 3185 1492 3264 jure
1526 3183 1744 3265 negari
1782 3183 1949 3262 possi

2037 3183 2348 3260 Spiritum
2409 3183 2760 3260 procedere
2791 3201 2872 3245 ex
2903 3183 3093 3247 Filio.
3140 3186 3216 3247 Ut
3259 3187 3455 3264 igitur
3486 3205 3605 3266 pax

353 3300 418 3352 et
450 3290 799 3353 consensio
834 3305 947 3350 nos
980 3288 1150 3348 inter
1176 3296 1236 3349 et
1269 3289 1546 3361 Graecos,
1569 3287 1778 3364 quoad
1809 3302 2086 3362 praesens
2115 3294 2303 3362 caput
2335 3285 2584 3358 attinet,
2622 3286 3121 3364 redintegretur,
3157 3304 3284 3351 non
3323 3291 3501 3353 aliud
3526 3297 3606 3354 at)

352 3398 452 3459 eis
488 3393 893 3474 postulamus
923 3408 1114 3474 quam
1177 3400 1246 3454 ut
1283 3391 1677 3470 aequissima
1725 3389 1878 3450 huic
1933 3390 2290 3451 conditioni
2339 3391 2772 3468 acquiescant.
2831 3392 2955 3451 Nos
3010 3408 3155 3453 cum
3215 3395 3609 3464 Damasceno

349 3500 414 3553 οὐ
444 3499 696 3570 λέξομεν,
721 3496 972 3556 minime
1001 3496 1297 3568 dicemus,
1332 3494 1464 3555 imo
1508 3493 1725 3564 etiam,
1759 3493 1810 3552 si
1843 3489 2088 3564 malint,
2116 3491 2500 3568 negabimus,
2527 3493 2840 3570 Spiritum
2870 3501 3158 3554 sanctum
3188 3510 3328 3557 esse
3357 3512 3391 3557 u
3415 3496 3606 3566 Filio,

351 3602 657 3670 tanquam
681 3594 928 3658 scilicet
955 3612 1032 3656 ex
1049 3591 1463 3675 primordiali
1489 3591 1841 3671 principio,
1873 3601 1938 3652 ἐκ

2010 3598 2451 3670 ροκαταρκτικῆς
2483 3599 2686 3664 αἰτίας,
2718 3592 3021 3670 quodque
3045 3603 3348 3670 Operetur
3378 3595 3607 3657 virtute

351 3699 415 3753 et
446 3691 702 3755 actione
738 3694 992 3756 diversa
1024 3711 1057 3756 a
1088 3693 1328 3754 virtute
1366 3699 1428 3753 et
1481 3691 1734 3753 actione
1766 3687 1992 3762 Patris,
2041 3697 2104 3752 et
2159 3706 2284 3751 non
2316 3688 2396 3750 ab
2438 3691 2668 3752 eodem
2719 3693 2900 3751 Patre
2948 3700 3226 3768 recepta.
3263 3695 3358 3754 Illi
3389 3704 3608 3759 contra

348 3772 698 3868 fateantur,
727 3793 1037 3873 Spiritum
1093 3811 1128 3856 a
1188 3793 1360 3854 Filio
1397 3808 1563 3862 esse,
1601 3799 1902 3867 tanquam
1934 3806 1966 3850 a
1999 3789 2376 3850 secundaria
2428 3805 2646 3861 causa,
2685 3791 2824 3850 sive
2874 3791 3190 3868 principio
3223 3794 3388 3856 Patri
3447 3799 3604 3857 sub-

350 3887 543 3966 jecto,
569 3894 935 3974 virtuteque
977 3894 1055 3956 ab
1083 3892 1360 3972 ipsomet
1403 3892 1584 3951 Patre
1621 3895 1870 3966 recepta
1896 3896 2221 3964 operante,
2255 3887 2386 3947 imo
2420 3899 2481 3948 et
2511 3888 2733 3948 eadem
2767 3889 2966 3948 Patris
2997 3889 3250 3952 actione
3289 3891 3412 3954 sibi
3437 3910 3610 3955 com-

368 3991 669 4053 municata
705 4011 832 4055 una
866 4009 1012 4055 cum
1048 3999 1271 4052 natura
1302 3987 1546 4049 divina.

446 4096 732 4157 XXXVI.
777 4094 876 4158 Nil
913 4109 1106 4173 porro
1140 4090 1613 4170 impedimento
1637 4103 1778 4148 esse
1811 4085 2043 4146 merito
2073 4093 2304 4162 potest,
2337 4086 2691 4164 quominus
2720 4086 2842 4160 sic,
2865 4095 3072 4149 amota
3104 4090 3360 4152 dissidii
3391 4111 3607 4158 causa.

355 4195 614 4277 tandem
646 4194 996 4274 aliquando
1030 4192 1309 4254 invicem
1362 4190 1705 4251 redeamus
1735 4187 1800 4247 in
1835 4185 2124 4264 gratiam.
2167 4187 2334 4260 Quid
2387 4187 2584 4259 enim,
2618 4194 2728 4246 aut
2776 4203 2968 4265 quam
3001 4186 3086 4250 ob
3127 4206 3261 4252 rem
3312 4193 3607 4260 Phetiani

353 4305 648 4379 pugnant
678 4304 898 4359 contra
925 4294 1234 4358 Latinos?
1272 4309 1385 4370 pro
1425 4289 1789 4368 simplicine
1821 4301 1975 4347 voce
2017 4290 2096 4357 ἐξ.
2137 4307 2240 4360 ex,
2287 4304 2366 4348 an
2402 4304 2514 4365 pro
2554 4306 2620 4349 re
2678 4288 3034 4366 signiﬁcata
3095 4307 3210 4369 per
3240 4299 3512 4356 vocem?
3541 4300 3606 4360 Si

353 4399 665 4479 primum,
701 4397 861 4458 nihil
898 4396 1257 4474 indignius,
1287 4394 1594 4472 quodque
1633 4395 1830 4472 magis
1861 4395 2170 4456 dedeceat
2205 4389 2513 4464 inclytam
2560 4391 2890 4452 nationem
2924 4391 3328 4467 Graecorum;
3357 4397 3411 4456 si
3443 4397 3606 4457 alte-

353 4511 522 4568 rum,
557 4509 780 4572 quasso
821 4493 1019 4571 igitur
1076 4490 1426 4569 explicent,
1458 4505 1582 4568 qua
1621 4491 1868 4550 ratione
1923 4492 2102 4550 Pater
2136 4505 2252 4565 per
2280 4486 2520 4549 Filium
2577 4486 2884 4564 producat
2923 4488 3231 4566 Spiritum
3289 4498 3605 4568 sanctum,

350 4594 603 4668 absque
629 4607 705 4652 eo
739 4589 912 4668 quod
964 4597 1269 4665 operetur
1299 4596 1363 4649 et
1391 4587 1600 4648 Filius
1633 4587 1707 4648 ad
1742 4587 2237 4667 productionem
2278 4583 2556 4662 Spiritus
2588 4585 2817 4658 sancti,
2851 4586 3146 4667 adeoque
3174 4589 3403 4671 greipsa
3449 4609 3603 4671 pro-

352 4692 542 4751 ducat
577 4711 592 4755 :
625 4690 686 4750 id
713 4688 884 4750 enim
920 4686 1101 4748 nullo
1129 4686 1358 4747 mentis
1392 4693 1624 4748 conatu
1663 4684 1941 4764 intelligi
1981 4690 2214 4763 potest.
2244 4684 2554 4744 Prteterea
2578 4682 2632 4743 si
2667 4683 2869 4746 Filius
2903 4687 3370 4764 productricem
3402 4691 3606 4754 Patris

352 4790 674 4853 actionem
707 4787 805 4849 vel
845 4780 1058 4848 solum
1093 4784 1344 4847 deferat
1376 4791 1675 4862 tanquam
1703 4784 2078 4856 vehiculum,
2123 4782 2220 4846 vel
2257 4783 2320 4843 in
2355 4799 2424 4844 se
2459 4787 2759 4862 tanquam
2801 4786 3290 4850 instrumentum
3323 4792 3608 4871 recipiat,

354 4888 683 4966 explicent
727 4885 915 4948 nobis
940 4885 1266 4964 quomodo
1318 4899 1444 4944 non
1486 4900 1800 4946 summam
1859 4883 1922 4944 id
1955 4883 2176 4947 ati'erat
2224 4881 2778 4962 imperfectionem
2806 4885 2994 4950 Filio.
3026 4889 3369 4963 Quomodo
3415 4895 3606 4957 etiam

355 4992 542 5051 Pater
574 4985 900 5065 propriam
929 4983 1098 5046 Filio
1145 4991 1460 5057 naturam,
1491 5001 1610 5047 seu
1636 4984 1984 5046 essentiam
2038 4983 2318 5045 indivise
2364 4982 2874 5060 communicaris,
2906 5003 3034 5049 non
3069 4990 3280 5053 eidem
3314 5010 3611 5058 commu-

356 5089 527 5148 nicet
551 5083 1007 5166 fecunditatem
1041 5093 1102 5146 et
1134 5083 1452 5146 actionem
1483 5083 1798 5162 spirandi,
1834 5099 1980 5164 qua:
2017 5082 2283 5144 minime
2311 5089 2558 5162 pugnat
2594 5100 2740 5144 cum
2785 5085 3026 5149 ratione
3067 5087 3464 5169 hypostatica
3495 5093 3608 5154 Fi-

358 5188 452 5248 lii.
491 5185 853 5266 Explieent,
887 5186 1215 5264 quomodo
1248 5184 1524 5263 Spiritus
1545 5192 1803 5246 sanctus
1837 5184 1921 5245 sit
1953 5200 2226 5263 persona
2285 5200 2322 5246 a
2375 5182 2545 5245 Filio
2591 5183 2922 5262 distincta,
2956 5189 3039 5265 si,
3073 5192 3370 5270 Nysseno
3401 5190 3608 5270 (cujus

360 5288 548 5352 verba
572 5303 768 5366 supra
795 5281 1165 5363 retulimus)
1197 5291 1379 5357 teste,
1426 5284 1753 5346 subtracta
1778 5287 2028 5347 ratione
2055 5285 2396 5364 principii,
2423 5285 2600 5346 nulla
2648 5291 2745 5346 est
2800 5287 2866 5348 in
2919 5290 3227 5353 Trinitate
3253 5292 3605 5357 distinctio.

365 5386 700 5468 Explicent
735 5385 1062 5466 quomodo
1089 5384 1292 5446 Filius
1311 5387 1521 5448 mittat
1547 5385 1846 5464 Spiritum
1872 5388 2362 5468 sanctum,quin
2392 5388 2652 5448 mittens
2676 5390 2758 5451 sit
2792 5389 2989 5452 misso
3015 5395 3338 5472 superior,
3366 5403 3426 5458 et
3460 5395 3611 5458 mis-

357 5507 471 5553 sus
504 5487 777 5550 mittenti
811 5485 1247 5548 ministerium
1280 5486 1601 5560 exhibeat,
1652 5489 1707 5550 si
1743 5489 1965 5551 missio
1992 5496 2291 5551 aeternam
2325 5489 2818 5568 productionem
2865 5509 2992 5554 non
3023 5497 3334 5572 exprimat
3363 5509 3472 5560 aut
3503 5501 3612 5562 in-

356 5589 574 5653 cludat
599 5609 617 5662 ;
645 5581 1190 5668 quemadmodum
1225 5589 1405 5648 Pater
1431 5589 1545 5651 hac
1581 5590 1718 5668 ipsa
1757 5593 2003 5652 ratione
2039 5591 2295 5652 misisse
2335 5589 2569 5651 dicitur
2613 5591 2850 5654 Filium
2882 5594 2949 5654 iu
3001 5600 3342 5661 mundum.
3376 5602 3610 5682 Expli-

355 5699 501 5753 cent
529 5687 865 5770 quomodo
897 5686 1180 5763 Spiritus
1213 5686 1312 5748 vel
1339 5687 1558 5751 audiat
1597 5708 1627 5750 a
1659 5691 1849 5763 Filio,
1881 5693 1975 5755 vel
2005 5693 2082 5752 de
2121 5707 2240 5752 suo
2272 5693 2574 5770 accipiat,
2604 5711 2834 5772 nempe
2869 5696 3035 5774 quod
3072 5707 3167 5760 est
3201 5700 3406 5780 ipsius
3433 5707 3612 5772 Filii.

362 5789 520 5870 quin
562 5784 661 5850 vel
690 5784 1000 5862 discipuli
1027 5784 1340 5848 rationem
1374 5788 1622 5865 subeat,
1660 5791 1755 5852 vel
1814 5791 2177 5882 indigentis,
2230 5791 2282 5850 si
2318 5791 2378 5850 id
2429 5807 2555 5853 non
2621 5793 2959 5873 signiticet,
2996 5799 3230 5864 habere
3264 5808 3609 5869 essentiam

1398 5899 1452 5907 ’σ-
