  <div class='ocr_page' id='page_1' title='image "/cluster/home/n/w/nwhite01/storage/ocr_20150623/125:no.3/coo.31924054870302/239.png"; bbox 0 0 4044 6414; ppageno 0'>
   <div class='ocr_carea' id='block_1_1' title="bbox 473 349 3732 421">
    <p class='ocr_par' dir='ltr' id='par_1_1' title="bbox 473 349 3732 421">
     <span class='ocr_line' id='line_1_1' title="bbox 473 349 3732 421; baseline 0.002 -8"><span class='ocrx_word' id='word_1_1' title='bbox 473 349 580 414; x_wconf 83' lang='grc'><strong>463</strong></span> <span class='ocrx_word' id='word_1_2' title='bbox 771 366 775 374; x_wconf 85' lang='lat'>‘</span> <span class='ocrx_word' id='word_1_3' title='bbox 1543 349 1926 411; x_wconf 81' lang='lat' dir='ltr'><strong>BONIFACII</strong></span> <span class='ocrx_word' id='word_1_4' title='bbox 1965 349 2270 411; x_wconf 85' lang='lat' dir='ltr'><strong>FlNETTl</strong></span> <span class='ocrx_word' id='word_1_5' title='bbox 2311 351 2707 413; x_wconf 69' lang='lat' dir='ltr'><strong>PRAZFA&#39;I‘IO</strong></span> <span class='ocrx_word' id='word_1_6' title='bbox 3631 356 3732 421; x_wconf 70' lang='grc'><strong>464</strong></span> 
     </span>
    </p>
   </div>
   <div class='ocr_carea' id='block_1_2' title="bbox 479 460 3732 542">
    <p class='ocr_par' dir='ltr' id='par_1_2' title="bbox 479 460 3732 542">
     <span class='ocr_line' id='line_1_2' title="bbox 479 460 3732 542; baseline 0.003 -19"><span class='ocrx_word' id='word_1_7' title='bbox 479 469 542 523; x_wconf 65' lang='grc' dir='ltr'><strong>εἰ</strong></span> <span class='ocrx_word' id='word_1_8' title='bbox 596 468 883 526; x_wconf 85' lang='lat' dir='ltr'><strong>naturam</strong></span> <span class='ocrx_word' id='word_1_9' title='bbox 924 479 960 524; x_wconf 91' lang='lat' dir='ltr'><strong>a</strong></span> <span class='ocrx_word' id='word_1_10' title='bbox 987 460 1178 524; x_wconf 87' lang='lat' dir='ltr'><strong>Filio.</strong></span> <span class='ocrx_word' id='word_1_11' title='bbox 1216 462 1372 524; x_wconf 87' lang='lat' dir='ltr'><strong>Cum</strong></span> <span class='ocrx_word' id='word_1_12' title='bbox 1406 463 1604 542; x_wconf 78' lang='lat' dir='ltr'><strong>igitur</strong></span> <span class='ocrx_word' id='word_1_13' title='bbox 1631 465 1841 524; x_wconf 83' lang='lat' dir='ltr'><strong>omnia</strong></span> <span class='ocrx_word' id='word_1_14' title='bbox 1872 465 2001 524; x_wconf 63' lang='lat' dir='ltr'><strong>haec</strong></span> <span class='ocrx_word' id='word_1_15' title='bbox 2036 463 2356 540; x_wconf 80' lang='lat' dir='ltr'><strong>explicare</strong></span> <span class='ocrx_word' id='word_1_16' title='bbox 2393 465 2763 525; x_wconf 77' lang='lat' dir='ltr'><strong>nullatenus</strong></span> <span class='ocrx_word' id='word_1_17' title='bbox 2799 462 3074 542; x_wconf 80' lang='lat' dir='ltr'><strong>valeant,</strong></span> <span class='ocrx_word' id='word_1_18' title='bbox 3110 465 3368 527; x_wconf 82' lang='lat' dir='ltr'><strong>tandem</strong></span> <span class='ocrx_word' id='word_1_19' title='bbox 3415 464 3732 532; x_wconf 85' lang='lat' dir='ltr'><strong>fateantur</strong></span> 
     </span>
    </p>
   </div>
   <div class='ocr_carea' id='block_1_3' title="bbox 483 562 3733 648">
    <p class='ocr_par' dir='ltr' id='par_1_3' title="bbox 483 562 3733 648">
     <span class='ocr_line' id='line_1_3' title="bbox 483 562 3733 648; baseline 0.003 -23"><span class='ocrx_word' id='word_1_20' title='bbox 483 563 848 636; x_wconf 89' lang='lat' dir='ltr'><strong>nobiscum,</strong></span> <span class='ocrx_word' id='word_1_21' title='bbox 881 562 1192 640; x_wconf 80' lang='lat' dir='ltr'><strong>Spiritum</strong></span> <span class='ocrx_word' id='word_1_22' title='bbox 1223 579 1364 624; x_wconf 89' lang='lat' dir='ltr'><strong>esse</strong></span> <span class='ocrx_word' id='word_1_23' title='bbox 1403 571 1466 625; x_wconf 89' lang='lat' dir='ltr'><strong>et</strong></span> <span class='ocrx_word' id='word_1_24' title='bbox 1493 567 1842 642; x_wconf 83' lang='lat' dir='ltr'><strong>procedere</strong></span> <span class='ocrx_word' id='word_1_25' title='bbox 1885 583 1922 623; x_wconf 80' lang='grc' dir='ltr'><strong>α</strong></span> <span class='ocrx_word' id='word_1_26' title='bbox 1953 564 2122 624; x_wconf 85' lang='lat' dir='ltr'><strong>Filio</strong></span> <span class='ocrx_word' id='word_1_27' title='bbox 2159 572 2220 625; x_wconf 91' lang='lat' dir='ltr'><strong>et</strong></span> <span class='ocrx_word' id='word_1_28' title='bbox 2246 581 2362 641; x_wconf 87' lang='lat' dir='ltr'><strong>per</strong></span> <span class='ocrx_word' id='word_1_29' title='bbox 2411 564 2671 625; x_wconf 86' lang='lat' dir='ltr'><strong>Filium.</strong></span> <span class='ocrx_word' id='word_1_30' title='bbox 2713 565 2833 626; x_wconf 87' lang='lat' dir='ltr'><strong>Sed</strong></span> <span class='ocrx_word' id='word_1_31' title='bbox 2886 565 3015 644; x_wconf 89' lang='lat' dir='ltr'><strong>jam</strong></span> <span class='ocrx_word' id='word_1_32' title='bbox 3054 566 3132 627; x_wconf 91' lang='lat' dir='ltr'><strong>ad</strong></span> <span class='ocrx_word' id='word_1_33' title='bbox 3181 566 3733 648; x_wconf 74' lang='lat' dir='ltr'><strong>TbeOphylactum</strong></span> 
     </span>
    </p>
   </div>
   <div class='ocr_carea' id='block_1_4' title="bbox 485 662 1342 726">
    <p class='ocr_par' dir='ltr' id='par_1_4' title="bbox 485 662 1342 726">
     <span class='ocr_line' id='line_1_4' title="bbox 485 662 1342 726; baseline -0.004 0"><span class='ocrx_word' id='word_1_34' title='bbox 485 671 700 726; x_wconf 88' lang='lat' dir='ltr'><strong>nostra</strong></span> <span class='ocrx_word' id='word_1_35' title='bbox 735 669 1090 724; x_wconf 78' lang='lat' dir='ltr'><strong>revertatur</strong></span> <span class='ocrx_word' id='word_1_36' title='bbox 1113 662 1342 725; x_wconf 84' lang='lat' dir='ltr'><strong>oratio.</strong></span> 
     </span>
    </p>
   </div>
   <div class='ocr_carea' id='block_1_5' title="bbox 561 761 3734 848">
    <p class='ocr_par' dir='ltr' id='par_1_5' title="bbox 561 761 3734 848">
     <span class='ocr_line' id='line_1_5' title="bbox 561 761 3734 848; baseline 0.002 -19"><span class='ocrx_word' id='word_1_37' title='bbox 561 765 898 829; x_wconf 81' lang='lat' dir='ltr'><strong>XXXVII.</strong></span> <span class='ocrx_word' id='word_1_38' title='bbox 955 765 1161 838; x_wconf 90' lang='lat' dir='ltr'><strong>Quam</strong></span> <span class='ocrx_word' id='word_1_39' title='bbox 1225 761 1576 824; x_wconf 83' lang='lat' dir='ltr'><strong>infeliciter</strong></span> <span class='ocrx_word' id='word_1_40' title='bbox 1629 763 1727 824; x_wconf 84' lang='lat' dir='ltr'><strong>illi</strong></span> <span class='ocrx_word' id='word_1_41' title='bbox 1787 765 2052 826; x_wconf 90' lang='lat' dir='ltr'><strong>cesserit</strong></span> <span class='ocrx_word' id='word_1_42' title='bbox 2093 765 2257 827; x_wconf 91' lang='lat' dir='ltr'><strong>illud</strong></span> <span class='ocrx_word' id='word_1_43' title='bbox 2293 787 2308 826; x_wconf 90' lang='lat'><strong>:</strong></span> <span class='ocrx_word' id='word_1_44' title='bbox 2344 765 2614 827; x_wconf 79' lang='lat' dir='ltr'><strong>Ostende</strong></span> <span class='ocrx_word' id='word_1_45' title='bbox 2650 765 2833 828; x_wconf 84' lang='lat' dir='ltr'><strong>nobis</strong></span> <span class='ocrx_word' id='word_1_46' title='bbox 2893 765 3167 843; x_wconf 84' lang='lat' dir='ltr'><strong>Patrem,</strong></span> <span class='ocrx_word' id='word_1_47' title='bbox 3195 767 3324 848; x_wconf 90' lang='lat' dir='ltr'><strong>jam</strong></span> <span class='ocrx_word' id='word_1_48' title='bbox 3383 776 3626 834; x_wconf 81' lang='lat' dir='ltr'><strong>constat</strong></span> <span class='ocrx_word' id='word_1_49' title='bbox 3655 790 3734 836; x_wconf 79' lang='lat' dir='ltr'><strong>ex</strong></span> 
     </span>
    </p>
   </div>
   <div class='ocr_carea' id='block_1_6' title="bbox 481 861 3737 946">
    <p class='ocr_par' dir='ltr' id='par_1_6' title="bbox 481 861 3737 946">
     <span class='ocr_line' id='line_1_6' title="bbox 481 861 3737 946; baseline 0.002 -20"><span class='ocrx_word' id='word_1_50' title='bbox 481 865 696 926; x_wconf 86' lang='lat' dir='ltr'><strong>dictis.</strong></span> <span class='ocrx_word' id='word_1_51' title='bbox 732 866 916 926; x_wconf 85' lang='lat' dir='ltr'><strong>Nunc</strong></span> <span class='ocrx_word' id='word_1_52' title='bbox 945 862 1104 925; x_wconf 91' lang='lat' dir='ltr'><strong>mihi</strong></span> <span class='ocrx_word' id='word_1_53' title='bbox 1136 861 1705 924; x_wconf 87' lang='lat' dir='ltr'><strong>demonstrandum</strong></span> <span class='ocrx_word' id='word_1_54' title='bbox 1736 863 1926 937; x_wconf 91' lang='lat' dir='ltr'><strong>foret,</strong></span> <span class='ocrx_word' id='word_1_55' title='bbox 1952 881 2144 942; x_wconf 90' lang='lat' dir='ltr'><strong>quam</strong></span> <span class='ocrx_word' id='word_1_56' title='bbox 2178 864 2504 926; x_wconf 88' lang='lat' dir='ltr'><strong>imbecilla</strong></span> <span class='ocrx_word' id='word_1_57' title='bbox 2537 865 2690 938; x_wconf 89' lang='lat' dir='ltr'><strong>sint,</strong></span> <span class='ocrx_word' id='word_1_58' title='bbox 2719 873 3025 945; x_wconf 91' lang='lat' dir='ltr'><strong>tantoque</strong></span> <span class='ocrx_word' id='word_1_59' title='bbox 3060 867 3324 946; x_wconf 78' lang='lat' dir='ltr'><strong>indigna</strong></span> <span class='ocrx_word' id='word_1_60' title='bbox 3354 870 3614 933; x_wconf 91' lang='lat' dir='ltr'><strong>doctore</strong></span> <span class='ocrx_word' id='word_1_61' title='bbox 3639 889 3737 934; x_wconf 90' lang='lat' dir='ltr'><strong>ar-</strong></span> 
     </span>
    </p>
   </div>
   <div class='ocr_carea' id='block_1_7' title="bbox 481 963 3733 1050">
    <p class='ocr_par' dir='ltr' id='par_1_7' title="bbox 481 963 3733 1050">
     <span class='ocr_line' id='line_1_7' title="bbox 481 963 3733 1050; baseline 0.002 -24"><span class='ocrx_word' id='word_1_62' title='bbox 481 969 810 1044; x_wconf 84' lang='lat' dir='ltr'><strong>gumenta,</strong></span> <span class='ocrx_word' id='word_1_63' title='bbox 837 967 1026 1043; x_wconf 86' lang='lat' dir='ltr'><strong>queis</strong></span> <span class='ocrx_word' id='word_1_64' title='bbox 1064 965 1359 1024; x_wconf 89' lang='lat' dir='ltr'><strong>Latinum</strong></span> <span class='ocrx_word' id='word_1_65' title='bbox 1389 963 1618 1042; x_wconf 82' lang='lat' dir='ltr'><strong>dogma</strong></span> <span class='ocrx_word' id='word_1_66' title='bbox 1656 964 1953 1026; x_wconf 85' lang='lat' dir='ltr'><strong>refellere</strong></span> <span class='ocrx_word' id='word_1_67' title='bbox 1985 966 2382 1044; x_wconf 81' lang='lat' dir='ltr'><strong>aggreditur,</strong></span> <span class='ocrx_word' id='word_1_68' title='bbox 2421 966 2548 1028; x_wconf 88' lang='lat' dir='ltr'><strong>nisi</strong></span> <span class='ocrx_word' id='word_1_69' title='bbox 2589 984 2734 1028; x_wconf 92' lang='lat' dir='ltr'><strong>cum</strong></span> <span class='ocrx_word' id='word_1_70' title='bbox 2775 967 2996 1045; x_wconf 80' lang='lat' dir='ltr'><strong>plures</strong></span> <span class='ocrx_word' id='word_1_71' title='bbox 3029 968 3160 1041; x_wconf 91' lang='lat' dir='ltr'><strong>alii,</strong></span> <span class='ocrx_word' id='word_1_72' title='bbox 3196 976 3331 1031; x_wconf 89' lang='lat' dir='ltr'><strong>tum</strong></span> <span class='ocrx_word' id='word_1_73' title='bbox 3362 974 3733 1050; x_wconf 81' lang='lat' dir='ltr'><strong>nuperrime</strong></span> 
     </span>
    </p>
   </div>
   <div class='ocr_carea' id='block_1_8' title="bbox 483 1065 3738 1154">
    <p class='ocr_par' dir='ltr' id='par_1_8' title="bbox 483 1065 3738 1154">
     <span class='ocr_line' id='line_1_8' title="bbox 483 1065 3738 1154; baseline 0.002 -25"><span class='ocrx_word' id='word_1_74' title='bbox 483 1068 566 1129; x_wconf 93' lang='lat' dir='ltr'><strong>cI.</strong></span> <span class='ocrx_word' id='word_1_75' title='bbox 604 1066 860 1144; x_wconf 67' lang='lat' dir='ltr'><strong>praevia)</strong></span> <span class='ocrx_word' id='word_1_76' title='bbox 885 1065 1382 1127; x_wconf 88' lang='lat' dir='ltr'><strong>Dissertationis</strong></span> <span class='ocrx_word' id='word_1_77' title='bbox 1410 1072 1633 1127; x_wconf 88' lang='lat' dir='ltr'><strong>auctor</strong></span> <span class='ocrx_word' id='word_1_78' title='bbox 1673 1080 1708 1126; x_wconf 88' lang='lat' dir='ltr'><strong>a</strong></span> <span class='ocrx_word' id='word_1_79' title='bbox 1739 1082 1918 1128; x_wconf 90' lang='lat' dir='ltr'><strong>num.</strong></span> <span class='ocrx_word' id='word_1_80' title='bbox 1955 1065 2031 1126; x_wconf 84' lang='lat'><strong>75</strong></span> <span class='ocrx_word' id='word_1_81' title='bbox 2063 1067 2385 1128; x_wconf 90' lang='lat' dir='ltr'><strong>cumulate</strong></span> <span class='ocrx_word' id='word_1_82' title='bbox 2411 1066 2474 1128; x_wconf 90' lang='lat' dir='ltr'><strong>id</strong></span> <span class='ocrx_word' id='word_1_83' title='bbox 2511 1066 2938 1145; x_wconf 64' lang='lat' dir='ltr'><strong>praestitisset.</strong></span> <span class='ocrx_word' id='word_1_84' title='bbox 2973 1071 3295 1148; x_wconf 85' lang='lat' dir='ltr'><strong>Perpauca</strong></span> <span class='ocrx_word' id='word_1_85' title='bbox 3327 1079 3538 1135; x_wconf 87' lang='lat' dir='ltr'><strong>tamen</strong></span> <span class='ocrx_word' id='word_1_86' title='bbox 3578 1075 3738 1154; x_wconf 90' lang='lat' dir='ltr'><strong>adji-</strong></span> 
     </span>
    </p>
   </div>
   <div class='ocr_carea' id='block_1_9' title="bbox 483 1160 3734 1248">
    <p class='ocr_par' dir='ltr' id='par_1_9' title="bbox 483 1160 3734 1248">
     <span class='ocr_line' id='line_1_9' title="bbox 483 1160 3734 1248; baseline 0.003 -21"><span class='ocrx_word' id='word_1_87' title='bbox 483 1185 628 1230; x_wconf 92' lang='lat' dir='ltr'><strong>cere</strong></span> <span class='ocrx_word' id='word_1_88' title='bbox 670 1167 876 1240; x_wconf 90' lang='lat' dir='ltr'><strong>Iiceat,</strong></span> <span class='ocrx_word' id='word_1_89' title='bbox 906 1176 976 1228; x_wconf 90' lang='lat' dir='ltr'><strong>ut</strong></span> <span class='ocrx_word' id='word_1_90' title='bbox 1008 1167 1212 1246; x_wconf 80' lang='lat' dir='ltr'><strong>magis</strong></span> <span class='ocrx_word' id='word_1_91' title='bbox 1252 1167 1589 1246; x_wconf 85' lang='lat' dir='ltr'><strong>magisque</strong></span> <span class='ocrx_word' id='word_1_92' title='bbox 1616 1160 2010 1246; x_wconf 79' lang='lat' dir='ltr'><strong>infringatur</strong></span> <span class='ocrx_word' id='word_1_93' title='bbox 2039 1167 2220 1229; x_wconf 91' lang='lat' dir='ltr'><strong>illius</strong></span> <span class='ocrx_word' id='word_1_94' title='bbox 2259 1169 2354 1229; x_wconf 92' lang='lat' dir='ltr'><strong>vis</strong></span> <span class='ocrx_word' id='word_1_95' title='bbox 2396 1169 2785 1248; x_wconf 86' lang='lat' dir='ltr'><strong>argumenti,</strong></span> <span class='ocrx_word' id='word_1_96' title='bbox 2826 1170 2998 1248; x_wconf 92' lang='lat' dir='ltr'><strong>quod</strong></span> <span class='ocrx_word' id='word_1_97' title='bbox 3038 1171 3278 1248; x_wconf 84' lang='lat' dir='ltr'><strong>petitur</strong></span> <span class='ocrx_word' id='word_1_98' title='bbox 3334 1189 3412 1232; x_wconf 82' lang='lat' dir='ltr'><strong>ex</strong></span> <span class='ocrx_word' id='word_1_99' title='bbox 3475 1174 3734 1238; x_wconf 85' lang='lat' dir='ltr'><strong>duobus</strong></span> 
     </span>
    </p>
   </div>
   <div class='ocr_carea' id='block_1_10' title="bbox 487 1263 3740 1342">
    <p class='ocr_par' dir='ltr' id='par_1_10' title="bbox 487 1263 3740 1342">
     <span class='ocr_line' id='line_1_10' title="bbox 487 1263 3740 1342; baseline 0.005 -21"><span class='ocrx_word' id='word_1_100' title='bbox 487 1263 846 1342; x_wconf 76' lang='lat' dir='ltr'><strong>principiis,</strong></span> <span class='ocrx_word' id='word_1_101' title='bbox 881 1280 1027 1342; x_wconf 67' lang='lat' dir='ltr'><strong>quae</strong></span> <span class='ocrx_word' id='word_1_102' title='bbox 1055 1264 1122 1325; x_wconf 91' lang='lat' dir='ltr'><strong>in</strong></span> <span class='ocrx_word' id='word_1_103' title='bbox 1157 1265 1580 1341; x_wconf 87' lang='lat' dir='ltr'><strong>productione</strong></span> <span class='ocrx_word' id='word_1_104' title='bbox 1613 1264 1890 1342; x_wconf 83' lang='lat' dir='ltr'><strong>Spiritus</strong></span> <span class='ocrx_word' id='word_1_105' title='bbox 1915 1265 2117 1326; x_wconf 89' lang='lat' dir='ltr'><strong>sancti</strong></span> <span class='ocrx_word' id='word_1_106' title='bbox 2152 1283 2187 1328; x_wconf 93' lang='lat' dir='ltr'><strong>a</strong></span> <span class='ocrx_word' id='word_1_107' title='bbox 2218 1266 2404 1327; x_wconf 90' lang='lat' dir='ltr'><strong>nobis</strong></span> <span class='ocrx_word' id='word_1_108' title='bbox 2441 1267 2690 1329; x_wconf 76' lang='lat' dir='ltr'><strong>admitti</strong></span> <span class='ocrx_word' id='word_1_109' title='bbox 2719 1267 3086 1341; x_wconf 87' lang='lat' dir='ltr'><strong>arbitratur,</strong></span> <span class='ocrx_word' id='word_1_110' title='bbox 3127 1276 3222 1332; x_wconf 87' lang='lat' dir='ltr'><strong>vel</strong></span> <span class='ocrx_word' id='word_1_111' title='bbox 3255 1270 3478 1333; x_wconf 86' lang='lat' dir='ltr'><strong>saltem</strong></span> <span class='ocrx_word' id='word_1_112' title='bbox 3523 1291 3740 1336; x_wconf 88' lang='lat' dir='ltr'><strong>neces-</strong></span> 
     </span>
    </p>
   </div>
   <div class='ocr_carea' id='block_1_11' title="bbox 483 1366 3740 1454">
    <p class='ocr_par' dir='ltr' id='par_1_11' title="bbox 483 1366 3740 1454">
     <span class='ocr_line' id='line_1_11' title="bbox 483 1366 3740 1454; baseline 0.003 -29"><span class='ocrx_word' id='word_1_113' title='bbox 483 1368 654 1429; x_wconf 86' lang='lat' dir='ltr'><strong>sario</strong></span> <span class='ocrx_word' id='word_1_114' title='bbox 693 1366 1009 1445; x_wconf 89' lang='lat' dir='ltr'><strong>consequi</strong></span> <span class='ocrx_word' id='word_1_115' title='bbox 1050 1383 1129 1428; x_wconf 83' lang='lat' dir='ltr'><strong>ex</strong></span> <span class='ocrx_word' id='word_1_116' title='bbox 1154 1367 1450 1444; x_wconf 87' lang='lat' dir='ltr'><strong>dogmate</strong></span> <span class='ocrx_word' id='word_1_117' title='bbox 1490 1367 1664 1444; x_wconf 92' lang='lat' dir='ltr'><strong>quod</strong></span> <span class='ocrx_word' id='word_1_118' title='bbox 1699 1383 2210 1445; x_wconf 90' lang='lat' dir='ltr'><strong>propugnamus.</strong></span> <span class='ocrx_word' id='word_1_119' title='bbox 2254 1368 2493 1429; x_wconf 88' lang='lat' dir='ltr'><strong>Mirum</strong></span> <span class='ocrx_word' id='word_1_120' title='bbox 2525 1386 2706 1445; x_wconf 86' lang='lat' dir='ltr'><strong>sane,</strong></span> <span class='ocrx_word' id='word_1_121' title='bbox 2741 1371 2913 1449; x_wconf 90' lang='lat' dir='ltr'><strong>quod</strong></span> <span class='ocrx_word' id='word_1_122' title='bbox 2973 1372 3073 1433; x_wconf 91' lang='lat' dir='ltr'><strong>vir</strong></span> <span class='ocrx_word' id='word_1_123' title='bbox 3113 1375 3436 1450; x_wconf 68' lang='lat' dir='ltr'><strong>priestanti</strong></span> <span class='ocrx_word' id='word_1_124' title='bbox 3474 1376 3740 1454; x_wconf 90' lang='lat' dir='ltr'><strong>ingenio</strong></span> 
     </span>
    </p>
   </div>
   <div class='ocr_carea' id='block_1_12' title="bbox 484 1464 3750 1553">
    <p class='ocr_par' dir='ltr' id='par_1_12' title="bbox 484 1464 3750 1553">
     <span class='ocr_line' id='line_1_12' title="bbox 484 1464 3750 1553; baseline 0.003 -26"><span class='ocrx_word' id='word_1_125' title='bbox 484 1468 792 1544; x_wconf 64' lang='lat' dir='ltr'><strong>praeditus</strong></span> <span class='ocrx_word' id='word_1_126' title='bbox 822 1467 886 1527; x_wconf 93' lang='lat' dir='ltr'><strong>in</strong></span> <span class='ocrx_word' id='word_1_127' title='bbox 920 1465 1398 1528; x_wconf 89' lang='lat' dir='ltr'><strong>crassissimum</strong></span> <span class='ocrx_word' id='word_1_128' title='bbox 1431 1464 1603 1527; x_wconf 87' lang='lat' dir='ltr'><strong>hunc</strong></span> <span class='ocrx_word' id='word_1_129' title='bbox 1641 1482 1926 1527; x_wconf 86' lang='lat' dir='ltr'><strong>errorem</strong></span> <span class='ocrx_word' id='word_1_130' title='bbox 1969 1466 2352 1544; x_wconf 86' lang='lat' dir='ltr'><strong>impegerit;</strong></span> <span class='ocrx_word' id='word_1_131' title='bbox 2387 1468 2498 1529; x_wconf 89' lang='lat' dir='ltr'><strong>sed</strong></span> <span class='ocrx_word' id='word_1_132' title='bbox 2535 1469 2718 1530; x_wconf 90' lang='lat' dir='ltr'><strong>nullo</strong></span> <span class='ocrx_word' id='word_1_133' title='bbox 2749 1470 2938 1531; x_wconf 92' lang='lat' dir='ltr'><strong>modo</strong></span> <span class='ocrx_word' id='word_1_134' title='bbox 2960 1470 3323 1546; x_wconf 89' lang='lat' dir='ltr'><strong>ferendum,</strong></span> <span class='ocrx_word' id='word_1_135' title='bbox 3370 1477 3549 1553; x_wconf 91' lang='lat' dir='ltr'><strong>quod</strong></span> <span class='ocrx_word' id='word_1_136' title='bbox 3586 1474 3750 1537; x_wconf 58' lang='grc' dir='ltr'><strong>[Ἤρ-⁷</strong></span> 
     </span>
    </p>
   </div>
   <div class='ocr_carea' id='block_1_13' title="bbox 479 1564 3742 1652">
    <p class='ocr_par' dir='ltr' id='par_1_13' title="bbox 479 1564 3742 1652">
     <span class='ocr_line' id='line_1_13' title="bbox 479 1564 3742 1652; baseline 0.003 -25"><span class='ocrx_word' id='word_1_137' title='bbox 479 1568 644 1630; x_wconf 81' lang='lat' dir='ltr'><strong>tiani</strong></span> <span class='ocrx_word' id='word_1_138' title='bbox 681 1569 1092 1648; x_wconf 88' lang='lat' dir='ltr'><strong>huncipsum</strong></span> <span class='ocrx_word' id='word_1_139' title='bbox 1117 1585 1402 1631; x_wconf 90' lang='lat' dir='ltr'><strong>errorem</strong></span> <span class='ocrx_word' id='word_1_140' title='bbox 1436 1567 1621 1628; x_wconf 90' lang='lat' dir='ltr'><strong>nobis</strong></span> <span class='ocrx_word' id='word_1_141' title='bbox 1653 1564 1862 1626; x_wconf 70' lang='lat' dir='ltr'><strong>adhuc</strong></span> <span class='ocrx_word' id='word_1_142' title='bbox 1908 1564 2187 1643; x_wconf 87' lang='lat' dir='ltr'><strong>objicere</strong></span> <span class='ocrx_word' id='word_1_143' title='bbox 2225 1574 2284 1626; x_wconf 93' lang='lat' dir='ltr'><strong>et</strong></span> <span class='ocrx_word' id='word_1_144' title='bbox 2321 1567 2709 1644; x_wconf 66' lang='lat' dir='ltr'><strong>estprobrare</strong></span> <span class='ocrx_word' id='word_1_145' title='bbox 2768 1586 2895 1632; x_wconf 90' lang='lat' dir='ltr'><strong>non</strong></span> <span class='ocrx_word' id='word_1_146' title='bbox 2940 1572 3260 1647; x_wconf 88' lang='lat' dir='ltr'><strong>desinant,</strong></span> <span class='ocrx_word' id='word_1_147' title='bbox 3298 1583 3638 1652; x_wconf 87' lang='lat' dir='ltr'><strong>postquam</strong></span> <span class='ocrx_word' id='word_1_148' title='bbox 3682 1587 3742 1636; x_wconf 91' lang='lat' dir='ltr'><strong>et</strong></span> 
     </span>
    </p>
   </div>
   <div class='ocr_carea' id='block_1_14' title="bbox 488 1667 3741 1752">
    <p class='ocr_par' dir='ltr' id='par_1_14' title="bbox 488 1667 3741 1752">
     <span class='ocr_line' id='line_1_14' title="bbox 488 1667 3741 1752; baseline 0.003 -25"><span class='ocrx_word' id='word_1_149' title='bbox 488 1671 758 1743; x_wconf 65' lang='lat' dir='ltr'><strong>centies,</strong></span> <span class='ocrx_word' id='word_1_150' title='bbox 803 1679 863 1733; x_wconf 92' lang='lat' dir='ltr'><strong>et</strong></span> <span class='ocrx_word' id='word_1_151' title='bbox 893 1671 1157 1744; x_wconf 89' lang='lat' dir='ltr'><strong>millies,</strong></span> <span class='ocrx_word' id='word_1_152' title='bbox 1185 1681 1248 1733; x_wconf 87' lang='lat' dir='ltr'><strong>et</strong></span> <span class='ocrx_word' id='word_1_153' title='bbox 1272 1668 1790 1733; x_wconf 88' lang='lat' dir='ltr'><strong>luculentissime</strong></span> <span class='ocrx_word' id='word_1_154' title='bbox 1821 1667 2086 1748; x_wconf 91' lang='lat' dir='ltr'><strong>quidem</strong></span> <span class='ocrx_word' id='word_1_155' title='bbox 2121 1668 2253 1730; x_wconf 78' lang='lat' dir='ltr'><strong>htec</strong></span> <span class='ocrx_word' id='word_1_156' title='bbox 2283 1686 2315 1730; x_wconf 90' lang='lat' dir='ltr'><strong>a</strong></span> <span class='ocrx_word' id='word_1_157' title='bbox 2346 1671 2583 1732; x_wconf 89' lang='lat' dir='ltr'><strong>nostris</strong></span> <span class='ocrx_word' id='word_1_158' title='bbox 2617 1673 2887 1733; x_wconf 90' lang='lat' dir='ltr'><strong>contrita</strong></span> <span class='ocrx_word' id='word_1_159' title='bbox 2926 1672 3201 1752; x_wconf 87' lang='lat' dir='ltr'><strong>objectio</strong></span> <span class='ocrx_word' id='word_1_160' title='bbox 3234 1683 3353 1734; x_wconf 90' lang='lat' dir='ltr'><strong>est.</strong></span> <span class='ocrx_word' id='word_1_161' title='bbox 3381 1675 3558 1747; x_wconf 87' lang='lat' dir='ltr'><strong>Quid</strong></span> <span class='ocrx_word' id='word_1_162' title='bbox 3593 1692 3741 1736; x_wconf 87' lang='lat' dir='ltr'><strong>vero</strong></span> 
     </span>
    </p>
   </div>
   <div class='ocr_carea' id='block_1_15' title="bbox 483 1769 3746 1854">
    <p class='ocr_par' dir='ltr' id='par_1_15' title="bbox 483 1769 3746 1854">
     <span class='ocr_line' id='line_1_15' title="bbox 483 1769 3746 1854; baseline 0.001 -21"><span class='ocrx_word' id='word_1_163' title='bbox 483 1773 836 1835; x_wconf 85' lang='lat' dir='ltr'><strong>dicendum</strong></span> <span class='ocrx_word' id='word_1_164' title='bbox 872 1775 953 1834; x_wconf 91' lang='lat' dir='ltr'><strong>de</strong></span> <span class='ocrx_word' id='word_1_165' title='bbox 999 1771 1495 1851; x_wconf 87' lang='lat' dir='ltr'><strong>prraimojam</strong></span> <span class='ocrx_word' id='word_1_166' title='bbox 1521 1769 1672 1831; x_wconf 92' lang='lat' dir='ltr'><strong>alibi</strong></span> <span class='ocrx_word' id='word_1_167' title='bbox 1714 1777 2087 1840; x_wconf 90' lang='lat' dir='ltr'><strong>memorato,</strong></span> <span class='ocrx_word' id='word_1_168' title='bbox 2122 1769 2234 1848; x_wconf 89' lang='lat' dir='ltr'><strong>qui</strong></span> <span class='ocrx_word' id='word_1_169' title='bbox 2270 1769 2337 1830; x_wconf 94' lang='lat' dir='ltr'><strong>in</strong></span> <span class='ocrx_word' id='word_1_170' title='bbox 2384 1770 2755 1848; x_wconf 64' lang='lat' dir='ltr'><strong>praefatione</strong></span> <span class='ocrx_word' id='word_1_171' title='bbox 2790 1774 3107 1851; x_wconf 66' lang='lat' dir='ltr'><strong>praedicta,</strong></span> <span class='ocrx_word' id='word_1_172' title='bbox 3140 1791 3269 1836; x_wconf 90' lang='lat' dir='ltr'><strong>non</strong></span> <span class='ocrx_word' id='word_1_173' title='bbox 3323 1777 3522 1836; x_wconf 89' lang='lat' dir='ltr'><strong>modo</strong></span> <span class='ocrx_word' id='word_1_174' title='bbox 3556 1775 3746 1854; x_wconf 87' lang='lat' dir='ltr'><strong>jacti-</strong></span> 
     </span>
    </p>
   </div>
   <div class='ocr_carea' id='block_1_16' title="bbox 483 1867 2080 1953">
    <p class='ocr_par' dir='ltr' id='par_1_16' title="bbox 483 1867 2080 1949">
     <span class='ocr_line' id='line_1_16' title="bbox 483 1867 2080 1949; baseline -0.005 -16"><span class='ocrx_word' id='word_1_175' title='bbox 483 1881 595 1944; x_wconf 88' lang='lat' dir='ltr'><strong>tat,</strong></span> <span class='ocrx_word' id='word_1_176' title='bbox 633 1887 748 1933; x_wconf 93' lang='lat' dir='ltr'><strong>nos</strong></span> <span class='ocrx_word' id='word_1_177' title='bbox 782 1880 1046 1949; x_wconf 76' lang='grc' dir='ltr'><strong>ἐμπεσεῖν</strong></span> <span class='ocrx_word' id='word_1_178' title='bbox 1068 1879 1146 1940; x_wconf 71' lang='grc' dir='ltr'><strong>εἰς</strong></span> <span class='ocrx_word' id='word_1_179' title='bbox 1175 1877 1237 1931; x_wconf 80' lang='grc' dir='ltr'><strong>τὸ</strong></span> <span class='ocrx_word' id='word_1_180' title='bbox 1268 1875 1544 1948; x_wconf 79' lang='grc' dir='ltr'><strong>βάραθρον</strong></span> <span class='ocrx_word' id='word_1_181' title='bbox 1573 1876 1674 1946; x_wconf 81' lang='grc' dir='ltr'><strong>τῆς</strong></span> <span class='ocrx_word' id='word_1_182' title='bbox 1716 1875 2000 1945; x_wconf 74' lang='grc' dir='ltr'>δυαρχίας,</span> <span class='ocrx_word' id='word_1_183' title='bbox 2032 1867 2080 1927; x_wconf 73' lang='lat' dir='ltr'><strong>i1</strong></span> 
     </span>
    </p>
   </div>
   <div class='ocr_carea' id='block_1_17' title="bbox 2152 1867 3749 1953">
    <p class='ocr_par' dir='ltr' id='par_1_17' title="bbox 2152 1867 3749 1953">
     <span class='ocr_line' id='line_1_17' title="bbox 2152 1867 3749 1953; baseline 0.007 -26"><span class='ocrx_word' id='word_1_184' title='bbox 2152 1867 2312 1927; x_wconf 82' lang='lat' dir='ltr'><strong>idere</strong></span> <span class='ocrx_word' id='word_1_185' title='bbox 2366 1870 2435 1928; x_wconf 84' lang='lat' dir='ltr'><strong>in</strong></span> <span class='ocrx_word' id='word_1_186' title='bbox 2487 1868 2857 1930; x_wconf 73' lang='lat' dir='ltr'><strong>barathrum</strong></span> <span class='ocrx_word' id='word_1_187' title='bbox 2913 1871 3192 1950; x_wconf 77' lang='lat' dir='ltr'><strong>duplicis</strong></span> <span class='ocrx_word' id='word_1_188' title='bbox 3242 1874 3598 1953; x_wconf 83' lang='lat' dir='ltr'><strong>principii;</strong></span> <span class='ocrx_word' id='word_1_189' title='bbox 3637 1877 3749 1938; x_wconf 87' lang='lat' dir='ltr'><strong>sed</strong></span> 
     </span>
    </p>
   </div>
   <div class='ocr_carea' id='block_1_18' title="bbox 485 1968 3753 2053">
    <p class='ocr_par' dir='ltr' id='par_1_18' title="bbox 485 1968 3753 2053">
     <span class='ocr_line' id='line_1_18' title="bbox 485 1968 3753 2053; baseline 0.002 -21"><span class='ocrx_word' id='word_1_190' title='bbox 485 1975 706 2045; x_wconf 89' lang='lat' dir='ltr'><strong>etiam,</strong></span> <span class='ocrx_word' id='word_1_191' title='bbox 744 1980 816 2034; x_wconf 90' lang='lat' dir='ltr'><strong>ut</strong></span> <span class='ocrx_word' id='word_1_192' title='bbox 853 1972 1158 2050; x_wconf 88' lang='lat' dir='ltr'><strong>majorem</strong></span> <span class='ocrx_word' id='word_1_193' title='bbox 1195 1970 1384 2032; x_wconf 92' lang='lat' dir='ltr'><strong>nobis</strong></span> <span class='ocrx_word' id='word_1_194' title='bbox 1415 1968 1648 2031; x_wconf 85' lang='lat' dir='ltr'><strong>eonﬂet</strong></span> <span class='ocrx_word' id='word_1_195' title='bbox 1701 1969 2039 2043; x_wconf 89' lang='lat' dir='ltr'><strong>invidiam,</strong></span> <span class='ocrx_word' id='word_1_196' title='bbox 2075 1970 2311 2044; x_wconf 78' lang='lat' dir='ltr'><strong>eﬂ‘utit,</strong></span> <span class='ocrx_word' id='word_1_197' title='bbox 2348 1972 2610 2034; x_wconf 89' lang='lat' dir='ltr'><strong>Latinos</strong></span> <span class='ocrx_word' id='word_1_198' title='bbox 2648 1989 2965 2050; x_wconf 85' lang='lat' dir='ltr'><strong>asserere,</strong></span> <span class='ocrx_word' id='word_1_199' title='bbox 2992 1976 3300 2053; x_wconf 84' lang='lat' dir='ltr'><strong>Spiritum</strong></span> <span class='ocrx_word' id='word_1_200' title='bbox 3333 1987 3636 2039; x_wconf 75' lang='lat' dir='ltr'><strong>sanctum</strong></span> <span class='ocrx_word' id='word_1_201' title='bbox 3675 1998 3753 2039; x_wconf 76' lang='lat' dir='ltr'><strong>ea:</strong></span> 
     </span>
    </p>
   </div>
   <div class='ocr_carea' id='block_1_19' title="bbox 485 2068 2082 2157">
    <p class='ocr_par' dir='ltr' id='par_1_19' title="bbox 485 2068 2082 2148">
     <span class='ocr_line' id='line_1_19' title="bbox 485 2068 2082 2148; baseline -0.001 -18"><span class='ocrx_word' id='word_1_202' title='bbox 485 2068 656 2130; x_wconf 82' lang='lat' dir='ltr'><strong>Filio</strong></span> <span class='ocrx_word' id='word_1_203' title='bbox 681 2085 826 2129; x_wconf 92' lang='lat' dir='ltr'><strong>esse</strong></span> <span class='ocrx_word' id='word_1_204' title='bbox 844 2077 918 2140; x_wconf 84' lang='grc' dir='ltr'><strong>ὡς</strong></span> <span class='ocrx_word' id='word_1_205' title='bbox 931 2077 1094 2146; x_wconf 79' lang='grc' dir='ltr'><strong>δῆθεν</strong></span> <span class='ocrx_word' id='word_1_206' title='bbox 1120 2075 1198 2148; x_wconf 80' lang='grc' dir='ltr'><strong>μὴ</strong></span> <span class='ocrx_word' id='word_1_207' title='bbox 1232 2075 1376 2145; x_wconf 74' lang='grc' dir='ltr'>ἕχον,</span> <span class='ocrx_word' id='word_1_208' title='bbox 1406 2077 1471 2129; x_wconf 75' lang='grc' dir='ltr'><strong>ὲκ</strong></span> <span class='ocrx_word' id='word_1_209' title='bbox 1497 2073 1592 2126; x_wconf 83' lang='grc' dir='ltr'><strong>τοῦ</strong></span> <span class='ocrx_word' id='word_1_210' title='bbox 1620 2075 1830 2146; x_wconf 67' lang='lat' dir='ltr'><strong>[Ia-cpe;</strong></span> <span class='ocrx_word' id='word_1_211' title='bbox 1858 2077 2082 2147; x_wconf 73' lang='grc' dir='ltr'>ὲκπορει</span> 
     </span>
    </p>
   </div>
   <div class='ocr_carea' id='block_1_20' title="bbox 2152 2068 3749 2157">
    <p class='ocr_par' dir='ltr' id='par_1_20' title="bbox 2152 2073 3749 2157">
     <span class='ocr_line' id='line_1_20' title="bbox 2152 2073 3749 2157; baseline 0.006 -30"><span class='ocrx_word' id='word_1_212' title='bbox 2152 2093 2214 2141; x_wconf 85' lang='grc' dir='ltr'><strong>;ν,</strong></span> <span class='ocrx_word' id='word_1_213' title='bbox 2236 2076 2336 2146; x_wconf 83' lang='grc' dir='ltr'><strong>τὴν</strong></span> <span class='ocrx_word' id='word_1_214' title='bbox 2363 2076 2702 2148; x_wconf 81' lang='grc' dir='ltr'><strong>τελειότητα,</strong></span> <span class='ocrx_word' id='word_1_215' title='bbox 2737 2073 2888 2150; x_wconf 83' lang='lat' dir='ltr'><strong>quia</strong></span> <span class='ocrx_word' id='word_1_216' title='bbox 2918 2074 3163 2135; x_wconf 77' lang='lat' dir='ltr'><strong>scilicet</strong></span> <span class='ocrx_word' id='word_1_217' title='bbox 3192 2093 3320 2134; x_wconf 88' lang='lat' dir='ltr'><strong>non</strong></span> <span class='ocrx_word' id='word_1_218' title='bbox 3351 2077 3561 2152; x_wconf 81' lang='lat' dir='ltr'><strong>habet,</strong></span> <span class='ocrx_word' id='word_1_219' title='bbox 3599 2096 3749 2157; x_wconf 56' lang='lat' dir='ltr'><strong>qua.</strong></span> 
     </span>
    </p>
   </div>
   <div class='ocr_carea' id='block_1_21' title="bbox 481 2167 3747 2254">
    <p class='ocr_par' dir='ltr' id='par_1_21' title="bbox 481 2167 3747 2254">
     <span class='ocr_line' id='line_1_21' title="bbox 481 2167 3747 2254; baseline 0.002 -24"><span class='ocrx_word' id='word_1_220' title='bbox 481 2179 667 2230; x_wconf 75' lang='lat' dir='ltr'><strong>tenus</strong></span> <span class='ocrx_word' id='word_1_221' title='bbox 694 2187 736 2234; x_wconf 73' lang='grc' dir='ltr'><strong>ιι</strong></span> <span class='ocrx_word' id='word_1_222' title='bbox 765 2168 957 2230; x_wconf 84' lang='lat' dir='ltr'><strong>Patre</strong></span> <span class='ocrx_word' id='word_1_223' title='bbox 981 2167 1299 2246; x_wconf 80' lang='lat' dir='ltr'><strong>procedit,</strong></span> <span class='ocrx_word' id='word_1_224' title='bbox 1331 2168 1818 2246; x_wconf 77' lang='lat' dir='ltr'><strong>perfectionem;</strong></span> <span class='ocrx_word' id='word_1_225' title='bbox 1851 2167 2144 2246; x_wconf 83' lang='lat' dir='ltr'><strong>adeoque</strong></span> <span class='ocrx_word' id='word_1_226' title='bbox 2170 2177 2246 2240; x_wconf 84' lang='grc' dir='ltr'><strong>ὡς</strong></span> <span class='ocrx_word' id='word_1_227' title='bbox 2273 2177 2484 2242; x_wconf 77' lang='grc' dir='ltr'><strong>ἀτελὲς,</strong></span> <span class='ocrx_word' id='word_1_228' title='bbox 2515 2181 2588 2231; x_wconf 84' lang='lat' dir='ltr'><strong>ut</strong></span> <span class='ocrx_word' id='word_1_229' title='bbox 2617 2174 3050 2253; x_wconf 81' lang='lat' dir='ltr'><strong>imperfectum</strong></span> <span class='ocrx_word' id='word_1_230' title='bbox 3105 2181 3449 2254; x_wconf 89' lang='lat' dir='ltr'><strong>procedere</strong></span> <span class='ocrx_word' id='word_1_231' title='bbox 3483 2178 3673 2240; x_wconf 88' lang='lat' dir='ltr'><strong>etiam</strong></span> <span class='ocrx_word' id='word_1_232' title='bbox 3711 2194 3747 2240; x_wconf 87' lang='lat' dir='ltr'><strong>a</strong></span> 
     </span>
    </p>
   </div>
   <div class='ocr_carea' id='block_1_22' title="bbox 483 2267 2080 2350">
    <p class='ocr_par' dir='ltr' id='par_1_22' title="bbox 483 2267 2080 2347">
     <span class='ocr_line' id='line_1_22' title="bbox 483 2267 2080 2347; baseline -0.002 -16"><span class='ocrx_word' id='word_1_233' title='bbox 483 2271 655 2332; x_wconf 73' lang='lat' dir='ltr'><strong>Filio</strong></span> <span class='ocrx_word' id='word_1_234' title='bbox 692 2277 781 2332; x_wconf 80' lang='grc' dir='ltr'><strong>ἵνα</strong></span> <span class='ocrx_word' id='word_1_235' title='bbox 805 2277 867 2332; x_wconf 80' lang='grc' dir='ltr'><strong>τὸ</strong></span> <span class='ocrx_word' id='word_1_236' title='bbox 895 2276 1101 2332; x_wconf 78' lang='grc' dir='ltr'><strong>τέλειον</strong></span> <span class='ocrx_word' id='word_1_237' title='bbox 1133 2276 1442 2347; x_wconf 78' lang='grc' dir='ltr'><strong>προσλάϐῃ,</strong></span> <span class='ocrx_word' id='word_1_238' title='bbox 1471 2276 1545 2327; x_wconf 82' lang='lat' dir='ltr'><strong>ut</strong></span> <span class='ocrx_word' id='word_1_239' title='bbox 1561 2267 2006 2346; x_wconf 79' lang='lat' dir='ltr'><strong>perfectionem</strong></span> <span class='ocrx_word' id='word_1_240' title='bbox 2029 2285 2080 2328; x_wconf 77' lang='lat' dir='ltr'><strong>rt</strong></span> 
     </span>
    </p>
   </div>
   <div class='ocr_carea' id='block_1_23' title="bbox 2148 2267 3745 2350">
    <p class='ocr_par' dir='ltr' id='par_1_23' title="bbox 2148 2270 3745 2350">
     <span class='ocr_line' id='line_1_23' title="bbox 2148 2270 3745 2350; baseline 0.008 -22"><span class='ocrx_word' id='word_1_241' title='bbox 2148 2270 2323 2346; x_wconf 81' lang='lat' dir='ltr'><strong>ipiat.</strong></span> <span class='ocrx_word' id='word_1_242' title='bbox 2357 2270 2616 2346; x_wconf 87' lang='lat' dir='ltr'><strong>Verum,</strong></span> <span class='ocrx_word' id='word_1_243' title='bbox 2649 2289 2686 2334; x_wconf 92' lang='grc' dir='ltr'>ο</span> <span class='ocrx_word' id='word_1_244' title='bbox 2735 2274 2927 2350; x_wconf 91' lang='lat' dir='ltr'><strong>bone,</strong></span> <span class='ocrx_word' id='word_1_245' title='bbox 2957 2275 3008 2336; x_wconf 92' lang='lat' dir='ltr'><strong>si</strong></span> <span class='ocrx_word' id='word_1_246' title='bbox 3053 2292 3133 2337; x_wconf 81' lang='lat' dir='ltr'><strong>ex</strong></span> <span class='ocrx_word' id='word_1_247' title='bbox 3173 2277 3496 2340; x_wconf 89' lang='lat' dir='ltr'><strong>sententia</strong></span> <span class='ocrx_word' id='word_1_248' title='bbox 3532 2285 3745 2342; x_wconf 88' lang='lat' dir='ltr'><strong>nostra</strong></span> 
     </span>
    </p>
   </div>
   <div class='ocr_carea' id='block_1_24' title="bbox 486 2371 3744 2458">
    <p class='ocr_par' dir='ltr' id='par_1_24' title="bbox 486 2371 3744 2458">
     <span class='ocr_line' id='line_1_24' title="bbox 486 2371 3744 2458; baseline 0.001 -21"><span class='ocrx_word' id='word_1_249' title='bbox 486 2373 940 2454; x_wconf 86' lang='lat' dir='ltr'><strong>consequitur,</strong></span> <span class='ocrx_word' id='word_1_250' title='bbox 977 2371 1285 2450; x_wconf 90' lang='lat' dir='ltr'><strong>Spiritum</strong></span> <span class='ocrx_word' id='word_1_251' title='bbox 1318 2377 1607 2433; x_wconf 90' lang='lat' dir='ltr'><strong>sanctum</strong></span> <span class='ocrx_word' id='word_1_252' title='bbox 1643 2388 1678 2432; x_wconf 92' lang='lat' dir='ltr'><strong>a</strong></span> <span class='ocrx_word' id='word_1_253' title='bbox 1716 2373 1895 2433; x_wconf 89' lang='lat' dir='ltr'><strong>Patre</strong></span> <span class='ocrx_word' id='word_1_254' title='bbox 1935 2373 2296 2452; x_wconf 80' lang='lat' dir='ltr'><strong>imperfecte</strong></span> <span class='ocrx_word' id='word_1_255' title='bbox 2319 2373 2682 2452; x_wconf 82' lang='lat' dir='ltr'><strong>procedere,</strong></span> <span class='ocrx_word' id='word_1_256' title='bbox 2710 2376 2863 2455; x_wconf 85' lang='lat' dir='ltr'><strong>quia</strong></span> <span class='ocrx_word' id='word_1_257' title='bbox 2883 2378 3065 2458; x_wconf 80' lang='lat' dir='ltr'><strong>juxta</strong></span> <span class='ocrx_word' id='word_1_258' title='bbox 3099 2395 3216 2441; x_wconf 92' lang='lat' dir='ltr'><strong>nos</strong></span> <span class='ocrx_word' id='word_1_259' title='bbox 3247 2382 3534 2458; x_wconf 86' lang='lat' dir='ltr'><strong>procedit</strong></span> <span class='ocrx_word' id='word_1_260' title='bbox 3558 2380 3744 2443; x_wconf 87' lang='lat' dir='ltr'><strong>etiam</strong></span> 
     </span>
    </p>
   </div>
   <div class='ocr_carea' id='block_1_25' title="bbox 487 2471 3749 2560">
    <p class='ocr_par' dir='ltr' id='par_1_25' title="bbox 487 2471 3749 2560">
     <span class='ocr_line' id='line_1_25' title="bbox 487 2471 3749 2560; baseline 0.001 -22"><span class='ocrx_word' id='word_1_261' title='bbox 487 2493 519 2538; x_wconf 90' lang='lat' dir='ltr'><strong>a</strong></span> <span class='ocrx_word' id='word_1_262' title='bbox 551 2475 742 2549; x_wconf 89' lang='lat' dir='ltr'><strong>Filio,</strong></span> <span class='ocrx_word' id='word_1_263' title='bbox 771 2490 988 2537; x_wconf 83' lang='lat' dir='ltr'><strong>nonne</strong></span> <span class='ocrx_word' id='word_1_264' title='bbox 1032 2488 1441 2552; x_wconf 90' lang='lat' dir='ltr'><strong>consequens</strong></span> <span class='ocrx_word' id='word_1_265' title='bbox 1472 2471 1594 2534; x_wconf 91' lang='lat' dir='ltr'><strong>erit</strong></span> <span class='ocrx_word' id='word_1_266' title='bbox 1636 2471 1821 2549; x_wconf 83' lang='lat' dir='ltr'><strong>juxta</strong></span> <span class='ocrx_word' id='word_1_267' title='bbox 1852 2487 1993 2546; x_wconf 91' lang='lat' dir='ltr'><strong>vos,</strong></span> <span class='ocrx_word' id='word_1_268' title='bbox 2030 2474 2280 2534; x_wconf 84' lang='lat' dir='ltr'><strong>Patrem</strong></span> <span class='ocrx_word' id='word_1_269' title='bbox 2345 2476 2705 2556; x_wconf 79' lang='lat' dir='ltr'><strong>imperfecte</strong></span> <span class='ocrx_word' id='word_1_270' title='bbox 2739 2480 3097 2556; x_wconf 86' lang='lat' dir='ltr'><strong>producere</strong></span> <span class='ocrx_word' id='word_1_271' title='bbox 3153 2480 3555 2556; x_wconf 89' lang='lat' dir='ltr'><strong>universum,</strong></span> <span class='ocrx_word' id='word_1_272' title='bbox 3596 2482 3749 2560; x_wconf 86' lang='lat' dir='ltr'><strong>quia</strong></span> 
     </span>
    </p>
   </div>
   <div class='ocr_carea' id='block_1_26' title="bbox 485 2571 3751 2657">
    <p class='ocr_par' dir='ltr' id='par_1_26' title="bbox 485 2571 3751 2657">
     <span class='ocr_line' id='line_1_26' title="bbox 485 2571 3751 2657; baseline 0.001 -19"><span class='ocrx_word' id='word_1_273' title='bbox 485 2593 620 2638; x_wconf 79' lang='lat' dir='ltr'><strong>non</strong></span> <span class='ocrx_word' id='word_1_274' title='bbox 635 2576 712 2637; x_wconf 90' lang='lat' dir='ltr'><strong>ab</strong></span> <span class='ocrx_word' id='word_1_275' title='bbox 728 2591 878 2648; x_wconf 90' lang='lat' dir='ltr'><strong>una,</strong></span> <span class='ocrx_word' id='word_1_276' title='bbox 903 2573 1013 2635; x_wconf 92' lang='lat' dir='ltr'><strong>sed</strong></span> <span class='ocrx_word' id='word_1_277' title='bbox 1033 2573 1112 2634; x_wconf 89' lang='lat' dir='ltr'><strong>ab</strong></span> <span class='ocrx_word' id='word_1_278' title='bbox 1129 2571 1426 2633; x_wconf 88' lang='lat' dir='ltr'><strong>omnibus</strong></span> <span class='ocrx_word' id='word_1_279' title='bbox 1451 2571 2166 2650; x_wconf 82' lang='lat' dir='ltr'><strong>singulisquepersonis</strong></span> <span class='ocrx_word' id='word_1_280' title='bbox 2195 2573 2607 2652; x_wconf 86' lang='lat' dir='ltr'><strong>producitur?</strong></span> <span class='ocrx_word' id='word_1_281' title='bbox 2629 2577 2702 2636; x_wconf 90' lang='lat' dir='ltr'><strong>Et</strong></span> <span class='ocrx_word' id='word_1_282' title='bbox 2719 2575 2776 2637; x_wconf 89' lang='lat' dir='ltr'><strong>si</strong></span> <span class='ocrx_word' id='word_1_283' title='bbox 2793 2594 2910 2640; x_wconf 91' lang='lat' dir='ltr'><strong>nos</strong></span> <span class='ocrx_word' id='word_1_284' title='bbox 2926 2578 3230 2657; x_wconf 86' lang='lat' dir='ltr'><strong>Spiritum</strong></span> <span class='ocrx_word' id='word_1_285' title='bbox 3245 2583 3751 2643; x_wconf 83' lang='lat' dir='ltr'><strong>sanctumadua-</strong></span> 
     </span>
    </p>
   </div>
   <div class='ocr_carea' id='block_1_27' title="bbox 491 2668 3749 2759">
    <p class='ocr_par' dir='ltr' id='par_1_27' title="bbox 491 2668 3749 2759">
     <span class='ocr_line' id='line_1_27' title="bbox 491 2668 3749 2759; baseline 0 -18"><span class='ocrx_word' id='word_1_286' title='bbox 491 2681 612 2741; x_wconf 89' lang='lat' dir='ltr'><strong>bus</strong></span> <span class='ocrx_word' id='word_1_287' title='bbox 636 2674 929 2751; x_wconf 86' lang='lat' dir='ltr'><strong>personis</strong></span> <span class='ocrx_word' id='word_1_288' title='bbox 955 2690 1096 2736; x_wconf 90' lang='lat' dir='ltr'><strong>esse</strong></span> <span class='ocrx_word' id='word_1_289' title='bbox 1124 2673 1460 2745; x_wconf 88' lang='lat' dir='ltr'><strong>docentes,</strong></span> <span class='ocrx_word' id='word_1_290' title='bbox 1495 2668 1565 2734; x_wconf 89' lang='lat' dir='ltr'><strong>in</strong></span> <span class='ocrx_word' id='word_1_291' title='bbox 1599 2681 1882 2752; x_wconf 77' lang='grc' dir='ltr'><strong>δυαρχῑας,</strong></span> <span class='ocrx_word' id='word_1_292' title='bbox 1904 2671 2172 2734; x_wconf 84' lang='lat' dir='ltr'><strong>duorum</strong></span> <span class='ocrx_word' id='word_1_293' title='bbox 2194 2677 2664 2755; x_wconf 79' lang='lat' dir='ltr'><strong>principiorum</strong></span> <span class='ocrx_word' id='word_1_294' title='bbox 2686 2695 2968 2740; x_wconf 85' lang='lat' dir='ltr'><strong>errorem</strong></span> <span class='ocrx_word' id='word_1_295' title='bbox 3007 2679 3422 2758; x_wconf 87' lang='lat' dir='ltr'><strong>prolabimur,</strong></span> <span class='ocrx_word' id='word_1_296' title='bbox 3451 2698 3561 2742; x_wconf 91' lang='lat' dir='ltr'><strong>vos</strong></span> <span class='ocrx_word' id='word_1_297' title='bbox 3595 2698 3749 2759; x_wconf 78' lang='lat' dir='ltr'><strong>ergo</strong></span> 
     </span>
    </p>
   </div>
   <div class='ocr_carea' id='block_1_28' title="bbox 488 2777 3746 2859">
    <p class='ocr_par' dir='ltr' id='par_1_28' title="bbox 488 2777 3746 2859">
     <span class='ocr_line' id='line_1_28' title="bbox 488 2777 3746 2859; baseline -0 -16"><span class='ocrx_word' id='word_1_298' title='bbox 488 2780 957 2844; x_wconf 66' lang='lat' dir='ltr'><strong>itu-barathrum</strong></span> <span class='ocrx_word' id='word_1_299' title='bbox 989 2784 1300 2858; x_wconf 82' lang='grc' dir='ltr'><strong>τριαρχίας,</strong></span> <span class='ocrx_word' id='word_1_300' title='bbox 1341 2777 1535 2838; x_wconf 81' lang='lat' dir='ltr'><strong>trium</strong></span> <span class='ocrx_word' id='word_1_301' title='bbox 1560 2777 2032 2856; x_wconf 77' lang='lat' dir='ltr'><strong>principiorum</strong></span> <span class='ocrx_word' id='word_1_302' title='bbox 2063 2777 2378 2855; x_wconf 90' lang='lat' dir='ltr'><strong>inciditis,</strong></span> <span class='ocrx_word' id='word_1_303' title='bbox 2411 2798 2555 2842; x_wconf 93' lang='lat' dir='ltr'><strong>cum</strong></span> <span class='ocrx_word' id='word_1_304' title='bbox 2590 2797 2780 2842; x_wconf 93' lang='lat' dir='ltr'><strong>nemo</strong></span> <span class='ocrx_word' id='word_1_305' title='bbox 2813 2781 3052 2859; x_wconf 91' lang='lat' dir='ltr'><strong>aliquis</strong></span> <span class='ocrx_word' id='word_1_306' title='bbox 3085 2789 3365 2844; x_wconf 90' lang='lat' dir='ltr'><strong>vestrum</strong></span> <span class='ocrx_word' id='word_1_307' title='bbox 3403 2784 3746 2857; x_wconf 84' lang='lat' dir='ltr'><strong>inficietnr,</strong></span> 
     </span>
    </p>
   </div>
   <div class='ocr_carea' id='block_1_29' title="bbox 490 2878 3749 2961">
    <p class='ocr_par' dir='ltr' id='par_1_29' title="bbox 490 2878 3749 2961">
     <span class='ocr_line' id='line_1_29' title="bbox 490 2878 3749 2961; baseline -0.001 -15"><span class='ocrx_word' id='word_1_308' title='bbox 490 2892 602 2947; x_wconf 83' lang='lat' dir='ltr'><strong>aut</strong></span> <span class='ocrx_word' id='word_1_309' title='bbox 631 2882 898 2944; x_wconf 74' lang='lat' dir='ltr'><strong>inﬁciari</strong></span> <span class='ocrx_word' id='word_1_310' title='bbox 936 2889 1155 2960; x_wconf 89' lang='lat' dir='ltr'><strong>queat,</strong></span> <span class='ocrx_word' id='word_1_311' title='bbox 1189 2878 1395 2940; x_wconf 90' lang='lat' dir='ltr'><strong>fuisse</strong></span> <span class='ocrx_word' id='word_1_312' title='bbox 1427 2881 1744 2941; x_wconf 90' lang='lat' dir='ltr'><strong>mundum</strong></span> <span class='ocrx_word' id='word_1_313' title='bbox 1783 2894 1820 2941; x_wconf 90' lang='lat' dir='ltr'><strong>a</strong></span> <span class='ocrx_word' id='word_1_314' title='bbox 1858 2879 2065 2942; x_wconf 90' lang='lat' dir='ltr'><strong>tribus</strong></span> <span class='ocrx_word' id='word_1_315' title='bbox 2101 2882 2396 2959; x_wconf 85' lang='lat' dir='ltr'><strong>personis</strong></span> <span class='ocrx_word' id='word_1_316' title='bbox 2431 2900 2509 2944; x_wconf 87' lang='lat' dir='ltr'><strong>ex</strong></span> <span class='ocrx_word' id='word_1_317' title='bbox 2555 2881 2761 2942; x_wconf 87' lang='lat' dir='ltr'><strong>nihilo</strong></span> <span class='ocrx_word' id='word_1_318' title='bbox 2796 2881 3124 2942; x_wconf 91' lang='lat' dir='ltr'><strong>eductum.</strong></span> <span class='ocrx_word' id='word_1_319' title='bbox 3163 2882 3498 2960; x_wconf 89' lang='lat' dir='ltr'><strong>Quidquid</strong></span> <span class='ocrx_word' id='word_1_320' title='bbox 3547 2883 3749 2961; x_wconf 83' lang='lat' dir='ltr'><strong>igitur</strong></span> 
     </span>
    </p>
   </div>
   <div class='ocr_carea' id='block_1_30' title="bbox 490 2979 3742 3064">
    <p class='ocr_par' dir='ltr' id='par_1_30' title="bbox 490 2979 3742 3064">
     <span class='ocr_line' id='line_1_30' title="bbox 490 2979 3742 3064; baseline -0.002 -16"><span class='ocrx_word' id='word_1_321' title='bbox 490 2986 571 3048; x_wconf 89' lang='lat' dir='ltr'><strong>ad</strong></span> <span class='ocrx_word' id='word_1_322' title='bbox 604 2984 1136 3064; x_wconf 82' lang='lat' dir='ltr'><strong>propugnamlam</strong></span> <span class='ocrx_word' id='word_1_323' title='bbox 1162 2982 1230 3042; x_wconf 89' lang='lat' dir='ltr'><strong>in</strong></span> <span class='ocrx_word' id='word_1_324' title='bbox 1263 2980 1585 3042; x_wconf 81' lang='lat' dir='ltr'><strong>creatione</strong></span> <span class='ocrx_word' id='word_1_325' title='bbox 1611 2979 1900 3042; x_wconf 88' lang='lat' dir='ltr'><strong>universi</strong></span> <span class='ocrx_word' id='word_1_326' title='bbox 1938 2990 2262 3060; x_wconf 81' lang='grc' dir='ltr'><strong>μοναρχίαν,</strong></span> <span class='ocrx_word' id='word_1_327' title='bbox 2293 2983 2598 3042; x_wconf 85' lang='lat' dir='ltr'><strong>unitatem</strong></span> <span class='ocrx_word' id='word_1_328' title='bbox 2621 2982 2939 3059; x_wconf 86' lang='lat' dir='ltr'><strong>principii</strong></span> <span class='ocrx_word' id='word_1_329' title='bbox 2961 2981 3202 3043; x_wconf 89' lang='lat' dir='ltr'><strong>dictum</strong></span> <span class='ocrx_word' id='word_1_330' title='bbox 3237 2997 3270 3042; x_wconf 93' lang='lat' dir='ltr'><strong>a</strong></span> <span class='ocrx_word' id='word_1_331' title='bbox 3303 2981 3484 3043; x_wconf 87' lang='lat' dir='ltr'><strong>vobis</strong></span> <span class='ocrx_word' id='word_1_332' title='bbox 3516 2981 3742 3054; x_wconf 85' lang='lat' dir='ltr'><strong>fuerit,</strong></span> 
     </span>
    </p>
   </div>
   <div class='ocr_carea' id='block_1_31' title="bbox 489 3079 3749 3163">
    <p class='ocr_par' dir='ltr' id='par_1_31' title="bbox 489 3079 3749 3163">
     <span class='ocr_line' id='line_1_31' title="bbox 489 3079 3749 3163; baseline -0.002 -15"><span class='ocrx_word' id='word_1_333' title='bbox 489 3089 557 3149; x_wconf 91' lang='lat' dir='ltr'><strong>id</strong></span> <span class='ocrx_word' id='word_1_334' title='bbox 589 3086 801 3162; x_wconf 89' lang='lat' dir='ltr'><strong>ipsum</strong></span> <span class='ocrx_word' id='word_1_335' title='bbox 835 3097 1202 3144; x_wconf 88' lang='lat' dir='ltr'><strong>asseremus</strong></span> <span class='ocrx_word' id='word_1_336' title='bbox 1232 3087 1297 3141; x_wconf 87' lang='lat' dir='ltr'><strong>et</strong></span> <span class='ocrx_word' id='word_1_337' title='bbox 1324 3095 1441 3141; x_wconf 90' lang='lat' dir='ltr'><strong>nos</strong></span> <span class='ocrx_word' id='word_1_338' title='bbox 1471 3079 1548 3140; x_wconf 90' lang='lat' dir='ltr'><strong>ad</strong></span> <span class='ocrx_word' id='word_1_339' title='bbox 1579 3079 1924 3142; x_wconf 82' lang='lat' dir='ltr'><strong>tollendam</strong></span> <span class='ocrx_word' id='word_1_340' title='bbox 1953 3082 2018 3142; x_wconf 91' lang='lat' dir='ltr'><strong>in</strong></span> <span class='ocrx_word' id='word_1_341' title='bbox 2044 3081 2467 3160; x_wconf 87' lang='lat' dir='ltr'><strong>productione</strong></span> <span class='ocrx_word' id='word_1_342' title='bbox 2499 3082 2775 3159; x_wconf 89' lang='lat' dir='ltr'><strong>Spiritus</strong></span> <span class='ocrx_word' id='word_1_343' title='bbox 2812 3081 3011 3143; x_wconf 86' lang='lat' dir='ltr'><strong>sancti</strong></span> <span class='ocrx_word' id='word_1_344' title='bbox 3035 3092 3132 3160; x_wconf 81' lang='grc' dir='ltr'><strong>τῆς</strong></span> <span class='ocrx_word' id='word_1_345' title='bbox 3163 3092 3448 3163; x_wconf 64' lang='grc' dir='ltr'><strong>δυαρχίαέ,</strong></span> <span class='ocrx_word' id='word_1_346' title='bbox 3475 3082 3749 3143; x_wconf 85' lang='lat' dir='ltr'><strong>duorum</strong></span> 
     </span>
    </p>
   </div>
   <div class='ocr_carea' id='block_1_32' title="bbox 490 3177 3750 3265">
    <p class='ocr_par' dir='ltr' id='par_1_32' title="bbox 490 3177 3750 3265">
     <span class='ocr_line' id='line_1_32' title="bbox 490 3177 3750 3265; baseline 0 -21"><span class='ocrx_word' id='word_1_347' title='bbox 490 3183 964 3265; x_wconf 79' lang='lat' dir='ltr'><strong>principiorum</strong></span> <span class='ocrx_word' id='word_1_348' title='bbox 995 3177 1402 3242; x_wconf 71' lang='lat' dir='ltr'><strong>exstantium.</strong></span> <span class='ocrx_word' id='word_1_349' title='bbox 1431 3177 1603 3252; x_wconf 88' lang='lat' dir='ltr'><strong>Quid</strong></span> <span class='ocrx_word' id='word_1_350' title='bbox 1641 3179 1815 3238; x_wconf 90' lang='lat' dir='ltr'><strong>enim</strong></span> <span class='ocrx_word' id='word_1_351' title='bbox 1851 3179 2035 3241; x_wconf 88' lang='lat' dir='ltr'><strong>vobis</strong></span> <span class='ocrx_word' id='word_1_352' title='bbox 2067 3179 2240 3240; x_wconf 87' lang='lat' dir='ltr'><strong>aliud</strong></span> <span class='ocrx_word' id='word_1_353' title='bbox 2280 3181 2566 3258; x_wconf 82' lang='lat' dir='ltr'><strong>suppetit</strong></span> <span class='ocrx_word' id='word_1_354' title='bbox 2599 3181 2970 3257; x_wconf 88' lang='lat' dir='ltr'><strong>dicendum,</strong></span> <span class='ocrx_word' id='word_1_355' title='bbox 2999 3182 3124 3244; x_wconf 88' lang='lat' dir='ltr'><strong>nisi</strong></span> <span class='ocrx_word' id='word_1_356' title='bbox 3151 3186 3224 3245; x_wconf 92' lang='lat' dir='ltr'><strong>ad</strong></span> <span class='ocrx_word' id='word_1_357' title='bbox 3259 3182 3750 3261; x_wconf 82' lang='lat' dir='ltr'><strong>multiplicanda</strong></span> 
     </span>
    </p>
   </div>
   <div class='ocr_carea' id='block_1_33' title="bbox 492 3281 3747 3366">
    <p class='ocr_par' dir='ltr' id='par_1_33' title="bbox 492 3281 3747 3366">
     <span class='ocr_line' id='line_1_33' title="bbox 492 3281 3747 3366; baseline -0.002 -17"><span class='ocrx_word' id='word_1_358' title='bbox 492 3285 840 3349; x_wconf 85' lang='lat' dir='ltr'><strong>creationis</strong></span> <span class='ocrx_word' id='word_1_359' title='bbox 903 3281 1222 3362; x_wconf 88' lang='lat' dir='ltr'><strong>principia</strong></span> <span class='ocrx_word' id='word_1_360' title='bbox 1257 3281 1412 3342; x_wconf 88' lang='lat' dir='ltr'><strong>satis</strong></span> <span class='ocrx_word' id='word_1_361' title='bbox 1467 3281 1736 3342; x_wconf 89' lang='lat' dir='ltr'><strong>minime</strong></span> <span class='ocrx_word' id='word_1_362' title='bbox 1789 3298 1961 3355; x_wconf 89' lang='lat' dir='ltr'><strong>esse,</strong></span> <span class='ocrx_word' id='word_1_363' title='bbox 1994 3282 2168 3360; x_wconf 92' lang='lat' dir='ltr'><strong>quod</strong></span> <span class='ocrx_word' id='word_1_364' title='bbox 2228 3281 2449 3359; x_wconf 90' lang='lat' dir='ltr'><strong>plures</strong></span> <span class='ocrx_word' id='word_1_365' title='bbox 2503 3292 2859 3362; x_wconf 84' lang='lat' dir='ltr'><strong>operentur</strong></span> <span class='ocrx_word' id='word_1_366' title='bbox 2909 3302 3232 3363; x_wconf 60' lang='lat' dir='ltr'><strong>personas;</strong></span> <span class='ocrx_word' id='word_1_367' title='bbox 3295 3286 3405 3347; x_wconf 89' lang='lat' dir='ltr'><strong>sed</strong></span> <span class='ocrx_word' id='word_1_368' title='bbox 3452 3285 3747 3366; x_wconf 81' lang='lat' dir='ltr'><strong>insuper,</strong></span> 
     </span>
    </p>
   </div>
   <div class='ocr_carea' id='block_1_34' title="bbox 493 3381 3744 3466">
    <p class='ocr_par' dir='ltr' id='par_1_34' title="bbox 493 3381 3744 3466">
     <span class='ocr_line' id='line_1_34' title="bbox 493 3381 3744 3466; baseline -0.001 -18"><span class='ocrx_word' id='word_1_369' title='bbox 493 3394 817 3464; x_wconf 84' lang='lat' dir='ltr'><strong>oportere,</strong></span> <span class='ocrx_word' id='word_1_370' title='bbox 849 3384 1023 3464; x_wconf 91' lang='lat' dir='ltr'><strong>quod</strong></span> <span class='ocrx_word' id='word_1_371' title='bbox 1058 3391 1119 3445; x_wconf 92' lang='lat' dir='ltr'><strong>et</strong></span> <span class='ocrx_word' id='word_1_372' title='bbox 1154 3381 1412 3455; x_wconf 85' lang='lat' dir='ltr'><strong>virtute,</strong></span> <span class='ocrx_word' id='word_1_373' title='bbox 1453 3389 1513 3443; x_wconf 90' lang='lat' dir='ltr'><strong>et</strong></span> <span class='ocrx_word' id='word_1_374' title='bbox 1539 3382 1789 3444; x_wconf 84' lang='lat' dir='ltr'><strong>actione</strong></span> <span class='ocrx_word' id='word_1_375' title='bbox 1829 3382 2108 3458; x_wconf 90' lang='lat' dir='ltr'><strong>diversa,</strong></span> <span class='ocrx_word' id='word_1_376' title='bbox 2142 3391 2202 3445; x_wconf 90' lang='lat' dir='ltr'><strong>et</strong></span> <span class='ocrx_word' id='word_1_377' title='bbox 2230 3383 2472 3465; x_wconf 88' lang='lat' dir='ltr'><strong>absque</strong></span> <span class='ocrx_word' id='word_1_378' title='bbox 2511 3385 2708 3448; x_wconf 92' lang='lat' dir='ltr'><strong>unius</strong></span> <span class='ocrx_word' id='word_1_379' title='bbox 2733 3387 2811 3448; x_wconf 93' lang='lat' dir='ltr'><strong>ab</strong></span> <span class='ocrx_word' id='word_1_380' title='bbox 2839 3387 3036 3450; x_wconf 88' lang='lat' dir='ltr'><strong>altera</strong></span> <span class='ocrx_word' id='word_1_381' title='bbox 3085 3387 3548 3466; x_wconf 86' lang='lat' dir='ltr'><strong>dependentia,</strong></span> <span class='ocrx_word' id='word_1_382' title='bbox 3583 3386 3744 3446; x_wconf 90' lang='lat' dir='ltr'><strong>sub-</strong></span> 
     </span>
    </p>
   </div>
   <div class='ocr_carea' id='block_1_35' title="bbox 494 3483 3750 3568">
    <p class='ocr_par' dir='ltr' id='par_1_35' title="bbox 494 3483 3750 3568">
     <span class='ocr_line' id='line_1_35' title="bbox 494 3483 3750 3568; baseline -0.001 -18"><span class='ocrx_word' id='word_1_383' title='bbox 494 3487 906 3562; x_wconf 91' lang='lat' dir='ltr'><strong>ordinatione</strong></span> <span class='ocrx_word' id='word_1_384' title='bbox 963 3483 1060 3547; x_wconf 89' lang='lat' dir='ltr'><strong>vel</strong></span> <span class='ocrx_word' id='word_1_385' title='bbox 1104 3483 1333 3546; x_wconf 87' lang='lat' dir='ltr'><strong>ordine</strong></span> <span class='ocrx_word' id='word_1_386' title='bbox 1359 3493 1709 3560; x_wconf 85' lang='lat' dir='ltr'><strong>Operentur</strong></span> <span class='ocrx_word' id='word_1_387' title='bbox 1749 3494 1810 3546; x_wconf 91' lang='lat' dir='ltr'><strong>et</strong></span> <span class='ocrx_word' id='word_1_388' title='bbox 1844 3488 2077 3564; x_wconf 84' lang='lat' dir='ltr'><strong>agant?</strong></span> <span class='ocrx_word' id='word_1_389' title='bbox 2105 3487 2353 3548; x_wconf 86' lang='lat' dir='ltr'><strong>Eodem</strong></span> <span class='ocrx_word' id='word_1_390' title='bbox 2391 3488 2588 3564; x_wconf 82' lang='lat' dir='ltr'><strong>igitur</strong></span> <span class='ocrx_word' id='word_1_391' title='bbox 2621 3497 2799 3566; x_wconf 88' lang='lat' dir='ltr'><strong>pacto</strong></span> <span class='ocrx_word' id='word_1_392' title='bbox 2844 3497 2905 3550; x_wconf 91' lang='lat' dir='ltr'><strong>et</strong></span> <span class='ocrx_word' id='word_1_393' title='bbox 2951 3506 3066 3551; x_wconf 91' lang='lat' dir='ltr'><strong>nos</strong></span> <span class='ocrx_word' id='word_1_394' title='bbox 3099 3490 3594 3568; x_wconf 81' lang='lat' dir='ltr'><strong>reSpondemus,</strong></span> <span class='ocrx_word' id='word_1_395' title='bbox 3629 3490 3750 3549; x_wconf 87' lang='lat' dir='ltr'><strong>Pa-</strong></span> 
     </span>
    </p>
   </div>
   <div class='ocr_carea' id='block_1_36' title="bbox 490 3587 3754 3671">
    <p class='ocr_par' dir='ltr' id='par_1_36' title="bbox 490 3587 3754 3671">
     <span class='ocr_line' id='line_1_36' title="bbox 490 3587 3754 3671; baseline -0.001 -16"><span class='ocrx_word' id='word_1_396' title='bbox 490 3603 655 3656; x_wconf 77' lang='lat' dir='ltr'><strong>trem</strong></span> <span class='ocrx_word' id='word_1_397' title='bbox 692 3598 753 3653; x_wconf 90' lang='lat' dir='ltr'><strong>et</strong></span> <span class='ocrx_word' id='word_1_398' title='bbox 800 3587 1040 3650; x_wconf 77' lang='lat' dir='ltr'><strong>Filium</strong></span> <span class='ocrx_word' id='word_1_399' title='bbox 1093 3603 1222 3649; x_wconf 89' lang='lat' dir='ltr'><strong>non</strong></span> <span class='ocrx_word' id='word_1_400' title='bbox 1280 3587 1549 3665; x_wconf 83' lang='lat' dir='ltr'><strong>duplex,</strong></span> <span class='ocrx_word' id='word_1_401' title='bbox 1596 3588 1708 3648; x_wconf 89' lang='lat' dir='ltr'><strong>sed</strong></span> <span class='ocrx_word' id='word_1_402' title='bbox 1771 3606 1966 3648; x_wconf 87' lang='lat' dir='ltr'><strong>unum</strong></span> <span class='ocrx_word' id='word_1_403' title='bbox 2009 3605 2150 3650; x_wconf 89' lang='lat' dir='ltr'><strong>esse</strong></span> <span class='ocrx_word' id='word_1_404' title='bbox 2201 3591 2601 3669; x_wconf 82' lang='lat' dir='ltr'><strong>principium</strong></span> <span class='ocrx_word' id='word_1_405' title='bbox 2661 3592 2939 3670; x_wconf 88' lang='lat' dir='ltr'><strong>Spiritus</strong></span> <span class='ocrx_word' id='word_1_406' title='bbox 2973 3592 3201 3667; x_wconf 78' lang='lat' dir='ltr'><strong>sancti,</strong></span> <span class='ocrx_word' id='word_1_407' title='bbox 3234 3593 3387 3671; x_wconf 90' lang='lat' dir='ltr'><strong>quia</strong></span> <span class='ocrx_word' id='word_1_408' title='bbox 3428 3592 3600 3655; x_wconf 91' lang='lat' dir='ltr'><strong>sicut</strong></span> <span class='ocrx_word' id='word_1_409' title='bbox 3656 3599 3754 3653; x_wconf 85' lang='lat' dir='ltr'><strong>est</strong></span> 
     </span>
    </p>
   </div>
   <div class='ocr_carea' id='block_1_37' title="bbox 493 3691 3755 3772">
    <p class='ocr_par' dir='ltr' id='par_1_37' title="bbox 493 3691 3755 3772">
     <span class='ocr_line' id='line_1_37' title="bbox 493 3691 3755 3772; baseline -0.002 -15"><span class='ocrx_word' id='word_1_410' title='bbox 493 3695 721 3757; x_wconf 88' lang='lat' dir='ltr'><strong>eadem</strong></span> <span class='ocrx_word' id='word_1_411' title='bbox 769 3693 1113 3772; x_wconf 88' lang='lat' dir='ltr'><strong>utriusque</strong></span> <span class='ocrx_word' id='word_1_412' title='bbox 1159 3703 1388 3754; x_wconf 89' lang='lat' dir='ltr'><strong>natura</strong></span> <span class='ocrx_word' id='word_1_413' title='bbox 1433 3699 1494 3752; x_wconf 90' lang='lat' dir='ltr'><strong>et</strong></span> <span class='ocrx_word' id='word_1_414' title='bbox 1552 3693 1862 3763; x_wconf 88' lang='lat' dir='ltr'><strong>essentia,</strong></span> <span class='ocrx_word' id='word_1_415' title='bbox 1911 3691 1996 3752; x_wconf 89' lang='lat' dir='ltr'><strong>ita</strong></span> <span class='ocrx_word' id='word_1_416' title='bbox 2037 3701 2105 3754; x_wconf 90' lang='lat' dir='ltr'><strong>et</strong></span> <span class='ocrx_word' id='word_1_417' title='bbox 2161 3694 2386 3755; x_wconf 91' lang='lat' dir='ltr'><strong>eadem</strong></span> <span class='ocrx_word' id='word_1_418' title='bbox 2439 3693 2771 3755; x_wconf 89' lang='lat' dir='ltr'><strong>numerica</strong></span> <span class='ocrx_word' id='word_1_419' title='bbox 2807 3695 3031 3766; x_wconf 90' lang='lat' dir='ltr'><strong>virtus,</strong></span> <span class='ocrx_word' id='word_1_420' title='bbox 3081 3702 3141 3755; x_wconf 90' lang='lat' dir='ltr'><strong>et</strong></span> <span class='ocrx_word' id='word_1_421' title='bbox 3202 3695 3366 3756; x_wconf 87' lang='lat' dir='ltr'><strong>actio</strong></span> <span class='ocrx_word' id='word_1_422' title='bbox 3409 3692 3755 3756; x_wconf 83' lang='lat' dir='ltr'><strong>individua</strong></span> 
     </span>
    </p>
   </div>
   <div class='ocr_carea' id='block_1_38' title="bbox 495 3790 3753 3876">
    <p class='ocr_par' dir='ltr' id='par_1_38' title="bbox 495 3790 3753 3876">
     <span class='ocr_line' id='line_1_38' title="bbox 495 3790 3753 3876; baseline -0.001 -17"><span class='ocrx_word' id='word_1_423' title='bbox 495 3797 840 3876; x_wconf 89' lang='lat' dir='ltr'><strong>utriusque</strong></span> <span class='ocrx_word' id='word_1_424' title='bbox 878 3813 1038 3857; x_wconf 91' lang='lat' dir='ltr'><strong>:seu</strong></span> <span class='ocrx_word' id='word_1_425' title='bbox 1075 3793 1230 3874; x_wconf 90' lang='lat' dir='ltr'><strong>quia</strong></span> <span class='ocrx_word' id='word_1_426' title='bbox 1272 3793 1482 3855; x_wconf 86' lang='lat' dir='ltr'><strong>Filius</strong></span> <span class='ocrx_word' id='word_1_427' title='bbox 1507 3790 1769 3853; x_wconf 79' lang='lat' dir='ltr'><strong>nonnisi</strong></span> <span class='ocrx_word' id='word_1_428' title='bbox 1824 3791 2064 3854; x_wconf 91' lang='lat' dir='ltr'><strong>virtute</strong></span> <span class='ocrx_word' id='word_1_429' title='bbox 2121 3792 2508 3871; x_wconf 89' lang='lat' dir='ltr'><strong>actioneque</strong></span> <span class='ocrx_word' id='word_1_430' title='bbox 2560 3808 2594 3854; x_wconf 91' lang='lat' dir='ltr'><strong>a</strong></span> <span class='ocrx_word' id='word_1_431' title='bbox 2633 3796 2813 3854; x_wconf 88' lang='lat' dir='ltr'><strong>Patre</strong></span> <span class='ocrx_word' id='word_1_432' title='bbox 2845 3801 3094 3872; x_wconf 88' lang='lat' dir='ltr'><strong>recepta</strong></span> <span class='ocrx_word' id='word_1_433' title='bbox 3140 3795 3440 3872; x_wconf 86' lang='lat' dir='ltr'><strong>producit</strong></span> <span class='ocrx_word' id='word_1_434' title='bbox 3473 3814 3488 3854; x_wconf 90' lang='lat'><strong>:</strong></span> <span class='ocrx_word' id='word_1_435' title='bbox 3523 3800 3588 3856; x_wconf 89' lang='lat' dir='ltr'><strong>et</strong></span> <span class='ocrx_word' id='word_1_436' title='bbox 3622 3810 3753 3857; x_wconf 90' lang='lat' dir='ltr'><strong>non</strong></span> 
     </span>
    </p>
   </div>
   <div class='ocr_carea' id='block_1_39' title="bbox 495 3894 3754 3980">
    <p class='ocr_par' dir='ltr' id='par_1_39' title="bbox 495 3894 3754 3980">
     <span class='ocr_line' id='line_1_39' title="bbox 495 3894 3754 3980; baseline -0.002 -18"><span class='ocrx_word' id='word_1_437' title='bbox 495 3907 817 3980; x_wconf 90' lang='lat' dir='ltr'><strong>quatenus</strong></span> <span class='ocrx_word' id='word_1_438' title='bbox 849 3897 1126 3960; x_wconf 88' lang='lat' dir='ltr'><strong>refertur</strong></span> <span class='ocrx_word' id='word_1_439' title='bbox 1168 3897 1246 3958; x_wconf 90' lang='lat' dir='ltr'><strong>ad</strong></span> <span class='ocrx_word' id='word_1_440' title='bbox 1280 3898 1524 3957; x_wconf 87' lang='lat' dir='ltr'><strong>Patrem</strong></span> <span class='ocrx_word' id='word_1_441' title='bbox 1557 3895 1635 3956; x_wconf 86' lang='lat' dir='ltr'><strong>ab</strong></span> <span class='ocrx_word' id='word_1_442' title='bbox 1665 3911 1876 3972; x_wconf 82' lang='lat' dir='ltr'><strong>eoque</strong></span> <span class='ocrx_word' id='word_1_443' title='bbox 1908 3894 2372 3974; x_wconf 86' lang='lat' dir='ltr'><strong>distinguitur;</strong></span> <span class='ocrx_word' id='word_1_444' title='bbox 2401 3895 2512 3956; x_wconf 90' lang='lat' dir='ltr'><strong>sed</strong></span> <span class='ocrx_word' id='word_1_445' title='bbox 2544 3903 2866 3973; x_wconf 86' lang='lat' dir='ltr'><strong>quatenus</strong></span> <span class='ocrx_word' id='word_1_446' title='bbox 2898 3914 3091 3956; x_wconf 85' lang='lat' dir='ltr'><strong>unum</strong></span> <span class='ocrx_word' id='word_1_447' title='bbox 3121 3895 3428 3973; x_wconf 84' lang='lat' dir='ltr'><strong>idemque</strong></span> <span class='ocrx_word' id='word_1_448' title='bbox 3459 3913 3606 3956; x_wconf 91' lang='lat' dir='ltr'><strong>cum</strong></span> <span class='ocrx_word' id='word_1_449' title='bbox 3638 3895 3754 3954; x_wconf 91' lang='lat' dir='ltr'><strong>illo</strong></span> 
     </span>
    </p>
   </div>
   <div class='ocr_carea' id='block_1_40' title="bbox 493 3994 3755 4075">
    <p class='ocr_par' dir='ltr' id='par_1_40' title="bbox 493 3994 3755 4075">
     <span class='ocr_line' id='line_1_40' title="bbox 493 3994 3755 4075; baseline -0.003 -12"><span class='ocrx_word' id='word_1_450' title='bbox 493 4008 620 4064; x_wconf 83' lang='lat' dir='ltr'><strong>est.</strong></span> <span class='ocrx_word' id='word_1_451' title='bbox 663 3999 1223 4075; x_wconf 86' lang='lat' dir='ltr'><strong>Quemadmodum</strong></span> <span class='ocrx_word' id='word_1_452' title='bbox 1256 3995 1454 4074; x_wconf 89' lang='lat' dir='ltr'><strong>igitur</strong></span> <span class='ocrx_word' id='word_1_453' title='bbox 1485 3995 1569 4057; x_wconf 90' lang='lat' dir='ltr'><strong>ob</strong></span> <span class='ocrx_word' id='word_1_454' title='bbox 1603 3995 1917 4056; x_wconf 89' lang='lat' dir='ltr'><strong>rationem</strong></span> <span class='ocrx_word' id='word_1_455' title='bbox 1955 3994 2213 4057; x_wconf 89' lang='lat' dir='ltr'><strong>allatam</strong></span> <span class='ocrx_word' id='word_1_456' title='bbox 2245 4011 2471 4057; x_wconf 90' lang='lat' dir='ltr'><strong>omnes</strong></span> <span class='ocrx_word' id='word_1_457' title='bbox 2506 4005 2567 4056; x_wconf 88' lang='lat' dir='ltr'><strong>et</strong></span> <span class='ocrx_word' id='word_1_458' title='bbox 2591 3995 2867 4072; x_wconf 70' lang='lat' dir='ltr'><strong>singulae</strong></span> <span class='ocrx_word' id='word_1_459' title='bbox 2891 3995 3224 4056; x_wconf 85' lang='lat' dir='ltr'><strong>Trinitatis</strong></span> <span class='ocrx_word' id='word_1_460' title='bbox 3256 4012 3551 4073; x_wconf 73' lang='lat' dir='ltr'><strong>personaa</strong></span> <span class='ocrx_word' id='word_1_461' title='bbox 3605 4000 3755 4056; x_wconf 88' lang='lat' dir='ltr'><strong>sunt</strong></span> 
     </span>
    </p>
   </div>
   <div class='ocr_carea' id='block_1_41' title="bbox 493 4094 3754 4176">
    <p class='ocr_par' dir='ltr' id='par_1_41' title="bbox 493 4094 3754 4176">
     <span class='ocr_line' id='line_1_41' title="bbox 493 4094 3754 4176; baseline -0.004 -9"><span class='ocrx_word' id='word_1_462' title='bbox 493 4121 693 4168; x_wconf 73' lang='lat' dir='ltr'><strong>unum</strong></span> <span class='ocrx_word' id='word_1_463' title='bbox 723 4097 1072 4163; x_wconf 86' lang='lat' dir='ltr'><strong>creationis</strong></span> <span class='ocrx_word' id='word_1_464' title='bbox 1111 4096 1530 4176; x_wconf 81' lang='lat' dir='ltr'><strong>principium,</strong></span> <span class='ocrx_word' id='word_1_465' title='bbox 1558 4112 1864 4174; x_wconf 88' lang='lat' dir='ltr'><strong>unusque</strong></span> <span class='ocrx_word' id='word_1_466' title='bbox 1911 4111 2126 4156; x_wconf 88' lang='lat' dir='ltr'><strong>rerum</strong></span> <span class='ocrx_word' id='word_1_467' title='bbox 2169 4094 2465 4156; x_wconf 90' lang='lat' dir='ltr'><strong>omnium</strong></span> <span class='ocrx_word' id='word_1_468' title='bbox 2505 4104 2754 4176; x_wconf 82' lang='grc' dir='ltr'><strong>κτιστὴς,</strong></span> <span class='ocrx_word' id='word_1_469' title='bbox 2793 4105 3075 4164; x_wconf 77' lang='lat' dir='ltr'><strong>creator;</strong></span> <span class='ocrx_word' id='word_1_470' title='bbox 3120 4096 3203 4158; x_wconf 89' lang='lat' dir='ltr'><strong>ita</strong></span> <span class='ocrx_word' id='word_1_471' title='bbox 3251 4105 3313 4158; x_wconf 87' lang='lat' dir='ltr'><strong>et</strong></span> <span class='ocrx_word' id='word_1_472' title='bbox 3349 4097 3641 4161; x_wconf 91' lang='lat' dir='ltr'><strong>eamdem</strong></span> <span class='ocrx_word' id='word_1_473' title='bbox 3675 4097 3754 4156; x_wconf 91' lang='lat' dir='ltr'><strong>ob</strong></span> 
     </span>
    </p>
   </div>
   <div class='ocr_carea' id='block_1_42' title="bbox 495 4199 3751 4284">
    <p class='ocr_par' dir='ltr' id='par_1_42' title="bbox 495 4199 3751 4284">
     <span class='ocr_line' id='line_1_42' title="bbox 495 4199 3751 4284; baseline -0.002 -14"><span class='ocrx_word' id='word_1_474' title='bbox 495 4223 751 4271; x_wconf 86' lang='lat' dir='ltr'><strong>causam</strong></span> <span class='ocrx_word' id='word_1_475' title='bbox 784 4207 970 4266; x_wconf 91' lang='lat' dir='ltr'><strong>Pater</strong></span> <span class='ocrx_word' id='word_1_476' title='bbox 1001 4209 1062 4265; x_wconf 91' lang='lat' dir='ltr'><strong>et</strong></span> <span class='ocrx_word' id='word_1_477' title='bbox 1092 4202 1301 4262; x_wconf 90' lang='lat' dir='ltr'><strong>Filius</strong></span> <span class='ocrx_word' id='word_1_478' title='bbox 1325 4207 1474 4262; x_wconf 91' lang='lat' dir='ltr'><strong>sunt</strong></span> <span class='ocrx_word' id='word_1_479' title='bbox 1503 4200 1762 4261; x_wconf 82' lang='lat' dir='ltr'><strong>unicum</strong></span> <span class='ocrx_word' id='word_1_480' title='bbox 1780 4199 2059 4278; x_wconf 88' lang='lat' dir='ltr'><strong>Spiritus</strong></span> <span class='ocrx_word' id='word_1_481' title='bbox 2096 4199 2298 4261; x_wconf 87' lang='lat' dir='ltr'><strong>sancti</strong></span> <span class='ocrx_word' id='word_1_482' title='bbox 2328 4199 2748 4278; x_wconf 86' lang='lat' dir='ltr'><strong>principium,</strong></span> <span class='ocrx_word' id='word_1_483' title='bbox 2787 4203 3149 4279; x_wconf 87' lang='lat' dir='ltr'><strong>unicusque</strong></span> <span class='ocrx_word' id='word_1_484' title='bbox 3183 4212 3505 4283; x_wconf 78' lang='grc' dir='ltr'><strong>προϐολεὺς,</strong></span> <span class='ocrx_word' id='word_1_485' title='bbox 3541 4206 3751 4284; x_wconf 88' lang='lat' dir='ltr'><strong>spira-</strong></span> 
     </span>
    </p>
   </div>
   <div class='ocr_carea' id='block_1_43' title="bbox 497 4302 3747 4385">
    <p class='ocr_par' dir='ltr' id='par_1_43' title="bbox 497 4302 3747 4385">
     <span class='ocr_line' id='line_1_43' title="bbox 497 4302 3747 4385; baseline -0.001 -15"><span class='ocrx_word' id='word_1_486' title='bbox 497 4321 602 4371; x_wconf 86' lang='lat' dir='ltr'><strong>tor</strong></span> <span class='ocrx_word' id='word_1_487' title='bbox 629 4305 1178 4385; x_wconf 83' lang='lat' dir='ltr'><strong>simplicissimus.</strong></span> <span class='ocrx_word' id='word_1_488' title='bbox 1211 4306 1330 4366; x_wconf 80' lang='lat' dir='ltr'><strong>Res</strong></span> <span class='ocrx_word' id='word_1_489' title='bbox 1364 4320 1519 4366; x_wconf 89' lang='lat' dir='ltr'><strong>sane</strong></span> <span class='ocrx_word' id='word_1_490' title='bbox 1558 4302 1898 4383; x_wconf 88' lang='lat' dir='ltr'><strong>perspicua</strong></span> <span class='ocrx_word' id='word_1_491' title='bbox 1932 4307 1993 4363; x_wconf 93' lang='lat' dir='ltr'><strong>et</strong></span> <span class='ocrx_word' id='word_1_492' title='bbox 2031 4303 2268 4380; x_wconf 90' lang='lat' dir='ltr'><strong>cuique</strong></span> <span class='ocrx_word' id='word_1_493' title='bbox 2311 4302 2532 4380; x_wconf 89' lang='lat' dir='ltr'><strong>pervia</strong></span> <span class='ocrx_word' id='word_1_494' title='bbox 2586 4311 2707 4364; x_wconf 85' lang='lat' dir='ltr'><strong>est.</strong></span> <span class='ocrx_word' id='word_1_495' title='bbox 2755 4303 2966 4376; x_wconf 90' lang='lat' dir='ltr'><strong>Quare</strong></span> <span class='ocrx_word' id='word_1_496' title='bbox 3023 4323 3140 4366; x_wconf 87' lang='lat' dir='ltr'><strong>nos</strong></span> <span class='ocrx_word' id='word_1_497' title='bbox 3183 4308 3452 4372; x_wconf 87' lang='lat' dir='ltr'><strong>minime</strong></span> <span class='ocrx_word' id='word_1_498' title='bbox 3510 4307 3747 4372; x_wconf 74' lang='lat' dir='ltr'><strong>asseri~</strong></span> 
     </span>
    </p>
   </div>
   <div class='ocr_carea' id='block_1_44' title="bbox 500 4405 3750 4488">
    <p class='ocr_par' dir='ltr' id='par_1_44' title="bbox 500 4405 3750 4488">
     <span class='ocr_line' id='line_1_44' title="bbox 500 4405 3750 4488; baseline -0.002 -14"><span class='ocrx_word' id='word_1_499' title='bbox 500 4429 668 4486; x_wconf 89' lang='lat' dir='ltr'><strong>mus,</strong></span> <span class='ocrx_word' id='word_1_500' title='bbox 696 4413 842 4474; x_wconf 86' lang='lat' dir='ltr'><strong>ideo</strong></span> <span class='ocrx_word' id='word_1_501' title='bbox 873 4409 1182 4488; x_wconf 90' lang='lat' dir='ltr'><strong>Spiritum</strong></span> <span class='ocrx_word' id='word_1_502' title='bbox 1208 4415 1494 4470; x_wconf 84' lang='lat' dir='ltr'><strong>sanetum</strong></span> <span class='ocrx_word' id='word_1_503' title='bbox 1527 4407 1717 4469; x_wconf 89' lang='lat' dir='ltr'><strong>etiam</strong></span> <span class='ocrx_word' id='word_1_504' title='bbox 1745 4422 1778 4467; x_wconf 91' lang='lat' dir='ltr'><strong>a</strong></span> <span class='ocrx_word' id='word_1_505' title='bbox 1803 4405 1968 4467; x_wconf 90' lang='lat' dir='ltr'><strong>Filio</strong></span> <span class='ocrx_word' id='word_1_506' title='bbox 2001 4406 2375 4483; x_wconf 89' lang='lat' dir='ltr'><strong>procedere,</strong></span> <span class='ocrx_word' id='word_1_507' title='bbox 2401 4407 2554 4484; x_wconf 86' lang='lat' dir='ltr'><strong>quia</strong></span> <span class='ocrx_word' id='word_1_508' title='bbox 2578 4406 2980 4484; x_wconf 78' lang='lat' dir='ltr'><strong>imperfectus</strong></span> <span class='ocrx_word' id='word_1_509' title='bbox 3011 4424 3127 4470; x_wconf 89' lang='lat' dir='ltr'><strong>seu</strong></span> <span class='ocrx_word' id='word_1_510' title='bbox 3151 4407 3532 4488; x_wconf 90' lang='lat' dir='ltr'><strong>imperfecto</strong></span> <span class='ocrx_word' id='word_1_511' title='bbox 3565 4411 3750 4472; x_wconf 92' lang='lat' dir='ltr'><strong>modo</strong></span> 
     </span>
    </p>
   </div>
   <div class='ocr_carea' id='block_1_45' title="bbox 499 4510 3750 4596">
    <p class='ocr_par' dir='ltr' id='par_1_45' title="bbox 499 4510 3750 4596">
     <span class='ocr_line' id='line_1_45' title="bbox 499 4510 3750 4596; baseline -0.001 -19"><span class='ocrx_word' id='word_1_512' title='bbox 499 4516 797 4595; x_wconf 75' lang='lat' dir='ltr'><strong>procedat</strong></span> <span class='ocrx_word' id='word_1_513' title='bbox 829 4535 860 4578; x_wconf 91' lang='lat' dir='ltr'><strong>a</strong></span> <span class='ocrx_word' id='word_1_514' title='bbox 891 4520 1074 4580; x_wconf 88' lang='lat' dir='ltr'><strong>Patre</strong></span> <span class='ocrx_word' id='word_1_515' title='bbox 1106 4516 1304 4596; x_wconf 77' lang='lat' dir='ltr'><strong>(quod</strong></span> <span class='ocrx_word' id='word_1_516' title='bbox 1337 4512 1566 4590; x_wconf 88' lang='lat' dir='ltr'><strong>absit);</strong></span> <span class='ocrx_word' id='word_1_517' title='bbox 1607 4512 1717 4574; x_wconf 88' lang='lat' dir='ltr'><strong>sed</strong></span> <span class='ocrx_word' id='word_1_518' title='bbox 1752 4511 1906 4591; x_wconf 90' lang='lat' dir='ltr'><strong>quia</strong></span> <span class='ocrx_word' id='word_1_519' title='bbox 1943 4510 2064 4572; x_wconf 84' lang='lat' dir='ltr'><strong>hoc</strong></span> <span class='ocrx_word' id='word_1_520' title='bbox 2112 4511 2276 4589; x_wconf 89' lang='lat' dir='ltr'><strong>ipso,</strong></span> <span class='ocrx_word' id='word_1_521' title='bbox 2315 4511 2485 4589; x_wconf 92' lang='lat' dir='ltr'><strong>quod</strong></span> <span class='ocrx_word' id='word_1_522' title='bbox 2543 4527 2575 4572; x_wconf 93' lang='lat' dir='ltr'><strong>a</strong></span> <span class='ocrx_word' id='word_1_523' title='bbox 2625 4513 2804 4572; x_wconf 88' lang='lat' dir='ltr'><strong>Patre</strong></span> <span class='ocrx_word' id='word_1_524' title='bbox 2867 4512 3180 4590; x_wconf 88' lang='lat' dir='ltr'><strong>procedit,</strong></span> <span class='ocrx_word' id='word_1_525' title='bbox 3219 4530 3253 4576; x_wconf 92' lang='lat' dir='ltr'><strong>a</strong></span> <span class='ocrx_word' id='word_1_526' title='bbox 3285 4516 3457 4578; x_wconf 89' lang='lat' dir='ltr'><strong>Filio</strong></span> <span class='ocrx_word' id='word_1_527' title='bbox 3492 4531 3750 4596; x_wconf 75' lang='lat' dir='ltr'><strong>quoque</strong></span> 
     </span>
    </p>
   </div>
   <div class='ocr_carea' id='block_1_46' title="bbox 497 4617 3752 4700">
    <p class='ocr_par' dir='ltr' id='par_1_46' title="bbox 497 4617 3752 4700">
     <span class='ocr_line' id='line_1_46' title="bbox 497 4617 3752 4700; baseline -0.002 -16"><span class='ocrx_word' id='word_1_528' title='bbox 497 4623 845 4700; x_wconf 79' lang='lat' dir='ltr'><strong>procedere</strong></span> <span class='ocrx_word' id='word_1_529' title='bbox 882 4639 1218 4683; x_wconf 85' lang='lat' dir='ltr'><strong>necessum</strong></span> <span class='ocrx_word' id='word_1_530' title='bbox 1243 4628 1378 4694; x_wconf 87' lang='lat' dir='ltr'><strong>est;</strong></span> <span class='ocrx_word' id='word_1_531' title='bbox 1409 4635 1553 4680; x_wconf 90' lang='lat' dir='ltr'><strong>cum</strong></span> <span class='ocrx_word' id='word_1_532' title='bbox 1588 4634 1716 4679; x_wconf 86' lang='lat' dir='ltr'><strong>una</strong></span> <span class='ocrx_word' id='word_1_533' title='bbox 1750 4617 2108 4696; x_wconf 88' lang='lat' dir='ltr'><strong>eademque</strong></span> <span class='ocrx_word' id='word_1_534' title='bbox 2163 4617 2368 4678; x_wconf 88' lang='lat' dir='ltr'><strong>virtus</strong></span> <span class='ocrx_word' id='word_1_535' title='bbox 2432 4625 2494 4678; x_wconf 90' lang='lat' dir='ltr'><strong>et</strong></span> <span class='ocrx_word' id='word_1_536' title='bbox 2559 4617 2749 4689; x_wconf 89' lang='lat' dir='ltr'><strong>actio,</strong></span> <span class='ocrx_word' id='word_1_537' title='bbox 2784 4634 2913 4697; x_wconf 87' lang='lat' dir='ltr'><strong>qua</strong></span> <span class='ocrx_word' id='word_1_538' title='bbox 2955 4620 3137 4684; x_wconf 83' lang='lat' dir='ltr'><strong>Pater</strong></span> <span class='ocrx_word' id='word_1_539' title='bbox 3197 4621 3521 4697; x_wconf 85' lang='lat' dir='ltr'><strong>producit,</strong></span> <span class='ocrx_word' id='word_1_540' title='bbox 3554 4629 3752 4683; x_wconf 80' lang='lat' dir='ltr'><strong>exstet</strong></span> 
     </span>
    </p>
   </div>
   <div class='ocr_carea' id='block_1_47' title="bbox 496 4718 3748 4802">
    <p class='ocr_par' dir='ltr' id='par_1_47' title="bbox 496 4718 3748 4802">
     <span class='ocr_line' id='line_1_47' title="bbox 496 4718 3748 4802; baseline -0.003 -12"><span class='ocrx_word' id='word_1_541' title='bbox 496 4732 687 4790; x_wconf 79' lang='lat' dir='ltr'><strong>etiam</strong></span> <span class='ocrx_word' id='word_1_542' title='bbox 727 4727 789 4785; x_wconf 93' lang='lat' dir='ltr'><strong>in</strong></span> <span class='ocrx_word' id='word_1_543' title='bbox 827 4723 992 4783; x_wconf 85' lang='lat' dir='ltr'><strong>Filio</strong></span> <span class='ocrx_word' id='word_1_544' title='bbox 1017 4721 1484 4785; x_wconf 85' lang='lat' dir='ltr'><strong>communicata</strong></span> <span class='ocrx_word' id='word_1_545' title='bbox 1535 4721 1612 4781; x_wconf 91' lang='lat' dir='ltr'><strong>ab</strong></span> <span class='ocrx_word' id='word_1_546' title='bbox 1645 4720 1923 4798; x_wconf 88' lang='lat' dir='ltr'><strong>ipsemet</strong></span> <span class='ocrx_word' id='word_1_547' title='bbox 1981 4723 2160 4780; x_wconf 87' lang='lat' dir='ltr'><strong>Patre</strong></span> <span class='ocrx_word' id='word_1_548' title='bbox 2203 4739 2218 4778; x_wconf 91' lang='lat'><strong>:</strong></span> <span class='ocrx_word' id='word_1_549' title='bbox 2257 4718 2802 4797; x_wconf 91' lang='lat' dir='ltr'><strong>quemadmodum</strong></span> <span class='ocrx_word' id='word_1_550' title='bbox 2834 4739 2934 4782; x_wconf 86' lang='lat' dir='ltr'><strong>res</strong></span> <span class='ocrx_word' id='word_1_551' title='bbox 2983 4729 3238 4793; x_wconf 66' lang='lat' dir='ltr'><strong>creatae,</strong></span> <span class='ocrx_word' id='word_1_552' title='bbox 3275 4740 3357 4784; x_wconf 88' lang='lat' dir='ltr'><strong>eo</strong></span> <span class='ocrx_word' id='word_1_553' title='bbox 3389 4724 3530 4802; x_wconf 89' lang='lat' dir='ltr'><strong>ipso</strong></span> <span class='ocrx_word' id='word_1_554' title='bbox 3579 4723 3748 4802; x_wconf 85' lang='lat' dir='ltr'><strong>quod</strong></span> 
     </span>
    </p>
   </div>
   <div class='ocr_carea' id='block_1_48' title="bbox 501 4821 3746 4907">
    <p class='ocr_par' dir='ltr' id='par_1_48' title="bbox 501 4821 3746 4907">
     <span class='ocr_line' id='line_1_48' title="bbox 501 4821 3746 4907; baseline -0.002 -19"><span class='ocrx_word' id='word_1_555' title='bbox 501 4831 944 4907; x_wconf 85' lang='lat' dir='ltr'><strong>producuntur</strong></span> <span class='ocrx_word' id='word_1_556' title='bbox 973 4843 1007 4887; x_wconf 90' lang='lat' dir='ltr'><strong>a</strong></span> <span class='ocrx_word' id='word_1_557' title='bbox 1046 4828 1249 4900; x_wconf 86' lang='lat' dir='ltr'><strong>Patre,</strong></span> <span class='ocrx_word' id='word_1_558' title='bbox 1283 4824 1474 4886; x_wconf 84' lang='lat' dir='ltr'><strong>etiam</strong></span> <span class='ocrx_word' id='word_1_559' title='bbox 1500 4840 1535 4885; x_wconf 88' lang='lat' dir='ltr'><strong>a</strong></span> <span class='ocrx_word' id='word_1_560' title='bbox 1557 4823 1726 4884; x_wconf 88' lang='lat' dir='ltr'><strong>Filio</strong></span> <span class='ocrx_word' id='word_1_561' title='bbox 1759 4829 1818 4882; x_wconf 90' lang='lat' dir='ltr'><strong>et</strong></span> <span class='ocrx_word' id='word_1_562' title='bbox 1851 4839 1887 4884; x_wconf 87' lang='lat' dir='ltr'><strong>a</strong></span> <span class='ocrx_word' id='word_1_563' title='bbox 1915 4822 2160 4898; x_wconf 84' lang='lat' dir='ltr'><strong>Spiritu</strong></span> <span class='ocrx_word' id='word_1_564' title='bbox 2191 4829 2413 4883; x_wconf 89' lang='lat' dir='ltr'><strong>sancto</strong></span> <span class='ocrx_word' id='word_1_565' title='bbox 2447 4821 2884 4899; x_wconf 87' lang='lat' dir='ltr'><strong>producantur</strong></span> <span class='ocrx_word' id='word_1_566' title='bbox 2913 4831 3181 4901; x_wconf 87' lang='lat' dir='ltr'><strong>Oportet,</strong></span> <span class='ocrx_word' id='word_1_567' title='bbox 3211 4841 3358 4886; x_wconf 83' lang='lat' dir='ltr'><strong>eum</strong></span> <span class='ocrx_word' id='word_1_568' title='bbox 3387 4833 3640 4896; x_wconf 88' lang='lat' dir='ltr'><strong>neuter,</strong></span> <span class='ocrx_word' id='word_1_569' title='bbox 3673 4826 3746 4884; x_wconf 80' lang='lat' dir='ltr'><strong>atl</strong></span> 
     </span>
    </p>
   </div>
   <div class='ocr_carea' id='block_1_49' title="bbox 498 4921 3743 5008">
    <p class='ocr_par' dir='ltr' id='par_1_49' title="bbox 498 4921 3743 5008">
     <span class='ocr_line' id='line_1_49' title="bbox 498 4921 3743 5008; baseline -0.002 -17"><span class='ocrx_word' id='word_1_570' title='bbox 498 4932 616 4992; x_wconf 86' lang='lat' dir='ltr'><strong>hoc</strong></span> <span class='ocrx_word' id='word_1_571' title='bbox 649 4929 820 5008; x_wconf 91' lang='lat' dir='ltr'><strong>quod</strong></span> <span class='ocrx_word' id='word_1_572' title='bbox 882 4929 1132 5000; x_wconf 92' lang='lat' dir='ltr'><strong>attinet,</strong></span> <span class='ocrx_word' id='word_1_573' title='bbox 1166 4930 1537 4986; x_wconf 88' lang='lat' dir='ltr'><strong>secernatur</strong></span> <span class='ocrx_word' id='word_1_574' title='bbox 1577 4940 1613 4984; x_wconf 88' lang='lat' dir='ltr'><strong>a</strong></span> <span class='ocrx_word' id='word_1_575' title='bbox 1653 4925 1858 4983; x_wconf 87' lang='lat' dir='ltr'><strong>Patre.</strong></span> <span class='ocrx_word' id='word_1_576' title='bbox 1913 4922 2277 4983; x_wconf 86' lang='lat' dir='ltr'><strong>Mirandum</strong></span> <span class='ocrx_word' id='word_1_577' title='bbox 2336 4938 2490 4982; x_wconf 91' lang='lat' dir='ltr'><strong>sane</strong></span> <span class='ocrx_word' id='word_1_578' title='bbox 2529 4921 2898 5002; x_wconf 89' lang='lat' dir='ltr'><strong>iterumque</strong></span> <span class='ocrx_word' id='word_1_579' title='bbox 2957 4923 3348 4996; x_wconf 89' lang='lat' dir='ltr'><strong>mirandum,</strong></span> <span class='ocrx_word' id='word_1_580' title='bbox 3387 4926 3559 5005; x_wconf 90' lang='lat' dir='ltr'><strong>quod</strong></span> <span class='ocrx_word' id='word_1_581' title='bbox 3617 4942 3743 4984; x_wconf 87' lang='lat' dir='ltr'><strong>rem</strong></span> 
     </span>
    </p>
   </div>
   <div class='ocr_carea' id='block_1_50' title="bbox 498 5025 3734 5107">
    <p class='ocr_par' dir='ltr' id='par_1_50' title="bbox 498 5025 3734 5107">
     <span class='ocr_line' id='line_1_50' title="bbox 498 5025 3734 5107; baseline -0.002 -14"><span class='ocrx_word' id='word_1_582' title='bbox 498 5031 663 5093; x_wconf 91' lang='lat' dir='ltr'><strong>adeo</strong></span> <span class='ocrx_word' id='word_1_583' title='bbox 693 5029 1098 5107; x_wconf 84' lang='lat' dir='ltr'><strong>perspicuam</strong></span> <span class='ocrx_word' id='word_1_584' title='bbox 1131 5025 1652 5104; x_wconf 78' lang='lat' dir='ltr'><strong>TheOphylactus</strong></span> <span class='ocrx_word' id='word_1_585' title='bbox 1686 5042 1812 5087; x_wconf 88' lang='lat' dir='ltr'><strong>non</strong></span> <span class='ocrx_word' id='word_1_586' title='bbox 1847 5025 2106 5097; x_wconf 89' lang='lat' dir='ltr'><strong>viderit,</strong></span> <span class='ocrx_word' id='word_1_587' title='bbox 2141 5027 2366 5104; x_wconf 79' lang='lat' dir='ltr'><strong>sicque</strong></span> <span class='ocrx_word' id='word_1_588' title='bbox 2399 5027 3016 5104; x_wconf 85' lang='lat' dir='ltr'><strong>argumentationem</strong></span> <span class='ocrx_word' id='word_1_589' title='bbox 3061 5028 3357 5090; x_wconf 88' lang='lat' dir='ltr'><strong>instituat</strong></span> <span class='ocrx_word' id='word_1_590' title='bbox 3391 5048 3568 5091; x_wconf 91' lang='lat' dir='ltr'><strong>num.</strong></span> <span class='ocrx_word' id='word_1_591' title='bbox 3609 5029 3678 5087; x_wconf 76' lang='lat' dir='ltr'><strong>Vl</strong></span> <span class='ocrx_word' id='word_1_592' title='bbox 3721 5044 3734 5086; x_wconf 90' lang='lat'>:</span> 
     </span>
    </p>
   </div>
   <div class='ocr_carea' id='block_1_51' title="bbox 495 5125 2092 5212">
    <p class='ocr_par' dir='ltr' id='par_1_51' title="bbox 495 5135 2092 5212">
     <span class='ocr_line' id='line_1_51' title="bbox 495 5135 2092 5212; baseline -0.006 -16"><span class='ocrx_word' id='word_1_593' title='bbox 495 5143 560 5196; x_wconf 79' lang='grc' dir='ltr'><strong>Εἰ</strong></span> <span class='ocrx_word' id='word_1_594' title='bbox 599 5141 698 5212; x_wconf 75' lang='grc' dir='ltr'><strong>μὲν</strong></span> <span class='ocrx_word' id='word_1_595' title='bbox 727 5138 820 5194; x_wconf 75' lang='grc' dir='ltr'><strong>οὖν</strong></span> <span class='ocrx_word' id='word_1_596' title='bbox 847 5140 874 5191; x_wconf 82' lang='grc' dir='ltr'><strong>ὸ</strong></span> <span class='ocrx_word' id='word_1_597' title='bbox 905 5139 1030 5201; x_wconf 79' lang='grc' dir='ltr'><strong>Υἱὸς</strong></span> <span class='ocrx_word' id='word_1_598' title='bbox 1063 5135 1156 5189; x_wconf 81' lang='grc' dir='ltr'><strong>τοῦ</strong></span> <span class='ocrx_word' id='word_1_599' title='bbox 1191 5135 1507 5206; x_wconf 62' lang='lat' dir='ltr'><strong>[Ius-Spero;</strong></span> <span class='ocrx_word' id='word_1_600' title='bbox 1537 5136 1729 5199; x_wconf 69' lang='grc' dir='ltr'><strong>αἴτεος,</strong></span> <span class='ocrx_word' id='word_1_601' title='bbox 1762 5137 1855 5189; x_wconf 77' lang='grc' dir='ltr'><strong>δύο</strong></span> <span class='ocrx_word' id='word_1_602' title='bbox 1889 5136 2056 5207; x_wconf 72' lang='grc' dir='ltr'>ἀρχαὶ</span> <span class='ocrx_word' id='word_1_603' title='bbox 2088 5156 2092 5168; x_wconf 70' lang='grc' dir='ltr'><strong>ε</strong></span> 
     </span>
    </p>
   </div>
   <div class='ocr_carea' id='block_1_52' title="bbox 2150 5125 3747 5212">
    <p class='ocr_par' dir='ltr' id='par_1_52' title="bbox 2153 5125 3747 5206">
     <span class='ocr_line' id='line_1_52' title="bbox 2153 5125 3747 5206; baseline -0.002 -17"><span class='ocrx_word' id='word_1_604' title='bbox 2153 5136 2180 5189; x_wconf 81' lang='grc' dir='ltr'>ὖ</span> <span class='ocrx_word' id='word_1_605' title='bbox 2214 5136 2352 5198; x_wconf 81' lang='grc' dir='ltr'><strong>ἑνός.</strong></span> <span class='ocrx_word' id='word_1_606' title='bbox 2385 5128 2454 5188; x_wconf 88' lang='lat' dir='ltr'><strong>Si</strong></span> <span class='ocrx_word' id='word_1_607' title='bbox 2483 5129 2690 5206; x_wconf 83' lang='lat' dir='ltr'><strong>itaque</strong></span> <span class='ocrx_word' id='word_1_608' title='bbox 2714 5125 2924 5187; x_wconf 87' lang='lat' dir='ltr'><strong>Filius</strong></span> <span class='ocrx_word' id='word_1_609' title='bbox 2955 5136 3181 5188; x_wconf 88' lang='lat' dir='ltr'><strong>auctor</strong></span> <span class='ocrx_word' id='word_1_610' title='bbox 3209 5138 3298 5189; x_wconf 85' lang='lat' dir='ltr'><strong>est</strong></span> <span class='ocrx_word' id='word_1_611' title='bbox 3327 5130 3513 5189; x_wconf 86' lang='lat' dir='ltr'><strong>etiam</strong></span> <span class='ocrx_word' id='word_1_612' title='bbox 3542 5128 3747 5206; x_wconf 84' lang='lat' dir='ltr'><strong>Spirt-</strong></span> 
     </span>
    </p>
   </div>
   <div class='ocr_carea' id='block_1_53' title="bbox 499 5226 3746 5306">
    <p class='ocr_par' dir='ltr' id='par_1_53' title="bbox 499 5226 3746 5306">
     <span class='ocr_line' id='line_1_53' title="bbox 499 5226 3746 5306; baseline -0.002 -15"><span class='ocrx_word' id='word_1_613' title='bbox 499 5241 600 5291; x_wconf 85' lang='lat' dir='ltr'><strong>tus</strong></span> <span class='ocrx_word' id='word_1_614' title='bbox 632 5228 862 5300; x_wconf 78' lang='lat' dir='ltr'><strong>sancti,</strong></span> <span class='ocrx_word' id='word_1_615' title='bbox 896 5227 1019 5286; x_wconf 89' lang='lat' dir='ltr'><strong>duo</strong></span> <span class='ocrx_word' id='word_1_616' title='bbox 1080 5235 1226 5286; x_wconf 84' lang='lat' dir='ltr'><strong>sunt</strong></span> <span class='ocrx_word' id='word_1_617' title='bbox 1277 5226 1467 5286; x_wconf 82' lang='lat' dir='ltr'><strong>unius</strong></span> <span class='ocrx_word' id='word_1_618' title='bbox 1499 5243 1787 5303; x_wconf 77' lang='lat' dir='ltr'><strong>persona:</strong></span> <span class='ocrx_word' id='word_1_619' title='bbox 1816 5226 2168 5305; x_wconf 85' lang='lat' dir='ltr'><strong>principia.</strong></span> <span class='ocrx_word' id='word_1_620' title='bbox 2205 5228 2279 5286; x_wconf 86' lang='lat' dir='ltr'><strong>At</strong></span> <span class='ocrx_word' id='word_1_621' title='bbox 2311 5244 2504 5305; x_wconf 88' lang='lat' dir='ltr'><strong>quem</strong></span> <span class='ocrx_word' id='word_1_622' title='bbox 2537 5227 2602 5288; x_wconf 87' lang='lat' dir='ltr'><strong>in</strong></span> <span class='ocrx_word' id='word_1_623' title='bbox 2631 5231 3074 5288; x_wconf 85' lang='lat' dir='ltr'><strong>transversum</strong></span> <span class='ocrx_word' id='word_1_624' title='bbox 3121 5243 3246 5288; x_wconf 86' lang='lat' dir='ltr'><strong>non</strong></span> <span class='ocrx_word' id='word_1_625' title='bbox 3279 5237 3468 5306; x_wconf 82' lang='lat' dir='ltr'><strong>agant</strong></span> <span class='ocrx_word' id='word_1_626' title='bbox 3514 5229 3746 5289; x_wconf 81' lang='lat' dir='ltr'><strong>ﬁrmata</strong></span> 
     </span>
    </p>
   </div>
   <div class='ocr_carea' id='block_1_54' title="bbox 494 5329 3741 5417">
    <p class='ocr_par' dir='ltr' id='par_1_54' title="bbox 494 5329 3741 5417">
     <span class='ocr_line' id='line_1_54' title="bbox 494 5329 3741 5417; baseline -0.003 -19"><span class='ocrx_word' id='word_1_627' title='bbox 494 5338 623 5417; x_wconf 80' lang='lat' dir='ltr'><strong>jam</strong></span> <span class='ocrx_word' id='word_1_628' title='bbox 659 5333 1052 5416; x_wconf 69' lang='lat' dir='ltr'><strong>przejudicia,</strong></span> <span class='ocrx_word' id='word_1_629' title='bbox 1085 5336 1146 5392; x_wconf 91' lang='lat' dir='ltr'><strong>et</strong></span> <span class='ocrx_word' id='word_1_630' title='bbox 1178 5331 1411 5410; x_wconf 70' lang='lat' dir='ltr'><strong>causae,</strong></span> <span class='ocrx_word' id='word_1_631' title='bbox 1439 5346 1581 5407; x_wconf 72' lang='lat' dir='ltr'><strong>quae</strong></span> <span class='ocrx_word' id='word_1_632' title='bbox 1629 5337 2090 5406; x_wconf 82' lang='lat' dir='ltr'><strong>prepugnatur,</strong></span> <span class='ocrx_word' id='word_1_633' title='bbox 2139 5329 2493 5408; x_wconf 89' lang='lat' dir='ltr'><strong>iniquitas?</strong></span> <span class='ocrx_word' id='word_1_634' title='bbox 2525 5332 2634 5390; x_wconf 88' lang='lat' dir='ltr'><strong>Est</strong></span> <span class='ocrx_word' id='word_1_635' title='bbox 2679 5345 2832 5391; x_wconf 90' lang='lat' dir='ltr'><strong>vero</strong></span> <span class='ocrx_word' id='word_1_636' title='bbox 2867 5329 3328 5405; x_wconf 88' lang='lat' dir='ltr'><strong>perridiculum</strong></span> <span class='ocrx_word' id='word_1_637' title='bbox 3362 5336 3539 5408; x_wconf 88' lang='lat' dir='ltr'><strong>(pace</strong></span> <span class='ocrx_word' id='word_1_638' title='bbox 3592 5329 3741 5390; x_wconf 88' lang='lat' dir='ltr'><strong>tanti</strong></span> 
     </span>
    </p>
   </div>
   <div class='ocr_carea' id='block_1_55' title="bbox 502 5425 3745 5512">
    <p class='ocr_par' dir='ltr' id='par_1_55' title="bbox 502 5425 3745 5512">
     <span class='ocr_line' id='line_1_55' title="bbox 502 5425 3745 5512; baseline -0.003 -13"><span class='ocrx_word' id='word_1_639' title='bbox 502 5439 641 5499; x_wconf 86' lang='lat' dir='ltr'><strong>viri</strong></span> <span class='ocrx_word' id='word_1_640' title='bbox 665 5435 966 5512; x_wconf 82' lang='lat' dir='ltr'><strong>dixerim)</strong></span> <span class='ocrx_word' id='word_1_641' title='bbox 999 5432 1171 5511; x_wconf 89' lang='lat' dir='ltr'><strong>quod</strong></span> <span class='ocrx_word' id='word_1_642' title='bbox 1204 5425 1422 5493; x_wconf 82' lang='lat' dir='ltr'><strong>subdit</strong></span> <span class='ocrx_word' id='word_1_643' title='bbox 1469 5451 1483 5489; x_wconf 91' lang='lat'><strong>:</strong></span> <span class='ocrx_word' id='word_1_644' title='bbox 1515 5428 1696 5502; x_wconf 80' lang='lat' dir='ltr'><strong>Quod</strong></span> <span class='ocrx_word' id='word_1_645' title='bbox 1724 5439 1930 5504; x_wconf 79' lang='lat' dir='ltr'><strong>autem</strong></span> <span class='ocrx_word' id='word_1_646' title='bbox 1956 5428 2251 5506; x_wconf 82' lang='lat' dir='ltr'><strong>pluribus</strong></span> <span class='ocrx_word' id='word_1_647' title='bbox 2282 5429 2620 5507; x_wconf 79' lang='lat' dir='ltr'><strong>principiis</strong></span> <span class='ocrx_word' id='word_1_648' title='bbox 2655 5447 2812 5508; x_wconf 84' lang='lat' dir='ltr'><strong>opus</strong></span> <span class='ocrx_word' id='word_1_649' title='bbox 2843 5429 3022 5491; x_wconf 79' lang='lat' dir='ltr'><strong>habet</strong></span> <span class='ocrx_word' id='word_1_650' title='bbox 3067 5428 3150 5491; x_wconf 90' lang='lat' dir='ltr'><strong>ad</strong></span> <span class='ocrx_word' id='word_1_651' title='bbox 3179 5433 3623 5502; x_wconf 75' lang='lat' dir='ltr'><strong>exsistendum,</strong></span> <span class='ocrx_word' id='word_1_652' title='bbox 3655 5430 3745 5489; x_wconf 77' lang='lat' dir='ltr'><strong>vel</strong></span> 
     </span>
    </p>
   </div>
   <div class='ocr_carea' id='block_1_56' title="bbox 497 5525 3744 5621">
    <p class='ocr_par' dir='ltr' id='par_1_56' title="bbox 497 5525 3744 5621">
     <span class='ocr_line' id='line_1_56' title="bbox 497 5525 3744 5621; baseline -0.003 -19"><span class='ocrx_word' id='word_1_653' title='bbox 497 5541 701 5621; x_wconf 79' lang='lat' dir='ltr'><strong>majus</strong></span> <span class='ocrx_word' id='word_1_654' title='bbox 728 5542 846 5601; x_wconf 84' lang='lat' dir='ltr'><strong>erit</strong></span> <span class='ocrx_word' id='word_1_655' title='bbox 871 5558 939 5599; x_wconf 83' lang='lat' dir='ltr'><strong>eo</strong></span> <span class='ocrx_word' id='word_1_656' title='bbox 971 5535 1135 5616; x_wconf 82' lang='lat' dir='ltr'><strong>quod</strong></span> <span class='ocrx_word' id='word_1_657' title='bbox 1168 5553 1245 5595; x_wconf 76' lang='lat' dir='ltr'><strong>ea:</strong></span> <span class='ocrx_word' id='word_1_658' title='bbox 1274 5552 1399 5593; x_wconf 84' lang='lat' dir='ltr'><strong>uno</strong></span> <span class='ocrx_word' id='word_1_659' title='bbox 1430 5533 1754 5610; x_wconf 85' lang='lat' dir='ltr'><strong>principio</strong></span> <span class='ocrx_word' id='word_1_660' title='bbox 1787 5525 1969 5602; x_wconf 74' lang='lat' dir='ltr'><strong>habet</strong></span> <span class='ocrx_word' id='word_1_661' title='bbox 2000 5551 2146 5604; x_wconf 84' lang='lat' dir='ltr'><strong>esse,</strong></span> <span class='ocrx_word' id='word_1_662' title='bbox 2181 5533 2273 5591; x_wconf 75' lang='lat' dir='ltr'><strong>re!</strong></span> <span class='ocrx_word' id='word_1_663' title='bbox 2304 5534 2558 5611; x_wconf 70' lang='lat' dir='ltr'><strong>(equote,</strong></span> <span class='ocrx_word' id='word_1_664' title='bbox 2594 5532 2689 5593; x_wconf 70' lang='lat' dir='ltr'><strong>vel</strong></span> <span class='ocrx_word' id='word_1_665' title='bbox 2726 5535 2953 5594; x_wconf 85' lang='lat' dir='ltr'><strong>minus.</strong></span> <span class='ocrx_word' id='word_1_666' title='bbox 2989 5533 3110 5595; x_wconf 88' lang='lat' dir='ltr'><strong>Sed</strong></span> <span class='ocrx_word' id='word_1_667' title='bbox 3161 5532 3395 5612; x_wconf 71' lang='lat' dir='ltr'><strong>aequale</strong></span> <span class='ocrx_word' id='word_1_668' title='bbox 3427 5537 3584 5594; x_wconf 80' lang='lat' dir='ltr'><strong>&#39;esse</strong></span> <span class='ocrx_word' id='word_1_669' title='bbox 3618 5552 3744 5594; x_wconf 85' lang='lat' dir='ltr'><strong>non</strong></span> 
     </span>
    </p>
   </div>
   <div class='ocr_carea' id='block_1_57' title="bbox 500 5635 3746 5722">
    <p class='ocr_par' dir='ltr' id='par_1_57' title="bbox 500 5635 3746 5722">
     <span class='ocr_line' id='line_1_57' title="bbox 500 5635 3746 5722; baseline -0.003 -18"><span class='ocrx_word' id='word_1_670' title='bbox 500 5653 730 5722; x_wconf 84' lang='lat' dir='ltr'><strong>potest,</strong></span> <span class='ocrx_word' id='word_1_671' title='bbox 765 5643 1045 5720; x_wconf 79' lang='lat' dir='ltr'><strong>alioquin</strong></span> <span class='ocrx_word' id='word_1_672' title='bbox 1074 5647 1228 5700; x_wconf 84' lang='lat' dir='ltr'><strong>esset</strong></span> <span class='ocrx_word' id='word_1_673' title='bbox 1257 5637 1324 5699; x_wconf 89' lang='lat' dir='ltr'><strong>id</strong></span> <span class='ocrx_word' id='word_1_674' title='bbox 1355 5655 1590 5715; x_wconf 83' lang='lat' dir='ltr'><strong>quoque</strong></span> <span class='ocrx_word' id='word_1_675' title='bbox 1635 5654 1716 5695; x_wconf 81' lang='lat' dir='ltr'><strong>ex</strong></span> <span class='ocrx_word' id='word_1_676' title='bbox 1742 5653 1869 5694; x_wconf 83' lang='lat' dir='ltr'><strong>uno</strong></span> <span class='ocrx_word' id='word_1_677' title='bbox 1896 5637 2239 5714; x_wconf 78' lang='lat' dir='ltr'><strong>principio.</strong></span> <span class='ocrx_word' id='word_1_678' title='bbox 2275 5638 2496 5697; x_wconf 84' lang='lat' dir='ltr'><strong>Restat</strong></span> <span class='ocrx_word' id='word_1_679' title='bbox 2517 5636 2720 5712; x_wconf 83' lang='lat' dir='ltr'><strong>igitur</strong></span> <span class='ocrx_word' id='word_1_680' title='bbox 2743 5647 2810 5696; x_wconf 87' lang='lat' dir='ltr'><strong>ut</strong></span> <span class='ocrx_word' id='word_1_681' title='bbox 2848 5636 3047 5716; x_wconf 87' lang='lat' dir='ltr'><strong>majus</strong></span> <span class='ocrx_word' id='word_1_682' title='bbox 3077 5637 3159 5696; x_wconf 89' lang='lat' dir='ltr'><strong>sit</strong></span> <span class='ocrx_word' id='word_1_683' title='bbox 3202 5645 3320 5694; x_wconf 63' lang='lat' dir='ltr'><strong>aut:</strong></span> <span class='ocrx_word' id='word_1_684' title='bbox 3349 5651 3578 5698; x_wconf 71' lang='lat' dir='ltr'><strong>manus.</strong></span> <span class='ocrx_word' id='word_1_685' title='bbox 3617 5635 3746 5711; x_wconf 86' lang='lat' dir='ltr'><strong>lgi-</strong></span> 
     </span>
    </p>
   </div>
   <div class='ocr_carea' id='block_1_58' title="bbox 500 5726 3742 5822">
    <p class='ocr_par' dir='ltr' id='par_1_58' title="bbox 500 5726 3742 5822">
     <span class='ocr_line' id='line_1_58' title="bbox 500 5726 3742 5822; baseline -0.006 -13"><span class='ocrx_word' id='word_1_686' title='bbox 500 5758 609 5809; x_wconf 83' lang='lat' dir='ltr'><strong>tur</strong></span> <span class='ocrx_word' id='word_1_687' title='bbox 641 5746 824 5806; x_wconf 85' lang='lat' dir='ltr'><strong>etiam</strong></span> <span class='ocrx_word' id='word_1_688' title='bbox 851 5743 1132 5822; x_wconf 89' lang='lat' dir='ltr'><strong>Spiritus</strong></span> <span class='ocrx_word' id='word_1_689' title='bbox 1168 5726 1421 5800; x_wconf 82' lang='lat' dir='ltr'><strong>sanctus</strong></span> <span class='ocrx_word' id='word_1_690' title='bbox 1453 5747 1562 5798; x_wconf 92' lang='lat' dir='ltr'><strong>aut</strong></span> <span class='ocrx_word' id='word_1_691' title='bbox 1593 5739 1794 5814; x_wconf 74' lang='lat' dir='ltr'><strong>major</strong></span> <span class='ocrx_word' id='word_1_692' title='bbox 1823 5735 1996 5798; x_wconf 81' lang='lat' dir='ltr'><strong>Filio</strong></span> <span class='ocrx_word' id='word_1_693' title='bbox 2033 5740 2227 5801; x_wconf 82' lang='lat' dir='ltr'><strong>erit...</strong></span> <span class='ocrx_word' id='word_1_694' title='bbox 2256 5745 2365 5798; x_wconf 75' lang='lat' dir='ltr'><strong>aut</strong></span> <span class='ocrx_word' id='word_1_695' title='bbox 2398 5737 2623 5799; x_wconf 80' lang='lat' dir='ltr'><strong>minor.</strong></span> <span class='ocrx_word' id='word_1_696' title='bbox 2664 5738 2822 5812; x_wconf 66' lang='lat' dir='ltr'><strong>Quae</strong></span> <span class='ocrx_word' id='word_1_697' title='bbox 2866 5735 3357 5816; x_wconf 85' lang='lat' dir='ltr'><strong>argumentandi</strong></span> <span class='ocrx_word' id='word_1_698' title='bbox 3417 5735 3573 5797; x_wconf 86' lang='lat' dir='ltr'><strong>ratio</strong></span> <span class='ocrx_word' id='word_1_699' title='bbox 3617 5748 3742 5794; x_wconf 91' lang='lat' dir='ltr'><strong>non</strong></span> 
     </span>
    </p>
   </div>
  </div>
