4044 6416
333 442 449 509 465
1197 446 1282 512 ΙΝ
1320 449 1750 524 SEQUENTIA
1780 451 2360 519 THEOPHYLACTI
2391 459 2729 524 SCRIPTA.
3496 467 3608 534 406

339 556 558 620 solum
593 563 810 638 peccat
832 556 902 622 in
937 572 1016 622 eo
1044 560 1218 661 quod
1243 563 1488 626 Patrem
1518 571 1583 628 et
1614 565 1857 628 Filium
1896 569 2030 630 duo
2059 586 2204 632 esse
2238 569 2551 652 principia
2600 563 2881 654 Spiritus
2910 577 3110 641 sancti
3137 577 3271 658 jam
3297 594 3592 661 praesep-

344 663 565 734 ponat,
597 657 710 720 sed
743 656 811 721 in
849 674 930 721 eo
962 659 1396 739 potissimum,
1425 665 1600 743 quod
1634 682 1759 727 non
1795 667 1951 729 satis
1985 668 2511 734 animadverterit
2542 672 3088 756 TheOphylactus,
3123 656 3604 755 processionem

341 757 631 836 Spiritus
669 760 875 822 sancti
911 776 948 823 e
977 760 1230 826 duabus
1254 766 1556 843 personis
1584 783 1713 830 non
1746 787 1826 832 ex
1856 770 2075 852 aliqua
2107 772 2290 835 illius
2324 774 2687 855 indigentia
2726 777 3070 855 proficisci,
3097 780 3213 841 sed
3238 797 3319 842 ex
3352 780 3599 843 unitate

340 865 541 937 atque
572 859 912 925 identitate
935 862 1194 927 virtutis
1224 867 1585 930 etactionis
1609 870 1944 949 spirantis,
1975 890 2118 954 qum
2143 873 2213 937 in
2273 883 2545 956 utraque
2576 894 2856 958 persona
2908 887 3040 955 est;
3076 898 3269 960 quam
3333 883 3419 944 ob
3473 899 3608 944 rem

346 959 505 1021 oriri
548 975 677 1022 non
711 969 918 1040 potest
951 979 989 1025 a
1015 965 1200 1028 Patre
1227 968 1389 1045 quin
1416 971 1610 1033 simul
1647 972 1894 1038 oriatur
1926 994 1963 1039 a
2002 978 2190 1052 Filio,
2222 980 2767 1058 quemadmodum
2805 984 3007 1046 creari
3046 959 3327 1049 mundus
3358 1002 3393 1047 a
3429 988 3610 1048 Patre

348 1080 477 1128 non
514 1068 908 1149 potuitquin
937 1078 999 1133 et
1029 1072 1173 1136 alite
1200 1091 1499 1154 personas
1526 1093 1993 1149 concurrerent
2050 1086 2117 1148 in
2164 1086 2584 1150 creationem.
2636 1088 2761 1151 Sed
2810 1087 2986 1168 piget
3041 1086 3110 1150 in
3156 1087 3282 1163 his,
3320 1104 3467 1168 quae
3511 1088 3612 1150 vel

346 1166 516 1246 ipsis
548 1167 891 1249 theologia;
916 1172 1240 1239 tironibus
1272 1178 1597 1258 explorata
1629 1192 1803 1257 sunt,
1840 1186 2086 1251 diutius
2131 1187 2490 1255 immorari.

434 1269 793 1371 ΧΧΧἮΠ·
841 1272 1402 1347 Quemadmodum
1453 1294 1645 1356 porro
1695 1283 1888 1346 nihili
1957 1286 2252 1351 facienda
2303 1300 2423 1365 est,
2454 1290 2530 1354 ad
2578 1290 2703 1353 hoc
2739 1290 2914 1371 quod
2961 1290 3213 1364 attinet,
3264 1289 3611 1352 auctoritas

348 1366 845 1448 Theophylacti,
879 1379 1099 1449 utpote
1130 1374 1596 1442 infirmissimis
1635 1387 2036 1462 argumentis
2078 1387 2313 1464 innixi,
2347 1389 2436 1452 ita
2476 1366 2803 1470 probanda
2854 1391 3039 1454 illius
3070 1390 3278 1453 animi
3312 1391 3612 1451 modera-

349 1467 472 1539 tio,
499 1469 670 1547 quod
703 1485 739 1533 a
777 1489 1053 1535 censura
1083 1473 1373 1554 qualibet
1407 1477 1797 1558 disputando
1827 1484 2255 1559 abstinuerit;
2315 1467 2494 1551 cum-
2517 1507 2598 1554 ex
2654 1490 2992 1554 Photianis
3036 1489 3242 1570 aliqui
3303 1496 3609 1569 tanquam

347 1569 725 1645 hereticam,
750 1571 862 1634 alii
897 1582 968 1635 ut
1002 1574 1424 1655 blasphemam
1450 1581 1519 1642 in
1541 1582 1861 1662 Spiritum
1880 1596 2168 1650 sanctum
2206 1592 2543 1654 traducere
2567 1594 2943 1655 latinorum
2977 1569 3387 1662 sententiam,
3419 1596 3615 1668 atque

352 1671 526 1773 adeo
549 1674 778 1754 dogma
801 1676 1216 1754 catholicum,
1250 1696 1377 1741 non
1418 1694 1780 1760 vereantur,
1818 1695 1888 1750 ut
1933 1687 2333 1753 furibundus
2368 1691 2478 1755 ille
2524 1692 2918 1773 sycophanta
2959 1690 3366 1771 prraemus.
3400 1688 3616 1751 Theo-

353 1770 698 1849 phylactus
721 1784 942 1839 contra
974 1777 1232 1841 videtur
1263 1789 1333 1842 ut
1362 1780 1587 1844 falsam
1621 1788 2064 1850 tantummodo
2088 1790 2474 1867 opinionem
2510 1770 2701 1871 queis
2734 1796 2941 1869 potest
2989 1770 3391 1863 argumentis
3422 1784 3616 1849 refel-

351 1871 511 1936 lere.
544 1874 713 1938 Hinc
739 1894 919 1940 num.
953 1879 1036 1940 Ill
1069 1888 1128 1941 τὸ
1156 1889 1419 1958 μέγιστον
1434 1892 1682 1948 Λατίνων
1709 1896 1948 1967 σφάλμα,

2019 1891 2338 1951 mximum
2393 1892 2760 1954 Latinorum
2787 1910 3065 1953 errorem
3089 1892 3278 1954 docet
3311 1906 3454 1952 esse
3488 1903 3616 1950 non

349 1975 587 2052 ipsam,
619 1994 812 2054 quam
874 1987 1155 2056 tuemur,
1205 1986 1614 2061 sententiam,
1663 1988 1777 2050 sed
1839 1997 1941 2070 τὴν

2024 2016 2029 2042 ¹
2062 1999 2143 2070 τῷ
2172 2004 2412 2066 πίστεως
2439 2004 2702 2075 Συμδόὶαῳ
2734 2002 3115 2073 καινοτομίαν,
3181 1992 3498 2053 invectam
3549 1989 3621 2050 in

351 2082 502 2162 ﬁdei
526 2086 890 2165 Symbolum
920 2089 1412 2168 innovationem,
1439 2109 1557 2156 seu
1588 2094 1987 2158 additionem
2021 2100 2370 2177 particulae,
2402 2101 2735 2180 Filioque;
2763 2108 2833 2163 et
2857 2115 3035 2162 num.
3066 2099 3220 2161 XIII
3257 2096 3321 2157 in
3371 2092 3619 2170 placitis

356 2191 728 2253 Latinorum
762 2193 939 2256 velut
960 2203 1058 2275 τὴν
1084 2207 1360 2279 πατρῐκην
1392 2208 1575 2264 πίστιν
1599 2210 1848 2275 σαλεῦον,
1879 2202 1953 2282 ﬁd

2024 2221 2063 2265 η
2119 2207 2487 2266 concutiens
2520 2205 2633 2268 SS.
2665 2206 2953 2279 Patrum,
2988 2202 3200 2265 solum
3252 2199 3439 2261 aﬂ'ert
3471 2205 3534 2259 τδ
3564 2209 3621 2259 ἐν

355 2300 440 2373 τῷ
460 2303 722 2375 Eume
750 2306 880 2377 περὶ
916 2307 1012 2363 τοῦ
1051 2310 1238 2380 Ἀγίου
1267 2312 1584 2386 Πνεύματος
1618 2316 1949 2388 προστιθέμε

2028 2335 2063 2382 θ,
2091 2309 2178 2383 id,
2206 2308 2372 2390 quod
2397 2309 2471 2370 de
2483 2310 2735 2389 Spiritu
2761 2318 2976 2370 sancto
3001 2305 3313 2386 adjectum
3338 2310 3425 2362 est
3445 2301 3625 2380 Sym-

354 2392 525 2458 balo.
564 2398 657 2459 Ad
730 2399 905 2462 hunc
926 2411 1141 2466 autem
1201 2423 1475 2468 errorem
1522 2406 1898 2471 Latinorum
1935 2413 2279 2474 maximum
2342 2411 2813 2493 proﬂigandum
2855 2427 2981 2474 non
3011 2408 3139 2471 alio
3168 2404 3374 2469 utitur
3420 2419 3618 2481 argu-

360 2503 600 2571 mento,
649 2516 840 2579 quam
900 2502 1021 2568 hoc
1061 2527 1075 2566 :
1117 2515 1213 2570 Δεῖ
1242 2516 1301 2570 δὲ
1329 2517 1469 2574 εἶναι
1489 2519 1584 2575 τοῦ
1617 2523 1812 2577 πιστοῦ
1840 2524 1902 2577 τὸ
1933 2541 1957 2577 a

2022 2524 2206 2579 ιὸολον
2246 2525 2428 2597 πάσης
2463 2524 2854 2596 ἀπηλαγμένον
2879 2519 3311 2591 περιποιήσεως,
3356 2506 3619 2586 Oportet

356 2596 523 2656 enim
548 2599 752 2678 ﬁdelis
775 2607 1122 2683 symbolum
1152 2610 1423 2673 immune
1457 2631 1587 2673 esse
1630 2613 1705 2675 ab
1740 2617 1908 2677 omni
1935 2596 2398 2679 adulterat-ioue
2428 2626 2485 2679 et
2524 2611 3105 2694 corruptione.,Sed
3141 2611 3219 2671 ad
3252 2609 3371 2669 hoc
3404 2603 3622 2668 facilis

360 2698 710 2772 responsio
750 2711 865 2778 est,
902 2722 1115 2785 neque
1148 2706 1721 2790 TheOphylactum,
1755 2713 1906 2778 licet
1936 2716 2063 2778 acri
2096 2715 2361 2793 ingenio
2389 2715 2751 2794 praeditum,
2794 2711 3135 2791 probasse,
3168 2725 3382 2788 neque
3413 2706 3618 2768 alium

355 2799 731 2876 quempiam
765 2821 910 2866 esse
938 2824 1220 2887 unquam
1254 2811 1693 2889 probaturum,
1728 2813 1948 2876 falsam
1992 2832 2137 2877 esse
2204 2816 2573 2878 Latinorum
2628 2813 2983 2876 doctrinam
3039 2812 3252 2888 quoad
3340 2805 3621 2885 Spiritus

356 2896 563 2956 sancti
595 2900 787 2962 etiam
825 2919 861 2965 a
890 2906 1058 2969 Filio
1091 2912 1597 2987 processionem.
1621 2916 1765 2990 Quo
1791 2914 2159 2995 igiturjure
2199 2934 2312 2994 per
2339 2915 2733 2978 additionem
2787 2913 2960 2975 vocis
3011 2910 3300 2988 Filioque
3337 2906 3464 2969 dici
3496 2920 3615 2984 po—

358 2996 920 3077 teritSymbolum
967 3008 1393 3075 adulteratam
1422 3015 1562 3078 sive
1618 3020 2038 3096 corruptum?
2070 3019 2381 3080 Caeterum
2441 3018 2520 3080 de
2554 3016 2897 3095 Ephesium
2957 3012 3194 3093 synodi
3238 3008 3608 3078 interdicto,

359 3095 543 3172 quod
572 3101 734 3169 adeo
766 3103 1059 3182 jactitant
1086 3109 1406 3188 Photiani,
1435 3122 1497 3177 et
1535 3132 1648 3195 pro
1678 3133 1808 3197 quo
1844 3124 1969 3179 tam
2000 3117 2164 3179 altos
2189 3117 2500 3179 clamores
2534 3116 2743 3189 cient,
2765 3131 2898 3194 quo
2928 3128 3165 3192 nempe
3199 3110 3469 3173 vetitum
3496 3122 3624 3184 pu-

361 3203 523 3297 tant,
566 3215 644 3261 ne
674 3204 1029 3285 quidquam
1061 3210 1366 3289 Symbolo
1394 3215 1491 3278 vel
1528 3217 1785 3295 majoris
1811 3224 2058 3281 tantum
2098 3217 2552 3297 explicationis
2575 3218 2773 3296 gratia
2803 3215 3150 3278 adderetur
3192 3209 3409 3294 (quasi
3470 3221 3623 3269 vero

367 3297 466 3357 ⁷⁸³
494 3296 611 3379 hac
640 3300 857 3365 solum
886 3306 966 3367 de
996 3325 1187 3373 causa
1219 3312 1569 3392 rejieienda
1594 3323 1766 3379 esset
1799 3324 1867 3379 ut
1899 3317 2099 3395 impia
2147 3324 2342 3396 atque
2370 3315 2707 3394 illegitima
2742 3305 3477 3390 memoratasparticulm
3508 3306 3626 3366 ad-

362 3396 577 3477 ditio),
612 3401 865 3465 nullum
896 3404 1418 3489 TheOphylactus
1451 3412 1713 3476 verbum
1738 3414 1925 3487 facit;
1966 3416 2140 3494 quod
2185 3413 2339 3475 mihi
2373 3419 2753 3492 argumento
2783 3408 3300 3473 luculentissimo
3332 3410 3453 3476 est,
3491 3419 3627 3479 per-

363 3516 636 3563 suasum
660 3502 756 3563 illi
787 3502 1017 3582 fuisse,
1041 3507 1454 3574 interdictum
1480 3514 1881 3591 Ephesinum
1913 3531 2057 3577 esse
2089 3512 2309 3593 aliter,
2332 3520 2525 3592 atque
2549 3528 2583 3574 a
2611 3509 2938 3572 Pbotianis
2969 3509 3229 3580 assolet,
3258 3503 3628 3581 intelligen-

364 3597 527 3660 dum
564 3620 580 3658 :
611 3603 907 3682 adeoque
932 3606 1303 3671 nullatenus
1336 3611 1700 3689 improbare
1754 3613 2178 3681 additionem,
2214 3614 2282 3674 in
2320 3630 2513 3694 quam
2571 3610 2670 3672 illi
2703 3610 2867 3672 adeo
2931 3607 3353 3669 conclamant.
3386 3608 3507 3668 Sed
3546 3607 3626 3668 de

364 3696 487 3762 bac
519 3701 759 3764 celebri
784 3703 1184 3769 Allocutioue
1209 3725 1287 3770 ne
1314 3709 1518 3788 plura.
1558 3712 1894 3791 Quidquid
1934 3714 2111 3775 enim
2131 3710 2654 3791 TheOphylactus
2691 3709 2987 3789 adjungit
3014 3708 3113 3771 vel
3152 3714 3371 3768 contra
3406 3705 3624 3783 legiti-

370 3816 549 3861 mum
604 3818 980 3881 azymorum
1011 3822 1202 3872 usum
1230 3809 1296 3869 iu
1332 3809 1747 3872 Eucharistiae
1775 3810 2204 3883 confectione,
2240 3810 2339 3872 vel
2367 3815 2585 3870 contra
2618 3807 2990 3868 Latinorum
3010 3803 3336 3884 jejunium
3368 3803 3436 3865 in
3478 3802 3629 3865 Sab-

375 3899 543 3972 bato,
571 3900 828 3964 abunde
853 3904 1120 3968 refutatu
1145 3907 1271 3983 jam
1297 3907 1492 3971 habes
1533 3910 1600 3970 in
1637 3910 1874 3986 prmvia
1902 3910 2405 3973 Dissertatione:
2446 3918 2866 3986 prmterquam
2889 3905 3061 3984 quod
3097 3901 3624 3982 TheOphylactus

384 3997 525 4075 ipse
551 3999 803 4074 fatetur,
842 4003 974 4066 duo
997 4004 1130 4066 haec
1165 4005 1320 4067 tanti
1376 4007 1689 4069 momenti
1749 4022 1881 4068 non
1912 4022 2080 4081 esse,
2106 4014 2176 4066 ut
2209 4004 2471 4066 Latinos
2523 4003 2694 4063 inter
2717 4008 2779 4065 et
2814 4002 3067 4064 Graecos
3099 3999 3372 4065 dissidia
3404 4014 3627 4078 parere

373 4096 671 4177 debeant,
720 4105 1056 4186 multoque
1096 4106 1311 4170 minus
1336 4108 1535 4170 unius
1574 4107 1873 4171 Ecclesiae
1902 4107 1980 4169 ab
2022 4106 2221 4170 altera
2253 4105 2752 4186 separationem.

1768 4249 2053 4313 SECTIO
2076 4248 2239 4310 VIII.

958 4393 1047 4453 Dc
1087 4392 1497 4455 Institutione
1524 4392 1722 4473 regia,
1752 4390 1837 4454 ad
1867 4392 2354 4456 Constantinum
2384 4394 3034 4477 Porphytogenitum.

451 4519 755 4582 XXXIX.
790 4517 1264 4582 Allocutionem
1290 4519 1368 4581 de
1403 4519 1509 4594 iis,
1540 4536 1704 4599 quos
1735 4521 1936 4583 Graeci
1973 4519 2216 4582 Latinis
2268 4520 2606 4601 aﬂingunt,
2639 4519 2969 4587 erroribus
3009 4518 3249 4597 excipit
3297 4519 3628 4580 Institutio

368 4623 552 4703 regia
581 4620 665 4683 ad
689 4621 1167 4684 Constantinum
1187 4623 1832 4703 Porphyrogenitum,
1871 4624 2279 4704 imperatoris
2313 4628 2505 4689 Ducas
2526 4627 2633 4702 IV,
2655 4633 2716 4686 et
2745 4623 2962 4687 Maria;
2991 4638 3071 4683 ex
3103 4621 3327 4684 Iberim
3367 4621 3630 4697 regibus

370 4733 701 4802 prognatae
731 4722 960 4786 tilium.
994 4724 1340 4802 Egregium
1374 4740 1530 4786 sane
1561 4739 1752 4803 Opus,
1780 4731 1843 4786 et
1867 4722 2330 4802 TheOphylacti
2367 4724 2660 4804 ingenio,
2693 4721 3063 4786 eruditione
3092 4736 3164 4782 ac
3195 4720 3511 4800 sapientia
3536 4720 3632 4781 di-

373 4841 606 4903 gnum.
642 4825 934 4889 Divisum
959 4826 1144 4888 estin
1178 4832 1387 4904 partes
1419 4825 1618 4901 duas;
1650 4843 1924 4906 quarum
1945 4826 2144 4889 altera
2180 4826 2249 4887 in
2280 4827 2497 4889 Mariae
2528 4826 2954 4904 imperatricis
2988 4823 3244 4889 eximiis
3264 4822 3463 4885 animi
3510 4823 3629 4885 do-

372 4925 581 5000 tibus,
608 4925 910 5005 regiique
936 4926 1123 5004 pueri
1147 4942 1295 4987 cum
1326 4927 1548 5000 animi,
1586 4934 1719 4989 tum
1754 4925 1946 4989 etiam
1977 4927 2268 5005 corporis
2297 4925 2705 5005 exponendis
2744 4925 3266 5002 extollendisque
3304 4938 3630 5002 praeroga-

376 5025 531 5087 tivis
567 5035 690 5088 tota
724 5034 848 5088 est.
880 5027 1096 5088 Altera
1126 5042 1278 5088 vero
1313 5026 1536 5100 multa,
1574 5044 1780 5107 eaque
1814 5027 2303 5106 sapientissime
2334 5033 2643 5104 praecepta
2681 5024 3150 5105 complectitur,
3194 5023 3378 5104 queis
3410 5023 3628 5083 'l‘bco-

373 5127 719 5208 phylactus
766 5130 910 5209 ipse
967 5129 1487 5204 Constantinum,
1524 5130 1713 5210 cujus
1767 5138 2121 5210 praeceptor
2162 5136 2321 5199 erat.
2356 5131 2433 5194 ad
2491 5130 2654 5193 bene
2720 5128 3128 5208 feliciterque
3180 5124 3629 5234 imperandum

373 5226 687 5290 instituit.
711 5230 783 5290 Et
815 5245 969 5290 sane
998 5227 1061 5289 in
1092 5227 1210 5293 hac
1242 5238 1416 5309 parte
1471 5230 1959 5292 absolutissima
1989 5229 2252 5297 functus
2291 5245 2412 5297 suo
2478 5247 2746 5291 munere
2799 5235 2898 5291 est
2932 5251 2948 5291 :
2979 5226 3531 5310 quemadmodum
3567 5226 3629 5285 in

374 5328 500 5391 alia
532 5329 748 5404 priore
789 5330 1011 5392 diserti
1044 5332 1342 5405 oratoris,
1370 5332 1638 5395 fortasse
1670 5342 1732 5393 et
1767 5333 1953 5409 periti
1987 5333 2183 5395 aulici
2218 5340 2428 5411 partes
2455 5332 2728 5394 solerter
2764 5331 3068 5411 explevit.
3108 5329 3423 5393 Libellum
3457 5327 3632 5391 hunc

375 5448 460 5501 ex
485 5432 876 5496 bibliotheca
910 5434 1614 5496 Florentino-Medicae
1626 5435 1874 5512 primus
1894 5436 2063 5509 eruit
2085 5434 2502 5498 doctissimus
2540 5434 2902 5514 GI‘iBt'quue
2932 5431 3166 5510 lingua)
3197 5427 3631 5509 peritissimus

374 5533 607 5595 Petrus
639 5532 974 5604 Pessinus,
1009 5532 1264 5610 inclytae
1295 5533 1634 5595 Societatis
1691 5534 1857 5594 Iesu
1880 5533 2185 5596 alumnus
2224 5542 2285 5594 et
2316 5540 2809 5598 ornamentum:
2844 5545 3126 5610 eumque
3154 5525 3448 5589 libellum
3483 5530 3630 5604 epi-

375 5632 541 5695 stola
576 5633 722 5696 data
742 5635 957 5695 Romae
985 5647 1153 5693 anno
1183 5631 1484 5711 (utvulgo
1499 5631 1759 5712 dicitur)
1787 5641 2007 5694 sancto
2036 5633 2220 5707 1650,
2257 5631 2587 5695 Ludovico
2623 5631 2789 5705 XIV,
2812 5627 3035 5693 Gallia)
3056 5634 3120 5691 et
3151 5629 3443 5696 Navarrm
3468 5627 3645 5701 regi,

374 5741 511 5797 tum
541 5736 756 5801 adhuc
790 5735 1213 5809 adolescenti,
1243 5743 1307 5799 et
1335 5736 1458 5798 sub
1491 5734 1710 5798 matris
1744 5736 1940 5799 tutela
1969 5753 2239 5815 regnum
2289 5733 2787 5809 administranti,
2820 5728 3337 5808 nuncupavit,.ea
3366 5742 3633 5805 praeser-

376 5838 489 5904 tim
524 5841 623 5923 (ut
654 5841 797 5923 ipse
828 5840 1121 5922 testatur)
1153 5840 1401 5905 ratione
1439 5841 1694 5917 ductus,
1730 5841 1901 5921 quod
1939 5840 2009 5904 in
2054 5839 2169 5904 hac
2206 5838 2421 5918 cpella
2455 5836 2734 5903 describi
2769 5837 2843 5900 ad
2878 5835 3187 5899 amussim
3239 5840 3301 5896 et
3327 5827 3627 5913 graphice
