4044 6442
398 439 501 500 ι67
1446 441 1832 501 BONIFACII
1865 443 1995 503 FIN

2065 444 2179 504 I'Tl
2218 443 2614 507 PRIEFATIO
3554 442 3662 506 668

399 551 732 614 videretur
769 553 1041 630 ipsemet
1074 555 1467 627 Ludovicus,
1505 562 1565 616 et
1594 555 1804 635 qualis
1843 563 1993 618 tunc
2025 558 2426 637 essetquoad
2456 560 2745 638 corporis
2776 560 3111 639 animique
3132 560 3341 632 doles,
3369 557 3661 637 etqualis

398 653 590 715 ctiam
624 652 890 716 futurus
926 671 1273 735 progressu
1310 656 1619 734 temporis
1652 663 1824 717 esset
1854 665 1960 718 aut
1987 674 2132 719 esse
2178 657 2465 721 deberet.
2494 660 2631 721 Etsi
2688 676 2841 725 vero
2882 662 3156 740 epistola
3187 658 3657 739 nuncupatoria

379 754 634 833 ,scripta
670 756 755 817 sit
788 759 1007 822 Romae
1033 775 1228 832 anno,
1274 766 1341 820 ut
1369 758 1680 829 diximus,
1710 759 1887 833 1650,
1927 759 2129 823 editio
2162 766 2373 823 tamen
2402 762 2669 825 nonnisi
2707 779 2880 825 anno
2910 762 3300 842 insequente
3327 762 3504 836 1651,
3545 778 3655 822 ea-

396 872 525 933 que
555 871 685 918 non
715 859 958 934 Romae,
992 860 1104 923 sed
1139 860 1407 924 Parisiis
1446 868 1666 924 secuta
1691 868 1786 923 est
1822 860 1991 940 typis
2036 860 2262 941 regiis,
2298 861 2655 934 volumine,
2691 870 2760 926 ut
2792 862 3000 935 aiunt,
3029 863 3387 940 iri-quarto.
3414 861 3657 922 Inserta

368 938 386 1038 ξ
400 961 814 1035 postmodum
843 968 939 1023 est
970 963 1222 1040 corpori
1255 963 1623 1044 Byzantines
1648 938 1961 1039 histor—ias,
1997 938 2193 1038 tom‘o,
2203 966 2385 1045 juxta
2418 967 2719 1029 Venetam
2749 938 3301 1040 editionemhﬂt;
3333 966 3483 1029 inde
3507 979 3660 1029 vero

396 1053 469 1124 in
503 1058 624 1121 hoc
659 1061 958 1123 translata
990 1062 1294 1127 volumen
1329 1073 1450 1127 est.
1488 1067 1795 1143 Tempus,
1828 1082 1960 1143 quo
1984 1066 2147 1129 hanc
2176 1066 2698 1146 'l‘heOphylactus
2730 1067 3010 1146 opellam
3045 1068 3488 1130 verosimilius
3517 1067 3662 1128 elu-

394 1159 712 1234 rubravit,
742 1161 984 1223 videsis
1008 1162 1072 1228 in
1105 1165 1360 1242 praevia
1386 1166 1873 1239 Dissertatiouis
1901 1168 2151 1229 n.Vl|l.
2171 1167 2390 1229 Graeco
2422 1167 2626 1230 textui
2648 1169 3012 1236 versionem
3034 1168 3290 1233 addidit
3313 1167 3662 1246 elegantis-
3710 1200 3713 1227 ;

392 1264 620 1326 simam
644 1263 724 1327 ab
756 1282 828 1327 se
854 1265 1242 1331 elaboratam
1264 1268 1435 1332 idem
1460 1269 1809 1341 Possinus;
1843 1287 2036 1349 quam
2071 1277 2280 1332 tamen
2340 1277 2678 1349 prOpterea
2731 1271 3030 1334 nonnulli
3060 1270 3660 1350 reprehendendam

396 1371 686 1439 censent,
710 1365 865 1445 quia
894 1367 1186 1432 nitidiori
1222 1371 1607 1451 puriorique
1636 1371 1807 1449 stylo
1836 1370 2126 1434 intentus
2148 1387 2183 1433 a
2211 1370 2671 1450 TheOphylacti
2695 1372 2905 1437 verbis
2937 1371 3130 1452 paulo
3161 1371 3434 1433 liberius
3459 1386 3664 1450 quan-

395 1466 610 1545 doque
646 1475 931 1547 vagatur.
967 1470 1087 1534 Sed
1131 1486 1252 1550 ego
1282 1470 1384 1535 sin
1418 1472 1686 1535 omnino
1752 1471 2177 1548 probandum,
2211 1473 2436 1535 saltem
2498 1473 2955 1549 excusandum
2998 1487 3236 1535 censeo
3294 1469 3659 1541 Possinum,

392 1574 549 1637 dum
582 1576 977 1656 eloquentiae
1004 1593 1163 1651 sum,
1197 1592 1324 1656 qua
1358 1577 1635 1638 maxime
1668 1574 2022 1653 praistabat,
2054 1573 2327 1637 ﬂumine
2354 1583 2608 1654 raptus,
2653 1574 2819 1637 intra
2850 1574 3185 1654 rigidioris
3215 1572 3537 1635 versionis
3577 1571 3660 1632 li-

395 1675 585 1737 mites
618 1692 764 1739 sese
803 1676 1108 1741 cohibere
1141 1695 1271 1741 non
1304 1679 1556 1757 potuit;
1591 1678 1949 1756 maluitque
1978 1693 2167 1740 sensa
2207 1676 2481 1740 reddere
2527 1677 2813 1740 auctoris
2842 1686 2915 1740 ut
2944 1684 3188 1749 orator,
3221 1690 3413 1755 quam
3443 1682 3519 1735 ut
3561 1676 3665 1737 in-
3697 1724 3711 1737 .

392 1786 637 1855 rcrpres
663 1777 887 1854 :quod
926 1777 1096 1840 idem
1122 1778 1187 1841 in
1219 1778 1519 1841 versiOne
1560 1777 2025 1840 Demosthenis
2059 1776 2438 1856 praestitisse
2468 1795 2538 1840 se
2587 1778 2942 1859 aliquando
2975 1777 3231 1842 Tullius
3266 1776 3408 1855 ipse
3462 1784 3660 1840 testa~
3696 1802 3707 1827 κ

390 1885 520 1937 tur.
557 1877 712 1939 Mihi
743 1879 961 1958 potius
992 1879 1485 1942 admirationem
1510 1881 1771 1959 ingerit,
1803 1880 1978 1959 quod
2014 1880 2080 1941 in
2114 1879 2470 1960 epigraphe
2498 1881 2693 1969 istius
2731 1882 2949 1960 operis
2982 1880 3540 1960 Theophylactum
3565 1881 3703 1937 τοῦτ

389 1980 448 2030 ἐν
473 1978 651 2047 ἁγίοις
678 1981 892 2052 Harpe;
925 1985 1106 2053 ἡμῶν,
1134 1981 1200 2041 S.
1234 1980 1453 2043 Patris
1481 1983 1692 2043 nostri
1713 1981 1903 2044 titulo
1931 1998 1986 2045 et

2120 1984 2405 2045 acorarit.
2441 1972 2844 2045 Valde'enim
2896 1981 3148 2055 dubito,
3187 1980 3510 2058 utrum_in
3553 1996 3657 2049 eo,
3692 1985 3717 2039 ἓ

392 2085 524 2146 quo
564 2088 721 2135 usus
754 2083 877 2150 est,
903 2079 1124 2143 codice
1168 2080 1454 2160 elogium
1486 2082 1865 2162 hujusmodi
1892 2100 2116 2147 revera
2148 2089 2356 2146 exstet
2383 2104 2398 2145 :
2424 2084 2958 2166 quandoquidem
3002 2084 3069 2147 in
3102 2082 3464 2155 codicibus,
3488 2096 3658 2161 quos
3689 2128 3713 2165 κ

394 2169 556 2232 mihi
590 2173 912 2251 inspicere
947 2178 1155 2254 licuit,
1190 2183 1357 2245 nulli
1408 2184 1621 2261 ipsius
1655 2185 1841 2263 operi
1893 2186 1957 2248 id
2000 2187 2328 2264 prmﬁxum
2380 2185 2767 2266 reperiatur.
2799 2185 2981 2249 Alias
3017 2201 3172 2249 vero
3216 2183 3531 2248 Possinus
3592 2183 3659 2243 in

392 2268 856 2351 ’l‘beOphylacti
896 2277 1120 2341 laudes
1168 2280 1361 2358 paulo
1394 2281 1725 2345 liberalior
1765 2284 2043 2359 videtur,
2096 2292 2319 2363 utpote
2352 2288 2463 2366 qui
2492 2286 2685 2352 etiam
2744 2286 2814 2349 in
2848 2285 3136 2368 Epistola
3186 2283 3663 2363 nuncupatoria
3688 2328 3707 2335 η

393 2374 694 2437 eumdem
720 2394 847 2441 non
881 2382 1420 2459 sapientissimum
1447 2386 1639 2448 modo
1669 2404 1741 2449 ac
1768 2387 2187 2450 uenerabilem
2231 2391 2805 2471 archiepiscopum,
2831 2407 3058 2456 verum
3118 2389 3310 2452 etiam
3362 2389 3662 2451 Ecclesia:

392 2479 711 2543 doctorem
729 2484 1045 2564 appellat;
1077 2488 1250 2568 quod
1286 2489 1551 2569 quidem
1579 2491 1873 2555 absolute
1902 2499 1967 2554 et
2010 2493 2150 2557 sine
2181 2492 2401 2573 aliqua
2429 2494 2816 2559 limitatione
2865 2496 2946 2559 de
2990 2510 3070 2557 eo
3102 2499 3273 2556 recte
3305 2492 3435 2556 dici
3468 2509 3660 2570 posse

396 2596 528 2645 non
560 2592 739 2661 puto.

1790 2716 2078 2779 SECTIO
2141 2717 2254 2779 ΙΧ.

1124 2862 1215 2921 De
1264 2860 1570 2924 Encomio
1606 2864 1676 2924 in
1712 2860 2160 2944 imperatorem
2183 2866 2484 2928 .Alexium
2519 2867 2923 2930 Comnenum.

469 3001 598 3065 XL.
617 3003 1087 3084 TheOphylacti
1123 3023 1395 3088 cperum
1436 3026 1769 3089 nunquam
1805 3010 2119 3077 hactenus
2146 3014 2470 3077 editorum
2504 3030 2710 3076 unum
2743 3021 2841 3076 est
2871 3014 3087 3086 etiam,
3122 3013 3295 3092 quod
3329 3012 3649 3093 sequitur.

389 3103 946 3184 elegantissimum
976 3108 1346 3171 Encomium
1366 3113 1435 3172 in
1467 3112 1910 3190 imperatorem
1944 3114 2244 3176 Alexium
2272 3115 2676 3177 Comnenum.
2700 3113 3020 3175 Dominus
3053 3112 3132 3175 de
3163 3112 3392 3175 OEt‘eld
3432 3114 3652 3192 (quem

390 3207 660 3271 honoris
693 3227 884 3272 causa
926 3212 1246 3293 nomine),
1297 3213 1735 3278 celeberrima;
1784 3217 2191 3281 serenissimi
2240 3216 2427 3280 ducis
2490 3226 2687 3298 atque
2734 3215 3035 3280 electoris
3083 3215 3366 3278 Bavarim
3409 3213 3650 3277 biblio-

393 3308 598 3370 theca)
633 3309 968 3385 praefectus
1003 3313 1495 3390 meritissimus,
1525 3314 1686 3377 illud
1730 3316 1987 3395 prepria
2028 3333 2219 3379 manu
2257 3317 2656 3396 descriptum
2705 3334 2787 3379 ex
2841 3322 3097 3379 vetusto
3149 3315 3369 3377 codice
3417 3313 3656 3376 biblio-

396 3412 596 3476 thecae
632 3414 951 3493 praedictae
986 3415 1301 3480 editionis
1330 3417 1526 3499 hujus
1554 3417 1923 3482 fautoribus
1956 3418 2432 3482 humanissime
2459 3419 2932 3497 suppeditavit;
2978 3432 3110 3498 quo
3142 3433 3297 3478 sane
3344 3413 3658 3477 beneﬁcio

395 3533 541 3579 sese
584 3514 929 3580 obstrictos
959 3516 1338 3581 fatebuntur
1371 3519 1417 3580 ii
1452 3536 1680 3583 omnes
1715 3521 1831 3601 qui
1857 3520 2083 3581 eximii
2118 3519 2316 3597 hujus
2346 3518 2646 3598 opusculi
2683 3518 3085 3598 perjucunda
3119 3515 3391 3578 lectione
3423 3513 3654 3577 fruen-

393 3631 519 3679 tur.
550 3620 694 3695 Quo
738 3618 897 3681 iilud
933 3628 1221 3699 tempore
1254 3620 1781 3701 TheOphylactus
1813 3620 2151 3699 scripserit
2177 3635 2249 3679 ac
2281 3617 2584 3690 recitarit,
2613 3617 2680 3679 in
2721 3617 3187 3680 Dissertatione
3214 3616 3444 3695 praavia
3470 3629 3655 3676 num.

388 3720 526 3782 LVI
548 3719 821 3782 solerter
853 3727 915 3781 et
953 3721 1209 3784 erudite
1228 3721 1607 3801 expeditum
1635 3721 1765 3802 jam
1801 3720 2024 3782 habes.
2060 3719 2182 3782 Sed
2212 3718 2316 3781 hic
2346 3717 2509 3780 forte
2546 3717 3053 3798 percontaberis,
3080 3735 3212 3798 quo
3243 3716 3658 3797 potissimum

384 3819 807 3885 fundamento
833 3822 1217 3888 Encomium
1251 3822 1429 3887 istud
1462 3822 1973 3904 TheOphylacto,
2010 3822 2202 3901 cujus
2235 3837 2430 3899 opera
2453 3821 2520 3883 in
2549 3819 2670 3883 hoc
2700 3819 2988 3883 eduntur
3020 3819 3375 3893 volumine,
3414 3817 3665 3879 tribua-

388 3933 517 3985 tur.
554 3921 919 4002 Responsio
950 3924 1016 3986 in
1045 3931 1343 4004 promptu
1378 3931 1497 3998 est,
1542 3923 1704 3987 illud
1740 3922 2225 4004 Theophylacto
2268 3921 2621 4000 ascriptum
2661 3920 2729 3982 in
2783 3926 3037 3983 vetusto
3081 3921 3304 3983 codice
3351 3917 3658 3996 reperiri,

388 4025 551 4102 quin
585 4023 762 4088 ullus
795 4026 878 4087 sit
908 4015 1111 4088 codex
1141 4026 1256 4104 qui
1293 4033 1633 4106 repugnet.
1681 4025 1803 4088 Per
1836 4025 1900 4087 id
1932 4041 2089 4088 vero
2128 4021 2440 4103 temporis
2493 4023 2695 4085 alium
2740 4022 3035 4102 aliquem“
3075 4019 3662 4099 't‘heOphylactum,

388 4134 817 4207 praeterquam
848 4126 1166 4205 Bulgariae
1197 4126 1787 4207 archiepiscopum,
1823 4125 2129 4188 ﬂoruisse
2164 4140 2293 4186 non
2326 4129 2595 4185 constat.
2630 4120 2847 4202 Stylus
2892 4138 2925 4184 a
2966 4121 3137 4201 style
3190 4117 3661 4199 TheOphylaeti

386 4226 588 4290 nostri
619 4227 886 4288 minime
912 4226 1233 4302 abhorret,
1267 4227 1516 4289 tametsi
1544 4243 1658 4306 pro
1692 4226 1940 4288 ratione
1978 4224 2450 4287 encomiasticm
2481 4221 2794 4284 orationis
2829 4220 3018 4300 paulo
3050 4220 3346 4284 ﬂoridior
3381 4218 3489 4291 sit,
3528 4235 3664 4280 ma-

378 4329 642 4411 jorique
674 4327 935 4406 profana
967 4327 1341 4390 eruditione
1376 4327 1672 4389 refertus.
1707 4327 1983 4387 Demum
2025 4320 2464 4401 bibliographi
2498 4321 2745 4400 quique
2772 4337 2998 4400 magna
3028 4321 3458 4384 consensione
3490 4319 3658 4384 illud

387 4433 764 4512 adjudicant
798 4432 1306 4512 TheOphylacto,
1330 4432 1757 4510 Bulgarorum
1793 4427 2091 4490 antistiti.

472 4535 639 4597 XLI.
673 4535 995 4604 Attamen,
1028 4540 1097 4594 ut
1128 4533 1404 4595 candide
1434 4532 1635 4593 fatear
1661 4529 1834 4609 quod
1864 4527 2108 4600 sentio,
2147 4525 2281 4588 haec
2332 4526 2489 4588 mihi
2539 4536 2918 4605 argumenta
2967 4529 3135 4591 haud
3168 4528 3323 4592 satis
3364 4547 3506 4592 esse
3554 4531 3658 4593 vi-

386 4638 626 4701 dentur
652 4636 729 4696 ad
767 4634 1239 4697 dubitationem
1267 4651 1523 4696 omnem
1555 4633 1671 4694 hac
1702 4631 1781 4692 de
1815 4647 1883 4691 re
1914 4629 2357 4690 amovendam.
2395 4628 2716 4691 Prmdictze
2752 4630 3081 4708 siquidem
3115 4632 3392 4695 orationi
3428 4633 3660 4694 insunt

384 4738 695 4802 nonnulla
740 4754 883 4817 quas
931 4737 1412 4815 TheOphylacto
1459 4743 1677 4796 nostro
1721 4733 1936 4793 minus
1973 4713 2279 4791 videntur
2315 4747 2705 4809 congruere.
2763 4734 2837 4793 Et
2872 4732 3078 4809 primo
3118 4733 3385 4809 quidem
3418 4733 3657 4795 mirum

387 4847 511 4913 est,
542 4838 718 4918 quod
752 4855 895 4899 cum
931 4846 1158 4901 caetera
1197 4829 1673 4914 TheOphylacti
1706 4849 1899 4911 opera
1937 4831 2172 4912 (quoad
2216 4830 2375 4893 mihi
2416 4832 2635 4894 videre
2668 4830 2877 4911 licuit)
2916 4832 3098 4893 illius
3131 4833 3378 4894 nomini
3421 4835 3661 4913 adjun-

382 4945 543 4998 ctam
578 4937 719 5017 ejus
760 4936 1140 5014 dignitatem
1167 4933 1535 5015 praeferant,
1570 4935 1863 4996 Encomii
1895 4932 2092 5011 hujus
2144 4933 2495 5012 epigrapbe
2542 4934 2756 4997 solum
2790 4943 3151 5015 putumque
3202 4934 3666 5015 Theophylacti

381 5059 620 5105 nomen
650 5042 977 5105 exhibeat.
1015 5041 1252 5122 Ecquis
1283 5047 1499 5102 autem
1537 5057 1829 5102 asserere
1861 5046 2037 5100 certo
2065 5038 2293 5117 possit,
2336 5055 2463 5101 non
2489 5041 2689 5102 alium
2735 5055 2813 5101 eo
2846 5048 3133 5118 tempore
3172 5039 3238 5101 in
3288 5040 3461 5118 regia
3492 5041 3657 5101 urbe

385 5141 939 5223 TheOph-ylactum
969 5140 1200 5217 fuisse,
1235 5143 1349 5221 qui
1376 5142 1683 5203 Encomio
1716 5141 1866 5203 huic
1905 5141 2359 5204 concinnando
2391 5149 2567 5204 esset
2598 5143 2924 5205 idoneus?
2957 5141 3205 5204 Deinde
3243 5141 3296 5202 si
3336 5140 3532 5202 istius
3560 5141 3663 5201 in-

382 5244 605 5306 timam
649 5244 849 5307 veluti
884 5244 1158 5307 formam
1193 5253 1715 5324 structuramque
1745 5243 1936 5321 paulo
1964 5245 2328 5306 accuratius
2357 5244 2507 5323 quis
2548 5244 2922 5324 expendere
2961 5243 3140 5318 velit,
3167 5243 3541 5322 gravitatem
3578 5239 3661 5299 il~

384 5347 509 5407 tam
544 5355 604 5408 et
640 5349 878 5422 zelum,
908 5347 1019 5426 qui
1058 5355 1374 5426 provecta
1410 5345 1542 5425 jam
1578 5344 1782 5407 aetatis
1815 5344 2381 5425 archiepiscopum
2414 5345 2662 5419 deceat,
2717 5343 2847 5416 vix,
2889 5360 2961 5406 ac
2995 5361 3076 5407 ne
3127 5343 3234 5405 vix
3275 5341 3538 5425 quidem
3587 5341 3656 5403 in

383 5443 501 5506 illo
526 5446 993 5525 deprehendet.
1028 5451 1103 5510 Et
1132 5447 1961 5527 sane‘archiepiscopumne
1987 5455 2049 5509 et
2083 5464 2213 5509 non
2244 5448 2459 5526 potius
2482 5446 3007 5525 sophistamillud
3044 5464 3172 5525 prae
3194 5462 3265 5508 se
3281 5446 3450 5536 ferre
3477 5444 3660 5507 vide-

385 5556 511 5620 tur,
544 5552 719 5625 quod
755 5552 823 5614 in
858 5562 1026 5617 tanta
1065 5553 1479 5634 imperatoris
1513 5554 1734 5617 laetitia
1767 5571 1894 5616 non
1930 5552 2445 5616 ecclesiasticum
2482 5552 2843 5633 quidpiam,
2886 5569 3004 5615 seu
3051 5552 3356 5615 Ecclesiae
3406 5550 3655 5613 utilita-

383 5651 515 5704 tem
547 5647 926 5724 respiciens,
954 5651 1067 5711 sed
1101 5652 1493 5730 sopht’sticcn
1529 5658 1798 5724 tantum,
1846 5651 1966 5713 hoc
1990 5660 2113 5723 est,
2147 5652 2495 5712 oratoriam
2518 5667 2589 5713 ac
2607 5651 3022 5731 philologiam
3053 5652 3250 5715 semel
3284 5654 3655 5732 iterumque

391 5748 853 5811 tommendet?
884 5752 1184 5829 Sophiste
1209 5753 1429 5833 igitur,
1473 5768 1585 5814 seu
1627 5752 1956 5830 professor
1987 5750 2369 5827 rhetorices,
2402 5752 2515 5831 qui
2552 5760 2684 5814 tum
2719 5752 3013 5816 ﬂoruerit
3059 5754 3646 5833 ConstantinOpoli,

383 5842 579 5922 hujus
604 5854 824 5910 auctor
858 5849 1150 5913 Encomii
1182 5870 1323 5916 esse
1356 5853 1632 5916 videtur.
1670 5852 1986 5930 Equidem
2022 5853 2075 5915 si
2110 5871 2138 5916 a
2181 5851 2664 5930 'l‘henphylacto
2723 5860 2943 5916 nostro
2998 5854 3206 5918 adhuc
3243 5855 3481 5928 iuvene
3532 5852 3653 5913 ha-
