4044 6416
373 479 486 545 469
1225 482 1306 544 ΙΝ
1334 484 1765 557 SEQUENTIA
1797 488 1970 548 THEt

2034 443 2391 552 ’HYLACTi
2429 493 2739 554 SCRIPTA
2755 540 2772 556 .
3525 497 3631 560 4ῗο

378 594 508 656 bita
538 590 774 655 fuisset
802 591 1022 656 isthaec
1056 595 1286 671 oratio,
1342 615 1490 677 quae
1527 617 1724 679 supra
1771 604 2134 678 attulimus,
2192 605 2442 667 nullum
2483 607 2813 686 negotium
2860 605 3295 672 facesserent:
3331 626 3475 672 nam
3517 611 3636 672 ali-

373 696 636 776 quando
668 711 748 758 eo
783 712 1050 759 munere
1078 695 1398 771 functum,
1429 717 1572 762 cum
1611 720 1690 764 ex
1725 704 1875 767 aliis
1911 708 2369 780 monumentis,
2407 713 2539 769 tum
2576 711 2926 786 praesertim
2959 727 3037 770 ex
3074 713 3357 774 secunda
3389 730 3463 772 ex
3497 712 3638 790 epi-

376 793 568 856 stolis
605 795 742 857 illis
773 795 1035 877 viginti,
1068 815 1229 878 quas
1263 816 1436 860 nunc
1461 801 1742 879 primum
1788 807 1853 867 in
1895 805 2106 870 lucem
2137 808 2517 883 emittimus,
2565 811 2720 871 satis
2757 809 3084 889 explorata
3129 828 3232 873 res
3284 820 3380 874 est
3404 811 3512 891 (a).
3555 814 3635 875 At

372 894 862 974 TheOphylacto
888 898 1022 991 jam
1060 903 1452 978 senescenti,
1487 911 1548 966 et
1577 921 1609 966 a
1647 904 1948 984 pluribus
1980 909 2167 971 annis
2200 910 2622 988 amplissimm
2675 911 2980 973 Ecclesita
3023 913 3327 991 regimini
3379 915 3632 975 addicto

377 1010 566 1072 quam
602 1014 824 1076 parum
857 986 978 1062 ista
1017 1001 1432 1076 conveniant,
1475 1019 1668 1066 nemo
1710 1023 1838 1067 non
1874 1007 2072 1069 videt.
2112 1007 2284 1070 Alias
2314 986 2469 1072 vero
2493 1010 2788 1071 Encomii
2826 1009 3022 1090 hujus
3053 1018 3378 1076 auctorem
3412 1015 3632 1093 sophi-

372 1103 485 1154 sta
514 1105 575 1158 et
607 1098 993 1162 scholarcha:
1022 1118 1261 1163 munus
1293 1103 1522 1166 eodem
1556 1113 1871 1185 tempore,
1914 1125 2046 1187 quo
2098 1107 2258 1170 illud
2299 1109 2554 1188 publice
2596 1113 2908 1189 recitavit,
2959 1116 3358 1183 exercuisse.
3413 1125 3632 1194 aperte

375 1191 708 1273 colligitur
735 1197 888 1276 (nisi
921 1214 1063 1260 mea
1095 1215 1195 1260 me
1224 1199 1390 1262 fallit
1419 1202 1672 1285 opinio)
1705 1222 1784 1265 ex
1816 1206 2031 1268 verbis
2063 1207 2244 1270 illius
2283 1211 2648 1286 postremis,
2684 1213 2928 1290 quibus
2960 1233 3116 1279 suos
3148 1216 3234 1278 ita
3269 1191 3629 1297 discipulos

373 1293 619 1370 ipsum,
649 1302 714 1356 ut
744 1296 1030 1372 videtur,
1056 1298 1548 1365 circumstantes
1576 1305 1934 1384 alloquitur
1965 1325 1982 1367 :
2024 1309 2106 1369 At
2138 1328 2284 1370 vero
2319 1329 2428 1390 ego
2462 1313 2732 1392 quidem,
2765 1335 2798 1377 ο
2833 1323 3044 1397 pueri,
3090 1317 3312 1379 debitw
3352 1293 3628 1398 impera-

371 1399 504 1459 tori
526 1407 744 1458 nostro
775 1402 1001 1479 faustte
1021 1408 1413 1482 precationis
1443 1426 1516 1469 ac
1548 1409 1756 1471 laudis
1787 1413 1921 1473 tela:
1952 1423 2191 1475 stamen
2209 1418 2345 1497 jam
2373 1420 2734 1496 posui:vos
2767 1421 3126 1500 subtegmen
3175 1421 3455 1502 adficite.
3496 1421 3629 1499 Ego

374 1497 552 1560 vobis
609 1507 804 1558 artem
842 1507 1214 1576 monstravi,
1265 1525 1386 1587 qua
1418 1507 1770 1587 elegantius
1815 1513 1994 1590 picta
2024 1523 2206 1592 atque
2233 1518 2588 1596 perfectior
2630 1518 2752 1578 tela
2796 1519 2928 1596 ﬁat.
2949 1497 3282 1582 'Cmterum
3333 1519 3454 1581 etsi
3501 1497 3633 1580 haec

366 1601 587 1663 omnia
638 1605 1081 1680 suspicionem
1114 1607 1399 1688 aliquam
1455 1610 1752 1690 ingerere
1787 1612 2040 1690 possint
2091 1615 2170 1676 de
2204 1633 2510 1694 germano
2559 1619 2873 1682 orationis
2915 1619 3110 1700 hujus
3143 1628 3438 1694 auctore,
3481 1620 3630 1700 jure

368 1709 582 1764 tamen
620 1703 1086 1782 impedimento
1146 1709 1333 1770 nobis
1389 1726 1532 1774 esse
1589 1728 1718 1774 non
1756 1713 2014 1789 debent,
2070 1717 2421 1795 quominus
2459 1719 2525 1781 in
2574 1719 2694 1782 hoc
2747 1719 3076 1782 volumine
3133 1737 3259 1784 una
3310 1738 3453 1783 cum
3491 1719 3631 1780 aliis

367 1801 829 1885 TheOphylacti
871 1809 1176 1885 Operibus
1224 1811 1446 1873 edatur
1514 1834 1528 1872 :
1571 1813 1890 1876 malumus
1939 1816 2112 1877 enim
2164 1815 2476 1880 incertum
2519 1817 2611 1880 illi
2664 1820 2864 1884 fetum
2892 1821 3196 1899 {tribuere
3235 1837 3426 1900 quam
3468 1819 3629 1882 forte

371 1901 736 1983 legitimum
771 1907 1134 1972 detrahere.

1780 2059 2069 2121 SECTIO
2129 2063 2210 2121 Χ.

987 2222 1072 2281 De
1097 2221 1406 2302 Epistolis
1436 2227 1666 2305 viginti
1687 2245 1902 2288 recens
1934 2229 2135 2290 eratis
2168 2247 2248 2290 ex
2278 2229 2656 2292 bibliotheca
2691 2230 3013 2292 Vaticana.

451 2361 646 2424 XLII.
681 2362 1102 2428 Solertissimi
1132 2369 1436 2431 editionis
1472 2370 1666 2450 hujus
1690 2378 2017 2434 curatores
2070 2390 2213 2435 cum
2251 2372 2553 2450 epistolas
2601 2373 2914 2453 quasdam
2953 2373 3231 2437 ineditas
3283 2375 3630 2455 Tthphy-

372 2457 520 2522 lacti
557 2465 759 2526 nostri
795 2465 858 2527 in
895 2466 1285 2532 bibliotheca
1326 2471 1626 2533 Vaticana
1655 2471 1850 2534 latere
1879 2472 2309 2547 inaudissent,
2342 2489 2449 2535 eas
2483 2472 2610 2534 sibi
2646 2474 3079 2551 procurandas
3126 2475 3395 2538 omnino
3446 2483 3633 2554 puta-

369 2566 548 2634 runt,
581 2579 659 2623 ne
695 2561 825 2624 ulla
855 2581 932 2624 ex
968 2576 1142 2642 parte
1195 2567 1530 2630 imminuta
1585 2570 1870 2647 prodiret
1915 2588 2198 2649 praesens
2235 2570 2461 2633 editio.
2500 2571 2650 2634 Voti
2688 2581 3016 2651 compotes
3049 2575 3260 2637 eﬂ'ecti
3293 2574 3476 2638 fuere
3505 2575 3632 2637 bu-

369 2661 671 2724 manitate
716 2682 965 2727 summa
997 2665 1402 2730 celeberrimi
1438 2669 1557 2732 viri
1587 2671 1850 2748 Josephi
1885 2671 2112 2732 Evodii
2143 2670 2506 2745 Assemani,
2537 2671 2829 2751 ejusdem
2868 2671 3277 2735 bibliotheca)
3320 2673 3627 2752 priefecti,

369 2762 488 2839 qui
526 2762 752 2840 viginti
787 2767 1092 2844 epistolas
1123 2786 1203 2831 ex
1235 2769 1536 2847 pluribus
1568 2771 1869 2834 collectas
1901 2771 2260 2847 codicibus,
2282 2781 2477 2851 atque
2508 2773 2754 2852 optimo
2785 2773 3152 2836 charactere
3178 2784 3474 2838 exaratas
3505 2775 3630 2838 huc

380 2860 582 2934 misit,
620 2873 687 2924 ut
719 2881 752 2925 a
787 2866 976 2926 nobis
1029 2869 1537 2945 producerentur
1577 2871 1642 2932 in
1678 2870 1912 2933 lucem.
1964 2873 2085 2932 Eas
2122 2871 2337 2950 reipsa
2381 2870 2586 2934 fuisse
2615 2888 2650 2934 a
2679 2871 3163 2951 TbeOphylacto
3210 2875 3634 2954 conscriptas,

371 2959 598 3021 nullus
645 2979 787 3026 esse
825 2964 1081 3028 videtur
1131 2967 1499 3046 ambigendi
1541 2969 1757 3044 locus;
1789 2985 1932 3031 cum
1965 2977 2028 3032 et
2067 2969 2310 3032 diserte
2364 2970 2702 3049 praeferant
2751 2969 3219 3049 TheOphylacti
3273 2989 3535 3045 nomen,
3570 2980 3632 3033 et

369 3066 671 3126 eumdem
708 3068 950 3147 stylum
991 3070 1379 3150 easdemque
1412 3071 1612 3134 ferme
1646 3090 1770 3146 res,
1807 3087 1968 3152 quas
2001 3072 2143 3134 alia;
2174 3076 2304 3151 jam
2331 3071 2545 3148 editae,
2576 3073 3218 3148 contineant..Quare
3252 3075 3344 3136 nil
3405 3073 3636 3136 dubito

371 3169 728 3246 quominus
783 3171 1022 3235 futuras
1064 3173 1192 3235 sint
1239 3175 1488 3236 Lectori
1529 3176 1928 3255 gratissimae.
1965 3176 2284 3238 Peculiari
2335 3184 2548 3240 tamen
2591 3177 2917 3256 voluptate
2965 3193 3114 3240 eum
3169 3191 3456 3256 auguror
3493 3174 3634 3237 alii-

368 3275 673 3336 ciendum
711 3294 786 3338 ex
821 3278 1117 3356 epistolis
1150 3278 1398 3340 decima
1429 3280 1986 3355 septima,decima
2015 3290 2262 3355 octava,
2306 3288 2368 3343 et
2399 3279 2651 3343 decima
2687 3297 2881 3355 nona,
2917 3296 3063 3360 quae
3099 3279 3390 3342 eamdem
3419 3277 3630 3341 conti-

371 3395 574 3440 nuare
607 3377 843 3440 seriem
878 3379 1181 3443 videntur
1210 3397 1356 3444 cum
1387 3381 1708 3444 tricesima
1755 3383 2042 3445 secunda
2073 3400 2151 3443 ex
2183 3382 2377 3444 editis
2410 3397 2444 3443 a
2485 3381 2772 3444 Meursio
2803 3401 2817 3441 :
2851 3381 2963 3444 ubi
2989 3388 3053 3444 et
3077 3379 3629 3460 Theophylactum

371 3479 727 3556 perSpicies
752 3483 1198 3544 auctoritatem
1233 3500 1414 3545 suam
1449 3483 1515 3545 in
1540 3485 1920 3563 episcOpum
1955 3484 2292 3545 Triaditzae
2321 3489 2756 3558 exercentem,
2790 3498 2936 3545 cum
2969 3480 3364 3545 humanitate
3396 3486 3632 3553 tamen,

375 3596 524 3668 quin
561 3581 864 3644 Ecclesiae
895 3585 1248 3647 antistitem
1278 3587 1486 3661 decet,
1524 3589 1963 3668 coniunctam.
1993 3589 2079 3649 Ex
2114 3585 2398 3648 secunda
2435 3600 2586 3646 vero
2613 3583 2916 3660 inscripta
2943 3582 3183 3644 Joanni
3211 3581 3468 3644 Sebasta
3495 3580 3636 3642 Au-

382 3661 584 3756 gusta:
627 3685 847 3762 fratri,
899 3685 1366 3762 deprehendet,
1413 3685 1581 3748 haud
1643 3661 1889 3749 certum
1935 3702 2080 3748 esse
2126 3689 2221 3762 (ut
2276 3683 2478 3762 aliqui
2529 3681 2776 3762 putant)
2824 3682 3376 3760 Theophylactum
3433 3681 3632 3758 patria

380 3781 1168 3863 ConstantinOpolitannm
1199 3783 1434 3848 fuisse.
1469 3788 1540 3848 In
1575 3804 1647 3849 ea
1679 3787 2006 3866 siquidem
2043 3784 2542 3862 consanguineos
2603 3789 2661 3839 et
2691 3782 2912 3858 affines
2947 3799 3118 3854 suos,
3149 3780 3260 3858 qui
3289 3781 3356 3840 in
3384 3780 3633 3858 Euripo

382 3891 550 3955 sunt,
581 3884 864 3962 principi
902 3886 1043 3947 vi'ro
1073 3887 1558 3960 commendans,
1597 3903 1725 3948 non
1759 3886 2035 3948 obscure
2059 3884 2400 3962 signiﬁcat,
2435 3899 2504 3943 se
2535 3895 2801 3960 quoque
2827 3895 2904 3940 et
2941 3877 3080 3938 loco
3113 3878 3366 3953 Θοάθω,
3408 3880 3633 3956 PFO?"-

390 3982 589 4059 deque
619 4003 698 4046 ex
728 3984 965 4046 Ειιόωα
993 3985 1348 4048 oriundum
1382 4003 1525 4048 esse
1562 4007 1580 4060 ;
1615 3987 1786 4066 quod
1815 3985 2144 4064 colligitur
2173 3983 2363 4044 etiam
2393 3999 2471 4042 ex
2501 3979 2823 4053 versibus,
2860 3994 3025 4057 quos
3055 3977 3397 4040 Patavinus
3427 3983 3488 4040 Β.
3516 3981 3634 4040 Ju-

384 4081 568 4144 stinm
592 4085 792 4146 codex
821 4085 1299 4148 vetustissimus
1329 4087 1642 4159 continet;
1670 4101 1968 4165 quosque
2005 4083 2222 4145 Latine
2257 4079 2549 4144 redditos
2581 4095 2774 4156 supra
2807 4076 2987 4158 (tom.
3019 4079 3068 4151 Ι,
3095 4078 3218 4140 col.
3261 4078 3404 4158 137)
3437 4094 3637 4157 appo-

380 4184 626 4245 nendos
667 4185 806 4262 ipse
840 4186 1080 4247 curavi.
1117 4187 1188 4248 In
1215 4185 1366 4247 aliis
1402 4185 1699 4264 epistolis
1732 4187 1924 4246 rudes
1959 4191 2378 4262 agrestesque
2408 4179 2833 4259 Bulgarorum
2869 4193 3106 4250 mores,
3141 4178 3417 4258 quitum
3453 4181 3633 4258 vige-

374 4284 550 4353 bant,
579 4283 882 4362 graphice
917 4283 1265 4364 lepideque
1288 4284 1649 4364 descriptos
1688 4301 1723 4345 a
1756 4282 2241 4361 TheOphylacto
2289 4283 2514 4343 Lector
2546 4277 2830 4342 oﬂ'endet
2865 4297 2879 4338 :
2915 4277 3026 4357 qui
3060 4287 3123 4340 et
3164 4278 3442 4356 querulo
3492 4278 3634 4342 seni

374 4381 821 4460 hyperbolicis
855 4385 1250 4464 quandoque
1285 4383 1633 4464 phrasibus
1663 4401 1807 4446 cum
1853 4385 1969 4446 hac
2015 4383 2083 4444 in
2121 4402 2212 4457 re,
2247 4390 2382 4444 tum
2419 4381 2485 4442 in
2537 4379 2686 4442 aliis
2719 4378 3186 4441 calamitatibus
3221 4379 3635 4456 deplorandis

379 4483 590 4543 utenti
625 4484 906 4558 veniam,
967 4494 1034 4547 ut
1084 4488 1386 4563 arbitror,
1422 4487 1620 4551 dabit.
1661 4488 1887 4563 Quoad
1946 4486 2214 4565 primam
2260 4501 2412 4546 vero
2442 4483 2670 4545 attinet
2705 4481 3012 4542 adnotare
3064 4479 3170 4541 hic
3220 4479 3423 4554 lubet,
3461 4485 3635 4560 quod

379 4584 674 4662 postejus
712 4586 1204 4663 impressionem
1233 4589 1626 4650 accuratiore
1659 4587 2005 4650 collatione
2042 4584 2469 4664 deprehendi,
2508 4600 2737 4660 nempe
2775 4599 2912 4642 eam
2942 4589 3179 4658 partem
3215 4584 3630 4658 posteriorem

373 4683 586 4747 facere
641 4687 932 4764 epistolas
979 4689 1281 4751 secundae
1326 4707 1406 4750 ex
1448 4680 1640 4751 editis
1670 4706 1704 4750 a
1735 4691 1982 4750 Joanne
2022 4687 2222 4759 Lami,
2289 4702 2432 4764 quae
2499 4682 2804 4758 inscripta
2849 4688 2946 4742 est
2987 4681 3214 4758 Magno
3267 4681 3626 4746 domestico.

378 4787 971 4850 Animadvertenda
1004 4805 1158 4850 vero
1191 4795 1287 4850 est
1321 4789 1572 4851 varians
1613 4789 1801 4851 lectio
1834 4788 2034 4850 unius
2067 4786 2266 4857 vocis,
2298 4799 2444 4864 qum
2475 4787 2680 4844 exstat
2711 4779 2778 4841 in
2799 4779 3107 4871 .Lamiana
3154 4778 3486 4842 editione:
3520 4781 3628 4843 ubi

379 4907 498 4968 pro
530 4899 700 4964 νῖκος,
732 4891 1026 4957 victoria,
1061 4890 1232 4970 quod
1267 4889 1505 4970 legitur
1543 4892 1604 4952 in
1645 4889 1941 4969 praedicta
1974 4889 2181 4967 prima
2207 4885 2502 4965 epistola,
2535 4881 2701 4943 inibi
2736 4879 3008 4941 habetur
3038 4882 3236 4953 νεῖκος,
3271 4882 3587 4943 contentio
3614 4902 3634 4943 :

381 5009 574 5070 quam
611 4991 949 5052 lectionem
990 4991 1173 5054 alteri
1230 4992 1713 5069 praeferendam,
1768 4993 1897 5052 imo
1951 4989 2152 5051 solam
2194 5004 2404 5050 veram
2459 5001 2602 5047 esse
2656 4989 2810 5060 puto
2843 5001 2857 5039 :
2889 4979 3132 5059 quippe
3177 4997 3320 5059 quae
3367 4999 3629 5045 sensum

381 5090 588 5151 multo
635 5090 968 5153 meliorem
1001 5095 1446 5172 aptioremque
1480 5092 1717 5154 fundit.
1763 5093 2073 5153 Caeterum
2108 5088 2300 5150 etiam
2336 5086 2636 5147 Lamiana
2673 5079 2878 5144 editio
2910 5096 2989 5142 ex
3020 5079 3128 5140 illa
3157 5079 3280 5140 alia
3306 5081 3538 5160 corrigi
3571 5091 3634 5142 et

377 5191 674 5268 suppleri
707 5192 1122 5272 aliquatenus
1161 5203 1390 5273 potest,
1430 5204 1492 5258 ut
1528 5195 1883 5259 conferenti
1923 5193 2180 5274 patebit.

458 5292 682 5353 XLIII.
736 5294 830 5352 An
867 5293 1161 5370 epistolae
1198 5295 1340 5356 alite
1371 5296 1664 5376 ejusdem
1711 5296 1993 5357 auctoris
2027 5293 2291 5356 inedita)
2335 5290 2544 5364 adhuc
2573 5288 2822 5350 latitent
2862 5286 2925 5348 in
2974 5285 3410 5360 bibliothecis,
3444 5287 3632 5350 nobis

380 5391 572 5475 plane
609 5392 1104 5469 incompertum.
1144 5395 1282 5470 Hoc
1325 5395 1474 5476 jure
1519 5396 1766 5474 optimo
1799 5412 2089 5457 asserere
2123 5408 2491 5471 possumus,
2527 5387 2690 5450 nulli
2727 5386 3032 5466 percitum
3087 5403 3229 5447 esse
3277 5385 3505 5463 labOri,
3539 5396 3630 5462 ut,

381 5494 434 5556 si
471 5511 618 5573 qum
643 5501 886 5568 essent,
921 5494 1440 5574 producerentur
1478 5499 1540 5558 in
1570 5497 1801 5559 lucem.
1839 5497 2051 5570 Quare
2078 5511 2221 5555 cum
2257 5493 2320 5554 in
2362 5493 2675 5552 librorum
2716 5505 2866 5550 mss.
2904 5486 3186 5564 catalogo
3235 5486 3636 5554 bibliothecae

385 5591 663 5655 publica:
714 5596 1110 5670 Augustanm
1145 5593 1470 5673 legissem,
1527 5595 1613 5656 ibi
1654 5595 1942 5656 codicem
1992 5591 2262 5670 reperiri
2304 5588 2768 5668 TheOphylacti
2820 5583 3124 5666 epistolas
3172 5588 3628 5666 continentem,

449 5777 528 5857 (a_)
559 5777 691 5832 Haec
728 5777 876 5857 enim
912 5790 976 5831 eo
1004 5778 1107 5857 loci
1137 5780 1296 5830 verba
1315 5777 1516 5857 habet;
1551 5776 1644 5839 Ti;
1676 5777 1720 5830 δ’
1751 5776 1814 5830 ἂν
1865 5793 1954 5857 μοι

2063 5776 2198 5857 ὲπλή
2210 5791 2356 5857 picea
2384 5790 2400 5840 ;
2430 5775 2562 5839 Quis
2591 5775 2722 5857 inihi
2750 5775 3013 5857 rlietorum
3035 5773 3341 5857 aajitnxerit
3393 5778 3627 5839 chorum,

377 5843 631 5926 ρηὲᾷρων
667 5847 828 5926 χρρὺν
861 5848 1280 5926 σένεκρότησεν.
1315 5847 1630 5926 ἱίναιτορτων
1656 5849 1953 5926 μορυφαξος

2063 5859 2118 5900 ut
2161 5846 2375 5926 ittorunt
2422 5843 2726 5912 cori/piratas
2763 5844 2973 5924 jactus,
3017 5855 3073 5926 ut
3113 5846 3241 5898 olim
3280 5862 3490 5901 cram...
3525 5863 3629 5900 una

375 5913 698 5993 1:96pm;
719 5913 860 5988 ὅπερ
887 5913 954 5987 ἦν
978 5913 1164 5972 τό’τε..ξ
1192 5921 1344 5989 κοινῇ
1374 5918 1468 5989 τὴν
1493 5916 1712 5989 λογικὴν
1728 5913 1952 5989 ’χορείαν

1613 5913 1952 5989 κὴ-)’χορ;εαν
2061 5933 2177 5970 cum
2203 5917 2277 5970 eis
2302 5915 2540 5969 choreum
2572 5915 2860 5968 oratoriam
2897 5915 3208 5971 vcrsolvam.
