4044 6416
386 444 490 514 ιπι
1429 440 1817 503 BONlFACiI
1840 441 1983 502 PIN

2061 441 2160 501 [Ti
2204 439 2603 501 PRi’EFATIt)
3543 434 3658 502 472

387 574 744 638 earumque
780 554 1196 636 penultimam
1228 561 1297 617 ut
1331 554 1638 616 ineditam
1674 553 1905 625 notari,
1947 552 2286 617 confestim
2320 551 2550 630 scripsi
2591 549 2667 611 ad
2704 549 2783 611 cl.
2824 546 3035 611 virum
3066 563 3140 612 ac
3168 546 3356 611 dicta
3399 547 3648 613 biblio-

387 660 590 723 thecas
612 657 953 721 custodem
1000 656 1460 736 dignissimum
1494 654 1862 718 Gotfridum
1908 655 2373 736 Heckingium,
2421 669 2652 732 rogans
2687 661 2756 713 ut
2788 652 2868 714 de
2921 668 2991 714 ea
3051 651 3327 729 epistola
3359 652 3648 714 notitiam

389 760 545 822 mihi
582 758 870 839 aliquam
897 756 1330 819 submitteret.
1366 757 1446 817 At
1481 755 1595 818 ille
1625 773 1754 819 non
1790 757 1980 819 modo
2013 758 2257 836 absque
2288 770 2467 817 mora
2500 768 2809 832 perquam
2837 751 3115 814 humane
3154 752 3509 831 rescripsit,
3536 753 3648 814 sed

384 864 594 941 ipsam
629 863 825 924 etiam
854 858 1227 941 epistolam,
1258 859 1339 921 de
1372 875 1497 938 qua
1529 858 1765 923 certior
1796 859 1932 921 ﬁeri
1979 861 2395 938 exeptaham.
2429 865 2720 920 accurate
2768 856 3113 935 nitidaque
3142 853 3532 932 descriptam
3570 852 3652 915 ad

385 978 505 1024 nos
535 958 914 1021 transmisit.
952 957 1077 1020 Vix
1107 973 1179 1019 ea
1223 965 1479 1037 accepta
1508 956 1937 1036 deprehendi,
1968 974 2099 1019 non
2131 976 2166 1020 a
2199 956 2687 1037 TheOphylacto
2719 954 3140 1032 Bulgarorum
3172 954 3504 1033 episcopo,
3537 951 3651 1016 sed

384 1062 464 1124 ab
485 1061 613 1123 alio
640 1059 1124 1139 Theopbylacto
1152 1059 1356 1122 fuisse
1387 1058 1841 1137 conscriptam,
1872 1060 1976 1122 cui
2007 1062 2335 1123 Simoenta:
2364 1075 2723 1140 ceguomen
2746 1064 2914 1129 erat;
2948 1057 3196 1136 quique
3226 1056 3385 1119 alias
3417 1074 3649 1136 quam-

387 1161 608 1240 plures
647 1160 714 1222 in
745 1176 1016 1223 suorum
1053 1160 1218 1222 forte
1250 1159 1723 1237 discipulorum
1758 1178 1947 1222 usum
1982 1160 2142 1240 (erat
2168 1162 2415 1241 quippe
2459 1156 2864 1237 professione
2897 1158 3207 1238 sophista,
3240 1175 3375 1219 'seu
3412 1175 3650 1234 pra‘ce-

385 1269 528 1338 ptor
560 1258 942 1341 rhetorices)
974 1259 1403 1323 elucubravit.
1437 1261 1615 1321 Hanc
1647 1268 1868 1340 utpote
1902 1260 2243 1334 iueditam,
2279 1272 2340 1322 et
2367 1260 2615 1341 alioqui
2649 1257 3127 1331 brevissimam,
3169 1258 3421 1320 veniam
3454 1258 3659 1319 lector

383 1360 678 1439 Optimus
704 1359 906 1435 dabit,
944 1362 1002 1423 si
1051 1359 1231 1423 velut
1263 1377 1576 1440 parergon
1625 1362 1746 1423 hoc
1784 1360 1909 1423 loci
1943 1377 2309 1441 apposuero
2341 1379 2467 1424 una
2500 1376 2647 1423 cum
2693 1358 2992 1421 versione
3024 1359 3246 1421 Latina
3280 1359 3343 1421 iu
3379 1358 3650 1440 gratiam

384 1472 611 1520 eorum
643 1458 756 1539 qui
796 1457 1118 1539 ejusmodi
1161 1458 1401 1523 studiis
1432 1458 1858 1523 delectantur.
1893 1460 2002 1522 Est
2030 1475 2229 1523 vero:

844 1624 1196 1682 Dwmod‘ocus
1223 1625 1509 1696 Antigono.
1633 1619 1637 1624 ’

2491 1628 2855 1699 Δαιμόδοκος
2901 1629 3237 1700 Ἀντιγίνῳ.

457 1737 518 1794 Si
548 1736 675 1794 vitae
709 1737 939 1810 pignora
969 1737 1230 1795 Socrates
1268 1752 1378 1793 non
1407 1737 1677 1809 possidet,
1712 1740 1967 1810 paedago-

2143 1741 2206 1794 El
2235 1741 2313 1812 μὴ
2352 1739 2468 1812 βίου
2505 1741 2804 1812 Σωκράτης
2844 1741 3078 1812 ἐνέχυρα
3131 1740 3417 1811 κέκτηται,
3463 1739 3659 1794 παιδα-

381 1847 487 1899 gas
523 1833 623 1887 lilii
646 1834 738 1888 tui
775 1848 883 1888 non
914 1833 1312 1889 constituatur.
1339 1832 1577 1904 Pignora
1617 1836 1739 1890 vita:
1766 1836 1970 1891 intelli-

2070 1832 2251 1903 γωγδς
2275 1832 2369 1886 τοῦ
2411 1831 2507 1886 σοῦ
2547 1833 2623 1904 μὴ
2670 1833 3106 1904 προχειριζέσθω
3148 1832 3359 1896 παιδός.
3409 1831 3657 1902 Ἐνέχυ-

380 1934 582 1993 gantur
607 1923 724 1979 lilii.
756 1924 929 1991 Quem
960 1923 1106 1979 enim
1135 1939 1259 1980 esse
1293 1934 1502 1994 patrem
1530 1935 1725 1981 natura
1757 1927 1967 1994 docuit,

2070 1941 2154 1993 pa
2179 1925 2238 1979 δὲ
2265 1925 2414 1990 ,ϐίου
2455 1926 2647 1990 παῖδες
2673 1925 3026 1981 νοεῖσθωσιν.
3060 1927 3160 1979 ’ον
3208 1926 3316 1997 γὰρ
3364 1921 3504 1977 εἶναι
3551 1942 3657 1978 πα-

384 2017 535 2071 ltum:
578 2016 935 2087 paedagogum
964 2030 1113 2084 esse,
1144 2024 1577 2072 consentaneum
1612 2027 1738 2074 est:
1767 2019 1968 2090 quippe

2067 2017 2204 2089 τέρα
2233 2018 2399 2087 φύσις
2430 2018 2661 2084 ἐδίδαξε,
2720 2018 2913 2072 τοῦτον
2963 2017 3061 2072 καὶ
3107 2016 3457 2086 παιδαγωγόν
3506 2017 3657 2069 ἐστιν

381 2109 487 2183 φεῖ,
524 2108 862 2179 experientia
898 2108 1054 2165 novit
1101 2108 1475 2179 generationis
1525 2108 1870 2167 affectionem
1910 2121 1965 2169 et

2071 2111 2409 2178 ἀξιόπιστον,
2440 2111 2636 2179 πείραν
2675 2111 3019 2180 μανθάνοντα
3049 2111 3145 2165 καὶ
3172 2111 3442 2180 γενέσεως
3470 2108 3655 2180 σχέσιν

383 2198 592 2254 amoris
625 2197 868 2255 dolores.
1514 2208 1519 2213 '

1514 2208 1519 2213 ’
2078 2200 2170 2256 καὶ
2210 2200 2447 2273 στοργῆς
2474 2200 2797 2272 ἀλγηδόνας.

1780 2386 2070 2451 SECTIO
2135 2389 2250 2452 Χῐ.
2296 2406 2299 2407 ⁷

1020 2519 1109 2582 De
1137 2527 1459 2599 postrema
1478 2528 1666 2598 parte
1698 2517 1969 2581 homilice
1996 2517 2360 2593 undecimae,
2381 2519 2459 2579 1η
2481 2517 3043 2579 resurrectionem.

461 2640 689 2703 XLIV.
723 2643 882 2717 Quae
912 2643 992 2704 de
1037 2641 1158 2704 hac
1193 2649 1515 2719 postrema
1561 2647 1737 2719 parte
1788 2638 2077 2701 humilia)
2122 2638 2595 2718 TbeOphylacti
2644 2638 2917 2702 dicenda
2958 2636 3065 2699 hic
3115 2635 3271 2699 mihi
3315 2636 3551 2708 forent,
3582 2635 3652 2696 in

380 2739 867 2806 Dissertationis
905 2743 1159 2821 praevias
1194 2760 1377 2805 num.
1443 2744 1491 2804 L
1530 2745 1663 2823 jam
1721 2749 2162 2820 prmoccupata
2210 2740 2423 2802 fuere.
2453 2741 2666 2813 Quare
2716 2740 2823 2803 hic
2877 2739 3090 2803 solum
3146 2740 3489 2809 admoneo,
3548 2753 3650 2798 me

381 2838 707 2921 quidquid
741 2859 821 2903 ex
852 2841 1122 2906 historia
1167 2840 1436 2904 Eusebii
1472 2840 1839 2903 derivatum
1870 2840 1941 2902 in
1983 2856 2122 2902 eam
2154 2847 2278 2913 est,
2310 2856 2456 2902 cum
2488 2839 2768 2918 ipsemet
2797 2836 2976 2902 fonte
3009 2837 3387 2909 contulisse,
3432 2853 3651 2915 eoque

380 2940 512 3001 mei
541 2943 933 3020 exemplaris
984 2942 1327 3022 supplesse
1358 2942 1678 3019 defectus,
1728 2949 1924 3022 atque
1967 2942 2160 3003 etiam
2213 2939 2532 3002 variantes
2589 2939 2899 3002 lectiones
2933 2936 3240 3018 pauculas
3289 2936 3641 3017 addidisse.

383 3038 604 3102 Codex
632 3039 1517 3115 Cesareo-Vindobonensis,
1547 3040 1720 3101 unde
1752 3039 1886 3102 hmc
1917 3037 2206 3101 homilite
2239 3039 2595 3102 undecimae
2626 3056 2769 3111 pars
2799 3039 3133 3114 desumpta
3167 3043 3286 3109 est,
3319 3037 3648 3115 integrum

383 3140 671 3202 continet
699 3139 1180 3212 Homiliarium,
1210 3156 1327 3201 seu
1366 3139 1433 3200 iu
1461 3138 1663 3201 totius
1694 3138 1847 3200 anni
1884 3138 2239 3216 Evangelia
2271 3138 2606 3216 decerptas
2640 3155 2716 3199 ex
2762 3136 2962 3197 variis
2992 3135 3287 3197 Patribus
3318 3131 3650 3196 humilius.

384 3240 479 3299 Ex
512 3255 642 3316 quo
678 3236 835 3298 mihi
871 3237 1055 3299 valde
1092 3235 1461 3300 verosimile
1509 3237 1603 3310 ﬁt,
1656 3255 1831 3312 eum,
1863 3239 1975 3317 qui
2018 3239 2392 3315 praedictum
2432 3236 2843 3301 concinnavit
2887 3236 3362 3309 Homiliarium,
3398 3240 3652 3312 postre-

384 3351 553 3399 mam
591 3336 1073 3424 hauclhomilim
1102 3337 1468 3401 undecima;
1514 3344 1755 3417 partem
1789 3354 1913 3401 suo
1943 3338 2272 3401 addidisse
2302 3339 2634 3411 arbitratu,
2683 3345 2755 3401 ut
2785 3354 3074 3399 errorem
3108 3334 3283 3412 vulgi
3334 3334 3399 3393 in
3449 3328 3654 3409 patria

385 3454 505 3499 sua
532 3436 727 3498 nimis
758 3436 923 3499 forte
958 3438 1279 3518 vigentem
1307 3439 1386 3501 de
1416 3426 1663 3501 Joanne
1696 3440 1763 3501 in
1788 3438 1914 3501 vita
1952 3439 2161 3502 adhuc
2186 3440 2563 3518 superstite,
2591 3439 2858 3500 omnino
2885 3437 3138 3500 tolleret
3170 3444 3233 3496 et
3257 3431 3651 3494 eliminaret.

384 3537 540 3602 Ideo
572 3544 788 3629 autem
822 3556 994 3603 nunc
1016 3540 1233 3603 editur
1254 3540 1387 3602 haec
1417 3539 1706 3603 homiliae
1724 3558 1890 3621 pars,
1916 3541 2066 3618 quia
2099 3542 2521 3603 constitutum
2560 3538 2747 3601 nobis
2780 3549 2898 3605 est,
2934 3535 3093 3599 nihil
3125 3534 3191 3597 in
3225 3534 3341 3595 hac
3369 3530 3653 3595 editione

387 3636 566 3714 quod
604 3638 1074 3721 Tbeophylacti
1111 3640 1378 3706 nomine
1414 3640 1801 3723 inscriptum
1835 3643 1945 3719 sit,
1983 3645 2338 3723 praeterire.

1772 3770 2061 3834 SECTIO
2097 3771 2244 3832 XII.

720 3894 811 3956 De
846 3894 1307 3960 Commentario
1330 3899 1401 3959 in
1426 3896 1585 3959 Acta
1613 3898 2048 3977 apostolorum
2081 3915 2163 3958 ea:
2194 3895 2573 3958 bibliotheca
2595 3891 3313 3956 Florentino-Medicari.

464 4014 667 4076 XLV.
693 4016 1166 4096 TheOphylacti
1200 4018 1700 4082 Commentarius
1731 4020 1801 4081 in
1836 4019 2001 4081 Acta
2030 4019 2466 4097 apostolorum
2499 4034 2534 4080 a
2559 4015 2782 4079 Sil‘ano
2814 4015 3031 4078 editus
3059 4015 3222 4076 adeo
3259 4030 3448 4077 rarus
3494 4029 3652 4076 eva-

383 4113 499 4189 sit,
526 4123 598 4176 ut
629 4133 774 4178 cum
809 4118 1121 4180 editionis
1152 4119 1351 4199 hujus
1382 4129 1712 4183 curatores
1744 4136 1894 4182 eum
1928 4119 2039 4181 diu
2082 4118 2572 4198 quassivissent,
2610 4117 2910 4180 invenire
2943 4114 3173 4177 nullibi
3206 4114 3498 4176 venalem
3535 4132 3651 4192 po-

387 4212 661 4274 tuerint.
706 4213 894 4286 Quod
942 4215 996 4275 si
1046 4232 1197 4278 eum
1249 4216 1602 4296 aliquando
1651 4217 1816 4280 nacti
1847 4226 2029 4292 sunt,
2061 4236 2142 4280 ex
2185 4216 2427 4281 Graecia
2478 4216 2726 4295 duplici
2781 4216 3095 4278 editionis
3132 4214 3329 4295 hujus
3384 4231 3652 4291 corpore

384 4320 918 4377 commutandum
954 4325 1359 4396 receperunt.
1395 4319 1648 4382 Interea
1680 4320 1832 4381 dum
1858 4318 2111 4398 jamdiu
2143 4333 2690 4397 supervacaneam
2723 4316 2933 4378 eidem
2961 4314 3447 4395 quomodolibet
3471 4330 3650 4376 eom-

390 4413 675 4491 parando
703 4421 1047 4477 navassent
1077 4432 1370 4493 operam,
1401 4417 1613 4497 deque
1637 4416 1823 4478 exitu
1845 4414 2089 4497 negotii
2116 4415 2314 4494 hujus
2338 4414 2659 4476 haererent
2691 4412 2946 4486 incerti,
2983 4413 3049 4474 in
3085 4430 3225 4475 eam
3263 4415 3653 4473 sententiam

385 4517 650 4573 ventum
689 4518 809 4584 est,
848 4517 919 4572 ut
947 4510 1088 4589 ejus
1115 4491 1583 4591 apographum,
1615 4511 1728 4593 qui
1760 4512 1827 4574 in
1875 4491 2256 4573 Florentino
2296 4510 2516 4574 codice
2544 4510 2866 4589 reperitur
2895 4509 3304 4573 bibliothecae
3331 4510 3656 4572 Mediceo-

384 4612 864 4684 Laurentinum,
897 4628 1228 4692 quemque
1255 4613 1741 4692 TheOphylacto
1762 4611 2028 4673 ascribit
2058 4609 2598 4674 Moutefalcouius
2633 4610 2700 4673 in
2737 4628 2854 4673 sua
2896 4610 3293 4674 Bibliotheca
3315 4609 3653 4671 bibliothe-

385 4731 633 4789 carum,
660 4712 782 4775 sibi
826 4715 1308 4793 procurandum
1343 4714 1804 4789 existimarint,
1836 4713 1979 4786 rati,
2017 4714 2318 4799 eumdem
2350 4712 2618 4775 omnino
2645 4730 2790 4776 esse
2822 4731 2967 4775 cum
2993 4730 3071 4775 eo
3101 4714 3218 4792 qui
3250 4714 3462 4775 editus
3490 4730 3523 4773 a
3557 4712 3657 4775 Si-

382 4817 538 4880 fano
577 4826 673 4880 est
707 4840 722 4879 :
762 4826 956 4897 atque
988 4819 1178 4893 adeo,
1200 4819 1527 4899 Quidquid
1558 4820 1820 4881 demum
1860 4818 2226 4891 accidisset,
2261 4820 2580 4881 variantes
2609 4815 2831 4880 saltem
2867 4816 3204 4889 lectiones,
3237 4821 3427 4893 atque
3458 4813 3653 4874 etiam

395 4919 873 4982 correctionum
907 4919 1203 4981 subsidia
1242 4919 1834 4997 suppeditaturum.
1871 4921 1949 4981 At
1986 4935 2112 4982 non
2148 4920 2230 4982 ita
2262 4939 2364 4983 res
2394 4921 2614 4983 cessit.
2649 4921 2741 4982 Eo
2771 4917 2945 4980 enim
2977 4916 3346 4995 apograpbo
3376 4917 3651 4977 Floren-

387 5016 471 5077 tia
504 5016 694 5079 nobis
727 5014 949 5092 allato,
983 5018 1264 5096 primum
1315 5018 1549 5081 turbati
1585 5036 1813 5081 sumus
1847 5020 2093 5082 nullam
2127 5018 2192 5081 in
2240 5035 2319 5082 eo
2348 5020 2761 5083 invenientes
2813 5016 3233 5097 epigraphen,
3271 5036 3398 5098 qua
3442 5018 3654 5081 Theo-

387 5119 685 5200 phylacto
725 5118 1149 5198 Bulgarorum
1184 5102 1682 5200 archiepiscopo
1708 5121 2178 5195 ascriberetur,
2214 5123 2454 5186 deinde
2489 5141 2637 5186 eum
2674 5122 2863 5183 nobis
2888 5119 3342 5183 evolventibus
3396 5123 3654 5184 nullum

387 5223 689 5300 apparuit
735 5219 1083 5291 indicium,
1140 5236 1255 5281 cur
1287 5219 1673 5283 tribuendus
1705 5220 2189 5302 Theophylacto
2221 5230 2393 5284 esset
2429 5245 2444 5283 :
2472 5224 2767 5301 adeoque
2796 5219 3011 5281 mirari
3039 5220 3374 5299 coepimus,
3406 5238 3441 5283 a
3471 5224 3658 5284 Mon-

391 5322 744 5386 tefalconio
770 5320 1219 5384 indubitanter
1250 5319 1455 5383 fuisse
1488 5321 1971 5402 TheOphylaeto
2001 5321 2464 5401 adjudiratum.
2499 5322 2785 5383 Tandem
2829 5319 2930 5380 vix
2964 5319 3093 5382 ulla
3125 5321 3449 5399 superfuit
3474 5322 3668 5385 dubi--

389 5423 578 5497 tatio,
599 5441 748 5486 eum
789 5439 934 5485 esse
974 5420 1052 5484 ab
1080 5421 1392 5499 legitimis
1415 5421 1881 5502 Theophylacti
1915 5422 2219 5499 operibus
2252 5423 2786 5503 expungendum,
2817 5437 2963 5484 cum
2998 5421 3166 5481 inter
3197 5421 3472 5485 aliorum
3521 5440 3644 5487 no-

390 5520 560 5582 mina
591 5523 875 5597 Patrum,
913 5540 1058 5602 qum
1095 5522 1380 5583 citantur
1407 5521 1472 5582 in
1506 5524 1827 5602 margine,
1851 5524 2039 5585 etiam
2072 5524 2275 5586 semel
2309 5530 2499 5599 Θεοφ.,
2540 5523 2845 5601 Theoph.,
2882 5539 2995 5582 seu
3044 5528 3111 5582 ut
3159 5521 3505 5603 legendum
3547 5524 3650 5587 vi-

389 5620 686 5697 debatur,
716 5630 1122 5700 Θεοφύλακτος,
1162 5620 1662 5701 Thcophylactus
1692 5620 2121 5697 occurrisset;
2155 5641 2228 5685 ac
2261 5623 2613 5701 praesertim
2648 5632 2980 5701 postquam
3023 5619 3431 5700 inspeximus
3462 5624 3655 5689 verba

391 5727 636 5792 ibidem
667 5725 852 5789 allata
891 5736 1142 5787 exstare
1169 5725 1233 5787 iu
1266 5726 1748 5790 Commentario
1780 5728 2010 5790 editoa
2043 5726 2281 5789 Si‘fano.
2321 5730 2491 5791 Hinc
2522 5729 2698 5790 enim
2739 5727 2923 5805 plane
2953 5742 3364 5805 consequens
3392 5729 3656 5793 videba—

390 5846 522 5908 tur,
559 5846 752 5911 opus,
781 5829 847 5891 in
880 5846 1011 5910 quo
1038 5829 1564 5910 'l‘hconhylactus
1595 5833 1740 5911 ipse
1779 5832 2034 5908 citatur,
2069 5832 2346 5912 ejusque
2381 5833 2884 5897 commentarius
2912 5832 3058 5895 aliis
3088 5831 3363 5896 aliorum
3395 5830 3667 5898 Patrum:
