4044 6416
293 466 400 534 (73
1147 467 1230 528 IN
1265 467 1699 538 SEQUENTIA
1733 467 2311 529 THEOPHYLACTI
2356 469 2692 531 SCRIPTA.
3451 471 3556 536 474

297 577 788 644 commentariis
817 585 1306 651 annumeratur,
1332 579 1710 640 nullatenus
1749 578 1870 656 ipsi
1913 595 2056 640 esse
2105 577 2630 657 adjudicandum.
2667 579 2907 640 Verum
2940 579 3059 642 hoc
3104 591 3555 660 argumentum

297 681 427 742 vim
464 696 629 756 pene
668 695 929 742 omnem
969 678 1264 740 amittere
1301 679 1511 740 visum
1559 685 1681 753 est,
1720 686 2057 757 postquam
2105 696 2182 740 ex
2215 681 2447 740 Catena
2498 679 2861 741 Oxoniensi
2915 679 3018 757 (de
3050 699 3174 760 qua
3227 684 3556 763 superius)

290 779 614 853 intellexi,
646 778 1125 857 expositionem
1162 776 1337 839 illam
1393 777 1716 840 Theodori
1751 777 2202 840 Heracleensis
2257 793 2428 850 esse,
2463 783 2685 854 utpote
2717 777 2830 858 qui
2886 778 3127 841 diserte
3180 781 3410 842 citetur
3441 801 3553 862 pa-

295 881 445 962 gina
501 881 578 944 58
609 882 754 960 ejus
806 879 1077 955 codicis,
1116 880 1305 959 cujus
1357 882 1712 958 exemplar,
1752 888 1824 941 ut
1861 880 1952 942 rei
1992 880 2185 959 hujus
2223 880 2460 941 certior
2503 881 2746 953 fierem,
2805 883 3121 959 postulavi
3165 894 3226 948 et
3274 886 3554 950 obtinui.

309 982 469 1046 Hinc
511 983 685 1043 enim
724 982 984 1043 snborta
1023 981 1180 1044 mihi
1211 981 1501 1059 suspicio
1533 989 1652 1053 est,
1705 981 2043 1042 oscitantia
2095 982 2332 1042 veteris
2375 990 2483 1042 aut
2519 983 2897 1044 reeeutioris
2945 987 3356 1048 amanuensis
3392 991 3556 1050 scri-

303 1095 479 1163 ptum
519 1084 585 1144 in
621 1082 849 1144 codice
886 1081 1288 1153 Florentino,
1341 1082 1439 1142 vel
1489 1089 1709 1143 nostro
1758 1081 2113 1159 exemrlari
2141 1082 2345 1144 fuisse
2384 1087 2575 1157 Θεοφ..
2626 1085 2926 1162 Theoph.,
2964 1101 3078 1163 pro
3109 1067 3289 1150 Θέοδ..
3325 1085 3552 1150 Theod.

299 1185 421 1248 Sed
454 1184 1048 1264 quomodoeunque
1077 1200 1179 1244 res
1212 1184 1331 1243 ista
1367 1200 1436 1243 se
1459 1181 1709 1256 habeat,
1735 1190 1803 1245 ut
1837 1189 2086 1246 certum
2123 1190 2300 1261 puto,
2335 1181 2903 1246 Montefalconium
2939 1203 3065 1247 non
3100 1186 3228 1248 alio
3262 1189 3376 1248 niti
3411 1188 3558 1249 fun-

302 1285 609 1346 damento
662 1281 954 1360 potuisse
983 1281 1058 1343 ad
1104 1280 1643 1343 Commentariun:
1681 1282 1854 1344 hunc
1901 1280 2384 1360 TheOphylacto
2431 1283 2880 1356 asserendum,
2913 1301 3104 1363 quam
3152 1288 3352 1365 quod,
3401 1290 3553 1350 dum

303 1385 539 1463 raptim
573 1382 758 1444 illum
789 1381 1148 1455 evolveret,
1189 1383 1256 1443 in
1287 1380 1506 1460 aliqua
1539 1381 1845 1442 inciderit
1870 1381 2005 1445 loca
2041 1380 2442 1444 continentia
2481 1381 2638 1443 illud
2680 1383 2849 1444 idem
2881 1385 3053 1463 quod
3104 1394 3250 1448 ante
3296 1387 3364 1447 in
3399 1386 3562 1448 Sifa-

299 1491 497 1552 niano
530 1489 1003 1551 Commentario
1031 1487 1435 1568 perlegisset.
1471 1487 1624 1549 Mihi
1657 1487 1883 1550 saltem
1939 1506 2065 1552 non
2098 1486 2275 1549 aliud
2326 1486 2545 1549 animo
2596 1487 3089 1552 fundamentum
3135 1491 3434 1553 occurrit.
3490 1492 3556 1552 Id

299 1609 458 1654 vero
495 1609 687 1670 quam
721 1593 804 1653 sit
842 1590 1243 1654 imbecillum
1277 1592 1342 1653 in
1377 1592 1894 1666 Commentariis,
1929 1592 2044 1673 qui
2085 1591 2182 1653 vel
2222 1609 2444 1668 puram
2489 1593 2744 1655 Catenaa
2793 1593 3106 1656 rationem
3159 1593 3428 1669 habent,
3461 1594 3557 1656 vel

298 1694 378 1756 ad
416 1693 592 1755 illam
629 1694 922 1773 proxime
952 1695 1290 1767 accedunt,
1319 1696 1620 1775 quisquis
1651 1697 1838 1759 facile
1863 1695 2196 1775 intelligit.

377 1796 604 1858 XLVI.
637 1797 877 1858 Verum
917 1797 971 1857 si
1006 1814 1108 1858 res
1134 1797 1218 1858 ita
1256 1815 1326 1859 se
1360 1797 1573 1867 habet,
1615 1816 1730 1860 cur
1758 1798 2088 1876 igiturhic
2118 1815 2152 1860 a
2186 1798 2375 1860 nobis
2418 1797 2483 1861 in
2537 1797 2746 1862 lucem
2789 1799 3158 1862 emittitur?
3190 1802 3312 1863 Cur
3360 1799 3554 1862 etiam

297 1899 521 1960 Griece
546 1899 898 1962 duntaxat?
925 1901 994 1961 lu
1030 1900 1237 1962 lucem
1272 1900 1377 1963 hic
1413 1901 1617 1963 emitti
1646 1904 2033 1982 respondeo,
2068 1903 2372 1980 primum,
2401 1903 2573 1982 quod
2612 1903 2748 1965 viro
2781 1921 2934 1966 sane
2961 1904 3338 1965 doctissimo
3384 1904 3560 1965 visus

296 1999 503 2062 fuerit
535 2017 679 2062 esse
713 2001 1219 2080 Theophylacti;
1267 2019 1480 2080 neque
1531 2011 1704 2068 certo
1747 2004 1968 2084 aliquo
2008 2005 2478 2084 perspicueque
2517 2017 2896 2084 argumento
2945 2005 3150 2066 refelli
3183 2005 3386 2084 possit
3445 2006 3558 2064 ist-

295 2100 434 2162 haec
464 2100 713 2187 opinio.
743 2101 802 2162 2.
835 2099 995 2174 Quia
1037 2119 1294 2179 aequum
1325 2119 1450 2164 non
1487 2102 1741 2176 censui,
1776 2103 2214 2182 apOgraphum
2248 2104 2421 2164 istud
2457 2104 2726 2166 omnino
2761 2103 3070 2175 interire;
3109 2104 3352 2183 quippe
3384 2103 3557 2182 quod

302 2217 448 2261 esse
476 2199 747 2261 fortasse
779 2201 1010 2278 poterit
1040 2200 1234 2263 alicui
1280 2202 1558 2281 posteris
1604 2204 1782 2276 usui,
1840 2203 2390 2282 quemadmodum
2437 2203 2592 2264 mihi
2637 2221 2760 2265 non
2799 2205 3030 2266 inutile
3058 2203 3202 2276 fuit,
3255 2210 3322 2263 ut
3375 2204 3562 2264 Com-

310 2295 609 2360 mentarii
649 2299 931 2362 Vaticani
981 2299 1082 2383 (de
1126 2319 1258 2381 qun
1301 2302 1543 2364 dictum
1586 2310 1684 2365 est
1715 2304 1939 2381 supra)
1987 2304 2320 2382 exemplar
2355 2306 2768 2366 emendarem
2831 2313 3025 2383 atque
3052 2303 3449 2381 supplerem.
3488 2303 3561 2360 Et

298 2402 570 2480 quidem
602 2405 812 2482 quoad
848 2403 990 2483 ejus
1011 2406 1237 2467 attinet
1264 2424 1482 2482 usum,
1520 2407 1801 2468 breviter
1833 2407 2229 2485 patefaciam,
2258 2409 2432 2488 quod
2469 2407 2625 2468 mihi
2663 2425 2812 2469 eum
2851 2404 3253 2485 percurrenti
3287 2404 3458 2465 venit
3496 2403 3560 2463 in

305 2510 590 2564 mentem
633 2519 648 2563 :
691 2503 997 2565 nimirum
1030 2522 1108 2566 ex
1144 2505 1349 2567 tribus
1382 2506 1559 2570 hisce
1594 2509 1663 2569 in
1691 2507 1851 2569 Acta
1888 2509 2241 2587 apostolica
2287 2508 2808 2580 Commentariis,
2854 2525 3018 2586 quos
3053 2506 3351 2569 volumen
3392 2501 3561 2564 istud

302 2604 756 2681 complectitur
791 2605 1172 2682 (praesertim
1209 2607 1266 2668 si
1317 2607 1756 2685 Clrrysnstomi
1810 2609 2006 2671 fontis
2051 2609 2342 2671 omnium
2379 2608 2684 2687 praecipui
2733 2607 3181 2670 adnotationes
3223 2605 3561 2676 addant-ur)

305 2707 661 2786 perfectum
693 2709 915 2772 conﬁci
953 2722 1168 2787 posse,
1210 2711 1710 2792 absolutumque
1743 2713 1806 2773 in
1833 2713 2050 2774 eadem
2092 2714 2240 2772 Acta
2291 2711 2869 2777 Commentarium:
2901 2727 3044 2772 cum
3094 2710 3333 2786 singuli
3371 2718 3558 2770 caete-

303 2809 540 2886 roquin
577 2808 744 2870 haud
779 2827 1001 2890 parum
1039 2811 1256 2888 procul
1283 2812 1414 2873 sint
1439 2831 1470 2873 a
1503 2814 1716 2877 debita
1751 2813 2168 2893 perfectione.
2203 2813 2439 2874 Poterit
2467 2813 2661 2892 igitur
2690 2812 3014 2893 quispiam
3055 2830 3132 2874 ex
3167 2813 3442 2891 singulis
3480 2831 3556 2874 ea

303 2931 448 2991 quae
476 2913 553 2973 ad
595 2931 724 2975 rem
757 2915 1030 2976 maxime
1061 2913 1330 2989 faciunt,
1365 2915 1684 2994 seligendi
1717 2935 1936 2979 curam
1983 2917 2397 2997 laboremque
2445 2917 2778 2992 suscipere
2815 2939 2830 2979 :
2871 2935 3063 2996 quem
3098 2916 3260 2978 forte
3301 2924 3555 2995 egomet

305 3013 764 3089 suscepissem,
811 3012 937 3073 nisi
991 3013 1154 3086 alim,
1188 3013 1430 3090 quibus
1463 3015 1806 3089 distrahor,
1841 3033 2006 3078 curm
2031 3024 2092 3078 et
2123 3017 2511 3078 valetudinis
2538 3017 2944 3079 imbecillitas
2968 3016 3431 3078 inbibuissent.
3470 3020 3561 3077 En

307 3113 510 3191 igitur
540 3116 726 3188 ratio,
757 3133 875 3178 cur
907 3115 1090 3177 illum
1125 3116 1465 3180 ediderim.
1501 3121 1715 3180 Graece
1744 3125 1956 3180 autem
1993 3127 2237 3180 tantum
2269 3118 2467 3189 edidi,
2503 3118 2652 3197 quia
2687 3137 2762 3180 ex
2798 3135 2922 3181 una
2962 3125 3134 3198 parte
3159 3117 3562 3180 levissimum

305 3222 402 3276 cst
431 3216 933 3280 fundamentum
967 3219 1425 3282 Commentarii
1481 3221 1676 3301 hujus
1724 3221 2206 3300 Theophylacto
2250 3221 2670 3300 adjudicandi
2709 3242 2722 3280 :
2759 3240 2836 3284 ex
2871 3221 3067 3284 altera
3118 3237 3271 3284 vero
3297 3222 3564 3299 exposi-

305 3315 519 3376 tiones
561 3314 708 3392 ejus
742 3315 1065 3393 plereeque
1093 3317 1158 3377 in
1193 3317 1501 3381 alterutro
1536 3337 1614 3381 ex
1651 3319 1758 3394 iis,
1799 3322 1911 3401 qui
1951 3320 2305 3383 voluminis
2347 3319 2547 3400 hujus
2587 3321 2775 3383 initio
2831 3322 3135 3399 impressi
3183 3331 3359 3396 sunt,
3399 3322 3564 3385 Sifa-

307 3412 498 3473 niano
521 3411 794 3482 scilicet,
829 3421 892 3472 et
919 3411 1248 3486 Vaticano,
1285 3430 1410 3475 non
1441 3415 1630 3478 modo
1659 3417 1869 3496 quoad
1905 3434 2200 3490 sensum,
2251 3417 2362 3479 sed
2395 3418 2587 3479 etiam
2621 3419 2833 3498 quoad
2869 3419 3062 3482 verba
3119 3437 3568 3499 saepenumero

308 3517 556 3578 insunt.
591 3515 760 3576 Hine
792 3515 1070 3592 pretium
1105 3532 1318 3594 operte
1351 3517 1616 3582 minime
1662 3537 1804 3582 esse
1840 3522 2092 3595 censui,
2133 3537 2372 3582 novum
2405 3522 2577 3584 hunc
2619 3524 2842 3586 subire
2873 3523 3182 3600 laborem,
3219 3533 3280 3587 et
3309 3525 3566 3603 aliquo-

319 3633 458 3678 rum
490 3615 868 3676 accessione
900 3613 1204 3678 foliorum
1238 3616 1416 3678 nulla
1454 3621 1916 3697 propemodum
1961 3621 2239 3683 utilitate
2274 3623 2577 3683 volumen
2617 3623 2736 3685 hoc
2767 3639 3068 3686 onerare.

392 3714 654 3776 XLVII.
689 3714 996 3787 Quamvis
1023 3725 1236 3777 autem
1271 3720 1818 3781 Commentarium
1865 3719 2039 3782 hunc
2071 3720 2294 3781 Latine
2327 3736 2454 3780 non
2503 3721 2830 3795 vei-terim,
2872 3740 2997 3783 non
3054 3723 3202 3785 ideo
3245 3731 3451 3786 tamen
3492 3728 3572 3787 ab

318 3817 498 3879 omni
531 3816 596 3877 in
629 3831 706 3878 eo
737 3815 992 3878 edendo
1017 3816 1234 3880 labore
1260 3835 1358 3879 me
1389 3817 1663 3880 absolvi.
1700 3821 1986 3880 Lacunas
2021 3819 2222 3890 enim,
2255 3818 2495 3897 quibus
2529 3818 2966 3897 apographum
3001 3819 3378 3896 frequenter
3427 3823 3568 3886 hia-

329 3920 430 3980 bat
461 3919 832 3997 (priesertim
878 3919 1004 3980 sub
1033 3920 1175 3998 ejus
1206 3920 1493 4000 initium)
1527 3921 1789 4000 explere
1845 3937 1958 3999 pro
1989 3921 2237 3982 viribus
2272 3921 2524 3982 studui.
2576 3924 2651 3982 Et
2687 3921 2878 3982 initio
2911 3922 3200 4002 quidem,
3251 3925 3358 3985 ubi
3404 3931 3572 4005 spis—

299 4021 528 4091 ..siores
557 4019 799 4082 lacuum
830 4029 1036 4093 erant,
1071 4021 1228 4082 mihi
1269 4021 1335 4082 in
1362 4021 1523 4083 hanc
1557 4039 1690 4084 rem
1728 4022 2129 4083 incumbenti
2166 4021 2689 4098 percommodum
2717 4021 2839 4083 fuit
2878 4022 3129 4084 Catena;
3172 4021 3570 4100 Oxonicnsis

315 4122 384 4183 in
413 4123 630 4184 eadem
685 4126 837 4183 Acta
883 4123 1186 4200 primum,
1234 4123 1406 4202 quod
1460 4123 1770 4186 habebam
1820 4141 1946 4202 prae
1985 4124 2311 4198 manibus,
2351 4123 2580 4186 folium
2618 4148 2634 4186 :
2677 4142 2822 4188 cum
2877 4125 3010 4202 ipsa
3052 4127 3296 4205 quippe
3338 4130 3571 4191 Catena

311 4221 748 4301 apographum
785 4239 999 4284 meum
1040 4223 1133 4284 sic
1165 4223 1326 4284 inibi
1360 4223 1712 4286 convenire
1761 4224 2188 4301 deprehendi,
2222 4233 2291 4285 ut
2343 4224 2515 4285 idem
2564 4242 2703 4286 esse
2737 4243 2902 4302 opus
2941 4226 3292 4301 videretur,
3331 4230 3456 4289 nisi
3491 4249 3571 4291 ex

311 4335 633 4404 postrema
663 4325 842 4387 illius
876 4333 1072 4405 parte,
1103 4333 1293 4405 atque
1327 4345 1405 4388 ex
1435 4328 1697 4391 duobus
1728 4329 1898 4404 aliis,
1930 4347 2077 4409 qum
2128 4313 2284 4389 mihi
2319 4345 2584 4389 cernere
2625 4327 2836 4417 licuit,
2887 4329 3029 4408 ejus
3081 4330 3256 4392 foliis
3305 4331 3571 4394 omnino

309 4428 791 4506 cognovissem,
827 4429 1124 4490 Catenam
1159 4428 1602 4493 Oxoniensem
1635 4433 1833 4493 multa
1869 4429 2235 4508 complecti,
2269 4448 2414 4508 qum
2457 4429 2524 4491 in
2556 4429 2932 4491 Florentino
2963 4431 3438 4494 Commentario
3463 4434 3574 4495 de-

310 4528 712 4590 siderantur.
744 4529 1069 4591 Posterior
1101 4530 1220 4592 iste
1255 4529 1527 4592 fortasse
1569 4548 1778 4609 excerl
1807 4538 1911 4592 tus
1949 4539 2045 4592 est
2088 4548 2164 4592 ex
2197 4529 2302 4590 illa
2357 4530 2594 4607 priore.
2647 4529 2737 4589 Ad
2788 4529 3158 4590 sarciendas
3206 4549 3383 4605 vero,
3431 4549 3576 4610 qum

312 4638 735 4694 oveurrerent
764 4631 832 4694 in
879 4649 1250 4710 progressu,
1287 4631 1548 4694 lacunas
1575 4633 1886 4695 alterutro
1932 4650 2011 4694 ex
2037 4630 2532 4695 Commentariis
2560 4630 2904 4709 praadictis,
2941 4630 3268 4691 Sil‘aniano
3300 4631 3572 4702 scilicet,

312 4740 376 4795 et
413 4733 752 4807 Vaticano,
785 4732 898 4794 sed
934 4733 1226 4795 omnium
1260 4732 1793 4812 frequentissime
1824 4751 2056 4813 magno
2090 4733 2550 4811 Chrysoslomo
2586 4748 2744 4793 usus
2776 4749 2956 4804 sum;
2984 4739 3044 4793 et
3077 4749 3149 4794 ea
3180 4733 3444 4812 quidem
3474 4730 3572 4792 fe-

315 4835 593 4910 licitate,
635 4846 701 4898 ut
737 4856 816 4900 ex
850 4837 1172 4915 plurimis,
1205 4856 1351 4918 quae
1384 4837 1637 4900 inerant
1669 4845 1879 4913 antea,
1912 4837 2160 4900 lacunis
2193 4855 2316 4898 una
2360 4845 2630 4904 tantum,
2666 4837 2764 4896 vel
2806 4835 3000 4896 altera
3048 4834 3370 4912 inexpleta
3422 4833 3579 4896 mihi

314 4938 726 5000 remanserit.
787 4937 994 5000 Verba
1046 4955 1079 5000 a
1128 4940 1320 5001 nobis
1371 4939 1588 5001 addita
1641 4956 1719 5002 ex
1786 4939 2022 5016 signis,
2069 4938 2310 5016 quibus
2362 4937 2454 4998 uti
2501 4937 2566 4998 in
2616 4936 2946 4998 similibus
2993 4936 3308 5010 solemus,
3356 4939 3580 4997 Lector

315 5047 652 5120 agnoscet.
680 5039 773 5101 Ad
809 5040 1046 5102 calcem
1076 5040 1558 5115 Commentarii,
1591 5057 1672 5101 ne
1707 5041 1956 5119 integra
1995 5039 2227 5118 pagina
2259 5037 2530 5100 omnino
2565 5053 2756 5098 vacua
2789 5045 3170 5112 remaneret,
3218 5037 3296 5098 ab
3328 5056 3404 5100 eo
3439 5038 3578 5102 loco

314 5157 461 5218 pag.
493 5140 635 5207 629,
669 5139 791 5202 col.
814 5142 879 5215 2,
915 5149 1096 5204 Ἔστιν
1117 5146 1211 5204 οὖν
1231 5151 1260 5204 ὁ
1291 5153 1399 5214 πᾶς
1437 5152 1650 5223 χρόνος,
1687 5150 1908 5219 regatu

1980 5140 2333 5220 ypographi
2373 5139 2576 5219 adjeci
2616 5141 2830 5211 verba,
2867 5139 3108 5218 quibus
3142 5143 3369 5203 Catena
3400 5143 3577 5203 Oxo-

316 5239 571 5301 niensis
605 5239 984 5303 absolvitur.
1019 5244 1244 5321 Neque
1279 5244 1342 5304 id
1386 5245 1636 5306 Lectori
1672 5243 2099 5322 injueundum
2131 5241 2268 5302 fore
2290 5241 2540 5302 contido
2575 5240 2707 5302 :sic
2733 5242 2906 5301 enim
2938 5241 3277 5319 prmdictaz
3302 5242 3573 5308 Catena);

313 5354 509 5416 quam
534 5341 1129 5418 praestantissimum
1157 5343 1437 5419 appellat
1469 5343 1810 5406 Fabricius
1841 5342 1903 5404 in
1938 5342 2111 5403 Bibl.
2147 5340 2391 5413 Gmca,
2433 5339 2692 5402 initium
2726 5339 2972 5401 tenebit
3007 5346 3069 5400 et
3101 5339 3315 5401 tinem.

1701 5444 1983 5505 SECTIO
2026 5443 2200 5507 XIII.

1164 5549 1253 5608 De
1295 5549 1609 5627 Epistolis
1656 5567 1695 5607 α
1740 5550 2022 5611 Meursio
2071 5549 2280 5622 editis,
2329 5559 2386 5610 et
2429 5568 2469 5608 a
2513 5547 2747 5608 Lamia.

406 5650 695 5711 XLVIII.
741 5649 930 5710 Forte
990 5651 1326 5714 mirabitur
1371 5655 1618 5729 Lector,
1683 5656 1856 5733 quod
1920 5654 2059 5715 istae
2107 5653 2400 5732 epistola:
2449 5654 2527 5714 ab
2582 5650 2727 5712 aliis
2779 5647 3008 5728 viginti
3059 5649 3368 5729 sejunctas
3430 5650 3582 5714 huic

319 5751 586 5814 editioni
627 5754 869 5815 fuerint
917 5752 1207 5830 insertae,
1244 5774 1391 5818 eum
1453 5775 1643 5820 nemo
1704 5775 1832 5820 non
1878 5759 2112 5830 videat,
2147 5755 2505 5818 naturalem
2559 5753 2852 5815 ordinem
2901 5751 3265 5831 postulasse
3314 5762 3384 5815 ut
3416 5771 3573 5817 con-

317 5849 585 5927 junctim
627 5855 981 5919 ederentur
1011 5871 1260 5918 oumes.
1303 5858 1570 5921 Consilii
1609 5860 1824 5936 itaque
1871 5859 2070 5921 nostri
2123 5858 2281 5919 hanc
2331 5857 2639 5919 rationem
2695 5853 2943 5918 habeto.
3004 5853 3323 5933 Principio
3374 5853 3580 5931 fuerat
