4044 6476
479 478 549 551 τδδ
1463 469 1852 531 common
1880 471 2203 532 iFlNETTI
2246 471 2666 533 PREFATIO.
2814 488 2819 495 -
3610 468 3720 538 416

442 583 999 664 constituiumJut
1037 581 1268 662 viginti
1311 581 1622 643 duntaxat
1656 582 2117 663 TheOphylacti
2165 582 2458 661 epistola)
2488 583 2608 645 hoc
2649 582 2716 643 in
2764 581 3100 646 volumine
3129 581 3718 648 sedem'haberent.

441 703 588 766 qum
634 685 923 748 nondum
974 683 1298 765 publicam
1348 683 1553 743 lucem
1585 691 2005 761 aspexerant;
2055 700 2200 747 cum
2251 700 2342 745 ere
2397 690 2646 746 tantum
2689 682 2843 746 huic
2892 684 3089 746 tertio
3136 683 3487 759 volumini,
3539 687 3717 765 quad

437 785 706 850 ineditis
731 767 1193 865 Theophylacti
1220 781 1527 860 Operibus
1551 783 1956 861 excipiendis
2010 783 2406 847 destinatum
2438 782 2505 845 in
2556 783 2784 860 primis
2833 789 2992 856 erat,
3031 783 3354 864 explendo
3382 784 3541 847 satis
3573 800 3719 850 esse

441 887 836 959 viderentur,
882 885 1149 964 adjectis
1203 890 1415 945 tamen
1462 883 1721 946 duobus
1776 886 2086 962 operibus
2133 886 2346 948 adhuc
2399 885 2687 956 ineditis,
2747 900 3029 966 quorum
3095 886 3373 947 alterum
3423 886 3721 967 Parisiis,

442 988 714 1050 alterum
754 985 1080 1047 Florentia
1126 982 1672 1061 praestolabamur.
1717 985 1839 1047 Sed
1876 985 2156 1064 primum
2192 984 2351 1049 illud
2379 1003 2549 1063 saepe
2578 985 2998 1063 promissum,
3037 1002 3369 1065 nunquam
3402 986 3722 1065 perlatum

439 1086 517 1148 ad
570 1103 684 1156 nos
730 1095 847 1146 est.
902 1083 1192 1146 Alterum
1249 1082 1512 1163 quidem
1546 1084 1954 1161 accepimus;
2014 1086 2128 1147 sed
2184 1084 2350 1146 illud
2407 1084 2961 1163 perpendentibus
3013 1084 3201 1146 nobis
3260 1100 3389 1146 non
3430 1086 3723 1164 suspicio

439 1186 769 1258 duntaxat,
828 1184 940 1246 sed
1006 1191 1174 1245 certa
1225 1186 1560 1261 persuasio
1595 1184 1856 1257 insedit,
1896 1183 1973 1246 ad
2008 1182 2567 1263 TheOphylactum
2602 1182 2979 1244 nullatenus
3027 1182 3371 1260 pertinere.
3403 1184 3531 1244 Nos
3567 1201 3722 1246 vero

443 1288 505 1346 in
555 1303 835 1348 errorem
868 1287 1298 1365 perduxerat,
1355 1304 1501 1367 quas
1552 1287 1724 1365 apud
1795 1287 2372 1349 Montefalconium
2425 1287 2662 1366 legitur
2717 1287 2784 1348 in
2846 1284 3149 1349 Biblioth.
3206 1286 3725 1348 bibliothecarum

441 1399 483 1451 t.
523 1391 571 1461 l,
613 1407 752 1468 pag.
793 1390 894 1465 35,
947 1389 1285 1453 imminuta
1340 1389 1700 1469 inscriptio,
1744 1406 1889 1469 quin
1947 1389 2292 1469 sequitur:
2341 1390 2697 1452 Threnodt'a
2732 1406 2926 1468 super
2977 1387 3168 1449 beata:
3234 1390 3544 1450 memoria:
3579 1391 3725 1450 viro

441 1489 520 1550 Ι).
555 1490 1046 1568 Theophylacto.
1080 1489 1336 1553 Scilicet
1368 1489 1691 1568 ejusmodi
1725 1489 1954 1556 titulus
2013 1504 2132 1551 nos
2185 1495 2481 1552 erexerat
2532 1488 2597 1549 in
2618 1505 2845 1567 spem,
2882 1485 3320 1556 Threnodt'am,
3354 1487 3436 1548 de
3460 1504 3582 1562 qua
3618 1486 3727 1548 hic

441 1609 677 1666 sermo,
713 1611 919 1672 genus
951 1592 1217 1673 aliquod
1244 1595 1557 1657 orationis
1589 1593 1884 1655 funebris
1919 1609 2063 1654 esse
2095 1592 2164 1653 in
2200 1590 2767 1670 Theopbylactum
2800 1589 2922 1668 jam
2965 1595 3322 1657 mai-tuum,
3382 1606 3527 1668 quae
3570 1588 3730 1651 huic

448 1693 763 1755 volumini
808 1713 881 1758 ea
920 1696 1167 1757 ratione
1205 1696 1399 1758 inseri
1431 1704 1673 1776 posset,
1711 1697 1882 1776 quod
1917 1695 2136 1774 aliqua
2169 1711 2245 1755 ex
2280 1694 2482 1772 gestis
2532 1693 3019 1772 virtutibusque
3083 1692 3178 1769 (ut
3228 1690 3294 1753 in
3343 1690 3728 1769 bujusmodi

439 1797 845 1861 orationibus
896 1801 1186 1864 accidere
1212 1801 1403 1881 solet)
1458 1801 1641 1865 illius
1693 1800 1971 1864 celebris
2015 1798 2491 1878 archiepiscopi
2559 1797 3122 1875 complecteretur.
3177 1802 3257 1860 At
3334 1795 3471 1857 sola
3532 1795 3729 1858 lectio

441 1893 826 1975 epigrapbes
885 1899 1269 1975 exemplaris
1328 1901 1402 1961 ad
1468 1915 1586 1960 nos
1645 1897 2002 1960 transmissi
2093 1897 2174 1957 ab
2238 1898 2415 1959 omni
2485 1896 2754 1959 omnino
2818 1914 2932 1976 spe
2999 1904 3060 1959 et
3114 1904 3548 1974 praeconcepta
3601 1913 3723 1959 nos

440 1995 753 2071 Opinione
787 1998 1060 2078 dejecil;
1098 1999 1181 2060 ita
1216 1999 1388 2060 enim
1427 2016 1496 2059 se
1535 1998 1727 2060 habet
1760 2021 1775 2058 :
1808 2005 2037 2079 Θρηνῴδ

2133 2009 2223 2062 ἐπὶ
2272 2007 2351 2078 τῷ
2397 2005 2688 2078 μακαρίτῳ
2716 2005 2873 2078 κόρῳ
2916 2006 3280 2078 Θεοφυ).άκτῳ
3333 2007 3412 2078 τῷ
3459 2007 3730 2061 Balineu-

442 2103 597 2176 ρίτῳ,
637 2095 1030 2160 Lamentatio
1070 2116 1263 2176 super
1295 2099 1501 2180 felicis
1546 2100 1858 2159 memerita
1903 2102 2041 2160 viro
2099 2098 2351 2160 domino
2404 2098 2870 2178 Theophylacto
2924 2080 3327 2162 Belissarito.
3375 2100 3572 2161 P0rro
3620 2100 3729 2164 vel

440 2198 657 2276 ipsum
706 2202 1069 2264 Belissaritt'
1106 2220 1463 2280 cognomen
1518 2204 1674 2265 satis
1727 2203 1953 2282 procul
2012 2204 2212 2266 dubio
2244 2203 2500 2277 fuisset,
2555 2213 2628 2266 ut
2669 2202 3220 2282 TheOphylactum
3261 2203 3434 2265 hunc
3492 2221 3529 2265 a
3567 2201 3731 2264 Bul-

441 2316 741 2378 garorum
779 2300 1269 2380 archiepiscopo
1301 2319 1818 2379 secerneremus,
1849 2302 2106 2365 etiamsi
2151 2319 2298 2384 quin
2342 2304 2762 2367 continentur
2813 2304 2877 2364 in
2939 2304 3054 2366 bac
3092 2291 3384 2366 Oratione
3449 2303 3726 2381 lugubri

443 2401 662 2481 aliquo
713 2402 906 2464 modo
948 2402 1229 2463 fuissent
1277 2401 1600 2481 ambigua.
1633 2405 1753 2465 Sed
1808 2411 1871 2466 et
1896 2422 1998 2467 res
2048 2406 2113 2466 in
2164 2405 2303 2484 ipsa
2358 2411 2677 2467 contenta
2718 2403 3273 2483 Theophylactum
3317 2402 3625 2467 exhibent
3686 2416 3732 2462 α

445 2507 667 2561 nostro
712 2500 896 2578 plane
936 2500 1266 2562 diversum
1299 2505 1467 2560 :tota
1507 2500 1679 2561 enim
1715 2500 2113 2578 impenditur
2140 2502 2211 2564 in
2244 2501 2645 2579 deplorando
2682 2503 3030 2567 immaturo
3072 2504 3338 2581 juvenis
3375 2504 3716 2582 cujusdam

444 2598 684 2660 nobilis
724 2597 1017 2672 interitu,
1053 2600 1159 2678 qui
1196 2614 1340 2658 cum
1375 2598 1635 2676 generis
1684 2597 2039 2671 nobilitate,
2080 2606 2215 2661 tum
2251 2600 2563 2662 virtutum
2595 2610 2974 2663 ornamento
3019 2605 3354 2681 praestabat
3396 2628 3411 2666 :
3477 2605 3728 2683 quique

441 2701 595 2761 dum
626 2698 897 2761 Athenis
930 2699 1146 2762 studio
1178 2717 1435 2779 operam
1466 2703 1663 2776 daret,
1704 2701 2002 2767 faucibus
2029 2704 2266 2785 angina
2294 2704 2688 2779 interclusis,
2724 2706 3026 2785 migravit
3064 2728 3098 2770 e
3154 2709 3302 2782 vita,
3351 2709 3517 2770 datis
3560 2718 3709 2771 ante

441 2800 744 2882 pluribus
783 2802 1043 2880 pietatis
1076 2801 1365 2865 indiciis.
1420 2807 1583 2866 Eum
1621 2804 1817 2884 igitur
1847 2806 2060 2868 solum
2107 2825 2188 2868 ex
2238 2807 2359 2870 hoc
2396 2808 2718 2887 opusculo
2745 2807 3026 2871 fructum
3069 2807 3304 2871 referre
3363 2792 3715 2885 potuerunt

436 2916 772 2967 curatores
806 2904 1071 2965 istiusce
1098 2904 1422 2984 editionis,
1457 2914 1529 2966 ut
1561 2906 1760 2986 magis
1788 2908 2122 2987 magisque
2152 2917 2547 2987 perspectam
2578 2908 2886 2971 omnibus
2931 2917 3352 2989 testatamque
3379 2910 3731 2975 redderent

436 3007 873 3088 diligentiam,
908 3025 1036 3086 qua
1089 3008 1186 3069 usi
1235 3018 1412 3080 sunt,
1462 3009 1801 3070 maximam
1857 3009 1921 3070 in
1977 3008 2450 3088 conquirendis
2494 3009 2813 3088 undique,
2870 3010 3049 3071 nulla
3126 3020 3423 3089 sumptus
3474 3012 3723 3074 ratione

443 3111 681 3181 habita,
721 3108 1033 3186 operibus
1083 3109 1159 3169 ad
1207 3106 1762 3187 TbeOpbylactum
1815 3118 2108 3170 nostrum
2161 3109 2655 3189 quomodolibet
2740 3110 3237 3189 pertinentibus.
3298 3113 3454 3174 Cum
3524 3113 3730 3191 igitur

438 3210 643 3289 iiujus
674 3208 1078 3286 alteriusque
1112 3206 1365 3269 defectu
1392 3207 1606 3284 aperis
1645 3224 1775 3269 non
1820 3225 2014 3285 pauca
2051 3207 2359 3271 deessent
2392 3209 2548 3272 folia
2582 3210 2661 3270 ad
2694 3210 3112 3286 prmstitutam
3147 3209 3342 3291 hujus
3378 3212 3730 3274 voluminis

442 3312 703 3385 molem,
765 3316 1094 3371 curatores
1160 3304 1472 3386 praedicti,
1549 3304 1888 3384 impressis
1954 3306 2085 3384 jam
2139 3305 2435 3384 epistolis
2495 3306 2764 3386 viginti,
2842 3316 2904 3369 et
2965 3309 3182 3371 Graeco
3251 3310 3731 3375 Commentario

444 3410 859 3488 insequente,
913 3405 1265 3471 consilium
1330 3404 1744 3483 capessivere
1812 3406 1914 3486 (ad
1978 3406 2181 3469 alium
2237 3415 2482 3469 tomum
2535 3415 2860 3470 reservato
2922 3425 3161 3488 opere,
3215 3410 3389 3486 quod
3458 3410 3730 3474 Parisiis

449 3508 918 3587 praestolamur)
951 3505 1297 3585 acljiciendi
1348 3506 1536 3568 etiam
1578 3505 1885 3584 epistolas
1922 3523 1957 3567 a
2010 3506 2297 3569 Meursio
2341 3515 2402 3568 et
2447 3505 2668 3567 Lamia
2709 3504 2939 3580 editas,
2985 3523 3064 3567 ne
3098 3512 3313 3568 tomus
3370 3509 3492 3570 iste
3540 3529 3731 3591 inquo

447 3610 705 3671 brevior
749 3607 1084 3682 evaderet;
1138 3605 1468 3684 simulque
1518 3606 1843 3669 celeritate
1893 3623 2145 3670 summa
2189 3606 2458 3668 curandi
2499 3606 2708 3685 ipsius
2778 3605 3306 3685 impressionem,
3364 3625 3442 3670 ne
3499 3613 3731 3673 erudi-

452 3718 667 3772 torum
720 3717 861 3770 vota
914 3708 1164 3772 diutius
1215 3706 1665 3789 fatigarentur.
1716 3708 1884 3770 Hinc
1926 3724 2080 3772 vero
2110 3706 2246 3787 ,hoc
2294 3706 2509 3770 solum
2556 3707 2951 3770 incommodi
3013 3707 3246 3771 accidit
3293 3708 3493 3789 (quod
3555 3712 3733 3775 enim

446 3814 767 3894 ejusmodi
804 3815 1094 3893 epistolae
1124 3815 1202 3877 ab
1233 3813 1380 3875 aliis
1412 3814 1721 3895 sejunctas
1754 3817 2097 3895 prodeant,
2130 3828 2250 3893 pro
2298 3811 2505 3875 nihilo
2559 3810 2925 3875 habendum
2959 3828 3101 3874 esse
3157 3829 3191 3875 a
3243 3814 3400 3876 viris
3445 3818 3739 3893 pruden-

444 3919 621 3981 tibus
655 3918 831 3999 puto)
863 3917 1039 3999 quod
1071 3917 1524 3981 Marinerianaa
1564 3916 1886 3980 versionis
1924 3915 2477 3990 emendationem,
2515 3931 2709 3995 quam
2778 3913 3045 3994 aggredi
3095 3931 3168 3978 ac
3216 3916 3521 3993 perﬁcere
3566 3923 3735 3980 stato

446 4032 739 4102 tempore
780 4018 1272 4095 constitueram,
1320 4026 1505 4099 capto
1548 4035 1582 4080 a
1644 4020 2057 4082 curatoribus
2103 4035 2274 4082 novo
2325 4018 2797 4098 inopinatoque
2855 4020 3159 4094 consilio,
3207 4027 3270 4081 et
3338 4038 3406 4082 re
3453 4021 3735 4085 maxime

450 4128 808 4198 prOperata,
852 4128 1154 4197 prmstare
1194 4135 1321 4182 non
1361 4120 1707 4197 potuerim.
1746 4122 1821 4182 At
1854 4121 2224 4185 versionem
2269 4120 2444 4184 illam
2478 4120 2885 4184 tolerabilem
2925 4122 3002 4183 ad
3044 4121 3259 4184 minus
3296 4139 3469 4198 esse,
3505 4123 3602 4185 vel
3649 4142 3732 4186 ex

449 4239 528 4285 eo
571 4223 722 4284 mihi
766 4224 1149 4302 persuadeo,
1194 4223 1370 4303 quod
1424 4223 1709 4298 Lamias,
1762 4224 1860 4284 vir
1913 4224 2362 4297 doctissimus,
2410 4223 2748 4303 Graecique
2794 4223 3119 4287 idiomatis
3145 4224 3603 4302 peritissimus,
3658 4227 3731 4288 in

447 4326 690 4389 celebri
723 4327 1007 4391 editione
1038 4328 1428 4404 Meursiana,
1466 4331 1569 4392 cui
1601 4335 1858 4410 praeest,
1892 4345 2032 4391 eam
2088 4329 2411 4401 collocare
2447 4344 2577 4391 non
2610 4327 2947 4391 dubitarit.
2983 4328 3235 4391 Nullam
3277 4328 3480 4408 igitur
3510 4328 3577 4390 in
3628 4328 3733 4391 his

450 4430 720 4494 edendis
755 4432 1053 4508 epistolis
1089 4432 1227 4512 ipse
1261 4449 1522 4512 cperam
1559 4433 1772 4509 posui,
1814 4434 2110 4512 adeoque
2164 4431 2328 4494 nihil
2383 4433 2464 4493 de
2516 4430 2746 4493 iisdem
2792 4439 3092 4509 superest
3141 4430 3299 4492 mihi
3354 4431 3729 4494 dicendum.

450 4535 526 4596 Et
557 4534 687 4598 hinc
715 4536 925 4615 quoad
959 4536 1252 4617 singulas
1284 4538 1481 4619 hujus
1514 4538 1871 4602 voluminis
1906 4545 2141 4618 partes.
2180 4538 2366 4599 Nunc
2420 4552 2622 4615 pauca
2674 4534 2754 4597 de
2792 4534 3097 4599 versione
3151 4550 3316 4608 mea,
3360 4533 3734 4612 additisque

450 4638 646 4713 notis,
695 4646 1037 4717 antequam
1075 4638 1515 4703 Prml‘ationem
1549 4640 1840 4715 absolvo,
1873 4639 2151 4719 adjicere
2187 4636 2391 4700 lubet.

530 4762 767 4823 XLIX.
817 4762 983 4823 Usus
1014 4779 1158 4825 sum
1200 4765 1499 4827 liberiore
1529 4763 1855 4826 versionis
1904 4780 2178 4843 genere;
2234 4778 2363 4825 non
2406 4762 2698 4842 quidem,
2759 4768 2829 4824 ut
2867 4778 3007 4824 eam
3065 4760 3403 4823 redderem
3463 4763 3735 4839 elegan-

455 4859 712 4936 tiorem,
751 4860 858 4922 sed
907 4870 971 4925 ut
1002 4862 1342 4927 clariorem
1378 4864 1716 4943 magisque
1756 4866 2190 4944 perspicuam.
2227 4865 2482 4928 Etenim
2522 4863 2593 4926 in
2645 4880 2719 4925 ea
2772 4879 3029 4940 semper
3068 4861 3390 4923 sententia
3418 4859 3538 4930 fui,
3579 4875 3735 4921 eum

456 4961 622 5023 haud
662 4961 940 5039 perfecte
986 4963 1171 5044 fungi
1223 4966 1593 5045 interpretis
1636 4983 1928 5039 munere,
1985 4967 2100 5047 qui
2173 4976 2465 5030 accurate
2515 4966 2780 5045 quidem
2826 4967 3020 5028 verba
3070 4963 3418 5026 transferre
3471 4963 3730 5040 satagit,

455 5065 734 5130 auctoris
771 5082 920 5126 vero
948 5084 1217 5130 sensum
1259 5069 1611 5133 obscurum
1646 5071 1983 5151 relinquit.
2023 5073 2230 5151 Hujus
2281 5072 2607 5150 siquidem
2655 5069 3152 5147 explicationem
3188 5067 3601 5147 potissimum
3648 5068 3731 5128 ad

457 5164 865 5246 interpretem
910 5164 1261 5246 pertinere,
1314 5177 1481 5249 patet
1541 5173 1639 5233 vel
1696 5190 1774 5234 ex
1835 5189 1913 5235 eo
1974 5173 2151 5252 quod
2207 5173 2252 5232 ii
2302 5172 2496 5235 etiam
2544 5171 2656 5250 qui
2709 5171 3070 5251 cujuSpiam
3114 5168 3398 5230 auctoris
3458 5184 3731 5232 sensum

454 5266 705 5337 tametsi
742 5266 810 5328 in
868 5268 1089 5330 eadem
1151 5269 1398 5349 lingua,
1446 5272 1783 5335 clariorem
1842 5275 2144 5346 reddunt,
2205 5272 2458 5335 soleant
2513 5274 2894 5351 interpretes
2955 5269 3291 5350 appellari.
3340 5273 3734 5350 Plerumque

458 5364 658 5446 igitur
713 5367 781 5429 in
850 5367 914 5429 id
982 5371 1426 5434 tantummodo
1497 5373 1802 5446 laboravi,
1838 5382 1909 5435 ut
1940 5389 2204 5436 sensum
2239 5389 2433 5452 quem
2464 5371 2752 5433 auctoris
2790 5371 2987 5434 verba
3015 5370 3398 5449 diligentius
3445 5386 3732 5441 expensa

465 5469 797 5532 continere
831 5470 1089 5548 censui,
1142 5471 1388 5551 pbrasi,
1444 5474 1657 5553 quoad
1720 5476 1925 5554 potui,
1989 5472 2286 5546 clariore,
2340 5472 2689 5551 verbisque
2736 5470 3276 5551 tequivalentibus
3330 5469 3728 5532 exhiberem.

463 5564 684 5627 Sicubi
721 5584 870 5631 vero
898 5570 1182 5632 auctoris
1228 5589 1412 5634 mens
1455 5573 1672 5634 minus
1704 5582 1873 5637 certa
1910 5573 2375 5652 explorataque
2411 5571 2572 5634 mihi
2619 5572 2761 5633 visa
2814 5576 2935 5647 est,
2968 5576 3103 5633 tum
3150 5570 3440 5649 pressius
3487 5570 3730 5632 bwrere

465 5664 683 5728 verbis
713 5668 1078 5733 consultius
1116 5672 1507 5745 existimavi,
1561 5686 1750 5738 acuto
1810 5673 2056 5737 Lectori
2089 5678 2471 5751 potestatem
2517 5679 2587 5734 ut
2626 5672 2904 5737 facerem
2935 5688 3010 5736 ea
3043 5679 3114 5733 ut
3160 5671 3283 5734 sibi
3324 5668 3730 5750 probabilius

470 5765 798 5826 videretur
841 5766 1328 5848 interpretandi.
1383 5774 1449 5833 In
1504 5771 1876 5851 bujusmodi
1924 5769 2229 5848 sc0pulos
2271 5772 2470 5833 semel
2519 5779 2583 5832 et
2644 5771 2879 5834 iterum
2934 5768 3137 5832 incidi
3187 5769 3344 5831 dum
3407 5775 3729 5832 verterem

475 5864 815 5943 Epistolas,
865 5884 1009 5946 qua:
1064 5868 1221 5934 mihi
1276 5871 1520 5951 ubique
1568 5871 1889 5947 dilliciles,
1916 5872 2152 5936 alicubi
2208 5872 2366 5935 visat
2418 5879 2570 5936 sunt
2630 5871 2820 5936 etiam
2860 5872 3016 5936 satis
3068 5871 3381 5934 obscurae.
3427 5870 3727 5935 Fortasse
