4044 6428
269 463 372 528 ἂΤι
1314 461 1742 522 LAURENTII
1776 461 1843 520 Sl
1855 459 2036 520 FANI
2082 462 2496 524 l’lldﬂFATlO.
3438 463 3545 527 478

271 567 795 650 'l'heephylactus
863 565 929 631 in
991 568 1088 630 eis
1127 568 1628 631 'conscribendis
1683 567 1956 630 clariore
2001 569 2172 649 stylo
2231 589 2387 634 usus
2423 589 2548 634 non
2607 580 2722 648 est,
2759 574 2912 654 quia
2958 576 3034 638 ad
3083 575 3433 640 familiares
3479 586 3542 640 et

269 655 666 736 domesticos
709 674 1032 747 scribens,
1067 671 1309 737 clanius
1340 691 1487 737 sese
1519 675 1844 754 explicare
1882 682 1991 737 aut
2016 676 2303 755 neglexit
2346 685 2454 740 aut
2501 679 2735 742 noluit.
2790 681 2860 742 lu
2919 682 3113 742 variis
3153 684 3306 745 tomi
3349 684 3546 762 hujus

270 779 584 856 operibus
627 796 663 841 a
713 797 820 842 me
855 780 1074 842 Latine
1146 779 1416 842 redditis
1475 780 1918 843 diversitatem
1977 782 2257 862 aliquam
2319 783 2387 845 in
2468 783 2606 861 ipsa
2640 785 2938 849 versione
2991 784 3263 849 fortasse
3319 789 3544 849 Lector

270 885 577 954 oﬂ'endet,
626 885 712 945 ita
747 892 814 944 ut
849 888 1038 945 modo
1090 886 1316 964 magis,
1351 887 1544 948 modo
1573 888 1791 948 minus
1825 886 2141 949 elaborata
2164 889 2220 948 ei
2259 888 2554 950 videatur
2578 900 2770 968 atque
2805 890 3124 970 expolita;
3151 892 3541 969 quandoque

278 988 458 1046 etiam
510 985 740 1064 magis,
803 985 1197 1065 quandoque
1270 986 1486 1047 minus
1539 986 2003 1066 TheOphylacti
2061 985 2274 1048 verbis
2337 987 2615 1050 astricta.
2683 987 2881 1068 Cujus
2955 989 3351 1051 diversitatis
3401 1005 3542 1050 eam

276 1104 524 1150 causam
577 1103 721 1148 esse
758 1094 939 1162 sciat,
972 1087 1146 1166 quod
1185 1104 1301 1166 ego
1334 1103 1461 1149 non
1509 1088 1940 1158 continenter,
1969 1087 2080 1147 sed
2122 1103 2233 1165 per
2283 1086 2452 1148 varia
2489 1087 2796 1164 temporis
2835 1088 3190 1164 intervalla,
3247 1089 3542 1168 adeoque

274 1195 334 1247 et
383 1188 554 1248 varia
600 1195 789 1249 utens
839 1187 1133 1266 corporis
1178 1187 1572 1258 valetudine,
1629 1189 1952 1268 variisque
2009 1190 2184 1250 curis
2230 1192 2378 1258 plus
2439 1190 2739 1252 minusve
2783 1190 3133 1264 distentus,
3202 1187 3538 1252 versiones

275 1287 1114 1366 hujusmodielucubrarim
1175 1313 1191 1354 :
1252 1289 1424 1351 unde
1462 1287 1748 1368 aliquam
1806 1288 1960 1368 styli
2024 1297 2222 1369 atque
2281 1291 2833 1368 interpretationis
2882 1290 3324 1352 diversitatem
3379 1290 3538 1351 oriri

272 1406 538 1451 necesse
573 1391 722 1453 fuit.
749 1391 976 1464 Quoad
1010 1400 1191 1454 notas
1224 1393 1475 1464 attinet,
1515 1393 1772 1455 noverit
1803 1395 2052 1466 Lector,
2089 1410 2188 1457 me
2221 1395 2492 1456 minime
2523 1395 2589 1457 id
2632 1395 2920 1458 muneris
2953 1394 3110 1456 mihi
3155 1394 3536 1473 sumpsisse.

271 1504 338 1554 ut
369 1499 544 1561 notis
596 1497 677 1558 de
709 1513 889 1559 more
921 1495 1236 1575 subjectis
1281 1496 1745 1575 TheOphylacti
1787 1513 1982 1576 opera
2017 1497 2412 1560 illustrarem
2452 1522 2467 1559 :
2502 1516 2717 1578 neque
2751 1499 2928 1560 enim
2958 1517 3228 1560 necesse
3279 1499 3342 1560 id
3384 1506 3541 1570 erat,

269 1615 486 1674 neque
521 1616 633 1677 per
662 1596 1124 1676 occupationes
1158 1613 1335 1659 meas
1379 1609 1442 1658 et
1479 1597 1772 1676 corporis
1811 1597 2244 1662 valetudinem
2281 1607 2586 1678 prmstare
2613 1598 2676 1660 id
2739 1598 2901 1660 mihi
2953 1598 3268 1660 licuisset.
3320 1599 3540 1660 Solum

269 1701 470 1778 igitur
507 1710 689 1762 notas
729 1701 982 1779 aliquas
1007 1699 1318 1779 cperibus
1364 1717 1400 1761 a
1439 1717 1537 1763 me
1604 1699 1930 1762 translatis
1964 1699 2080 1761 hac
2118 1700 2399 1780 illarque
2443 1701 2714 1781 aspersi,
2768 1701 2881 1763 ubi
2929 1699 3027 1762 vel
3088 1699 3286 1779 major
3326 1699 3539 1778 aliqua

269 1816 508 1874 urge-re
542 1800 899 1862 necessitas
935 1800 1300 1874 videbatur,
1336 1801 1431 1862 vel
1470 1809 1834 1880 promptum
1877 1801 2145 1864 omnino
2178 1812 2332 1877 erat,
2367 1803 2540 1882 quod
2575 1805 2971 1865 adnotarem.
3017 1801 3181 1863 Illud
3219 1808 3542 1880 postremo

268 1900 412 1960 loco
445 1901 845 1962 monendum
889 1907 1214 1978 superest,
1245 1917 1440 1962 sacrm
1471 1902 1816 1981 Scriptura)
1854 1906 2067 1962 textus
2103 1899 2284 1979 juxta
2315 1900 2680 1962 versionem
2714 1898 3048 1977 Vulgatam
3081 1897 3376 1959 attulisse
3412 1915 3540 1965 me,

263 2014 332 2064 ut
365 2005 842 2067 Catholicorum
898 2005 1011 2084 qui
1062 2004 1122 2066 ei
1151 2008 1392 2066 assueti
1455 2013 1632 2077 sunt,
1677 2006 2020 2067 commodo
2071 2003 2425 2084 prmsertim
2482 2003 2905 2075 inservirem;
2952 2011 3147 2081 atque
3199 2018 3327 2065 non
3381 2003 3541 2063 Novi

257 2109 596 2180 duntaxat,
657 2105 773 2167 sed
827 2106 1018 2167 etiam
1064 2105 1319 2167 Veteris
1366 2106 1764 2168 Testamenti
1822 2106 2012 2168 verba
2073 2105 2405 2169 all‘erendo
2458 2127 2473 2166 :
2531 2104 2679 2166 licet
2727 2103 3270 2183 TheOphylactus,
3319 2111 3540 2182 utpote

257 2211 522 2270 Graecus
578 2213 822 2278 auctor,
859 2205 1070 2284 quoad
1136 2203 1525 2278 secundum,
1575 2212 1794 2266 utatur
1827 2207 2128 2268 versione
2181 2214 2304 2268 Τῶν
2360 2206 2555 2266 LXX.
2616 2205 2774 2266 Cum
2825 2219 2975 2265 vero
3015 2203 3299 2281 Vulgata
3351 2203 3541 2265 verba

256 2312 426 2369 adeo
457 2305 794 2368 dill‘errent
831 2322 865 2368 a
897 2306 1111 2368 verbis
1144 2323 1256 2381 per
1277 2305 1830 2385 TheOphylactum
1867 2306 2102 2378 allatis,
2133 2313 2200 2368 ut
2227 2307 2371 2386 ejus
2423 2305 2530 2369 fini
2576 2304 2845 2367 minime
2880 2312 3314 2368 consentanea
3345 2305 3538 2367 vide-

261 2416 514 2482 rentur,
550 2417 700 2469 tunc
727 2407 1018 2486 pressius
1073 2422 1147 2468 ea
1181 2415 1427 2468 vertere
1463 2405 1902 2469 necessarium
1936 2407 2206 2470 omnino
2241 2408 2450 2468 visum
2487 2413 2611 2469 est.

344 2509 415 2568 L.
461 2511 599 2570 Jam
645 2523 825 2583 vero,
882 2507 1080 2569 lector
1135 2508 1402 2587 Optime,
1463 2507 1660 2570 habes
1718 2508 2038 2580 omnium,
2101 2526 2248 2589 qua)
2304 2517 2518 2572 tomus
2572 2510 2696 2570 iste
2745 2507 3215 2587 complectitur,
3269 2523 3538 2585 operum

265 2605 636 2685 laborisque
671 2623 706 2668 a
740 2622 842 2666 me
870 2605 933 2666 in
967 2621 1044 2667 eo
1077 2605 1388 2683 insumpti
1428 2605 1770 2666 rationem.
1801 2606 2027 2680 Quoad
2061 2606 2388 2686 duplicem
2435 2607 2608 2669 enim
2644 2608 2949 2678 Iudicem,
2980 2607 3270 2666 Graecum
3306 2619 3534 2675 unum,

261 2709 673 2787 alterumque
702 2707 1028 2778 Latinum,
1060 2721 1228 2786 quos
1268 2713 1594 2784 postremo
1647 2703 1788 2767 loco
1823 2706 2053 2785 adieci,
2107 2706 2264 2767 nihil
2317 2707 2546 2778 habeo,
2592 2707 2768 2785 quod
2802 2705 3032 2772 dicam,
3072 2701 3196 2763 nisi
3231 2718 3330 2761 me
3359 2701 3420 2760 in
3458 2718 3536 2763 eo

263 2821 591 2885 spectasse
623 2809 946 2871 delectum
987 2808 1202 2886 potius
1232 2824 1422 2888 quam
1449 2808 1722 2899 cupiam.
1757 2806 1928 2869 Nihil
1981 2808 2172 2869 etiam
2201 2813 2281 2869 de
2332 2808 2782 2886 impressionis
2813 2813 3103 2868 accurata
3136 2799 3537 2866 correction0

262 2910 510 2984 dicam;
537 2911 779 2992 quippe
817 2928 965 2992 quae
1005 2913 1080 2973 ad
1129 2929 1228 2973 me
1261 2926 1390 2972 non
1436 2917 1703 2988 spectat,
1737 2909 1851 2970 sed
1885 2910 1959 2971 ad
1993 2927 2142 2972 eum
2185 2911 2298 2990 qui
2331 2910 2685 2989 specimina
2736 2911 3045 2973 correxit.
3082 2909 3306 2972 Solum
3341 2906 3541 2987 igitur

261 3027 440 3072 nunc
491 3019 816 3088 superest,
875 3019 945 3072 ut
993 3019 1052 3072 te
1101 3011 1296 3074 etiam
1343 3017 1538 3089 atque
1602 3012 1792 3072 etiam
1851 3026 2098 3088 rogem,
2161 3028 2375 3073 meum
2434 3011 2607 3072 hunc
2675 3009 3197 3090 qualemcunque
3255 3009 3537 3070 laborem

265 3122 333 3172 ut
366 3112 416 3172 si
455 3111 725 3191 probare
759 3113 1028 3175 omnino
1057 3129 1183 3174 non
1246 3113 1479 3191 possis,
1523 3119 1820 3174 conatum
1860 3110 2083 3173 saltem
2151 3129 2363 3174 meum
2413 3127 2599 3192 aequo
2632 3123 2958 3193 gratoque,
2993 3113 3210 3176 animo
3242 3111 3538 3192 excipere

266 3213 451 3276 velis.

2505 3447 2910 3461 Μ

265 3639 627 3711 Nobilibus,
657 3639 992 3719 generosis
1027 3645 1234 3719 atque
1258 3636 1926 3719 magnilicis_virisp.
1960 3640 2174 3700 Marco
2208 3649 2268 3700 et
2291 3642 2523 3702 Joanni
2558 3644 2884 3719 Fuccsats
2908 3637 3239 3719 l'ratribus,
3272 3633 3537 3719 Antonii

343 3719 518 3791 ﬁliis,
549 3712 964 3796 Kircbpergaa
1001 3725 1061 3778 et
1092 3712 1593 3796 Weisseuhorni
1632 3714 2189 3796 barouibus,ietc.,
2223 3719 2509 3780 dominis
2564 3719 2705 3780 suis
2753 3716 3155 3778 charissimis
3190 3723 3252 3776 et
3311 3712 3537 3776 amicis

341 3798 636 3871 summis,
683 3793 1076 3859 Laurentius
1109 3795 1463 3869 SlFANUS,
1491 3793 1966 3866 Prunsl‘eldius,
1996 3795 2056 3856 J.
2092 3795 2162 3856 U.
2200 3797 2458 3873 Doctor,
2490 3798 2552 3858 S.
2585 3801 2651 3860 P.
2687 3798 2760 3856 D.

365 4028 499 4084 Cum
549 4030 750 4086 abhinc
795 4027 1114 4093 triennium,
1173 4029 1273 4083 viri
1333 4029 1608 4099 generosi,
1648 4029 1926 4086 Arnoldius
1974 4029 2398 4092 Bircomaunus,
2448 4027 2866 4101 Agrippinensis
2914 4023 3231 4095 bibliopola,
3265 4023 3366 4081 hoc
3399 4038 3540 4097 opus

268 4126 601 4182 sci-oliorum
633 4127 689 4181 in
732 4128 867 4182 Acta
901 4127 1204 4198 apostolica
1237 4125 1345 4180 divi
1375 4124 1558 4190 Lucae,
1594 4140 1658 4180 ex
1691 4125 1915 4182 Austria
1959 4143 1989 4182 a
2035 4126 2346 4182 clarissimo
2379 4125 2499 4181 viro
2540 4125 2602 4181 D.
2632 4125 2844 4181 Joanne
2891 4124 3168 4178 Sambuco
3206 4123 3272 4177 ad
3309 4137 3368 4178 se
3400 4125 3542 4178 mis-

264 4234 409 4282 sum,
441 4218 574 4272 mihi
608 4218 956 4274 exhibuisset
985 4233 1001 4270 :
1032 4215 1178 4287 quod
1215 4226 1332 4270 erat
1366 4215 1650 4286 exemplar
1673 4217 2006 4283 obsoletum,
2038 4227 2092 4272 et
2137 4217 2462 4288 compendio
2496 4217 2800 4272 litterarum
2862 4216 2998 4272 adeo
3034 4215 3352 4270 intricatum
3375 4223 3542 4285 atque

260 4318 642 4377 obscuratum,
672 4322 733 4368 ut
760 4313 830 4368 ab
867 4313 1160 4368 admodum
1199 4311 1386 4384 paucis
1416 4311 1659 4368 Cotonize
1692 4313 1796 4382 legi
1837 4324 2041 4383 [)OSSel,
2076 4330 2287 4372 mecum
2320 4329 2482 4385 agere
2515 4315 2702 4382 carpit,
2730 4323 2788 4369 ut
2813 4313 3150 4383 susciperem
3178 4313 3298 4384 ejus
3324 4313 3540 4368 descri-

260 4408 418 4462 beudi
452 4409 720 4464 laborem.
752 4409 906 4463 llaud
943 4409 1090 4464 etiim
1130 4409 1416 4477 ignorabat
1446 4425 1532 4464 me
1581 4409 1711 4462 oliui
1749 4409 1976 4465 Lutetia?
2012 4411 2284 4479 ejusmodi
2320 4411 2704 4466 describendis
2737 4411 2972 4465 vetustis
3003 4411 3286 4464 codicibus
3325 4408 3538 4465 ereis

258 4501 644 4566 exercitatum,
680 4501 825 4555 haud
865 4501 1094 4556 multum
1121 4502 1175 4554 in
1207 4502 1444 4557 lectione
1495 4517 1616 4557 esse
1657 4502 2062 4556 lalnzraturuui.
2099 4502 2211 4573 Ego
2264 4518 2394 4558 vero
2449 4520 2573 4559 cum
2626 4502 2982 4570 iutelligercm
3019 4517 3143 4556 eum
3211 4516 3348 4568 cpus
3400 4501 3534 4554 illud

257 4592 446 4646 Graece
477 4593 642 4646 simul
675 4601 730 4647 et
764 4591 956 4648 Latine
995 4593 1283 4663 divulgare
1328 4595 1380 4646 in
1419 4594 1606 4648 animo
1634 4595 1858 4658 habere,
1917 4596 2202 4664 cupiebam
2235 4595 2454 4666 quidem
2497 4605 2551 4648 et
2585 4594 2658 4648 illi
2685 4609 2784 4664 pro
2820 4593 3062 4646 amicitia
3099 4607 3304 4646 morem
3339 4606 3537 4661 gerere

255 4693 304 4735 et
343 4684 579 4752 publica
609 4685 839 4738 utilitati
877 4685 1172 4740 consulere
1206 4703 1222 4752 ;
1255 4685 1349 4740 sed
1380 4684 1695 4739 deterrehat
1729 4703 1814 4740 me
1847 4703 1968 4741 cum
1999 4689 2288 4757 scriptura:
2318 4688 2536 4741 exilitas
2570 4687 2747 4740 oculis
2790 4685 3032 4751 inimica,
3068 4693 3182 4738 tum
3221 4685 3530 4755 exemplum

257 4784 442 4835 atinas
475 4781 850 4848 emendatum,
881 4781 1185 4851 pra-sertim
1217 4797 1340 4836 cum
1375 4781 1597 4838 deesset
1625 4781 1773 4837 aliud
1819 4784 2194 4854 apographum
2232 4786 2378 4838 unde
2421 4781 2620 4852 corrigi
2662 4781 2826 4850 hujus
2855 4789 3018 4852 atque
3063 4779 3344 4835 emendari
3397 4780 3528 4836 vitia

252 4883 502 4937 tossent.
537 4873 748 4942 Itaque,
807 4890 1122 4945 quanquam
1158 4891 1321 4945 a'gre,
1381 4876 1634 4931 concessi
1674 4883 1853 4930 tamen
1903 4877 2134 4946 petenti,
2170 4887 2224 4931 et
2277 4893 2390 4931 rem
2425 4877 2644 4945 suscepi
2689 4893 2704 4934 :
2739 4886 2790 4932 et
2823 4891 2945 4930 eum
2997 4874 3230 4929 vitanda:
3262 4874 3534 4943 pestiferae

247 4968 598 5036 contagionis
629 4981 795 5022 causa
825 4983 910 5021 me
939 4968 992 5020 in
1025 4968 1256 5037 patriam
1285 4983 1351 5022 ex
1396 4968 1532 5022 urbe
1562 4967 1918 5037 recepissem,
1952 4968 2096 5038 apud
2128 4968 2392 5023 Jacobuni
2427 4966 2763 5022 Panhusium
2792 4967 3042 5022 abbatem
3077 4967 3312 5022 cmnobii
3353 4964 3534 5019 Stciu-

248 5057 440 5121 veldii,
475 5057 652 5111 virum
689 5067 745 5112 et
794 5056 1016 5120 litteris,
1049 5065 1105 5112 et
1142 5058 1368 5127 pietate,
1428 5066 1483 5112 et
1531 5057 1820 5128 prudentia
1867 5059 2306 5124 ornatissimum,
2340 5060 2443 5114 hoc
2473 5076 2612 5129 opus
2643 5059 2784 5113 haud
2820 5059 2941 5112 sine
2981 5058 3222 5112 maximo
3249 5058 3435 5112 labore
3466 5072 3531 5111 ac

249 5154 475 5208 laesione
508 5154 797 5208 oculorum
824 5153 1092 5223 descripsi
1125 5172 1140 5213 ;
1181 5153 1329 5224 quod
1367 5155 1459 5208 ubi
1503 5155 1896 5224 transcriptum
1934 5154 2302 5210 Bircomanno
2335 5155 2558 5209 tradidi.
2590 5154 2683 5209 Ille
2709 5168 2872 5223 porro
2903 5168 3116 5208 mecum
3147 5167 3305 5223 agere
3342 5151 3529 5221 etrapit,

247 5256 309 5299 ut
346 5247 492 5316 quod
517 5247 940 5318 descripseram,
975 5247 1136 5302 etiam
1170 5257 1549 5304 converterem
1585 5249 1637 5303 in
1664 5264 1971 5305 sermonem
2001 5249 2282 5304 Latinum.
2311 5251 2424 5321 Ego
2454 5263 2582 5304 vero
2614 5247 2798 5320 (quod
2833 5247 2977 5303 baud
3015 5246 3328 5318 ignorabam
3361 5261 3532 5314 quan-

246 5349 439 5408 topere
472 5339 602 5392 mihi
629 5339 974 5394 azstuandum
1014 5351 1183 5409 atque
1207 5340 1517 5395 sudandum
1549 5354 1692 5397 esset
1723 5342 1780 5396 in
1810 5357 2000 5412 opere,
2037 5343 2198 5410 cujus
2225 5358 2396 5396 unum
2430 5342 2700 5396 duntaxat
2727 5348 2972 5396 exstaret
2999 5337 3328 5408 exemplum,
3365 5336 3533 5406 idque

249 5432 440 5486 multis
474 5432 529 5486 in
564 5432 700 5487 locis
735 5430 995 5486 mutilum
1027 5439 1192 5501 atque
1219 5430 1626 5504 depravatum),
1659 5435 2056 5505 aliquantisper
2093 5445 2408 5501 cunctatus,
2444 5436 2663 5490 tandem
2703 5432 2984 5496 Ecclesiae,
3010 5432 3062 5486 in
3101 5439 3207 5483 tam
3245 5431 3361 5486 utili
3390 5447 3531 5503 pra:-

242 5529 439 5582 sertim
492 5545 558 5584 ac
595 5531 693 5598 pio
727 5543 916 5598 opere.
961 5529 1222 5598 juvandai
1263 5530 1470 5596 studio,
1512 5539 1676 5599 atque
1718 5531 1880 5585 etiam
1919 5532 2186 5587 tolerabili
2229 5547 2259 5585 a
2301 5530 2670 5586 Bircomauno
2698 5528 2976 5600 proposita
3029 5527 3368 5594 conditione,
3411 5545 3524 5584 rem

244 5634 542 5688 aggressus
577 5635 703 5675 sum
743 5637 758 5674 :
792 5633 857 5673 ac
907 5620 997 5672 vix
1056 5619 1274 5673 tandem
1306 5619 1538 5676 absolvi.
1576 5620 1710 5675 Nam
1745 5638 2145 5692 saepenumero,
2192 5624 2320 5678 dum
2362 5623 2416 5677 in
2449 5623 2568 5677 loca
2605 5621 2792 5676 mutila
2824 5628 2987 5690 atque
3017 5629 3272 5690 corrupta
3320 5620 3525 5676 incide-

245 5713 393 5776 bam,
422 5712 584 5767 taedio
635 5712 843 5766 laboris
895 5711 1210 5782 frequenter
1263 5715 1425 5781 irriti,
1456 5731 1520 5771 ac
1562 5718 1960 5788 prepeniodum
2014 5718 2398 5787 desperatione
2435 5719 2508 5773 rei
2563 5716 2796 5772 feliciter
2844 5715 3192 5771 absolvenda!
3226 5715 3390 5784 (cum
3425 5731 3523 5772 nec

245 5819 460 5876 semper
490 5805 672 5862 otium
706 5804 899 5874 esset),
933 5804 1002 5860 ab
1027 5821 1191 5877 opere
1221 5809 1458 5875 cessavi,
1482 5810 1625 5880 quod
1662 5812 1985 5882 plerumque
2016 5811 2181 5866 etiam
2216 5811 2395 5866 facere
2426 5810 2596 5874 soleo,
2621 5811 2712 5866 ubi
2750 5809 2881 5864 mihi
2916 5809 3031 5878 ipse
3057 5824 3166 5863 non
3205 5807 3515 5864 satisfacio:

249 5916 344 5960 nec
369 5904 515 5961 cnim
543 5901 685 5960 mihi
721 5903 1054 5975 persuadere
1083 5919 1333 5976 possunt,
1378 5906 1444 5963 ab
1476 5907 1596 5963 aliis
1623 5907 1912 5978 probatum
1945 5908 2034 5974 iri,
2066 5907 2208 5978 quod
2243 5906 2600 5986 mihimetipsi
2621 5907 2920 5977 displiceat.
2955 5903 3141 5976 itaque
3163 5921 3284 5961 cum
3317 5920 3511 5978 perpe-
