  <div class='ocr_page' id='page_1' title='image "/cluster/home/n/w/nwhite01/storage/ocr_20150623/125:no.3/coo.31924054870302/247.png"; bbox 0 0 4044 6464; ppageno 0'>
   <div class='ocr_carea' id='block_1_1' title="bbox 429 470 3699 544">
    <p class='ocr_par' dir='ltr' id='par_1_1' title="bbox 429 470 3699 544">
     <span class='ocr_line' id='line_1_1' title="bbox 429 470 3699 544; baseline 0.006 -20"><span class='ocrx_word' id='word_1_1' title='bbox 429 476 540 541; x_wconf 59' lang='grc' dir='ltr'><strong>ιρις</strong></span> <span class='ocrx_word' id='word_1_2' title='bbox 1477 472 1900 537; x_wconf 77' lang='lat' dir='ltr'><strong>LAURENTII</strong></span> <span class='ocrx_word' id='word_1_3' title='bbox 1951 472 2210 535; x_wconf 82' lang='lat' dir='ltr'><strong>SlFANl</strong></span> <span class='ocrx_word' id='word_1_4' title='bbox 2243 473 2662 536; x_wconf 51' lang='lat' dir='ltr'><strong>PRxEFATIO.</strong></span> <span class='ocrx_word' id='word_1_5' title='bbox 3582 470 3699 544; x_wconf 58' lang='lat'><strong>180</strong></span> 
     </span>
    </p>
   </div>
   <div class='ocr_carea' id='block_1_2' title="bbox 432 587 3699 661">
    <p class='ocr_par' dir='ltr' id='par_1_2' title="bbox 432 587 3699 661">
     <span class='ocr_line' id='line_1_2' title="bbox 432 587 3699 661; baseline 0.001 -16"><span class='ocrx_word' id='word_1_6' title='bbox 432 602 587 646; x_wconf 82' lang='lat' dir='ltr'><strong>tuum</strong></span> <span class='ocrx_word' id='word_1_7' title='bbox 621 589 676 646; x_wconf 93' lang='lat' dir='ltr'><strong>in</strong></span> <span class='ocrx_word' id='word_1_8' title='bbox 710 587 1086 646; x_wconf 89' lang='lat' dir='ltr'><strong>convertendo</strong></span> <span class='ocrx_word' id='word_1_9' title='bbox 1124 602 1329 646; x_wconf 91' lang='lat' dir='ltr'><strong>morem</strong></span> <span class='ocrx_word' id='word_1_10' title='bbox 1361 602 1581 645; x_wconf 86' lang='lat' dir='ltr'><strong>scrvare</strong></span> <span class='ocrx_word' id='word_1_11' title='bbox 1605 587 1778 653; x_wconf 88' lang='lat' dir='ltr'><strong>soleo,</strong></span> <span class='ocrx_word' id='word_1_12' title='bbox 1798 596 1857 642; x_wconf 88' lang='lat' dir='ltr'><strong>ut</strong></span> <span class='ocrx_word' id='word_1_13' title='bbox 1874 602 1982 643; x_wconf 93' lang='lat' dir='ltr'><strong>non</strong></span> <span class='ocrx_word' id='word_1_14' title='bbox 2013 595 2140 642; x_wconf 88' lang='lat' dir='ltr'><strong>ante</strong></span> <span class='ocrx_word' id='word_1_15' title='bbox 2169 602 2389 658; x_wconf 88' lang='lat' dir='ltr'><strong>pergam</strong></span> <span class='ocrx_word' id='word_1_16' title='bbox 2419 603 2584 659; x_wconf 88' lang='lat' dir='ltr'><strong>opere</strong></span> <span class='ocrx_word' id='word_1_17' title='bbox 2607 590 2878 654; x_wconf 85' lang='lat' dir='ltr'><strong>instituto,</strong></span> <span class='ocrx_word' id='word_1_18' title='bbox 2907 604 3072 661; x_wconf 90' lang='lat' dir='ltr'><strong>quam</strong></span> <span class='ocrx_word' id='word_1_19' title='bbox 3099 587 3298 659; x_wconf 80' lang='lat' dir='ltr'><strong>prioris</strong></span> <span class='ocrx_word' id='word_1_20' title='bbox 3331 588 3437 647; x_wconf 91' lang='lat' dir='ltr'><strong>diei</strong></span> <span class='ocrx_word' id='word_1_21' title='bbox 3479 591 3699 650; x_wconf 84' lang='lat' dir='ltr'><strong>labores</strong></span> 
     </span>
    </p>
   </div>
   <div class='ocr_carea' id='block_1_3' title="bbox 438 681 3703 755">
    <p class='ocr_par' dir='ltr' id='par_1_3' title="bbox 438 681 3703 755">
     <span class='ocr_line' id='line_1_3' title="bbox 438 681 3703 755; baseline 0.001 -18"><span class='ocrx_word' id='word_1_22' title='bbox 438 698 832 755; x_wconf 86' lang='lat' dir='ltr'><strong>recognovcro,</strong></span> <span class='ocrx_word' id='word_1_23' title='bbox 867 692 923 740; x_wconf 92' lang='lat' dir='ltr'><strong>et</strong></span> <span class='ocrx_word' id='word_1_24' title='bbox 953 698 1128 754; x_wconf 88' lang='lat' dir='ltr'><strong>usque</strong></span> <span class='ocrx_word' id='word_1_25' title='bbox 1155 698 1220 739; x_wconf 90' lang='lat' dir='ltr'><strong>eo</strong></span> <span class='ocrx_word' id='word_1_26' title='bbox 1254 697 1566 750; x_wconf 76' lang='lat' dir='ltr'><strong>correxero,</strong></span> <span class='ocrx_word' id='word_1_27' title='bbox 1594 690 1654 736; x_wconf 91' lang='lat' dir='ltr'><strong>ut</strong></span> <span class='ocrx_word' id='word_1_28' title='bbox 1687 682 1871 736; x_wconf 88' lang='lat' dir='ltr'><strong>animo</strong></span> <span class='ocrx_word' id='word_1_29' title='bbox 1902 695 2024 736; x_wconf 89' lang='lat' dir='ltr'><strong>meo</strong></span> <span class='ocrx_word' id='word_1_30' title='bbox 2055 681 2237 751; x_wconf 89' lang='lat' dir='ltr'><strong>aliquo</strong></span> <span class='ocrx_word' id='word_1_31' title='bbox 2268 682 2431 737; x_wconf 91' lang='lat' dir='ltr'><strong>modo</strong></span> <span class='ocrx_word' id='word_1_32' title='bbox 2464 683 2717 740; x_wconf 88' lang='lat' dir='ltr'><strong>satisfiat.</strong></span> <span class='ocrx_word' id='word_1_33' title='bbox 2759 683 2837 738; x_wconf 82' lang='lat' dir='ltr'><strong>Ae</strong></span> <span class='ocrx_word' id='word_1_34' title='bbox 2866 697 3178 753; x_wconf 76' lang='lat' dir='ltr'><strong>quanquam</strong></span> <span class='ocrx_word' id='word_1_35' title='bbox 3206 682 3337 737; x_wconf 89' lang='lat' dir='ltr'><strong>mihi</strong></span> <span class='ocrx_word' id='word_1_36' title='bbox 3364 697 3469 738; x_wconf 90' lang='lat' dir='ltr'><strong>non</strong></span> <span class='ocrx_word' id='word_1_37' title='bbox 3491 685 3703 755; x_wconf 86' lang='lat' dir='ltr'><strong>ubique</strong></span> 
     </span>
    </p>
   </div>
   <div class='ocr_carea' id='block_1_4' title="bbox 434 773 3700 848">
    <p class='ocr_par' dir='ltr' id='par_1_4' title="bbox 434 773 3700 848">
     <span class='ocr_line' id='line_1_4' title="bbox 434 773 3700 848; baseline -0.001 -16"><span class='ocrx_word' id='word_1_38' title='bbox 434 776 676 832; x_wconf 73' lang='lat' dir='ltr'><strong>satisfeci</strong></span> <span class='ocrx_word' id='word_1_39' title='bbox 745 779 861 848; x_wconf 87' lang='lat' dir='ltr'><strong>(qui</strong></span> <span class='ocrx_word' id='word_1_40' title='bbox 903 777 1047 832; x_wconf 89' lang='lat' dir='ltr'><strong>enim</strong></span> <span class='ocrx_word' id='word_1_41' title='bbox 1079 775 1380 846; x_wconf 80' lang='lat' dir='ltr'><strong>potuissem</strong></span> <span class='ocrx_word' id='word_1_42' title='bbox 1412 775 1465 829; x_wconf 92' lang='lat' dir='ltr'><strong>in</strong></span> <span class='ocrx_word' id='word_1_43' title='bbox 1501 776 1570 831; x_wconf 91' lang='lat' dir='ltr'><strong>iis</strong></span> <span class='ocrx_word' id='word_1_44' title='bbox 1604 776 1766 840; x_wconf 89' lang='lat' dir='ltr'><strong>locis,</strong></span> <span class='ocrx_word' id='word_1_45' title='bbox 1791 775 1883 830; x_wconf 90' lang='lat' dir='ltr'><strong>ubi</strong></span> <span class='ocrx_word' id='word_1_46' title='bbox 1917 783 2178 845; x_wconf 88' lang='lat' dir='ltr'><strong>corrupto</strong></span> <span class='ocrx_word' id='word_1_47' title='bbox 2207 778 2425 844; x_wconf 75' lang='lat' dir='ltr'><strong>penitus</strong></span> <span class='ocrx_word' id='word_1_48' title='bbox 2453 791 2518 831; x_wconf 88' lang='lat' dir='ltr'><strong>ac</strong></span> <span class='ocrx_word' id='word_1_49' title='bbox 2545 776 2795 830; x_wconf 87' lang='lat' dir='ltr'><strong>mutilato</strong></span> <span class='ocrx_word' id='word_1_50' title='bbox 2825 775 3140 846; x_wconf 82' lang='lat' dir='ltr'><strong>apograpbo</strong></span> <span class='ocrx_word' id='word_1_51' title='bbox 3160 774 3510 844; x_wconf 74' lang='lat' dir='ltr'><strong>conjecturas</strong></span> <span class='ocrx_word' id='word_1_52' title='bbox 3538 773 3700 844; x_wconf 80' lang='lat' dir='ltr'><strong>sequi</strong></span> 
     </span>
    </p>
   </div>
   <div class='ocr_carea' id='block_1_5' title="bbox 441 867 3702 941">
    <p class='ocr_par' dir='ltr' id='par_1_5' title="bbox 441 867 3702 941">
     <span class='ocr_line' id='line_1_5' title="bbox 441 867 3702 941; baseline -0.001 -15"><span class='ocrx_word' id='word_1_53' title='bbox 441 885 667 927; x_wconf 88' lang='lat' dir='ltr'><strong>necesse</strong></span> <span class='ocrx_word' id='word_1_54' title='bbox 697 871 863 925; x_wconf 83' lang='lat' dir='ltr'><strong>habui</strong></span> <span class='ocrx_word' id='word_1_55' title='bbox 890 871 958 941; x_wconf 83' lang='lat'><strong>?),</strong></span> <span class='ocrx_word' id='word_1_56' title='bbox 992 869 1158 924; x_wconf 89' lang='lat' dir='ltr'><strong>malui</strong></span> <span class='ocrx_word' id='word_1_57' title='bbox 1192 876 1374 923; x_wconf 90' lang='lat' dir='ltr'><strong>tamen</strong></span> <span class='ocrx_word' id='word_1_58' title='bbox 1408 883 1468 924; x_wconf 90' lang='lat' dir='ltr'><strong>re</strong></span> <span class='ocrx_word' id='word_1_59' title='bbox 1493 877 1749 939; x_wconf 83' lang='lat' dir='ltr'><strong>suscepta</strong></span> <span class='ocrx_word' id='word_1_60' title='bbox 1784 869 1943 923; x_wconf 90' lang='lat' dir='ltr'><strong>fidem</strong></span> <span class='ocrx_word' id='word_1_61' title='bbox 1968 884 2148 923; x_wconf 90' lang='lat' dir='ltr'><strong>meam</strong></span> <span class='ocrx_word' id='word_1_62' title='bbox 2182 870 2440 933; x_wconf 90' lang='lat' dir='ltr'><strong>liberare,</strong></span> <span class='ocrx_word' id='word_1_63' title='bbox 2469 884 2572 925; x_wconf 90' lang='lat' dir='ltr'><strong>nec</strong></span> <span class='ocrx_word' id='word_1_64' title='bbox 2594 869 2876 925; x_wconf 80' lang='lat' dir='ltr'><strong>hominum</strong></span> <span class='ocrx_word' id='word_1_65' title='bbox 2904 869 3375 939; x_wconf 76' lang='lat' dir='ltr'><strong>exspectationem</strong></span> <span class='ocrx_word' id='word_1_66' title='bbox 3407 867 3702 939; x_wconf 56' lang='lat' dir='ltr'><strong>frustrari,</strong></span> 
     </span>
    </p>
   </div>
   <div class='ocr_carea' id='block_1_6' title="bbox 442 957 3705 1033">
    <p class='ocr_par' dir='ltr' id='par_1_6' title="bbox 442 957 3705 1033">
     <span class='ocr_line' id='line_1_6' title="bbox 442 957 3705 1033; baseline -0.002 -16"><span class='ocrx_word' id='word_1_67' title='bbox 442 970 498 1017; x_wconf 82' lang='lat' dir='ltr'><strong>et</strong></span> <span class='ocrx_word' id='word_1_68' title='bbox 536 962 741 1032; x_wconf 87' lang='lat' dir='ltr'><strong>aliquid</strong></span> <span class='ocrx_word' id='word_1_69' title='bbox 774 965 958 1033; x_wconf 82' lang='lat' dir='ltr'><strong>petius</strong></span> <span class='ocrx_word' id='word_1_70' title='bbox 983 961 1037 1014; x_wconf 92' lang='lat' dir='ltr'><strong>in</strong></span> <span class='ocrx_word' id='word_1_71' title='bbox 1077 968 1233 1029; x_wconf 89' lang='lat' dir='ltr'><strong>parte</strong></span> <span class='ocrx_word' id='word_1_72' title='bbox 1262 960 1468 1028; x_wconf 90' lang='lat' dir='ltr'><strong>operis,</strong></span> <span class='ocrx_word' id='word_1_73' title='bbox 1496 960 1641 1030; x_wconf 89' lang='lat' dir='ltr'><strong>quod</strong></span> <span class='ocrx_word' id='word_1_74' title='bbox 1677 959 1971 1030; x_wconf 83' lang='lat' dir='ltr'><strong>aliquando</strong></span> <span class='ocrx_word' id='word_1_75' title='bbox 2003 959 2298 1027; x_wconf 89' lang='lat' dir='ltr'><strong>sarciatur,</strong></span> <span class='ocrx_word' id='word_1_76' title='bbox 2352 959 2538 1014; x_wconf 90' lang='lat' dir='ltr'><strong>minus</strong></span> <span class='ocrx_word' id='word_1_77' title='bbox 2566 958 2809 1030; x_wconf 91' lang='lat' dir='ltr'><strong>probari,</strong></span> <span class='ocrx_word' id='word_1_78' title='bbox 2838 973 3001 1029; x_wconf 91' lang='lat' dir='ltr'><strong>quam</strong></span> <span class='ocrx_word' id='word_1_79' title='bbox 3036 966 3210 1013; x_wconf 90' lang='lat' dir='ltr'><strong>totum</strong></span> <span class='ocrx_word' id='word_1_80' title='bbox 3240 973 3380 1028; x_wconf 86' lang='lat' dir='ltr'><strong>opus</strong></span> <span class='ocrx_word' id='word_1_81' title='bbox 3418 957 3510 1013; x_wconf 89' lang='lat' dir='ltr'><strong>diu</strong></span> <span class='ocrx_word' id='word_1_82' title='bbox 3548 958 3705 1014; x_wconf 70' lang='lat' dir='ltr'><strong>dcslo</strong></span> 
     </span>
    </p>
   </div>
   <div class='ocr_carea' id='block_1_7' title="bbox 447 1048 3709 1121">
    <p class='ocr_par' dir='ltr' id='par_1_7' title="bbox 447 1048 3709 1121">
     <span class='ocr_line' id='line_1_7' title="bbox 447 1048 3709 1121; baseline -0.002 -11"><span class='ocrx_word' id='word_1_83' title='bbox 447 1057 653 1111; x_wconf 81' lang='lat' dir='ltr'><strong>tlerari.</strong></span> <span class='ocrx_word' id='word_1_84' title='bbox 687 1055 910 1109; x_wconf 86' lang='lat' dir='ltr'><strong>llabetis</strong></span> <span class='ocrx_word' id='word_1_85' title='bbox 951 1053 1113 1110; x_wconf 86' lang='lat' dir='ltr'><strong>simul</strong></span> <span class='ocrx_word' id='word_1_86' title='bbox 1149 1052 1442 1107; x_wconf 83' lang='lat' dir='ltr'><strong>consilium</strong></span> <span class='ocrx_word' id='word_1_87' title='bbox 1476 1067 1656 1106; x_wconf 91' lang='lat' dir='ltr'><strong>meum</strong></span> <span class='ocrx_word' id='word_1_88' title='bbox 1684 1051 1738 1106; x_wconf 92' lang='lat' dir='ltr'><strong>in</strong></span> <span class='ocrx_word' id='word_1_89' title='bbox 1773 1050 2122 1121; x_wconf 88' lang='lat' dir='ltr'><strong>suscipienda</strong></span> <span class='ocrx_word' id='word_1_90' title='bbox 2151 1066 2231 1117; x_wconf 90' lang='lat' dir='ltr'><strong>re,</strong></span> <span class='ocrx_word' id='word_1_91' title='bbox 2265 1060 2315 1106; x_wconf 92' lang='lat' dir='ltr'><strong>et</strong></span> <span class='ocrx_word' id='word_1_92' title='bbox 2354 1066 2414 1106; x_wconf 90' lang='lat' dir='ltr'><strong>re</strong></span> <span class='ocrx_word' id='word_1_93' title='bbox 2443 1058 2722 1120; x_wconf 87' lang='lat' dir='ltr'><strong>suscepta,</strong></span> <span class='ocrx_word' id='word_1_94' title='bbox 2752 1065 2979 1105; x_wconf 79' lang='lat' dir='ltr'><strong>causam</strong></span> <span class='ocrx_word' id='word_1_95' title='bbox 3010 1066 3108 1106; x_wconf 86' lang='lat' dir='ltr'><strong>cur</strong></span> <span class='ocrx_word' id='word_1_96' title='bbox 3138 1060 3247 1106; x_wconf 88' lang='lat' dir='ltr'><strong>tam</strong></span> <span class='ocrx_word' id='word_1_97' title='bbox 3282 1065 3409 1106; x_wconf 88' lang='lat' dir='ltr'><strong>sero</strong></span> <span class='ocrx_word' id='word_1_98' title='bbox 3435 1065 3573 1120; x_wconf 87' lang='lat' dir='ltr'><strong>opus</strong></span> <span class='ocrx_word' id='word_1_99' title='bbox 3605 1048 3709 1103; x_wconf 85' lang='lat' dir='ltr'><strong>ab-</strong></span> 
     </span>
    </p>
   </div>
   <div class='ocr_carea' id='block_1_8' title="bbox 441 1141 3711 1216">
    <p class='ocr_par' dir='ltr' id='par_1_8' title="bbox 441 1141 3711 1216">
     <span class='ocr_line' id='line_1_8' title="bbox 441 1141 3711 1216; baseline -0.001 -17"><span class='ocrx_word' id='word_1_100' title='bbox 441 1149 682 1205; x_wconf 77' lang='lat' dir='ltr'><strong>solutum</strong></span> <span class='ocrx_word' id='word_1_101' title='bbox 738 1154 903 1215; x_wconf 83' lang='lat' dir='ltr'><strong>atque</strong></span> <span class='ocrx_word' id='word_1_102' title='bbox 935 1144 1238 1216; x_wconf 88' lang='lat' dir='ltr'><strong>perfectum</strong></span> <span class='ocrx_word' id='word_1_103' title='bbox 1281 1143 1512 1214; x_wconf 85' lang='lat' dir='ltr'><strong>prodeat</strong></span> <span class='ocrx_word' id='word_1_104' title='bbox 1567 1143 1623 1198; x_wconf 90' lang='lat' dir='ltr'><strong>in</strong></span> <span class='ocrx_word' id='word_1_105' title='bbox 1677 1143 1876 1197; x_wconf 86' lang='lat' dir='ltr'><strong>lucem.</strong></span> <span class='ocrx_word' id='word_1_106' title='bbox 1925 1142 2060 1196; x_wconf 90' lang='lat' dir='ltr'><strong>Cum</strong></span> <span class='ocrx_word' id='word_1_107' title='bbox 2094 1143 2262 1213; x_wconf 79' lang='lat' dir='ltr'><strong>igitur</strong></span> <span class='ocrx_word' id='word_1_108' title='bbox 2296 1143 2447 1212; x_wconf 90' lang='lat' dir='ltr'><strong>operi</strong></span> <span class='ocrx_word' id='word_1_109' title='bbox 2476 1141 2588 1211; x_wconf 88' lang='lat' dir='ltr'><strong>jam</strong></span> <span class='ocrx_word' id='word_1_110' title='bbox 2626 1141 3019 1212; x_wconf 87' lang='lat' dir='ltr'><strong>propemodum</strong></span> <span class='ocrx_word' id='word_1_111' title='bbox 3055 1141 3182 1198; x_wconf 91' lang='lat' dir='ltr'><strong>finis</strong></span> <span class='ocrx_word' id='word_1_112' title='bbox 3210 1141 3503 1212; x_wconf 89' lang='lat' dir='ltr'><strong>impositus</strong></span> <span class='ocrx_word' id='word_1_113' title='bbox 3533 1147 3711 1208; x_wconf 82' lang='lat' dir='ltr'><strong>esset,</strong></span> 
     </span>
    </p>
   </div>
   <div class='ocr_carea' id='block_1_9' title="bbox 447 1232 3715 1305">
    <p class='ocr_par' dir='ltr' id='par_1_9' title="bbox 447 1232 3715 1305">
     <span class='ocr_line' id='line_1_9' title="bbox 447 1232 3715 1305; baseline -0.002 -14"><span class='ocrx_word' id='word_1_114' title='bbox 447 1247 611 1305; x_wconf 82' lang='lat' dir='ltr'><strong>atque</strong></span> <span class='ocrx_word' id='word_1_115' title='bbox 641 1250 742 1305; x_wconf 84' lang='lat' dir='ltr'><strong>ego</strong></span> <span class='ocrx_word' id='word_1_116' title='bbox 773 1249 986 1288; x_wconf 89' lang='lat' dir='ltr'><strong>meeum</strong></span> <span class='ocrx_word' id='word_1_117' title='bbox 1012 1234 1372 1289; x_wconf 82' lang='lat' dir='ltr'><strong>deliberarem</strong></span> <span class='ocrx_word' id='word_1_118' title='bbox 1398 1243 1564 1302; x_wconf 90' lang='lat' dir='ltr'><strong>atque</strong></span> <span class='ocrx_word' id='word_1_119' title='bbox 1587 1233 1959 1287; x_wconf 82' lang='lat' dir='ltr'><strong>consultarent</strong></span> <span class='ocrx_word' id='word_1_120' title='bbox 1991 1247 2154 1302; x_wconf 91' lang='lat' dir='ltr'><strong>quem</strong></span> <span class='ocrx_word' id='word_1_121' title='bbox 2191 1233 2276 1288; x_wconf 85' lang='lat' dir='ltr'><strong>his</strong></span> <span class='ocrx_word' id='word_1_122' title='bbox 2316 1232 2601 1286; x_wconf 83' lang='lat' dir='ltr'><strong>laboribus</strong></span> <span class='ocrx_word' id='word_1_123' title='bbox 2633 1232 2769 1288; x_wconf 87' lang='lat' dir='ltr'><strong>meis</strong></span> <span class='ocrx_word' id='word_1_124' title='bbox 2797 1232 3150 1301; x_wconf 90' lang='lat' dir='ltr'><strong>potissimum</strong></span> <span class='ocrx_word' id='word_1_125' title='bbox 3194 1232 3488 1303; x_wconf 88' lang='lat' dir='ltr'><strong>deligerem</strong></span> <span class='ocrx_word' id='word_1_126' title='bbox 3521 1242 3715 1301; x_wconf 78' lang='lat' dir='ltr'><strong>patre-</strong></span> 
     </span>
    </p>
   </div>
   <div class='ocr_carea' id='block_1_10' title="bbox 442 1320 3713 1394">
    <p class='ocr_par' dir='ltr' id='par_1_10' title="bbox 442 1320 3713 1394">
     <span class='ocr_line' id='line_1_10' title="bbox 442 1320 3713 1394; baseline -0.002 -13"><span class='ocrx_word' id='word_1_127' title='bbox 442 1343 596 1389; x_wconf 89' lang='lat' dir='ltr'><strong>uum,</strong></span> <span class='ocrx_word' id='word_1_128' title='bbox 632 1323 826 1380; x_wconf 84' lang='lat' dir='ltr'><strong>amicis</strong></span> <span class='ocrx_word' id='word_1_129' title='bbox 857 1323 981 1378; x_wconf 87' lang='lat' dir='ltr'><strong>aliis</strong></span> <span class='ocrx_word' id='word_1_130' title='bbox 1019 1323 1180 1387; x_wconf 89' lang='lat' dir='ltr'><strong>alios,</strong></span> <span class='ocrx_word' id='word_1_131' title='bbox 1199 1337 1405 1392; x_wconf 88' lang='lat' dir='ltr'><strong>eosque</strong></span> <span class='ocrx_word' id='word_1_132' title='bbox 1430 1321 1803 1394; x_wconf 88' lang='lat' dir='ltr'><strong>amplissimos</strong></span> <span class='ocrx_word' id='word_1_133' title='bbox 1822 1320 2044 1390; x_wconf 88' lang='lat' dir='ltr'><strong>quidem</strong></span> <span class='ocrx_word' id='word_1_134' title='bbox 2074 1321 2244 1388; x_wconf 88' lang='lat' dir='ltr'><strong>viros,</strong></span> <span class='ocrx_word' id='word_1_135' title='bbox 2273 1321 2368 1377; x_wconf 89' lang='lat' dir='ltr'><strong>sed</strong></span> <span class='ocrx_word' id='word_1_136' title='bbox 2399 1321 2728 1391; x_wconf 85' lang='lat' dir='ltr'><strong>quibuscum</strong></span> <span class='ocrx_word' id='word_1_137' title='bbox 2761 1322 2895 1377; x_wconf 82' lang='lat' dir='ltr'><strong>mihi</strong></span> <span class='ocrx_word' id='word_1_138' title='bbox 2917 1322 3063 1376; x_wconf 88' lang='lat' dir='ltr'><strong>nulla</strong></span> <span class='ocrx_word' id='word_1_139' title='bbox 3084 1322 3479 1393; x_wconf 87' lang='lat' dir='ltr'><strong>propemodum</strong></span> <span class='ocrx_word' id='word_1_140' title='bbox 3513 1322 3713 1377; x_wconf 83' lang='lat' dir='ltr'><strong>notitia</strong></span> 
     </span>
    </p>
   </div>
   <div class='ocr_carea' id='block_1_11' title="bbox 444 1417 3714 1491">
    <p class='ocr_par' dir='ltr' id='par_1_11' title="bbox 444 1417 3714 1491">
     <span class='ocr_line' id='line_1_11' title="bbox 444 1417 3714 1491; baseline -0.001 -17"><span class='ocrx_word' id='word_1_141' title='bbox 444 1420 838 1484; x_wconf 80' lang='lat' dir='ltr'><strong>intercederet.</strong></span> <span class='ocrx_word' id='word_1_142' title='bbox 899 1419 1381 1491; x_wconf 87' lang='lat' dir='ltr'><strong>proponentibus:</strong></span> <span class='ocrx_word' id='word_1_143' title='bbox 1441 1433 1543 1490; x_wconf 87' lang='lat' dir='ltr'><strong>ego</strong></span> <span class='ocrx_word' id='word_1_144' title='bbox 1594 1434 1720 1474; x_wconf 91' lang='lat' dir='ltr'><strong>cum</strong></span> <span class='ocrx_word' id='word_1_145' title='bbox 1783 1418 2026 1487; x_wconf 84' lang='lat' dir='ltr'><strong>ineptum</strong></span> <span class='ocrx_word' id='word_1_146' title='bbox 2068 1425 2124 1473; x_wconf 91' lang='lat' dir='ltr'><strong>et</strong></span> <span class='ocrx_word' id='word_1_147' title='bbox 2154 1418 2527 1487; x_wconf 90' lang='lat' dir='ltr'><strong>importunum</strong></span> <span class='ocrx_word' id='word_1_148' title='bbox 2562 1430 2687 1473; x_wconf 88' lang='lat' dir='ltr'><strong>esse</strong></span> <span class='ocrx_word' id='word_1_149' title='bbox 2728 1417 3066 1488; x_wconf 90' lang='lat' dir='ltr'><strong>judicabam,</strong></span> <span class='ocrx_word' id='word_1_150' title='bbox 3098 1432 3423 1488; x_wconf 85' lang='lat' dir='ltr'><strong>magnorum</strong></span> <span class='ocrx_word' id='word_1_151' title='bbox 3461 1417 3714 1471; x_wconf 86' lang='lat' dir='ltr'><strong>virorum</strong></span> 
     </span>
    </p>
   </div>
   <div class='ocr_carea' id='block_1_12' title="bbox 439 1510 3720 1586">
    <p class='ocr_par' dir='ltr' id='par_1_12' title="bbox 439 1510 3720 1586">
     <span class='ocr_line' id='line_1_12' title="bbox 439 1510 3720 1586; baseline -0.002 -16"><span class='ocrx_word' id='word_1_152' title='bbox 439 1529 746 1586; x_wconf 90' lang='lat' dir='ltr'><strong>eorumque</strong></span> <span class='ocrx_word' id='word_1_153' title='bbox 773 1515 1108 1584; x_wconf 87' lang='lat' dir='ltr'><strong>ignotorum,</strong></span> <span class='ocrx_word' id='word_1_154' title='bbox 1134 1520 1189 1567; x_wconf 93' lang='lat' dir='ltr'><strong>et</strong></span> <span class='ocrx_word' id='word_1_155' title='bbox 1216 1512 1284 1567; x_wconf 86' lang='lat' dir='ltr'><strong>ad</strong></span> <span class='ocrx_word' id='word_1_156' title='bbox 1317 1528 1457 1583; x_wconf 91' lang='lat' dir='ltr'><strong>quos</strong></span> <span class='ocrx_word' id='word_1_157' title='bbox 1487 1513 1696 1568; x_wconf 87' lang='lat' dir='ltr'><strong>nullum</strong></span> <span class='ocrx_word' id='word_1_158' title='bbox 1736 1511 1864 1581; x_wconf 82' lang='lat' dir='ltr'><strong>quis</strong></span> <span class='ocrx_word' id='word_1_159' title='bbox 1890 1510 2096 1566; x_wconf 88' lang='lat' dir='ltr'><strong>aditum</strong></span> <span class='ocrx_word' id='word_1_160' title='bbox 2133 1511 2349 1575; x_wconf 87' lang='lat' dir='ltr'><strong>habeat,</strong></span> <span class='ocrx_word' id='word_1_161' title='bbox 2386 1512 2660 1566; x_wconf 82' lang='lat' dir='ltr'><strong>amicitias</strong></span> <span class='ocrx_word' id='word_1_162' title='bbox 2693 1518 2969 1581; x_wconf 89' lang='lat' dir='ltr'><strong>appetere,</strong></span> <span class='ocrx_word' id='word_1_163' title='bbox 3002 1525 3067 1566; x_wconf 87' lang='lat' dir='ltr'><strong>ac</strong></span> <span class='ocrx_word' id='word_1_164' title='bbox 3097 1525 3220 1567; x_wconf 86' lang='lat' dir='ltr'><strong>sese</strong></span> <span class='ocrx_word' id='word_1_165' title='bbox 3255 1526 3365 1566; x_wconf 94' lang='lat' dir='ltr'><strong>non</strong></span> <span class='ocrx_word' id='word_1_166' title='bbox 3398 1510 3564 1565; x_wconf 89' lang='lat' dir='ltr'><strong>modo</strong></span> <span class='ocrx_word' id='word_1_167' title='bbox 3589 1526 3720 1566; x_wconf 90' lang='lat' dir='ltr'><strong>ser-</strong></span> 
     </span>
    </p>
   </div>
   <div class='ocr_carea' id='block_1_13' title="bbox 444 1603 3723 1674">
    <p class='ocr_par' dir='ltr' id='par_1_13' title="bbox 444 1603 3723 1674">
     <span class='ocr_line' id='line_1_13' title="bbox 444 1603 3723 1674; baseline 0 -18"><span class='ocrx_word' id='word_1_168' title='bbox 444 1605 645 1669; x_wconf 81' lang='lat' dir='ltr'><strong>viliter,</strong></span> <span class='ocrx_word' id='word_1_169' title='bbox 674 1619 861 1658; x_wconf 89' lang='lat' dir='ltr'><strong>verum</strong></span> <span class='ocrx_word' id='word_1_170' title='bbox 901 1605 1068 1659; x_wconf 90' lang='lat' dir='ltr'><strong>etiam</strong></span> <span class='ocrx_word' id='word_1_171' title='bbox 1102 1605 1450 1674; x_wconf 88' lang='lat' dir='ltr'><strong>impudenter</strong></span> <span class='ocrx_word' id='word_1_172' title='bbox 1477 1604 1766 1659; x_wconf 87' lang='lat' dir='ltr'><strong>insinuare</strong></span> <span class='ocrx_word' id='word_1_173' title='bbox 1799 1621 1813 1657; x_wconf 91' lang='lat'><strong>:</strong></span> <span class='ocrx_word' id='word_1_174' title='bbox 1840 1612 1954 1658; x_wconf 90' lang='lat' dir='ltr'><strong>tum</strong></span> <span class='ocrx_word' id='word_1_175' title='bbox 1987 1618 2125 1658; x_wconf 73' lang='lat' dir='ltr'><strong>meae</strong></span> <span class='ocrx_word' id='word_1_176' title='bbox 2156 1611 2370 1657; x_wconf 71' lang='lat' dir='ltr'><strong>natura:</strong></span> <span class='ocrx_word' id='word_1_177' title='bbox 2398 1612 2567 1673; x_wconf 90' lang='lat' dir='ltr'><strong>atque</strong></span> <span class='ocrx_word' id='word_1_178' title='bbox 2612 1603 2834 1674; x_wconf 88' lang='lat' dir='ltr'><strong>ingenio</strong></span> <span class='ocrx_word' id='word_1_179' title='bbox 2863 1603 3117 1658; x_wconf 80' lang='lat' dir='ltr'><strong>videbam</strong></span> <span class='ocrx_word' id='word_1_180' title='bbox 3156 1616 3270 1657; x_wconf 90' lang='lat' dir='ltr'><strong>rem</strong></span> <span class='ocrx_word' id='word_1_181' title='bbox 3316 1618 3441 1659; x_wconf 85' lang='lat' dir='ltr'><strong>esse</strong></span> <span class='ocrx_word' id='word_1_182' title='bbox 3472 1604 3723 1659; x_wconf 71' lang='lat' dir='ltr'><strong>maxime</strong></span> 
     </span>
    </p>
   </div>
   <div class='ocr_carea' id='block_1_14' title="bbox 446 1701 3723 1774">
    <p class='ocr_par' dir='ltr' id='par_1_14' title="bbox 446 1701 3723 1774">
     <span class='ocr_line' id='line_1_14' title="bbox 446 1701 3723 1774; baseline -0.001 -19"><span class='ocrx_word' id='word_1_183' title='bbox 446 1701 735 1758; x_wconf 82' lang='lat' dir='ltr'><strong>adversam</strong></span> <span class='ocrx_word' id='word_1_184' title='bbox 765 1710 820 1757; x_wconf 86' lang='lat' dir='ltr'><strong>ct</strong></span> <span class='ocrx_word' id='word_1_185' title='bbox 848 1703 1151 1759; x_wconf 89' lang='lat' dir='ltr'><strong>inimicam.</strong></span> <span class='ocrx_word' id='word_1_186' title='bbox 1180 1703 1362 1774; x_wconf 85' lang='lat' dir='ltr'><strong>Atque</strong></span> <span class='ocrx_word' id='word_1_187' title='bbox 1395 1703 1544 1759; x_wconf 89' lang='lat' dir='ltr'><strong>baud</strong></span> <span class='ocrx_word' id='word_1_188' title='bbox 1576 1703 1896 1774; x_wconf 74' lang='lat' dir='ltr'><strong>ignorabam</strong></span> <span class='ocrx_word' id='word_1_189' title='bbox 1919 1717 2034 1768; x_wconf 89' lang='lat' dir='ltr'><strong>eos,</strong></span> <span class='ocrx_word' id='word_1_190' title='bbox 2072 1703 2273 1773; x_wconf 89' lang='lat' dir='ltr'><strong>quibus</strong></span> <span class='ocrx_word' id='word_1_191' title='bbox 2316 1703 2520 1773; x_wconf 87' lang='lat' dir='ltr'><strong>ignotis</strong></span> <span class='ocrx_word' id='word_1_192' title='bbox 2555 1701 2823 1772; x_wconf 86' lang='lat' dir='ltr'><strong>ejusmodi</strong></span> <span class='ocrx_word' id='word_1_193' title='bbox 2856 1702 3035 1758; x_wconf 87' lang='lat' dir='ltr'><strong>honos</strong></span> <span class='ocrx_word' id='word_1_194' title='bbox 3067 1701 3326 1767; x_wconf 86' lang='lat' dir='ltr'><strong>habetur,</strong></span> <span class='ocrx_word' id='word_1_195' title='bbox 3357 1714 3469 1754; x_wconf 88' lang='lat' dir='ltr'><strong>non</strong></span> <span class='ocrx_word' id='word_1_196' title='bbox 3501 1701 3723 1770; x_wconf 79' lang='lat' dir='ltr'><strong>absque</strong></span> 
     </span>
    </p>
   </div>
   <div class='ocr_carea' id='block_1_15' title="bbox 447 1794 3723 1868">
    <p class='ocr_par' dir='ltr' id='par_1_15' title="bbox 447 1794 3723 1868">
     <span class='ocr_line' id='line_1_15' title="bbox 447 1794 3723 1868; baseline -0.001 -16"><span class='ocrx_word' id='word_1_197' title='bbox 447 1813 615 1854; x_wconf 88' lang='lat' dir='ltr'><strong>causa</strong></span> <span class='ocrx_word' id='word_1_198' title='bbox 642 1798 915 1868; x_wconf 91' lang='lat' dir='ltr'><strong>suspicari</strong></span> <span class='ocrx_word' id='word_1_199' title='bbox 945 1799 1124 1854; x_wconf 91' lang='lat' dir='ltr'><strong>solere</strong></span> <span class='ocrx_word' id='word_1_200' title='bbox 1157 1814 1313 1854; x_wconf 89' lang='lat' dir='ltr'><strong>suam</strong></span> <span class='ocrx_word' id='word_1_201' title='bbox 1338 1798 1407 1853; x_wconf 90' lang='lat' dir='ltr'><strong>ab</strong></span> <span class='ocrx_word' id='word_1_202' title='bbox 1438 1797 1758 1854; x_wconf 90' lang='lat' dir='ltr'><strong>hominibus</strong></span> <span class='ocrx_word' id='word_1_203' title='bbox 1786 1798 2118 1868; x_wconf 87' lang='lat' dir='ltr'><strong>importunis</strong></span> <span class='ocrx_word' id='word_1_204' title='bbox 2150 1797 2584 1852; x_wconf 83' lang='lat' dir='ltr'><strong>munificentiam</strong></span> <span class='ocrx_word' id='word_1_205' title='bbox 2617 1807 2788 1868; x_wconf 89' lang='lat' dir='ltr'><strong>atque</strong></span> <span class='ocrx_word' id='word_1_206' title='bbox 2812 1797 3192 1853; x_wconf 84' lang='lat' dir='ltr'><strong>liberalitatem</strong></span> <span class='ocrx_word' id='word_1_207' title='bbox 3239 1795 3523 1852; x_wconf 82' lang='lat' dir='ltr'><strong>sollicitari</strong></span> <span class='ocrx_word' id='word_1_208' title='bbox 3556 1811 3576 1851; x_wconf 85' lang='lat'><strong>:</strong></span> <span class='ocrx_word' id='word_1_209' title='bbox 3616 1794 3723 1850; x_wconf 81' lang='lat' dir='ltr'><strong>scd</strong></span> 
     </span>
    </p>
   </div>
   <div class='ocr_carea' id='block_1_16' title="bbox 448 1888 3723 1961">
    <p class='ocr_par' dir='ltr' id='par_1_16' title="bbox 448 1888 3723 1961">
     <span class='ocr_line' id='line_1_16' title="bbox 448 1888 3723 1961; baseline -0.001 -18"><span class='ocrx_word' id='word_1_210' title='bbox 448 1891 493 1943; x_wconf 84' lang='lat' dir='ltr'><strong>si</strong></span> <span class='ocrx_word' id='word_1_211' title='bbox 526 1893 651 1961; x_wconf 88' lang='lat' dir='ltr'><strong>quis</strong></span> <span class='ocrx_word' id='word_1_212' title='bbox 684 1892 951 1946; x_wconf 86' lang='lat' dir='ltr'><strong>beneficio</strong></span> <span class='ocrx_word' id='word_1_213' title='bbox 981 1891 1210 1948; x_wconf 79' lang='lat' dir='ltr'><strong>affectus</strong></span> <span class='ocrx_word' id='word_1_214' title='bbox 1236 1891 1403 1945; x_wconf 87' lang='lat' dir='ltr'><strong>animi</strong></span> <span class='ocrx_word' id='word_1_215' title='bbox 1446 1890 1533 1947; x_wconf 90' lang='lat' dir='ltr'><strong>sui</strong></span> <span class='ocrx_word' id='word_1_216' title='bbox 1568 1891 1958 1960; x_wconf 83' lang='lat' dir='ltr'><strong>gratitudinem</strong></span> <span class='ocrx_word' id='word_1_217' title='bbox 1989 1890 2274 1947; x_wconf 82' lang='lat' dir='ltr'><strong>declarare</strong></span> <span class='ocrx_word' id='word_1_218' title='bbox 2296 1890 2534 1956; x_wconf 86' lang='lat' dir='ltr'><strong>studeat,</strong></span> <span class='ocrx_word' id='word_1_219' title='bbox 2553 1906 2678 1946; x_wconf 90' lang='lat' dir='ltr'><strong>eum</strong></span> <span class='ocrx_word' id='word_1_220' title='bbox 2720 1905 2830 1945; x_wconf 91' lang='lat' dir='ltr'><strong>non</strong></span> <span class='ocrx_word' id='word_1_221' title='bbox 2866 1889 3030 1945; x_wconf 86' lang='lat' dir='ltr'><strong>modo</strong></span> <span class='ocrx_word' id='word_1_222' title='bbox 3063 1905 3172 1944; x_wconf 92' lang='lat' dir='ltr'><strong>non</strong></span> <span class='ocrx_word' id='word_1_223' title='bbox 3201 1888 3502 1954; x_wconf 75' lang='lat' dir='ltr'><strong>offendere,</strong></span> <span class='ocrx_word' id='word_1_224' title='bbox 3525 1901 3723 1943; x_wconf 81' lang='lat' dir='ltr'><strong>verum</strong></span> 
     </span>
    </p>
   </div>
   <div class='ocr_carea' id='block_1_17' title="bbox 447 1980 3727 2053">
    <p class='ocr_par' dir='ltr' id='par_1_17' title="bbox 447 1980 3727 2053">
     <span class='ocr_line' id='line_1_17' title="bbox 447 1980 3727 2053; baseline -0 -18"><span class='ocrx_word' id='word_1_225' title='bbox 447 1983 613 2037; x_wconf 91' lang='lat' dir='ltr'><strong>etiam</strong></span> <span class='ocrx_word' id='word_1_226' title='bbox 644 1982 881 2050; x_wconf 90' lang='lat' dir='ltr'><strong>laudem,</strong></span> <span class='ocrx_word' id='word_1_227' title='bbox 911 1983 956 2038; x_wconf 89' lang='lat' dir='ltr'><strong>si</strong></span> <span class='ocrx_word' id='word_1_228' title='bbox 978 1983 1114 2037; x_wconf 87' lang='lat' dir='ltr'><strong>nihil</strong></span> <span class='ocrx_word' id='word_1_229' title='bbox 1139 1981 1285 2037; x_wconf 87' lang='lat' dir='ltr'><strong>aliud</strong></span> <span class='ocrx_word' id='word_1_230' title='bbox 1321 1982 1585 2053; x_wconf 76' lang='lat' dir='ltr'><strong>proficiat,</strong></span> <span class='ocrx_word' id='word_1_231' title='bbox 1613 1983 1681 2037; x_wconf 90' lang='lat' dir='ltr'><strong>ab</strong></span> <span class='ocrx_word' id='word_1_232' title='bbox 1716 1982 2034 2038; x_wconf 90' lang='lat' dir='ltr'><strong>hominibus</strong></span> <span class='ocrx_word' id='word_1_233' title='bbox 2059 1981 2202 2036; x_wconf 86' lang='lat' dir='ltr'><strong>ferre</strong></span> <span class='ocrx_word' id='word_1_234' title='bbox 2230 1983 2428 2038; x_wconf 90' lang='lat' dir='ltr'><strong>solere.</strong></span> <span class='ocrx_word' id='word_1_235' title='bbox 2458 1980 2592 2048; x_wconf 70' lang='lat' dir='ltr'><strong>Qua:</strong></span> <span class='ocrx_word' id='word_1_236' title='bbox 2620 1997 2744 2036; x_wconf 88' lang='lat' dir='ltr'><strong>cum</strong></span> <span class='ocrx_word' id='word_1_237' title='bbox 2774 1982 2958 2037; x_wconf 88' lang='lat' dir='ltr'><strong>animo</strong></span> <span class='ocrx_word' id='word_1_238' title='bbox 2979 1983 3266 2052; x_wconf 83' lang='lat' dir='ltr'><strong>agitarem,</strong></span> <span class='ocrx_word' id='word_1_239' title='bbox 3298 1989 3466 2052; x_wconf 90' lang='lat' dir='ltr'><strong>atque</strong></span> <span class='ocrx_word' id='word_1_240' title='bbox 3498 1980 3727 2051; x_wconf 86' lang='lat' dir='ltr'><strong>perple-</strong></span> 
     </span>
    </p>
   </div>
   <div class='ocr_carea' id='block_1_18' title="bbox 448 2075 3718 2149">
    <p class='ocr_par' dir='ltr' id='par_1_18' title="bbox 448 2075 3718 2149">
     <span class='ocr_line' id='line_1_18' title="bbox 448 2075 3718 2149; baseline 0.001 -20"><span class='ocrx_word' id='word_1_241' title='bbox 448 2090 554 2130; x_wconf 78' lang='lat' dir='ltr'><strong>xus</strong></span> <span class='ocrx_word' id='word_1_242' title='bbox 588 2075 849 2133; x_wconf 75' lang='lat' dir='ltr'><strong>luererem</strong></span> <span class='ocrx_word' id='word_1_243' title='bbox 880 2076 970 2131; x_wconf 90' lang='lat' dir='ltr'><strong>cui</strong></span> <span class='ocrx_word' id='word_1_244' title='bbox 1004 2075 1103 2132; x_wconf 92' lang='lat' dir='ltr'><strong>hos</strong></span> <span class='ocrx_word' id='word_1_245' title='bbox 1137 2091 1290 2132; x_wconf 89' lang='lat' dir='ltr'><strong>meos</strong></span> <span class='ocrx_word' id='word_1_246' title='bbox 1342 2076 1564 2132; x_wconf 86' lang='lat' dir='ltr'><strong>labores</strong></span> <span class='ocrx_word' id='word_1_247' title='bbox 1594 2075 1802 2147; x_wconf 89' lang='lat' dir='ltr'><strong>absque</strong></span> <span class='ocrx_word' id='word_1_248' title='bbox 1825 2075 2134 2149; x_wconf 82' lang='lat' dir='ltr'><strong>otl‘ensione</strong></span> <span class='ocrx_word' id='word_1_249' title='bbox 2188 2087 2356 2149; x_wconf 88' lang='lat' dir='ltr'><strong>atque</strong></span> <span class='ocrx_word' id='word_1_250' title='bbox 2403 2078 2807 2133; x_wconf 88' lang='lat' dir='ltr'><strong>obtrectatione</strong></span> <span class='ocrx_word' id='word_1_251' title='bbox 2835 2078 3157 2147; x_wconf 75' lang='lat' dir='ltr'><strong>cuiusquam</strong></span> <span class='ocrx_word' id='word_1_252' title='bbox 3214 2077 3526 2133; x_wconf 85' lang='lat' dir='ltr'><strong>dedicarem</strong></span> <span class='ocrx_word' id='word_1_253' title='bbox 3577 2076 3718 2148; x_wconf 91' lang='lat' dir='ltr'><strong>(non</strong></span> 
     </span>
    </p>
   </div>
   <div class='ocr_carea' id='block_1_19' title="bbox 450 2152 3720 2239">
    <p class='ocr_par' dir='ltr' id='par_1_19' title="bbox 450 2152 3720 2239">
     <span class='ocr_line' id='line_1_19' title="bbox 450 2152 3720 2239; baseline 0.002 -22"><span class='ocrx_word' id='word_1_254' title='bbox 450 2166 596 2220; x_wconf 80' lang='lat' dir='ltr'><strong>enim</strong></span> <span class='ocrx_word' id='word_1_255' title='bbox 631 2165 928 2222; x_wconf 88' lang='lat' dir='ltr'><strong>convenire</strong></span> <span class='ocrx_word' id='word_1_256' title='bbox 953 2180 1054 2221; x_wconf 88' lang='lat' dir='ltr'><strong>nec</strong></span> <span class='ocrx_word' id='word_1_257' title='bbox 1079 2167 1337 2238; x_wconf 76' lang='lat' dir='ltr'><strong>expedire</strong></span> <span class='ocrx_word' id='word_1_258' title='bbox 1364 2167 1673 2232; x_wconf 83' lang='lat' dir='ltr'><strong>videbatur,</strong></span> <span class='ocrx_word' id='word_1_259' title='bbox 1691 2167 1894 2222; x_wconf 90' lang='lat' dir='ltr'><strong>librum</strong></span> <span class='ocrx_word' id='word_1_260' title='bbox 1919 2167 2130 2239; x_wconf 87' lang='lat' dir='ltr'><strong>absque</strong></span> <span class='ocrx_word' id='word_1_261' title='bbox 2159 2177 2392 2239; x_wconf 89' lang='lat' dir='ltr'><strong>patrono</strong></span> <span class='ocrx_word' id='word_1_262' title='bbox 2411 2176 2574 2238; x_wconf 90' lang='lat' dir='ltr'><strong>atque</strong></span> <span class='ocrx_word' id='word_1_263' title='bbox 2600 2167 2892 2224; x_wconf 83' lang='lat' dir='ltr'><strong>defensore</strong></span> <span class='ocrx_word' id='word_1_264' title='bbox 2912 2168 3174 2238; x_wconf 86' lang='lat' dir='ltr'><strong>judicium</strong></span> <span class='ocrx_word' id='word_1_265' title='bbox 3196 2152 3474 2225; x_wconf 85' lang='lat' dir='ltr'><strong>hominum</strong></span> <span class='ocrx_word' id='word_1_266' title='bbox 3503 2168 3720 2227; x_wconf 87' lang='lat' dir='ltr'><strong>subire.</strong></span> 
     </span>
    </p>
   </div>
   <div class='ocr_carea' id='block_1_20' title="bbox 452 2262 3717 2336">
    <p class='ocr_par' dir='ltr' id='par_1_20' title="bbox 452 2262 3717 2336">
     <span class='ocr_line' id='line_1_20' title="bbox 452 2262 3717 2336; baseline 0.002 -23"><span class='ocrx_word' id='word_1_267' title='bbox 452 2263 760 2332; x_wconf 64' lang='lat' dir='ltr'><strong>praesertim</strong></span> <span class='ocrx_word' id='word_1_268' title='bbox 792 2262 954 2332; x_wconf 90' lang='lat' dir='ltr'><strong>cujus</strong></span> <span class='ocrx_word' id='word_1_269' title='bbox 991 2272 1187 2318; x_wconf 87' lang='lat' dir='ltr'><strong>auctor</strong></span> <span class='ocrx_word' id='word_1_270' title='bbox 1214 2264 1380 2318; x_wconf 88' lang='lat' dir='ltr'><strong>etiam</strong></span> <span class='ocrx_word' id='word_1_271' title='bbox 1412 2277 1562 2319; x_wconf 90' lang='lat' dir='ltr'><strong>nunc</strong></span> <span class='ocrx_word' id='word_1_272' title='bbox 1589 2270 1905 2333; x_wconf 87' lang='lat' dir='ltr'><strong>superesset</strong></span> <span class='ocrx_word' id='word_1_273' title='bbox 1934 2281 1950 2318; x_wconf 88' lang='lat'><strong>:</strong></span> <span class='ocrx_word' id='word_1_274' title='bbox 1999 2266 2201 2335; x_wconf 81' lang='lat' dir='ltr'><strong>quippe</strong></span> <span class='ocrx_word' id='word_1_275' title='bbox 2229 2279 2354 2320; x_wconf 92' lang='lat' dir='ltr'><strong>cum</strong></span> <span class='ocrx_word' id='word_1_276' title='bbox 2410 2264 2516 2319; x_wconf 82' lang='lat' dir='ltr'><strong>vivi</strong></span> <span class='ocrx_word' id='word_1_277' title='bbox 2573 2266 2750 2336; x_wconf 87' lang='lat' dir='ltr'><strong>magis</strong></span> <span class='ocrx_word' id='word_1_278' title='bbox 2796 2280 2957 2336; x_wconf 88' lang='lat' dir='ltr'><strong>quam</strong></span> <span class='ocrx_word' id='word_1_279' title='bbox 3006 2265 3206 2319; x_wconf 89' lang='lat' dir='ltr'><strong>mortui</strong></span> <span class='ocrx_word' id='word_1_280' title='bbox 3240 2265 3461 2320; x_wconf 74' lang='lat' dir='ltr'><strong>invidiae</strong></span> <span class='ocrx_word' id='word_1_281' title='bbox 3490 2265 3717 2321; x_wconf 79' lang='lat' dir='ltr'><strong>obnoxii</strong></span> 
     </span>
    </p>
   </div>
   <div class='ocr_carea' id='block_1_21' title="bbox 451 2356 3726 2429">
    <p class='ocr_par' dir='ltr' id='par_1_21' title="bbox 451 2356 3726 2429">
     <span class='ocr_line' id='line_1_21' title="bbox 451 2356 3726 2429; baseline 0.002 -22"><span class='ocrx_word' id='word_1_282' title='bbox 451 2356 624 2410; x_wconf 89' lang='lat' dir='ltr'><strong>simus</strong></span> <span class='ocrx_word' id='word_1_283' title='bbox 647 2365 707 2408; x_wconf 90' lang='lat' dir='ltr'><strong>et</strong></span> <span class='ocrx_word' id='word_1_284' title='bbox 732 2356 1174 2411; x_wconf 86' lang='lat' dir='ltr'><strong>obtrectantibus</strong></span> <span class='ocrx_word' id='word_1_285' title='bbox 1198 2356 1542 2428; x_wconf 81' lang='lat' dir='ltr'><strong>Opportuni),</strong></span> <span class='ocrx_word' id='word_1_286' title='bbox 1577 2370 1677 2413; x_wconf 86' lang='lat' dir='ltr'><strong>vos</strong></span> <span class='ocrx_word' id='word_1_287' title='bbox 1705 2357 1837 2411; x_wconf 89' lang='lat' dir='ltr'><strong>mihi</strong></span> <span class='ocrx_word' id='word_1_288' title='bbox 1863 2356 1918 2412; x_wconf 92' lang='lat' dir='ltr'><strong>in</strong></span> <span class='ocrx_word' id='word_1_289' title='bbox 1948 2358 2167 2429; x_wconf 86' lang='lat' dir='ltr'><strong>primis,</strong></span> <span class='ocrx_word' id='word_1_290' title='bbox 2195 2367 2253 2414; x_wconf 92' lang='lat' dir='ltr'><strong>ut</strong></span> <span class='ocrx_word' id='word_1_291' title='bbox 2281 2374 2380 2429; x_wconf 91' lang='lat' dir='ltr'><strong>par</strong></span> <span class='ocrx_word' id='word_1_292' title='bbox 2408 2366 2515 2423; x_wconf 89' lang='lat' dir='ltr'><strong>est,</strong></span> <span class='ocrx_word' id='word_1_293' title='bbox 2546 2360 2601 2414; x_wconf 91' lang='lat' dir='ltr'><strong>in</strong></span> <span class='ocrx_word' id='word_1_294' title='bbox 2631 2370 2871 2414; x_wconf 89' lang='lat' dir='ltr'><strong>mentem</strong></span> <span class='ocrx_word' id='word_1_295' title='bbox 2896 2358 3149 2425; x_wconf 87' lang='lat' dir='ltr'><strong>venistis,</strong></span> <span class='ocrx_word' id='word_1_296' title='bbox 3186 2359 3384 2428; x_wconf 90' lang='lat' dir='ltr'><strong>quibus</strong></span> <span class='ocrx_word' id='word_1_297' title='bbox 3417 2374 3525 2413; x_wconf 93' lang='lat' dir='ltr'><strong>non</strong></span> <span class='ocrx_word' id='word_1_298' title='bbox 3557 2360 3726 2417; x_wconf 89' lang='lat' dir='ltr'><strong>modo</strong></span> 
     </span>
    </p>
   </div>
   <div class='ocr_carea' id='block_1_22' title="bbox 453 2439 3724 2523">
    <p class='ocr_par' dir='ltr' id='par_1_22' title="bbox 453 2439 3724 2523">
     <span class='ocr_line' id='line_1_22' title="bbox 453 2439 3724 2523; baseline 0.001 -21"><span class='ocrx_word' id='word_1_299' title='bbox 453 2454 682 2519; x_wconf 85' lang='lat' dir='ltr'><strong>propter</strong></span> <span class='ocrx_word' id='word_1_300' title='bbox 709 2458 917 2514; x_wconf 85' lang='lat' dir='ltr'><strong>vetera,</strong></span> <span class='ocrx_word' id='word_1_301' title='bbox 943 2464 1131 2503; x_wconf 89' lang='lat' dir='ltr'><strong>verum</strong></span> <span class='ocrx_word' id='word_1_302' title='bbox 1169 2450 1335 2504; x_wconf 90' lang='lat' dir='ltr'><strong>etiam</strong></span> <span class='ocrx_word' id='word_1_303' title='bbox 1372 2450 1444 2505; x_wconf 93' lang='lat' dir='ltr'><strong>ob</strong></span> <span class='ocrx_word' id='word_1_304' title='bbox 1472 2439 1715 2505; x_wconf 75' lang='lat' dir='ltr'><strong>recentia</strong></span> <span class='ocrx_word' id='word_1_305' title='bbox 1750 2451 1970 2516; x_wconf 89' lang='lat' dir='ltr'><strong>merita,</strong></span> <span class='ocrx_word' id='word_1_306' title='bbox 2021 2453 2137 2507; x_wconf 93' lang='lat' dir='ltr'><strong>imo</strong></span> <span class='ocrx_word' id='word_1_307' title='bbox 2182 2468 2317 2508; x_wconf 90' lang='lat' dir='ltr'><strong>vero</strong></span> <span class='ocrx_word' id='word_1_308' title='bbox 2349 2459 2575 2523; x_wconf 83' lang='lat' dir='ltr'><strong>prepter</strong></span> <span class='ocrx_word' id='word_1_309' title='bbox 2609 2460 2930 2523; x_wconf 86' lang='lat' dir='ltr'><strong>perpetuam</strong></span> <span class='ocrx_word' id='word_1_310' title='bbox 2975 2466 3104 2520; x_wconf 82' lang='lat' dir='ltr'><strong>erga</strong></span> <span class='ocrx_word' id='word_1_311' title='bbox 3152 2465 3237 2505; x_wconf 90' lang='lat' dir='ltr'><strong>me</strong></span> <span class='ocrx_word' id='word_1_312' title='bbox 3296 2448 3724 2506; x_wconf 83' lang='lat' dir='ltr'><strong>beneficentiam</strong></span> 
     </span>
    </p>
   </div>
   <div class='ocr_carea' id='block_1_23' title="bbox 454 2540 3728 2613">
    <p class='ocr_par' dir='ltr' id='par_1_23' title="bbox 454 2540 3728 2613">
     <span class='ocr_line' id='line_1_23' title="bbox 454 2540 3728 2613; baseline 0.001 -23"><span class='ocrx_word' id='word_1_313' title='bbox 454 2548 619 2608; x_wconf 86' lang='lat' dir='ltr'><strong>atque</strong></span> <span class='ocrx_word' id='word_1_314' title='bbox 647 2540 1044 2605; x_wconf 87' lang='lat' dir='ltr'><strong>liberalitatem,</strong></span> <span class='ocrx_word' id='word_1_315' title='bbox 1075 2542 1318 2595; x_wconf 86' lang='lat' dir='ltr'><strong>omnium</strong></span> <span class='ocrx_word' id='word_1_316' title='bbox 1349 2540 1507 2611; x_wconf 89' lang='lat' dir='ltr'><strong>longe</strong></span> <span class='ocrx_word' id='word_1_317' title='bbox 1536 2542 1835 2612; x_wconf 89' lang='lat' dir='ltr'><strong>plurimum</strong></span> <span class='ocrx_word' id='word_1_318' title='bbox 1879 2540 2157 2597; x_wconf 84' lang='lat' dir='ltr'><strong>deberem.</strong></span> <span class='ocrx_word' id='word_1_319' title='bbox 2187 2543 2306 2598; x_wconf 86' lang='lat' dir='ltr'><strong>Non</strong></span> <span class='ocrx_word' id='word_1_320' title='bbox 2358 2559 2444 2598; x_wconf 94' lang='lat' dir='ltr'><strong>me</strong></span> <span class='ocrx_word' id='word_1_321' title='bbox 2489 2543 2754 2613; x_wconf 69' lang='lat' dir='ltr'><strong>praeterit,</strong></span> <span class='ocrx_word' id='word_1_322' title='bbox 2815 2541 3051 2597; x_wconf 86' lang='lat' dir='ltr'><strong>auribus</strong></span> <span class='ocrx_word' id='word_1_323' title='bbox 3108 2542 3305 2597; x_wconf 87' lang='lat' dir='ltr'><strong>vestris</strong></span> <span class='ocrx_word' id='word_1_324' title='bbox 3351 2542 3621 2612; x_wconf 86' lang='lat' dir='ltr'><strong>ingratam</strong></span> <span class='ocrx_word' id='word_1_325' title='bbox 3667 2550 3728 2594; x_wconf 88' lang='lat' dir='ltr'><strong>et</strong></span> 
     </span>
    </p>
   </div>
   <div class='ocr_carea' id='block_1_24' title="bbox 455 2630 3727 2705">
    <p class='ocr_par' dir='ltr' id='par_1_24' title="bbox 455 2630 3727 2705">
     <span class='ocr_line' id='line_1_24' title="bbox 455 2630 3727 2705; baseline -0 -19"><span class='ocrx_word' id='word_1_326' title='bbox 455 2630 811 2700; x_wconf 72' lang='lat' dir='ltr'><strong>iajucundam</strong></span> <span class='ocrx_word' id='word_1_327' title='bbox 852 2646 979 2686; x_wconf 89' lang='lat' dir='ltr'><strong>esse</strong></span> <span class='ocrx_word' id='word_1_328' title='bbox 1036 2632 1384 2687; x_wconf 87' lang='lat' dir='ltr'><strong>immodicam</strong></span> <span class='ocrx_word' id='word_1_329' title='bbox 1423 2648 1489 2689; x_wconf 90' lang='lat' dir='ltr'><strong>ac</strong></span> <span class='ocrx_word' id='word_1_330' title='bbox 1515 2635 1739 2690; x_wconf 88' lang='lat' dir='ltr'><strong>nimiam</strong></span> <span class='ocrx_word' id='word_1_331' title='bbox 1780 2634 2127 2691; x_wconf 84' lang='lat' dir='ltr'><strong>liberalitatis</strong></span> <span class='ocrx_word' id='word_1_332' title='bbox 2155 2643 2352 2690; x_wconf 63' lang='lat' dir='ltr'><strong>vestrae</strong></span> <span class='ocrx_word' id='word_1_333' title='bbox 2412 2635 2853 2705; x_wconf 69' lang='lat' dir='ltr'><strong>praedicationem</strong></span> <span class='ocrx_word' id='word_1_334' title='bbox 2893 2650 2907 2687; x_wconf 90' lang='lat'><strong>:</strong></span> <span class='ocrx_word' id='word_1_335' title='bbox 2951 2648 3139 2687; x_wconf 90' lang='lat' dir='ltr'><strong>verum</strong></span> <span class='ocrx_word' id='word_1_336' title='bbox 3170 2633 3315 2696; x_wconf 88' lang='lat' dir='ltr'><strong>date,</strong></span> <span class='ocrx_word' id='word_1_337' title='bbox 3343 2648 3547 2703; x_wconf 56' lang='lat' dir='ltr'><strong>quasso,</strong></span> <span class='ocrx_word' id='word_1_338' title='bbox 3580 2634 3727 2685; x_wconf 88' lang='lat' dir='ltr'><strong>hanc</strong></span> 
     </span>
    </p>
   </div>
   <div class='ocr_carea' id='block_1_25' title="bbox 455 2722 3719 2799">
    <p class='ocr_par' dir='ltr' id='par_1_25' title="bbox 455 2722 3719 2799">
     <span class='ocr_line' id='line_1_25' title="bbox 455 2722 3719 2799; baseline 0.001 -26"><span class='ocrx_word' id='word_1_339' title='bbox 455 2723 675 2776; x_wconf 83' lang='lat' dir='ltr'><strong>veniam</strong></span> <span class='ocrx_word' id='word_1_340' title='bbox 706 2722 862 2787; x_wconf 89' lang='lat' dir='ltr'><strong>mihi,</strong></span> <span class='ocrx_word' id='word_1_341' title='bbox 894 2723 984 2777; x_wconf 93' lang='lat' dir='ltr'><strong>cui</strong></span> <span class='ocrx_word' id='word_1_342' title='bbox 1018 2723 1154 2778; x_wconf 89' lang='lat' dir='ltr'><strong>nihil</strong></span> <span class='ocrx_word' id='word_1_343' title='bbox 1189 2741 1427 2796; x_wconf 89' lang='lat' dir='ltr'><strong>unquam</strong></span> <span class='ocrx_word' id='word_1_344' title='bbox 1460 2729 1662 2797; x_wconf 87' lang='lat' dir='ltr'><strong>petenti</strong></span> <span class='ocrx_word' id='word_1_345' title='bbox 1693 2728 2030 2799; x_wconf 84' lang='lat' dir='ltr'><strong>denegastis,</strong></span> <span class='ocrx_word' id='word_1_346' title='bbox 2060 2727 2156 2783; x_wconf 88' lang='lat' dir='ltr'><strong>sed</strong></span> <span class='ocrx_word' id='word_1_347' title='bbox 2197 2729 2433 2796; x_wconf 88' lang='lat' dir='ltr'><strong>plurima</strong></span> <span class='ocrx_word' id='word_1_348' title='bbox 2478 2743 2586 2781; x_wconf 89' lang='lat' dir='ltr'><strong>non</strong></span> <span class='ocrx_word' id='word_1_349' title='bbox 2621 2727 2824 2797; x_wconf 86' lang='lat' dir='ltr'><strong>petenti</strong></span> <span class='ocrx_word' id='word_1_350' title='bbox 2857 2727 3149 2792; x_wconf 89' lang='lat' dir='ltr'><strong>tribuistis,</strong></span> <span class='ocrx_word' id='word_1_351' title='bbox 3179 2734 3240 2779; x_wconf 89' lang='lat' dir='ltr'><strong>ut</strong></span> <span class='ocrx_word' id='word_1_352' title='bbox 3266 2725 3582 2781; x_wconf 89' lang='lat' dir='ltr'><strong>summatim</strong></span> <span class='ocrx_word' id='word_1_353' title='bbox 3608 2724 3719 2780; x_wconf 75' lang='lat' dir='ltr'><strong>sal-</strong></span> 
     </span>
    </p>
   </div>
   <div class='ocr_carea' id='block_1_26' title="bbox 456 2815 3730 2893">
    <p class='ocr_par' dir='ltr' id='par_1_26' title="bbox 456 2815 3730 2893">
     <span class='ocr_line' id='line_1_26' title="bbox 456 2815 3730 2893; baseline 0.002 -25"><span class='ocrx_word' id='word_1_354' title='bbox 456 2822 567 2869; x_wconf 75' lang='lat' dir='ltr'><strong>tem</strong></span> <span class='ocrx_word' id='word_1_355' title='bbox 594 2815 647 2869; x_wconf 92' lang='lat' dir='ltr'><strong>in</strong></span> <span class='ocrx_word' id='word_1_356' title='bbox 690 2831 774 2871; x_wconf 91' lang='lat' dir='ltr'><strong>me</strong></span> <span class='ocrx_word' id='word_1_357' title='bbox 798 2816 996 2871; x_wconf 88' lang='lat' dir='ltr'><strong>collata</strong></span> <span class='ocrx_word' id='word_1_358' title='bbox 1034 2817 1300 2874; x_wconf 78' lang='lat' dir='ltr'><strong>beneficia</strong></span> <span class='ocrx_word' id='word_1_359' title='bbox 1333 2831 1512 2875; x_wconf 88' lang='lat' dir='ltr'><strong>vestra</strong></span> <span class='ocrx_word' id='word_1_360' title='bbox 1545 2839 1885 2893; x_wconf 87' lang='lat' dir='ltr'><strong>percurram.</strong></span> <span class='ocrx_word' id='word_1_361' title='bbox 1918 2822 2053 2878; x_wconf 83' lang='lat' dir='ltr'><strong>Nam</strong></span> <span class='ocrx_word' id='word_1_362' title='bbox 2096 2823 2274 2892; x_wconf 88' lang='lat' dir='ltr'><strong>patris</strong></span> <span class='ocrx_word' id='word_1_363' title='bbox 2308 2824 2499 2887; x_wconf 84' lang='lat' dir='ltr'><strong>vestri,</strong></span> <span class='ocrx_word' id='word_1_364' title='bbox 2548 2823 2870 2891; x_wconf 87' lang='lat' dir='ltr'><strong>amplissimi</strong></span> <span class='ocrx_word' id='word_1_365' title='bbox 2906 2830 3069 2892; x_wconf 88' lang='lat' dir='ltr'><strong>atque</strong></span> <span class='ocrx_word' id='word_1_366' title='bbox 3097 2821 3289 2891; x_wconf 82' lang='lat' dir='ltr'><strong>Optimi</strong></span> <span class='ocrx_word' id='word_1_367' title='bbox 3349 2820 3475 2884; x_wconf 89' lang='lat' dir='ltr'><strong>viri,</strong></span> <span class='ocrx_word' id='word_1_368' title='bbox 3527 2822 3581 2874; x_wconf 92' lang='lat' dir='ltr'><strong>in</strong></span> <span class='ocrx_word' id='word_1_369' title='bbox 3639 2834 3730 2873; x_wconf 89' lang='lat' dir='ltr'><strong>me</strong></span> 
     </span>
    </p>
   </div>
   <div class='ocr_carea' id='block_1_27' title="bbox 459 2908 3729 2984">
    <p class='ocr_par' dir='ltr' id='par_1_27' title="bbox 459 2908 3729 2984">
     <span class='ocr_line' id='line_1_27' title="bbox 459 2908 3729 2984; baseline 0 -23"><span class='ocrx_word' id='word_1_370' title='bbox 459 2921 677 2961; x_wconf 89' lang='lat' dir='ltr'><strong>summa</strong></span> <span class='ocrx_word' id='word_1_371' title='bbox 703 2908 903 2962; x_wconf 89' lang='lat' dir='ltr'><strong>collata</strong></span> <span class='ocrx_word' id='word_1_372' title='bbox 938 2910 1225 2974; x_wconf 82' lang='lat' dir='ltr'><strong>beneﬁcia,</strong></span> <span class='ocrx_word' id='word_1_373' title='bbox 1265 2913 1372 2967; x_wconf 89' lang='lat' dir='ltr'><strong>alio</strong></span> <span class='ocrx_word' id='word_1_374' title='bbox 1413 2914 1532 2967; x_wconf 76' lang='lat' dir='ltr'><strong>loco</strong></span> <span class='ocrx_word' id='word_1_375' title='bbox 1565 2915 1782 2970; x_wconf 90' lang='lat' dir='ltr'><strong>abunde</strong></span> <span class='ocrx_word' id='word_1_376' title='bbox 1816 2914 1953 2969; x_wconf 82' lang='lat' dir='ltr'><strong>satis</strong></span> <span class='ocrx_word' id='word_1_377' title='bbox 1983 2914 2430 2980; x_wconf 84' lang='lat' dir='ltr'><strong>commemoravi,</strong></span> <span class='ocrx_word' id='word_1_378' title='bbox 2470 2929 2582 2984; x_wconf 87' lang='lat' dir='ltr'><strong>quo</strong></span> <span class='ocrx_word' id='word_1_379' title='bbox 2611 2916 2721 2967; x_wconf 86' lang='lat' dir='ltr'><strong>vita</strong></span> <span class='ocrx_word' id='word_1_380' title='bbox 2755 2910 3035 2977; x_wconf 82' lang='lat' dir='ltr'><strong>defuncto,</strong></span> <span class='ocrx_word' id='word_1_381' title='bbox 3070 2927 3169 2967; x_wconf 89' lang='lat' dir='ltr'><strong>vos</strong></span> <span class='ocrx_word' id='word_1_382' title='bbox 3196 2925 3306 2965; x_wconf 91' lang='lat' dir='ltr'><strong>non</strong></span> <span class='ocrx_word' id='word_1_383' title='bbox 3338 2910 3502 2964; x_wconf 89' lang='lat' dir='ltr'><strong>modo</strong></span> <span class='ocrx_word' id='word_1_384' title='bbox 3546 2909 3729 2963; x_wconf 84' lang='lat' dir='ltr'><strong>facul-</strong></span> 
     </span>
    </p>
   </div>
   <div class='ocr_carea' id='block_1_28' title="bbox 457 3001 3729 3076">
    <p class='ocr_par' dir='ltr' id='par_1_28' title="bbox 457 3001 3729 3076">
     <span class='ocr_line' id='line_1_28' title="bbox 457 3001 3729 3076; baseline 0.001 -23"><span class='ocrx_word' id='word_1_385' title='bbox 457 3009 633 3053; x_wconf 87' lang='lat' dir='ltr'><strong>tatum</strong></span> <span class='ocrx_word' id='word_1_386' title='bbox 658 3010 712 3056; x_wconf 93' lang='lat' dir='ltr'><strong>ct</strong></span> <span class='ocrx_word' id='word_1_387' title='bbox 743 3018 905 3071; x_wconf 88' lang='lat' dir='ltr'><strong>opum</strong></span> <span class='ocrx_word' id='word_1_388' title='bbox 934 3002 1082 3060; x_wconf 91' lang='lat' dir='ltr'><strong>illius</strong></span> <span class='ocrx_word' id='word_1_389' title='bbox 1111 3005 1358 3061; x_wconf 74' lang='lat' dir='ltr'><strong>haeredes</strong></span> <span class='ocrx_word' id='word_1_390' title='bbox 1390 3009 1704 3073; x_wconf 82' lang='lat' dir='ltr'><strong>exstitistis,</strong></span> <span class='ocrx_word' id='word_1_391' title='bbox 1732 3023 1923 3064; x_wconf 90' lang='lat' dir='ltr'><strong>verum</strong></span> <span class='ocrx_word' id='word_1_392' title='bbox 1956 3008 2119 3062; x_wconf 89' lang='lat' dir='ltr'><strong>etiam</strong></span> <span class='ocrx_word' id='word_1_393' title='bbox 2152 3010 2419 3062; x_wconf 87' lang='lat' dir='ltr'><strong>virtutum</strong></span> <span class='ocrx_word' id='word_1_394' title='bbox 2467 3018 2522 3063; x_wconf 92' lang='lat' dir='ltr'><strong>ct</strong></span> <span class='ocrx_word' id='word_1_395' title='bbox 2567 3007 2914 3062; x_wconf 87' lang='lat' dir='ltr'><strong>liberalitatis</strong></span> <span class='ocrx_word' id='word_1_396' title='bbox 2961 3006 3013 3060; x_wconf 91' lang='lat' dir='ltr'><strong>in</strong></span> <span class='ocrx_word' id='word_1_397' title='bbox 3055 3005 3245 3076; x_wconf 84' lang='lat' dir='ltr'><strong>primis</strong></span> <span class='ocrx_word' id='word_1_398' title='bbox 3283 3004 3587 3059; x_wconf 90' lang='lat' dir='ltr'><strong>imitatores</strong></span> <span class='ocrx_word' id='word_1_399' title='bbox 3618 3001 3729 3056; x_wconf 87' lang='lat' dir='ltr'><strong>fui-</strong></span> 
     </span>
    </p>
   </div>
   <div class='ocr_carea' id='block_1_29' title="bbox 462 3090 3728 3172">
    <p class='ocr_par' dir='ltr' id='par_1_29' title="bbox 462 3090 3728 3172">
     <span class='ocr_line' id='line_1_29' title="bbox 462 3090 3728 3172; baseline 0.001 -28"><span class='ocrx_word' id='word_1_400' title='bbox 462 3090 566 3146; x_wconf 90' lang='lat' dir='ltr'><strong>stis</strong></span> <span class='ocrx_word' id='word_1_401' title='bbox 602 3108 617 3147; x_wconf 89' lang='lat'><strong>:</strong></span> <span class='ocrx_word' id='word_1_402' title='bbox 651 3108 772 3162; x_wconf 81' lang='lat' dir='ltr'><strong>quae</strong></span> <span class='ocrx_word' id='word_1_403' title='bbox 794 3101 946 3149; x_wconf 92' lang='lat' dir='ltr'><strong>tanta</strong></span> <span class='ocrx_word' id='word_1_404' title='bbox 976 3098 1186 3152; x_wconf 80' lang='lat' dir='ltr'><strong>exstitit</strong></span> <span class='ocrx_word' id='word_1_405' title='bbox 1231 3115 1360 3171; x_wconf 84' lang='lat' dir='ltr'><strong>erga</strong></span> <span class='ocrx_word' id='word_1_406' title='bbox 1402 3116 1508 3161; x_wconf 84' lang='lat' dir='ltr'><strong>me.</strong></span> <span class='ocrx_word' id='word_1_407' title='bbox 1554 3110 1613 3155; x_wconf 92' lang='lat' dir='ltr'><strong>ut</strong></span> <span class='ocrx_word' id='word_1_408' title='bbox 1654 3102 1803 3157; x_wconf 91' lang='lat' dir='ltr'><strong>illius</strong></span> <span class='ocrx_word' id='word_1_409' title='bbox 1840 3104 2043 3156; x_wconf 90' lang='lat' dir='ltr'><strong>mortui</strong></span> <span class='ocrx_word' id='word_1_410' title='bbox 2081 3101 2469 3156; x_wconf 89' lang='lat' dir='ltr'><strong>liberalitatem</strong></span> <span class='ocrx_word' id='word_1_411' title='bbox 2514 3112 2680 3172; x_wconf 86' lang='lat' dir='ltr'><strong>atque</strong></span> <span class='ocrx_word' id='word_1_412' title='bbox 2729 3099 3157 3156; x_wconf 81' lang='lat' dir='ltr'><strong>munificentiam</strong></span> <span class='ocrx_word' id='word_1_413' title='bbox 3202 3098 3345 3153; x_wconf 84' lang='lat' dir='ltr'><strong>haud</strong></span> <span class='ocrx_word' id='word_1_414' title='bbox 3393 3109 3728 3165; x_wconf 84' lang='lat' dir='ltr'><strong>magnopere</strong></span> 
     </span>
    </p>
   </div>
   <div class='ocr_carea' id='block_1_30' title="bbox 463 3186 3729 3267">
    <p class='ocr_par' dir='ltr' id='par_1_30' title="bbox 463 3186 3729 3267">
     <span class='ocr_line' id='line_1_30' title="bbox 463 3186 3729 3267; baseline 0 -28"><span class='ocrx_word' id='word_1_415' title='bbox 463 3186 850 3243; x_wconf 87' lang='lat' dir='ltr'><strong>desiderarim.</strong></span> <span class='ocrx_word' id='word_1_416' title='bbox 881 3189 1041 3258; x_wconf 82' lang='lat' dir='ltr'><strong>Nam,</strong></span> <span class='ocrx_word' id='word_1_417' title='bbox 1073 3201 1132 3246; x_wconf 90' lang='lat' dir='ltr'><strong>ut</strong></span> <span class='ocrx_word' id='word_1_418' title='bbox 1155 3195 1437 3264; x_wconf 85' lang='lat' dir='ltr'><strong>superiora</strong></span> <span class='ocrx_word' id='word_1_419' title='bbox 1479 3206 1820 3266; x_wconf 65' lang='lat' dir='ltr'><strong>praeteream,</strong></span> <span class='ocrx_word' id='word_1_420' title='bbox 1859 3213 1982 3267; x_wconf 68' lang='lat' dir='ltr'><strong>qua:</strong></span> <span class='ocrx_word' id='word_1_421' title='bbox 2033 3196 2342 3266; x_wconf 78' lang='lat' dir='ltr'><strong>frequentia</strong></span> <span class='ocrx_word' id='word_1_422' title='bbox 2390 3207 2554 3266; x_wconf 88' lang='lat' dir='ltr'><strong>atque</strong></span> <span class='ocrx_word' id='word_1_423' title='bbox 2601 3196 2842 3266; x_wconf 86' lang='lat' dir='ltr'><strong>ingentia</strong></span> <span class='ocrx_word' id='word_1_424' title='bbox 2892 3194 3132 3261; x_wconf 84' lang='lat' dir='ltr'><strong>fuerunt,</strong></span> <span class='ocrx_word' id='word_1_425' title='bbox 3179 3192 3414 3263; x_wconf 85' lang='lat' dir='ltr'><strong>primum</strong></span> <span class='ocrx_word' id='word_1_426' title='bbox 3459 3204 3557 3244; x_wconf 84' lang='lat' dir='ltr'><strong>vos</strong></span> <span class='ocrx_word' id='word_1_427' title='bbox 3599 3194 3729 3240; x_wconf 89' lang='lat' dir='ltr'><strong>aute</strong></span> 
     </span>
    </p>
   </div>
   <div class='ocr_carea' id='block_1_31' title="bbox 464 3276 3727 3360">
    <p class='ocr_par' dir='ltr' id='par_1_31' title="bbox 464 3276 3727 3360">
     <span class='ocr_line' id='line_1_31' title="bbox 464 3276 3727 3360; baseline -0 -27"><span class='ocrx_word' id='word_1_428' title='bbox 464 3276 772 3347; x_wconf 85' lang='lat' dir='ltr'><strong>biennium,</strong></span> <span class='ocrx_word' id='word_1_429' title='bbox 819 3297 942 3337; x_wconf 91' lang='lat' dir='ltr'><strong>cum</strong></span> <span class='ocrx_word' id='word_1_430' title='bbox 996 3285 1052 3338; x_wconf 93' lang='lat' dir='ltr'><strong>in</strong></span> <span class='ocrx_word' id='word_1_431' title='bbox 1101 3285 1205 3341; x_wconf 89' lang='lat' dir='ltr'><strong>hoc</strong></span> <span class='ocrx_word' id='word_1_432' title='bbox 1246 3302 1412 3358; x_wconf 90' lang='lat' dir='ltr'><strong>opere</strong></span> <span class='ocrx_word' id='word_1_433' title='bbox 1462 3306 1731 3354; x_wconf 88' lang='lat' dir='ltr'><strong>versarer,</strong></span> <span class='ocrx_word' id='word_1_434' title='bbox 1783 3292 1916 3345; x_wconf 88' lang='lat' dir='ltr'><strong>nihil</strong></span> <span class='ocrx_word' id='word_1_435' title='bbox 1946 3292 2052 3345; x_wconf 88' lang='lat' dir='ltr'><strong>tale</strong></span> <span class='ocrx_word' id='word_1_436' title='bbox 2085 3306 2195 3347; x_wconf 92' lang='lat' dir='ltr'><strong>non</strong></span> <span class='ocrx_word' id='word_1_437' title='bbox 2229 3291 2392 3345; x_wconf 92' lang='lat' dir='ltr'><strong>modo</strong></span> <span class='ocrx_word' id='word_1_438' title='bbox 2430 3291 2652 3360; x_wconf 85' lang='lat' dir='ltr'><strong>petenti,</strong></span> <span class='ocrx_word' id='word_1_439' title='bbox 2687 3305 2875 3344; x_wconf 80' lang='lat' dir='ltr'><strong>verum</strong></span> <span class='ocrx_word' id='word_1_440' title='bbox 2907 3291 3071 3344; x_wconf 90' lang='lat' dir='ltr'><strong>etiam</strong></span> <span class='ocrx_word' id='word_1_441' title='bbox 3111 3304 3177 3342; x_wconf 92' lang='lat' dir='ltr'><strong>ne</strong></span> <span class='ocrx_word' id='word_1_442' title='bbox 3204 3283 3465 3357; x_wconf 84' lang='lat' dir='ltr'><strong>cogitanti</strong></span> <span class='ocrx_word' id='word_1_443' title='bbox 3506 3281 3727 3351; x_wconf 79' lang='lat' dir='ltr'><strong>quidem</strong></span> 
     </span>
    </p>
   </div>
   <div class='ocr_carea' id='block_1_32' title="bbox 466 3371 3730 3449">
    <p class='ocr_par' dir='ltr' id='par_1_32' title="bbox 466 3371 3730 3449">
     <span class='ocr_line' id='line_1_32' title="bbox 466 3371 3730 3449; baseline -0.001 -25"><span class='ocrx_word' id='word_1_444' title='bbox 466 3371 665 3424; x_wconf 89' lang='lat' dir='ltr'><strong>bonam</strong></span> <span class='ocrx_word' id='word_1_445' title='bbox 702 3374 947 3438; x_wconf 71' lang='lat' dir='ltr'><strong>pecunia:</strong></span> <span class='ocrx_word' id='word_1_446' title='bbox 999 3389 1270 3430; x_wconf 86' lang='lat' dir='ltr'><strong>summam</strong></span> <span class='ocrx_word' id='word_1_447' title='bbox 1317 3379 1447 3432; x_wconf 88' lang='lat' dir='ltr'><strong>mihi</strong></span> <span class='ocrx_word' id='word_1_448' title='bbox 1503 3381 1843 3449; x_wconf 82' lang='lat' dir='ltr'><strong>suppeditari</strong></span> <span class='ocrx_word' id='word_1_449' title='bbox 1896 3396 1962 3435; x_wconf 92' lang='lat' dir='ltr'><strong>ac</strong></span> <span class='ocrx_word' id='word_1_450' title='bbox 2016 3381 2431 3437; x_wconf 86' lang='lat' dir='ltr'><strong>subministrari</strong></span> <span class='ocrx_word' id='word_1_451' title='bbox 2492 3380 2730 3433; x_wconf 76' lang='lat' dir='ltr'><strong>cerastis</strong></span> <span class='ocrx_word' id='word_1_452' title='bbox 2765 3396 2781 3434; x_wconf 88' lang='lat'>:</span> <span class='ocrx_word' id='word_1_453' title='bbox 2821 3379 3038 3445; x_wconf 85' lang='lat' dir='ltr'><strong>deinde,</strong></span> <span class='ocrx_word' id='word_1_454' title='bbox 3072 3376 3324 3445; x_wconf 89' lang='lat' dir='ltr'><strong>cumjam</strong></span> <span class='ocrx_word' id='word_1_455' title='bbox 3350 3372 3730 3428; x_wconf 85' lang='lat' dir='ltr'><strong>liberalitatem</strong></span> 
     </span>
    </p>
   </div>
   <div class='ocr_carea' id='block_1_33' title="bbox 465 3462 3734 3540">
    <p class='ocr_par' dir='ltr' id='par_1_33' title="bbox 465 3462 3734 3540">
     <span class='ocr_line' id='line_1_33' title="bbox 465 3462 3734 3540; baseline 0.001 -29"><span class='ocrx_word' id='word_1_456' title='bbox 465 3468 706 3516; x_wconf 85' lang='lat' dir='ltr'><strong>vestram</strong></span> <span class='ocrx_word' id='word_1_457' title='bbox 732 3462 896 3518; x_wconf 88' lang='lat' dir='ltr'><strong>citius</strong></span> <span class='ocrx_word' id='word_1_458' title='bbox 928 3463 1209 3534; x_wconf 82' lang='lat' dir='ltr'><strong>fatigatam</strong></span> <span class='ocrx_word' id='word_1_459' title='bbox 1233 3482 1356 3523; x_wconf 88' lang='lat' dir='ltr'><strong>esse</strong></span> <span class='ocrx_word' id='word_1_460' title='bbox 1378 3471 1695 3538; x_wconf 89' lang='lat' dir='ltr'><strong>suspicatus</strong></span> <span class='ocrx_word' id='word_1_461' title='bbox 1741 3471 1988 3535; x_wconf 84' lang='lat' dir='ltr'><strong>fuissem,</strong></span> <span class='ocrx_word' id='word_1_462' title='bbox 2022 3486 2186 3540; x_wconf 89' lang='lat' dir='ltr'><strong>quam</strong></span> <span class='ocrx_word' id='word_1_463' title='bbox 2251 3470 2458 3540; x_wconf 89' lang='lat' dir='ltr'><strong>aliquid</strong></span> <span class='ocrx_word' id='word_1_464' title='bbox 2510 3468 2780 3539; x_wconf 78' lang='lat' dir='ltr'><strong>ejusmodi</strong></span> <span class='ocrx_word' id='word_1_465' title='bbox 2814 3484 3059 3538; x_wconf 87' lang='lat' dir='ltr'><strong>sperare,</strong></span> <span class='ocrx_word' id='word_1_466' title='bbox 3102 3467 3298 3521; x_wconf 89' lang='lat' dir='ltr'><strong>nedum</strong></span> <span class='ocrx_word' id='word_1_467' title='bbox 3331 3475 3535 3533; x_wconf 89' lang='lat' dir='ltr'><strong>petere,</strong></span> <span class='ocrx_word' id='word_1_468' title='bbox 3561 3476 3734 3516; x_wconf 87' lang='lat' dir='ltr'><strong>ausus</strong></span> 
     </span>
    </p>
   </div>
   <div class='ocr_carea' id='block_1_34' title="bbox 466 3555 3734 3633">
    <p class='ocr_par' dir='ltr' id='par_1_34' title="bbox 466 3555 3734 3633">
     <span class='ocr_line' id='line_1_34' title="bbox 466 3555 3734 3633; baseline 0 -24"><span class='ocrx_word' id='word_1_469' title='bbox 466 3569 671 3619; x_wconf 86' lang='lat' dir='ltr'><strong>essent,</strong></span> <span class='ocrx_word' id='word_1_470' title='bbox 704 3564 831 3611; x_wconf 89' lang='lat' dir='ltr'><strong>ante</strong></span> <span class='ocrx_word' id='word_1_471' title='bbox 862 3571 1071 3625; x_wconf 89' lang='lat' dir='ltr'><strong>paucos</strong></span> <span class='ocrx_word' id='word_1_472' title='bbox 1096 3574 1315 3615; x_wconf 90' lang='lat' dir='ltr'><strong>menses</strong></span> <span class='ocrx_word' id='word_1_473' title='bbox 1339 3563 1647 3630; x_wconf 68' lang='lat' dir='ltr'><strong>praeteritos</strong></span> <span class='ocrx_word' id='word_1_474' title='bbox 1670 3579 1825 3633; x_wconf 71' lang='lat' dir='ltr'><strong>aeque</strong></span> <span class='ocrx_word' id='word_1_475' title='bbox 1855 3578 2052 3633; x_wconf 81' lang='lat' dir='ltr'><strong>magna</strong></span> <span class='ocrx_word' id='word_1_476' title='bbox 2080 3571 2243 3632; x_wconf 88' lang='lat' dir='ltr'><strong>atque</strong></span> <span class='ocrx_word' id='word_1_477' title='bbox 2274 3562 2499 3617; x_wconf 91' lang='lat' dir='ltr'><strong>biennio</strong></span> <span class='ocrx_word' id='word_1_478' title='bbox 2534 3572 2662 3617; x_wconf 90' lang='lat' dir='ltr'><strong>ante</strong></span> <span class='ocrx_word' id='word_1_479' title='bbox 2689 3578 2774 3617; x_wconf 90' lang='lat' dir='ltr'><strong>me</strong></span> <span class='ocrx_word' id='word_1_480' title='bbox 2800 3575 3011 3617; x_wconf 89' lang='lat' dir='ltr'><strong>summa</strong></span> <span class='ocrx_word' id='word_1_481' title='bbox 3040 3558 3285 3629; x_wconf 68' lang='lat' dir='ltr'><strong>pecunia:</strong></span> <span class='ocrx_word' id='word_1_482' title='bbox 3307 3557 3579 3612; x_wconf 87' lang='lat' dir='ltr'><strong>donastis.</strong></span> <span class='ocrx_word' id='word_1_483' title='bbox 3609 3555 3734 3622; x_wconf 84' lang='lat' dir='ltr'><strong>Quo</strong></span> 
     </span>
    </p>
   </div>
   <div class='ocr_carea' id='block_1_35' title="bbox 469 3646 3737 3726">
    <p class='ocr_par' dir='ltr' id='par_1_35' title="bbox 469 3646 3737 3726">
     <span class='ocr_line' id='line_1_35' title="bbox 469 3646 3737 3726; baseline 0.001 -27"><span class='ocrx_word' id='word_1_484' title='bbox 469 3646 735 3702; x_wconf 84' lang='lat' dir='ltr'><strong>hem-licio</strong></span> <span class='ocrx_word' id='word_1_485' title='bbox 782 3656 1029 3717; x_wconf 87' lang='lat' dir='ltr'><strong>tempore</strong></span> <span class='ocrx_word' id='word_1_486' title='bbox 1087 3655 1561 3722; x_wconf 85' lang='lat' dir='ltr'><strong>opportunissimo</strong></span> <span class='ocrx_word' id='word_1_487' title='bbox 1584 3671 1614 3709; x_wconf 92' lang='lat' dir='ltr'><strong>a</strong></span> <span class='ocrx_word' id='word_1_488' title='bbox 1644 3656 1802 3711; x_wconf 85' lang='lat' dir='ltr'><strong>vobis</strong></span> <span class='ocrx_word' id='word_1_489' title='bbox 1832 3665 2080 3726; x_wconf 86' lang='lat' dir='ltr'><strong>accepto,</strong></span> <span class='ocrx_word' id='word_1_490' title='bbox 2118 3671 2243 3711; x_wconf 92' lang='lat' dir='ltr'><strong>cum</strong></span> <span class='ocrx_word' id='word_1_491' title='bbox 2278 3656 2532 3709; x_wconf 88' lang='lat' dir='ltr'><strong>videlicet</strong></span> <span class='ocrx_word' id='word_1_492' title='bbox 2585 3654 2944 3709; x_wconf 86' lang='lat' dir='ltr'><strong>deliberarem</strong></span> <span class='ocrx_word' id='word_1_493' title='bbox 3002 3668 3162 3722; x_wconf 90' lang='lat' dir='ltr'><strong>quem</strong></span> <span class='ocrx_word' id='word_1_494' title='bbox 3222 3650 3568 3720; x_wconf 83' lang='lat' dir='ltr'><strong>potissimum</strong></span> <span class='ocrx_word' id='word_1_495' title='bbox 3607 3650 3737 3705; x_wconf 89' lang='lat' dir='ltr'><strong>huic</strong></span> 
     </span>
    </p>
   </div>
   <div class='ocr_carea' id='block_1_36' title="bbox 438 3737 3735 3819">
    <p class='ocr_par' dir='ltr' id='par_1_36' title="bbox 438 3737 3735 3819">
     <span class='ocr_line' id='line_1_36' title="bbox 438 3737 3735 3819; baseline 0.003 -32"><span class='ocrx_word' id='word_1_496' title='bbox 438 3737 647 3805; x_wconf 86' lang='lat' dir='ltr'><strong>&#39;partui</strong></span> <span class='ocrx_word' id='word_1_497' title='bbox 680 3754 803 3793; x_wconf 89' lang='lat' dir='ltr'><strong>meo</strong></span> <span class='ocrx_word' id='word_1_498' title='bbox 842 3747 1078 3797; x_wconf 89' lang='lat' dir='ltr'><strong>tutorem</strong></span> <span class='ocrx_word' id='word_1_499' title='bbox 1110 3758 1176 3799; x_wconf 89' lang='lat' dir='ltr'><strong>ac</strong></span> <span class='ocrx_word' id='word_1_500' title='bbox 1213 3745 1558 3803; x_wconf 80' lang='lat' dir='ltr'><strong>defensorem</strong></span> <span class='ocrx_word' id='word_1_501' title='bbox 1598 3762 1874 3819; x_wconf 87' lang='lat' dir='ltr'><strong>pararem,</strong></span> <span class='ocrx_word' id='word_1_502' title='bbox 1917 3750 2100 3805; x_wconf 89' lang='lat' dir='ltr'><strong>omnis</strong></span> <span class='ocrx_word' id='word_1_503' title='bbox 2151 3749 2425 3803; x_wconf 90' lang='lat' dir='ltr'><strong>dubitatio</strong></span> <span class='ocrx_word' id='word_1_504' title='bbox 2468 3748 2858 3818; x_wconf 88' lang='lat' dir='ltr'><strong>cuuctatioque</strong></span> <span class='ocrx_word' id='word_1_505' title='bbox 2894 3746 3026 3801; x_wconf 92' lang='lat' dir='ltr'><strong>mihi</strong></span> <span class='ocrx_word' id='word_1_506' title='bbox 3060 3743 3452 3815; x_wconf 81' lang='lat' dir='ltr'><strong>prapcmodum</strong></span> <span class='ocrx_word' id='word_1_507' title='bbox 3481 3752 3735 3814; x_wconf 73' lang='lat' dir='ltr'><strong>exempta</strong></span> 
     </span>
    </p>
   </div>
   <div class='ocr_carea' id='block_1_37' title="bbox 466 3832 3742 3911">
    <p class='ocr_par' dir='ltr' id='par_1_37' title="bbox 466 3832 3742 3911">
     <span class='ocr_line' id='line_1_37' title="bbox 466 3832 3742 3911; baseline 0.001 -29"><span class='ocrx_word' id='word_1_508' title='bbox 466 3838 553 3882; x_wconf 60' lang='lat' dir='ltr'><strong>est</strong></span> <span class='ocrx_word' id='word_1_509' title='bbox 588 3846 602 3882; x_wconf 91' lang='lat'><strong>:</strong></span> <span class='ocrx_word' id='word_1_510' title='bbox 636 3845 761 3884; x_wconf 92' lang='lat' dir='ltr'><strong>nam</strong></span> <span class='ocrx_word' id='word_1_511' title='bbox 795 3832 1037 3888; x_wconf 86' lang='lat' dir='ltr'><strong>restabat</strong></span> <span class='ocrx_word' id='word_1_512' title='bbox 1068 3837 1235 3891; x_wconf 87' lang='lat' dir='ltr'><strong>etiarn</strong></span> <span class='ocrx_word' id='word_1_513' title='bbox 1266 3853 1413 3893; x_wconf 91' lang='lat' dir='ltr'><strong>nunc</strong></span> <span class='ocrx_word' id='word_1_514' title='bbox 1449 3840 1743 3911; x_wconf 91' lang='lat' dir='ltr'><strong>scrupulus</strong></span> <span class='ocrx_word' id='word_1_515' title='bbox 1777 3857 1941 3898; x_wconf 91' lang='lat' dir='ltr'><strong>unus.</strong></span> <span class='ocrx_word' id='word_1_516' title='bbox 1984 3840 2251 3907; x_wconf 83' lang='lat' dir='ltr'><strong>Quoniam</strong></span> <span class='ocrx_word' id='word_1_517' title='bbox 2284 3840 2448 3894; x_wconf 87' lang='lat' dir='ltr'><strong>etiam</strong></span> <span class='ocrx_word' id='word_1_518' title='bbox 2485 3838 2745 3902; x_wconf 88' lang='lat' dir='ltr'><strong>sciebam,</strong></span> <span class='ocrx_word' id='word_1_519' title='bbox 2781 3852 2890 3909; x_wconf 90' lang='lat' dir='ltr'><strong>quo</strong></span> <span class='ocrx_word' id='word_1_520' title='bbox 2922 3839 3106 3893; x_wconf 90' lang='lat' dir='ltr'><strong>minus</strong></span> <span class='ocrx_word' id='word_1_521' title='bbox 3135 3834 3414 3906; x_wconf 88' lang='lat' dir='ltr'><strong>appetitis,</strong></span> <span class='ocrx_word' id='word_1_522' title='bbox 3451 3848 3515 3889; x_wconf 91' lang='lat' dir='ltr'><strong>eo</strong></span> <span class='ocrx_word' id='word_1_523' title='bbox 3548 3834 3742 3903; x_wconf 83' lang='lat' dir='ltr'><strong>plures</strong></span> 
     </span>
    </p>
   </div>
   <div class='ocr_carea' id='block_1_38' title="bbox 466 3921 3742 4010">
    <p class='ocr_par' dir='ltr' id='par_1_38' title="bbox 466 3921 3742 4010">
     <span class='ocr_line' id='line_1_38' title="bbox 466 3921 3742 4010; baseline 0.002 -38"><span class='ocrx_word' id='word_1_524' title='bbox 466 3921 621 3976; x_wconf 88' lang='lat' dir='ltr'><strong>vobis</strong></span> <span class='ocrx_word' id='word_1_525' title='bbox 634 3922 869 3980; x_wconf 91' lang='lat' dir='ltr'><strong>honores</strong></span> <span class='ocrx_word' id='word_1_526' title='bbox 888 3926 1109 3994; x_wconf 84' lang='lat' dir='ltr'><strong>deferri,</strong></span> <span class='ocrx_word' id='word_1_527' title='bbox 1127 3943 1190 4010; x_wconf 77' lang='lat' dir='ltr'><strong>ac</strong></span> <span class='ocrx_word' id='word_1_528' title='bbox 1208 3932 1410 3988; x_wconf 88' lang='lat' dir='ltr'><strong>multos</strong></span> <span class='ocrx_word' id='word_1_529' title='bbox 1434 3931 1683 3990; x_wconf 90' lang='lat' dir='ltr'><strong>homines</strong></span> <span class='ocrx_word' id='word_1_530' title='bbox 1695 3934 1885 3991; x_wconf 92' lang='lat' dir='ltr'><strong>doctos</strong></span> <span class='ocrx_word' id='word_1_531' title='bbox 1895 3936 2053 3989; x_wconf 82' lang='lat' dir='ltr'><strong>vobis</strong></span> <span class='ocrx_word' id='word_1_532' title='bbox 2071 3948 2200 3990; x_wconf 91' lang='lat' dir='ltr'><strong>suos</strong></span> <span class='ocrx_word' id='word_1_533' title='bbox 2222 3933 2436 3988; x_wconf 84' lang='lat' dir='ltr'><strong>labores</strong></span> <span class='ocrx_word' id='word_1_534' title='bbox 2461 3943 2624 4003; x_wconf 88' lang='lat' dir='ltr'><strong>atque</strong></span> <span class='ocrx_word' id='word_1_535' title='bbox 2647 3931 3054 3987; x_wconf 87' lang='lat' dir='ltr'><strong>lucubrationes</strong></span> <span class='ocrx_word' id='word_1_536' title='bbox 3080 3930 3383 3996; x_wconf 88' lang='lat' dir='ltr'><strong>dedicasse,</strong></span> <span class='ocrx_word' id='word_1_537' title='bbox 3400 3927 3742 3985; x_wconf 83' lang='lat' dir='ltr'><strong>subverebar</strong></span> 
     </span>
    </p>
   </div>
   <div class='ocr_carea' id='block_1_39' title="bbox 472 4016 3739 4096">
    <p class='ocr_par' dir='ltr' id='par_1_39' title="bbox 472 4016 3739 4096">
     <span class='ocr_line' id='line_1_39' title="bbox 472 4016 3739 4096; baseline 0.002 -29"><span class='ocrx_word' id='word_1_538' title='bbox 472 4028 543 4067; x_wconf 89' lang='lat' dir='ltr'><strong>ne</strong></span> <span class='ocrx_word' id='word_1_539' title='bbox 581 4016 795 4071; x_wconf 68' lang='lat' dir='ltr'><strong>animos</strong></span> <span class='ocrx_word' id='word_1_540' title='bbox 825 4025 1037 4075; x_wconf 89' lang='lat' dir='ltr'><strong>vestros</strong></span> <span class='ocrx_word' id='word_1_541' title='bbox 1071 4020 1273 4077; x_wconf 89' lang='lat' dir='ltr'><strong>talibus</strong></span> <span class='ocrx_word' id='word_1_542' title='bbox 1296 4023 1472 4093; x_wconf 88' lang='lat' dir='ltr'><strong>epulis</strong></span> <span class='ocrx_word' id='word_1_543' title='bbox 1503 4026 1734 4082; x_wconf 85' lang='lat' dir='ltr'><strong>satiatos</strong></span> <span class='ocrx_word' id='word_1_544' title='bbox 1761 4034 1926 4096; x_wconf 90' lang='lat' dir='ltr'><strong>atque</strong></span> <span class='ocrx_word' id='word_1_545' title='bbox 1959 4025 2200 4096; x_wconf 88' lang='lat' dir='ltr'><strong>repletos</strong></span> <span class='ocrx_word' id='word_1_546' title='bbox 2222 4025 2604 4092; x_wconf 84' lang='lat' dir='ltr'><strong>intempestiva</strong></span> <span class='ocrx_word' id='word_1_547' title='bbox 2626 4024 3001 4081; x_wconf 87' lang='lat' dir='ltr'><strong>benevolentia</strong></span> <span class='ocrx_word' id='word_1_548' title='bbox 3022 4022 3353 4079; x_wconf 76' lang='lat' dir='ltr'><strong>oﬂ‘enderem</strong></span> <span class='ocrx_word' id='word_1_549' title='bbox 3378 4022 3544 4077; x_wconf 90' lang='lat' dir='ltr'><strong>citius</strong></span> <span class='ocrx_word' id='word_1_550' title='bbox 3569 4035 3739 4090; x_wconf 89' lang='lat' dir='ltr'><strong>quam</strong></span> 
     </span>
    </p>
   </div>
   <div class='ocr_carea' id='block_1_40' title="bbox 469 4101 3740 4186">
    <p class='ocr_par' dir='ltr' id='par_1_40' title="bbox 469 4101 3740 4186">
     <span class='ocr_line' id='line_1_40' title="bbox 469 4101 3740 4186; baseline 0.003 -31"><span class='ocrx_word' id='word_1_551' title='bbox 469 4101 579 4156; x_wconf 90' lang='lat' dir='ltr'><strong>hoc</strong></span> <span class='ocrx_word' id='word_1_552' title='bbox 604 4118 806 4172; x_wconf 83' lang='lat' dir='ltr'><strong>genere</strong></span> <span class='ocrx_word' id='word_1_553' title='bbox 832 4106 991 4160; x_wconf 89' lang='lat' dir='ltr'><strong>oflicii</strong></span> <span class='ocrx_word' id='word_1_554' title='bbox 1026 4112 1257 4176; x_wconf 85' lang='lat' dir='ltr'><strong>gratiam</strong></span> <span class='ocrx_word' id='word_1_555' title='bbox 1289 4126 1318 4164; x_wconf 87' lang='lat' dir='ltr'><strong>a</strong></span> <span class='ocrx_word' id='word_1_556' title='bbox 1356 4113 1514 4168; x_wconf 91' lang='lat' dir='ltr'><strong>vobis</strong></span> <span class='ocrx_word' id='word_1_557' title='bbox 1545 4114 1766 4170; x_wconf 90' lang='lat' dir='ltr'><strong>inirem.</strong></span> <span class='ocrx_word' id='word_1_558' title='bbox 1793 4114 1903 4171; x_wconf 87' lang='lat' dir='ltr'><strong>Sed</strong></span> <span class='ocrx_word' id='word_1_559' title='bbox 1936 4125 2117 4174; x_wconf 88' lang='lat' dir='ltr'><strong>tamen</strong></span> <span class='ocrx_word' id='word_1_560' title='bbox 2159 4132 2283 4171; x_wconf 92' lang='lat' dir='ltr'><strong>cum</strong></span> <span class='ocrx_word' id='word_1_561' title='bbox 2309 4116 2446 4171; x_wconf 89' lang='lat' dir='ltr'><strong>liber</strong></span> <span class='ocrx_word' id='word_1_562' title='bbox 2463 4116 2670 4184; x_wconf 83' lang='lat' dir='ltr'><strong>absque</strong></span> <span class='ocrx_word' id='word_1_563' title='bbox 2698 4125 2934 4186; x_wconf 91' lang='lat' dir='ltr'><strong>patrono</strong></span> <span class='ocrx_word' id='word_1_564' title='bbox 2959 4114 3185 4170; x_wconf 87' lang='lat' dir='ltr'><strong>omnino</strong></span> <span class='ocrx_word' id='word_1_565' title='bbox 3217 4128 3324 4169; x_wconf 84' lang='lat' dir='ltr'><strong>non</strong></span> <span class='ocrx_word' id='word_1_566' title='bbox 3351 4111 3740 4182; x_wconf 83' lang='lat' dir='ltr'><strong>divulgandus,</strong></span> 
     </span>
    </p>
   </div>
   <div class='ocr_carea' id='block_1_41' title="bbox 479 4195 3743 4271">
    <p class='ocr_par' dir='ltr' id='par_1_41' title="bbox 479 4195 3743 4271">
     <span class='ocr_line' id='line_1_41' title="bbox 479 4195 3743 4271; baseline 0.002 -24"><span class='ocrx_word' id='word_1_567' title='bbox 479 4209 584 4248; x_wconf 89' lang='lat' dir='ltr'><strong>nec</strong></span> <span class='ocrx_word' id='word_1_568' title='bbox 613 4195 896 4248; x_wconf 76' lang='lat' dir='ltr'><strong>hominum</strong></span> <span class='ocrx_word' id='word_1_569' title='bbox 921 4197 1134 4265; x_wconf 88' lang='lat' dir='ltr'><strong>judicio</strong></span> <span class='ocrx_word' id='word_1_570' title='bbox 1163 4200 1508 4271; x_wconf 90' lang='lat' dir='ltr'><strong>objiciendus</strong></span> <span class='ocrx_word' id='word_1_571' title='bbox 1535 4220 1661 4261; x_wconf 89' lang='lat' dir='ltr'><strong>esse</strong></span> <span class='ocrx_word' id='word_1_572' title='bbox 1695 4207 1992 4271; x_wconf 89' lang='lat' dir='ltr'><strong>videretur,</strong></span> <span class='ocrx_word' id='word_1_573' title='bbox 2019 4215 2073 4261; x_wconf 90' lang='lat' dir='ltr'><strong>ct</strong></span> <span class='ocrx_word' id='word_1_574' title='bbox 2105 4223 2213 4262; x_wconf 91' lang='lat' dir='ltr'><strong>non</strong></span> <span class='ocrx_word' id='word_1_575' title='bbox 2239 4206 2375 4261; x_wconf 90' lang='lat' dir='ltr'><strong>satis</strong></span> <span class='ocrx_word' id='word_1_576' title='bbox 2401 4204 2489 4266; x_wconf 81' lang='lat' dir='ltr'><strong>pie</strong></span> <span class='ocrx_word' id='word_1_577' title='bbox 2528 4219 2627 4258; x_wconf 84' lang='lat' dir='ltr'><strong>nec</strong></span> <span class='ocrx_word' id='word_1_578' title='bbox 2658 4215 2810 4261; x_wconf 90' lang='lat' dir='ltr'><strong>recte</strong></span> <span class='ocrx_word' id='word_1_579' title='bbox 2838 4221 2923 4260; x_wconf 92' lang='lat' dir='ltr'><strong>me</strong></span> <span class='ocrx_word' id='word_1_580' title='bbox 2951 4205 3224 4260; x_wconf 90' lang='lat' dir='ltr'><strong>facturum</strong></span> <span class='ocrx_word' id='word_1_581' title='bbox 3260 4220 3386 4259; x_wconf 87' lang='lat' dir='ltr'><strong>esse</strong></span> <span class='ocrx_word' id='word_1_582' title='bbox 3405 4203 3743 4271; x_wconf 82' lang='lat' dir='ltr'><strong>judicarem,</strong></span> 
     </span>
    </p>
   </div>
   <div class='ocr_carea' id='block_1_42' title="bbox 486 4284 3745 4368">
    <p class='ocr_par' dir='ltr' id='par_1_42' title="bbox 486 4284 3745 4368">
     <span class='ocr_line' id='line_1_42' title="bbox 486 4284 3745 4368; baseline 0.003 -29"><span class='ocrx_word' id='word_1_583' title='bbox 486 4284 533 4339; x_wconf 88' lang='lat' dir='ltr'><strong>si</strong></span> <span class='ocrx_word' id='word_1_584' title='bbox 560 4285 718 4341; x_wconf 90' lang='lat' dir='ltr'><strong>vobis</strong></span> <span class='ocrx_word' id='word_1_585' title='bbox 752 4290 1043 4355; x_wconf 83' lang='lat' dir='ltr'><strong>pra-teritis</strong></span> <span class='ocrx_word' id='word_1_586' title='bbox 1077 4292 1215 4346; x_wconf 88' lang='lat' dir='ltr'><strong>alios</strong></span> <span class='ocrx_word' id='word_1_587' title='bbox 1242 4293 1372 4347; x_wconf 88' lang='lat' dir='ltr'><strong>mihi</strong></span> <span class='ocrx_word' id='word_1_588' title='bbox 1404 4302 1663 4364; x_wconf 85' lang='lat' dir='ltr'><strong>patronos</strong></span> <span class='ocrx_word' id='word_1_589' title='bbox 1689 4314 1992 4368; x_wconf 73' lang='lat' dir='ltr'><strong>quaererem</strong></span> <span class='ocrx_word' id='word_1_590' title='bbox 2023 4301 2152 4367; x_wconf 88' lang='lat' dir='ltr'><strong>(non</strong></span> <span class='ocrx_word' id='word_1_591' title='bbox 2187 4301 2333 4354; x_wconf 91' lang='lat' dir='ltr'><strong>enim</strong></span> <span class='ocrx_word' id='word_1_592' title='bbox 2367 4311 2691 4355; x_wconf 69' lang='lat' dir='ltr'><strong>caeterorum</strong></span> <span class='ocrx_word' id='word_1_593' title='bbox 2723 4297 3003 4351; x_wconf 89' lang='lat' dir='ltr'><strong>hominum</strong></span> <span class='ocrx_word' id='word_1_594' title='bbox 3035 4295 3223 4351; x_wconf 88' lang='lat' dir='ltr'><strong>eadem</strong></span> <span class='ocrx_word' id='word_1_595' title='bbox 3261 4310 3382 4363; x_wconf 65' lang='lat' dir='ltr'><strong>quas</strong></span> <span class='ocrx_word' id='word_1_596' title='bbox 3405 4304 3581 4351; x_wconf 86' lang='lat' dir='ltr'><strong>vestra</strong></span> <span class='ocrx_word' id='word_1_597' title='bbox 3610 4303 3745 4349; x_wconf 81' lang='lat' dir='ltr'><strong>sunt</strong></span> 
     </span>
    </p>
   </div>
   <div class='ocr_carea' id='block_1_43' title="bbox 497 4378 3746 4463">
    <p class='ocr_par' dir='ltr' id='par_1_43' title="bbox 497 4378 3746 4463">
     <span class='ocr_line' id='line_1_43' title="bbox 497 4378 3746 4463; baseline 0.003 -34"><span class='ocrx_word' id='word_1_598' title='bbox 497 4378 694 4447; x_wconf 78' lang='lat' dir='ltr'><strong>udicia)</strong></span> <span class='ocrx_word' id='word_1_599' title='bbox 715 4381 878 4435; x_wconf 87' lang='lat' dir='ltr'><strong>malui</strong></span> <span class='ocrx_word' id='word_1_600' title='bbox 900 4382 951 4436; x_wconf 90' lang='lat' dir='ltr'><strong>in</strong></span> <span class='ocrx_word' id='word_1_601' title='bbox 977 4382 1115 4437; x_wconf 87' lang='lat' dir='ltr'><strong>hanc</strong></span> <span class='ocrx_word' id='word_1_602' title='bbox 1143 4393 1345 4454; x_wconf 89' lang='lat' dir='ltr'><strong>partem</strong></span> <span class='ocrx_word' id='word_1_603' title='bbox 1366 4403 1607 4457; x_wconf 83' lang='lat' dir='ltr'><strong>peccare,</strong></span> <span class='ocrx_word' id='word_1_604' title='bbox 1628 4407 1790 4460; x_wconf 91' lang='lat' dir='ltr'><strong>quam</strong></span> <span class='ocrx_word' id='word_1_605' title='bbox 1807 4392 2060 4460; x_wconf 89' lang='lat' dir='ltr'><strong>cuiquam</strong></span> <span class='ocrx_word' id='word_1_606' title='bbox 2080 4392 2260 4446; x_wconf 90' lang='lat' dir='ltr'><strong>minus</strong></span> <span class='ocrx_word' id='word_1_607' title='bbox 2279 4392 2528 4463; x_wconf 87' lang='lat' dir='ltr'><strong>prudenti</strong></span> <span class='ocrx_word' id='word_1_608' title='bbox 2546 4407 2651 4446; x_wconf 91' lang='lat' dir='ltr'><strong>non</strong></span> <span class='ocrx_word' id='word_1_609' title='bbox 2681 4390 2817 4445; x_wconf 88' lang='lat' dir='ltr'><strong>satis</strong></span> <span class='ocrx_word' id='word_1_610' title='bbox 2836 4398 3026 4459; x_wconf 85' lang='lat' dir='ltr'><strong>gratus</strong></span> <span class='ocrx_word' id='word_1_611' title='bbox 3059 4387 3254 4443; x_wconf 87' lang='lat' dir='ltr'><strong>videri.</strong></span> <span class='ocrx_word' id='word_1_612' title='bbox 3276 4386 3394 4441; x_wconf 87' lang='lat' dir='ltr'><strong>Non</strong></span> <span class='ocrx_word' id='word_1_613' title='bbox 3420 4389 3562 4442; x_wconf 90' lang='lat' dir='ltr'><strong>enim</strong></span> <span class='ocrx_word' id='word_1_614' title='bbox 3585 4387 3746 4441; x_wconf 82' lang='lat' dir='ltr'><strong>video</strong></span> 
     </span>
    </p>
   </div>
   <div class='ocr_carea' id='block_1_44' title="bbox 475 4475 3742 4553">
    <p class='ocr_par' dir='ltr' id='par_1_44' title="bbox 475 4475 3742 4553">
     <span class='ocr_line' id='line_1_44' title="bbox 475 4475 3742 4553; baseline 0.003 -29"><span class='ocrx_word' id='word_1_615' title='bbox 475 4485 578 4525; x_wconf 91' lang='lat' dir='ltr'><strong>nec</strong></span> <span class='ocrx_word' id='word_1_616' title='bbox 617 4486 835 4542; x_wconf 86' lang='lat' dir='ltr'><strong>sperare</strong></span> <span class='ocrx_word' id='word_1_617' title='bbox 858 4490 1075 4543; x_wconf 89' lang='lat' dir='ltr'><strong>possum</strong></span> <span class='ocrx_word' id='word_1_618' title='bbox 1115 4475 1232 4533; x_wconf 88' lang='lat' dir='ltr'><strong>fore</strong></span> <span class='ocrx_word' id='word_1_619' title='bbox 1257 4478 1557 4549; x_wconf 87' lang='lat' dir='ltr'><strong>aliquando</strong></span> <span class='ocrx_word' id='word_1_620' title='bbox 1579 4489 1815 4552; x_wconf 89' lang='lat' dir='ltr'><strong>tempus,</strong></span> <span class='ocrx_word' id='word_1_621' title='bbox 1853 4499 1962 4552; x_wconf 88' lang='lat' dir='ltr'><strong>quo</strong></span> <span class='ocrx_word' id='word_1_622' title='bbox 1986 4484 2094 4537; x_wconf 91' lang='lat' dir='ltr'><strong>alio</strong></span> <span class='ocrx_word' id='word_1_623' title='bbox 2116 4484 2276 4538; x_wconf 86' lang='lat' dir='ltr'><strong>oflicii</strong></span> <span class='ocrx_word' id='word_1_624' title='bbox 2316 4498 2516 4553; x_wconf 82' lang='lat' dir='ltr'><strong>genere</strong></span> <span class='ocrx_word' id='word_1_625' title='bbox 2543 4490 2707 4552; x_wconf 88' lang='lat' dir='ltr'><strong>atque</strong></span> <span class='ocrx_word' id='word_1_626' title='bbox 2737 4482 2864 4543; x_wconf 89' lang='lat' dir='ltr'><strong>hoc,</strong></span> <span class='ocrx_word' id='word_1_627' title='bbox 2892 4488 3073 4536; x_wconf 86' lang='lat' dir='ltr'><strong>vestra</strong></span> <span class='ocrx_word' id='word_1_628' title='bbox 3108 4481 3369 4536; x_wconf 84' lang='lat' dir='ltr'><strong>beneficia</strong></span> <span class='ocrx_word' id='word_1_629' title='bbox 3404 4482 3742 4536; x_wconf 89' lang='lat' dir='ltr'><strong>remunerari</strong></span> 
     </span>
    </p>
   </div>
   <div class='ocr_carea' id='block_1_45' title="bbox 476 4565 3745 4645">
    <p class='ocr_par' dir='ltr' id='par_1_45' title="bbox 476 4565 3745 4645">
     <span class='ocr_line' id='line_1_45' title="bbox 476 4565 3745 4645; baseline 0.002 -29"><span class='ocrx_word' id='word_1_630' title='bbox 476 4565 706 4633; x_wconf 86' lang='lat' dir='ltr'><strong>possim,</strong></span> <span class='ocrx_word' id='word_1_631' title='bbox 769 4566 975 4636; x_wconf 85' lang='lat' dir='ltr'><strong>quippe</strong></span> <span class='ocrx_word' id='word_1_632' title='bbox 1013 4584 1137 4622; x_wconf 90' lang='lat' dir='ltr'><strong>cum</strong></span> <span class='ocrx_word' id='word_1_633' title='bbox 1182 4570 1314 4624; x_wconf 89' lang='lat' dir='ltr'><strong>nihil</strong></span> <span class='ocrx_word' id='word_1_634' title='bbox 1355 4573 1487 4627; x_wconf 87' lang='lat' dir='ltr'><strong>mibi</strong></span> <span class='ocrx_word' id='word_1_635' title='bbox 1544 4582 1796 4645; x_wconf 86' lang='lat' dir='ltr'><strong>suppetat</strong></span> <span class='ocrx_word' id='word_1_636' title='bbox 1856 4583 2055 4644; x_wconf 61' lang='lat' dir='ltr'><strong>prieter</strong></span> <span class='ocrx_word' id='word_1_637' title='bbox 2105 4576 2467 4630; x_wconf 87' lang='lat' dir='ltr'><strong>voluntatem.</strong></span> <span class='ocrx_word' id='word_1_638' title='bbox 2524 4572 2642 4628; x_wconf 85' lang='lat' dir='ltr'><strong>Huc</strong></span> <span class='ocrx_word' id='word_1_639' title='bbox 2683 4573 2896 4628; x_wconf 87' lang='lat' dir='ltr'><strong>accedit</strong></span> <span class='ocrx_word' id='word_1_640' title='bbox 2933 4572 3080 4643; x_wconf 88' lang='lat' dir='ltr'><strong>quod</strong></span> <span class='ocrx_word' id='word_1_641' title='bbox 3120 4571 3372 4627; x_wconf 88' lang='lat' dir='ltr'><strong>videbam</strong></span> <span class='ocrx_word' id='word_1_642' title='bbox 3407 4570 3552 4627; x_wconf 89' lang='lat' dir='ltr'><strong>haud</strong></span> <span class='ocrx_word' id='word_1_643' title='bbox 3581 4568 3745 4624; x_wconf 79' lang='lat' dir='ltr'><strong>facile</strong></span> 
     </span>
    </p>
   </div>
   <div class='ocr_carea' id='block_1_46' title="bbox 476 4655 3743 4737">
    <p class='ocr_par' dir='ltr' id='par_1_46' title="bbox 476 4655 3743 4737">
     <span class='ocr_line' id='line_1_46' title="bbox 476 4655 3743 4737; baseline 0.001 -28"><span class='ocrx_word' id='word_1_644' title='bbox 476 4655 617 4710; x_wconf 84' lang='lat' dir='ltr'><strong>alios</strong></span> <span class='ocrx_word' id='word_1_645' title='bbox 663 4672 731 4711; x_wconf 76' lang='lat' dir='ltr'><strong>ex</strong></span> <span class='ocrx_word' id='word_1_646' title='bbox 792 4673 1024 4712; x_wconf 90' lang='lat' dir='ltr'><strong>numero</strong></span> <span class='ocrx_word' id='word_1_647' title='bbox 1059 4662 1359 4716; x_wconf 77' lang='lat' dir='ltr'><strong>amicorum</strong></span> <span class='ocrx_word' id='word_1_648' title='bbox 1404 4674 1601 4732; x_wconf 73' lang='lat' dir='ltr'><strong>praeter</strong></span> <span class='ocrx_word' id='word_1_649' title='bbox 1634 4680 1731 4718; x_wconf 87' lang='lat' dir='ltr'><strong>vos</strong></span> <span class='ocrx_word' id='word_1_650' title='bbox 1769 4681 1853 4720; x_wconf 91' lang='lat' dir='ltr'><strong>me</strong></span> <span class='ocrx_word' id='word_1_651' title='bbox 1888 4667 2131 4737; x_wconf 87' lang='lat' dir='ltr'><strong>reperire</strong></span> <span class='ocrx_word' id='word_1_652' title='bbox 2174 4682 2356 4736; x_wconf 89' lang='lat' dir='ltr'><strong>posse,</strong></span> <span class='ocrx_word' id='word_1_653' title='bbox 2404 4667 2496 4736; x_wconf 85' lang='lat' dir='ltr'><strong>qui</strong></span> <span class='ocrx_word' id='word_1_654' title='bbox 2533 4680 2656 4719; x_wconf 92' lang='lat' dir='ltr'><strong>cum</strong></span> <span class='ocrx_word' id='word_1_655' title='bbox 2696 4672 2918 4734; x_wconf 84' lang='lat' dir='ltr'><strong>propter</strong></span> <span class='ocrx_word' id='word_1_656' title='bbox 2941 4664 3228 4733; x_wconf 87' lang='lat' dir='ltr'><strong>utriusque</strong></span> <span class='ocrx_word' id='word_1_657' title='bbox 3260 4664 3454 4732; x_wconf 67' lang='lat' dir='ltr'><strong>linguae</strong></span> <span class='ocrx_word' id='word_1_658' title='bbox 3487 4661 3743 4732; x_wconf 86' lang='lat' dir='ltr'><strong>peritiam</strong></span> 
     </span>
    </p>
   </div>
   <div class='ocr_carea' id='block_1_47' title="bbox 480 4751 3745 4831">
    <p class='ocr_par' dir='ltr' id='par_1_47' title="bbox 480 4751 3745 4831">
     <span class='ocr_line' id='line_1_47' title="bbox 480 4751 3745 4831; baseline 0.001 -27"><span class='ocrx_word' id='word_1_659' title='bbox 480 4751 622 4808; x_wconf 87' lang='lat' dir='ltr'><strong>haud</strong></span> <span class='ocrx_word' id='word_1_660' title='bbox 661 4756 934 4825; x_wconf 82' lang='lat' dir='ltr'><strong>vulgarem</strong></span> <span class='ocrx_word' id='word_1_661' title='bbox 968 4757 1173 4826; x_wconf 88' lang='lat' dir='ltr'><strong>optimc</strong></span> <span class='ocrx_word' id='word_1_662' title='bbox 1225 4760 1293 4814; x_wconf 90' lang='lat' dir='ltr'><strong>de</strong></span> <span class='ocrx_word' id='word_1_663' title='bbox 1345 4761 1657 4829; x_wconf 88' lang='lat' dir='ltr'><strong>bnjusmodi</strong></span> <span class='ocrx_word' id='word_1_664' title='bbox 1717 4763 1938 4831; x_wconf 88' lang='lat' dir='ltr'><strong>scriptis</strong></span> <span class='ocrx_word' id='word_1_665' title='bbox 1990 4762 2243 4831; x_wconf 88' lang='lat' dir='ltr'><strong>judicare</strong></span> <span class='ocrx_word' id='word_1_666' title='bbox 2275 4769 2516 4831; x_wconf 89' lang='lat' dir='ltr'><strong>possent,</strong></span> <span class='ocrx_word' id='word_1_667' title='bbox 2571 4770 2685 4815; x_wconf 91' lang='lat' dir='ltr'><strong>tum</strong></span> <span class='ocrx_word' id='word_1_668' title='bbox 2738 4758 2973 4815; x_wconf 81' lang='lat' dir='ltr'><strong>candide</strong></span> <span class='ocrx_word' id='word_1_669' title='bbox 2997 4769 3161 4827; x_wconf 89' lang='lat' dir='ltr'><strong>atque</strong></span> <span class='ocrx_word' id='word_1_670' title='bbox 3199 4758 3415 4813; x_wconf 89' lang='lat' dir='ltr'><strong>sincere</strong></span> <span class='ocrx_word' id='word_1_671' title='bbox 3441 4754 3745 4824; x_wconf 87' lang='lat' dir='ltr'><strong>judicaturi</strong></span> 
     </span>
    </p>
   </div>
   <div class='ocr_carea' id='block_1_48' title="bbox 481 4847 3749 4923">
    <p class='ocr_par' dir='ltr' id='par_1_48' title="bbox 481 4847 3749 4923">
     <span class='ocr_line' id='line_1_48' title="bbox 481 4847 3749 4923; baseline 0.001 -27"><span class='ocrx_word' id='word_1_672' title='bbox 481 4852 686 4899; x_wconf 76' lang='lat' dir='ltr'><strong>essent.</strong></span> <span class='ocrx_word' id='word_1_673' title='bbox 716 4847 1084 4913; x_wconf 86' lang='lat' dir='ltr'><strong>Quamobrem</strong></span> <span class='ocrx_word' id='word_1_674' title='bbox 1114 4868 1143 4906; x_wconf 92' lang='lat' dir='ltr'><strong>a</strong></span> <span class='ocrx_word' id='word_1_675' title='bbox 1172 4852 1326 4908; x_wconf 78' lang='lat' dir='ltr'><strong>vobis</strong></span> <span class='ocrx_word' id='word_1_676' title='bbox 1361 4870 1459 4923; x_wconf 90' lang='lat' dir='ltr'><strong>pro</strong></span> <span class='ocrx_word' id='word_1_677' title='bbox 1493 4864 1673 4909; x_wconf 82' lang='lat' dir='ltr'><strong>vestra</strong></span> <span class='ocrx_word' id='word_1_678' title='bbox 1712 4854 1765 4908; x_wconf 93' lang='lat' dir='ltr'><strong>in</strong></span> <span class='ocrx_word' id='word_1_679' title='bbox 1809 4871 1892 4909; x_wconf 91' lang='lat' dir='ltr'><strong>me</strong></span> <span class='ocrx_word' id='word_1_680' title='bbox 1922 4864 2185 4923; x_wconf 90' lang='lat' dir='ltr'><strong>perpetua</strong></span> <span class='ocrx_word' id='word_1_681' title='bbox 2211 4869 2275 4907; x_wconf 89' lang='lat' dir='ltr'><strong>ac</strong></span> <span class='ocrx_word' id='word_1_682' title='bbox 2310 4854 2546 4908; x_wconf 76' lang='lat' dir='ltr'><strong>maxima</strong></span> <span class='ocrx_word' id='word_1_683' title='bbox 2570 4851 2947 4909; x_wconf 89' lang='lat' dir='ltr'><strong>benevolentia</strong></span> <span class='ocrx_word' id='word_1_684' title='bbox 2975 4851 3238 4920; x_wconf 88' lang='lat' dir='ltr'><strong>majorem</strong></span> <span class='ocrx_word' id='word_1_685' title='bbox 3277 4849 3331 4902; x_wconf 92' lang='lat' dir='ltr'><strong>in</strong></span> <span class='ocrx_word' id='word_1_686' title='bbox 3372 4848 3592 4902; x_wconf 84' lang='lat' dir='ltr'><strong>modum</strong></span> <span class='ocrx_word' id='word_1_687' title='bbox 3620 4853 3749 4915; x_wconf 87' lang='lat' dir='ltr'><strong>peto</strong></span> 
     </span>
    </p>
   </div>
   <div class='ocr_carea' id='block_1_49' title="bbox 479 4937 3751 5014">
    <p class='ocr_par' dir='ltr' id='par_1_49' title="bbox 479 4937 3751 5014">
     <span class='ocr_line' id='line_1_49' title="bbox 479 4937 3751 5014; baseline -0.001 -23"><span class='ocrx_word' id='word_1_688' title='bbox 479 4953 797 5010; x_wconf 66' lang='lat' dir='ltr'><strong>quaesoque,</strong></span> <span class='ocrx_word' id='word_1_689' title='bbox 827 4950 885 4994; x_wconf 93' lang='lat' dir='ltr'><strong>ut</strong></span> <span class='ocrx_word' id='word_1_690' title='bbox 909 4941 1053 4998; x_wconf 90' lang='lat' dir='ltr'><strong>hunc</strong></span> <span class='ocrx_word' id='word_1_691' title='bbox 1088 4959 1311 5013; x_wconf 87' lang='lat' dir='ltr'><strong>parvum</strong></span> <span class='ocrx_word' id='word_1_692' title='bbox 1337 4955 1392 5000; x_wconf 89' lang='lat' dir='ltr'><strong>et</strong></span> <span class='ocrx_word' id='word_1_693' title='bbox 1419 4946 1675 5012; x_wconf 79' lang='lat' dir='ltr'><strong>exiguum</strong></span> <span class='ocrx_word' id='word_1_694' title='bbox 1710 4953 1948 5013; x_wconf 90' lang='lat' dir='ltr'><strong>partum,</strong></span> <span class='ocrx_word' id='word_1_695' title='bbox 1979 4958 2140 5014; x_wconf 91' lang='lat' dir='ltr'><strong>quem</strong></span> <span class='ocrx_word' id='word_1_696' title='bbox 2168 4944 2323 4998; x_wconf 85' lang='lat' dir='ltr'><strong>vobis</strong></span> <span class='ocrx_word' id='word_1_697' title='bbox 2357 4944 2410 4998; x_wconf 89' lang='lat' dir='ltr'><strong>in</strong></span> <span class='ocrx_word' id='word_1_698' title='bbox 2443 4943 2750 4998; x_wconf 87' lang='lat' dir='ltr'><strong>clientelam</strong></span> <span class='ocrx_word' id='word_1_699' title='bbox 2783 4949 2837 4996; x_wconf 88' lang='lat' dir='ltr'><strong>et</strong></span> <span class='ocrx_word' id='word_1_700' title='bbox 2871 4941 3030 4996; x_wconf 86' lang='lat' dir='ltr'><strong>fidem</strong></span> <span class='ocrx_word' id='word_1_701' title='bbox 3062 4940 3407 5005; x_wconf 87' lang='lat' dir='ltr'><strong>commendo,</strong></span> <span class='ocrx_word' id='word_1_702' title='bbox 3438 4939 3508 4995; x_wconf 86' lang='lat' dir='ltr'><strong>ab</strong></span> <span class='ocrx_word' id='word_1_703' title='bbox 3547 4937 3751 4997; x_wconf 66' lang='lat' dir='ltr'><strong>invidis</strong></span> 
     </span>
    </p>
   </div>
   <div class='ocr_carea' id='block_1_50' title="bbox 480 5030 3749 5109">
    <p class='ocr_par' dir='ltr' id='par_1_50' title="bbox 480 5030 3749 5109">
     <span class='ocr_line' id='line_1_50' title="bbox 480 5030 3749 5109; baseline -0 -25"><span class='ocrx_word' id='word_1_704' title='bbox 480 5030 629 5085; x_wconf 88' lang='lat' dir='ltr'><strong>onmi</strong></span> <span class='ocrx_word' id='word_1_705' title='bbox 671 5044 776 5100; x_wconf 89' lang='lat' dir='ltr'><strong>ope</strong></span> <span class='ocrx_word' id='word_1_706' title='bbox 800 5033 964 5099; x_wconf 90' lang='lat' dir='ltr'><strong>tueri,</strong></span> <span class='ocrx_word' id='word_1_707' title='bbox 994 5050 1023 5088; x_wconf 90' lang='lat' dir='ltr'><strong>a</strong></span> <span class='ocrx_word' id='word_1_708' title='bbox 1054 5035 1548 5090; x_wconf 83' lang='lat' dir='ltr'><strong>calumniatoribus</strong></span> <span class='ocrx_word' id='word_1_709' title='bbox 1577 5045 1629 5089; x_wconf 88' lang='lat' dir='ltr'><strong>et</strong></span> <span class='ocrx_word' id='word_1_710' title='bbox 1656 5036 2124 5091; x_wconf 87' lang='lat' dir='ltr'><strong>obtrectatoribus</strong></span> <span class='ocrx_word' id='word_1_711' title='bbox 2161 5035 2420 5109; x_wconf 78' lang='lat' dir='ltr'><strong>omnibus</strong></span> <span class='ocrx_word' id='word_1_712' title='bbox 2456 5036 2664 5090; x_wconf 67' lang='lat' dir='ltr'><strong>viribus</strong></span> <span class='ocrx_word' id='word_1_713' title='bbox 2698 5032 2993 5089; x_wconf 88' lang='lat' dir='ltr'><strong>defendere</strong></span> <span class='ocrx_word' id='word_1_714' title='bbox 3026 5031 3205 5087; x_wconf 85' lang='lat' dir='ltr'><strong>velitis</strong></span> <span class='ocrx_word' id='word_1_715' title='bbox 3240 5048 3261 5085; x_wconf 83' lang='lat'><strong>:</strong></span> <span class='ocrx_word' id='word_1_716' title='bbox 3295 5031 3389 5100; x_wconf 87' lang='lat' dir='ltr'><strong>qui</strong></span> <span class='ocrx_word' id='word_1_717' title='bbox 3425 5030 3470 5086; x_wconf 93' lang='lat' dir='ltr'><strong>si</strong></span> <span class='ocrx_word' id='word_1_718' title='bbox 3516 5045 3546 5084; x_wconf 90' lang='lat' dir='ltr'><strong>a</strong></span> <span class='ocrx_word' id='word_1_719' title='bbox 3590 5031 3749 5083; x_wconf 85' lang='lat' dir='ltr'><strong>vobis</strong></span> 
     </span>
    </p>
   </div>
   <div class='ocr_carea' id='block_1_51' title="bbox 480 5120 3746 5195">
    <p class='ocr_par' dir='ltr' id='par_1_51' title="bbox 480 5120 3746 5195">
     <span class='ocr_line' id='line_1_51' title="bbox 480 5120 3746 5195; baseline -0.001 -17"><span class='ocrx_word' id='word_1_720' title='bbox 480 5124 678 5195; x_wconf 84' lang='lat' dir='ltr'><strong>dignus</strong></span> <span class='ocrx_word' id='word_1_721' title='bbox 731 5123 1005 5193; x_wconf 88' lang='lat' dir='ltr'><strong>judicatus</strong></span> <span class='ocrx_word' id='word_1_722' title='bbox 1061 5125 1222 5180; x_wconf 84' lang='lat' dir='ltr'><strong>fuerit</strong></span> <span class='ocrx_word' id='word_1_723' title='bbox 1270 5140 1429 5195; x_wconf 87' lang='lat' dir='ltr'><strong>quem</strong></span> <span class='ocrx_word' id='word_1_724' title='bbox 1480 5125 1905 5195; x_wconf 78' lang='lat' dir='ltr'><strong>amplectamiui,</strong></span> <span class='ocrx_word' id='word_1_725' title='bbox 1956 5142 2119 5195; x_wconf 88' lang='lat' dir='ltr'><strong>quem</strong></span> <span class='ocrx_word' id='word_1_726' title='bbox 2182 5126 2235 5180; x_wconf 93' lang='lat' dir='ltr'><strong>in</strong></span> <span class='ocrx_word' id='word_1_727' title='bbox 2284 5125 2545 5180; x_wconf 87' lang='lat' dir='ltr'><strong>familiam</strong></span> <span class='ocrx_word' id='word_1_728' title='bbox 2604 5136 2839 5181; x_wconf 85' lang='lat' dir='ltr'><strong>vestram</strong></span> <span class='ocrx_word' id='word_1_729' title='bbox 2913 5123 3193 5192; x_wconf 88' lang='lat' dir='ltr'><strong>recipiatis</strong></span> <span class='ocrx_word' id='word_1_730' title='bbox 3221 5131 3387 5192; x_wconf 89' lang='lat' dir='ltr'><strong>atque</strong></span> <span class='ocrx_word' id='word_1_731' title='bbox 3414 5120 3665 5187; x_wconf 83' lang='lat' dir='ltr'><strong>foveatis,</strong></span> <span class='ocrx_word' id='word_1_732' title='bbox 3698 5121 3746 5173; x_wconf 87' lang='lat' dir='ltr'><strong>si</strong></span> 
     </span>
    </p>
   </div>
   <div class='ocr_carea' id='block_1_52' title="bbox 486 5213 3748 5291">
    <p class='ocr_par' dir='ltr' id='par_1_52' title="bbox 486 5213 3748 5291">
     <span class='ocr_line' id='line_1_52' title="bbox 486 5213 3748 5291; baseline -0.002 -18"><span class='ocrx_word' id='word_1_733' title='bbox 486 5220 808 5277; x_wconf 87' lang='lat' dir='ltr'><strong>hominibus</strong></span> <span class='ocrx_word' id='word_1_734' title='bbox 849 5224 954 5290; x_wconf 91' lang='lat' dir='ltr'><strong>piis</strong></span> <span class='ocrx_word' id='word_1_735' title='bbox 984 5233 1030 5276; x_wconf 88' lang='lat' dir='ltr'><strong>et</strong></span> <span class='ocrx_word' id='word_1_736' title='bbox 1059 5221 1326 5276; x_wconf 88' lang='lat' dir='ltr'><strong>studiosis</strong></span> <span class='ocrx_word' id='word_1_737' title='bbox 1357 5221 1655 5291; x_wconf 85' lang='lat' dir='ltr'><strong>aliquando</strong></span> <span class='ocrx_word' id='word_1_738' title='bbox 1689 5221 1842 5276; x_wconf 90' lang='lat' dir='ltr'><strong>utilis</strong></span> <span class='ocrx_word' id='word_1_739' title='bbox 1883 5220 2069 5285; x_wconf 82' lang='lat' dir='ltr'><strong>fuerit,</strong></span> <span class='ocrx_word' id='word_1_740' title='bbox 2102 5221 2241 5276; x_wconf 78' lang='lat' dir='ltr'><strong>nihil</strong></span> <span class='ocrx_word' id='word_1_741' title='bbox 2278 5221 2411 5275; x_wconf 87' lang='lat' dir='ltr'><strong>mihi</strong></span> <span class='ocrx_word' id='word_1_742' title='bbox 2462 5221 2589 5275; x_wconf 89' lang='lat' dir='ltr'><strong>istic</strong></span> <span class='ocrx_word' id='word_1_743' title='bbox 2635 5218 2946 5282; x_wconf 87' lang='lat' dir='ltr'><strong>vindicabo,</strong></span> <span class='ocrx_word' id='word_1_744' title='bbox 3005 5217 3061 5272; x_wconf 91' lang='lat' dir='ltr'><strong>in</strong></span> <span class='ocrx_word' id='word_1_745' title='bbox 3096 5231 3196 5272; x_wconf 91' lang='lat' dir='ltr'><strong>vos</strong></span> <span class='ocrx_word' id='word_1_746' title='bbox 3233 5231 3428 5272; x_wconf 86' lang='lat' dir='ltr'><strong>omnes</strong></span> <span class='ocrx_word' id='word_1_747' title='bbox 3454 5230 3635 5270; x_wconf 88' lang='lat' dir='ltr'><strong>meum</strong></span> <span class='ocrx_word' id='word_1_748' title='bbox 3653 5213 3748 5283; x_wconf 88' lang='lat' dir='ltr'><strong>jus</strong></span> 
     </span>
    </p>
   </div>
   <div class='ocr_carea' id='block_1_53' title="bbox 483 5307 3751 5382">
    <p class='ocr_par' dir='ltr' id='par_1_53' title="bbox 483 5307 3751 5382">
     <span class='ocr_line' id='line_1_53' title="bbox 483 5307 3751 5382; baseline -0.002 -13"><span class='ocrx_word' id='word_1_749' title='bbox 483 5313 780 5376; x_wconf 87' lang='lat' dir='ltr'><strong>transfero,</strong></span> <span class='ocrx_word' id='word_1_750' title='bbox 808 5328 1042 5381; x_wconf 88' lang='lat' dir='ltr'><strong>quorum</strong></span> <span class='ocrx_word' id='word_1_751' title='bbox 1076 5311 1276 5381; x_wconf 87' lang='lat' dir='ltr'><strong>opibus</strong></span> <span class='ocrx_word' id='word_1_752' title='bbox 1307 5314 1530 5382; x_wconf 86' lang='lat' dir='ltr'><strong>adjutus</strong></span> <span class='ocrx_word' id='word_1_753' title='bbox 1563 5322 1614 5367; x_wconf 88' lang='lat' dir='ltr'><strong>et</strong></span> <span class='ocrx_word' id='word_1_754' title='bbox 1643 5322 2007 5380; x_wconf 85' lang='lat' dir='ltr'><strong>sustentatus,</strong></span> <span class='ocrx_word' id='word_1_755' title='bbox 2047 5313 2195 5368; x_wconf 88' lang='lat' dir='ltr'><strong>hunc</strong></span> <span class='ocrx_word' id='word_1_756' title='bbox 2227 5313 2413 5368; x_wconf 75' lang='lat' dir='ltr'><strong>fmtum</strong></span> <span class='ocrx_word' id='word_1_757' title='bbox 2449 5311 2681 5380; x_wconf 81' lang='lat' dir='ltr'><strong>produxi</strong></span> <span class='ocrx_word' id='word_1_758' title='bbox 2736 5329 2750 5364; x_wconf 90' lang='lat'><strong>:</strong></span> <span class='ocrx_word' id='word_1_759' title='bbox 2807 5309 2901 5379; x_wconf 88' lang='lat' dir='ltr'><strong>qui</strong></span> <span class='ocrx_word' id='word_1_760' title='bbox 2932 5308 3110 5364; x_wconf 89' lang='lat' dir='ltr'><strong>sicubi</strong></span> <span class='ocrx_word' id='word_1_761' title='bbox 3146 5307 3448 5364; x_wconf 81' lang='lat' dir='ltr'><strong>deformior</strong></span> <span class='ocrx_word' id='word_1_762' title='bbox 3492 5308 3751 5363; x_wconf 86' lang='lat' dir='ltr'><strong>minusve</strong></span> 
     </span>
    </p>
   </div>
   <div class='ocr_carea' id='block_1_54' title="bbox 485 5398 3753 5474">
    <p class='ocr_par' dir='ltr' id='par_1_54' title="bbox 485 5398 3753 5474">
     <span class='ocr_line' id='line_1_54' title="bbox 485 5398 3753 5474; baseline -0.002 -15"><span class='ocrx_word' id='word_1_763' title='bbox 485 5405 759 5474; x_wconf 88' lang='lat' dir='ltr'><strong>perfectus</strong></span> <span class='ocrx_word' id='word_1_764' title='bbox 791 5413 847 5457; x_wconf 92' lang='lat' dir='ltr'><strong>et</strong></span> <span class='ocrx_word' id='word_1_765' title='bbox 899 5404 952 5457; x_wconf 91' lang='lat' dir='ltr'><strong>in</strong></span> <span class='ocrx_word' id='word_1_766' title='bbox 998 5402 1177 5472; x_wconf 88' lang='lat' dir='ltr'><strong>aliqua</strong></span> <span class='ocrx_word' id='word_1_767' title='bbox 1216 5415 1367 5473; x_wconf 87' lang='lat' dir='ltr'><strong>parte</strong></span> <span class='ocrx_word' id='word_1_768' title='bbox 1401 5403 1484 5459; x_wconf 89' lang='lat' dir='ltr'><strong>sui</strong></span> <span class='ocrx_word' id='word_1_769' title='bbox 1527 5403 1749 5457; x_wconf 89' lang='lat' dir='ltr'><strong>mutilus</strong></span> <span class='ocrx_word' id='word_1_770' title='bbox 1779 5418 1842 5459; x_wconf 89' lang='lat' dir='ltr'><strong>ac</strong></span> <span class='ocrx_word' id='word_1_771' title='bbox 1872 5403 2201 5474; x_wconf 83' lang='lat' dir='ltr'><strong>dcpravalus</strong></span> <span class='ocrx_word' id='word_1_772' title='bbox 2236 5403 2573 5474; x_wconf 87' lang='lat' dir='ltr'><strong>apparuerit,</strong></span> <span class='ocrx_word' id='word_1_773' title='bbox 2620 5402 2722 5456; x_wconf 88' lang='lat' dir='ltr'><strong>hoc</strong></span> <span class='ocrx_word' id='word_1_774' title='bbox 2754 5401 2950 5472; x_wconf 84' lang='lat' dir='ltr'><strong>partim</strong></span> <span class='ocrx_word' id='word_1_775' title='bbox 2985 5400 3135 5454; x_wconf 85' lang='lat' dir='ltr'><strong>vitiis</strong></span> <span class='ocrx_word' id='word_1_776' title='bbox 3159 5399 3353 5455; x_wconf 89' lang='lat' dir='ltr'><strong>matris</strong></span> <span class='ocrx_word' id='word_1_777' title='bbox 3371 5398 3591 5461; x_wconf 61' lang='lat' dir='ltr'><strong>Graeca),</strong></span> <span class='ocrx_word' id='word_1_778' title='bbox 3623 5410 3753 5466; x_wconf 61' lang='lat' dir='ltr'><strong>qua</strong></span> 
     </span>
    </p>
   </div>
   <div class='ocr_carea' id='block_1_55' title="bbox 488 5495 3752 5569">
    <p class='ocr_par' dir='ltr' id='par_1_55' title="bbox 488 5495 3752 5569">
     <span class='ocr_line' id='line_1_55' title="bbox 488 5495 3752 5569; baseline -0.002 -17"><span class='ocrx_word' id='word_1_779' title='bbox 488 5499 620 5553; x_wconf 74' lang='lat' dir='ltr'><strong>mihi</strong></span> <span class='ocrx_word' id='word_1_780' title='bbox 651 5497 794 5552; x_wconf 88' lang='lat' dir='ltr'><strong>haud</strong></span> <span class='ocrx_word' id='word_1_781' title='bbox 824 5500 1140 5569; x_wconf 88' lang='lat' dir='ltr'><strong>incorrupta</strong></span> <span class='ocrx_word' id='word_1_782' title='bbox 1161 5500 1451 5554; x_wconf 88' lang='lat' dir='ltr'><strong>conciliata</strong></span> <span class='ocrx_word' id='word_1_783' title='bbox 1483 5505 1586 5563; x_wconf 88' lang='lat' dir='ltr'><strong>est,</strong></span> <span class='ocrx_word' id='word_1_784' title='bbox 1614 5498 1964 5552; x_wconf 86' lang='lat' dir='ltr'><strong>attribuitote</strong></span> <span class='ocrx_word' id='word_1_785' title='bbox 2002 5514 2014 5550; x_wconf 90' lang='lat'><strong>:</strong></span> <span class='ocrx_word' id='word_1_786' title='bbox 2052 5498 2251 5566; x_wconf 89' lang='lat' dir='ltr'><strong>partim</strong></span> <span class='ocrx_word' id='word_1_787' title='bbox 2288 5514 2419 5553; x_wconf 76' lang='lat' dir='ltr'><strong>mea:</strong></span> <span class='ocrx_word' id='word_1_788' title='bbox 2444 5495 2787 5552; x_wconf 88' lang='lat' dir='ltr'><strong>inbecillitati</strong></span> <span class='ocrx_word' id='word_1_789' title='bbox 2814 5495 3173 5567; x_wconf 83' lang='lat' dir='ltr'><strong>assignatote,</strong></span> <span class='ocrx_word' id='word_1_790' title='bbox 3209 5510 3240 5549; x_wconf 91' lang='lat' dir='ltr'><strong>a</strong></span> <span class='ocrx_word' id='word_1_791' title='bbox 3291 5508 3422 5563; x_wconf 88' lang='lat' dir='ltr'><strong>quo,</strong></span> <span class='ocrx_word' id='word_1_792' title='bbox 3453 5499 3752 5560; x_wconf 85' lang='lat' dir='ltr'><strong>superante</strong></span> 
     </span>
    </p>
   </div>
   <div class='ocr_carea' id='block_1_56' title="bbox 489 5584 3752 5661">
    <p class='ocr_par' dir='ltr' id='par_1_56' title="bbox 489 5584 3752 5661">
     <span class='ocr_line' id='line_1_56' title="bbox 489 5584 3752 5661; baseline -0.002 -17"><span class='ocrx_word' id='word_1_793' title='bbox 489 5590 634 5644; x_wconf 82' lang='lat' dir='ltr'><strong>malo</strong></span> <span class='ocrx_word' id='word_1_794' title='bbox 661 5592 807 5645; x_wconf 81' lang='lat' dir='ltr'><strong>vires</strong></span> <span class='ocrx_word' id='word_1_795' title='bbox 845 5599 899 5645; x_wconf 92' lang='lat' dir='ltr'><strong>et</strong></span> <span class='ocrx_word' id='word_1_796' title='bbox 930 5591 1208 5661; x_wconf 83' lang='lat' dir='ltr'><strong>ingenium</strong></span> <span class='ocrx_word' id='word_1_797' title='bbox 1242 5592 1492 5655; x_wconf 86' lang='lat' dir='ltr'><strong>artificis,</strong></span> <span class='ocrx_word' id='word_1_798' title='bbox 1527 5591 1709 5645; x_wconf 88' lang='lat' dir='ltr'><strong>omnia</strong></span> <span class='ocrx_word' id='word_1_799' title='bbox 1770 5588 1972 5660; x_wconf 84' lang='lat' dir='ltr'><strong>corrigi</strong></span> <span class='ocrx_word' id='word_1_800' title='bbox 2026 5599 2082 5643; x_wconf 91' lang='lat' dir='ltr'><strong>et</strong></span> <span class='ocrx_word' id='word_1_801' title='bbox 2137 5588 2416 5643; x_wconf 86' lang='lat' dir='ltr'><strong>emendari</strong></span> <span class='ocrx_word' id='word_1_802' title='bbox 2461 5604 2567 5643; x_wconf 90' lang='lat' dir='ltr'><strong>non</strong></span> <span class='ocrx_word' id='word_1_803' title='bbox 2624 5594 2941 5657; x_wconf 87' lang='lat' dir='ltr'><strong>potuerunt.</strong></span> <span class='ocrx_word' id='word_1_804' title='bbox 2980 5586 3115 5642; x_wconf 70' lang='lat' dir='ltr'><strong>Nam</strong></span> <span class='ocrx_word' id='word_1_805' title='bbox 3146 5586 3191 5643; x_wconf 92' lang='lat' dir='ltr'><strong>si</strong></span> <span class='ocrx_word' id='word_1_806' title='bbox 3224 5587 3348 5657; x_wconf 87' lang='lat' dir='ltr'><strong>quis</strong></span> <span class='ocrx_word' id='word_1_807' title='bbox 3405 5584 3644 5653; x_wconf 88' lang='lat' dir='ltr'><strong>iniquior</strong></span> <span class='ocrx_word' id='word_1_808' title='bbox 3694 5594 3752 5638; x_wconf 88' lang='lat' dir='ltr'><strong>et</strong></span> 
     </span>
    </p>
   </div>
   <div class='ocr_carea' id='block_1_57' title="bbox 494 5673 3746 5750">
    <p class='ocr_par' dir='ltr' id='par_1_57' title="bbox 494 5673 3746 5750">
     <span class='ocr_line' id='line_1_57' title="bbox 494 5673 3746 5750; baseline -0.001 -20"><span class='ocrx_word' id='word_1_809' title='bbox 494 5680 790 5746; x_wconf 83' lang='lat' dir='ltr'><strong>malignior</strong></span> <span class='ocrx_word' id='word_1_810' title='bbox 821 5679 989 5747; x_wconf 81' lang='lat' dir='ltr'><strong>jndex</strong></span> <span class='ocrx_word' id='word_1_811' title='bbox 1033 5685 1170 5745; x_wconf 62' lang='lat' dir='ltr'><strong>haec,</strong></span> <span class='ocrx_word' id='word_1_812' title='bbox 1198 5696 1319 5750; x_wconf 59' lang='lat' dir='ltr'><strong>quae</strong></span> <span class='ocrx_word' id='word_1_813' title='bbox 1356 5681 1424 5735; x_wconf 90' lang='lat' dir='ltr'><strong>de</strong></span> <span class='ocrx_word' id='word_1_814' title='bbox 1459 5681 1649 5735; x_wconf 89' lang='lat' dir='ltr'><strong>matris</strong></span> <span class='ocrx_word' id='word_1_815' title='bbox 1681 5680 1881 5734; x_wconf 64' lang='lat' dir='ltr'><strong>Graecae</strong></span> <span class='ocrx_word' id='word_1_816' title='bbox 1918 5680 2064 5733; x_wconf 84' lang='lat' dir='ltr'><strong>vitiis</strong></span> <span class='ocrx_word' id='word_1_817' title='bbox 2093 5679 2237 5743; x_wconf 83' lang='lat' dir='ltr'><strong>dico,</strong></span> <span class='ocrx_word' id='word_1_818' title='bbox 2278 5680 2458 5733; x_wconf 84' lang='lat' dir='ltr'><strong>minus</strong></span> <span class='ocrx_word' id='word_1_819' title='bbox 2498 5680 2713 5734; x_wconf 88' lang='lat' dir='ltr'><strong>sincera</strong></span> <span class='ocrx_word' id='word_1_820' title='bbox 2747 5689 2911 5748; x_wconf 89' lang='lat' dir='ltr'><strong>atque</strong></span> <span class='ocrx_word' id='word_1_821' title='bbox 2939 5677 3149 5747; x_wconf 79' lang='lat' dir='ltr'><strong>integra</strong></span> <span class='ocrx_word' id='word_1_822' title='bbox 3180 5675 3286 5731; x_wconf 90' lang='lat' dir='ltr'><strong>fide</strong></span> <span class='ocrx_word' id='word_1_823' title='bbox 3324 5691 3354 5730; x_wconf 85' lang='lat' dir='ltr'><strong>a</strong></span> <span class='ocrx_word' id='word_1_824' title='bbox 3400 5691 3487 5729; x_wconf 85' lang='lat' dir='ltr'><strong>nte</strong></span> <span class='ocrx_word' id='word_1_825' title='bbox 3514 5673 3746 5744; x_wconf 90' lang='lat' dir='ltr'><strong>proferri</strong></span> 
     </span>
    </p>
   </div>
   <div class='ocr_carea' id='block_1_58' title="bbox 495 5766 3747 5846">
    <p class='ocr_par' dir='ltr' id='par_1_58' title="bbox 495 5766 3747 5846">
     <span class='ocr_line' id='line_1_58' title="bbox 495 5766 3747 5846; baseline -0.003 -17"><span class='ocrx_word' id='word_1_826' title='bbox 495 5773 889 5843; x_wconf 79' lang='lat' dir='ltr'><strong>suspicabitur.</strong></span> <span class='ocrx_word' id='word_1_827' title='bbox 917 5775 1211 5843; x_wconf 87' lang='lat' dir='ltr'><strong>producam</strong></span> <span class='ocrx_word' id='word_1_828' title='bbox 1265 5792 1454 5831; x_wconf 87' lang='lat' dir='ltr'><strong>eorum</strong></span> <span class='ocrx_word' id='word_1_829' title='bbox 1483 5792 1604 5846; x_wconf 70' lang='lat' dir='ltr'><strong>qttaa</strong></span> <span class='ocrx_word' id='word_1_830' title='bbox 1638 5777 1761 5830; x_wconf 91' lang='lat' dir='ltr'><strong>dico</strong></span> <span class='ocrx_word' id='word_1_831' title='bbox 1797 5774 2291 5844; x_wconf 71' lang='lat' dir='ltr'><strong>locupletissimum</strong></span> <span class='ocrx_word' id='word_1_832' title='bbox 2331 5783 2547 5838; x_wconf 89' lang='lat' dir='ltr'><strong>testem,</strong></span> <span class='ocrx_word' id='word_1_833' title='bbox 2608 5773 2977 5827; x_wconf 86' lang='lat' dir='ltr'><strong>clarissimum</strong></span> <span class='ocrx_word' id='word_1_834' title='bbox 3031 5771 3522 5839; x_wconf 86' lang='lat' dir='ltr'><strong>doetissimumque</strong></span> <span class='ocrx_word' id='word_1_835' title='bbox 3569 5766 3747 5820; x_wconf 83' lang='lat' dir='ltr'><strong>virum</strong></span> 
     </span>
    </p>
   </div>
   <div class='ocr_carea' id='block_1_59' title="bbox 498 5858 3746 5937">
    <p class='ocr_par' dir='ltr' id='par_1_59' title="bbox 498 5858 3746 5937">
     <span class='ocr_line' id='line_1_59' title="bbox 498 5858 3746 5937; baseline -0.002 -18"><span class='ocrx_word' id='word_1_836' title='bbox 498 5865 558 5919; x_wconf 89' lang='lat' dir='ltr'><strong>D.</strong></span> <span class='ocrx_word' id='word_1_837' title='bbox 593 5863 858 5922; x_wconf 77' lang='lat' dir='ltr'><strong>Joattnem</strong></span> <span class='ocrx_word' id='word_1_838' title='bbox 895 5865 1224 5925; x_wconf 90' lang='lat' dir='ltr'><strong>Sambucum</strong></span> <span class='ocrx_word' id='word_1_839' title='bbox 1261 5869 1596 5924; x_wconf 78' lang='lat' dir='ltr'><strong>Pannonium</strong></span> <span class='ocrx_word' id='word_1_840' title='bbox 1632 5886 1643 5920; x_wconf 93' lang='lat'>:</span> <span class='ocrx_word' id='word_1_841' title='bbox 1707 5868 1763 5923; x_wconf 91' lang='lat' dir='ltr'><strong>in</strong></span> <span class='ocrx_word' id='word_1_842' title='bbox 1794 5868 1912 5936; x_wconf 77' lang='lat' dir='ltr'><strong>ejus</strong></span> <span class='ocrx_word' id='word_1_843' title='bbox 1939 5867 2082 5922; x_wconf 87' lang='lat' dir='ltr'><strong>enim</strong></span> <span class='ocrx_word' id='word_1_844' title='bbox 2131 5873 2401 5937; x_wconf 78' lang='lat' dir='ltr'><strong>potestate</strong></span> <span class='ocrx_word' id='word_1_845' title='bbox 2434 5867 2624 5922; x_wconf 71' lang='lat' dir='ltr'><strong>matris</strong></span> <span class='ocrx_word' id='word_1_846' title='bbox 2670 5865 2830 5922; x_wconf 89' lang='lat' dir='ltr'><strong>istius</strong></span> <span class='ocrx_word' id='word_1_847' title='bbox 2863 5873 3115 5936; x_wconf 85' lang='lat' dir='ltr'><strong>parentes</strong></span> <span class='ocrx_word' id='word_1_848' title='bbox 3150 5871 3298 5930; x_wconf 82' lang='lat' dir='ltr'><strong>sunt,</strong></span> <span class='ocrx_word' id='word_1_849' title='bbox 3336 5869 3388 5918; x_wconf 91' lang='lat' dir='ltr'><strong>ct</strong></span> <span class='ocrx_word' id='word_1_850' title='bbox 3417 5858 3746 5925; x_wconf 77' lang='lat' dir='ltr'><strong>clarissima,</strong></span> 
     </span>
    </p>
   </div>
   <div class='ocr_carea' id='block_1_60' title="bbox 710 6046 721 6071">
    <p class='ocr_par' dir='ltr' id='par_1_60' title="bbox 710 6046 721 6071">
     <span class='ocr_line' id='line_1_60' title="bbox 710 6046 721 6071; baseline 0 0"><span class='ocrx_word' id='word_1_851' title='bbox 710 6046 721 6071; x_wconf 62' lang='grc' dir='ltr'>ἱ</span> 
     </span>
    </p>
   </div>
  </div>
