4044 6438
328 387 428 456 ist
1379 367 1804 448 LAURENTII
1833 381 2088 445 51mm
2119 380 2535 446 PR/EFATIO.
3479 391 3589 456 482

327 496 652 569 gravissima
683 495 1108 571 llrmissimaque
1128 504 1348 554 exstant
1380 509 1594 561 eorum,
1621 506 1744 562 qua:
1771 491 1918 558 dico,
1963 491 2121 562 signa
2152 498 2315 562 atque
2361 492 2712 549 documenta.
2741 492 2867 551 llaec
2896 509 2993 553 vos
3046 494 3255 552 ideirco
3286 500 3589 557 monendos

330 607 456 648 esse
477 591 744 663 judicavi,
772 600 833 646 ιιι
863 591 1250 648 instructiores
1279 589 1404 646 sitis
1438 586 1704 642 adversus
1732 599 1828 640 eos
1864 586 1956 654 qui
1989 585 2156 641 istum
2187 583 2381 640 fretum
2423 586 2699 641 voluerint
2736 587 3056 660 impugnare
3083 629 3096 652 ,
3139 603 3267 643 nam
3318 602 3583 661 quantum

326 683 385 738 iu
416 696 504 738 me
535 682 663 747 fuit,
692 684 829 738 nulli
864 699 966 740 nec
993 684 1165 739 labori
1199 697 1301 739 nec
1332 680 1627 751 diligentiae
1657 680 1711 733 in
1743 693 1809 733 eo
1845 678 2101 749 ﬁngendo
2130 686 2296 748 atque
2329 678 2618 734 formando
2646 696 2885 752 unquam
2920 683 3157 752 peperci.
3194 680 3335 747 Quid
3372 684 3588 753 prasti-

321 773 485 829 terim
543 775 751 844 quidve
798 783 1089 831 assecutus
1137 775 1264 840 sim,
1309 773 1572 845 quoniam
1620 779 1839 827 exstant
1897 772 2228 825 documenta
2285 770 2473 828 Graece
2530 781 2697 844 atque
2753 772 2968 838 Latine,
3032 783 3195 845 atque
3251 775 3388 830 adeo
3425 783 3589 832 caete-

328 879 515 919 rorum
545 864 832 919 hominum
869 866 1158 937 utriusque
1185 865 1383 936 linguae
1409 866 1732 934 peritorum,
1761 861 1809 916 si
1840 861 2097 917 vitiorum
2125 860 2290 917 modo
2310 869 2623 917 memorata:
2642 863 2833 918 matris
2852 862 3053 919 (ΣΙ-ξρετε
3083 862 3345 919 rationem
3383 863 3590 919 habue-

330 961 467 1025 ritis,
499 960 712 1031 judicio
750 962 1029 1031 permitto.

395 1048 555 1114 Quod
592 1051 787 1106 attinet
815 1049 884 1104 ad
914 1052 1179 1106 rationem
1215 1058 1546 1122 temporum,
1582 1051 1799 1124 quibus
1830 1050 2026 1105 vixerit
2054 1047 2501 1121 Tlteophylactus
2537 1046 2806 1120 Bulgariae
2837 1051 3306 1123 archiepiscopus,
3338 1050 3583 1107 nondum

328 1140 461 1196 mihi
518 1142 657 1196 satis
689 1153 947 1197 constare
993 1143 1169 1211 potuit
1200 1161 1214 1197 :
1248 1152 1310 1198 ut
1354 1147 1497 1199 enim
1552 1145 1829 1213 conjicere
1872 1155 2118 1211 possum.
2167 1142 2353 1212 plures
2383 1143 2487 1198 hoc
2531 1145 2750 1199 nomine
2774 1142 3016 1200 fuerunt.
3056 1145 3191 1200 Nam
3224 1145 3589 1216 Nicepltoru~',

330 1229 727 1286 Ecclesiasticae
760 1232 1018 1288 Historia:
1049 1235 1141 1289 lib.
1177 1251 1285 1299 xiv,
1313 1251 1436 1306 cap.
1474 1237 1561 1301 59,
1595 1236 1686 1290 ubi
1715 1236 1781 1290 de
1807 1235 2169 1290 translatione
2196 1233 2403 1303 aliquot
2429 1235 2810 1306 episcoporum
2857 1236 2990 1307 agit,
3025 1239 3228 1292 Basilio
3268 1235 3587 1308 Porpher-

325 1337 559 1393 gi-nneta
593 1326 1070 1398 Constantinopoli
1107 1330 1432 1399 imperante,
1469 1330 1938 1402 'l‘heOphylactutn
1983 1329 2275 1400 quemdam
2313 1327 2580 1385 Sebastiae
2622 1331 2963 1401 episcOpum-
2991 1331 3214 1386 Rosiam
3254 1331 3584 1385 translatum

324 1432 452 1473 esse
481 1419 698 1477 scribit.
723 1418 1053 1476 Wilhelmus
1081 1421 1387 1486 Lindanus,
1416 1436 1590 1478 sacrae
1618 1422 1906 1492 theologia:
1937 1421 2221 1491 professor
2246 1418 2629 1488 Lovaniensis,
2664 1422 2718 1476 in
2748 1423 3103 1493 ebronologia
3140 1439 3305 1493 quam
3346 1422 3411 1476 ad
3437 1422 3589 1476 l‘rou-

326 1519 438 1566 trtu
463 1526 578 1566 sua'
606 1512 885 1581 Panoplia:
910 1513 1183 1584 apposuit,
1213 1512 1678 1584 Theophylactum
1701 1514 2017 1585 quemdam,
2050 1527 2210 1584 quem
2255 1512 2310 1567 in
2337 1511 2428 1566 illa
2457 1527 2556 1567 sua
2587 1510 2851 1581 Panoplia
2874 1514 3017 1569 inter
3047 1524 3275 1569 caeteros
3308 1524 3584 1569 auctorem

324 1611 556 1659 secutus
587 1606 682 1672 sit,
727 1620 873 1661 anno
919 1621 948 1660 a
993 1610 1282 1664 nativitate
1315 1609 1529 1664 Domini
1566 1609 2054 1680 septingentesimo
2103 1607 2311 1664 vix-isse
2355 1606 2649 1680 signiﬁcat,
2691 1606 2787 1663 sed
2829 1607 2995 1677 c'ujus
3022 1607 3263 1663 civitatis
3290 1606 3583 1676 episcopus

327 1694 520 1761 fuerit,
552 1710 664 1751 non
694 1697 907 1768 adjicit.
933 1698 1029 1755 Est
1062 1707 1245 1755 autem
1270 1699 1592 1767 verisimile,
1624 1700 1885 1770 quoniam
1918 1700 2125 1755 nullius
2156 1699 2410 1765 alterius,
2437 1698 2582 1770 quod
2604 1697 2858 1768 equidem
2890 1699 3084 1766 sciam,
3115 1699 3318 1767 scripta
3346 1707 3587 1765 exstant,

327 1781 477 1841 hunc
497 1787 971 1860 archiepiscopum
1002 1790 1267 1861 Bulgaria:
1300 1790 1369 1845 ab
1396 1790 1489 1845 illo
1514 1790 1841 1862 signiﬁcari,
1878 1805 2041 1861 quem
2077 1790 2244 1844 etiam
2276 1789 2542 1846 Erasmus
2573 1789 2946 1867 Chrysostnmi
2997 1788 3432 1845 abbreviatorctu
3465 1805 3589 1844 esse

328 1877 491 1944 dixit,
531 1889 587 1934 et
615 1879 805 1937 titulus
839 1881 1006 1953 hujus
1038 1884 1222 1954 operis
1257 1884 1358 1938 hoc
1379 1898 1492 1953 prae
1522 1899 1582 1939 se
1609 1882 1733 1938 fert.
1762 1881 1899 1937 Nam
1940 1899 2051 1938 non
2092 1882 2271 1938 solum
2302 1897 2370 1937 ex
2405 1879 2621 1938 Joanne
2656 1882 3074 1952 Chrysoslomo,
3101 1897 3290 1935 verum
3327 1882 3490 1944 etiam
3518 1898 3587 1938 ex

329 1969 556 2037 Basilio,
603 1971 830 2044 Cyrillo,
888 1972 1116 2042 Severo,
1137 1986 1203 2033 et
1232 1978 1512 2035 nonnullis
1539 1976 1686 2040 aliis,
1715 1991 1837 2046 quae
1862 1975 1930 2031 ad
1971 1975 2310 2046 propositum
2342 1985 2398 2033 et
2438 1991 2551 2030 rem
2592 1974 2898 2030 institutam
2926 1975 3205 2044 pertinere
3241 1975 3586 2041 viderentur,

328 2063 636 2134 desumpsit
660 2072 714 2120 et
741 2065 797 2120 iu
823 2081 992 2120 unum
1018 2081 1221 2138 corpus
1251 2070 1527 2124 contraxit
1559 2086 1574 2124 :
1615 2082 1781 2138 quam
1804 2081 1918 2121 rem
1951 2080 2061 2121 non
2094 2067 2257 2121 modo
2290 2082 2463 2135 genus
2488 2064 2730 2128 dicendi,
2779 2063 2824 2119 si
2855 2064 2980 2134 quis
3027 2064 3271 2118 animum
3318 2067 3589 2132 attendat,

328 2168 523 2209 rerum
552 2156 718 2210 etiam
756 2158 977 2213 nomina
1007 2170 1289 2214 auctorum
1322 2158 1379 2214 in
1406 2159 1652 2230 margine
1683 2163 1947 2211 aunotata
1975 2156 2288 2225 signiﬁcant
2325 2165 2487 2227 atque
2520 2155 2820 2210 declarant.
2845 2155 3084 2210 Joannes
3109 2153 3591 2227 (Ecolatnpadins,

326 2260 386 2323 gn
415 2245 732 2316 praefatione
756 2264 923 2319 quam
952 2251 1207 2321 apposuit
1234 2249 1622 2324 TlteOpltylacti
1649 2258 1882 2321 quatuor
1910 2247 2324 2320 Evangeliorum
2358 2248 2813 2319 explieation'bus
2839 2246 2908 2303 ab
2960 2263 3083 2304 sese
3119 2250 3422 2313 conversis,
3453 2249 3546 2304 nili
3571 2251 3591 2303 l

327 2340 479 2395 aliud
506 2355 666 2409 quam
699 2342 850 2397 illum
886 2344 1030 2400 inter
1050 2343 1268 2400 Graccus
1291 2345 1572 2415 theologos
1596 2345 1953 2399 recentiorem
1974 2342 2145 2397 fuisse
2159 2341 2451 2412 signiﬁcat,
2497 2340 2594 2397 sed
2623 2341 2769 2396 haud
2805 2340 2956 2395 falsis
2978 2356 3102 2396 eum
3125 2341 3380 2399 laudibus
3406 2355 3589 2411 ornat,
3645 2339 3650 2344 ’

327 2445 471 2501 quas
498 2432 543 2488 si
579 2433 702 2502 quis
736 2435 984 2504 requirit,
1017 2449 1084 2488 ne
1107 2424 1177 2489 ab
1204 2434 1327 2490 aliis
1350 2434 1485 2490 bene
1516 2433 1661 2489 dicta
1702 2433 1835 2488 tuibi
1866 2447 1990 2488 cum
2009 2430 2229 2488 fastidio
2261 2425 2556 2502 legentium
2585 2443 2830 2502 repetere
2860 2448 3082 2488 necesse
3112 2434 3203 2500 sit,
3239 2436 3386 2491 illinc
3423 2447 3591 2507 petat,

333 2532 499 2592 atque
519 2524 685 2578 etiam
718 2539 784 2580 ex
811 2524 1135 2595 pnel'atione
1157 2523 1364 2580 Nicolai
1398 2524 1633 2588 Beraldi,
1662 2539 1784 2595 qua:
1818 2525 2109 2596 praeposita
2144 2533 2231 2579 cst
2263 2521 2693 2580 Commentariis
2721 2524 2870 2580 illius
2902 2524 2956 2579 in
2978 2523 3249 2594 Epistolas
3267 2528 3377 2583 divi
3403 2529 3588 2595 Pauli,

328 2631 363 2669 a
394 2613 793 2685 Cbristophoro
827 2615 1089 2683 Porsena,
1116 2616 1384 2683 Romano,
1422 2617 1477 2672 in
1503 2615 1760 2672 Latinum
1796 2632 2104 2672 sermonem
2132 2615 2459 2671 conversis:
2501 2616 2595 2686 qni
2623 2616 2642 2687 (
2673 2616 2820 2687 quod
2854 2618 3130 2687 pneterire
3156 2633 3265 2673 non
3313 2635 3534 2689 possum
3571 2623 3592 2691 )

337 2721 360 2754 ι
405 2702 583 2760 Unum
632 2705 758 2775 hoc,
808 2707 1005 2778 inquit,
1066 2708 1202 2763 satis
1258 2717 1496 2775 constat,
1544 2708 1599 2765 in
1635 2710 1722 2766 his
1752 2708 2179 2765 Commentariis
2210 2708 2299 2777 pia
2330 2723 2452 2764 esse
2482 2709 2670 2764 omnia
2699 2719 2754 2764 et
2794 2708 3101 2765 orthodoxa
3131 2709 3400 2781 longeque
3430 2714 3499 2765 ah
3524 2712 3592 2766 iis

332 2798 659 2854 dissidentia
693 2814 817 2868 quo:
844 2800 1222 2870 theologorum
1246 2801 1440 2870 vulgus
1473 2801 1717 2871 quotidie
1752 2814 1955 2871 magno
1993 2798 2292 2868 supercilio
2331 2799 2565 2854 indocta:
2600 2800 2773 2869 plebis
2813 2801 3043 2857 auribus
3083 2802 3348 2857 inculcat.
3380 2803 3593 2875 Ubique

336 2893 492 2949 enim
521 2896 887 2964 apostolicum
924 2904 1114 2963 pectus
1165 2909 1277 2947 non
1309 2894 1473 2949 modo
1524 2893 1765 2963 explicat
1813 2892 2000 2963 operis
2033 2893 2198 2963 hujus
2232 2901 2450 2958 auctor,
2475 2889 2571 2947 sed
2603 2891 2768 2945 etiam
2798 2892 2988 2955 refert,
3023 2893 3166 2962 sapit
3202 2907 3267 2946 ac
3291 2894 3487 2962 spirat,
3538 2897 3590 2950 id

332 2987 488 3057 quod
519 3002 682 3057 quam
715 2986 907 3057 paucis
938 2987 1134 3040 merito
1165 2986 1513 3041 tribuendum
1550 2987 1646 3051 sit,
1695 2984 1855 3041 facile
1913 2985 2206 3056 intelliget,
2268 2985 2366 3054 qui
2417 2985 2654 3040 uovitios
2688 2984 2970 3053 theologos
3003 2985 3246 3054 antiquis
3279 2984 3409 3052 illis,
3464 3004 3590 3042 cum

336 3077 548 3133 Latinis
593 3090 706 3132 tum
740 3077 967 3144 Graecis,
998 3079 1391 3149 composuerit.
1431 3101 1450 3130 ο
1495 3079 1622 3133 Haec
1651 3077 1936 3135 Bcraldus.
1964 3078 2420 3150 (Ecolampadius
2449 3078 2717 3149 prolixius
2740 3093 2803 3134 ac
2833 3078 3150 3149 singulatim
3201 3076 3593 3150 Theopltylacti

335 3171 569 3226 virtutes
612 3170 959 3241 persequitur
991 3178 1159 3240 atque
1213 3178 1482 3225 recenset.
1518 3166 1953 3240 Chriswphorus
1974 3169 2240 3235 Porsena,
2273 3171 2330 3225 iu
2360 3184 2459 3226 sua
2486 3168 2811 3224 Praefatioue
2838 3167 2906 3223 ad
2933 3167 3151 3223 Sixtum
3179 3168 3247 3224 IV
3280 3174 3592 3242 pontiﬁcem

335 3261 668 3329 Romanum,
730 3262 1125 3334 Theophylacti
1194 3269 1501 3332 temporum
1560 3262 1765 3318 nullam
1833 3261 1965 3319 iacit
2020 3264 2380 3318 mentionem.
2443 3260 2591 3318 Misit
2644 3260 2712 3315 ad
2772 3275 2874 3315 nos
2908 3259 2972 3315 D.
3005 3259 3247 3317 Joannes
3287 3261 3595 3319 Sambucus

332 3359 639 3415 orationem
670 3356 913 3414 Graecam
947 3358 1046 3413 hac
1072 3358 1433 3429 inscriptione
1464 3376 1480 3413 :
1513 3357 1893 3429 Θεοφυλάκτου
1927 3360 1929 3410 ἶ

2000 3374 2085 3430 τος
2116 3360 2197 3422 εἰς
2246 3358 2338 3412 τδν
2376 3358 2760 3428 αὐτοκρατορσ.
2801 3357 2993 3428 κύριον
3061 3357 3298 3423 amem
3350 3359 3445 3412 τὸν
3492 3362 3597 3415 Κο-

338 3455 561 3526 μνηνόν.
591 3453 748 3520 Quod
776 3455 819 3510 si
856 3453 904 3511 is
924 3461 1009 3509 est
1049 3463 1238 3513 noster
1274 3448 1317 3507 Τ
1324 3453 1741 3524 heophylactus,
1758 3468 1957 3525 nempe
1982 3453 2434 3525 archiepiscopus
2466 3452 2758 3523 Bulgaria,
2787 3452 2901 3522 jam
2942 3467 3054 3508 non
3097 3453 3331 3524 amplius
3364 3453 3594 3509 dubium

336 3560 462 3602 esse
493 3553 673 3616 potest
701 3561 810 3617 quo
837 3553 1081 3615 tempore
1103 3544 1318 3601 vixerit.
1336 3544 1649 3601 Nihilaliud
1678 3560 1777 3616 ego
1798 3560 1978 3617 neque
2005 3545 2074 3600 de
2099 3546 2209 3600 vita
2239 3561 2417 3618 neque
2437 3546 2507 3600 de
2528 3545 2872 3614 temporibus
2900 3544 3068 3614 hujus
3095 3548 3269 3602 nostri
3305 3545 3597 3614 TlieOphy-

340 3638 469 3693 lacti
524 3640 817 3711 diligenter
850 3638 1152 3695 scrutando
1182 3650 1348 3711 atque
1373 3640 1702 3711 inquirendo
1734 3642 1887 3712 potni
1939 3640 2207 3696 invenire.
2252 3641 2408 3707 Quod
2459 3642 2729 3711 reliquum
2769 3649 2875 3708 est,
2906 3657 3001 3696 vos
3035 3642 3198 3696 etiam
3232 3649 3397 3712 atque
3430 3643 3596 3697 etiam

347 3751 481 3805 rogo
511 3751 578 3792 ac
607 3736 963 3793 vehementer
993 3743 1144 3806 peto,
1169 3744 1228 3790 ut
1260 3737 1362 3791 hoc
1390 3735 1646 3806 exiguum
1689 3744 1856 3806 atque
1886 3735 2022 3792 adeo
2050 3736 2432 3791 tenuissimum
2488 3736 2898 3801 munusculum,
2946 3737 3104 3792 vobis
3149 3736 3280 3791 licet
3308 3737 3594 3808 indignum

340 3832 647 3901 vestrisque
683 3830 737 3885 in
771 3846 859 3908 me
887 3828 1121 3886 summis
1152 3828 1432 3885 beneﬁciis
1460 3844 1525 3884 ac
1557 3828 1772 3885 meritis
1803 3827 2001 3898 impar,
2017 3828 2156 3896 :equi
2188 3836 2370 3891 tamen
2399 3826 2579 3882 facere
2604 3828 2843 3897 bonique
2868 3828 3176 3892 consulere,
3201 3837 3257 3883 et
3286 3840 3344 3882 ut
3383 3830 3450 3883 ab
3475 3827 3597 3882 ani—

349 3921 421 3974 mi
444 3923 818 3979 benevolentia
848 3933 1012 3995 atque
1044 3921 1380 3994 gratitudine
1408 3921 1738 3992 profectum,
1777 3920 1953 3975 hilari
1974 3920 2127 3976 vultu
2155 3921 2386 3989 laetaque
2409 3919 2588 3973 fronte
2617 3919 2866 3988 accipere
2897 3919 3099 3974 velitis.
3134 3918 3249 3974 lloc
3276 3920 3322 3973 si
3366 3934 3396 3973 a
3437 3920 3597 3975 vobis

349 4025 672 4072 consecutus
720 4015 900 4084 fuero,
951 4014 1171 4072 abunde
1221 4014 1358 4071 satis
1411 4026 1641 4083 magnos
1691 4012 1945 4070 laborum
2000 4027 2092 4069 me
2143 4010 2360 4066 fructus
2406 4009 2623 4080 cepisse
2676 4008 3028 4067 existimabo.
3064 4008 3208 4066 Bene
3238 4009 3433 4079 valete,
3493 4012 3596 4068 t'iri

342 4110 691 4178 amplissimi.

410 4273 488 4330 Ex
518 4277 856 4334 monasterio
892 4276 1243 4334 Steinweldio
1269 4292 1345 4333 xu
1377 4275 1652 4334 Kalendas
1677 4272 2039 4347 Septembris,
2076 4289 2223 4330 anno
2245 4272 2460 4329 Domini
2490 4265 2647 4330 l567.

359 4504 3583 4520 W—

338 4680 713 4747 Clarissimo
744 4677 1627 4758 excellentissimoqueviro,
1693 4679 1769 4758 β.
1817 4674 2448 4758 Joanni__Sau~uuco,_
2478 4675 3194 4758 PannonioLC‘tesarem
3227 4675 3593 4758 _Majcs:atis

436 4761 697 4823 medico
729 4767 792 4821 et
822 4753 1371 4837 historiograpbo,
1402 4755 1791 4818 Laurentius
1815 4755 2173 4831 SIFANUS,
2207 4753 2690 4829 Pruusfeldius,
2733 4757 2791 4816 J.
2826 4755 2898 4816 U.
2933 4756 3182 4828 Ductor,
3217 4755 3279 4815 S.
3311 4753 3374 4815 P.
3408 4755 3486 4814 D.

410 4966 492 5019 En
522 4966 702 5036 prodit
726 4967 946 5024 tandem
974 4968 1029 5024 in
1053 4971 1355 5040 publicum,
1388 4968 1473 5025 vir
1493 4968 1820 5034 clarissime,
1847 4968 2292 5043 TbeOphylactus
2316 4977 2445 5026 tuus
2487 4968 2713 5025 Graecus
2732 4983 2762 5022 a
2797 4983 2883 5022 me
2913 4967 3093 5023 factus
3142 4965 3372 5022 Latinus
3397 4984 3411 5020 :
3438 4973 3594 5021 tuum

339 5055 493 5124 dico,
529 5074 641 5127 quo
665 5073 1005 5125 careremus,
1035 5062 1142 5118 nisi
1175 5071 1231 5116 tu
1265 5061 1411 5132 quod
1439 5062 1736 5133 separatim
1763 5062 1968 5118 habere
1998 5064 2091 5118 tibi
2114 5064 2393 5133 preprium
2425 5062 2642 5127 licebat,
2670 5075 2962 5116 commune
2987 5074 3051 5114 ac
3082 5058 3357 5130 publicum
3389 5059 3591 5113 bonum

343 5167 473 5209 esse
501 5154 810 5212 maluisses.
845 5155 1024 5223 Gausa
1050 5171 1151 5213 cur
1177 5165 1289 5213 tam
1326 5171 1451 5213 sero
1508 5158 1757 5229 prodeat,
1789 5168 1849 5213 ut
1880 5159 2045 5214 etiam
2086 5159 2297 5214 librarii
2348 5158 2564 5230 culpam
2598 5158 2859 5233 recipiam
2903 5157 2957 5210 in
2993 5171 3100 5219 me,
3132 5157 3248 5211 haec
3298 5164 3402 5216 est,
3446 5152 3592 5224 quod

337 5248 471 5301 dum
506 5246 598 5301 ille
617 5246 686 5302 de
717 5262 806 5302 me
834 5246 1049 5315 Latine,
1076 5264 1178 5320 ego
1200 5249 1269 5305 de
1295 5249 1392 5305 illo
1456 5249 1644 5307 Grazee
1674 5236 1891 5308 discere
1924 5251 2259 5316 nitebamur,
2288 5252 2381 5307 ubi
2422 5236 2565 5307 alter
2599 5253 2832 5305 alterum
2891 5251 3074 5305 minus
3134 5248 3592 5321 intelligebanius,

338 5352 469 5393 cum
497 5338 771 5409 interpres
796 5340 1017 5410 utrique
1045 5339 1287 5407 deesset,
1318 5350 1485 5412 atque
1510 5343 1656 5399 haud
1678 5343 2019 5416 incorruptis
2048 5344 2320 5403 ministris
2351 5351 2657 5407 uteremur,
2691 5342 3025 5411 coniecturis
3058 5341 3260 5411 quibus
3294 5340 3429 5393 alter
3459 5341 3595 5393 atte-

334 5429 460 5485 rius
489 5443 653 5485 sensa
705 5444 1148 5503 assequeremur,
1181 5432 1369 5488 multis
1414 5432 1468 5487 in
1513 5433 1649 5489 locis
1689 5435 1765 5488 uti
1798 5435 2092 5491 habuimus
2142 5450 2385 5491 necesse.
2439 5435 2609 5505 Cujus
2661 5435 2739 5489 rei
2786 5434 3047 5504 quoniam
3082 5434 3229 5485 clara
3263 5432 3594 5487 documenta

334 5527 546 5577 suntin
577 5530 861 5595 promptu,
895 5538 966 5579 ne
987 5524 1175 5594 inepta
1207 5524 1522 5594 prolixitate
1545 5527 1841 5580 verborum
1878 5527 2222 5598 typograpbo
2252 5526 2532 5582 festinanti
2560 5527 2662 5582 sim
2688 5528 2744 5580 in
2776 5539 2949 5586 mora.
2979 5534 3029 5579 te
3050 5524 3213 5578 etiam
3242 5533 3406 5594 atque
3426 5527 3592 5581 ctiant

336 5626 491 5686 rogo,
516 5624 579 5672 ut
612 5616 731 5672 haec
751 5616 872 5687 ipsa
902 5630 1024 5687 quae
1049 5616 1175 5673 dico
1205 5616 1533 5671 documenta
1576 5619 1879 5674 scrutando
1921 5628 2085 5689 atque
2111 5618 2502 5683 examinando,
2547 5634 2765 5687 aequum
2808 5631 2857 5673 te
2887 5617 3018 5693 mihi
3043 5616 3286 5687 indicem
3318 5627 3482 5688 atque
3512 5618 3597 5673 fa-

332 5716 553 5764 ventem
580 5706 851 5779 prabere,
879 5714 936 5764 et
958 5708 1121 5764 istam
1155 5722 1378 5779 operam
1411 5698 1590 5780 quam
1612 5709 1840 5780 praestiti
1873 5710 2015 5780 aequi
2052 5710 2289 5779 bonique
2338 5709 2519 5770 facere
2555 5710 2711 5763 velis.
2744 5708 2898 5775 Quod
2926 5710 3194 5779 reliquum
3222 5717 3331 5777 est,
3370 5725 3597 5782 magnas

328 5798 434 5859 tibi
457 5812 508 5859 et
538 5801 761 5876 agimus
791 5806 848 5855 et
875 5798 1144 5857 habemus
1172 5798 1400 5873 gratias,
1436 5802 1528 5871 qui
1566 5801 1713 5858 istud
1744 5803 2077 5872 mancipium
2109 5803 2341 5872 publica:
2374 5801 2625 5856 utilitatis
2652 5803 2943 5868 inservire,
2963 5816 3123 5873 quam
3151 5802 3293 5858 domi
3324 5803 3597 5873 privatum
