4044 6482
485 370 591 431 483
1392 359 1977 423 THEOPHYLACTI
2024 360 2082 420 Β]

2163 359 2439 420 .GARI/E
2478 355 2836 415 ARCHIEP.
3637 349 3760 416 484

490 486 689 540 habere
740 483 1018 540 maluisti:
1065 495 1128 537 ac
1160 490 1211 538 te
1266 480 1572 544 hortamur,
1612 487 1670 532 ut
1719 479 1980 547 deinceps
2014 486 2188 531 macta
2241 479 2345 531 ista
2394 475 2596 528 virtute
2625 471 2723 535 sis,
2759 479 2814 525 et
2847 484 2910 526 ea
2935 484 3058 542 qua
3093 468 3256 524 etiam
3292 483 3440 524 nunc
3470 482 3640 540 penes
3693 478 3752 524 te

492 584 662 638 habes
697 582 941 651 ejusdem
975 580 1210 651 generis,
1246 587 1413 648 atque
1440 578 1604 632 etiam
1647 576 1878 631 diversae
1902 577 2144 630 nationis
2171 573 2440 643 mancipia
2480 570 2872 624 manumittere
2907 582 2972 622 ac
3005 567 3152 623 bono
3184 565 3407 636 publico
3439 565 3626 620 dicare
3654 580 3758 620 ve-

491 673 582 734 lis.
617 671 752 728 Illud
785 671 930 742 quod
969 687 1107 742 pene
1138 670 1527 741 praeterieram,
1556 679 1608 725 te
1631 670 1973 726 admonitum
2008 669 2192 734 velim,
2220 681 2306 721 me
2337 667 2390 720 in
2428 666 2492 719 iis
2529 661 2686 726 locis,
2721 661 2812 716 ubi
2849 662 3010 716 lectio
3047 660 3236 730 scripti
3265 658 3500 729 exempli
3531 674 3767 728 prorsus

489 781 600 820 non
648 764 867 819 tolerari
899 779 996 818 nec
1042 765 1294 818 excusari
1329 777 1490 831 posse
1529 763 1836 831 videbatur,
1856 765 1924 818 ad
1957 763 2258 832 marginem
2289 775 2318 815 e
2347 761 2566 829 regione
2595 755 2850 827 posuisse
2883 755 3032 809 illam
3063 754 3236 824 ipsam
3273 753 3564 808 lectionem
3588 768 3762 821 quam

494 858 734 922 correxi,
778 856 992 926 adjecto
1027 856 1280 910 videlicet
1313 854 1484 909 verbo
1503 853 1726 908 habetur
1755 866 1850 910 aut
1877 855 2158 909 habebatur
2191 871 2210 909 :
2247 861 2307 907 ut
2337 851 2383 906 si
2414 849 2582 919 (quod
2597 848 2798 902 alicubi
2830 845 2944 901 lleri
2970 845 3164 916 potuit)
3191 860 3491 908 crrassem,
3525 844 3766 900 lectoris

492 949 763 1017 judicium
797 949 1070 1019 integrum
1103 955 1456 1010 esset,utram
1512 949 1803 1003 lectionem
1845 947 1998 1016 sequi
2035 947 2238 1002 mallet.
2275 943 2380 1000 Sed
2418 943 2510 998 ubi
2541 940 2788 997 dubitavi
2823 939 2891 994 de
2935 939 3171 994 lectione
3219 939 3350 1010 (scis
3379 939 3525 993 enim
3589 937 3768 995 unico

494 1057 574 1095 me
605 1042 869 1096 duntaxat
902 1049 995 1094 tuo
1036 1053 1193 1092 usum
1234 1053 1356 1092 esse
1392 1039 1754 1109 apographo),
1789 1039 1862 1095 ibi
1897 1040 1951 1093 in
1979 1038 2222 1108 margine
2255 1035 2484 1106 apposui
2519 1034 2681 1088 aliam
2715 1032 3030 1094 lectionem,
3069 1046 3234 1100 quam
3269 1029 3620 1099 coojvcturas
3653 1043 3751 1081 se-

489 1143 651 1188 eutus
671 1147 850 1186 veram
873 1146 991 1184 esse
1015 1140 1109 1183 aut
1141 1144 1264 1183 esse
1292 1129 1486 1184 debere
1517 1139 1666 1199 puto,
1699 1131 1908 1199 adjecta
1941 1129 2195 1185 videlicet
2218 1129 2457 1183 dictione
2484 1128 2636 1190 ἴσως.
2659 1128 2835 1194 Atque
2858 1125 2958 1179 hoc
2993 1132 3050 1178 ut
3070 1123 3418 1178 admonerem
3451 1122 3766 1187 Studiosos,

495 1225 700 1286 quilms
737 1238 798 1277 ea
829 1221 1057 1276 facultas
1091 1229 1196 1285 est,
1234 1233 1293 1276 ut
1319 1221 1582 1276 adhibitis
1607 1223 2035 1278 correctioribus
2068 1221 2508 1290 exemplaribus,
2545 1219 2648 1288 ipsi
2685 1218 2787 1274 sibi
2815 1218 2974 1296 juxta
3014 1231 3079 1271 ac
3126 1214 3441 1284 reipublicae
3465 1215 3770 1268 consulam.

493 1317 550 1370 in
585 1312 892 1369 istiusmodi
919 1313 1077 1378 locis,
1115 1314 1206 1369 ubi
1239 1315 1340 1378 hoc
1363 1315 1427 1369 ad
1470 1313 1878 1383 intelligendum
1914 1313 2108 1368 melius
2153 1311 2573 1384 explicationem
2608 1308 3003 1379 TheOphylacti
3028 1305 3340 1362 conducere
3365 1304 3671 1366 videbatur,
3703 1305 3766 1358 in

503 1407 729 1462 scholiis
767 1405 994 1476 repetivi
1026 1406 1192 1460 verba
1222 1405 1328 1459 divi
1354 1404 1533 1470 Lucae,
1566 1415 1726 1474 atque
1746 1407 1909 1461 etiam
1946 1407 2140 1460 iterata
2171 1405 2376 1460 inserui
2398 1401 2692 1472 exemplari
2721 1401 2945 1462 Graeco;
2971 1398 3117 1468 quod
3146 1396 3438 1454 collatione
3470 1396 3610 1450 facta
3632 1411 3768 1449 cum

512 1508 606 1551 tuo
631 1500 1008 1566 tnanusrripto
1035 1494 1429 1564 propemodum
1462 1499 1838 1552 necessarium
1875 1496 2048 1551 fuisse
2081 1493 2291 1551 videbis
2332 1495 2387 1549 in
2425 1494 2615 1549 multis
2649 1493 2809 1558 locis,
2844 1506 2966 1564 quae
2987 1505 3019 1545 a
3045 1490 3227 1544 minus
3253 1488 3510 1559 prudenti
3555 1488 3770 1544 lcctorc

500 1608 689 1660 parum
735 1595 1011 1648 intellecta
1039 1589 1303 1661 prarteriri
1342 1592 1670 1660 potuissent.

577 1701 724 1758 Bene
757 1703 894 1756 vale.
929 1697 1146 1769 Raptim
1170 1713 1237 1753 ex
1263 1703 1599 1759 monasterio
1627 1700 1979 1756 Steinweldio
2013 1714 2046 1753 ι
2081 1697 2359 1754 Kalendas
2387 1697 2753 1770 Septembris,
2782 1711 2929 1752 anno
2953 1694 3168 1751 Domini
3207 1695 3370 1750 1567.

621 2015 692 2075 1η
729 2013 1191 2094 TbeOpbylacti
1233 2013 1300 2075 in
1330 2015 1483 2076 Acta
1516 2013 1954 2094 apostolorum
1985 2012 2464 2094 Explicationes
2498 2027 2530 2073 a
2559 2010 2900 2072 Laurentio
2934 2008 3151 2072 Sifano
3185 2011 3403 2074 Latine
3438 2012 3652 2088 factas,

1601 2092 1772 2152 Petri
1806 2091 2195 2173 Kempensis
2228 2091 2657 2171 Epigramma.

502 2283 688 2337 lit-tula
720 2300 818 2339 cur
858 2285 1106 2355 geminos
1139 2283 1396 2341 dill‘undit
1432 2286 1637 2340 vertice
1663 2299 1865 2347 ramos,
2261 2285 2543 2342 Permittis
2574 2284 2716 2341 caelo
2747 2285 3003 2340 liberiore
3031 2282 3177 2338 frui?

571 2375 703 2440 Qua:
734 2378 877 2431 viret
913 2379 998 2433 his
1023 2379 1268 2446 scriptis,
1310 2379 1471 2434 docte
1505 2377 1714 2439 Silane.
1753 2377 1862 2431 tuis
1883 2377 1908 2428 ?
2185 2376 2250 2432 Et
2273 2377 2410 2432 Latii
2439 2379 2650 2448 spirare
2675 2377 2855 2443 tidem,
2885 2376 3210 2446 Latiumque
3241 2375 3472 2431 nitorem

470 2468 745 2534 .Quorum
776 2469 874 2523 hos
909 2471 1158 2538 populeis
1185 2470 1344 2523 docta
1370 2471 1634 2525 insitione
1667 2469 1936 2532 videmus,
2253 2469 2391 2522 Dum
2423 2470 2592 2524 subiit
2625 2471 2810 2524 cultus
2847 2470 3029 2539 lingua
3063 2468 3286 2538 Pelasga
3321 2466 3542 2522 novos?

576 2561 754 2628 Atque
785 2560 908 2614 illos
940 2560 1075 2614 lauri
1105 2561 1381 2616 luxuriare
1409 2562 1603 2616 comis.
2186 2558 2322 2612 Cum
2355 2557 2656 2614 Herculeus
2687 2560 2838 2614 labor
2870 2560 2981 2620 hic,
3011 2560 3185 2629 pietas
3214 2571 3267 2613 et
3294 2559 3542 2627 Apolline
3578 2557 3771 2630 (ligna.

501 2647 723 2702 Necnon
755 2649 1036 2720 Argolicos
1070 2652 1235 2706 simili
1263 2654 1563 2707 ambitione
1599 2655 1837 2724 lepores,
2253 2649 2445 2720 Magna
2473 2651 2622 2706 venit
2653 2650 2863 2706 meritis
2898 2651 3075 2721 gratia
3109 2649 3290 2705 danda
3321 2649 3451 2705 tuis.

579 2741 785 2796 Ambas
829 2743 1042 2811 spirare
1066 2749 1118 2798 et
1145 2744 1422 2799 Ausonias
1453 2744 1712 2800 Veneres.
2188 2740 2488 2810 PrOptcrea
2517 2741 2635 2810 ipse
2658 2757 2786 2796 suas
2817 2740 3143 2812 Tirynthius
3175 2741 3415 2810 expliCat
3441 2741 3694 2804 umbras,

503 2829 637 2885 Esse
666 2830 794 2900 quid
820 2831 921 2886 hoc
941 2831 1114 2886 dicam
1138 2832 1473 2903 ?num[quod
1491 2842 1582 2887 tua
1603 2835 1802 2904 scripta
1821 2835 2090 2890 columnis
2261 2834 2506 2905 lmplicet
2536 2843 2595 2889 ut
2624 2835 2881 2890 meritum
2918 2834 3055 2888 lecta
3087 2849 3290 2888 corona
3330 2843 3514 2902 caput.

567 2921 747 2976 Graiis
773 2931 827 2976 et
853 2921 1022 2978 Latiis
1053 2924 1434 2978 discriminata
1468 2926 1688 2979 nitent?

2192 2925 2305 2979 Kal.
2336 2923 2454 2990 σοῦ,
2490 2925 2782 2995 Λαυρέντι,
2817 2922 3123 2994 κροτὰςςους
3159 2923 3452 2994 περίδησεν
3493 2918 3776 2974 Ἀπόλλων

504 3013 672 3078 Queis
703 2997 838 3068 satis
865 3016 1112 3071 ostendis
1133 3017 1329 3086 lingua:
1356 3017 1452 3072 tibi
1479 3019 1651 3086 gloria
1674 3028 1900 3089 quanta,

1894 3063 1900 3084 ,
2267 3016 2544 3086 Κορικίοις
2575 3015 2782 3086 δάφνης
2822 3015 3101 3085 πλέγμασι
3130 3015 3491 3086 χρυσοκόμου,

579 3103 714 3156 Dum
749 3118 938 3160 versas
961 3104 1118 3161 Latio
1148 3107 1313 3162 Graia
1353 3107 1557 3178 scripta
1589 3109 1751 3179 stylo.

2187 3104 2339 3161 Ἶσον
2379 3107 2456 3161 ὅτ’
2480 3108 2809 3179 ἀμφοτέρων
2845 3107 3028 3180 σοφίῃ,
3067 3106 3278 3178 γλώττῃ
3310 3106 3357 3160 τ’
3385 3105 3693 3176 ὕπερέχεις,

507 3195 589 3248 Au
611 3195 793 3265 potius
823 3212 944 3265 qua:
979 3212 1168 3267 pressa
1200 3197 1292 3253 diu
1330 3200 1539 3254 latuere
1565 3200 1669 3254 snb
1700 3201 1836 3266 alto,

2264 3200 2544 3270 Δείγματα
2577 3199 2843 3271 μει).ιχίης
2865 3201 3181 3270 ἀμφοτέρω)
3202 3200 3442 3271 χάριτος.

583 3285 813 3341 Nomina
849 3289 1125 3358 neglectu,
1149 3274 1202 3346 et
1233 3291 1572 3362 squalidiore
1599 3292 1736 3356 situ,
2191 3292 2306 3347 Hoc
2330 3292 2566 3362 pretium
2599 3292 2765 3348 studii
2799 3293 3252 3364 vigilatorumque
3282 3293 3560 3355 laborum,

511 3378 776 3447 lncepere
811 3379 920 3434 tuis
945 3380 1161 3438 tandem
1195 3381 1548 3451 iuvenescere
1573 3382 1804 3449 chartis,
2266 3383 2362 3437 llic
2385 3385 2586 3439 studiis
2620 3393 2816 3454 partus
2840 3394 2892 3442 te
2915 3386 3210 3440 comitatur
3239 3385 3436 3440 honos.

579 3466 644 3522 Et
677 3471 793 3526 tleri
819 3479 946 3526 voto
979 3473 1353 3543 splendidiora
1402 3478 1542 3530 tuo?
2192 3475 2267 3529 'l‘e
2298 3475 2495 3530 merito
2532 3476 2647 3532 haec
2693 3477 2860 3549 igitur
2889 3480 3184 3533 comitatur
3219 3479 3392 3549 gloria
3433 3477 3595 3543 lauri,

523 3560 849 3633 Scriptaque
878 3563 1205 3637 Graiugenis
1233 3573 1443 3621 tantum
1464 3566 1736 3624 celebrata
1771 3567 1978 3638 Lycaeis
2267 3565 2544 3637 Famaque
2583 3585 2680 3639 per
2708 3569 2890 3627 nullos
2917 3570 3214 3627 interitura
3240 3569 3381 3626 dies.

1113 3897 1537 3954 LAURENTII
1600 3898 1865 3955 SIFANI
1897 3901 2589 3958 ADMUNITIUNCULA
2619 3903 2714 3957 AD
2748 3902 3164 3960 LECTOREH.

587 4009 958 4089 Aduwncndus
983 4010 1291 4079 [λαθικαὺί
1319 4014 1523 4089 diversa
1555 4016 1612 4089 in
1633 4017 1868 4089 ntargine
1896 4017 2208 4089 _tramlatio
2236 4019 2477 4088 apposita
2503 4029 2602 4080 est,
2629 4035 2720 4089 per
2737 4019 2804 4074 ν.
2834 4017 3118 4089 Vulgatam
3144 4021 3429 4075 versionem
3453 4022 3782 4089 signiﬁcari:

511 4082 772 4160 diuersam
800 4085 864 4134 ab
896 4082 992 4160 hoc
1031 4101 1198 4160 nteant
1242 4100 1370 4160 esse.
1426 4086 1578 4148 Quod
1615 4082 1803 4138 attinet
1837 4087 1904 4140 ad
1956 4087 2220 4160 diversam
2254 4082 2528 4160 lectionem
2556 4082 2820 4160 Gr'wcatn,
2853 4082 2957 4142 ubi.
2983 4091 3037 4144 in
3069 4093 3307 4160 margine
3337 4082 3639 4159 appositum
3671 4107 3781 4156 est,

517 4151 820 4230 habebatur
847 4161 940 4202 aut
969 4152 1224 4230 habetur,
1257 4153 1368 4230 illic
1413 4169 1444 4206 a
1466 4171 1544 4230 me
1571 4164 1859 4230 correctam
1887 4173 1998 4230 esse
2019 4159 2204 4230 procul
2233 4159 2394 4211 dubio
2424 4151 3205 4230 corruptaruinmanuscrith
3219 4151 3530 4227 lectionem;
3563 4163 3652 4215 δρα
3681 4151 3782 4218 ubi

515 4220 905 4302 ascriptumfst
931 4220 1000 4302 ad
1035 4219 1272 4275 Grazcam
1293 4224 1344 4302 iri
1369 4225 1603 4294 margine
1629 4225 1857 4292 positam
1881 4219 2142 4281 diversam
2168 4228 2466 4295 lectionem,
2504 4219 2654 4293 ῐσώς,
2687 4227 2740 4280 id
2771 4239 2870 4295 est,
2913 4219 3170 4297 forsitan,
3214 4232 3287 4284 ibi
3341 4246 3423 4285 me
3455 4219 3782 4302 co'njccturia

516 4303 670 4342 usum
700 4291 771 4342 ita
801 4289 1073 4358 legendum
1100 4307 1210 4344 esse
1235 4301 1449 4361 putare.

530 4487 1992 4498 W.
2014 4488 2074 4516 ..ἒς
2096 4487 2191 4518 =2
2289 4489 2299 4499 .
2543 4489 2658 4499 .__._

2694 4488 3734 4519 m

1029 4641 1600 4732 ΥΠΟΘΕΣΙΣ
1658 4645 1877 4732 ΤΗΣ
1944 4645 2348 4734 ΒΙΒΛΟΥ
2415 4651 2643 4737 ΤΩΝ
2736 4642 3298 4754 ΠΡΑΞΕΩΝ,

1615 4825 1751 4878 ΣΥΝ
1787 4825 1942 4880 ΤυιΣ
1967 4827 2380 4884 ΚΕΦΔΛΑΙΟΙΣ
2423 4830 2680 4884 ΑΥΤΩΝ.

1189 5169 2037 5262 ARGUMENTUM
2106 5171 2436 5259 LIBRI
2535 5169 3108 5265 ACTORUM

1613 5384 1616 5392 ·
1651 5357 1793 5415 υΝΔ
1823 5359 1968 5419 CUM
1999 5359 2366 5418 CAPITULIS
2400 5360 2663 5420 EORUM.

599 5677 732 5729 Acta
788 5679 1156 5746 apostolorum
1219 5680 1359 5734 liber
1404 5679 1494 5733 hic
1553 5687 1798 5743 vocatur,
1846 5683 2102 5748 quoniam

2283 5679 2516 5749 Πράξεις
2549 5680 2861 5734 ἀποστόλων
2883 5681 2943 5734 τὸ
2981 5681 3186 5752 βιϐλίον
3251 5683 3530 5753 καλεῖται,
3590 5686 3779 5758 ἐπειδὴ

528 5767 691 5822 simul
718 5769 958 5824 continet
989 5780 1107 5826 acta
1167 5772 1534 5844 apostolorum
1575 5791 1588 5824 :
1627 5773 1718 5842 qui
1754 5781 1934 5827 autem
1987 5773 2099 5826 haec

2206 5772 2304 5834 τὰς
2337 5770 2565 5841 πράξεις
2596 5770 2731 5837 ὁμοῦ
2773 5774 2882 5827 τῶν
2946 5773 3259 5828 ἀποστόλων
3317 5777 3579 5845 περιέ-(ει.
3619 5775 3674 5830 Ὀ
3721 5778 3779 5832 δὲ
