4044 6420
502 314 612 382 487

1439 308 2013 376 THEOPllYLACTI
2040 300 2463 369 .BULGARLE
2500 306 2861 369 ARCHIEP.

3663 308 3778 375 I88

503 438 762 501 cgrotos,
790 437 847 485 et
876 427 1161 486 daemoniis
1205 436 1490 499 correptos
1520 447 1536 485 :
1572 442 1684 500 quo
1739 426 1884 482 facto
1926 439 2086 481 cura-

2207 421 2285 475 ιπὶ
2305 421 2430 486 τοὺς
2455 420 2815 484 ἀσθενοῦντας
2854 419 2949 475 καὶ
2969 418 3365 491 δαιμονιῶντας
3391 437 3404 451 ·
3430 420 3526 475 καὶ
3576 420 3780 493 ἐθερα-

503 524 726 580 bantur.

581 615 669 671 l7.
702 613 907 671 Paulus
921 612 1134 669 Troade
1157 614 1226 670 de
1253 612 1498 669 fenestra
1525 610 1812 682 delapsum
1859 618 1913 664 et
1937 623 2085 664 mor-

505 717 658 763 tuum
700 703 1011 775 Eutychum
1039 702 1320 768 excitavit,
1346 702 1535 757 dicens
1580 718 1596 756 :
1656 700 1857 755 Anima
1876 700 1997 770 ejus
2033 701 2087 754 in

508 813 577 854 (ο
618 808 727 852 εει.

581 888 668 941 18.
698 882 917 942 Paulus
954 884 1008 938 in
1042 883 1221 956 Cypro
1246 882 1522 953 increpuit
1558 881 1785 955 Elyman
1827 896 2084 953 magum:

505 989 669 1047 atque
699 977 814 1046 ipse
850 990 1040 1045 magus
1063 989 1241 1029 caecus
1274 974 1469 1029 evasit.

580 1069 667 1124 l9.
698 1067 900 1124 Paulus
945 1067 1076 1122 dum
1129 1066 1360 1120 llomatn
1421 1064 1723 1136 navigaret,
1768 1071 2091 1133 tempestate

502 1162 742 1231 iactatus
799 1167 905 1227 est,
941 1167 996 1213 et
1058 1159 1177 1229 ipse
1232 1192 1251 1227 ρ
1387 1167 1443 1214 et
1501 1173 1712 1222 omnes,
1774 1155 1868 1226 qui
1934 1163 2090 1210 erant

504 1253 562 1306 in
603 1252 727 1305 navi
758 1252 823 1306 ad
864 1250 983 1306 dies
1019 1262 1074 1304 ct
1110 1257 1300 1305 noctes
1344 1249 1778 1320 quatuordecim.
1827 1247 2091 1302 Omnibus

504 1352 688 1399 autem
730 1350 960 1397 mortem
986 1339 1460 1410 exspectantibus,
1483 1355 1608 1394 cum
1638 1338 1901 1392 Dominus
1922 1336 2093 1391 Paulo

504 1445 730 1500 astart-t,
755 1434 892 1489 dixit
919 1434 967 1489 ei
994 1452 1008 1489 :
1036 1432 1266 1501 Propter
1299 1441 1354 1488 te
1384 1432 1550 1486 vitam
1582 1429 1669 1484 his
1716 1428 1965 1484 concessi
1995 1444 2011 1482 :
2037 1436 2093 1484 et

505 1528 641 1582 salvi
680 1536 976 1583 evaserunt
1013 1540 1229 1581 omnes.

575 1619 668 1675 ΞΟ.
706 1620 1000 1689 Egressum
1043 1618 1271 1673 Paulum
1300 1631 1332 1673 e
1358 1616 1505 1682 navi,
1537 1614 1723 1686 vipera
1774 1610 2091 1676 momordit,

505 1723 674 1783 atque
713 1728 906 1770 omnes
958 1713 1224 1783 putabant
1258 1709 1375 1764 l'ore
1409 1716 1469 1763 ut
1517 1718 1868 1763 moreretur:
1908 1715 1969 1760 ut
1996 1719 2094 1759 au-

2190 514 2439 569 πεύοντο.

2265 608 2353 673 ιζ’.
2390 608 2601 672 Παῦλος
2627 608 2686 661 ἐν
2713 606 2934 678 Τρῳάδι
2958 604 3198 662 πεσόντα
3219 605 3463 678 Εὔτυχον
3519 606 3628 662 ἀπὸ
3673 608 3785 677 τῆς

2191 699 2429 769 θυρίδος.
2445 700 2541 753 καὶ
2559 697 2897 754 ἀποθανόντα
2911 698 3099 772 ἤγειρε
3117 698 3315 768 λέγων·
3352 694 3419 753 Ἦ
3442 700 3586 772 ψυχὴ
3609 700 3785 754 αύτεῦ

2192 793 2251 845 ὲν
2282 791 2431 862 αὐτῷ
2451 793 2589 844 ἐστι.

2268 888 2355 952 ιη’.
2393 883 2606 945 Παῦλος
2633 884 2690 936 ὲν
2728 883 2941 955 Κύπρῳ
2973 883 3272 955 ἐπετίμησε
3307 882 3385 955 τῷ
3421 883 3582 956 μάγῳ
3623 884 3787 938 Ἐλύ-

2196 990 2275 1045 μα
2298 988 2312 1003 ·
2347 975 2442 1026 καὶ
2471 975 2689 1041 ἐγένετο
2717 973 2916 1042 τυφλὸς
2951 973 3110 1037 αὐτὸς
3131 973 3160 1027 ό
3197 973 3395 1045 μάγος.

2266 1066 2353 1120 ιϐ’.
2392 1065 2603 1130 Παῦλος
2626 1065 2700 1129 ὡς
2731 1065 2925 1119 ἔπλεεν
2957 1067 3015 1120 ὲν
3060 1065 3250 1139 Ῥώμῃ
3276 1066 3318 1131 ⁸,
3370 1063 3787 1136 ἐχειμάσθησαν

2194 1156 2358 1218 αὐτός
2386 1173 2446 1209 τε
2473 1156 2567 1210 καὶ
2600 1156 2803 1219 πάντες
2829 1157 2879 1209 οί
2912 1158 2970 1209 ἐν
2998 1156 3076 1227 τῷ
3117 1156 3287 1227 πλοίῳ
3316 1158 3408 1210 ἐπὶ
3457 1156 3785 1228 νυχθήμερα

2197 1251 2278 1305 ιδ’.
2327 1250 2555 1304 Πάντων
2583 1249 2639 1303 δὲ
2668 1248 3103 1320 προσδοκώντων
3132 1248 3448 1313 ἀποθανεῖν,
3497 1250 3729 1314 ἐπιστὰς
3754 1251 3788 1303 ὁ

2196 1340 2402 1411 Κύριος
2426 1336 2746 1410 εἷπε-θαύτῷ
2761 1340 2839 1410 τῷ
2860 1341 3074 1412 Παύλῳ,
3098 1341 3180 1394 ὅτι
3231 1342 3333 1394 Δια
3355 1341 3415 1393 σὲ
3439 1340 3782 1414 κεχάρισμαι

2194 1429 2407 1493 τούτοις
2438 1428 2501 1482 τὸ
2536 1428 2635 1499 ζῇν
2660 1445 2676 1462 ·
2713 1429 2809 1482 καὶ
2843 1429 3127 1500 ἐσώθησαν
3153 1429 3376 1495 πάντες.

2174 1597 2191 1642 ⁸
2267 1614 2338 1670 κ’.
2377 1615 2697 1681 Ἐξελθόντα
2728 1614 2822 1670 τδν
2851 1616 3066 1670 Παῦλον
3125 1617 3235 1670 sua
3280 1616 3377 1671 τοῦ
3428 1617 3637 1679 πλοίου.
3665 1618 3795 1689 εχις

2199 1708 2360 1763 ἔδακε
2386 1724 2400 1738 ·
2429 1710 2525 1762 καὶ
2561 1710 2610 1761 oi
2643 1708 2742 1778 μὲν
2786 1709 2987 1771 πάντες
3022 1708 3273 1779 ἐνόμιζον
3322 1710 3488 1764 αὐτὸν
3535 1710 3795 1792 γίνεσθαι

506 1812 618 1860 tem
681 1804 888 1860 mansit
944 1803 1156 1874 integer
1207 1809 1263 1858 et
1292 1798 1610 1864 incolumis,
1664 1798 1929 1868 putabant
1961 1809 2087 1851 eum

2207 1798 2407 1869 νεκρόν.
2461 1798 2549 1862 Ὠς
2582 1798 2642 1853 δὶ
2682 1799 2902 1871 ἀπαθὴς
2933 1800 3173 1871 ἔμεινεν,
3203 1801 3461 1872 ἐνόμισαν
3492 1802 3655 1857 αὑτὸν
3702 1798 3795 1857 εἷ-

506 1909 632 1949 csse
670 1894 857 1948 deum.
1604 1948 1609 1953 _

577 1984 669 2039 21.
721 1983 1026 2054 l’rincipem
1076 1983 1269 2040 insulae
1317 1982 1571 2040 Publium
1614 1981 1925 2054 dysenteria
1973 1994 2097 2035 cor-

505 2087 741 2147 reptum,
778 2074 1052 2146 impositis
1072 2075 1328 2130 manibus
1374 2074 1578 2131 Paulus
1612 2072 1827 2128 sanavit
1854 2087 1870 2127 :
1897 2070 2099 2126 multos

505 2163 806 2220 itenulios
842 2173 1079 2234 a'grotos
1104 2162 1336 2217 curavit.

736 2273 1203 2345 Peregrinationes
1231 2276 1408 2331 sancti
1441 2275 1599 2329 Pauli
1625 2274 1878 2344 apostoh.

578 2387 662 2443 Ab
688 2385 951 2443 Damasco
973 2403 1208 2447 exorsus
1237 2400 1343 2456 est,
1392 2397 1446 2444 et
1482 2387 1733 2444 ascendit
1768 2387 2086 2462 llierosoly-

509 2494 654 2533 mam
692 2497 705 2532 :
742 2478 869 2534 inde
911 2479 1145 2537 Tarsum
1181 2499 1194 2536 :
1242 2490 1406 2553 atque
1447 2481 1600 2536 illinc
1658 2479 2004 2535 Antiochiam
2042 2488 2099 2537 ct

510 2586 709 2626 rursus
740 2572 935 2627 iterum
972 2572 1409 2645 Hierosolymam
1434 2575 1715 2644 prolectus
1740 2583 1863 2629 est:
1894 2581 1948 2628 et
1976 2587 2101 2628 rur-

512 2678 613 2718 sus
646 2666 843 2718 iterum
879 2666 1228 2720 Antiochiam
1262 2684 1275 2720 :
1309 2674 1475 2737 atque
1498 2666 1651 2721 illinc
1682 2682 1788 2720 una
1813 2679 1937 2720 cum
1965 2663 2098 2720 Bar-

507 2757 646 2808 naba
679 2754 987 2813 destinatus
1022 2759 1375 2826 apostolatui,
1405 2758 1693 2814 descendit
1739 2755 2048 2813 Seleuciam
2081 2775 2096 2813 :

505 2849 705 2904 deinde
733 2851 785 2904 in
814 2849 1089 2923 Cyprum:
1126 2853 1216 2907 ubi
1241 2862 1295 2908 et
1312 2851 1516 2907 Paulus
1537 2853 1704 2922 ccepit
1727 2850 1909 2904 vocari
1933 2868 1946 2903 :
1975 2856 2100 2920 post

510 2940 630 2995 inec
694 2941 947 3013 Pergam,
976 2950 1032 2998 ct
1078 2943 1431 2999 Antiochiam
1467 2942 1689 2999 Pisidia:
1724 2959 1738 2996 :
1768 2942 1964 2998 deinde
1985 2941 2099 2997 Ico-

509 3032 664 3087 nium
703 3041 757 3088 et
780 3030 1026 3104 LyStrani
1065 3045 1121 3089 et
1173 3033 1404 3090 Derham
1433 3032 1768 3106 Lycaoniae:
1812 3041 2000 3103 postea
2042 3033 2097 3087 in

2199 1906 2290 1944 ναι
2330 1889 2475 1945 θεόν.

2270 1987 2378 2036 κα’.
2415 1982 2521 2036 Τδν
2554 1983 2775 2056 πρῶτον
2804 1983 3076 2039 Πούπλιον
3105 1986 3163 2038 ὲν
3181 1987 3245 2057 τῇ
3284 1986 3434 2057 νήσῳ
3464 1986 3799 2060 δυσεντερίᾳ

2201 2074 2587 2144 συνεχόμενον,
2619 2075 3037 2146 χειροθετίβας,
3098 2076 3288 2131 ἰάσατο
3314 2077 3344 2129 ὁ
3375 2076 3587 2142 Παῦλος
3616 2094 3634 2110 ·
3690 2082 3798 2133 καὶ

2199 2165 2397 2230 ἄλλους
2438 2166 2672 2231 πολλοὺς
2705 2166 3068 2229 ἀσθενοῦντας
3092 2167 3481 2240 ἐθεράπευσεν.

2341 2279 2615 2351 Περίοδοι
2637 2280 2743 2336 τοῦ
2768 2282 2941 2351 ἁγίου
2970 2281 3322 2338 ἀποστόλου
3374 2284 3642 2340 Παύλου.

2289 2394 2409 2449 sub
2425 2395 2718 2467 Δαμασκοῦ
2734 2393 2955 2467 ἤρξατο,
2977 2395 3069 2449 καὶ
3085 2391 3249 2467 ἦλθεν
3265 2395 3287 2428 ⁷
3303 2398 3383 2459 είς
3410 2396 3447 2451 Ἰ
3454 2415 3474 2449 ε
3485 2399 3718 2469 ρουσαλῆ
3729 2418 3796 2473 μ·

2200 2485 2413 2542 ἐκεῖθεν
2440 2487 2520 2551 είς
2558 2486 2774 2559 Ταρσόν
2803 2502 2818 2517 ·
2865 2487 3123 2542 κάκεῖθεν
3176 2489 3256 2552 είς
3299 2488 3652 2561 ’Λ-ιτιόχειαν,
3687 2494 3797 2546 καὶ

2200 2580 2365 2635 πάλιν
2396 2581 2650 2650 δεύτερον
2680 2581 2761 2645 είς
2806 2579 3169 2653 Ἰερουσαλήμ
3193 2598 3207 2613 ·
3244 2583 3339 2636 καὶ
3375 2583 3539 2637 πάλιν
3602 2585 3800 2639 δεύτεη

2205 2687 2298 2741 ρον
2341 2672 2422 2735 εἰς
2461 2667 2816 2741 Ἀντιόχειαν,
2851 2668 3106 2723 κάκεῖθεν
3135 2670 3455 2740 ἀφορισθεὶς
3489 2672 3627 2741 μετὰ
3655 2671 3802 2743 Βαρ-

2201 2762 2341 2816 νάϐα
2367 2762 2448 2824 εἰς
2484 2760 2582 2831 τὴν
2610 2758 2936 2831 ἀποστολὴν,
2965 2759 3236 2830 κατῆλθεν
3293 2762 3374 2824 είς
3431 2760 3757 2817 Σελεύκειαν
3779 2777 3795 2792 ·

2201 2848 2325 2906 εἶτα
2357 2854 2437 2916 είς
2486 2850 2717 2922 Κύπρον
2741 2865 2754 2879 ·
2786 2849 2917 2905 ἔνθα
2967 2850 3061 2903 καὶ
3104 2848 3318 2914 Παῦλος
3340 2848 3550 2922 ἤρξατο
3602 2850 3798 2905 καλεῖ-

2203 2941 2327 2995 σθαι
2348 2958 2360 2972 ·
2385 2934 2506 2994 εἶτα
2531 2941 2611 3004 είς
2636 2938 2859 3011 Πέργην
2884 2957 2899 2971 ·
2929 2938 2952 2971 ⁸
2980 2940 3062 3003 είς
3106 2938 3437 3008 ’Δντιόχειαν
3482 2939 3579 3010 τῆς
3628 2940 3800 2994 Πισι-

2200 3034 2341 3097 δίας·
2380 3029 2501 3089 εἶτα
2526 3034 2605 3098 είς
2645 3033 2869 3087 Ἰκόνιον
2895 3047 2910 3062 ·
2953 3027 3074 3086 εἶτα
3104 3032 3186 3094 εἰς
3233 3031 3482 3102 Λύστραν
3510 3031 3604 3084 καὶ
3649 3030 3802 3100 Δέρ-

508 3122 886 3195 Pamphyliam
923 3143 936 3179 :
964 3126 1160 3182 deinde
1191 3142 1385 3182 rursus
1420 3125 1648 3196 Pergam
1676 3142 1692 3186 :
1724 3134 1915 3196 postea
1946 3128 2099 3178 Atta-

2207 3129 2307 3197 δην
2352 3128 2447 3197 καὶ
2486 3126 2873 3181 Λυκαονίαν⁹·
2936 3121 3056 3179 εἶτα
3117 3125 3199 3188 εἰς
3250 3121 3614 3194 Παμφυλίαν·
3667 3118 3804 3179 εἶτα

512 3215 638 3270 liam
666 3232 681 3271 :
711 3217 907 3272 deinde
939 3234 1132 3276 rursus
1152 3222 1373 3274 tertium
1397 3218 1745 3273 Antiochiam
1775 3216 1947 3289 Syrian
1969 3235 1982 3271 :
2004 3234 2101 3288 po-

511 3317 629 3364 stea
667 3326 859 3366 rursus
886 3312 1107 3367 tertium
1138 3311 1574 3382 Hierosolymam
1608 3321 1833 3381 propter
1860 3309 2101 3364 circum-

508 3398 774 3456 cisionem
818 3418 835 3458 :
890 3402 1091 3458 deinde
1146 3418 1343 3459 rursus
1394 3411 1649 3473 quartum
1713 3399 2097 3455 Antiochiam:

513 3501 702 3561 p05tea
731 3494 1044 3565 peragravit
1081 3494 1296 3565 Syriam
1321 3503 1376 3549 et
1416 3492 1699 3549 Ciliciam:
1733 3492 1929 3549 deinde
1975 3509 2099 3547 rur-

510 3583 829 3639 snsiterum
886 3583 1120 3639 Derbam
1168 3599 1221 3640 et
1261 3583 1510 3656 Lystram
1548 3600 1562 3638 :
1610 3582 1702 3639 ubi
1755 3582 2101 3638 Timotheum

509 3674 897 3730 circumcidit:
935 3677 1179 3746 posthaec
1212 3678 1492 3745 prolectus
1518 3684 1603 3730 est
1631 3675 1686 3729 in
1714 3673 2007 3746 Phrygiam
2041 3682 2095 3730 et

510 3760 809 3818 Galaticatn
852 3766 1169 3836 regionem:
1223 3764 1426 3821 deinde
1476 3766 1531 3821 in
1565 3762 1809 3838 'Mysiam
1848 3784 1863 3823 :
1912 3776 2102 3837 postea

512 3852 784 3910 Troadem
818 3872 834 3911 :
869 3867 1034 3927 atque
1085 3858 1241 3914 illinc
1283 3857 1565 3929 Neapolim
1620 3875 1635 3914 :
1664 3860 1863 3915 deinde
1895 3860 2104 3930 Philip-

512 3959 611 4014 pos
631 3946 961 4004 Macedonia:
985 3950 1174 4006 urbem
1202 3970 1215 4005 :
1239 3963 1452 4022 postea,
1478 3963 1761 4022 peragrata
1784 3951 2103 4023 Amphipoi

510 4045 565 4091 et
582 4040 1047 4107 Apollonia,veuit
1069 4042 1517 4098 Thessalonicam
1541 4061 1556 4101 :
1576 4044 1772 4100 deinde
1789 4044 2102 4099 Bcrrhtnam

514 4135 572 4179 et
600 4126 849 4182 Athenas
881 4143 895 4181 :
934 4140 1125 4197 postea
1167 4130 1497 4186 Corinthum
1525 4141 1582 4187 et
1611 4132 1889 4203 Ephesum
1919 4150 1933 4187 :
1978 4135 2105 4189 inde

513 4218 820 4274 Caesaream
858 4236 873 4274 :
905 4222 1149 4290 posthaec
1199 4223 1400 4278 iterum
1452 4226 1800 4281 Antiochiam
1833 4225 2054 4281 Pisidia:
2086 4244 2101 4281 :

518 4312 651 4366 inde
678 4311 734 4366 in
758 4311 1062 4367 Galaticam
1096 4314 1375 4385 regionem
1418 4323 1475 4371 et
1494 4313 1821 4387 Phrygiam:
1857 4319 2102 4387 posthac

515 4404 713 4459 iterum
773 4420 1024 4461 reversus
1078 4415 1163 4462 est
1192 4405 1490 4478 Ephesum.
1543 4408 1776 4477 Deinde,
1817 4420 2104 4482 peragrata

2205 3220 2365 3276 πάλιν
2404 3222 2484 3285 είς
2526 3220 2747 3290 Πέργην
2773 3234 2786 3253 ·
2809 3213 2930 3272 εἶτα
2960 3219 3040 3282 είς
3086 3217 3368 3271 ’Λττάλιαν
3391 3234 3405 3249 ·
3461 3212 3581 3270 εἷτα
3629 3214 3802 3272 πάλιν

2201 3315 2385 3385 τρίτον
2438 3314 2518 3376 εἰς
2548 3312 2879 3383 Ἀντιόχειαν
2920 3312 3019 3383 τῆς
3049 3310 3248 3381 Συρίας
3269 3325 3286 3343 ·
3314 3304 3435 3364 εἶτα
3480 3309 3640 3364 πάλιν
3670 3309 3766 3377 τρί
3790 3339 3802 3349 -

2200 3418 2293 3458 τον
2324 3406 2403 3468 εἰς
2444 3403 2825 3475 Ἰερουσαλὴμ,
2850 3401 2939 3457 διὰ
2983 3402 3081 3473 τὴν
3108 3405 3435 3473 περιτομήν.
3462 3397 3594 3454 Εἶτα
3631 3401 3803 3453 πάλιν

2202 3497 2463 3566 τέταρτον
2486 3496 2565 3559 εἰς
2592 3493 2997 3564 Ἀντιόχειαν.”
3047 3487 3181 3546 Εἶτα
3222 3493 3384 3546 πάλιν
3434 3491 3684 3562 δεύτερον
3714 3492 3803 3554 εἰς

2202 3586 2413 3658 Δέρϐην
2441 3587 2537 3640 καὶ
2568 3585 2841 3656 Λύστραν·
2876 3585 3003 3639 ἔνθα
3023 3585 3114 3639 τὸν
3130 3583 3398 3656 Τιμόθεον
3428 3584 3753 3653 περιέτεμεν
3779 3598 3799 3614 ·

2205 3676 2325 3733 εἶτα
2347 3681 2429 3743 είς
2450 3679 2550 3750 τὴν
2583 3678 2827 3749 Φρυγίαν
2855 3677 2952 3732 καὶ⁵
2980 3676 3288 3747 Γαλατικὴν
3318 3673 3503 3747 χώραν
3524 3691 3540 3707 ·
3574 3669 3696 3728 εἶτα
3715 3676 3803 3737 εἰς

2204 3772 2420 3827 Μυσίαν
2440 3788 2454 3801 ·
2492 3765 2612 3824 εἶτα
2637 3771 2717 3833 είς
2746 3767 2973 3840 Τρωάδα
2999 3782 3016 3801 ·
3062 3766 3319 3821 κάκεῖθεν
3372 3766 3452 3830 είς
3478 3764 3754 3819 Νεάπολιν
3782 3781 3799 3797 ·

2207 3860 2331 3919 εἶτα
2357 3865 2440 3927 εἰς
2486 3862 2790 3924 Φιλίππους
2842 3864 2946 3933 τῆς
2996 3859 3334 3923 Μακεδονίας
3358 3874 3373 3889 ·
3404 3854 3545 3918 εἶτα.
3574 3854 3805 3910 διελθὼν

2205 3955 2303 4027 τὴν
2358 3953 2689 4025 Ἀμφίπολιν
2747 3952 2843 4007 καὶ
2906 3951 3007 4024 τὴν
3073 3951 3460 4013 Ἀπολλωνίαν,
3503 3944 3670 4021 ἦλθεν
3717 3950 3807 4012 εἰς

2203 4044 2643 4114 Θεσσαλονίκην·
2699 4038 2822 4098 εἷτα
2863 4044 2945 4106 είς
3002 4042 3289 4114 Βέρῤοιαν,
3349 4035 3469 4094 εἶτα
3514 4040 3591 4102 είς
3636 4037 3805 4107 Ἀθή-

2203 4154 2300 4201 νας
2326 4153 2342 4167 ·
2384 4131 2503 4189 εἶτα
2541 4139 2622 4199 εἰς
2666 4133 2934 4206 Κόρινθον
2970 4151 2985 4166 ·
3013 4129 3133 4187 εἶτα
3161 4135 3244 4197 είς
3276 4133 3541 4200 Ἔφεσον·
3566 4124 3687 4183 εἶτα
3717 4130 3808 4193 εἰς

2206 4231 2541 4300 Καισάρειαν
2560 4246 2574 4260 ·
2615 4226 2733 4283 εἶτα
2784 4226 3042 4299 δεύτερον
3073 4228 3155 4289 εἰς
3197 4227 3531 4296 Ἀντιόχειαν
3560 4222 3662 4293 τῆς
3691 4222 3799 4275 Πι-

2206 4322 2381 4385 σιδέας
2406 4337 2419 4351 ·
2447 4317 2565 4374 εἶτα
2593 4322 2672 4383 είς
2717 4318 2819 4389 τὴν
2848 4317 3155 4387 Γαλατικὴν
3174 4316 3361 4388 χώραν
3405 4313 3502 4368 καὶ
3532 4310 3801 4384 Φρυγίαν·

2207 4412 2324 4468 εἶτα
2385 4413 2550 4468 πάλιν
2621 4412 2873 4481 δεύτερον
2927 4412 3007 4474 είς
3072 4410 3343 4478 Ἔφεσον·
3399 4404 3538 4471 εἶτα,
3574 4401 3803 4457 διελθὼν

515 4488 862 4554 Macedonia,
898 4494 1050 4549 venit
1102 4494 1159 4549 in
1212 4496 1520 4566 Graeciam;
1580 4511 1748 4571 atque
1798 4500 1923 4555 inde
1982 4516 2099 4571 per-

2207 4508 2307 4577 τὴν
2361 4504 2773 4569 Μακεδονίαν,¹¹
2826 4500 2958 4574 ἦλθε
2990 4501 3152 4557 πάλιν
3179 4500 3432 4571 δεύτερον
3472 4498 3550 4560 εἰς
3609 4494 3807 4548 eam

514 4590 701 4652 ngrata
738 4581 1079 4650 Macedonia,
1105 4585 1304 4641 iterum
1349 4602 1606 4644 reversus
1633 4602 1719 4645 est
1742 4588 2046 4660 Philippos,
2075 4608 2105 4645 a

508 4668 785 4743 Philippis
809 4672 1083 4730 Troadem
1125 4691 1322 4733 rursus
1345 4678 1629 4749 profectus
1651 4689 1733 4735 est
1765 4696 1781 4733 :
1820 4682 1911 4734 ubi
1936 4681 2105 4735 etiam

515 4760 824 4833 Eutychum
860 4764 1073 4837 lapsum
1102 4769 1396 4824 excitavit:
1417 4769 1614 4826 deinde
1632 4773 1809 4826 Asson
1832 4771 2106 4841 prolectus

514 4862 599 4907 est
627 4863 682 4908 et
713 4850 1039 4925 Mitylenen;
1076 4872 1205 4914 mox
1230 4854 1234 4858 ’
1262 4854 1331 4915 ad
1381 4861 1503 4916 loca
1532 4861 1640 4916 sita
1665 4877 1695 4916 e
1721 4862 1940 4933 regione
1959 4862 2104 4919 Chii:

517 4952 706 5013 postea
735 4942 960 5000 Samum
1000 4966 1011 5000 :
1056 4959 1225 5018 atque
1253 4950 1382 5006 inde
1420 4950 1685 5007 Miletum.
1715 4953 1892 5017 Unde,
1921 4968 2107 5011 accer-

482 5058 487 5063 λ
517 5036 640 5091 sitis
670 5036 738 5091 ad
766 5052 826 5092 se
854 5036 1134 5109 Ephesiis,
1185 5045 1591 5098 sermocinatus
1616 5053 1702 5099 est
1731 5059 1796 5098 ac
1819 5046 2102 5101 valedixit:

517 5140 705 5200 pOSteI
739 5133 885 5186 venit
917 5134 971 5187 in
996 5132 1172 5190 Count
1201 5153 1215 5190 :
1247 5149 1369 5191 mox
1406 5136 1661 5191 Rhodum
1691 5156 1703 5192 :
1738 5138 1865 5195 inde
1910 5139 2104 5195 Patara

516 5220 713 5277 deinde
740 5219 945 5293 Tyrum
974 5241 988 5278 :
1012 5235 1204 5295 postea
1233 5224 1573 5282 Ptolemaida
1599 5243 1614 5280 :
1641 5236 1808 5297 atque
1839 5228 1966 5284 inde
1982 5229 2107 5285 Ca:-

517 5324 730 5366 saream
765 5330 778 5365 :
808 5312 951 5367 unde
988 5328 1182 5370 rursus
1208 5325 1470 5387 quartum
1499 5317 1749 5372 ascendit
1782 5315 2103 5390 Hierosoly-

2210 4614 2367 4661 πους.
2393 4596 2503 4650 Καὶ
2532 4596 2639 4649 ἀπὸ
2665 4594 2949 4648 Φιλίππων
2975 4595 3019 4626 ¹²
3060 4593 3226 4647 πάλιν
3248 4593 3328 4654 είς
3348 4588 3579 4661 Τρωάδα
3603 4602 3619 4618 ·
3669 4585 3806 4639 ἔνθα

2210 4690 2302 4744 καὶ
2344 4689 2437 4743 τὸν
2468 4687 2710 4758 Εὔτυχον
2761 4688 2951 4757 ἡγειρε
2984 4686 3221 4739 πεσόντα
3244 4701 3258 4715 ·
3294 4679 3412 4736 εἶτα
3432 4683 3512 4745 εἰς
3541 4679 3639 4750 τὴν
3664 4673 3808 4730 Ἀσ-

2210 4798 2330 4835 σον·
2377 4777 2500 4833 εἶτα
2563 4781 2644 4842 εἰς
2694 4777 3049 4846 Μιτυλήνην·
3088 4772 3209 4831 εἶτα
3252 4775 3297 4807 ¹⁸
3345 4773 3575 4843 ἀντικρὺ
3634 4770 3799 4824 Χίου.

2172 4867 2344 4925 “Εἷτα
2412 4870 2493 4935 εἰς
2539 4868 2746 4941 Σάμον,
2798 4866 3057 4922 κάκεῖθεν
3096 4867 3177 4931 είς
3231 4865 3528 4936 Μήλητον·
3566 4861 3803 4925 ἐκεῖθεν,

2208 4961 2656 5033 είσπεμψάμενος
2685 4962 2731 4995 ¹³
2751 4962 2878 5025 τοὺς
2901 4963 2960 5014 ὲν
2992 4958 3229 5031 Ἐφέσῳ,
3262 4958 3542 5029 ὡμίλησεν
3573 4954 3757 5015 αὐτοῖς
3783 4971 3800 4983 ·

2209 5049 2328 5107 εἶτα
2357 5054 2438 5117 εἰς
2462 5053 2588 5108 Χῶν
2618 5047 2777 5106 ἐἶτα
2833 5051 2914 5115 είς
2959 5049 3143 5105 Ῥόδον
3175 5068 3190 5082 ·
3236 5048 3495 5103 κάκεῖθεν
3550 5048 3629 5110 είς
3682 5045 3805 5100 Πά-
3852 5086 3861 5091 -

2208 5161 2353 5217 ταρα
2378 5162 2395 5174 ·
2443 5143 2704 5199 κάκεῖθεν
2733 5143 2812 5206 είς
2871 5141 3050 5214 Τύρον
3076 5156 3089 5172 ·
3123 5136 3243 5193 εἶτα
3274 5141 3355 5204 εἰς
3402 5136 3749 5208 Πτολεμαΐδα
3780 5151 3799 5168 ·

2211 5234 2469 5289 κάκεῖθεν
2488 5237 2567 5297 εἰς
2599 5232 2939 5304 Καισάρειαν
2958 5248 2974 5263 ·
3008 5231 3267 5287 κάκεῖθεν
3316 5230 3480 5284 πάλιν
3533 5229 3802 5297 τέταρτον

2212 5325 2443 5396 ἀνῆλθεν
2472 5326 2553 5388 εἰς
2588 5322 2947 5397 Ἰερουσαλήμ
2977 5339 2991 5355 ·
3039 5323 3297 5378 κάκεῖθεν
3325 5318 3701 5392 παρεπέμφθη
3720 5318 3802 5381 είς

1710 5433 1917 5496 Varia:
1969 5432 2275 5503 lectiones
2308 5446 2372 5503 et
2397 5450 2585 5503 noue.

590 5526 611 5622 ῗ
645 5527 1613 5622 £€’:_‘.¥i._"’55’rﬁv:nimisme-
1690 5537 1711 5569 ⁸
1740 5535 1977 5622 ἀῗθῖίὲκοδ
2018 5543 2370 5622 τῖροῖτίθὲτῖιι
2408 5545 2470 5622 ’ἲδ
2492 5541 2633 5622 εῖτσὲτ
2687 5549 2855 5622 ,ἭῬο
2878 5552 2981 5622 τῆς
3013 5552 3342 5615 Λυκαονίας.
3423 5552 3467 5583 ¹⁰
3502 5539 3802 5622 τὶριέ,πί⁰²]’

518 5599 1068 5691 ’ξαιὶάὶῖλαχοῦὶεἶταζ
1094 5599 1405 5691 δικῆλθξητὴν
1428 5599 1630 5691 {inpiam
1658 5599 1939 5691 καταμᾶ.
1979 5599 2098 5679 καί)

2207 5631 2213 5658 ν
2240 5613 2521 5691 Κιλικίανἶ
2571 5616 2636 5691 _“
2664 5599 2866 5674 Add'irtu
2889 5599 3445 5677 iiEc'EleFEn'Eiéuso
3470 5636 3488 5673 :
3521 5599 3685 5691 filiis)!
3716 5599 3801 5670 εἷς

548 5668 754 5720 Ελλάδα
786 5668 1103 5763 Ακείικείθεν
1131 5668 1374 5729 διελθὼν
1400 5668 1520 5746 τῆν’
1540 5668 1905 5732 Μακεδονίαν.
1984 5683 2026 5713 ¹²
2064 5668 2099 5736 ά

2207 5699 2377 5751 τποις,
2428 5668 2866 5743 Ιιαίιεὺαιιιῖξωίῖ
3620 5686 3669 5722 ⁸⁸
3698 5668 3795 5753 ΤΡ·

522 5737 1035 5809 μεταπεμψάμενος.
