  <div class='ocr_page' id='page_1' title='image "/cluster/home/n/w/nwhite01/storage/ocr_20150623/125:no.3/coo.31924054870302/252.png"; bbox 0 0 4044 6410; ppageno 0'>
   <div class='ocr_carea' id='block_1_1' title="bbox 349 371 456 434">
    <p class='ocr_par' dir='ltr' id='par_1_1' title="bbox 349 371 456 434">
     <span class='ocr_line' id='line_1_1' title="bbox 349 371 456 434; baseline -0.019 0"><span class='ocrx_word' id='word_1_1' title='bbox 349 371 456 434; x_wconf 63' lang='lat'><strong>£89</strong></span> 
     </span>
    </p>
   </div>
   <div class='ocr_carea' id='block_1_2' title="bbox 1291 375 2662 447">
    <p class='ocr_par' dir='ltr' id='par_1_2' title="bbox 1291 375 2662 447">
     <span class='ocr_line' id='line_1_2' title="bbox 1291 375 2662 447; baseline 0.006 -9"><span class='ocrx_word' id='word_1_2' title='bbox 1291 375 1699 440; x_wconf 81' lang='lat' dir='ltr'><strong>EXPOSITIO</strong></span> <span class='ocrx_word' id='word_1_3' title='bbox 1740 376 1821 437; x_wconf 76' lang='lat' dir='ltr'><strong>IN</strong></span> <span class='ocrx_word' id='word_1_4' title='bbox 1857 378 2047 439; x_wconf 83' lang='lat' dir='ltr'><strong>ACTA</strong></span> <span class='ocrx_word' id='word_1_5' title='bbox 2078 380 2662 447; x_wconf 85' lang='lat' dir='ltr'><strong>APOSTOLORUM.</strong></span> 
     </span>
    </p>
   </div>
   <div class='ocr_carea' id='block_1_3' title="bbox 3514 389 3620 457">
    <p class='ocr_par' dir='ltr' id='par_1_3' title="bbox 3514 389 3620 457">
     <span class='ocr_line' id='line_1_3' title="bbox 3514 389 3620 457; baseline 0.019 -3"><span class='ocrx_word' id='word_1_6' title='bbox 3514 389 3620 457; x_wconf 79' lang='grc'><strong>490</strong></span> 
     </span>
    </p>
   </div>
   <div class='ocr_carea' id='block_1_4' title="bbox 349 483 1940 574">
    <p class='ocr_par' dir='ltr' id='par_1_4' title="bbox 349 483 1939 561">
     <span class='ocr_line' id='line_1_4' title="bbox 349 483 1939 561; baseline 0.003 -21"><span class='ocrx_word' id='word_1_7' title='bbox 349 483 711 557; x_wconf 74' lang='grc' dir='ltr'>Καισάρειαν.</span> <span class='ocrx_word' id='word_1_8' title='bbox 728 486 841 542; x_wconf 75' lang='grc' dir='ltr'><strong>Καὶ</strong></span> <span class='ocrx_word' id='word_1_9' title='bbox 852 486 1038 544; x_wconf 77' lang='grc' dir='ltr'>λοιπδν</span> <span class='ocrx_word' id='word_1_10' title='bbox 1060 488 1279 560; x_wconf 82' lang='grc' dir='ltr'><strong>δέσμιος</strong></span> <span class='ocrx_word' id='word_1_11' title='bbox 1303 490 1397 544; x_wconf 75' lang='grc' dir='ltr'><strong>ἐπὶ</strong></span> <span class='ocrx_word' id='word_1_12' title='bbox 1422 489 1663 561; x_wconf 82' lang='grc' dir='ltr'>Ῥώμην.</span> <span class='ocrx_word' id='word_1_13' title='bbox 1685 490 1877 555; x_wconf 72' lang='grc' dir='ltr'>Οὕτως</span> <span class='ocrx_word' id='word_1_14' title='bbox 1895 490 1939 523; x_wconf 81' lang='grc'><strong>¹⁸</strong></span> 
     </span>
    </p>
   </div>
   <div class='ocr_carea' id='block_1_5' title="bbox 2046 483 3625 574">
    <p class='ocr_par' dir='ltr' id='par_1_5' title="bbox 2046 498 3625 574">
     <span class='ocr_line' id='line_1_5' title="bbox 2046 498 3625 574; baseline 0.008 -27"><span class='ocrx_word' id='word_1_15' title='bbox 2046 507 2188 550; x_wconf 91' lang='lat' dir='ltr'><strong>mam</strong></span> <span class='ocrx_word' id='word_1_16' title='bbox 2223 514 2237 551; x_wconf 88' lang='lat'><strong>:</strong></span> <span class='ocrx_word' id='word_1_17' title='bbox 2270 506 2434 568; x_wconf 85' lang='lat' dir='ltr'><strong>atque</strong></span> <span class='ocrx_word' id='word_1_18' title='bbox 2485 498 2612 557; x_wconf 83' lang='lat' dir='ltr'><strong>inde</strong></span> <span class='ocrx_word' id='word_1_19' title='bbox 2642 500 2973 566; x_wconf 65' lang='lat' dir='ltr'><strong>Caesaream,</strong></span> <span class='ocrx_word' id='word_1_20' title='bbox 3004 513 3071 557; x_wconf 89' lang='lat' dir='ltr'><strong>ac</strong></span> <span class='ocrx_word' id='word_1_21' title='bbox 3109 499 3367 574; x_wconf 82' lang='lat' dir='ltr'><strong>deinceps</strong></span> <span class='ocrx_word' id='word_1_22' title='bbox 3395 501 3625 559; x_wconf 74' lang='lat' dir='ltr'><strong>Romam</strong></span> 
     </span>
    </p>
   </div>
   <div class='ocr_carea' id='block_1_6' title="bbox 350 574 1940 650">
    <p class='ocr_par' dir='ltr' id='par_1_6' title="bbox 350 574 1940 650">
     <span class='ocr_line' id='line_1_6' title="bbox 350 574 1940 650; baseline 0.003 -22"><span class='ocrx_word' id='word_1_23' title='bbox 350 576 462 629; x_wconf 81' lang='grc' dir='ltr'>ἀπὸ</span> <span class='ocrx_word' id='word_1_24' title='bbox 522 577 871 649; x_wconf 77' lang='grc' dir='ltr'><strong>Καισαρείας</strong></span> <span class='ocrx_word' id='word_1_25' title='bbox 898 574 1066 650; x_wconf 80' lang='grc' dir='ltr'>ἦλθεν</span> <span class='ocrx_word' id='word_1_26' title='bbox 1113 579 1194 643; x_wconf 76' lang='grc' dir='ltr'><strong>είς</strong></span> <span class='ocrx_word' id='word_1_27' title='bbox 1226 579 1434 634; x_wconf 83' lang='grc' dir='ltr'><strong>Σιδῶνα</strong></span> <span class='ocrx_word' id='word_1_28' title='bbox 1463 596 1478 612; x_wconf 80' lang='grc'><strong><em>⁸</em></strong></span> <span class='ocrx_word' id='word_1_29' title='bbox 1542 580 1800 635; x_wconf 83' lang='grc' dir='ltr'>κάκεῖθεν</span> <span class='ocrx_word' id='word_1_30' title='bbox 1860 581 1940 644; x_wconf 84' lang='grc' dir='ltr'>εἰς</span> 
     </span>
    </p>
   </div>
   <div class='ocr_carea' id='block_1_7' title="bbox 350 667 1942 739">
    <p class='ocr_par' dir='ltr' id='par_1_7' title="bbox 350 667 1942 739">
     <span class='ocr_line' id='line_1_7' title="bbox 350 667 1942 739; baseline 0.004 -17"><span class='ocrx_word' id='word_1_31' title='bbox 350 669 515 739; x_wconf 70' lang='grc' dir='ltr'>Μύρα</span> <span class='ocrx_word' id='word_1_32' title='bbox 549 668 651 738; x_wconf 77' lang='grc' dir='ltr'>τῆς</span> <span class='ocrx_word' id='word_1_33' title='bbox 684 671 895 735; x_wconf 79' lang='grc' dir='ltr'>Λυκίας</span> <span class='ocrx_word' id='word_1_34' title='bbox 920 688 934 702; x_wconf 89' lang='grc'><strong>·</strong></span> <span class='ocrx_word' id='word_1_35' title='bbox 964 667 1085 726; x_wconf 76' lang='grc' dir='ltr'>εἶτα</span> <span class='ocrx_word' id='word_1_36' title='bbox 1108 673 1189 736; x_wconf 76' lang='grc' dir='ltr'><strong>εἰς</strong></span> <span class='ocrx_word' id='word_1_37' title='bbox 1220 671 1415 726; x_wconf 81' lang='grc' dir='ltr'>Κνίδον</span> <span class='ocrx_word' id='word_1_38' title='bbox 1444 688 1460 703; x_wconf 81' lang='grc' dir='ltr'><strong>ο</strong></span> <span class='ocrx_word' id='word_1_39' title='bbox 1482 672 1741 727; x_wconf 84' lang='grc' dir='ltr'>κάκεῖθεν</span> <span class='ocrx_word' id='word_1_40' title='bbox 1776 672 1942 728; x_wconf 82' lang='grc' dir='ltr'>πολλὰ</span> 
     </span>
    </p>
   </div>
   <div class='ocr_carea' id='block_1_8' title="bbox 351 757 1935 837">
    <p class='ocr_par' dir='ltr' id='par_1_8' title="bbox 351 757 1935 837">
     <span class='ocr_line' id='line_1_8' title="bbox 351 757 1935 837; baseline 0.005 -25"><span class='ocrx_word' id='word_1_41' title='bbox 351 760 539 814; x_wconf 82' lang='grc' dir='ltr'>παθὼν</span> <span class='ocrx_word' id='word_1_42' title='bbox 568 757 733 833; x_wconf 80' lang='grc' dir='ltr'>ἦλθεν</span> <span class='ocrx_word' id='word_1_43' title='bbox 759 765 840 827; x_wconf 80' lang='lat' dir='ltr'><strong>sl;</strong></span> <span class='ocrx_word' id='word_1_44' title='bbox 872 763 971 836; x_wconf 80' lang='grc' dir='ltr'>τὴν</span> <span class='ocrx_word' id='word_1_45' title='bbox 1031 765 1216 834; x_wconf 83' lang='grc' dir='ltr'>νῆσον.</span> <span class='ocrx_word' id='word_1_46' title='bbox 1279 763 1452 818; x_wconf 82' lang='grc' dir='ltr'><strong>Ἔνθα</strong></span> <span class='ocrx_word' id='word_1_47' title='bbox 1477 766 1511 835; x_wconf 83' lang='grc' dir='ltr'>ἡ</span> <span class='ocrx_word' id='word_1_48' title='bbox 1546 764 1724 836; x_wconf 68' lang='grc' dir='ltr'>ἐχιδνα</span> <span class='ocrx_word' id='word_1_49' title='bbox 1759 766 1935 837; x_wconf 84' lang='grc' dir='ltr'>καθή-</span> 
     </span>
    </p>
   </div>
   <div class='ocr_carea' id='block_1_9' title="bbox 348 852 1936 929">
    <p class='ocr_par' dir='ltr' id='par_1_9' title="bbox 348 852 1936 929">
     <span class='ocr_line' id='line_1_9' title="bbox 348 852 1936 929; baseline 0.004 -24"><span class='ocrx_word' id='word_1_50' title='bbox 348 852 487 922; x_wconf 71' lang='grc' dir='ltr'>ψατο</span> <span class='ocrx_word' id='word_1_51' title='bbox 548 856 646 923; x_wconf 85' lang='grc' dir='ltr'><strong>τῆς</strong></span> <span class='ocrx_word' id='word_1_52' title='bbox 683 857 867 927; x_wconf 71' lang='grc' dir='ltr'>χειρὸς</span> <span class='ocrx_word' id='word_1_53' title='bbox 910 856 1078 912; x_wconf 76' lang='grc' dir='ltr'>αὐτοῦ</span> <span class='ocrx_word' id='word_1_54' title='bbox 1111 858 1206 911; x_wconf 77' lang='grc' dir='ltr'><strong>καὶ</strong></span> <span class='ocrx_word' id='word_1_55' title='bbox 1229 857 1446 927; x_wconf 79' lang='grc' dir='ltr'><strong>ἔμεινεν</strong></span> <span class='ocrx_word' id='word_1_56' title='bbox 1495 858 1739 929; x_wconf 72' lang='grc' dir='ltr'>ἀϐλαϐής</span> <span class='ocrx_word' id='word_1_57' title='bbox 1770 876 1785 889; x_wconf 90' lang='grc'><strong>·</strong></span> <span class='ocrx_word' id='word_1_58' title='bbox 1816 853 1936 912; x_wconf 74' lang='grc' dir='ltr'>εἶτα</span> 
     </span>
    </p>
   </div>
   <div class='ocr_carea' id='block_1_10' title="bbox 350 942 1937 1020">
    <p class='ocr_par' dir='ltr' id='par_1_10' title="bbox 350 942 1937 1020">
     <span class='ocr_line' id='line_1_10' title="bbox 350 942 1937 1020; baseline 0.005 -26"><span class='ocrx_word' id='word_1_59' title='bbox 350 946 430 1006; x_wconf 79' lang='grc' dir='ltr'><strong>είς</strong></span> <span class='ocrx_word' id='word_1_60' title='bbox 461 944 818 1013; x_wconf 82' lang='grc' dir='ltr'>Συρακούσας</span> <span class='ocrx_word' id='word_1_61' title='bbox 852 963 866 978; x_wconf 74' lang='grc' dir='ltr'><strong><em>ο</em></strong></span> <span class='ocrx_word' id='word_1_62' title='bbox 891 942 1011 1000; x_wconf 72' lang='grc' dir='ltr'>εἶτα</span> <span class='ocrx_word' id='word_1_63' title='bbox 1042 949 1122 1010; x_wconf 80' lang='grc' dir='ltr'>εἰς</span> <span class='ocrx_word' id='word_1_64' title='bbox 1166 947 1388 1019; x_wconf 81' lang='grc' dir='ltr'>Ῥήγιον</span> <span class='ocrx_word' id='word_1_65' title='bbox 1416 950 1517 1018; x_wconf 83' lang='grc' dir='ltr'>τῆς</span> <span class='ocrx_word' id='word_1_66' title='bbox 1579 947 1897 1020; x_wconf 79' lang='grc' dir='ltr'>Καλαδρίας</span> <span class='ocrx_word' id='word_1_67' title='bbox 1922 963 1937 978; x_wconf 84' lang='lat'><strong>&#39;</strong></span> 
     </span>
    </p>
   </div>
   <div class='ocr_carea' id='block_1_11' title="bbox 352 1030 1941 1109">
    <p class='ocr_par' dir='ltr' id='par_1_11' title="bbox 352 1030 1941 1109">
     <span class='ocr_line' id='line_1_11' title="bbox 352 1030 1941 1109; baseline 0.005 -24"><span class='ocrx_word' id='word_1_68' title='bbox 352 1030 468 1087; x_wconf 75' lang='lat' dir='ltr'><strong>cita</strong></span> <span class='ocrx_word' id='word_1_69' title='bbox 497 1036 578 1098; x_wconf 77' lang='grc' dir='ltr'>εἰς</span> <span class='ocrx_word' id='word_1_70' title='bbox 612 1030 926 1101; x_wconf 57' lang='grc' dir='ltr'>Ποτιόλους</span> <span class='ocrx_word' id='word_1_71' title='bbox 958 1039 1216 1092; x_wconf 86' lang='grc' dir='ltr'>κάκεῖθεν</span> <span class='ocrx_word' id='word_1_72' title='bbox 1248 1038 1413 1103; x_wconf 76' lang='grc' dir='ltr'>πεζὸς</span> <span class='ocrx_word' id='word_1_73' title='bbox 1435 1039 1666 1109; x_wconf 79' lang='grc' dir='ltr'>ἀνῆλθεν</span> <span class='ocrx_word' id='word_1_74' title='bbox 1696 1041 1777 1104; x_wconf 83' lang='grc' dir='ltr'>εὶς</span> <span class='ocrx_word' id='word_1_75' title='bbox 1804 1038 1941 1093; x_wconf 83' lang='grc' dir='ltr'><strong>Ῥώ-</strong></span> 
     </span>
    </p>
   </div>
   <div class='ocr_carea' id='block_1_12' title="bbox 355 1127 1940 1201">
    <p class='ocr_par' dir='ltr' id='par_1_12' title="bbox 355 1127 1940 1201">
     <span class='ocr_line' id='line_1_12' title="bbox 355 1127 1940 1201; baseline 0.006 -25"><span class='ocrx_word' id='word_1_76' title='bbox 355 1143 485 1195; x_wconf 86' lang='grc' dir='ltr'>μην,</span> <span class='ocrx_word' id='word_1_77' title='bbox 526 1127 961 1199; x_wconf 83' lang='grc' dir='ltr'><strong>ἀπαντησάντων</strong></span> <span class='ocrx_word' id='word_1_78' title='bbox 993 1127 1145 1200; x_wconf 82' lang='grc' dir='ltr'>αὐτῷ</span> <span class='ocrx_word' id='word_1_79' title='bbox 1172 1128 1278 1182; x_wconf 83' lang='grc' dir='ltr'><strong>τῶν</strong></span> <span class='ocrx_word' id='word_1_80' title='bbox 1305 1130 1550 1201; x_wconf 79' lang='grc' dir='ltr'><strong>ἀδελφῶν</strong></span> <span class='ocrx_word' id='word_1_81' title='bbox 1589 1132 1670 1194; x_wconf 79' lang='grc' dir='ltr'><strong>εἰς</strong></span> <span class='ocrx_word' id='word_1_82' title='bbox 1710 1132 1940 1186; x_wconf 85' lang='grc' dir='ltr'>’Λππίου</span> 
     </span>
    </p>
   </div>
   <div class='ocr_carea' id='block_1_13' title="bbox 354 1215 1941 1291">
    <p class='ocr_par' dir='ltr' id='par_1_13' title="bbox 354 1215 1941 1291">
     <span class='ocr_line' id='line_1_13' title="bbox 354 1215 1941 1291; baseline 0.006 -22"><span class='ocrx_word' id='word_1_83' title='bbox 354 1215 518 1285; x_wconf 79' lang='grc' dir='ltr'>φόρον</span> <span class='ocrx_word' id='word_1_84' title='bbox 547 1219 643 1271; x_wconf 73' lang='grc' dir='ltr'>καὶ</span> <span class='ocrx_word' id='word_1_85' title='bbox 693 1220 863 1291; x_wconf 79' lang='grc' dir='ltr'>τριῶν</span> <span class='ocrx_word' id='word_1_86' title='bbox 890 1218 1179 1291; x_wconf 75' lang='grc' dir='ltr'>Ταϐερνῶν</span> <span class='ocrx_word' id='word_1_87' title='bbox 1206 1220 1267 1274; x_wconf 72' lang='grc'>⁸⁸.</span> <span class='ocrx_word' id='word_1_88' title='bbox 1302 1222 1411 1274; x_wconf 74' lang='grc' dir='ltr'>Καὶ</span> <span class='ocrx_word' id='word_1_89' title='bbox 1444 1222 1631 1276; x_wconf 82' lang='grc' dir='ltr'>λοιπὸν</span> <span class='ocrx_word' id='word_1_90' title='bbox 1681 1223 1941 1279; x_wconf 73' lang='grc' dir='ltr'>εἰσελθὼν</span> 
     </span>
    </p>
   </div>
   <div class='ocr_carea' id='block_1_14' title="bbox 358 1309 1941 1387">
    <p class='ocr_par' dir='ltr' id='par_1_14' title="bbox 358 1309 1941 1387">
     <span class='ocr_line' id='line_1_14' title="bbox 358 1309 1941 1387; baseline 0.008 -28"><span class='ocrx_word' id='word_1_91' title='bbox 358 1309 441 1371; x_wconf 79' lang='grc' dir='ltr'><strong>είς</strong></span> <span class='ocrx_word' id='word_1_92' title='bbox 497 1309 725 1380; x_wconf 74' lang='grc' dir='ltr'>Ῥώμην</span> <span class='ocrx_word' id='word_1_93' title='bbox 751 1350 766 1375; x_wconf 94' lang='grc'><strong>,</strong></span> <span class='ocrx_word' id='word_1_94' title='bbox 810 1313 904 1363; x_wconf 83' lang='grc' dir='ltr'><strong>καὶ</strong></span> <span class='ocrx_word' id='word_1_95' title='bbox 927 1311 1146 1376; x_wconf 79' lang='grc' dir='ltr'>διδάξας</span> <span class='ocrx_word' id='word_1_96' title='bbox 1169 1312 1361 1382; x_wconf 83' lang='grc' dir='ltr'>χρόνον</span> <span class='ocrx_word' id='word_1_97' title='bbox 1387 1314 1593 1379; x_wconf 82' lang='grc' dir='ltr'>ἱκανὸν,</span> <span class='ocrx_word' id='word_1_98' title='bbox 1633 1314 1859 1387; x_wconf 76' lang='grc' dir='ltr'>ὕστερον</span> <span class='ocrx_word' id='word_1_99' title='bbox 1883 1317 1941 1371; x_wconf 85' lang='grc' dir='ltr'>ὲν</span> 
     </span>
    </p>
   </div>
   <div class='ocr_carea' id='block_1_15' title="bbox 354 1400 1937 1476">
    <p class='ocr_par' dir='ltr' id='par_1_15' title="bbox 354 1400 1937 1476">
     <span class='ocr_line' id='line_1_15' title="bbox 354 1400 1937 1476; baseline 0.005 -23"><span class='ocrx_word' id='word_1_100' title='bbox 354 1400 493 1471; x_wconf 79' lang='grc' dir='ltr'>αὐτῇ</span> <span class='ocrx_word' id='word_1_101' title='bbox 521 1404 586 1472; x_wconf 76' lang='grc' dir='ltr'>τῇ</span> <span class='ocrx_word' id='word_1_102' title='bbox 629 1403 820 1473; x_wconf 80' lang='grc' dir='ltr'>Ῥώμη</span> <span class='ocrx_word' id='word_1_103' title='bbox 851 1404 1260 1475; x_wconf 70' lang='grc' dir='ltr'>ἐμαρτύρησεν,</span> <span class='ocrx_word' id='word_1_104' title='bbox 1281 1406 1469 1459; x_wconf 78' lang='grc' dir='ltr'>αὐτόθι</span> <span class='ocrx_word' id='word_1_105' title='bbox 1500 1407 1593 1460; x_wconf 82' lang='grc' dir='ltr'><strong>τὸν</strong></span> <span class='ocrx_word' id='word_1_106' title='bbox 1624 1407 1814 1476; x_wconf 81' lang='grc' dir='ltr'>ἀγῶνα</span> <span class='ocrx_word' id='word_1_107' title='bbox 1842 1407 1937 1461; x_wconf 79' lang='grc' dir='ltr'>τὸν</span> 
     </span>
    </p>
   </div>
   <div class='ocr_carea' id='block_1_16' title="bbox 353 1492 1941 1568">
    <p class='ocr_par' dir='ltr' id='par_1_16' title="bbox 353 1492 1941 1568">
     <span class='ocr_line' id='line_1_16' title="bbox 353 1492 1941 1568; baseline 0.005 -24"><span class='ocrx_word' id='word_1_108' title='bbox 353 1492 521 1545; x_wconf 74' lang='grc' dir='ltr'>καλὸν</span> <span class='ocrx_word' id='word_1_109' title='bbox 542 1494 976 1565; x_wconf 82' lang='grc' dir='ltr'>ἀγωνισάμενος.</span> <span class='ocrx_word' id='word_1_110' title='bbox 1008 1495 1275 1567; x_wconf 76' lang='grc' dir='ltr'>Ῥωμαῖοι</span> <span class='ocrx_word' id='word_1_111' title='bbox 1292 1498 1347 1551; x_wconf 87' lang='grc' dir='ltr'><strong>δὲ</strong></span> <span class='ocrx_word' id='word_1_112' title='bbox 1369 1498 1755 1568; x_wconf 82' lang='grc' dir='ltr'>περικαλλέσιν</span> <span class='ocrx_word' id='word_1_113' title='bbox 1771 1499 1941 1563; x_wconf 79' lang='grc' dir='ltr'>οἴκοις</span> 
     </span>
    </p>
   </div>
   <div class='ocr_carea' id='block_1_17' title="bbox 354 1585 1939 1663">
    <p class='ocr_par' dir='ltr' id='par_1_17' title="bbox 354 1585 1939 1663">
     <span class='ocr_line' id='line_1_17' title="bbox 354 1585 1939 1663; baseline 0.005 -26"><span class='ocrx_word' id='word_1_114' title='bbox 354 1585 454 1637; x_wconf 70' lang='grc' dir='ltr'>καὶ</span> <span class='ocrx_word' id='word_1_115' title='bbox 499 1585 793 1655; x_wconf 79' lang='grc' dir='ltr'>βασιλείοις</span> <span class='ocrx_word' id='word_1_116' title='bbox 847 1587 917 1640; x_wconf 82' lang='grc' dir='ltr'>τὰ</span> <span class='ocrx_word' id='word_1_117' title='bbox 961 1587 1191 1658; x_wconf 67' lang='grc' dir='ltr'>λείψανα</span> <span class='ocrx_word' id='word_1_118' title='bbox 1239 1591 1432 1644; x_wconf 79' lang='grc' dir='ltr'>τούτου</span> <span class='ocrx_word' id='word_1_119' title='bbox 1490 1589 1865 1663; x_wconf 81' lang='grc' dir='ltr'>καθήρξαντες</span> <span class='ocrx_word' id='word_1_120' title='bbox 1896 1592 1939 1625; x_wconf 75' lang='grc'><strong>⁸⁷</strong></span> 
     </span>
    </p>
   </div>
   <div class='ocr_carea' id='block_1_18' title="bbox 356 1678 1941 1760">
    <p class='ocr_par' dir='ltr' id='par_1_18' title="bbox 356 1678 1941 1760">
     <span class='ocr_line' id='line_1_18' title="bbox 356 1678 1941 1760; baseline 0.008 -32"><span class='ocrx_word' id='word_1_121' title='bbox 356 1678 604 1731; x_wconf 70' lang='grc' dir='ltr'>ἐπέτειον</span> <span class='ocrx_word' id='word_1_122' title='bbox 631 1679 782 1748; x_wconf 80' lang='grc' dir='ltr'>αὐτῷ</span> <span class='ocrx_word' id='word_1_123' title='bbox 834 1679 1050 1752; x_wconf 73' lang='grc' dir='ltr'>ἡμέραν</span> <span class='ocrx_word' id='word_1_124' title='bbox 1103 1685 1324 1756; x_wconf 78' lang='grc' dir='ltr'>μνήμης</span> <span class='ocrx_word' id='word_1_125' title='bbox 1380 1686 1813 1758; x_wconf 81' lang='grc' dir='ltr'>πανηγυρίζουσι</span> <span class='ocrx_word' id='word_1_126' title='bbox 1844 1688 1941 1760; x_wconf 78' lang='grc' dir='ltr'><strong>τὴν</strong></span> 
     </span>
    </p>
   </div>
   <div class='ocr_carea' id='block_1_19' title="bbox 356 1767 1942 1852">
    <p class='ocr_par' dir='ltr' id='par_1_19' title="bbox 356 1767 1942 1852">
     <span class='ocr_line' id='line_1_19' title="bbox 356 1767 1942 1852; baseline 0.009 -33"><span class='ocrx_word' id='word_1_127' title='bbox 356 1767 466 1837; x_wconf 69' lang='grc' dir='ltr'>πρὸ</span> <span class='ocrx_word' id='word_1_128' title='bbox 493 1768 658 1839; x_wconf 86' lang='grc' dir='ltr'>τριῶν</span> <span class='ocrx_word' id='word_1_129' title='bbox 692 1771 988 1825; x_wconf 80' lang='grc' dir='ltr'>Καλανδῶν</span> <span class='ocrx_word' id='word_1_130' title='bbox 1036 1774 1274 1829; x_wconf 79' lang='grc' dir='ltr'>Ἰουλίων</span> <span class='ocrx_word' id='word_1_131' title='bbox 1302 1776 1366 1830; x_wconf 80' lang='grc'><strong>¹⁸.</strong></span> <span class='ocrx_word' id='word_1_132' title='bbox 1397 1777 1603 1842; x_wconf 82' lang='grc' dir='ltr'>Πολλὰς</span> <span class='ocrx_word' id='word_1_133' title='bbox 1625 1779 1682 1833; x_wconf 87' lang='grc' dir='ltr'>δὲ</span> <span class='ocrx_word' id='word_1_134' title='bbox 1714 1781 1808 1833; x_wconf 78' lang='grc' dir='ltr'><strong>καὶ</strong></span> <span class='ocrx_word' id='word_1_135' title='bbox 1835 1782 1942 1852; x_wconf 81' lang='grc' dir='ltr'><strong>πρὸ</strong></span> 
     </span>
    </p>
   </div>
   <div class='ocr_carea' id='block_1_20' title="bbox 354 1859 1937 1945">
    <p class='ocr_par' dir='ltr' id='par_1_20' title="bbox 354 1859 1937 1945">
     <span class='ocr_line' id='line_1_20' title="bbox 354 1859 1937 1945; baseline 0.01 -34"><span class='ocrx_word' id='word_1_136' title='bbox 354 1859 547 1912; x_wconf 80' lang='grc' dir='ltr'>τούτου</span> <span class='ocrx_word' id='word_1_137' title='bbox 575 1861 674 1932; x_wconf 67' lang='grc' dir='ltr'>ἤδη</span> <span class='ocrx_word' id='word_1_138' title='bbox 724 1865 1082 1934; x_wconf 78' lang='grc' dir='ltr'>παραινέσεις</span> <span class='ocrx_word' id='word_1_139' title='bbox 1136 1867 1275 1938; x_wconf 85' lang='grc' dir='ltr'>ὑπὲρ</span> <span class='ocrx_word' id='word_1_140' title='bbox 1296 1869 1390 1922; x_wconf 79' lang='grc' dir='ltr'><strong>τοῦ</strong></span> <span class='ocrx_word' id='word_1_141' title='bbox 1420 1869 1537 1940; x_wconf 84' lang='grc' dir='ltr'>βίου</span> <span class='ocrx_word' id='word_1_142' title='bbox 1561 1872 1656 1925; x_wconf 74' lang='grc' dir='ltr'><strong>καὶ</strong></span> <span class='ocrx_word' id='word_1_143' title='bbox 1677 1872 1884 1945; x_wconf 84' lang='grc' dir='ltr'>ἀρετῆς</span> <span class='ocrx_word' id='word_1_144' title='bbox 1909 1875 1937 1926; x_wconf 82' lang='grc' dir='ltr'>ὁ</span> 
     </span>
    </p>
   </div>
   <div class='ocr_carea' id='block_1_21' title="bbox 358 1951 1943 2035">
    <p class='ocr_par' dir='ltr' id='par_1_21' title="bbox 358 1951 1943 2035">
     <span class='ocr_line' id='line_1_21' title="bbox 358 1951 1943 2035; baseline 0.01 -33"><span class='ocrx_word' id='word_1_145' title='bbox 358 1951 630 2022; x_wconf 84' lang='grc' dir='ltr'>μακάριος</span> <span class='ocrx_word' id='word_1_146' title='bbox 654 1955 972 2026; x_wconf 78' lang='grc' dir='ltr'>ἐποιήσατο,</span> <span class='ocrx_word' id='word_1_147' title='bbox 1003 1958 1099 2012; x_wconf 79' lang='grc' dir='ltr'>καὶ</span> <span class='ocrx_word' id='word_1_148' title='bbox 1130 1960 1300 2015; x_wconf 77' lang='grc' dir='ltr'>πολλὰ</span> <span class='ocrx_word' id='word_1_149' title='bbox 1338 1964 1468 2032; x_wconf 79' lang='grc' dir='ltr'>περὶ</span> <span class='ocrx_word' id='word_1_150' title='bbox 1491 1963 1600 2017; x_wconf 87' lang='grc' dir='ltr'><strong>τῶν</strong></span> <span class='ocrx_word' id='word_1_151' title='bbox 1647 1966 1943 2035; x_wconf 85' lang='grc' dir='ltr'>πρακτέων</span> 
     </span>
    </p>
   </div>
   <div class='ocr_carea' id='block_1_22' title="bbox 353 2043 1945 2120">
    <p class='ocr_par' dir='ltr' id='par_1_22' title="bbox 353 2043 1945 2120">
     <span class='ocr_line' id='line_1_22' title="bbox 353 2043 1945 2120; baseline 0.011 -27"><span class='ocrx_word' id='word_1_152' title='bbox 353 2044 470 2104; x_wconf 82' lang='grc' dir='ltr'>τοῖς</span> <span class='ocrx_word' id='word_1_153' title='bbox 532 2043 845 2114; x_wconf 78' lang='grc' dir='ltr'>ἀνθρώποις</span> <span class='ocrx_word' id='word_1_154' title='bbox 902 2049 1258 2120; x_wconf 79' lang='grc' dir='ltr'>εἰσηγήσατο.</span> <span class='ocrx_word' id='word_1_155' title='bbox 1289 2051 1411 2106; x_wconf 88' lang='grc' dir='ltr'>Ἔτι</span> <span class='ocrx_word' id='word_1_156' title='bbox 1438 2053 1496 2107; x_wconf 82' lang='grc' dir='ltr'><strong>δὲ</strong></span> <span class='ocrx_word' id='word_1_157' title='bbox 1543 2054 1682 2119; x_wconf 83' lang='grc' dir='ltr'>ὅλως</span> <span class='ocrx_word' id='word_1_158' title='bbox 1722 2057 1817 2110; x_wconf 78' lang='grc' dir='ltr'><strong>καὶ</strong></span> <span class='ocrx_word' id='word_1_159' title='bbox 1857 2056 1945 2110; x_wconf 83' lang='grc' dir='ltr'>διὰ</span> 
     </span>
    </p>
   </div>
   <div class='ocr_carea' id='block_1_23' title="bbox 354 2134 1945 2221">
    <p class='ocr_par' dir='ltr' id='par_1_23' title="bbox 354 2134 1945 2221">
     <span class='ocr_line' id='line_1_23' title="bbox 354 2134 1945 2221; baseline 0.011 -35"><span class='ocrx_word' id='word_1_160' title='bbox 354 2134 458 2203; x_wconf 77' lang='grc' dir='ltr'>τῆς</span> <span class='ocrx_word' id='word_1_161' title='bbox 490 2135 631 2208; x_wconf 76' lang='grc' dir='ltr'>ὑφῆς</span> <span class='ocrx_word' id='word_1_162' title='bbox 669 2137 778 2191; x_wconf 83' lang='grc' dir='ltr'>τῶν</span> <span class='ocrx_word' id='word_1_163' title='bbox 810 2139 1228 2214; x_wconf 68' lang='grc' dir='ltr'>δεκατεσσάρων</span> <span class='ocrx_word' id='word_1_164' title='bbox 1271 2145 1615 2201; x_wconf 84' lang='grc' dir='ltr'>Ἐπιστολῶν</span> <span class='ocrx_word' id='word_1_165' title='bbox 1640 2148 1811 2203; x_wconf 81' lang='grc' dir='ltr'>αὐτοῦ</span> <span class='ocrx_word' id='word_1_166' title='bbox 1845 2153 1945 2221; x_wconf 80' lang='grc' dir='ltr'><strong>τὴν</strong></span> 
     </span>
    </p>
   </div>
   <div class='ocr_carea' id='block_1_24' title="bbox 353 2223 1462 2303">
    <p class='ocr_par' dir='ltr' id='par_1_24' title="bbox 353 2223 1462 2303">
     <span class='ocr_line' id='line_1_24' title="bbox 353 2223 1462 2303; baseline 0.013 -26"><span class='ocrx_word' id='word_1_167' title='bbox 353 2223 485 2295; x_wconf 78' lang='grc' dir='ltr'>ὅλην</span> <span class='ocrx_word' id='word_1_168' title='bbox 540 2225 849 2298; x_wconf 86' lang='grc' dir='ltr'>ἀνθρώποις</span> <span class='ocrx_word' id='word_1_169' title='bbox 872 2230 1137 2303; x_wconf 72' lang='grc' dir='ltr'>διέγραψε</span> <span class='ocrx_word' id='word_1_170' title='bbox 1166 2234 1462 2290; x_wconf 82' lang='grc' dir='ltr'>πολιτείαν.</span> 
     </span>
    </p>
   </div>
   <div class='ocr_carea' id='block_1_25' title="bbox 360 2565 1939 2647">
    <p class='ocr_par' dir='ltr' id='par_1_25' title="bbox 360 2565 1939 2647">
     <span class='ocr_line' id='line_1_25' title="bbox 360 2565 1939 2647; baseline 0.009 -26"><span class='ocrx_word' id='word_1_171' title='bbox 360 2565 439 2622; x_wconf 79' lang='grc' dir='ltr'><em>Τὰ</em></span> <span class='ocrx_word' id='word_1_172' title='bbox 453 2567 758 2637; x_wconf 65' lang='grc' dir='ltr'>Κεφάλαια</span> <span class='ocrx_word' id='word_1_173' title='bbox 776 2568 896 2626; x_wconf 87' lang='grc' dir='ltr'>τῶν</span> <span class='ocrx_word' id='word_1_174' title='bbox 909 2572 1190 2642; x_wconf 81' lang='grc' dir='ltr'>Πράξεων</span> <span class='ocrx_word' id='word_1_175' title='bbox 1218 2574 1337 2631; x_wconf 85' lang='grc' dir='ltr'>τῶν</span> <span class='ocrx_word' id='word_1_176' title='bbox 1352 2576 1538 2647; x_wconf 76' lang='grc' dir='ltr'>ἀγίων</span> <span class='ocrx_word' id='word_1_177' title='bbox 1560 2578 1939 2635; x_wconf 69' lang='grc' dir='ltr'>ἀποστόλων.</span> 
     </span>
    </p>
   </div>
   <div class='ocr_carea' id='block_1_26' title="bbox 351 2701 1943 2789">
    <p class='ocr_par' dir='ltr' id='par_1_26' title="bbox 351 2701 1943 2789">
     <span class='ocr_line' id='line_1_26' title="bbox 351 2701 1943 2789; baseline 0.009 -30"><span class='ocrx_word' id='word_1_178' title='bbox 351 2701 423 2761; x_wconf 88' lang='grc' dir='ltr'>α’.</span> <span class='ocrx_word' id='word_1_179' title='bbox 451 2708 590 2777; x_wconf 81' lang='grc' dir='ltr'>Περι</span> <span class='ocrx_word' id='word_1_180' title='bbox 632 2709 744 2779; x_wconf 82' lang='grc' dir='ltr'>τῆς</span> <span class='ocrx_word' id='word_1_181' title='bbox 778 2710 850 2776; x_wconf 78' lang='grc' dir='ltr'><strong>ἐξ</strong></span> <span class='ocrx_word' id='word_1_182' title='bbox 910 2712 1304 2785; x_wconf 80' lang='grc' dir='ltr'>ἀναστάσεως</span> <span class='ocrx_word' id='word_1_183' title='bbox 1361 2717 1760 2788; x_wconf 80' lang='grc' dir='ltr'>διδασκαλίας</span> <span class='ocrx_word' id='word_1_184' title='bbox 1806 2722 1943 2789; x_wconf 82' lang='grc' dir='ltr'>Χρι-</span> 
     </span>
    </p>
   </div>
   <div class='ocr_carea' id='block_1_27' title="bbox 422 2803 1941 2882">
    <p class='ocr_par' dir='ltr' id='par_1_27' title="bbox 422 2803 1941 2882">
     <span class='ocr_line' id='line_1_27' title="bbox 422 2803 1941 2882; baseline 0.008 -26"><span class='ocrx_word' id='word_1_185' title='bbox 422 2803 595 2867; x_wconf 81' lang='grc' dir='ltr'>στοῦ,</span> <span class='ocrx_word' id='word_1_186' title='bbox 627 2805 728 2859; x_wconf 75' lang='grc' dir='ltr'>καί</span> <span class='ocrx_word' id='word_1_187' title='bbox 775 2806 1071 2875; x_wconf 83' lang='grc' dir='ltr'>ὀπτασίας</span> <span class='ocrx_word' id='word_1_188' title='bbox 1123 2811 1274 2879; x_wconf 84' lang='grc' dir='ltr'>πρὸς</span> <span class='ocrx_word' id='word_1_189' title='bbox 1312 2811 1455 2880; x_wconf 83' lang='grc' dir='ltr'>τοὺς</span> <span class='ocrx_word' id='word_1_190' title='bbox 1504 2813 1796 2882; x_wconf 82' lang='grc' dir='ltr'>μαθητὰς,</span> <span class='ocrx_word' id='word_1_191' title='bbox 1841 2814 1941 2868; x_wconf 73' lang='grc' dir='ltr'><strong>καί</strong></span> 
     </span>
    </p>
   </div>
   <div class='ocr_carea' id='block_1_28' title="bbox 422 2893 1942 2974">
    <p class='ocr_par' dir='ltr' id='par_1_28' title="bbox 422 2893 1942 2974">
     <span class='ocr_line' id='line_1_28' title="bbox 422 2893 1942 2974; baseline 0.009 -28"><span class='ocrx_word' id='word_1_192' title='bbox 422 2896 556 2962; x_wconf 78' lang='grc' dir='ltr'>περὶ</span> <span class='ocrx_word' id='word_1_193' title='bbox 604 2893 971 2966; x_wconf 55' lang='grc' dir='ltr'>ἐπαγγελίας</span> <span class='ocrx_word' id='word_1_194' title='bbox 1030 2899 1143 2970; x_wconf 80' lang='grc' dir='ltr'>τῆς</span> <span class='ocrx_word' id='word_1_195' title='bbox 1204 2902 1313 2957; x_wconf 87' lang='grc' dir='ltr'><strong>τοῦ</strong></span> <span class='ocrx_word' id='word_1_196' title='bbox 1365 2903 1538 2972; x_wconf 74' lang='grc' dir='ltr'>ἁγίου</span> <span class='ocrx_word' id='word_1_197' title='bbox 1592 2906 1942 2974; x_wconf 76' lang='grc' dir='ltr'>Πνεύματος</span> 
     </span>
    </p>
   </div>
   <div class='ocr_carea' id='block_1_29' title="bbox 422 2976 1943 3067">
    <p class='ocr_par' dir='ltr' id='par_1_29' title="bbox 422 2976 1943 3067">
     <span class='ocr_line' id='line_1_29' title="bbox 422 2976 1943 3067; baseline 0.009 -28"><span class='ocrx_word' id='word_1_198' title='bbox 422 2985 678 3055; x_wconf 84' lang='grc' dir='ltr'>δωρεᾶς·</span> <span class='ocrx_word' id='word_1_199' title='bbox 730 2976 873 3058; x_wconf 77' lang='grc' dir='ltr'>θέας</span> <span class='ocrx_word' id='word_1_200' title='bbox 898 3008 964 3045; x_wconf 85' lang='grc' dir='ltr'><strong>τε</strong></span> <span class='ocrx_word' id='word_1_201' title='bbox 993 2993 1092 3047; x_wconf 80' lang='grc' dir='ltr'>καὶ</span> <span class='ocrx_word' id='word_1_202' title='bbox 1127 2994 1351 3063; x_wconf 79' lang='grc' dir='ltr'>τρόπου</span> <span class='ocrx_word' id='word_1_203' title='bbox 1417 2995 1529 3065; x_wconf 85' lang='grc' dir='ltr'>τῆς</span> <span class='ocrx_word' id='word_1_204' title='bbox 1579 2996 1943 3067; x_wconf 71' lang='grc' dir='ltr'>ἀναλήψεως</span> 
     </span>
    </p>
   </div>
   <div class='ocr_carea' id='block_1_30' title="bbox 423 3078 1941 3158">
    <p class='ocr_par' dir='ltr' id='par_1_30' title="bbox 423 3078 1941 3158">
     <span class='ocr_line' id='line_1_30' title="bbox 423 3078 1941 3158; baseline 0.008 -27"><span class='ocrx_word' id='word_1_205' title='bbox 423 3078 531 3133; x_wconf 89' lang='grc' dir='ltr'><strong>τοῦ</strong></span> <span class='ocrx_word' id='word_1_206' title='bbox 558 3082 781 3149; x_wconf 86' lang='grc' dir='ltr'>Κυρίου</span> <span class='ocrx_word' id='word_1_207' title='bbox 807 3098 821 3111; x_wconf 88' lang='grc'><strong>·</strong></span> <span class='ocrx_word' id='word_1_208' title='bbox 848 3083 947 3137; x_wconf 76' lang='grc' dir='ltr'><strong>καὶ</strong></span> <span class='ocrx_word' id='word_1_209' title='bbox 983 3085 1118 3153; x_wconf 77' lang='grc' dir='ltr'>περὶ</span> <span class='ocrx_word' id='word_1_210' title='bbox 1180 3084 1293 3155; x_wconf 84' lang='grc' dir='ltr'>τῆς</span> <span class='ocrx_word' id='word_1_211' title='bbox 1342 3086 1600 3154; x_wconf 80' lang='grc' dir='ltr'><strong>ἐνδόξου</strong></span> <span class='ocrx_word' id='word_1_212' title='bbox 1656 3088 1941 3158; x_wconf 81' lang='grc' dir='ltr'>δευτέρας</span> 
     </span>
    </p>
   </div>
   <div class='ocr_carea' id='block_1_31' title="bbox 420 3171 980 3242">
    <p class='ocr_par' dir='ltr' id='par_1_31' title="bbox 420 3171 980 3242">
     <span class='ocr_line' id='line_1_31' title="bbox 420 3171 980 3242; baseline 0.013 -20"><span class='ocrx_word' id='word_1_213' title='bbox 420 3171 609 3226; x_wconf 85' lang='grc' dir='ltr'>αὐτοῦ</span> <span class='ocrx_word' id='word_1_214' title='bbox 639 3175 980 3242; x_wconf 78' lang='grc' dir='ltr'>παρουσίας</span> 
     </span>
    </p>
   </div>
   <div class='ocr_carea' id='block_1_32' title="bbox 352 3258 1941 3343">
    <p class='ocr_par' dir='ltr' id='par_1_32' title="bbox 352 3258 1941 3343">
     <span class='ocr_line' id='line_1_32' title="bbox 352 3258 1941 3343; baseline 0.011 -30"><span class='ocrx_word' id='word_1_215' title='bbox 352 3258 419 3330; x_wconf 81' lang='grc' dir='ltr'><strong>β’.</strong></span> <span class='ocrx_word' id='word_1_216' title='bbox 449 3263 680 3332; x_wconf 77' lang='grc' dir='ltr'>Πέτρου</span> <span class='ocrx_word' id='word_1_217' title='bbox 723 3264 1006 3336; x_wconf 75' lang='grc' dir='ltr'>διάλογος</span> <span class='ocrx_word' id='word_1_218' title='bbox 1034 3269 1188 3338; x_wconf 79' lang='grc' dir='ltr'>πρὸς</span> <span class='ocrx_word' id='word_1_219' title='bbox 1240 3270 1384 3339; x_wconf 85' lang='grc' dir='ltr'>τοὺς</span> <span class='ocrx_word' id='word_1_220' title='bbox 1436 3276 1941 3343; x_wconf 82' lang='grc' dir='ltr'>μαθητευθέντας,</span> 
     </span>
    </p>
   </div>
   <div class='ocr_carea' id='block_1_33' title="bbox 421 3354 1943 3438">
    <p class='ocr_par' dir='ltr' id='par_1_33' title="bbox 421 3354 1943 3438">
     <span class='ocr_line' id='line_1_33' title="bbox 421 3354 1943 3438; baseline 0.012 -33"><span class='ocrx_word' id='word_1_221' title='bbox 421 3354 554 3422; x_wconf 72' lang='grc' dir='ltr'>περὶ</span> <span class='ocrx_word' id='word_1_222' title='bbox 587 3355 851 3412; x_wconf 78' lang='grc' dir='ltr'>θανάτου</span> <span class='ocrx_word' id='word_1_223' title='bbox 878 3358 979 3413; x_wconf 81' lang='grc' dir='ltr'>καὶ</span> <span class='ocrx_word' id='word_1_224' title='bbox 1027 3361 1336 3433; x_wconf 77' lang='grc' dir='ltr'>ἀποϐολῆς</span> <span class='ocrx_word' id='word_1_225' title='bbox 1398 3365 1596 3421; x_wconf 82' lang='grc' dir='ltr'>Ἰούδα</span> <span class='ocrx_word' id='word_1_226' title='bbox 1632 3367 1740 3422; x_wconf 89' lang='grc' dir='ltr'><strong>τοῦ</strong></span> <span class='ocrx_word' id='word_1_227' title='bbox 1801 3385 1943 3438; x_wconf 81' lang='grc' dir='ltr'>προ-</span> 
     </span>
    </p>
   </div>
   <div class='ocr_carea' id='block_1_34' title="bbox 423 3443 629 3500">
    <p class='ocr_par' dir='ltr' id='par_1_34' title="bbox 423 3443 629 3500">
     <span class='ocr_line' id='line_1_34' title="bbox 423 3443 629 3500; baseline 0.029 -5"><span class='ocrx_word' id='word_1_228' title='bbox 423 3443 629 3500; x_wconf 89' lang='grc' dir='ltr'>δότου.</span> 
     </span>
    </p>
   </div>
   <div class='ocr_carea' id='block_1_35' title="bbox 352 3535 1942 3626">
    <p class='ocr_par' dir='ltr' id='par_1_35' title="bbox 352 3535 1942 3626">
     <span class='ocr_line' id='line_1_35' title="bbox 352 3535 1942 3626; baseline 0.013 -35"><span class='ocrx_word' id='word_1_229' title='bbox 352 3535 424 3605; x_wconf 79' lang='grc' dir='ltr'><strong>γ’.</strong></span> <span class='ocrx_word' id='word_1_230' title='bbox 464 3539 603 3607; x_wconf 76' lang='grc' dir='ltr'>Περὶ</span> <span class='ocrx_word' id='word_1_231' title='bbox 649 3542 811 3608; x_wconf 82' lang='grc' dir='ltr'>θείας</span> <span class='ocrx_word' id='word_1_232' title='bbox 848 3544 957 3599; x_wconf 87' lang='grc' dir='ltr'><strong>τοῦ</strong></span> <span class='ocrx_word' id='word_1_233' title='bbox 1009 3546 1180 3617; x_wconf 75' lang='grc' dir='ltr'>ἁγίου</span> <span class='ocrx_word' id='word_1_234' title='bbox 1234 3549 1581 3619; x_wconf 82' lang='grc' dir='ltr'>Πνεύματος</span> <span class='ocrx_word' id='word_1_235' title='bbox 1632 3542 1942 3626; x_wconf 66' lang='grc' dir='ltr'>ἐπιφοιτή-</span> 
     </span>
    </p>
   </div>
   <div class='ocr_carea' id='block_1_36' title="bbox 421 3632 1943 3717">
    <p class='ocr_par' dir='ltr' id='par_1_36' title="bbox 421 3632 1943 3717">
     <span class='ocr_line' id='line_1_36' title="bbox 421 3632 1943 3717; baseline 0.015 -36"><span class='ocrx_word' id='word_1_236' title='bbox 421 3644 573 3697; x_wconf 80' lang='grc' dir='ltr'>σεως</span> <span class='ocrx_word' id='word_1_237' title='bbox 598 3632 669 3685; x_wconf 86' lang='grc' dir='ltr'>ἐν</span> <span class='ocrx_word' id='word_1_238' title='bbox 695 3633 887 3703; x_wconf 78' lang='grc' dir='ltr'><strong>ἡμέρᾳ</strong></span> <span class='ocrx_word' id='word_1_239' title='bbox 908 3635 1020 3705; x_wconf 80' lang='grc' dir='ltr'>τῆς</span> <span class='ocrx_word' id='word_1_240' title='bbox 1049 3641 1477 3712; x_wconf 79' lang='grc' dir='ltr'>Πεντηκοστῆς</span> <span class='ocrx_word' id='word_1_241' title='bbox 1509 3648 1836 3717; x_wconf 78' lang='grc' dir='ltr'>γενομένης</span> <span class='ocrx_word' id='word_1_242' title='bbox 1856 3652 1943 3717; x_wconf 84' lang='grc' dir='ltr'><strong>είς</strong></span> 
     </span>
    </p>
   </div>
   <div class='ocr_carea' id='block_1_37' title="bbox 425 3722 1072 3795">
    <p class='ocr_par' dir='ltr' id='par_1_37' title="bbox 425 3722 1072 3795">
     <span class='ocr_line' id='line_1_37' title="bbox 425 3722 1072 3795; baseline 0.015 -21"><span class='ocrx_word' id='word_1_243' title='bbox 425 3722 569 3789; x_wconf 83' lang='grc' dir='ltr'>τοὺς</span> <span class='ocrx_word' id='word_1_244' title='bbox 600 3728 1072 3795; x_wconf 82' lang='grc' dir='ltr'>πιστεύσαντας.</span> 
     </span>
    </p>
   </div>
   <div class='ocr_carea' id='block_1_38' title="bbox 2045 587 3631 653">
    <p class='ocr_par' dir='ltr' id='par_1_38' title="bbox 2045 587 3631 653">
     <span class='ocr_line' id='line_1_38' title="bbox 2045 587 3631 653; baseline 0.007 -11"><span class='ocrx_word' id='word_1_245' title='bbox 2045 587 2259 646; x_wconf 72' lang='lat' dir='ltr'><strong>vinctus</strong></span> <span class='ocrx_word' id='word_1_246' title='bbox 2287 591 2650 649; x_wconf 88' lang='lat' dir='ltr'><strong>transmissus</strong></span> <span class='ocrx_word' id='word_1_247' title='bbox 2685 606 2790 650; x_wconf 85' lang='lat' dir='ltr'><strong>est.</strong></span> <span class='ocrx_word' id='word_1_248' title='bbox 2833 593 2913 650; x_wconf 89' lang='lat' dir='ltr'><strong>Ita</strong></span> <span class='ocrx_word' id='word_1_249' title='bbox 2944 608 2975 649; x_wconf 85' lang='lat' dir='ltr'><strong>a</strong></span> <span class='ocrx_word' id='word_1_250' title='bbox 3003 593 3256 652; x_wconf 67' lang='lat' dir='ltr'><strong>Caesarea</strong></span> <span class='ocrx_word' id='word_1_251' title='bbox 3287 596 3432 651; x_wconf 90' lang='lat' dir='ltr'><strong>venit</strong></span> <span class='ocrx_word' id='word_1_252' title='bbox 3465 597 3631 653; x_wconf 86' lang='lat' dir='ltr'><strong>Sido-</strong></span> 
     </span>
    </p>
   </div>
   <div class='ocr_carea' id='block_1_39' title="bbox 2042 681 3630 758">
    <p class='ocr_par' dir='ltr' id='par_1_39' title="bbox 2042 681 3630 758">
     <span class='ocr_line' id='line_1_39' title="bbox 2042 681 3630 758; baseline 0.006 -25"><span class='ocrx_word' id='word_1_253' title='bbox 2042 693 2168 734; x_wconf 88' lang='lat' dir='ltr'><strong>nem</strong></span> <span class='ocrx_word' id='word_1_254' title='bbox 2203 698 2218 734; x_wconf 90' lang='lat'><strong>:</strong></span> <span class='ocrx_word' id='word_1_255' title='bbox 2246 689 2410 753; x_wconf 85' lang='lat' dir='ltr'><strong>atque</strong></span> <span class='ocrx_word' id='word_1_256' title='bbox 2444 684 2572 739; x_wconf 82' lang='lat' dir='ltr'><strong>inde</strong></span> <span class='ocrx_word' id='word_1_257' title='bbox 2592 683 2742 757; x_wconf 77' lang='lat' dir='ltr'><strong>Myra</strong></span> <span class='ocrx_word' id='word_1_258' title='bbox 2768 684 2946 758; x_wconf 65' lang='lat' dir='ltr'><strong>Lyciae</strong></span> <span class='ocrx_word' id='word_1_259' title='bbox 2970 681 3160 742; x_wconf 86' lang='lat' dir='ltr'><strong>urbem</strong></span> <span class='ocrx_word' id='word_1_260' title='bbox 3190 706 3231 755; x_wconf 88' lang='lat'><strong>:_</strong></span> <span class='ocrx_word' id='word_1_261' title='bbox 3254 702 3379 743; x_wconf 80' lang='lat' dir='ltr'><strong>mox</strong></span> <span class='ocrx_word' id='word_1_262' title='bbox 3412 689 3467 742; x_wconf 85' lang='lat' dir='ltr'><strong>in</strong></span> <span class='ocrx_word' id='word_1_263' title='bbox 3498 688 3630 744; x_wconf 86' lang='lat' dir='ltr'><strong>Cni—</strong></span> 
     </span>
    </p>
   </div>
   <div class='ocr_carea' id='block_1_40' title="bbox 2044 771 3630 849">
    <p class='ocr_par' dir='ltr' id='par_1_40' title="bbox 2044 771 3630 849">
     <span class='ocr_line' id='line_1_40' title="bbox 2044 771 3630 849; baseline 0.007 -24"><span class='ocrx_word' id='word_1_264' title='bbox 2044 771 2172 827; x_wconf 86' lang='lat' dir='ltr'><strong>dum</strong></span> <span class='ocrx_word' id='word_1_265' title='bbox 2204 789 2218 827; x_wconf 90' lang='lat'><strong>:</strong></span> <span class='ocrx_word' id='word_1_266' title='bbox 2243 785 2408 846; x_wconf 86' lang='lat' dir='ltr'><strong>atque</strong></span> <span class='ocrx_word' id='word_1_267' title='bbox 2437 777 2564 832; x_wconf 88' lang='lat' dir='ltr'><strong>inde</strong></span> <span class='ocrx_word' id='word_1_268' title='bbox 2594 778 2764 832; x_wconf 86' lang='lat' dir='ltr'><strong>multa</strong></span> <span class='ocrx_word' id='word_1_269' title='bbox 2794 794 3013 849; x_wconf 87' lang='lat' dir='ltr'><strong>passus,</strong></span> <span class='ocrx_word' id='word_1_270' title='bbox 3057 781 3208 837; x_wconf 88' lang='lat' dir='ltr'><strong>venit</strong></span> <span class='ocrx_word' id='word_1_271' title='bbox 3250 780 3307 835; x_wconf 89' lang='lat' dir='ltr'><strong>in</strong></span> <span class='ocrx_word' id='word_1_272' title='bbox 3352 780 3586 836; x_wconf 85' lang='lat' dir='ltr'><strong>insulam</strong></span> <span class='ocrx_word' id='word_1_273' title='bbox 3614 821 3630 846; x_wconf 94' lang='lat'><strong>,</strong></span> 
     </span>
    </p>
   </div>
   <div class='ocr_carea' id='block_1_41' title="bbox 2049 868 3633 947">
    <p class='ocr_par' dir='ltr' id='par_1_41' title="bbox 2049 868 3633 947">
     <span class='ocr_line' id='line_1_41' title="bbox 2049 868 3633 947; baseline 0.005 -27"><span class='ocrx_word' id='word_1_274' title='bbox 2049 868 2139 923; x_wconf 85' lang='lat' dir='ltr'><strong>ubi</strong></span> <span class='ocrx_word' id='word_1_275' title='bbox 2165 869 2350 939; x_wconf 85' lang='lat' dir='ltr'><strong>vipera</strong></span> <span class='ocrx_word' id='word_1_276' title='bbox 2380 887 2604 927; x_wconf 89' lang='lat' dir='ltr'><strong>manum</strong></span> <span class='ocrx_word' id='word_1_277' title='bbox 2635 873 2755 943; x_wconf 82' lang='lat' dir='ltr'><strong>ejus</strong></span> <span class='ocrx_word' id='word_1_278' title='bbox 2780 873 3002 942; x_wconf 78' lang='lat' dir='ltr'><strong>invasit,</strong></span> <span class='ocrx_word' id='word_1_279' title='bbox 3027 881 3082 930; x_wconf 86' lang='lat' dir='ltr'><strong>et</strong></span> <span class='ocrx_word' id='word_1_280' title='bbox 3110 876 3315 931; x_wconf 88' lang='lat' dir='ltr'><strong>mansit</strong></span> <span class='ocrx_word' id='word_1_281' title='bbox 3343 876 3552 947; x_wconf 83' lang='lat' dir='ltr'><strong>integer</strong></span> <span class='ocrx_word' id='word_1_282' title='bbox 3577 883 3633 931; x_wconf 83' lang='lat' dir='ltr'><strong>et</strong></span> 
     </span>
    </p>
   </div>
   <div class='ocr_carea' id='block_1_42' title="bbox 2049 959 3636 1038">
    <p class='ocr_par' dir='ltr' id='par_1_42' title="bbox 2049 959 3636 1038">
     <span class='ocr_line' id='line_1_42' title="bbox 2049 959 3636 1038; baseline 0.006 -24"><span class='ocrx_word' id='word_1_283' title='bbox 2049 959 2372 1018; x_wconf 82' lang='lat' dir='ltr'><strong>incolumis.</strong></span> <span class='ocrx_word' id='word_1_284' title='bbox 2404 963 2603 1021; x_wconf 81' lang='lat' dir='ltr'><strong>Pestea</strong></span> <span class='ocrx_word' id='word_1_285' title='bbox 2653 966 2803 1022; x_wconf 84' lang='lat' dir='ltr'><strong>venit</strong></span> <span class='ocrx_word' id='word_1_286' title='bbox 2834 967 3180 1038; x_wconf 82' lang='lat' dir='ltr'><strong>Syracusas:</strong></span> <span class='ocrx_word' id='word_1_287' title='bbox 3230 969 3430 1024; x_wconf 83' lang='lat' dir='ltr'><strong>deinde</strong></span> <span class='ocrx_word' id='word_1_288' title='bbox 3486 968 3636 1024; x_wconf 78' lang='lat' dir='ltr'><strong>Rhe-</strong></span> 
     </span>
    </p>
   </div>
   <div class='ocr_carea' id='block_1_43' title="bbox 2046 1053 3636 1130">
    <p class='ocr_par' dir='ltr' id='par_1_43' title="bbox 2046 1053 3636 1130">
     <span class='ocr_line' id='line_1_43' title="bbox 2046 1053 3636 1130; baseline 0.006 -25"><span class='ocrx_word' id='word_1_289' title='bbox 2046 1053 2194 1123; x_wconf 85' lang='lat' dir='ltr'><strong>gium</strong></span> <span class='ocrx_word' id='word_1_290' title='bbox 2221 1055 2489 1111; x_wconf 82' lang='lat' dir='ltr'><strong>Calabriae</strong></span> <span class='ocrx_word' id='word_1_291' title='bbox 2525 1057 2714 1115; x_wconf 86' lang='lat' dir='ltr'><strong>urbem</strong></span> <span class='ocrx_word' id='word_1_292' title='bbox 2750 1076 2764 1113; x_wconf 89' lang='lat'><strong>:</strong></span> <span class='ocrx_word' id='word_1_293' title='bbox 2816 1058 3076 1129; x_wconf 84' lang='lat' dir='ltr'><strong>deinceps</strong></span> <span class='ocrx_word' id='word_1_294' title='bbox 3121 1059 3421 1116; x_wconf 77' lang='lat' dir='ltr'><strong>Puteolos:</strong></span> <span class='ocrx_word' id='word_1_295' title='bbox 3471 1069 3636 1130; x_wconf 86' lang='lat' dir='ltr'><strong>atque</strong></span> 
     </span>
    </p>
   </div>
   <div class='ocr_carea' id='block_1_44' title="bbox 2044 1144 3636 1224">
    <p class='ocr_par' dir='ltr' id='par_1_44' title="bbox 2044 1144 3636 1224">
     <span class='ocr_line' id='line_1_44' title="bbox 2044 1144 3636 1224; baseline 0.004 -24"><span class='ocrx_word' id='word_1_296' title='bbox 2044 1144 2174 1201; x_wconf 85' lang='lat' dir='ltr'><strong>inde</strong></span> <span class='ocrx_word' id='word_1_297' title='bbox 2196 1146 2364 1216; x_wconf 87' lang='lat' dir='ltr'><strong>pedes</strong></span> <span class='ocrx_word' id='word_1_298' title='bbox 2417 1148 2647 1203; x_wconf 83' lang='lat' dir='ltr'><strong>Romam</strong></span> <span class='ocrx_word' id='word_1_299' title='bbox 2701 1151 2988 1217; x_wconf 88' lang='lat' dir='ltr'><strong>ascendit,</strong></span> <span class='ocrx_word' id='word_1_300' title='bbox 3024 1152 3241 1208; x_wconf 79' lang='lat' dir='ltr'><strong>obviam</strong></span> <span class='ocrx_word' id='word_1_301' title='bbox 3288 1151 3339 1208; x_wconf 89' lang='lat' dir='ltr'><strong>ei</strong></span> <span class='ocrx_word' id='word_1_302' title='bbox 3377 1168 3636 1224; x_wconf 82' lang='lat' dir='ltr'><strong>progres-</strong></span> 
     </span>
    </p>
   </div>
   <div class='ocr_carea' id='block_1_45' title="bbox 2044 1239 3635 1316">
    <p class='ocr_par' dir='ltr' id='par_1_45' title="bbox 2044 1239 3635 1316">
     <span class='ocr_line' id='line_1_45' title="bbox 2044 1239 3635 1316; baseline 0.005 -22"><span class='ocrx_word' id='word_1_303' title='bbox 2044 1239 2123 1294; x_wconf 88' lang='lat' dir='ltr'><strong>sis</strong></span> <span class='ocrx_word' id='word_1_304' title='bbox 2165 1240 2427 1298; x_wconf 75' lang='lat' dir='ltr'><strong>fratribus</strong></span> <span class='ocrx_word' id='word_1_305' title='bbox 2494 1242 2562 1298; x_wconf 91' lang='lat' dir='ltr'><strong>ad</strong></span> <span class='ocrx_word' id='word_1_306' title='bbox 2605 1243 2767 1315; x_wconf 88' lang='lat' dir='ltr'><strong>Appii</strong></span> <span class='ocrx_word' id='word_1_307' title='bbox 2819 1261 2995 1316; x_wconf 86' lang='lat' dir='ltr'><strong>usque</strong></span> <span class='ocrx_word' id='word_1_308' title='bbox 3046 1244 3227 1301; x_wconf 83' lang='lat' dir='ltr'><strong>forum</strong></span> <span class='ocrx_word' id='word_1_309' title='bbox 3290 1255 3345 1302; x_wconf 87' lang='lat' dir='ltr'><strong>et</strong></span> <span class='ocrx_word' id='word_1_310' title='bbox 3385 1254 3499 1303; x_wconf 89' lang='lat' dir='ltr'><strong>tres</strong></span> <span class='ocrx_word' id='word_1_311' title='bbox 3524 1246 3635 1302; x_wconf 81' lang='lat' dir='ltr'><strong>Ta—</strong></span> 
     </span>
    </p>
   </div>
   <div class='ocr_carea' id='block_1_46' title="bbox 2047 1330 3636 1411">
    <p class='ocr_par' dir='ltr' id='par_1_46' title="bbox 2047 1330 3636 1411">
     <span class='ocr_line' id='line_1_46' title="bbox 2047 1330 3636 1411; baseline 0.007 -27"><span class='ocrx_word' id='word_1_312' title='bbox 2047 1330 2246 1389; x_wconf 84' lang='lat' dir='ltr'><strong>bernas</strong></span> <span class='ocrx_word' id='word_1_313' title='bbox 2275 1351 2288 1387; x_wconf 91' lang='lat'><strong>:</strong></span> <span class='ocrx_word' id='word_1_314' title='bbox 2322 1350 2385 1389; x_wconf 89' lang='lat' dir='ltr'><strong>ac</strong></span> <span class='ocrx_word' id='word_1_315' title='bbox 2409 1335 2672 1407; x_wconf 84' lang='lat' dir='ltr'><strong>deinceps</strong></span> <span class='ocrx_word' id='word_1_316' title='bbox 2694 1336 2923 1393; x_wconf 83' lang='lat' dir='ltr'><strong>Romam</strong></span> <span class='ocrx_word' id='word_1_317' title='bbox 2955 1342 3264 1411; x_wconf 82' lang='lat' dir='ltr'><strong>ingressus,</strong></span> <span class='ocrx_word' id='word_1_318' title='bbox 3291 1354 3415 1394; x_wconf 88' lang='lat' dir='ltr'><strong>cum</strong></span> <span class='ocrx_word' id='word_1_319' title='bbox 3462 1340 3636 1395; x_wconf 88' lang='lat' dir='ltr'><strong>multo</strong></span> 
     </span>
    </p>
   </div>
   <div class='ocr_carea' id='block_1_47' title="bbox 2048 1416 3633 1506">
    <p class='ocr_par' dir='ltr' id='par_1_47' title="bbox 2048 1416 3633 1506">
     <span class='ocr_line' id='line_1_47' title="bbox 2048 1416 3633 1506; baseline 0.006 -28"><span class='ocrx_word' id='word_1_320' title='bbox 2048 1416 2297 1495; x_wconf 76' lang='lat' dir='ltr'><strong>tempore</strong></span> <span class='ocrx_word' id='word_1_321' title='bbox 2325 1429 2613 1487; x_wconf 83' lang='lat' dir='ltr'><strong>‘docuisset</strong></span> <span class='ocrx_word' id='word_1_322' title='bbox 2647 1433 2699 1486; x_wconf 94' lang='lat' dir='ltr'><strong>in</strong></span> <span class='ocrx_word' id='word_1_323' title='bbox 2753 1432 2869 1503; x_wconf 89' lang='lat' dir='ltr'><strong>ipsa</strong></span> <span class='ocrx_word' id='word_1_324' title='bbox 2902 1434 3035 1488; x_wconf 85' lang='lat' dir='ltr'><strong>urbe</strong></span> <span class='ocrx_word' id='word_1_325' title='bbox 3078 1435 3273 1500; x_wconf 79' lang='lat' dir='ltr'><strong>Roma,</strong></span> <span class='ocrx_word' id='word_1_326' title='bbox 3307 1435 3633 1506; x_wconf 82' lang='lat' dir='ltr'><strong>martyrium</strong></span> 
     </span>
    </p>
   </div>
   <div class='ocr_carea' id='block_1_48' title="bbox 2047 1520 3630 1599">
    <p class='ocr_par' dir='ltr' id='par_1_48' title="bbox 2047 1520 3630 1599">
     <span class='ocr_line' id='line_1_48' title="bbox 2047 1520 3630 1599; baseline 0.006 -25"><span class='ocrx_word' id='word_1_327' title='bbox 2047 1520 2236 1586; x_wconf 84' lang='lat' dir='ltr'><strong>Subiit,</strong></span> <span class='ocrx_word' id='word_1_328' title='bbox 2263 1532 2317 1576; x_wconf 92' lang='lat' dir='ltr'><strong>et</strong></span> <span class='ocrx_word' id='word_1_329' title='bbox 2364 1522 2500 1578; x_wconf 86' lang='lat' dir='ltr'><strong>inibi</strong></span> <span class='ocrx_word' id='word_1_330' title='bbox 2554 1526 2844 1595; x_wconf 82' lang='lat' dir='ltr'><strong>pulchrum</strong></span> <span class='ocrx_word' id='word_1_331' title='bbox 2889 1527 3022 1581; x_wconf 83' lang='lat' dir='ltr'><strong>illud</strong></span> <span class='ocrx_word' id='word_1_332' title='bbox 3074 1535 3353 1583; x_wconf 84' lang='lat' dir='ltr'><strong>certamen</strong></span> <span class='ocrx_word' id='word_1_333' title='bbox 3399 1531 3630 1599; x_wconf 81' lang='lat' dir='ltr'><strong>peregit.</strong></span> 
     </span>
    </p>
   </div>
   <div class='ocr_carea' id='block_1_49' title="bbox 2044 1605 3635 1689">
    <p class='ocr_par' dir='ltr' id='par_1_49' title="bbox 2044 1605 3635 1689">
     <span class='ocr_line' id='line_1_49' title="bbox 2044 1605 3635 1689; baseline 0.009 -30"><span class='ocrx_word' id='word_1_334' title='bbox 2044 1605 2277 1663; x_wconf 82' lang='lat' dir='ltr'><strong>Romani</strong></span> <span class='ocrx_word' id='word_1_335' title='bbox 2314 1621 2497 1667; x_wconf 83' lang='lat' dir='ltr'><strong>autem</strong></span> <span class='ocrx_word' id='word_1_336' title='bbox 2527 1614 2789 1684; x_wconf 81' lang='lat' dir='ltr'><strong>reliquias</strong></span> <span class='ocrx_word' id='word_1_337' title='bbox 2812 1618 2933 1685; x_wconf 78' lang='lat' dir='ltr'><strong>ejus</strong></span> <span class='ocrx_word' id='word_1_338' title='bbox 2955 1618 3297 1687; x_wconf 70' lang='lat' dir='ltr'><strong>prmpnlehra</strong></span> <span class='ocrx_word' id='word_1_339' title='bbox 3323 1619 3439 1673; x_wconf 69' lang='lat' dir='ltr'><strong>aede</strong></span> <span class='ocrx_word' id='word_1_340' title='bbox 3469 1628 3635 1689; x_wconf 84' lang='lat' dir='ltr'><strong>atque</strong></span> 
     </span>
    </p>
   </div>
   <div class='ocr_carea' id='block_1_50' title="bbox 2048 1699 3707 1789">
    <p class='ocr_par' dir='ltr' id='par_1_50' title="bbox 2048 1699 3707 1789">
     <span class='ocr_line' id='line_1_50' title="bbox 2048 1699 3707 1789; baseline 0.008 -35"><span class='ocrx_word' id='word_1_341' title='bbox 2048 1699 2280 1756; x_wconf 79' lang='lat' dir='ltr'><strong>basilica</strong></span> <span class='ocrx_word' id='word_1_342' title='bbox 2329 1705 2648 1770; x_wconf 80' lang='lat' dir='ltr'><strong>cinxerunt,</strong></span> <span class='ocrx_word' id='word_1_343' title='bbox 2681 1708 3003 1763; x_wconf 82' lang='lat' dir='ltr'><strong>memoriam</strong></span> <span class='ocrx_word' id='word_1_344' title='bbox 3037 1708 3159 1779; x_wconf 90' lang='lat' dir='ltr'><strong>ejus</strong></span> <span class='ocrx_word' id='word_1_345' title='bbox 3189 1721 3242 1765; x_wconf 88' lang='lat' dir='ltr'><strong>et</strong></span> <span class='ocrx_word' id='word_1_346' title='bbox 3277 1712 3525 1782; x_wconf 80' lang='lat' dir='ltr'><strong>martyrii</strong></span> <span class='ocrx_word' id='word_1_347' title='bbox 3559 1710 3636 1767; x_wconf 81' lang='lat' dir='ltr'><strong>fe-</strong></span> <span class='ocrx_word' id='word_1_348' title='bbox 3697 1780 3707 1789; x_wconf 42' lang='lat'>.</span> 
     </span>
    </p>
   </div>
   <div class='ocr_carea' id='block_1_51' title="bbox 2046 1793 3637 1872">
    <p class='ocr_par' dir='ltr' id='par_1_51' title="bbox 2046 1793 3637 1872">
     <span class='ocr_line' id='line_1_51' title="bbox 2046 1793 3637 1872; baseline 0.009 -27"><span class='ocrx_word' id='word_1_349' title='bbox 2046 1793 2177 1859; x_wconf 86' lang='lat' dir='ltr'><strong>rias,</strong></span> <span class='ocrx_word' id='word_1_350' title='bbox 2211 1795 2376 1850; x_wconf 89' lang='lat' dir='ltr'><strong>tertio</strong></span> <span class='ocrx_word' id='word_1_351' title='bbox 2430 1798 2708 1854; x_wconf 85' lang='lat' dir='ltr'><strong>Kalendas</strong></span> <span class='ocrx_word' id='word_1_352' title='bbox 2755 1798 2951 1866; x_wconf 83' lang='lat' dir='ltr'><strong>Julias,</strong></span> <span class='ocrx_word' id='word_1_353' title='bbox 3006 1817 3204 1872; x_wconf 87' lang='lat' dir='ltr'><strong>nempe</strong></span> <span class='ocrx_word' id='word_1_354' title='bbox 3251 1810 3407 1857; x_wconf 77' lang='lat' dir='ltr'><strong>sexto</strong></span> <span class='ocrx_word' id='word_1_355' title='bbox 3449 1817 3637 1859; x_wconf 77' lang='lat' dir='ltr'><strong>mense</strong></span> 
     </span>
    </p>
   </div>
   <div class='ocr_carea' id='block_1_52' title="bbox 2049 1886 3631 1965">
    <p class='ocr_par' dir='ltr' id='par_1_52' title="bbox 2049 1886 3631 1965">
     <span class='ocr_line' id='line_1_52' title="bbox 2049 1886 3631 1965; baseline 0.009 -27"><span class='ocrx_word' id='word_1_356' title='bbox 2049 1886 2218 1939; x_wconf 83' lang='lat' dir='ltr'><strong>totius</strong></span> <span class='ocrx_word' id='word_1_357' title='bbox 2249 1889 2376 1941; x_wconf 88' lang='lat' dir='ltr'><strong>anni</strong></span> <span class='ocrx_word' id='word_1_358' title='bbox 2408 1889 2769 1947; x_wconf 83' lang='lat' dir='ltr'><strong>celebrantes.</strong></span> <span class='ocrx_word' id='word_1_359' title='bbox 2806 1892 2910 1946; x_wconf 78' lang='lat' dir='ltr'><strong>Sed</strong></span> <span class='ocrx_word' id='word_1_360' title='bbox 2931 1892 3043 1962; x_wconf 87' lang='lat' dir='ltr'><strong>jam</strong></span> <span class='ocrx_word' id='word_1_361' title='bbox 3068 1902 3228 1949; x_wconf 87' lang='lat' dir='ltr'><strong>antea</strong></span> <span class='ocrx_word' id='word_1_362' title='bbox 3253 1909 3476 1965; x_wconf 83' lang='lat' dir='ltr'><strong>quoque</strong></span> <span class='ocrx_word' id='word_1_363' title='bbox 3508 1898 3631 1951; x_wconf 83' lang='lat' dir='ltr'><strong>bea-</strong></span> 
     </span>
    </p>
   </div>
   <div class='ocr_carea' id='block_1_53' title="bbox 2049 1976 3635 2056">
    <p class='ocr_par' dir='ltr' id='par_1_53' title="bbox 2049 1976 3635 2056">
     <span class='ocr_line' id='line_1_53' title="bbox 2049 1976 3635 2056; baseline 0.009 -27"><span class='ocrx_word' id='word_1_364' title='bbox 2049 1987 2138 2031; x_wconf 81' lang='lat' dir='ltr'><strong>tus</strong></span> <span class='ocrx_word' id='word_1_365' title='bbox 2179 1976 2274 2033; x_wconf 89' lang='lat' dir='ltr'><strong>ille</strong></span> <span class='ocrx_word' id='word_1_366' title='bbox 2331 1979 2529 2036; x_wconf 87' lang='lat' dir='ltr'><strong>multas</strong></span> <span class='ocrx_word' id='word_1_367' title='bbox 2572 1997 2671 2052; x_wconf 86' lang='lat' dir='ltr'><strong>pro</strong></span> <span class='ocrx_word' id='word_1_368' title='bbox 2703 1983 2826 2037; x_wconf 67' lang='lat' dir='ltr'><strong>vita:</strong></span> <span class='ocrx_word' id='word_1_369' title='bbox 2881 1984 3168 2040; x_wconf 81' lang='lat' dir='ltr'><strong>honestate</strong></span> <span class='ocrx_word' id='word_1_370' title='bbox 3220 1996 3385 2056; x_wconf 87' lang='lat' dir='ltr'><strong>atque</strong></span> <span class='ocrx_word' id='word_1_371' title='bbox 3433 1988 3635 2044; x_wconf 83' lang='lat' dir='ltr'><strong>virtute</strong></span> 
     </span>
    </p>
   </div>
   <div class='ocr_carea' id='block_1_54' title="bbox 2047 2073 3633 2142">
    <p class='ocr_par' dir='ltr' id='par_1_54' title="bbox 2047 2073 3633 2142">
     <span class='ocr_line' id='line_1_54' title="bbox 2047 2073 3633 2142; baseline 0.008 -19"><span class='ocrx_word' id='word_1_372' title='bbox 2047 2079 2438 2138; x_wconf 86' lang='lat' dir='ltr'><strong>composuerat</strong></span> <span class='ocrx_word' id='word_1_373' title='bbox 2493 2073 2923 2142; x_wconf 87' lang='lat' dir='ltr'><strong>admonitiones,</strong></span> <span class='ocrx_word' id='word_1_374' title='bbox 2978 2090 3043 2132; x_wconf 87' lang='lat' dir='ltr'><strong>ac</strong></span> <span class='ocrx_word' id='word_1_375' title='bbox 3100 2076 3167 2131; x_wconf 91' lang='lat' dir='ltr'><strong>de</strong></span> <span class='ocrx_word' id='word_1_376' title='bbox 3223 2076 3414 2135; x_wconf 80' lang='lat' dir='ltr'><strong>ciliciis</strong></span> <span class='ocrx_word' id='word_1_377' title='bbox 3463 2081 3633 2135; x_wconf 90' lang='lat' dir='ltr'><strong>multa</strong></span> 
     </span>
    </p>
   </div>
   <div class='ocr_carea' id='block_1_55' title="bbox 2047 2163 3634 2241">
    <p class='ocr_par' dir='ltr' id='par_1_55' title="bbox 2047 2163 3634 2241">
     <span class='ocr_line' id='line_1_55' title="bbox 2047 2163 3634 2241; baseline 0.006 -24"><span class='ocrx_word' id='word_1_378' title='bbox 2047 2163 2220 2217; x_wconf 76' lang='lat' dir='ltr'><strong>ediJit</strong></span> <span class='ocrx_word' id='word_1_379' title='bbox 2274 2163 2596 2222; x_wconf 86' lang='lat' dir='ltr'><strong>hominibus</strong></span> <span class='ocrx_word' id='word_1_380' title='bbox 2632 2177 2905 2240; x_wconf 64' lang='lat' dir='ltr'><strong>pracepta</strong></span> <span class='ocrx_word' id='word_1_381' title='bbox 2948 2188 2961 2224; x_wconf 92' lang='lat'>:</span> <span class='ocrx_word' id='word_1_382' title='bbox 3004 2181 3270 2241; x_wconf 83' lang='lat' dir='ltr'><strong>praeterea</strong></span> <span class='ocrx_word' id='word_1_383' title='bbox 3315 2187 3444 2227; x_wconf 68' lang='lat' dir='ltr'><strong>vero</strong></span> <span class='ocrx_word' id='word_1_384' title='bbox 3480 2187 3634 2229; x_wconf 88' lang='lat' dir='ltr'><strong>sum-</strong></span> 
     </span>
    </p>
   </div>
   <div class='ocr_carea' id='block_1_56' title="bbox 2051 2255 3632 2333">
    <p class='ocr_par' dir='ltr' id='par_1_56' title="bbox 2051 2255 3632 2333">
     <span class='ocr_line' id='line_1_56' title="bbox 2051 2255 3632 2333; baseline 0.008 -28"><span class='ocrx_word' id='word_1_385' title='bbox 2051 2255 2234 2308; x_wconf 87' lang='lat' dir='ltr'><strong>matim</strong></span> <span class='ocrx_word' id='word_1_386' title='bbox 2260 2258 2426 2311; x_wconf 84' lang='lat' dir='ltr'><strong>etiam</strong></span> <span class='ocrx_word' id='word_1_387' title='bbox 2471 2272 2570 2329; x_wconf 88' lang='lat' dir='ltr'><strong>per</strong></span> <span class='ocrx_word' id='word_1_388' title='bbox 2599 2267 2917 2316; x_wconf 80' lang='lat' dir='ltr'><strong>contextqu</strong></span> <span class='ocrx_word' id='word_1_389' title='bbox 2945 2277 3170 2317; x_wconf 88' lang='lat' dir='ltr'><strong>suarum</strong></span> <span class='ocrx_word' id='word_1_390' title='bbox 3211 2262 3632 2333; x_wconf 84' lang='lat' dir='ltr'><strong>quatuordecim</strong></span> 
     </span>
    </p>
   </div>
   <div class='ocr_carea' id='block_1_57' title="bbox 2049 2345 3633 2426">
    <p class='ocr_par' dir='ltr' id='par_1_57' title="bbox 2049 2345 3633 2426">
     <span class='ocr_line' id='line_1_57' title="bbox 2049 2345 3633 2426; baseline 0.008 -27"><span class='ocrx_word' id='word_1_391' title='bbox 2049 2345 2448 2415; x_wconf 70' lang='lat' dir='ltr'><strong>Epistolarum,</strong></span> <span class='ocrx_word' id='word_1_392' title='bbox 2478 2358 2649 2406; x_wconf 86' lang='lat' dir='ltr'><strong>totam</strong></span> <span class='ocrx_word' id='word_1_393' title='bbox 2668 2351 2994 2409; x_wconf 82' lang='lat' dir='ltr'><strong>hominibus</strong></span> <span class='ocrx_word' id='word_1_394' title='bbox 3015 2354 3139 2411; x_wconf 73' lang='lat' dir='ltr'><strong>vitae</strong></span> <span class='ocrx_word' id='word_1_395' title='bbox 3166 2354 3425 2426; x_wconf 67' lang='lat' dir='ltr'><strong>degendae</strong></span> <span class='ocrx_word' id='word_1_396' title='bbox 3457 2355 3633 2411; x_wconf 86' lang='lat' dir='ltr'><strong>ratio-</strong></span> 
     </span>
    </p>
   </div>
   <div class='ocr_carea' id='block_1_58' title="bbox 2048 2440 2515 2512">
    <p class='ocr_par' dir='ltr' id='par_1_58' title="bbox 2048 2440 2515 2512">
     <span class='ocr_line' id='line_1_58' title="bbox 2048 2440 2515 2512; baseline 0.006 -20"><span class='ocrx_word' id='word_1_397' title='bbox 2048 2453 2171 2493; x_wconf 88' lang='lat' dir='ltr'><strong>nem</strong></span> <span class='ocrx_word' id='word_1_398' title='bbox 2203 2440 2515 2512; x_wconf 82' lang='lat' dir='ltr'><strong>descripsit.</strong></span> 
     </span>
    </p>
   </div>
   <div class='ocr_carea' id='block_1_59' title="bbox 2224 2580 3452 2662">
    <p class='ocr_par' dir='ltr' id='par_1_59' title="bbox 2224 2580 3452 2662">
     <span class='ocr_line' id='line_1_59' title="bbox 2224 2580 3452 2662; baseline 0.006 -28"><span class='ocrx_word' id='word_1_399' title='bbox 2224 2581 2416 2651; x_wconf 84' lang='lat' dir='ltr'><strong>Capita</strong></span> <span class='ocrx_word' id='word_1_400' title='bbox 2445 2580 2713 2638; x_wconf 70' lang='lat' dir='ltr'><strong>Actorum&quot;</strong></span> <span class='ocrx_word' id='word_1_401' title='bbox 2732 2594 3042 2639; x_wconf 77' lang='lat' dir='ltr'><strong>sanctorum</strong></span> <span class='ocrx_word' id='word_1_402' title='bbox 3069 2586 3452 2662; x_wconf 84' lang='lat' dir='ltr'><strong>apostolorum.</strong></span> 
     </span>
    </p>
   </div>
   <div class='ocr_carea' id='block_1_60' title="bbox 2048 2720 3633 2796">
    <p class='ocr_par' dir='ltr' id='par_1_60' title="bbox 2048 2720 3633 2796">
     <span class='ocr_line' id='line_1_60' title="bbox 2048 2720 3633 2796; baseline 0.003 -20"><span class='ocrx_word' id='word_1_403' title='bbox 2048 2722 2099 2776; x_wconf 78' lang='grc'>1.</span> <span class='ocrx_word' id='word_1_404' title='bbox 2133 2721 2208 2776; x_wconf 89' lang='lat' dir='ltr'><strong>De</strong></span> <span class='ocrx_word' id='word_1_405' title='bbox 2237 2721 2478 2776; x_wconf 84' lang='lat' dir='ltr'><strong>doctrina</strong></span> <span class='ocrx_word' id='word_1_406' title='bbox 2502 2720 2704 2779; x_wconf 81' lang='lat' dir='ltr'><strong>Christi</strong></span> <span class='ocrx_word' id='word_1_407' title='bbox 2727 2734 2842 2792; x_wconf 83' lang='lat' dir='ltr'><strong>post</strong></span> <span class='ocrx_word' id='word_1_408' title='bbox 2876 2725 3334 2793; x_wconf 78' lang='lat' dir='ltr'><strong>resurrectionem,</strong></span> <span class='ocrx_word' id='word_1_409' title='bbox 3374 2733 3423 2780; x_wconf 85' lang='lat' dir='ltr'><strong>et</strong></span> <span class='ocrx_word' id='word_1_410' title='bbox 3452 2742 3633 2796; x_wconf 85' lang='lat' dir='ltr'><strong>quem—</strong></span> 
     </span>
    </p>
   </div>
   <div class='ocr_carea' id='block_1_61' title="bbox 2121 2814 3626 2885">
    <p class='ocr_par' dir='ltr' id='par_1_61' title="bbox 2121 2814 3626 2885">
     <span class='ocr_line' id='line_1_61' title="bbox 2121 2814 3626 2885; baseline 0.005 -19"><span class='ocrx_word' id='word_1_411' title='bbox 2121 2814 2407 2867; x_wconf 86' lang='lat' dir='ltr'><strong>admodum</strong></span> <span class='ocrx_word' id='word_1_412' title='bbox 2439 2831 2494 2869; x_wconf 86' lang='lat' dir='ltr'><strong>se</strong></span> <span class='ocrx_word' id='word_1_413' title='bbox 2536 2815 2970 2884; x_wconf 86' lang='lat' dir='ltr'><strong>conspiciendum</strong></span> <span class='ocrx_word' id='word_1_414' title='bbox 3020 2816 3305 2885; x_wconf 69' lang='lat' dir='ltr'><strong>prwbuerit</strong></span> <span class='ocrx_word' id='word_1_415' title='bbox 3330 2816 3626 2885; x_wconf 84' lang='lat' dir='ltr'><strong>discipulis,</strong></span> 
     </span>
    </p>
   </div>
   <div class='ocr_carea' id='block_1_62' title="bbox 2121 2906 3630 2979">
    <p class='ocr_par' dir='ltr' id='par_1_62' title="bbox 2121 2906 3630 2979">
     <span class='ocr_line' id='line_1_62' title="bbox 2121 2906 3630 2979; baseline 0.002 -19"><span class='ocrx_word' id='word_1_416' title='bbox 2121 2916 2171 2960; x_wconf 89' lang='lat' dir='ltr'><strong>et</strong></span> <span class='ocrx_word' id='word_1_417' title='bbox 2192 2907 2257 2961; x_wconf 91' lang='lat' dir='ltr'><strong>de</strong></span> <span class='ocrx_word' id='word_1_418' title='bbox 2272 2907 2540 2975; x_wconf 82' lang='lat' dir='ltr'><strong>promisso</strong></span> <span class='ocrx_word' id='word_1_419' title='bbox 2561 2908 2702 2962; x_wconf 87' lang='lat' dir='ltr'><strong>dono</strong></span> <span class='ocrx_word' id='word_1_420' title='bbox 2720 2906 2958 2977; x_wconf 79' lang='lat' dir='ltr'><strong>Spiritus</strong></span> <span class='ocrx_word' id='word_1_421' title='bbox 2989 2908 3163 2963; x_wconf 82' lang='lat' dir='ltr'><strong>sancti</strong></span> <span class='ocrx_word' id='word_1_422' title='bbox 3189 2925 3207 2962; x_wconf 91' lang='lat'><strong><em>:</em></strong></span> <span class='ocrx_word' id='word_1_423' title='bbox 3233 2916 3388 2978; x_wconf 87' lang='lat' dir='ltr'><strong>atque</strong></span> <span class='ocrx_word' id='word_1_424' title='bbox 3420 2917 3630 2979; x_wconf 85' lang='lat' dir='ltr'><strong>specta-</strong></span> 
     </span>
    </p>
   </div>
   <div class='ocr_carea' id='block_1_63' title="bbox 2117 3001 3631 3074">
    <p class='ocr_par' dir='ltr' id='par_1_63' title="bbox 2117 3001 3631 3074">
     <span class='ocr_line' id='line_1_63' title="bbox 2117 3001 3631 3074; baseline 0.003 -21"><span class='ocrx_word' id='word_1_425' title='bbox 2117 3001 2237 3055; x_wconf 85' lang='lat' dir='ltr'><strong>culo</strong></span> <span class='ocrx_word' id='word_1_426' title='bbox 2259 3010 2307 3056; x_wconf 88' lang='lat' dir='ltr'><strong>et</strong></span> <span class='ocrx_word' id='word_1_427' title='bbox 2340 3003 2495 3056; x_wconf 90' lang='lat' dir='ltr'><strong>modo</strong></span> <span class='ocrx_word' id='word_1_428' title='bbox 2532 3001 2744 3056; x_wconf 87' lang='lat' dir='ltr'><strong>Domini</strong></span> <span class='ocrx_word' id='word_1_429' title='bbox 2774 3002 3155 3072; x_wconf 87' lang='lat' dir='ltr'><strong>assumptionis</strong></span> <span class='ocrx_word' id='word_1_430' title='bbox 3181 3018 3199 3057; x_wconf 94' lang='lat'><strong><em>:</em></strong></span> <span class='ocrx_word' id='word_1_431' title='bbox 3234 3018 3296 3057; x_wconf 84' lang='lat' dir='ltr'><strong>ac</strong></span> <span class='ocrx_word' id='word_1_432' title='bbox 3322 3001 3631 3074; x_wconf 85' lang='lat' dir='ltr'><strong>deglorioso</strong></span> 
     </span>
    </p>
   </div>
   <div class='ocr_carea' id='block_1_64' title="bbox 2115 3094 2748 3164">
    <p class='ocr_par' dir='ltr' id='par_1_64' title="bbox 2115 3094 2748 3164">
     <span class='ocr_line' id='line_1_64' title="bbox 2115 3094 2748 3164; baseline 0 -16"><span class='ocrx_word' id='word_1_433' title='bbox 2115 3094 2230 3164; x_wconf 84' lang='lat' dir='ltr'><strong>ejus</strong></span> <span class='ocrx_word' id='word_1_434' title='bbox 2257 3095 2482 3150; x_wconf 83' lang='lat' dir='ltr'><strong>aduentu</strong></span> <span class='ocrx_word' id='word_1_435' title='bbox 2501 3094 2748 3150; x_wconf 84' lang='lat' dir='ltr'><strong>secundo.</strong></span> 
     </span>
    </p>
   </div>
   <div class='ocr_carea' id='block_1_65' title="bbox 2045 3276 3629 3350">
    <p class='ocr_par' dir='ltr' id='par_1_65' title="bbox 2045 3276 3629 3350">
     <span class='ocr_line' id='line_1_65' title="bbox 2045 3276 3629 3350; baseline 0.003 -18"><span class='ocrx_word' id='word_1_436' title='bbox 2045 3277 2102 3333; x_wconf 76' lang='grc'>2.</span> <span class='ocrx_word' id='word_1_437' title='bbox 2146 3276 2290 3333; x_wconf 84' lang='lat' dir='ltr'><strong>Petri</strong></span> <span class='ocrx_word' id='word_1_438' title='bbox 2316 3279 2688 3334; x_wconf 75' lang='lat' dir='ltr'><strong>sermocinatio</strong></span> <span class='ocrx_word' id='word_1_439' title='bbox 2719 3295 2835 3335; x_wconf 86' lang='lat' dir='ltr'><strong>cum</strong></span> <span class='ocrx_word' id='word_1_440' title='bbox 2866 3279 3142 3350; x_wconf 88' lang='lat' dir='ltr'><strong>discipulis</strong></span> <span class='ocrx_word' id='word_1_441' title='bbox 3182 3279 3245 3335; x_wconf 87' lang='lat' dir='ltr'><strong>de</strong></span> <span class='ocrx_word' id='word_1_442' title='bbox 3270 3293 3437 3334; x_wconf 67' lang='lat' dir='ltr'><strong>morte</strong></span> <span class='ocrx_word' id='word_1_443' title='bbox 3462 3291 3511 3336; x_wconf 83' lang='lat' dir='ltr'><strong>et</strong></span> <span class='ocrx_word' id='word_1_444' title='bbox 3544 3297 3629 3336; x_wconf 81' lang='lat' dir='ltr'><strong>re-</strong></span> 
     </span>
    </p>
   </div>
   <div class='ocr_carea' id='block_1_66' title="bbox 2108 3367 2867 3440">
    <p class='ocr_par' dir='ltr' id='par_1_66' title="bbox 2108 3367 2867 3440">
     <span class='ocr_line' id='line_1_66' title="bbox 2108 3367 2867 3440; baseline 0.004 -17"><span class='ocrx_word' id='word_1_445' title='bbox 2108 3369 2343 3440; x_wconf 88' lang='lat' dir='ltr'><strong>jectione</strong></span> <span class='ocrx_word' id='word_1_446' title='bbox 2367 3367 2527 3424; x_wconf 77' lang='lat' dir='ltr'><strong>Juda:</strong></span> <span class='ocrx_word' id='word_1_447' title='bbox 2553 3372 2867 3439; x_wconf 82' lang='lat' dir='ltr'><strong>proditoris.</strong></span> 
     </span>
    </p>
   </div>
   <div class='ocr_carea' id='block_1_67' title="bbox 2044 3556 3625 3628">
    <p class='ocr_par' dir='ltr' id='par_1_67' title="bbox 2044 3556 3625 3628">
     <span class='ocr_line' id='line_1_67' title="bbox 2044 3556 3625 3628; baseline 0 -17"><span class='ocrx_word' id='word_1_448' title='bbox 2044 3557 2097 3613; x_wconf 81' lang='grc'>5.</span> <span class='ocrx_word' id='word_1_449' title='bbox 2141 3556 2214 3613; x_wconf 87' lang='lat' dir='ltr'><strong>De</strong></span> <span class='ocrx_word' id='word_1_450' title='bbox 2261 3558 2437 3613; x_wconf 84' lang='lat' dir='ltr'><strong>divino</strong></span> <span class='ocrx_word' id='word_1_451' title='bbox 2481 3557 2704 3628; x_wconf 81' lang='lat' dir='ltr'><strong>appulsu</strong></span> <span class='ocrx_word' id='word_1_452' title='bbox 2753 3567 2803 3612; x_wconf 88' lang='lat' dir='ltr'><strong>et</strong></span> <span class='ocrx_word' id='word_1_453' title='bbox 2860 3574 3073 3613; x_wconf 87' lang='lat' dir='ltr'><strong>accessu</strong></span> <span class='ocrx_word' id='word_1_454' title='bbox 3149 3558 3321 3612; x_wconf 84' lang='lat' dir='ltr'><strong>sancti</strong></span> <span class='ocrx_word' id='word_1_455' title='bbox 3368 3556 3625 3627; x_wconf 80' lang='lat' dir='ltr'><strong>Spiritus,</strong></span> 
     </span>
    </p>
   </div>
   <div class='ocr_carea' id='block_1_68' title="bbox 2115 3645 3627 3718">
    <p class='ocr_par' dir='ltr' id='par_1_68' title="bbox 2115 3645 3627 3718">
     <span class='ocr_line' id='line_1_68' title="bbox 2115 3645 3627 3718; baseline -0.001 -17"><span class='ocrx_word' id='word_1_456' title='bbox 2115 3648 2205 3718; x_wconf 85' lang='lat' dir='ltr'><strong>qui</strong></span> <span class='ocrx_word' id='word_1_457' title='bbox 2239 3648 2434 3701; x_wconf 89' lang='lat' dir='ltr'><strong>accidit</strong></span> <span class='ocrx_word' id='word_1_458' title='bbox 2467 3646 2534 3700; x_wconf 90' lang='lat' dir='ltr'><strong>ad</strong></span> <span class='ocrx_word' id='word_1_459' title='bbox 2584 3663 2671 3701; x_wconf 87' lang='lat' dir='ltr'><strong>eos</strong></span> <span class='ocrx_word' id='word_1_460' title='bbox 2707 3647 2797 3716; x_wconf 85' lang='lat' dir='ltr'><strong>qui</strong></span> <span class='ocrx_word' id='word_1_461' title='bbox 2834 3646 3192 3713; x_wconf 76' lang='lat' dir='ltr'><strong>crediderant,</strong></span> <span class='ocrx_word' id='word_1_462' title='bbox 3234 3648 3290 3701; x_wconf 87' lang='lat' dir='ltr'><strong>in</strong></span> <span class='ocrx_word' id='word_1_463' title='bbox 3318 3646 3403 3701; x_wconf 82' lang='lat' dir='ltr'><strong>die</strong></span> <span class='ocrx_word' id='word_1_464' title='bbox 3439 3645 3627 3702; x_wconf 87' lang='lat' dir='ltr'><strong>Pente-</strong></span> 
     </span>
    </p>
   </div>
   <div class='ocr_carea' id='block_1_69' title="bbox 2115 3754 2303 3796">
    <p class='ocr_par' dir='ltr' id='par_1_69' title="bbox 2115 3754 2303 3796">
     <span class='ocr_line' id='line_1_69' title="bbox 2115 3754 2303 3796; baseline -0.005 -2"><span class='ocrx_word' id='word_1_465' title='bbox 2115 3754 2303 3796; x_wconf 63' lang='lat' dir='ltr'><strong>COSlt&quot;.</strong></span> 
     </span>
    </p>
   </div>
   <div class='ocr_carea' id='block_1_70' title="bbox 354 3811 1940 3903">
    <p class='ocr_par' dir='ltr' id='par_1_70' title="bbox 354 3811 1939 3903">
     <span class='ocr_line' id='line_1_70' title="bbox 354 3811 1939 3903; baseline 0.013 -36"><span class='ocrx_word' id='word_1_466' title='bbox 354 3811 417 3868; x_wconf 84' lang='grc' dir='ltr'>δ’.</span> <span class='ocrx_word' id='word_1_467' title='bbox 462 3818 600 3885; x_wconf 76' lang='grc' dir='ltr'>Περὶ</span> <span class='ocrx_word' id='word_1_468' title='bbox 642 3817 754 3888; x_wconf 81' lang='grc' dir='ltr'>τῆς</span> <span class='ocrx_word' id='word_1_469' title='bbox 783 3820 855 3873; x_wconf 77' lang='grc' dir='ltr'>ἐν</span> <span class='ocrx_word' id='word_1_470' title='bbox 891 3823 1125 3891; x_wconf 85' lang='grc' dir='ltr'>Χριστῷ</span> <span class='ocrx_word' id='word_1_471' title='bbox 1170 3827 1488 3894; x_wconf 80' lang='grc' dir='ltr'>θεραπείας</span> <span class='ocrx_word' id='word_1_472' title='bbox 1532 3831 1636 3886; x_wconf 88' lang='grc' dir='ltr'><strong>τοῦ</strong></span> <span class='ocrx_word' id='word_1_473' title='bbox 1683 3832 1754 3885; x_wconf 73' lang='grc' dir='ltr'><strong>ἐκ</strong></span> <span class='ocrx_word' id='word_1_474' title='bbox 1803 3849 1939 3903; x_wconf 78' lang='grc' dir='ltr'>γεν-</span> 
     </span>
    </p>
   </div>
   <div class='ocr_carea' id='block_1_71' title="bbox 2046 3811 3625 3903">
    <p class='ocr_par' dir='ltr' id='par_1_71' title="bbox 2046 3829 3625 3900">
     <span class='ocr_line' id='line_1_71' title="bbox 2046 3829 3625 3900; baseline -0.003 -13"><span class='ocrx_word' id='word_1_475' title='bbox 2046 3833 2099 3887; x_wconf 77' lang='grc'>4.</span> <span class='ocrx_word' id='word_1_476' title='bbox 2146 3831 2222 3886; x_wconf 85' lang='lat' dir='ltr'><strong>De</strong></span> <span class='ocrx_word' id='word_1_477' title='bbox 2254 3839 2444 3886; x_wconf 85' lang='lat' dir='ltr'><strong>curato</strong></span> <span class='ocrx_word' id='word_1_478' title='bbox 2472 3832 2527 3885; x_wconf 89' lang='lat' dir='ltr'><strong>in</strong></span> <span class='ocrx_word' id='word_1_479' title='bbox 2567 3831 2777 3885; x_wconf 89' lang='lat' dir='ltr'><strong>nomine</strong></span> <span class='ocrx_word' id='word_1_480' title='bbox 2807 3831 3007 3885; x_wconf 80' lang='lat' dir='ltr'><strong>Christi</strong></span> <span class='ocrx_word' id='word_1_481' title='bbox 3033 3847 3114 3895; x_wconf 86' lang='lat' dir='ltr'><strong>eo,</strong></span> <span class='ocrx_word' id='word_1_482' title='bbox 3148 3830 3238 3900; x_wconf 87' lang='lat' dir='ltr'><strong>qui</strong></span> <span class='ocrx_word' id='word_1_483' title='bbox 3267 3829 3491 3884; x_wconf 84' lang='lat' dir='ltr'><strong>claudus</strong></span> <span class='ocrx_word' id='word_1_484' title='bbox 3522 3846 3625 3883; x_wconf 83' lang='lat' dir='ltr'><strong>na-</strong></span> 
     </span>
    </p>
   </div>
   <div class='ocr_carea' id='block_1_72' title="bbox 432 3907 1939 3990">
    <p class='ocr_par' dir='ltr' id='par_1_72' title="bbox 432 3907 1939 3990">
     <span class='ocr_line' id='line_1_72' title="bbox 432 3907 1939 3990; baseline 0.01 -28"><span class='ocrx_word' id='word_1_485' title='bbox 432 3907 613 3977; x_wconf 79' lang='grc' dir='ltr'>νητῆς</span> <span class='ocrx_word' id='word_1_486' title='bbox 636 3912 860 3979; x_wconf 75' lang='grc' dir='ltr'>χωλοῦ,</span> <span class='ocrx_word' id='word_1_487' title='bbox 911 3913 1138 3982; x_wconf 82' lang='grc' dir='ltr'>Πέτρου</span> <span class='ocrx_word' id='word_1_488' title='bbox 1167 3932 1232 3969; x_wconf 83' lang='grc' dir='ltr'><strong>τε</strong></span> <span class='ocrx_word' id='word_1_489' title='bbox 1260 3917 1651 3986; x_wconf 81' lang='grc' dir='ltr'>κατηχήσεως</span> <span class='ocrx_word' id='word_1_490' title='bbox 1708 3921 1939 3990; x_wconf 76' lang='grc' dir='ltr'>ἐλεητι-</span> 
     </span>
    </p>
   </div>
   <div class='ocr_carea' id='block_1_73' title="bbox 438 4000 1941 4083">
    <p class='ocr_par' dir='ltr' id='par_1_73' title="bbox 438 4000 1941 4083">
     <span class='ocr_line' id='line_1_73' title="bbox 438 4000 1941 4083; baseline 0.011 -31"><span class='ocrx_word' id='word_1_491' title='bbox 438 4000 581 4069; x_wconf 82' lang='grc' dir='ltr'>κῆς,</span> <span class='ocrx_word' id='word_1_492' title='bbox 650 4006 1215 4077; x_wconf 73' lang='grc' dir='ltr'>συμϐουλευτικῆς,</span> <span class='ocrx_word' id='word_1_493' title='bbox 1269 4011 1734 4083; x_wconf 80' lang='grc' dir='ltr'>συμπαθητικῆς</span> <span class='ocrx_word' id='word_1_494' title='bbox 1791 4014 1941 4081; x_wconf 87' lang='grc' dir='ltr'>πρὸς</span> 
     </span>
    </p>
   </div>
   <div class='ocr_carea' id='block_1_74' title="bbox 431 4098 731 4164">
    <p class='ocr_par' dir='ltr' id='par_1_74' title="bbox 431 4098 731 4164">
     <span class='ocr_line' id='line_1_74' title="bbox 431 4098 731 4164; baseline 0.023 -20"><span class='ocrx_word' id='word_1_495' title='bbox 431 4098 731 4164; x_wconf 81' lang='grc' dir='ltr'>σωτηρίαν</span> 
     </span>
    </p>
   </div>
   <div class='ocr_carea' id='block_1_75' title="bbox 349 4275 1942 4359">
    <p class='ocr_par' dir='ltr' id='par_1_75' title="bbox 349 4275 1942 4359">
     <span class='ocr_line' id='line_1_75' title="bbox 349 4275 1942 4359; baseline 0.011 -28"><span class='ocrx_word' id='word_1_496' title='bbox 349 4275 413 4333; x_wconf 82' lang='grc' dir='ltr'>ε’.</span> <span class='ocrx_word' id='word_1_497' title='bbox 445 4280 586 4348; x_wconf 74' lang='grc' dir='ltr'>Περὶ</span> <span class='ocrx_word' id='word_1_498' title='bbox 619 4283 938 4352; x_wconf 66' lang='grc' dir='ltr'>όμοψύχου</span> <span class='ocrx_word' id='word_1_499' title='bbox 964 4284 1062 4339; x_wconf 77' lang='grc' dir='ltr'>καὶ</span> <span class='ocrx_word' id='word_1_500' title='bbox 1102 4286 1434 4359; x_wconf 78' lang='grc' dir='ltr'>καθολικῆς</span> <span class='ocrx_word' id='word_1_501' title='bbox 1462 4291 1781 4359; x_wconf 75' lang='grc' dir='ltr'>κοινωνίας</span> <span class='ocrx_word' id='word_1_502' title='bbox 1820 4291 1942 4348; x_wconf 87' lang='grc' dir='ltr'>τῶν</span> 
     </span>
    </p>
   </div>
   <div class='ocr_carea' id='block_1_76' title="bbox 420 4370 1347 4427">
    <p class='ocr_par' dir='ltr' id='par_1_76' title="bbox 420 4370 1347 4427">
     <span class='ocr_line' id='line_1_76' title="bbox 420 4370 1347 4427; baseline 0.013 -6"><span class='ocrx_word' id='word_1_503' title='bbox 420 4370 902 4427; x_wconf 73' lang='grc' dir='ltr'>πιστευσάντων.</span> <span class='ocrx_word' id='word_1_504' title='bbox 1340 4389 1347 4395; x_wconf 87' lang='lat'>&#39;</span> 
     </span>
    </p>
   </div>
   <div class='ocr_carea' id='block_1_77' title="bbox 350 4461 1936 4549">
    <p class='ocr_par' dir='ltr' id='par_1_77' title="bbox 350 4461 1936 4549">
     <span class='ocr_line' id='line_1_77' title="bbox 350 4461 1936 4549; baseline 0.014 -34"><span class='ocrx_word' id='word_1_505' title='bbox 350 4464 429 4525; x_wconf 84' lang='grc' dir='ltr'>ς’.</span> <span class='ocrx_word' id='word_1_506' title='bbox 486 4461 609 4514; x_wconf 85' lang='grc' dir='ltr'>Ὅτι</span> <span class='ocrx_word' id='word_1_507' title='bbox 663 4464 836 4529; x_wconf 82' lang='grc' dir='ltr'>τοὺς-</span> <span class='ocrx_word' id='word_1_508' title='bbox 866 4465 1255 4535; x_wconf 72' lang='grc' dir='ltr'>ἀποστόλους</span> <span class='ocrx_word' id='word_1_509' title='bbox 1311 4470 1718 4546; x_wconf 76' lang='grc' dir='ltr'>ἐμϐληθέντος</span> <span class='ocrx_word' id='word_1_510' title='bbox 1754 4480 1825 4534; x_wconf 79' lang='grc' dir='ltr'>ἐν</span> <span class='ocrx_word' id='word_1_511' title='bbox 1855 4482 1936 4549; x_wconf 88' lang='grc' dir='ltr'>τῷ</span> 
     </span>
    </p>
   </div>
   <div class='ocr_carea' id='block_1_78' title="bbox 330 4552 1946 4639">
    <p class='ocr_par' dir='ltr' id='par_1_78' title="bbox 330 4552 1946 4639">
     <span class='ocr_line' id='line_1_78' title="bbox 330 4552 1946 4639; baseline 0.015 -36"><span class='ocrx_word' id='word_1_512' title='bbox 330 4574 337 4579; x_wconf 82' lang='lat'><strong><em>-</em></strong></span> <span class='ocrx_word' id='word_1_513' title='bbox 428 4552 815 4623; x_wconf 82' lang='grc' dir='ltr'>δεσμωτηρίῳ</span> <span class='ocrx_word' id='word_1_514' title='bbox 858 4555 1117 4627; x_wconf 76' lang='grc' dir='ltr'>ἄγγελος</span> <span class='ocrx_word' id='word_1_515' title='bbox 1168 4560 1277 4616; x_wconf 82' lang='grc' dir='ltr'><strong>τοῦ</strong></span> <span class='ocrx_word' id='word_1_516' title='bbox 1326 4563 1474 4618; x_wconf 88' lang='grc' dir='ltr'>Θεοῦ</span> <span class='ocrx_word' id='word_1_517' title='bbox 1502 4567 1735 4639; x_wconf 76' lang='grc' dir='ltr'>νύκτωρ</span> <span class='ocrx_word' id='word_1_518' title='bbox 1772 4572 1946 4637; x_wconf 80' lang='grc' dir='ltr'><strong>ἐξέω-</strong></span> 
     </span>
    </p>
   </div>
   <div class='ocr_carea' id='block_1_79' title="bbox 420 4645 1945 4731">
    <p class='ocr_par' dir='ltr' id='par_1_79' title="bbox 420 4645 1945 4731">
     <span class='ocr_line' id='line_1_79' title="bbox 420 4645 1945 4731; baseline 0.015 -35"><span class='ocrx_word' id='word_1_519' title='bbox 420 4659 557 4709; x_wconf 88' lang='grc' dir='ltr'>σεν,</span> <span class='ocrx_word' id='word_1_520' title='bbox 587 4645 915 4716; x_wconf 71' lang='grc' dir='ltr'>ἐπιτρέψας</span> <span class='ocrx_word' id='word_1_521' title='bbox 950 4649 1271 4718; x_wconf 79' lang='grc' dir='ltr'>ἀκωλύτως</span> <span class='ocrx_word' id='word_1_522' title='bbox 1307 4655 1651 4723; x_wconf 81' lang='grc' dir='ltr'>κηρύσσειν</span> <span class='ocrx_word' id='word_1_523' title='bbox 1678 4661 1785 4715; x_wconf 89' lang='grc' dir='ltr'>τὸν</span> <span class='ocrx_word' id='word_1_524' title='bbox 1833 4663 1945 4731; x_wconf 84' lang='grc' dir='ltr'><strong>Ἰη-</strong></span> 
     </span>
    </p>
   </div>
   <div class='ocr_carea' id='block_1_80' title="bbox 422 4752 584 4791">
    <p class='ocr_par' dir='ltr' id='par_1_80' title="bbox 422 4752 584 4791">
     <span class='ocr_line' id='line_1_80' title="bbox 422 4752 584 4791; baseline 0.006 -1"><span class='ocrx_word' id='word_1_525' title='bbox 422 4752 467 4790; x_wconf 85' lang='grc' dir='ltr'><strong>σ</strong></span> <span class='ocrx_word' id='word_1_526' title='bbox 468 4754 584 4791; x_wconf 84' lang='grc' dir='ltr'><strong>ουν</strong></span> 
     </span>
    </p>
   </div>
   <div class='ocr_carea' id='block_1_81' title="bbox 348 4827 1678 4903">
    <p class='ocr_par' dir='ltr' id='par_1_81' title="bbox 348 4827 1678 4903">
     <span class='ocr_line' id='line_1_81' title="bbox 348 4827 1678 4903; baseline 0.013 -21"><span class='ocrx_word' id='word_1_527' title='bbox 348 4827 418 4891; x_wconf 82' lang='grc' dir='ltr'><strong>ζ’.</strong></span> <span class='ocrx_word' id='word_1_528' title='bbox 458 4829 600 4899; x_wconf 81' lang='grc' dir='ltr'>Περὶ</span> <span class='ocrx_word' id='word_1_529' title='bbox 635 4836 1005 4903; x_wconf 83' lang='grc' dir='ltr'>χειροτονίας</span> <span class='ocrx_word' id='word_1_530' title='bbox 1039 4836 1160 4892; x_wconf 87' lang='grc' dir='ltr'>τῶν</span> <span class='ocrx_word' id='word_1_531' title='bbox 1186 4837 1337 4894; x_wconf 79' lang='grc' dir='ltr'>ἑπτὰ</span> <span class='ocrx_word' id='word_1_532' title='bbox 1363 4840 1678 4899; x_wconf 87' lang='grc' dir='ltr'>διακόνων.</span> 
     </span>
    </p>
   </div>
   <div class='ocr_carea' id='block_1_82' title="bbox 350 5013 1939 5099">
    <p class='ocr_par' dir='ltr' id='par_1_82' title="bbox 350 5013 1939 5099">
     <span class='ocr_line' id='line_1_82' title="bbox 350 5013 1939 5099; baseline 0.015 -30"><span class='ocrx_word' id='word_1_533' title='bbox 350 5013 424 5084; x_wconf 85' lang='grc' dir='ltr'>η’.</span> <span class='ocrx_word' id='word_1_534' title='bbox 463 5016 766 5074; x_wconf 87' lang='grc' dir='ltr'>ἰουδαίων</span> <span class='ocrx_word' id='word_1_535' title='bbox 793 5020 1211 5093; x_wconf 79' lang='grc' dir='ltr'>ἐπανάστασις</span> <span class='ocrx_word' id='word_1_536' title='bbox 1247 5026 1349 5082; x_wconf 76' lang='grc' dir='ltr'>καὶ</span> <span class='ocrx_word' id='word_1_537' title='bbox 1380 5033 1762 5099; x_wconf 69' lang='grc' dir='ltr'>συκοφαντία</span> <span class='ocrx_word' id='word_1_538' title='bbox 1787 5037 1939 5093; x_wconf 81' lang='grc' dir='ltr'>κατὰ</span> 
     </span>
    </p>
   </div>
   <div class='ocr_carea' id='block_1_83' title="bbox 419 5106 1940 5196">
    <p class='ocr_par' dir='ltr' id='par_1_83' title="bbox 419 5106 1940 5196">
     <span class='ocr_line' id='line_1_83' title="bbox 419 5106 1940 5196; baseline 0.017 -38"><span class='ocrx_word' id='word_1_539' title='bbox 419 5106 753 5175; x_wconf 72' lang='grc' dir='ltr'>Στεφάνου,</span> <span class='ocrx_word' id='word_1_540' title='bbox 786 5112 974 5168; x_wconf 86' lang='grc' dir='ltr'>αὑτοῦ</span> <span class='ocrx_word' id='word_1_541' title='bbox 1009 5112 1078 5167; x_wconf 82' lang='grc' dir='ltr'>δὲ</span> <span class='ocrx_word' id='word_1_542' title='bbox 1100 5113 1431 5187; x_wconf 77' lang='grc' dir='ltr'>δημηγορία</span> <span class='ocrx_word' id='word_1_543' title='bbox 1475 5120 1608 5190; x_wconf 78' lang='grc' dir='ltr'>περὶ</span> <span class='ocrx_word' id='word_1_544' title='bbox 1646 5122 1758 5194; x_wconf 83' lang='grc' dir='ltr'>τῆς</span> <span class='ocrx_word' id='word_1_545' title='bbox 1789 5129 1940 5196; x_wconf 87' lang='grc' dir='ltr'>πρὸς</span> 
     </span>
    </p>
   </div>
   <div class='ocr_carea' id='block_1_84' title="bbox 422 5196 1937 5286">
    <p class='ocr_par' dir='ltr' id='par_1_84' title="bbox 422 5196 1937 5286">
     <span class='ocr_line' id='line_1_84' title="bbox 422 5196 1937 5286; baseline 0.018 -36"><span class='ocrx_word' id='word_1_546' title='bbox 422 5196 676 5271; x_wconf 77' lang='grc' dir='ltr'><strong>Ἀϐραὰμ</strong></span> <span class='ocrx_word' id='word_1_547' title='bbox 702 5202 995 5276; x_wconf 79' lang='grc' dir='ltr'>διαθήκης</span> <span class='ocrx_word' id='word_1_548' title='bbox 1026 5207 1136 5264; x_wconf 85' lang='grc' dir='ltr'><strong>τοῦ</strong></span> <span class='ocrx_word' id='word_1_549' title='bbox 1165 5208 1336 5277; x_wconf 81' lang='grc' dir='ltr'>Θεοῦ,</span> <span class='ocrx_word' id='word_1_550' title='bbox 1364 5212 1462 5268; x_wconf 77' lang='grc' dir='ltr'>καὶ</span> <span class='ocrx_word' id='word_1_551' title='bbox 1493 5216 1627 5283; x_wconf 74' lang='grc' dir='ltr'>περὶ</span> <span class='ocrx_word' id='word_1_552' title='bbox 1685 5216 1806 5274; x_wconf 84' lang='grc' dir='ltr'>τῶν</span> <span class='ocrx_word' id='word_1_553' title='bbox 1860 5222 1937 5286; x_wconf 71' lang='lat' dir='ltr'><strong>tﬁ&#39;</strong></span> 
     </span>
    </p>
   </div>
   <div class='ocr_carea' id='block_1_85' title="bbox 416 5294 1781 5364">
    <p class='ocr_par' dir='ltr' id='par_1_85' title="bbox 416 5294 1781 5364">
     <span class='ocr_line' id='line_1_85' title="bbox 416 5294 1781 5364; baseline 0.011 -20"><span class='ocrx_word' id='word_1_554' title='bbox 416 5294 820 5364; x_wconf 72' lang='grc' dir='ltr'>πατριαρχῶν.</span> <span class='ocrx_word' id='word_1_555' title='bbox 1774 5308 1781 5315; x_wconf 69' lang='grc'><strong>⁸</strong></span> 
     </span>
    </p>
   </div>
   <div class='ocr_carea' id='block_1_86' title="bbox 348 5381 1940 5477">
    <p class='ocr_par' dir='ltr' id='par_1_86' title="bbox 348 5381 1940 5477">
     <span class='ocr_line' id='line_1_86' title="bbox 348 5381 1940 5477; baseline 0.017 -40"><span class='ocrx_word' id='word_1_556' title='bbox 348 5381 420 5440; x_wconf 85' lang='grc' dir='ltr'>θ’.</span> <span class='ocrx_word' id='word_1_557' title='bbox 470 5387 614 5456; x_wconf 73' lang='grc' dir='ltr'>Περὶ</span> <span class='ocrx_word' id='word_1_558' title='bbox 671 5387 933 5461; x_wconf 77' lang='grc' dir='ltr'>διωγμοῦ</span> <span class='ocrx_word' id='word_1_559' title='bbox 990 5392 1102 5465; x_wconf 83' lang='grc' dir='ltr'>τῆς</span> <span class='ocrx_word' id='word_1_560' title='bbox 1146 5396 1537 5469; x_wconf 67' lang='grc' dir='ltr'>Ἑκκλησίας,</span> <span class='ocrx_word' id='word_1_561' title='bbox 1598 5401 1700 5456; x_wconf 76' lang='grc' dir='ltr'>καὶ</span> <span class='ocrx_word' id='word_1_562' title='bbox 1742 5406 1940 5477; x_wconf 72' lang='grc' dir='ltr'>ταφῆς</span> 
     </span>
    </p>
   </div>
   <div class='ocr_carea' id='block_1_87' title="bbox 419 5481 753 5550">
    <p class='ocr_par' dir='ltr' id='par_1_87' title="bbox 419 5481 753 5550">
     <span class='ocr_line' id='line_1_87' title="bbox 419 5481 753 5550; baseline 0.021 -18"><span class='ocrx_word' id='word_1_563' title='bbox 419 5481 753 5550; x_wconf 72' lang='grc' dir='ltr'>Στεφάνου.</span> 
     </span>
    </p>
   </div>
   <div class='ocr_carea' id='block_1_88' title="bbox 2116 3914 3628 3990">
    <p class='ocr_par' dir='ltr' id='par_1_88' title="bbox 2116 3914 3628 3990">
     <span class='ocr_line' id='line_1_88' title="bbox 2116 3914 3628 3990; baseline 0 -14"><span class='ocrx_word' id='word_1_564' title='bbox 2116 3931 2200 3977; x_wconf 86' lang='lat' dir='ltr'><strong>tus</strong></span> <span class='ocrx_word' id='word_1_565' title='bbox 2233 3932 2371 3988; x_wconf 88' lang='lat' dir='ltr'><strong>erat,</strong></span> <span class='ocrx_word' id='word_1_566' title='bbox 2406 3922 2471 3977; x_wconf 90' lang='lat' dir='ltr'><strong>de</strong></span> <span class='ocrx_word' id='word_1_567' title='bbox 2503 3914 2753 3975; x_wconf 79' lang='lat' dir='ltr'><strong>doctrina</strong></span> <span class='ocrx_word' id='word_1_568' title='bbox 2790 3923 2913 3977; x_wconf 84' lang='lat' dir='ltr'><strong>item</strong></span> <span class='ocrx_word' id='word_1_569' title='bbox 2947 3921 3095 3977; x_wconf 86' lang='lat' dir='ltr'><strong>Petri</strong></span> <span class='ocrx_word' id='word_1_570' title='bbox 3122 3935 3386 3990; x_wconf 83' lang='lat' dir='ltr'><strong>propensa</strong></span> <span class='ocrx_word' id='word_1_571' title='bbox 3422 3922 3491 3976; x_wconf 83' lang='lat' dir='ltr'><strong>ad</strong></span> <span class='ocrx_word' id='word_1_572' title='bbox 3522 3924 3628 3976; x_wconf 85' lang='lat' dir='ltr'><strong>mi-</strong></span> 
     </span>
    </p>
   </div>
   <div class='ocr_carea' id='block_1_89' title="bbox 2113 4012 3627 4083">
    <p class='ocr_par' dir='ltr' id='par_1_89' title="bbox 2113 4012 3627 4083">
     <span class='ocr_line' id='line_1_89' title="bbox 2113 4012 3627 4083; baseline -0.001 -15"><span class='ocrx_word' id='word_1_573' title='bbox 2113 4014 2460 4068; x_wconf 88' lang='lat' dir='ltr'><strong>sericordiam</strong></span> <span class='ocrx_word' id='word_1_574' title='bbox 2486 4022 2536 4067; x_wconf 88' lang='lat' dir='ltr'><strong>et</strong></span> <span class='ocrx_word' id='word_1_575' title='bbox 2558 4012 2971 4078; x_wconf 85' lang='lat' dir='ltr'><strong>condolentiam,</strong></span> <span class='ocrx_word' id='word_1_576' title='bbox 3000 4029 3105 4083; x_wconf 88' lang='lat' dir='ltr'><strong>qua</strong></span> <span class='ocrx_word' id='word_1_577' title='bbox 3135 4012 3418 4066; x_wconf 87' lang='lat' dir='ltr'><strong>consilium</strong></span> <span class='ocrx_word' id='word_1_578' title='bbox 3467 4029 3627 4067; x_wconf 89' lang='lat' dir='ltr'><strong>suum</strong></span> 
     </span>
    </p>
   </div>
   <div class='ocr_carea' id='block_1_90' title="bbox 2119 4104 3629 4175">
    <p class='ocr_par' dir='ltr' id='par_1_90' title="bbox 2119 4104 3629 4175">
     <span class='ocr_line' id='line_1_90' title="bbox 2119 4104 3629 4175; baseline -0.002 -15"><span class='ocrx_word' id='word_1_579' title='bbox 2119 4106 2381 4173; x_wconf 75' lang='lat' dir='ltr'><strong>exponit,</strong></span> <span class='ocrx_word' id='word_1_580' title='bbox 2449 4104 2896 4175; x_wconf 86' lang='lat' dir='ltr'><strong>quemadmodum</strong></span> <span class='ocrx_word' id='word_1_581' title='bbox 2957 4106 3028 4158; x_wconf 91' lang='lat' dir='ltr'><strong>ad</strong></span> <span class='ocrx_word' id='word_1_582' title='bbox 3089 4104 3315 4159; x_wconf 66' lang='lat' dir='ltr'><strong>salutem</strong></span> <span class='ocrx_word' id='word_1_583' title='bbox 3367 4104 3629 4172; x_wconf 83' lang='lat' dir='ltr'><strong>perveniri</strong></span> 
     </span>
    </p>
   </div>
   <div class='ocr_carea' id='block_1_91' title="bbox 2109 4195 2299 4263">
    <p class='ocr_par' dir='ltr' id='par_1_91' title="bbox 2109 4195 2299 4263">
     <span class='ocr_line' id='line_1_91' title="bbox 2109 4195 2299 4263; baseline 0 -15"><span class='ocrx_word' id='word_1_584' title='bbox 2109 4195 2299 4263; x_wconf 84' lang='lat' dir='ltr'><strong>possit.</strong></span> 
     </span>
    </p>
   </div>
   <div class='ocr_carea' id='block_1_92' title="bbox 2043 4282 3624 4355">
    <p class='ocr_par' dir='ltr' id='par_1_92' title="bbox 2043 4282 3624 4355">
     <span class='ocr_line' id='line_1_92' title="bbox 2043 4282 3624 4355; baseline -0.002 -14"><span class='ocrx_word' id='word_1_585' title='bbox 2043 4285 2096 4341; x_wconf 83' lang='lat'><strong>5.</strong></span> <span class='ocrx_word' id='word_1_586' title='bbox 2131 4286 2209 4342; x_wconf 88' lang='lat' dir='ltr'><strong>De</strong></span> <span class='ocrx_word' id='word_1_587' title='bbox 2233 4287 2479 4343; x_wconf 87' lang='lat' dir='ltr'><strong>unanimi</strong></span> <span class='ocrx_word' id='word_1_588' title='bbox 2505 4295 2553 4343; x_wconf 87' lang='lat' dir='ltr'><strong>et</strong></span> <span class='ocrx_word' id='word_1_589' title='bbox 2590 4285 2881 4341; x_wconf 79' lang='lat' dir='ltr'><strong>universali</strong></span> <span class='ocrx_word' id='word_1_590' title='bbox 2917 4300 3120 4351; x_wconf 86' lang='lat' dir='ltr'><strong>eorum,</strong></span> <span class='ocrx_word' id='word_1_591' title='bbox 3151 4284 3242 4355; x_wconf 89' lang='lat' dir='ltr'><strong>qui</strong></span> <span class='ocrx_word' id='word_1_592' title='bbox 3264 4282 3624 4351; x_wconf 85' lang='lat' dir='ltr'><strong>crediderant,</strong></span> 
     </span>
    </p>
   </div>
   <div class='ocr_carea' id='block_1_93' title="bbox 2110 4381 2494 4435">
    <p class='ocr_par' dir='ltr' id='par_1_93' title="bbox 2110 4381 2494 4435">
     <span class='ocr_line' id='line_1_93' title="bbox 2110 4381 2494 4435; baseline -0.003 0"><span class='ocrx_word' id='word_1_593' title='bbox 2110 4381 2494 4435; x_wconf 86' lang='lat' dir='ltr'><strong>communione.</strong></span> 
     </span>
    </p>
   </div>
   <div class='ocr_carea' id='block_1_94' title="bbox 2048 4468 3629 4542">
    <p class='ocr_par' dir='ltr' id='par_1_94' title="bbox 2048 4468 3629 4542">
     <span class='ocr_line' id='line_1_94' title="bbox 2048 4468 3629 4542; baseline -0.004 -13"><span class='ocrx_word' id='word_1_594' title='bbox 2048 4471 2103 4529; x_wconf 84' lang='lat'><strong>6.</strong></span> <span class='ocrx_word' id='word_1_595' title='bbox 2151 4472 2219 4528; x_wconf 89' lang='lat' dir='ltr'><strong>Ut</strong></span> <span class='ocrx_word' id='word_1_596' title='bbox 2263 4474 2531 4542; x_wconf 77' lang='lat' dir='ltr'><strong>apostolos</strong></span> <span class='ocrx_word' id='word_1_597' title='bbox 2557 4474 2614 4527; x_wconf 88' lang='lat' dir='ltr'><strong>in</strong></span> <span class='ocrx_word' id='word_1_598' title='bbox 2653 4487 2917 4526; x_wconf 81' lang='lat' dir='ltr'><strong>carcerem</strong></span> <span class='ocrx_word' id='word_1_599' title='bbox 2958 4470 3218 4540; x_wconf 85' lang='lat' dir='ltr'><strong>conjectos</strong></span> <span class='ocrx_word' id='word_1_600' title='bbox 3274 4469 3492 4540; x_wconf 83' lang='lat' dir='ltr'><strong>angelus</strong></span> <span class='ocrx_word' id='word_1_601' title='bbox 3527 4468 3629 4525; x_wconf 85' lang='lat' dir='ltr'><strong>Dei</strong></span> 
     </span>
    </p>
   </div>
   <div class='ocr_carea' id='block_1_95' title="bbox 2158 4559 3625 4636">
    <p class='ocr_par' dir='ltr' id='par_1_95' title="bbox 2158 4559 3625 4636">
     <span class='ocr_line' id='line_1_95' title="bbox 2158 4559 3625 4636; baseline -0.004 -16"><span class='ocrx_word' id='word_1_602' title='bbox 2158 4575 2278 4622; x_wconf 87' lang='lat' dir='ltr'><strong>actu</strong></span> <span class='ocrx_word' id='word_1_603' title='bbox 2300 4566 2562 4636; x_wconf 73' lang='lat' dir='ltr'><strong>eduxerit,</strong></span> <span class='ocrx_word' id='word_1_604' title='bbox 2584 4575 2741 4634; x_wconf 91' lang='lat' dir='ltr'><strong>atque</strong></span> <span class='ocrx_word' id='word_1_605' title='bbox 2785 4562 3113 4634; x_wconf 74' lang='lat' dir='ltr'><strong>prazccperit,</strong></span> <span class='ocrx_word' id='word_1_606' title='bbox 3148 4569 3205 4614; x_wconf 87' lang='lat' dir='ltr'><strong>ut</strong></span> <span class='ocrx_word' id='word_1_607' title='bbox 3247 4559 3431 4630; x_wconf 87' lang='lat' dir='ltr'><strong>palam</strong></span> <span class='ocrx_word' id='word_1_608' title='bbox 3462 4576 3524 4615; x_wconf 88' lang='lat' dir='ltr'><strong>ac</strong></span> <span class='ocrx_word' id='word_1_609' title='bbox 3553 4561 3625 4614; x_wconf 83' lang='lat' dir='ltr'><strong>li-</strong></span> 
     </span>
    </p>
   </div>
   <div class='ocr_carea' id='block_1_96' title="bbox 2126 4658 2866 4729">
    <p class='ocr_par' dir='ltr' id='par_1_96' title="bbox 2126 4658 2866 4729">
     <span class='ocr_line' id='line_1_96' title="bbox 2126 4658 2866 4729; baseline -0.004 -15"><span class='ocrx_word' id='word_1_610' title='bbox 2126 4660 2243 4715; x_wconf 87' lang='lat' dir='ltr'><strong>bere</strong></span> <span class='ocrx_word' id='word_1_611' title='bbox 2264 4659 2451 4715; x_wconf 83' lang='lat' dir='ltr'><strong>Jesum</strong></span> <span class='ocrx_word' id='word_1_612' title='bbox 2490 4658 2866 4729; x_wconf 65' lang='lat' dir='ltr'><strong>praedicarent.</strong></span> 
     </span>
    </p>
   </div>
   <div class='ocr_carea' id='block_1_97' title="bbox 2050 4836 3627 4909">
    <p class='ocr_par' dir='ltr' id='par_1_97' title="bbox 2050 4836 3627 4909">
     <span class='ocr_line' id='line_1_97' title="bbox 2050 4836 3627 4909; baseline -0.005 -12"><span class='ocrx_word' id='word_1_613' title='bbox 2050 4845 2105 4900; x_wconf 88' lang='lat'><strong>7.</strong></span> <span class='ocrx_word' id='word_1_614' title='bbox 2139 4843 2218 4899; x_wconf 91' lang='lat' dir='ltr'><strong>De</strong></span> <span class='ocrx_word' id='word_1_615' title='bbox 2246 4843 2523 4909; x_wconf 86' lang='lat' dir='ltr'><strong>electione,</strong></span> <span class='ocrx_word' id='word_1_616' title='bbox 2565 4842 2832 4897; x_wconf 80' lang='lat' dir='ltr'><strong>creatione</strong></span> <span class='ocrx_word' id='word_1_617' title='bbox 2861 4846 3018 4909; x_wconf 88' lang='lat' dir='ltr'><strong>atque</strong></span> <span class='ocrx_word' id='word_1_618' title='bbox 3055 4836 3393 4895; x_wconf 87' lang='lat' dir='ltr'><strong>ordinatione</strong></span> <span class='ocrx_word' id='word_1_619' title='bbox 3430 4844 3627 4906; x_wconf 83' lang='lat' dir='ltr'><strong>septem</strong></span> 
     </span>
    </p>
   </div>
   <div class='ocr_carea' id='block_1_98' title="bbox 2120 4937 2498 4991">
    <p class='ocr_par' dir='ltr' id='par_1_98' title="bbox 2120 4937 2498 4991">
     <span class='ocr_line' id='line_1_98' title="bbox 2120 4937 2498 4991; baseline 0 0"><span class='ocrx_word' id='word_1_620' title='bbox 2120 4937 2498 4991; x_wconf 86' lang='lat' dir='ltr'><strong>diaconorum.</strong></span> 
     </span>
    </p>
   </div>
   <div class='ocr_carea' id='block_1_99' title="bbox 2048 5022 3627 5100">
    <p class='ocr_par' dir='ltr' id='par_1_99' title="bbox 2048 5022 3627 5100">
     <span class='ocr_line' id='line_1_99' title="bbox 2048 5022 3627 5100; baseline -0.008 -12"><span class='ocrx_word' id='word_1_621' title='bbox 2048 5032 2103 5088; x_wconf 93' lang='lat'><strong>8.</strong></span> <span class='ocrx_word' id='word_1_622' title='bbox 2142 5031 2486 5100; x_wconf 84' lang='lat' dir='ltr'><strong>lmportunus</strong></span> <span class='ocrx_word' id='word_1_623' title='bbox 2531 5028 2784 5083; x_wconf 82' lang='lat' dir='ltr'><strong>adversus</strong></span> <span class='ocrx_word' id='word_1_624' title='bbox 2834 5022 3161 5096; x_wconf 88' lang='lat' dir='ltr'><strong>Stephanum</strong></span> <span class='ocrx_word' id='word_1_625' title='bbox 3208 5025 3432 5093; x_wconf 84' lang='lat' dir='ltr'><strong>impetus</strong></span> <span class='ocrx_word' id='word_1_626' title='bbox 3471 5030 3627 5092; x_wconf 87' lang='lat' dir='ltr'><strong>atque</strong></span> 
     </span>
    </p>
   </div>
   <div class='ocr_carea' id='block_1_100' title="bbox 2122 5112 3629 5179">
    <p class='ocr_par' dir='ltr' id='par_1_100' title="bbox 2122 5112 3629 5179">
     <span class='ocr_line' id='line_1_100' title="bbox 2122 5112 3629 5179; baseline -0.009 -2"><span class='ocrx_word' id='word_1_627' title='bbox 2122 5123 2393 5177; x_wconf 88' lang='lat' dir='ltr'><strong>calumnia</strong></span> <span class='ocrx_word' id='word_1_628' title='bbox 2422 5119 2782 5174; x_wconf 72' lang='lat' dir='ltr'><strong>Judworum:</strong></span> <span class='ocrx_word' id='word_1_629' title='bbox 2820 5116 2934 5179; x_wconf 83' lang='lat' dir='ltr'><strong>eius</strong></span> <span class='ocrx_word' id='word_1_630' title='bbox 2974 5116 3099 5170; x_wconf 86' lang='lat' dir='ltr'><strong>item</strong></span> <span class='ocrx_word' id='word_1_631' title='bbox 3140 5114 3321 5170; x_wconf 89' lang='lat' dir='ltr'><strong>concio</strong></span> <span class='ocrx_word' id='word_1_632' title='bbox 3352 5112 3418 5167; x_wconf 83' lang='lat' dir='ltr'><strong>de</strong></span> <span class='ocrx_word' id='word_1_633' title='bbox 3464 5120 3629 5166; x_wconf 77' lang='lat' dir='ltr'><strong>testa-</strong></span> 
     </span>
    </p>
   </div>
   <div class='ocr_carea' id='block_1_101' title="bbox 2120 5202 3627 5283">
    <p class='ocr_par' dir='ltr' id='par_1_101' title="bbox 2120 5202 3627 5283">
     <span class='ocr_line' id='line_1_101' title="bbox 2120 5202 3627 5283; baseline -0.009 -13"><span class='ocrx_word' id='word_1_634' title='bbox 2120 5225 2294 5271; x_wconf 86' lang='lat' dir='ltr'><strong>mento</strong></span> <span class='ocrx_word' id='word_1_635' title='bbox 2328 5231 2391 5269; x_wconf 89' lang='lat' dir='ltr'><strong>ac</strong></span> <span class='ocrx_word' id='word_1_636' title='bbox 2426 5213 2619 5283; x_wconf 76' lang='lat' dir='ltr'><strong>{cedere</strong></span> <span class='ocrx_word' id='word_1_637' title='bbox 2662 5210 2758 5264; x_wconf 90' lang='lat' dir='ltr'><strong>Dei</strong></span> <span class='ocrx_word' id='word_1_638' title='bbox 2806 5224 2928 5262; x_wconf 89' lang='lat' dir='ltr'><strong>cum</strong></span> <span class='ocrx_word' id='word_1_639' title='bbox 2968 5207 3273 5261; x_wconf 76' lang='lat' dir='ltr'><strong>Abrahamo</strong></span> <span class='ocrx_word' id='word_1_640' title='bbox 3295 5221 3314 5258; x_wconf 89' lang='lat'><em>:</em></span> <span class='ocrx_word' id='word_1_641' title='bbox 3346 5203 3529 5259; x_wconf 70' lang='lat' dir='ltr'><strong>adhwc</strong></span> <span class='ocrx_word' id='word_1_642' title='bbox 3562 5202 3627 5257; x_wconf 88' lang='lat' dir='ltr'><strong>de</strong></span> 
     </span>
    </p>
   </div>
   <div class='ocr_carea' id='block_1_102' title="bbox 2118 5302 2777 5376">
    <p class='ocr_par' dir='ltr' id='par_1_102' title="bbox 2118 5302 2777 5376">
     <span class='ocr_line' id='line_1_102' title="bbox 2118 5302 2777 5376; baseline -0.014 -11"><span class='ocrx_word' id='word_1_643' title='bbox 2118 5310 2396 5365; x_wconf 81' lang='lat' dir='ltr'><strong>duodecim</strong></span> <span class='ocrx_word' id='word_1_644' title='bbox 2429 5302 2777 5376; x_wconf 84' lang='lat' dir='ltr'><strong>patriarchis.</strong></span> 
     </span>
    </p>
   </div>
   <div class='ocr_carea' id='block_1_103' title="bbox 2046 5388 3627 5472">
    <p class='ocr_par' dir='ltr' id='par_1_103' title="bbox 2046 5388 3627 5472">
     <span class='ocr_line' id='line_1_103' title="bbox 2046 5388 3627 5472; baseline -0.01 -11"><span class='ocrx_word' id='word_1_645' title='bbox 2046 5404 2100 5461; x_wconf 91' lang='lat'><strong>9.</strong></span> <span class='ocrx_word' id='word_1_646' title='bbox 2165 5404 2244 5458; x_wconf 86' lang='lat' dir='ltr'><strong>De</strong></span> <span class='ocrx_word' id='word_1_647' title='bbox 2298 5400 2658 5472; x_wconf 86' lang='lat' dir='ltr'><strong>persecutione</strong></span> <span class='ocrx_word' id='word_1_648' title='bbox 2722 5394 2974 5450; x_wconf 73' lang='lat' dir='ltr'><strong>Ecclesia:</strong></span> <span class='ocrx_word' id='word_1_649' title='bbox 3045 5404 3095 5448; x_wconf 89' lang='lat' dir='ltr'><strong>et</strong></span> <span class='ocrx_word' id='word_1_650' title='bbox 3170 5390 3446 5462; x_wconf 86' lang='lat' dir='ltr'><strong>sepultura</strong></span> <span class='ocrx_word' id='word_1_651' title='bbox 3510 5388 3627 5446; x_wconf 82' lang='lat' dir='ltr'><strong>Ste-</strong></span> 
     </span>
    </p>
   </div>
   <div class='ocr_carea' id='block_1_104' title="bbox 2110 5499 2296 5570">
    <p class='ocr_par' dir='ltr' id='par_1_104' title="bbox 2110 5499 2296 5570">
     <span class='ocr_line' id='line_1_104' title="bbox 2110 5499 2296 5570; baseline 0.011 -18"><span class='ocrx_word' id='word_1_652' title='bbox 2110 5499 2296 5570; x_wconf 81' lang='lat' dir='ltr'><strong>phani.</strong></span> 
     </span>
    </p>
   </div>
   <div class='ocr_carea' id='block_1_105' title="bbox 1560 5658 2417 5725">
    <p class='ocr_par' dir='ltr' id='par_1_105' title="bbox 1560 5658 2417 5725">
     <span class='ocr_line' id='line_1_105' title="bbox 1560 5658 2417 5725; baseline -0.002 -6"><span class='ocrx_word' id='word_1_653' title='bbox 1560 5658 1768 5722; x_wconf 65' lang='lat' dir='ltr'><strong>Varias</strong></span> <span class='ocrx_word' id='word_1_654' title='bbox 1797 5658 2108 5725; x_wconf 83' lang='lat' dir='ltr'><strong>lectiones</strong></span> <span class='ocrx_word' id='word_1_655' title='bbox 2135 5667 2197 5723; x_wconf 86' lang='lat' dir='ltr'><strong>et</strong></span> <span class='ocrx_word' id='word_1_656' title='bbox 2226 5663 2417 5722; x_wconf 65' lang='lat' dir='ltr'><strong>notas.</strong></span> 
     </span>
    </p>
   </div>
   <div class='ocr_carea' id='block_1_106' title="bbox 421 5798 990 5863">
    <p class='ocr_par' dir='ltr' id='par_1_106' title="bbox 421 5798 990 5863">
     <span class='ocr_line' id='line_1_106' title="bbox 421 5798 990 5863; baseline 0.007 -9"><span class='ocrx_word' id='word_1_657' title='bbox 421 5800 467 5832; x_wconf 78' lang='lat'>”</span> <span class='ocrx_word' id='word_1_658' title='bbox 490 5798 651 5863; x_wconf 73' lang='grc' dir='ltr'>οὗτος</span> <span class='ocrx_word' id='word_1_659' title='bbox 678 5799 990 5859; x_wconf 80' lang='lat' dir='ltr'><strong>habebatur.</strong></span> 
     </span>
    </p>
   </div>
   <div class='ocr_carea' id='block_1_107' title="bbox 347 5869 1398 5945">
    <p class='ocr_par' dir='ltr' id='par_1_107' title="bbox 347 5869 1398 5945">
     <span class='ocr_line' id='line_1_107' title="bbox 347 5869 1398 5945; baseline 0.01 -23"><span class='ocrx_word' id='word_1_660' title='bbox 347 5869 481 5941; x_wconf 76' lang='grc' dir='ltr'>μηνὶ</span> <span class='ocrx_word' id='word_1_661' title='bbox 507 5871 675 5925; x_wconf 84' lang='grc' dir='ltr'>τοῦτο</span> <span class='ocrx_word' id='word_1_662' title='bbox 707 5872 1008 5941; x_wconf 80' lang='grc' dir='ltr'>μαρτύριον</span> <span class='ocrx_word' id='word_1_663' title='bbox 1029 5869 1398 5945; x_wconf 70' lang='grc' dir='ltr'>ἑορτάζοντες.</span> 
     </span>
    </p>
   </div>
   <div class='ocr_carea' id='block_1_108' title="bbox 681 5970 1391 6033">
    <p class='ocr_par' dir='ltr' id='par_1_108' title="bbox 681 5970 1391 6033">
     <span class='ocr_line' id='line_1_108' title="bbox 681 5970 1391 6033; baseline 0.006 -5"><span class='ocrx_word' id='word_1_664' title='bbox 681 5970 952 6029; x_wconf 60' lang='lat' dir='ltr'><strong>Parnm.</strong></span> <span class='ocrx_word' id='word_1_665' title='bbox 984 5971 1101 6031; x_wconf 68' lang='lat' dir='ltr'><strong>Gn.</strong></span> <span class='ocrx_word' id='word_1_666' title='bbox 1136 5970 1391 6033; x_wconf 78' lang='lat' dir='ltr'><strong>CXXV.</strong></span> 
     </span>
    </p>
   </div>
   <div class='ocr_carea' id='block_1_109' title="bbox 1085 5798 3622 5887">
    <p class='ocr_par' dir='ltr' id='par_1_109' title="bbox 1085 5798 3622 5887">
     <span class='ocr_line' id='line_1_109' title="bbox 1085 5798 3622 5887; baseline -0.009 -14"><span class='ocrx_word' id='word_1_667' title='bbox 1085 5804 1131 5839; x_wconf 85' lang='grc'><strong>¹⁶</strong></span> <span class='ocrx_word' id='word_1_668' title='bbox 1167 5808 1314 5887; x_wconf 59' lang='grc' dir='ltr'>τρεῖς</span> <span class='ocrx_word' id='word_1_669' title='bbox 1347 5807 1651 5880; x_wconf 79' lang='grc' dir='ltr'>Ταδερνάς.</span> <span class='ocrx_word' id='word_1_670' title='bbox 1729 5812 1772 5846; x_wconf 86' lang='lat'><strong>&quot;</strong></span> <span class='ocrx_word' id='word_1_671' title='bbox 1792 5828 1884 5884; x_wconf 87' lang='grc' dir='ltr'><strong>γρ.</strong></span> <span class='ocrx_word' id='word_1_672' title='bbox 1920 5810 2333 5887; x_wconf 81' lang='grc' dir='ltr'>καθείρξαντες.</span> <span class='ocrx_word' id='word_1_673' title='bbox 2412 5807 2457 5843; x_wconf 76' lang='grc'>⁸⁸</span> <span class='ocrx_word' id='word_1_674' title='bbox 2482 5805 2789 5881; x_wconf 83' lang='grc' dir='ltr'>προσετέθη</span> <span class='ocrx_word' id='word_1_675' title='bbox 2818 5802 3081 5878; x_wconf 81' lang='grc' dir='ltr'>ἀλλαχοῦ·</span> <span class='ocrx_word' id='word_1_676' title='bbox 3120 5801 3305 5874; x_wconf 83' lang='grc' dir='ltr'>Ἕκτῳ</span> <span class='ocrx_word' id='word_1_677' title='bbox 3336 5799 3445 5855; x_wconf 81' lang='grc' dir='ltr'><strong>τῶν</strong></span> <span class='ocrx_word' id='word_1_678' title='bbox 3484 5798 3622 5853; x_wconf 83' lang='grc' dir='ltr'>ὅλων</span> 
     </span>
    </p>
   </div>
   <div class='ocr_carea' id='block_1_110' title="bbox 3114 5964 3184 6031">
    <p class='ocr_par' dir='ltr' id='par_1_110' title="bbox 3114 5964 3184 6031">
     <span class='ocr_line' id='line_1_110' title="bbox 3114 5964 3184 6031; baseline -0.043 0"><span class='ocrx_word' id='word_1_679' title='bbox 3114 5964 3184 6031; x_wconf 89' lang='grc'><strong>16</strong></span> 
     </span>
    </p>
   </div>
  </div>
