4044 6422
433 368 534 431 ’491
1338 365 1918 428 TIIEOPIIYLACTI
1962 365 2264 424 BULGAR
2279 365 2368 424 lrE
2393 366 2753 428 ARCIIIEP.
3601 370 3710 436 492

438 481 524 536 10.
558 480 633 534 De
689 480 902 534 Simone
959 495 1136 550 mags,
1190 481 1279 550 qui
1317 479 1635 544 crediderat,
1664 485 1712 531 et
1757 492 1862 528 una
1893 492 2007 529 cum

2119 481 2169 529 ι’.
2203 475 2340 544 Περὶ
2359 477 2622 547 Σίμωνος
2646 478 2754 532 τοῦ
2783 477 2980 549 μάγου
3000 480 3442 550 πιστεύσαντος
3471 483 3570 540 καὶ
3601 487 3710 544 τοῦ

509 573 628 624 aliis
663 557 901 637 plitr’ibus
920 571 1223 639 baptizatus
1249 580 1346 625 est.
1806 637 1812 643 '

1806 637 1812 643 Ι
2188 566 2635 632 βαπτισθέντος
2660 567 2782 620 σὺν
2815 567 3039 636 ἑτέροις
3071 570 3354 624 πλείοσιν

438 666 520 719 il.
553 665 706 730 Quod
746 681 848 718 non
895 664 1063 732 pretio
1114 679 1277 731 neque
1324 661 1633 731 hypocritis,
1687 660 1779 712 sed
1820 646 2020 710 sanctis

2123 659 2366 714 ια’.”οτι
2396 661 2507 712 οὐκ
2570 660 2891 728 ἀργυρίου,
2939 660 3082 714 οὐδέ
3132 661 3503 731 ὑποκριταῖς,
3551 664 3715 720 ἀλλὰ

512 754 611 827 μετ’
638 757 795 826 ﬁdem
823 757 978 810 detur
1007 755 1347 824 participatio
1370 765 1524 824 atque
1563 751 1868 806 communio
1897 749 2021 819 Spi-

2192 749 2379 816 ἁγίοις
2412 747 2508 801 διὰ
2538 750 2798 815 πίστεως
2825 750 2862 818 ῆ
2893 749 3122 819 μετοχὴ
3151 751 3258 805 τοῦ
3311 751 3484 820 ἁγίου
3527 755 3713 809 nm;-

507 855 640 905 ritus
674 851 869 905 sancti.

2186 857 2374 909 ματος
2409 839 2646 894 δίδοται

440 943 523 998 12.
567 944 719 1008 Quod
754 943 903 996 bonis
945 957 1006 993 ac
1034 938 1278 1010 ﬁdelibus
1307 927 1444 990 Deus
1469 926 1738 1004 larqtatur
1767 918 2014 1000 sdlutem,

2126 931 2213 1002 ιβ’.
2251 931 2380 983 Ὅτι
2413 931 2534 997 τοῖς
2563 931 2809 997 ἀγαθοῖς
2843 931 2944 984 καὶ
2985 932 3224 999 πιστοῖς
3254 936 3514 992 εὐοδοῖό
3567 936 3712 1004 Θεὸς

507 1037 745 1105 exemplo
776 1034 1015 1090 videlicet
1046 1031 1294 1086 eunuchi.

2191 1023 2306 1092 τὴν
2329 1024 2653 1090 σωτηρίαν,
2672 1021 2862 1091 δῆλον
2876 1024 2944 1077 ἐκ
2973 1023 3087 1093 τῆς
3109 1027 3260 1080 κατὰ
3283 1027 3388 1082 τὸν
3411 1029 3711 1098 εὐνοῦχον

2192 1113 2558 1177 ὑποθέσεως.

441 1216 525 1269 15.
564 1214 640 1268 De
665 1213 837 1267 Paulo
880 1229 911 1265 a
950 1212 1051 1266 Deo
1086 1208 1290 1263 caelitus
1324 1217 1508 1264 vocato
1539 1207 1610 1261 ad
1659 1205 2017 1277 apostolatum

2124 1211 2212 1275 ιγ’,
2247 1204 2385 1271 Περὶ
2412 1203 2523 1272 τῆς
2553 1205 2881 1271 οὐρανόθεν
2908 1205 3068 1272 θείας
3122 1204 3397 1274 κλήσεως
3465 1211 3709 1264 Παύλου

507 1304 730 1357 Christi.

2191 1300 2278 1364 είς
2301 1297 2660 1364 ἀποστολὴν
2690 1295 2969 1364 Χριστοῦ.

436 1401 521 1453 Μ.
578 1397 655 1452 De
713 1395 887 1451 rEnea
943 1398 1240 1468 paralytico
1283 1394 1466 1466 Lydia:
1511 1409 1604 1463 per
1665 1391 1883 1447 Petrum
1928 1409 2021 1446 sa-

2121 1390 2203 1446 ιδ’.
2238 1391 2375 1460 Περὶ
2408 1391 2615 1444 Ἐιεαία
2644 1391 2687 1422 ¹⁹
2719 1391 3134 1459 παραλυτικοῦ
3182 1392 3449 1460 ιαθέντος
3479 1395 3550 1448 ἐν
3588 1400 3707 1451 Av-

507 1501 655 1545 nato.

2192 1483 2292 1551 δίᾳ
2331 1484 2376 1514 ²⁰
2408 1481 2506 1535 διὰ
2534 1482 2779 1549 Πέτρου.

441 1583 524 1636 15.
560 1583 633 1636 De
655 1579 902 1636 Cornelio
933 1594 952 1634 :
988 1593 1044 1634 ut
1077 1581 1293 1652 angelus
1331 1580 1397 1633 ad
1421 1596 1538 1634 eum
1578 1581 1810 1643 venerit;
1862 1579 2018 1634 item-

2125 1574 2204 1630 ιε’.
2235 1576 2373 1644 Περὶ
2431 1575 2796 1643 Κορνηλίου,
2820 1574 2918 1628 ὅτε
2973 1577 3017 1607 ¹¹
3079 1570 3228 1644 ἦλθε
3256 1576 3409 1645 πρὸς
3460 1577 3651 1632 αὐτὸν
3678 1580 3713 1632 ὁ

509 1691 608 1744 que
636 1675 697 1727 de
741 1674 829 1737 iis,
856 1688 971 1743 qute
1004 1672 1157 1727 Petro
1189 1671 1395 1725 caelitus
1419 1672 1482 1724 de
1503 1671 1770 1724 vocatione
1787 1672 2018 1741 gentium

2192 1669 2469 1738 ἅγγελος,
2527 1667 2627 1720 καὶ
2665 1666 2782 1718 ὅσα
2809 1665 2996 1719 πάλιν
3037 1665 3267 1735 Πέτρου
3301 1668 3346 1699 ³⁸
3377 1669 3707 1737 οὐρανόθεν

510 1766 655 1819 dicta
677 1773 819 1821 sunt.

2191 1761 2327 1830 περὶ
2361 1759 2640 1828 κλήσεως
2676 1759 2867 1813 ἐθνῶν
2890 1759 3131 1829 ἐρρήθη.

441 1859 530 1913 16.
564 1855 839 1923 Quomodo
884 1854 1100 1920 Petrus,
1137 1871 1256 1908 cum
1291 1853 1566 1922 prophetia
1605 1870 1705 1906 sua
1743 1855 1798 1907 in
1855 1853 2022 1910 disce-

2132 1846 2227 1913 ις’.
2273 1849 2366 1914 Ὠς
2391 1847 2608 1916 Πέτρος
2637 1848 2900 1917 καθεξῆς
2945 1848 3174 1903 ἕκαστα
3204 1849 3324 1904 τῶν
3379 1853 3715 1920 γεγονότων

523 1948 811 2017 ptationem
831 1948 1074 2012 venisset,
1097 1948 1278 2000 ordine
1295 1946 1525 2017 singula,
1544 1962 1661 2014 qua:
1682 1946 1826 2014 [acta
1843 1957 2027 2011 erant,

2202 1939 2486 2010 διηγεῖται
2519 1940 2644 2007 τοῖς
2679 1941 3046 2006 ἀποστόλοις
3083 1941 3434 2013 διακριθεῐσι
3481 1963 3715 2016 προφη-

504 2038 758 2108 apostolis
792 2038 1094 2103 exposuerit
1123 2051 1141 2090 :
1180 2047 1228 2091 et
1262 2046 1318 2090 ut
1349 2048 1473 2091 tunc
1499 2037 1779 2091 Barnabas
1831 2040 2028 2093 missus

2200 2037 2363 2102 τείας
2406 2035 2452 2067 ’³
2506 2035 2717 2102 αὐτοῦ,
2763 2037 2831 2090 τὸ
2879 2036 3210 2103 τηνικαῦτα
3260 2037 3328 2092 δέ
3397 2039 3717 2108 Βαρνάϐαν

508 2133 577 2183 sit
600 2130 670 2182 ad
709 2129 906 2198 fratres
928 2129 1017 2197 qui
1051 2138 1203 2182 erant
1236 2128 1555 2182 Antiochiae.

2200 2128 2501 2198 ἐκπέμψαι
2525 2129 2678 2196 πρὸς
2710 2128 2853 2194 τοὺς
2885 2128 2956 2182 ἐν
2979 2129 3302 2198 Ἀντιοχείᾳ
3351 2130 3678 2201 ἀδελφούς.

441 2225 525 2278 i7.
561 2222 850 2293 Prophetia
877 2222 1051 2291 Agabi
1072 2222 1134 2276 de
1167 2221 1307 2288 fame
1335 2237 1426 2290 per
1458 2220 1817 2275 totumorbem
1849 2230 2019 2275 terra-

2133 2217 2217 2285 ιζ’.
2253 2221 2591 2290 Προφητεία
2663 2218 2906 2289 Ἀγάϐου
2949 2220 3082 2288 περὶ
3143 2221 3327 2292 λιμοῦ
3376 2225 3715 2292 οικουμενι-

512 2329 633 2366 rum
699 2312 884 2382 futura
941 2327 959 2364 :
1010 2329 1202 2365 munus
1263 2313 1385 2365 item
1422 2328 1483 2364 ac
1530 2312 1849 2376 subsidium,
1887 2314 2027 2383 quod

2201 2311 2313 2365 κοῦ
2347 2329 2359 2342 ο
2403 2311 2449 2343 ³⁸
2479 2312 2572 2364 καὶ
2608 2312 2981 2380 καρποφορία
3025 2311 3176 2381 πρὸς
3204 2312 3348 2380 τοὺς
3374 2314 3445 2368 ἐν
3500 2313 3715 2369 Ἀντιο-

517 2406 741 2457 missum
767 2413 846 2458 est
881 2403 948 2456 ad
980 2404 1176 2472 fratres
1208 2403 1298 2473 qui
1336 2412 1485 2456 erant
1517 2403 1568 2456 in
1589 2402 1806 2457 Judtea.

1166 2420 1176 2456 ς
1208 2403 1298 2473 qui
1336 2412 1485 2456 erant
1517 2403 1568 2456 in
1589 2402 1806 2457 Judtea.
2202 2404 2334 2470 χείςι
2363 2404 2409 2434 ⁸⁵
2439 2403 2763 2472 ἀδελφούς.

445 2495 530 2549 18.
561 2493 752 2549 Jacobi
785 2493 1014 2562 apostoli
1063 2493 1252 2559 credes,
1277 2509 1340 2546 ac
1372 2492 1516 2548 Petri
1571 2495 1816 2550 liberatio
1841 2506 1908 2548 εξ
1938 2492 2028 2546 ubi

2132 2493 2222 2566 ιη’.
2261 2494 2532 2548 Ἰακώϐου
2581 2495 2934 2550 ἀποστόλου
3001 2495 3380 2566 κατασφαγή.
3427 2497 3473 2529 ’⁸
3521 2498 3624 2552 Ἐν
3665 2492 3716 2566 ᾧ

511 2583 672 2637 etiam
703 2581 768 2636 de
790 2581 1048 2650 supplicio
1069 2581 1370 2646 custodum,
1441 2597 1504 2635 ac
1531 2592 1714 2652 postea
1750 2584 1816 2638 de
1840 2582 2029 2637 acerba

2198 2588 2296 2640 καὶ
2333 2587 2464 2656 περὶ
2496 2587 2608 2657 τῆς
2632 2587 2752 2642 τῶν
2773 2587 3062 2657 φυλάκων
3098 2590 3408 2656 κολάσεως
3429 2589 3527 2643 καὶ
3550 2591 3718 2661 μετέ-

509 2683 668 2744 atque
689 2673 1002 2728 calamitosa
1025 2682 1191 2727 morte
1217 2672 1367 2740 impii
1396 2669 1643 2726 Herodis.

2195 2695 2371 2734 πειτα
2413 2679 2525 2750 τῆς
2563 2681 2669 2735 τοῦ
2694 2680 2955 2746 ἀσεϐοῦς
3029 2679 3290 2750 Ἡρώδου
3329 2680 3546 2751 πικρᾶς
3605 2685 3709 2740 καὶ

2199 2772 2476 2848 ὀλεθρίου
2505 2771 2949 2840 καταστροφῆς.

441 2851 531 2906 19.
568 2849 644 2904 De
671 2849 923 2904 Barnaba
961 2858 1011 2904 et
1048 2847 1217 2904 Saulo
1268 2865 1301 2903 a
1338 2847 1518 2904 divino
1568 2847 1778 2919 Spiritu
1849 2849 2027 2903 missis

2134 2860 2223 2918 t0'.
2271 2847 2604 2932 Ἀποστολὴ
2643 2861 2916 2930 Βαρνάϐα
2940 2861 3038 2916 καὶ
3095 2862 3338 2918 Σαύλου
3385 2865 3546 2934 παρὰ
3608 2865 3715 2920 τοῦ

515 2943 568 2997 in
593 2942 824 3013 Cyprum
851 2956 867 2994 :
895 2958 1010 3014 qua:
1041 2942 1161 2997 item
1182 2944 1379 3015 egerim
1399 2944 1452 3000 in
1477 2945 1688 3001 nomine
1717 2942 1938 3009 Christi,
1962 2942 2028 2998 de

2198 2956 2360 3012 θείου
2389 2957 2742 3028 Πνεύματος
2807 2957 2895 3021 εις
2938 2955 3217 3023 Κύπρον·
3251 2957 3370 3012 ὅσα
3397 2974 3462 3011 τε
3515 2957 3713 3028 εΙργά-

519 3033 716 3105 Etyma
743 3051 922 3106 mago.

2197 3061 2387 3100 σαντο
2432 3045 2504 3099 ἐν
2557 3046 2804 3116 ὀνόματι
2851 3043 3112 3112 Χριστοῦ
3167 3043 3300 3114 περὶ
3323 3044 3548 3114 Ἐλύμα
3600 3043 3710 3098 τοῦ

2200 3137 2433 3192 Μάγου.

443 3218 529 3275 20.
561 3218 721 3274 Pauli
745 3227 855 3272 tum
891 3233 956 3272 ex
981 3217 1108 3289 lege,
1142 3227 1250 3270 tum
1287 3217 1528 3280 deinceps
1560 3231 1625 3270 ea:
1649 3215 1912 3286 prophetis
1943 3217 2027 3270 lu-

2200 3155 2298 3192 am
2339 3155 2433 3192 ov.

2132 3232 2201 3284 κ’.
2268 3155 2515 3283 Ιῖαύλου
2570 3229 2840 3297 εὐθαλὴς
2882 3228 3255 3283 Διδασκαλία
3299 3228 3384 3294 εις
3432 3226 3712 3295 Χριστὸν,

523 3311 737 3364 culenta
775 3309 1028 3363 historica
1071 3318 1121 3362 et
1168 3307 1470 3378 evangelica
1515 3307 1581 3361 de
1631 3304 1843 3362 Christo
1897 3305 2026 3361 doc-

2196 3320 2266 3374 ἐκ
2295 3337 2361 3374 τε
2391 3320 2498 3375 τοῦ
2545 3323 2735 3391 νόμου
2784 3322 2882 3376 καὶ
2929 3321 3190 3390 καθεξῆς
3243 3319 3363 3376 τῶν
3396 3318 3719 3389 προφητῶν

519 3403 682 3455 trina.
1104 3447 1108 3451 .

2207 3412 2484 3480 ίστορικὴ
2523 3413 2622 3466 καὶ
2665 3413 3045 3483 εὐαγγελική.

443 3492 535 3546 21.
567 3490 634 3545 Ut
666 3491 1042 3561 apostolicum
1087 3489 1259 3546 Iconii
1306 3489 1578 3546 Christum
1622 3492 2026 3560 prtedicassent,

2128 3510 2236 3559 xa'.
2285 3505 2488 3570 ’Ὅπως
2518 3505 2588 3558 ἐν
2618 3505 2849 3571 Ἰκονίῳ
2899 3506 3278 3574 κηρύξαντες
3320 3504 3428 3558 τὸν
3457 3502 3719 3571 Χριστὸν

516 3599 581 3637 ac
609 3582 763 3636 multi
809 3581 1175 3648 credidissent,
1228 3585 1276 3636 vi
1332 3599 1450 3649 quae
1510 3583 1805 3652 parabatur
1838 3585 2028 3638 adver-

2198 3595 2447 3649 πολλῶν
2476 3613 2541 3650 τε
2573 3598 3036 3654 πιστευσάντων
3063 3601 3442 3670 ἐδιώχθησαν
3478 3604 3534 3654 οἱ
3563 3601 3715 3656 ἀπό-

509 3691 602 3729 sus
630 3691 716 3730 eos
746 3675 973 3744 provisa,
1009 3690 1073 3730 es:
1103 3675 1228 3729 urbe
1245 3677 1521 3745 profugere
1551 3676 1720 3728 coacti
1738 3677 1865 3730 sint.
2200 3691 2431 3743 στολοι,

441 3767 531 3822 2?.
569 3766 647 3820 De
665 3783 724 3821 eo
769 3768 858 3838 qui
907 3767 1112 3837 Lystris
1167 3768 1388 3821 claudus
1420 3780 1576 3822 natus
1615 3786 1707 3836 per
1753 3770 2022 3832 apostolos

2127 3776 2231 3849 κβ¹.
2265 3781 2404 3848 Περὶ
2442 3781 2553 3835 τοῦ
2595 3781 2664 3836 ἐν
2703 3786 3000 3852 Λύστροις
3051 3785 3118 3840 ἐκ
3159 3787 3453 3853 γεννητῆς
3510 3787 3716 3856 χωλοῦ

512 3868 736 3914 sanatus
797 3869 894 3914 est.
951 3861 1301 3926 Quamobrem
1347 3870 1397 3915 et
1442 3861 1520 3915 dii
1557 3877 1686 3928 esse,
1741 3872 1790 3914 et
1819 3862 1891 3914 ad
1921 3861 2024 3916 loci

2195 3871 2462 3938 ιαθέντος
2510 3871 2609 3926 διὰ
2670 3873 2791 3928 τῶν
2860 3875 3221 3931 ἀποστόλων
3243 3893 3257 3907 ο
3299 3876 3503 3944 διόπερ
3557 3873 3719 3931 εἶναι

511 3951 716 4006 incolas
750 3952 1033 4006 accessisse
1075 3952 1173 4005 visi
1203 3961 1348 4018 sunt,
1384 3952 1472 4006 ubi
1519 3953 1773 4006 nimirum
1818 3951 2022 4009 Paulus

2194 3978 2258 4014 τε
2285 3963 2428 4027 θεοὶ,
2460 3966 2558 4018 καὶ
2616 3965 2892 4034 παρεῖναι
2933 3967 3157 4031 ἔδοξαν
3203 3967 3327 4035 τοῖς
3380 3969 3713 4038 ἐγχωρίοις,

509 4043 671 4095 etiam
701 4041 1000 4110 lapidatur.

2193 4054 2336 4108 ἔνθα
2355 4053 2431 4123 δὴ
2465 4055 2562 4109 καὶ
2594 4055 2886 4118 λιθάζεται
2918 4061 2951 4112 ὁ
2979 4059 3243 4126 Παῦλος.

440 4149 531 4205 25.
566 4151 719 4216 Quod
751 4167 852 4204 non
889 4160 1148 4219 oporteret
1182 4169 1267 4204 eos
1334 4153 1424 4222 qui
1473 4170 1538 4207 ex
1578 4157 1816 4225 gentibus
1847 4157 2018 4211 credi-

2122 4166 2232 4237 κγ’.
2264 4169 2395 4222 Ὅτι
2428 4171 2502 4224 οὺ
2555 4169 2648 4224 δεῖ
2691 4173 3146 4243 περιτέμνεσθαι
3208 4174 3350 4242 τοὺς
3399 4175 3468 4240 ἐξ
3495 4173 3705 4230 ἐθνῶν.

513 4243 737 4309 dissent,
767 4243 1096 4298 circumcidi.
1136 4242 1361 4298 Decreta
1394 4247 1756 4314 apostolorum
1786 4258 1835 4301 et
1885 4265 2016 4302 usus

1800 4258 1835 4301 ει
1885 4265 2016 4302 ηεαδ
2189 4261 2460 4332 Δόγματα
2476 4262 2572 4316 καὶ
2601 4262 2848 4330 γωισεις
2878 4242 2996 4318 τῶν
3016 4266 3397 4320 ἀποστόλων.

511 4351 714 4389 eorum.

442 4426 512 4480 ει
565 4426 637 4479 De
663 4427 993 4480 institutione
1030 4425 1310 4492 Timothei,
1344 4445 1407 4482 ac
1453 4431 1517 4483 de
1573 4447 1633 4486 eo
1657 4432 1768 4502 qui,
1814 4431 2015 4486 revela-

2118 4440 2214 4495 κδ’.
2279 4441 2419 4510 Περὶ
2476 4443 2871 4513 κατηχήσεως
2903 4446 3214 4515 Τιμοθέου,
3264 4447 3362 4501 καὶ
3420 4445 3529 4515 τῆς
3560 4449 3713 4503 κατὰ

511 4521 648 4572 tione
685 4518 1058 4584 intercedente,
1097 4516 1312 4583 accidit,
1354 4521 1581 4576 adventu
1624 4522 1786 4578 Pauli
1811 4525 1864 4577 in
1894 4522 2019 4577 Μα-
2051 4537 2095 4593 ι)

2200 4533 2596 4603 ἀποκάλυψιν
2623 4535 2881 4606 ἀφίξεως
2902 4539 3147 4592 Παύλου
3180 4539 3269 4605 εις
3305 4537 3709 4595 Μακεδονίαν.

510 4609 637 4662 cedo
660 4613 808 4666 tiam.

439 4697 529 4753 25.
559 4699 635 4754 De
658 4702 911 4756 seditione
971 4717 1112 4758 mota
1145 4705 1533 4760 Thessalonica:
1565 4717 1778 4776 prapter
1812 4707 2014 4776 prtedi-

2121 4716 2219 4763 κε’.
2248 4709 2293 4740 ’⁷
2329 4709 2462 4777 Περὶ
2490 4709 2762 4774 στάσεως
2791 4712 3114 4781 γενομένης
3149 4713 3220 4767 ἐν
3283 4716 3709 4784 Θεσσαλονίκῃ

511 4793 808 4847 rationem:
850 4803 898 4848 et
927 4807 983 4848 ut
1029 4797 1222 4868 fugerit
1267 4795 1470 4853 Paulus
1521 4798 1828 4853 Berrhteam
1855 4808 2012 4863 atque

2189 4802 2298 4856 τοῦ
2327 4804 2702 4873 κηρύγματος
2737 4804 2946 4859 ἕνεκεν
2967 4822 2982 4837 ο
3016 4807 3215 4877 φυγῆς
3238 4825 3301 4862 τε
3330 4810 3436 4863 τοῦ
3458 4811 3711 4864 Παύλου

509 4883 630 4936 inde
660 4885 912 4941 Athenas.

2191 4897 2276 4961 εις
2305 4894 2616 4963 Βὲρῤοιαν,
2645 4896 2922 4952 κάκεῖθεν
2939 4900 3027 4965 εἷς
3063 4899 3341 4969 Ἀθήνας.

437 4975 529 5032 26.
561 4975 640 5032 De
675 4978 1014 5050 inscriptione
1060 5000 1178 5055 qua:
1228 4983 1448 5039 Athenis
1490 4985 1547 5038 in
1596 5001 1694 5038 ara
1743 4985 2012 5053 insculpta

2122 4985 2236 5054 κς·’.
2285 4986 2423 5054 Περὶ
2452 4985 2563 5056 τῆς
2583 4987 2830 5058 Ἀθήνας
2858 4989 2904 5021 ³⁸
2929 4989 3254 5071 ἐπιϐωμέου
3270 4991 3522 5063 γραφῆς,
3539 4997 3710 5063 φιλο-

1613 5167 1821 5230 νειίω
1851 5167 2162 5230 lectiones
2195 5173 2257 5230 et
2289 5174 2457 5229 noun

508 5337 550 5410 ‘_’
576 5333 758 5410 Αἰνέα.
835 5334 1080 5410 ὀΛὺδδα,
1108 5338 1258 5400 ἴσως.
1292 5409 1300 5410 7
1335 5339 1379 5369 "
1417 5338 1566 5410 ἴσως,
1598 5339 1765 5402 ὅπως.
1803 5341 1847 5372 ²²
1885 5339 2094 5406 Πέτρω,
2121 5341 2277 5410 ἴσως.
2329 5339 2375 5372 ⁸⁸
2404 5339 2554 5401 ἴσως,
2573 5338 2946 5408 διακριθείσης
2969 5339 3070 5410 τῆς
3108 5340 3464 5410 προφητείας.
3527 5339 3573 5371 ’⁸
3595 5343 3702 5410 λοι·

442 5404 563 5471 μοῦ,
603 5406 847 5473 habebat,
883 5416 930 5458 et
969 5408 1372 5476 οἱκουμενικῆς.
1451 5409 1495 5440 ’⁸
1521 5410 1668 5470 ictuc.
1701 5411 1758 5461 ὲν
1796 5414 1861 5479 τῇ
1894 5404 2039 5462 Ἰουδι

442 5473 664 5530 amplius
715 5477 923 5530 dimidii
963 5478 1153 5530 canitis
1196 5478 1384 5530 decimi
1425 5482 1576 5530 sexti.
1615 5479 1836 5530 Iustoria
1884 5480 1947 5530 de
2001 5479 2039 5530 L

2110 5427 2146 5461 ι.
2189 5412 2233 5440 "‘
2258 5409 2562 5463 Desiderari
2613 5404 2837 5476 videtur,
2878 5404 3086 5480 Πέτρου
3125 5404 3433 5481 ἀπαλλαγή.
3512 5410 3554 5440 ’⁷
3602 5409 3707 5462 llic

2110 5467 2171 5530 lia
2207 5491 2253 5530 et
2310 5480 2486 5530 mtella
2539 5483 2758 5530 habente
2799 5481 3043 5530 spiritum
3094 5479 3372 5530 Pulhonis-
3409 5491 3617 5530 eurata.
3649 5487 3702 5529 tt

438 5473 664 5549 amplius
715 5477 933 5549 dimidii
962 5473 1153 5549 capitis
1196 5473 1384 5530 decimi
1425 5482 1576 5539 sexti,
1615 5473 1861 5532 historia"
1884 5480 1947 5532 de
2001 5473 2171 5548 Lydia
2207 5491 2253 5531 et
2309 5480 2486 5546 pnella
2539 5483 2758 5546 habente
2799 5473 3043 5549 spiritum
3094 5473 3372 5547 Pythonis,
3401 5473 3617 5536 curata.
3649 5487 3702 5529 tt

438 5543 787 5663 ll;aclllrt:fretll
815 5547 882 5648 o'l:
901 5546 970 5628 'id
1001 5550 1222 5687 Indixit;th
1240 5549 1485 5616 conjectis
1537 5553 1790 5619 apostolis
1829 5559 1878 5603 et
1924 5543 2174 5603 divinitus
2221 5543 2482 5612 liberatis,
2517 5561 2566 5604 et
2616 5543 2864 5606 conrers'o
2895 5551 2964 5603 ad
3008 5543 3165 5618 ﬁdem
3195 5543 3419 5606 carceris
3459 5549 3704 5612 custode,

439 5629 463 5674 ιι
539 5629 546 5640 π
575 5629 647 5664 en
678 5629 758 5668 ur.
901 5631 1048 5678 ισως,
1230 5635 1368 5678 ναις.

439 5628 758 5674 ιτα-ιεηιιιν.
835 5628 1048 5678 111ιἰτιως,
1096 5628 1368 5678 ’Λυηναι;.

545 5782 571 5810 ιι
598 5771 727 5826 Πιεο
753 5781 846 5826 aut
875 5773 1070 5828 similia
1108 5774 1162 5828 in
1189 5771 1367 5829 Graeco
1412 5776 1733 5844 desiderata,
1779 5778 2228 5845 prwtermittenda
2261 5779 2374 5832 visa
2418 5793 2520 5832 non
2545 5787 2686 5832 sunt.
