4044 6420
398 406 510 472 493
1360 404 1764 466 EXPOSITIO
1800 406 1880 467 ΙΝ
1903 408 1994 467 AC

2057 408 2089 466 Λ
2138 407 2708 479 APOSTOLORUM.
3549 406 3654 470 494

453 519 654 587 σόφου
675 533 742 572 τε
774 515 1152 588 κηρύγματος
1181 515 1278 569 καὶ
1306 517 1616 583 εὐσεϐείας
1650 515 1761 570 τοῦ
1816 517 1972 571 Παύ-
1997 520 2050 581 Α

2147 528 2310 585 erat,
2372 519 2837 590 philosophicaque
2882 518 3266 584 pradicatione
3323 535 3386 573 ac
3466 521 3657 588 pietate

452 615 591 665 λου.

2146 609 2326 665 Pauli.

384 701 490 767 κζ’.
508 699 647 769 Περὶ
662 698 889 754 Ἀκύλα
906 697 1003 751 καὶ
1022 698 1416 768 Πρισκίλλης,
1438 699 1535 753 καί
1556 697 1664 768 τῆς
1684 699 1974 768 Κορίνθου

2075 701 2166 756 27.
2231 701 2521 772 DeAquila
2576 719 2648 758 ac
2705 703 2983 770 Priscilla,
3049 713 3203 774 atque
3259 702 3659 760 Corinthiorum

458 792 735 859 ἀπειθίας
769 792 841 824 ’ν’
887 789 998 857 τῆς
1044 806 1108 844 τε
1160 792 1309 844 κατὰ
1352 792 1697 861 πρόγνωσιν
1748 792 1842 845 ἐπ’
1867 793 1976 845 αὺ-

2156 810 2415 863 propensa
2474 799 2543 850 ad
2594 798 2912 852 credendum
2967 798 3235 853 voluntate
3264 814 3285 856 :
3332 798 3560 869 itemque
3600 799 3662 853 de

459 884 604 951 τοὺς
637 882 916 950 εὐδοκίας
945 883 1489 953 ἀποκαλυρθείσης
1526 885 1609 950 τῷ
1652 884 1890 948 Παύλῳ.

2150 903 2413 957 propensa
2462 890 2712 944 adversus
2768 906 2856 945 eos
2905 890 3175 945 voluntate
3239 891 3379 960 Dei,
3423 908 3542 962 qua
3598 907 3666 945 ea:

2149 982 2487 1049 prrescientia
2540 992 2695 1053 atque
2767 984 3100 1055 providentia
3148 982 3331 1037 divina
3402 981 3661 1052 profecta,

2151 1072 2322 1128 Paulo
2354 1075 2582 1130 revelata
2606 1084 2683 1130 est
2702 1076 2752 1131 ι).

390 1158 501 1230 κη’.
544 1159 681 1227 Περὶ
710 1156 1155 1226 βαπτίσματος,
1189 1155 1288 1236 καὶ
1314 1155 1422 1222 τῆς
1444 1155 1553 1210 τοῦ
1600 1156 1773 1225 ἁγίου
1796 1157 1983 1211 Πνεύ-

2083 1168 2174 1222 28.
2211 1168 2285 1223 De
2319 1168 2634 1237 baptismate
2668 1186 2730 1222 ac
2756 1168 2897 1223 dona
2925 1169 3097 1223 sancti
3135 1167 3391 1239 Spiritus,
3429 1184 3522 1236 per
3541 1183 3658 1238 pre-

457 1262 647 1321 ματος
692 1247 920 1319 δωρεᾶς
953 1249 1241 1314 δοθείσης
1295 1248 1392 1302 διὰ
1427 1247 1777 1317 προσευχῆς
1826 1248 1985 1303 Παύο

2156 1276 2237 1314 ces
2290 1259 2456 1313 Pauli
2485 1259 2613 1314 dato
2662 1260 2728 1313 iis
2758 1250 2848 1328 qui
2881 1260 3071 1327 Ephesi
3124 1259 3498 1323 crediderant;
3530 1271 3578 1315 et
3605 1270 3663 1314 ut

463 1347 579 1397 λου
611 1341 738 1406 τοῖς
769 1341 840 1394 ἐν
877 1339 1114 1410 Ἐφέσῳ
1162 1339 1551 1405 πιστεύσασι,
1585 1339 1684 1392 καὶ
1712 1338 1844 1407 περὶ
1897 1336 1985 1392 id-

1897 1336 1985 1392 Ῑά·
2155 1366 2246 1421 per
2280 1350 2515 1406 Paulum
2541 1352 2727 1423 aegroti
2773 1360 2822 1405 et
2858 1351 3056 1420 inﬁrmi
3084 1352 3258 1405 curati
3287 1353 3391 1406 sint
3419 1362 3465 1406 ο.

473 1450 630 1499 σεως
663 1433 928 1487 Παύλου.

390 1526 496 1579 uO'.
528 1524 808 1592 Περίοδος
852 1522 1096 1576 Παύλου
1128 1520 1197 1574 ἐκ
1229 1518 1340 1588 τῆς
1363 1520 1493 1587 περὶ
1546 1519 1806 1573 θανάτου
1859 1519 1960 1575 καὶ

2087 1528 2176 1583 29.
2214 1527 2530 1599 Peragratio
2557 1528 2721 1583 Pauli
2749 1530 2804 1583 in
2833 1546 2939 1600 qua
2974 1528 3035 1583 tte
3070 1528 3305 1599 Eutycho
3336 1510 3543 1587 Troade
3572 1547 3665 1602 per

465 1615 865 1683 ἀνακλήσεως
892 1612 1171 1682 Εὑτυχοῦ
1228 1602 1327 1665 διᾶ
1348 1610 1701 1680 προσευχῆς
1736 1612 1805 1666 ἐν
1828 1611 1983 1682 Τρω-

2160 1636 2336 1690 preces
2363 1637 2396 1674 α
2441 1630 2608 1676 morte
2640 1631 2901 1687 revocato,
2942 1621 3124 1676 adltwc
3164 1623 3459 1677 admonitio
3487 1635 3668 1692 pasto-

466 1709 587 1777 ἁδι,
645 1707 1003 1776 παραίνεσίς
1060 1721 1124 1759 τε
1151 1704 1511 1774 ποιμαντικὴ
1566 1704 1718 1773 πρὸς
1756 1705 1991 1771 τοὺςὲν

1958 1722 1991 1759 ν
2163 1713 2318 1779 ralis,
2359 1730 2461 1785 qua
2493 1730 2619 1769 usus
2651 1724 2729 1769 est
2753 1715 2891 1784 apud
2912 1715 3236 1785 presbyteros
3277 1713 3555 1785 Ephesios.

477 1799 714 1869 Ἐφέσῳ
761 1795 1226 1868 πρεσϐυτέρους.

390 1889 459 1948 λ’.
489 1891 748 1962 Ἀγὰϐου
808 1888 1142 1958 προφητεία
1170 1885 1450 1955 περὶτῶν
1492 1883 1982 1957 συμϐησομένων

2082 1896 2171 1951 50.
2220 1895 2504 1965 PrOpItetia
2532 1895 2702 1967 Agabi
2730 1896 2794 1950 de
2830 1897 2893 1950 iis
2939 1912 3057 1966 quia
3101 1894 3280 1950 Paulo
3309 1896 3363 1950 in
3403 1894 3667 1952 Hierusa-

475 1984 556 2051 τῷ
580 1984 799 2047 Παύλῳ
824 1982 897 2036 ἐν
937 1981 1358 2052 Ἰερουσαλήμ.

1160 1981 1358 2050 ἀλήμ.
2157 1987 2257 2041 lem
2291 1997 2462 2042 essent
2488 1994 2757 2041 eventura.

392 2079 501 2136 λα’.
532 2079 893 2146 Παραίνεσις
918 2077 1200 2130 Ἰακώϐου
1233 2076 1384 2144 πρὸς
1411 2074 1679 2141 Παῦλον,
1714 2072 1847 2143 περὶ
1872 2071 1984 2141 τοῦ

2083 2079 2174 2135 51.
2224 2078 2392 2134 Verba
2418 2078 2609 2134 Jacobi
2635 2078 2707 2133 ad
2730 2077 2984 2142 Paulum,
3006 2076 3196 2149 quibus
3213 2094 3330 2132 eum
3365 2077 3663 2147 admonuit,

460 2169 550 2242 μὴ
577 2168 784 2225 δοκεῖν
803 2168 1059 2223 κωλύειν
1098 2168 1407 2238 Ἐϐραίους
1432 2167 1904 2238 περιτέμνεσθαι.

2159 2182 2217 2226 ιιι
2242 2171 2394 2224 daret
2417 2185 2649 2240 operam,
2684 2187 2748 2225 ne
2791 2169 3056 2225 videretur
3098 2167 3320 2225 Judteos
3361 2170 3668 2227 circumcidi

2161 2261 2455 2333 prohibere.

396 2357 502 2430 λβ’.
536 2355 676 2424 Περὶ
735 2352 849 2424 τῆς
916 2353 988 2406 ἐν
1050 2350 1451 2422 Ἰερουσαλὴμ
1524 2350 1675 2406 κατὰ
1740 2350 1986 2406 Παύλου

2095 2360 2183 2415 59..
2222 2360 2295 2412 De
2322 2356 2510 2428 eo,qui
2542 2357 2594 2409 in
2619 2352 2917 2409 Jerusalem
2982 2351 3232 2405 adversus
3286 2348 3516 2405 Paulum
3538 2367 3665 2406 con-

468 2447 822 2518 κινηθείσης
843 2445 1115 2512 ἀταξίας,
1147 2445 1308 2512 ὅπως
1367 2461 1433 2498 τε
1470 2444 1660 2499 αὐτὸν
1687 2445 1722 2498 ὁ
1754 2446 1986 2515 χιλίαρ-

2164 2452 2360 2505 citatus
2381 2457 2460 2503 est
2493 2447 2751 2502 tumultus
2780 2462 2798 2499 :
2835 2454 2886 2500 et
2928 2454 2984 2499 ut
3027 2460 3145 2499 eum
3177 2443 3422 2499 tribunus
3445 2459 3509 2498 ex
3532 2449 3670 2498 mut-

469 2557 579 2609 χος
617 2538 724 2593 τοῦ
752 2536 1028 2604 πλήθους
1069 2536 1389 2605 ἐξαιρεῖται
1417 2535 1485 2591 ³⁸.

1085 2536 1389 2605 ἑξαιρεῖται
1417 2535 1485 2591 ³⁸.
2166 2540 2393 2594 titudine
2413 2537 2682 2592 exemerit.

397 2630 480 2701 λεί
537 2632 694 2685 Ὅσα
750 2633 784 2685 ό
832 2628 1074 2695 Παῦλος
1106 2629 1369 2693 καταϐὰς
1398 2630 1484 2695 είς
1540 2627 1607 2683 τὸ
1658 2630 1986 2700 συνέδριον

2095 2635 2183 2690 55.
2216 2636 2346 2699 Qua:
2368 2629 2590 2697 Paulus,
2620 2642 2741 2682 cum
2758 2628 3105 2684 descendisset
3130 2630 3183 2683 in
3209 2630 3512 2697 concilium,
3538 2644 3666 2699 pas-

472 2724 656 2780 ἔπαθε
677 2721 775 2776 καὶ
799 2716 929 2776 εἷπε
956 2720 1056 2776 καὶ
1097 2720 1437 2785 εὑθυϐόλως
1467 2719 1691 2789 ἔπραξε

1610 2719 1691 2784 Ife
2164 2742 2253 2779 sus
2287 2725 2378 2786 sit,
2407 2740 2469 2777 ac
2500 2723 2715 2786 dixerit,
2753 2729 2801 2774 et
2833 2729 2968 2775 recte
3003 2720 3207 2790 fecerit.

398 2817 496 2871 λδν.
533 2814 672 2885 Περὶ
698 2812 1029 2882 ἐπιϐουλῆς
1050 2813 1472 2885 μελετωμένης
1514 2814 1667 2867 κατὰ
1700 2812 1807 2868 τοῦ
1834 2813 1992 2868 Παύ-

2101 2817 2192 2873 54.
2231 2815 2309 2872 De
2338 2814 2545 2871 insidiis
2592 2829 2708 2885 qua:
2758 2811 2925 2867 Paulo
2971 2811 3303 2880 parabantur
3332 2812 3398 2867 ab
3434 2810 3666 2883 Judwis,

471 2909 586 2961 λου
606 2905 725 2959 ὑπὸ
755 2903 1082 2973 Ἰουδαίων,
1108 2904 1207 2959 και
1258 2904 1580 2974 μηνύσεως
1613 2903 1798 2959 αὑτοῦ
1847 2906 1997 2973 πρὸς

1657 2903 1798 2959 ὑτοῦ
1847 2906 1997 2973 πρὸς
2164 2916 2213 2963 et
2241 2915 2299 2961 ul
2319 2923 2394 2962 etv
2428 2906 2601 2977 Lysia:
2620 2904 2828 2959 tribuno
2855 2902 3101 2957 indicata:
3126 2903 3254 2958 sint.

478 2996 739 3050 Λυσίαν.

399 3086 498 3140 λε’.
545 3086 880 3154 Τερτύλλου
921 3085 1052 3152 περὶ
1076 3085 1322 3141 Παύλου
1347 3085 1688 3154 κατηγορία,
1711 3084 1811 3139 καὶ
1847 3083 1996 3141 ἀπο-

2096 3093 2187 3149 35.
2223 3091 2290 3146 Ut
2319 3090 2584 3146 Tertullus
2616 3088 2845 3142 Paulum
2877 3102 3054 3141 coram
3075 3085 3301 3155 prmside
3323 3086 3668 3155 accusaverit,

476 3180 654 3247 λογία
709 3176 896 3232 αὑτοῦ
918 3177 1017 3231 ἐπὶ
1046 3175 1154 3231 τοῦ
1176 3176 1502 3247 ἡγεμόνος.
2019 3219 2063 3279 C

1176 3176 1502 3279 ᾐτεμόνος·
1532 3265 1545 3279 ι
1640 3267 1669 3279 ⁸
2019 3219 2063 3279 C
2166 3193 2213 3240 et
2236 3182 2334 3237 ille
2354 3199 2409 3236 se
2445 3180 2754 3249 defenderit.

403 3268 516 3335 λς’.
559 3269 699 3338 Περὶ
747 3268 1010 3337 Φήλικος
1072 3267 1401 3337 διαδόχου,
1448 3265 1549 3321 και
1594 3267 1705 3338 τῆς
1749 3268 1994 3339 Φήστου

2099 3278 2189 3335 56.
2226 3275 2293 3331 Ut
2328 3274 2484 3329 Felix
2542 3273 2753 3328 Festum
2789 3287 3141 3326 successorem
3186 3270 3464 3338 acceperit.
3519 3277 3571 3324 et
3612 3282 3669 3324 ut

481 3361 859 3433 προαγωγῆς,
886 3361 1063 3430 τέλος
1118 3378 1184 3417 τε
1232 3359 1328 3416 ἐπ’
1381 3360 1570 3417 αὐτοῦ
1644 3362 1999 3432 διακρίσεως

2166 3370 2257 3424 ille
2291 3368 2520 3423 Paulum
2543 3365 2873 3436 produxerit,
2925 3378 2989 3416 ac
3028 3363 3236 3416 tandem
3265 3361 3384 3415 hinc
3413 3375 3590 3416 coram
3609 3378 3668 3417 co

481 3462 727 3515 Παύλου
759 3458 857 3513 καὶ
883 3456 1146 3529 ἐφέσεως
1174 3497 1189 3513 .

2171 3479 2390 3518 causam
2414 3458 2608 3514 dixerit
2636 3466 2684 3512 et
2727 3455 3086 3524 appellaverit.

405 3547 504 3615 λε’.
540 3547 833 3617 Ἀγρίππα
858 3545 956 3599 καὶ
1001 3544 1295 3615 Βερνίκης
1337 3545 1644 3613 παρουσία
1666 3561 1680 3577 ·
1718 3545 1819 3601 καὶ
1852 3545 1996 3601 πεῦ-

2094 3559 2184 3615 37.
2223 3556 2466 3626 Agrippa:
2525 3559 2575 3606 et
2627 3549 2872 3604 Bernices
2927 3547 3202 3614 adventus,
3250 3554 3409 3618 atque
3441 3545 3668 3617 cognitio

479 3656 578 3707 σις
610 3637 730 3692 τῶν
771 3636 923 3691 κατὰ
948 3637 1215 3691 Παῦλον.

953 3637 1215 3691 Παῦλον.
2165 3660 2341 3698 causa:
2374 3639 2550 3694 Pauli.

407 3734 515 3808 λη’.
582 3731 781 3799 Πλοῦς
829 3732 1074 3786 Παύλου
1137 3730 1237 3785 ἐπὶ
1297 3731 1528 3801 Ῥώμης
1579 3731 1879 3788 κινδύνων
1933 3749 1998 3786 τε

2093 3738 2182 3793 58.
2222 3734 2379 3808 Pauli
2409 3732 2626 3785 Romam
2678 3743 2854 3783 tersus
2889 3727 3155 3796 navigatio
3203 3725 3554 3794 plurimorum
3608 3739 3671 3776 ac

482 3826 792 3880 πλείστων
813 3823 859 3855 ³¹
895 3821 997 3877 καὶ
1029 3822 1333 3893 μεγίστων
1382 3824 1676 3893 ἔμπλεως.

1501 3825 1676 3889 λεως·
2167 3804 2523 3881 ιιιοξιςὶιιιονιιιιι
2546 3822 2702 3891 plena
2721 3817 3098 3888 periculorum.

412 3917 508 3972 Ἆρ’.
528 3920 723 3982 Ὅπως
744 3915 863 3971 ἀπὸ
900 3916 1166 3986 Μελίτης
1189 3918 1276 3984 είς
1307 3913 1538 3987 Ῥώμην
1560 3914 1943 3985 κατήντησεν
1963 3918 1996 3970 ὀ

1792 3931 1943 3985 ησεν
1963 3918 1996 3970 ό
2094 3920 2183 3977 59.
2214 3918 2282 3973 Ut
2313 3935 2343 3971 a
2365 3914 2549 3970 Melita
2586 3910 2790 3967 Paulus
2822 3907 3041 3963 Romam
3081 3909 3389 3977 pervenerit.

492 4013 690 4065 Παῦλο
732 4048 749 4063 .

419 4109 490 4173 μ’.
516 4104 650 4172 Περὶ
675 4030 1001 4169 Gaetulisue
1032 4101 1277 4157 Παύλου
1299 4098 1411 4170 τῆς
1434 4100 1584 4170 πρὸς
1606 4100 1749 4167 τοὺς
1773 4100 1843 4155 ἐν
1858 4099 1998 4154 Ῥώ-

2100 4098 2191 4153 40.
2236 4094 2311 4149 De
2348 4089 2784 4148 sermocinatione
2821 4085 2999 4153 Pauli,
3057 4097 3104 4142 et
3159 4086 3503 4145 collocatione
3555 4105 3672 4146 cum

474 4215 561 4268 μῃ
592 4194 952 4261 Ἰουδαίους.

2174 4188 2380 4243 Judwis
2408 4184 2498 4256 qui
2532 4181 2708 4236 Roma:
2733 4188 2905 4234 erant.

1578 4309 1784 4372 Vat-ias
1819 4312 2132 4374 lectiones
2166 4316 2229 4371 et
2268 4313 2459 4369 noue.

482 4413 528 4444 ”
554 4412 704 4478 ἴσως,
723 4409 1027 4477 εὐπειθίας.
1103 4410 1149 4443 ³⁸
1170 4410 1438 4481 ὲξερεῖται
1459 4409 1771 4468 habebatur.
1848 4412 1891 4443 "
1926 4412 2079 4483 πλήσι

949 4428 1027 4474 ις.
1103 4410 1149 4443 ³⁸
1170 4410 1438 4481 ὲξερεῖται
1459 4409 1771 4468 habebatur.
1848 4412 1891 4443 "
1926 4412 2206 4483 πλήστων,
2236 4405 2546 4461 habebatur.

484 4552 510 4592 ιι
540 4551 610 4605 Et
656 4551 742 4605 hic
794 4549 1076 4621 plusquam
1122 4550 1402 4604 dimidium
1438 4559 1598 4620 caput
1640 4551 1898 4606 decimum
1929 4561 2190 4612 octavum,
2218 4554 2283 4621 tte
2307 4545 2617 4621 {mutorum
2651 4540 3144 4621 calumniancqram
3184 4522 3689 4621 .liallionejmclde'

409 4623 576 4702 priori
601 4607 1228 4702 ad_-lz:pltes_uittnadoentu
1251 4629 1300 4674 et
1325 4607 1758 4702 peregrinatio-ne
1782 4621 1962 4702 Pauli,
1981 4622 2159 4702 deque
2178 4607 2410 4702 'Apollo,
2450 4608 2985 4702 praeteritur“:
3004 4610 3088 4663 hic
3118 4607 3321 4680 reliqua
3348 4607 3535 4676 capitis
3570 4607 3667 4663 de-

412 4694 533 4750 cimi
559 4695 684 4747 noui
714 4697 780 4747 de
807 4690 937 4762 ﬁliis
966 4689 1165 4747 Scwvts
1191 4688 1488 4759 exorcistis,
1524 4701 1573 4748 et
1606 4692 1858 4748 seditione
1888 4688 2081 4761 Ephesi
2111 4707 2203 4761 per
2228 4689 2576 4752 Demetrium,
2604 4688 3005 4753 praetereuntur.
