4044 6418
337 448 434 515 i9?

1290 449 1702 512 EXPOSITIO
1744 450 1824 510 ΙΝ
1846 448 2039 509 ACTA
2066 448 2651 515 APOSTOLORUM.

3503 460 3627 526 493'

405 562 481 615 Τὸ
527 560 583 616 δὲ
628 560 792 618 πλέον
855 562 965 618 τῶν
1012 563 1651 636 ἐνταῦθαλὲγκειμένων,
1700 563 1920 617 Παύλου

2095 562 2267 618 Porro
2293 565 2471 633 major
2494 581 2622 636 pars
2667 581 2886 633 eorum,
2914 583 3034 639 qua:
3084 570 3173 627 hic
3230 569 3612 636 continentur.

338 656 567 728 πράξεις
600 657 709 712 εἰσὶ
733 699 748 722 ,
784 656 879 711 τοῦ
930 658 1323 730 περισσότερον
1362 660 1583 714 πάντων
1618 658 1919 712 κοπιάσαν-

339 767 449 810 τος.
500 748 575 801 Τὸ
610 748 668 802 δὲ
712 748 910 812 αἴτιον,
944 750 1112 804 αὐτοῦ
1145 751 1409 822 φοιτητὴς
1454 745 1521 822 ἦν
1558 753 1586 803 ό
1609 751 1670 803 τὸ
1717 748 1920 820 βιϐλίον

339 840 495 894 τοῦτο
532 840 767 910 συνθεὶς,
804 842 1020 906 Λουκᾶς
1056 845 1085 897 ὁ
1119 842 1392 913 μακάριος
1419 860 1434 873 ·
1476 835 1539 897 οῦ
1587 842 1687 914 τὴν
1720 841 1920 913 ἀρετὴν

343 932 681 1003 πολλαχόθεν
715 934 817 1004 μὲν
851 934 946 989 καὶ
975 934 1274 1007 ἀλλαχόθεν
1307 935 1453 989 ἐστιν
1496 935 1646 989 ἰδεῖν·
1683 934 1922 1001 μάλιστα

343 1027 440 1096 μὲν
475 1027 525 1059 ³⁵
555 1029 621 1081 ἐκ
677 1026 773 1081 τοῦ
828 1029 966 1098 πρὸς
1016 1028 1110 1083 τὸν
1148 1028 1472 1083 διδάσκαλον
1529 1028 1919 1090 ἀδιασπάστως

342 1119 508 1187 ἔχειν,
552 1119 648 1173 καὶ
696 1118 784 1173 διά
819 1120 1022 1184 παντὸς
1061 1119 1214 1193 αὐτῷ
1275 1118 1732 1192 παρακολουθεῖν.
1761 1120 1830 1173 Ὅ
1861 1135 1922 1173 τε

343 1210 475 1279 γοῦν
526 1212 718 1283 Δημᾶς
769 1211 865 1265 καὶ
898 1210 1238 1283 Ἑρμογένης
1288 1210 1453 1266 αὐτὸν
1485 1210 1867 1280 ἐγκατέλιπον·
1898 1211 1926 1264 ὁ

349 1303 450 1373 μὲν
500 1303 583 1367 εἰς
636 1302 930 1369 Γαλατίαν,
975 1305 1004 1357 ὁ
1060 1303 1118 1357 δὲ
1167 1305 1247 1368 εἰς
1287 1303 1602 1374 Δαλματίαν
1648 1301 1922 1358 ἀπελθών.

347 1394 637 1459 Ἄκουσον,
666 1394 719 1447 τί
751 1411 883 1465 φησι
927 1393 1057 1466 περὶ
1082 1394 1274 1449 τούτου
1308 1410 1320 1424 ·
1348 1396 1564 1458 Λουκᾶς
1598 1397 1716 1449 ἐστι
1765 1396 1927 1466 μόνος

348 1488 467 1557 μετ’
494 1485 656 1558 ἐμοῦ.
685 1487 795 1542 Καὶ
829 1487 1141 1559 Κορινθίοις
1170 1488 1228 1542 δὲ
1265 1487 1620 1553 ἐπιστέλλων,
1657 1488 1789 1560 περὶ
1830 1488 1929 1542 αὖ·-

349 1582 438 1636 τοῦ
473 1599 657 1653 φησιν·
693 1578 767 1639 Οῦ
802 1583 1024 1648 ἔπαινος
1061 1585 1120 1637 ὲν
1164 1584 1245 1657 τῷ
1274 1583 1593 1657 Εὐάγγελίῳ
1622 1583 1712 1638 διὰ
1737 1582 1928 1638 πασῶν

348 1675 458 1728 τῶν
497 1675 856 1746 Ἐκκλησιῶν.
886 1678 997 1732 Καὶ
1033 1678 1162 1732 ὅταν
1201 1676 1358 1751 λέγῃ,
1398 1678 1482 1731 ὅτι
1521 1676 1703 1749 Ὠφθη
1738 1677 1924 1749 Κηφᾷ,

347 1762 467 1820 εἶτα
495 1768 611 1832 τοῖς
656 1766 883 1823 δώδεκα·
914 1769 1009 1823 καὶ
1047 1769 1190 1825 κατὰ
1229 1769 1292 1823 τὸ
1334 1769 1666 1839 Εὐαγγέλιον
1697 1769 1726 1824 ὃ
1781 1787 1928 1840 παρ-

348 1858 594 1925 ελάϐετε,
626 1861 688 1915 τὸ
718 1860 912 1916 τούτου
953 1861 1125 1932 λέγει.
1160 1862 1325 1915 Ὥστε
1359 1862 1459 1917 οὐκ
1482 1862 1548 1918 ἄν
1576 1879 1660 1926 τις
1688 1862 1926 1933 ἁμάρτοι

2024 651 2176 706 Pauli
2209 663 2337 708 sunt
2363 655 2620 726 acta,qui
2670 658 2907 728 amplius
2959 675 3125 731 quam
3162 674 3355 716 omnes
3397 663 3616 715 labora-

2023 750 2119 807 vit.
2147 749 2276 818 Ejus
2304 760 2483 805 autem
2511 751 2589 806 rei
2620 767 2785 808 causa
2834 764 2940 820 est,
2986 756 3133 826 quod
3187 756 3495 826 discipulus
3547 758 3615 809 ila

2024 840 2131 896 lius
2182 850 2301 896 erat
2343 842 2411 906 is,
2449 844 2539 913 qui
2581 843 2731 900 hunc
2776 844 2977 900 librum
3037 849 3371 917 composuit,
3418 864 3615 919 nempe

2026 930 2222 986 beatus
2252 929 2430 986 Lucas
2459 945 2476 985 :
2502 932 2664 1005 cujus
2698 930 2875 988 virtus
2902 949 3027 988 cum
3064 949 3129 989 ex
3166 935 3354 991 multis
3391 936 3613 1006 quidem

2026 1024 2193 1078 rebus
2238 1024 2383 1088 aliis,
2419 1034 2533 1079 tum
2567 1041 2698 1080 vero
2759 1026 2998 1082 maxime
3020 1042 3085 1082 ex
3113 1043 3201 1092 eo,
3242 1030 3387 1100 quod
3436 1045 3465 1083 a
3501 1046 3617 1084 ma»

2027 1116 2201 1187 gistro
2242 1131 2349 1170 non
2380 1114 2785 1186 potuitdiveili,
2812 1118 2907 1173 sed
2961 1118 3312 1175 continenter
3343 1136 3467 1176 eum
3526 1136 3618 1177 as-

2027 1215 2271 1263 sectatus
2297 1215 2404 1273 est,
2429 1206 2602 1263 videri
2634 1216 2838 1278 potest.
2869 1206 3005 1263 Nam
3039 1210 3237 1265 Demas
3259 1218 3314 1266 et
3383 1210 3617 1268 Hermo-

2029 1313 2196 1369 genes
2209 1313 2332 1353 eum
2350 1297 2734 1368 deseruerunt,
2762 1300 2851 1356 hic
2861 1299 3083 1371 quidem
3107 1301 3161 1356 in
3182 1301 3614 1375 GaIIOgraeciam,

2030 1394 2120 1448 ille
2151 1393 2204 1447 in
2259 1391 2588 1448 Dalmatiam
2631 1392 2932 1464 profectus.
2966 1394 3109 1449 Audi
3174 1395 3308 1466 quid
3360 1396 3503 1451 dicat
3544 1395 3623 1451 de

2030 1487 2134 1542 hoc
2162 1505 2176 1541 :
2208 1484 2387 1542 Lucas
2423 1500 2637 1542 mecum
2670 1497 2756 1542 est
2783 1487 2960 1542 solus.
2983 1487 3162 1557 Atque
3202 1488 3372 1544 etiam
3414 1486 3613 1543 Corin-

2031 1576 2165 1633 thiis
2188 1577 2436 1634 scribens
2464 1577 2532 1634 de
2551 1592 2618 1633 eo
2643 1577 2783 1633 dicit
2811 1595 2824 1632 :
2854 1577 3028 1648 Cujus
3083 1580 3204 1635 laus
3235 1588 3320 1634 est
3349 1580 3403 1634 in
3436 1582 3619 1635 Evan-

2030 1670 2170 1742 gelio
2217 1686 2314 1741 per
2353 1684 2548 1725 omnes
2598 1668 2879 1726 Ecclesias
2913 1688 2927 1725 :
2964 1678 3017 1725 et
3069 1684 3196 1725 cum
3227 1671 3363 1726 dicit
3398 1687 3412 1725 :
3449 1671 3615 1728 Visus

2030 1772 2112 1818 est
2144 1761 2360 1832 Cephae,
2409 1761 2608 1819 deinde
2669 1761 2779 1818 illis
2828 1760 3119 1818 duodecim
3155 1778 3170 1817 :
3203 1770 3258 1817 et
3310 1764 3613 1819 secundum

2032 1850 2382 1925 Evangelium
2416 1853 2562 1923 quod
2630 1853 2954 1924 accepistis',
2994 1853 3158 1925 hujus
3191 1854 3325 1911 dicit
3370 1856 3618 1926 Evange-

348 1949 447 2020 τὴν
488 1951 877 2022 πραγματείαν
911 1951 1118 2023 ταύτην
1175 1952 1327 2024 αὐτῷ
1386 1952 1605 2018 ἀναθείς
1634 1970 1648 1986 ·
1690 1953 1821 2007 ὅταν
1869 1952 1929 2006 δὲ

2035 1946 2189 2002 lium.
2222 1946 2411 2017 Itaque
2444 1960 2605 2002 nemo
2628 1946 2916 2011 erraverit,
2953 1946 3102 2002 hunc
3154 1947 3615 2003 commentarium

348 2043 487 2114 εῑπῳ
506 2044 702 2112 τούτῳ,
760 2042 839 2110 τῷ
868 2042 1090 2116 Χριστῶ
1111 2043 1276 2111 λέγω.

421 2223 485 2276 Εἰ
540 2222 596 2276 δέ
633 2240 716 2287 τις
761 2222 934 2293 λέγει·
965 2225 1076 2279 Καὶ
1108 2224 1164 2278 τί
1211 2224 1415 2296 δήποτε
1467 2226 1588 2297 οὐχὶ
1625 2225 1801 2280 πάντα
1838 2225 1935 2280 άν-

350 2313 558 2385 έγραψε
603 2315 769 2384 μέχρι
823 2315 1016 2380 τέλους
1060 2314 1138 2369 ὢν
1178 2316 1298 2387 μετ’
1363 2317 1570 2384 αὐτοῦς
1612 2318 1816 2371 Ἐκεῖνο
1861 2316 1930 2371 ἂν

352 2406 623 2475 εἴποιμεν,
650 2405 734 2459 ὅτι
773 2407 872 2460 καὶ
920 2406 1093 2461 ταῦτα
1126 2406 1402 2479 ἀρκοῦντα
1426 2405 1496 2480 ἦν
1523 2411 1637 2474 τοῖς
1672 2409 1933 2481 βουλομέ-

351 2512 464 2558 νοις
517 2496 832 2568 προσέχειν·
866 2498 961 2552 καὶ
1000 2499 1084 2553 ὅτι
1122 2500 1259 2572 πρὸς
1293 2500 1365 2554 τὰ
1410 2501 1813 2570 κατεπείγοντα
1845 2500 1934 2555 ἀεὶ

351 2585 556 2640 ἵστατο·
587 2588 680 2641 καὶ
719 2589 802 2642 ὅτι
843 2589 944 2643 οὐκ
976 2591 1034 2644 έν
1062 2589 1140 2663 τῷ
1176 2591 1540 2666 λογογραφεῖν
1575 2588 1645 2667 ἦν
1676 2595 1864 2658 αὐτοῖς
1896 2596 1931 2666 ἡ

354 2681 580 2752 σπουδή·
607 2682 779 2738 πολλά
808 2685 918 2755 γάρ
950 2687 1045 2739 καὶ
1079 2686 1313 2759 ἀγράφῳ
1345 2689 1640 2758 παραδόσει
1675 2689 1930 2762 παρέδω-

351 2792 482 2830 καν.
506 2777 695 2832 Πάντα
721 2778 821 2849 μὲν
846 2777 942 2834 οὖν
961 2779 1087 2846 ἀξια
1117 2780 1418 2853 θαύματος,
1452 2783 1522 2837 τά
1546 2785 1605 2837 ὲν
1635 2783 1715 2855 τῷ
1743 2783 1934 2855 βιϐλίῳ

352 2866 531 2935 τούτῳ
560 2869 812 2939 κείμενα·
849 2869 1086 2942 μάλιστα
1126 2872 1183 2926 δὲ
1221 2871 1332 2926 τῶν
1371 2874 1691 2929 ἀποστόλων
1722 2876 1757 2945 ἡ
1798 2891 1934 2944 συγ-

353 2960 686 3027 κατάϐασις,
720 2961 789 3032 ἣν
816 2963 911 3016 καὶ
941 2962 1003 3016 τὸ
1035 2962 1262 3036 Πνεῦμα
1299 2966 1484 3031 αὐτοῖς
1512 2966 1776 3035 ὑπέϐαλε,
1823 2987 1939 3036 πατ

357 3052 719 3121 ρασκευάζων
750 3054 950 3119 αὐτοὺς
972 3055 1052 3125 τῷ
1080 3054 1182 3127 τῆς
1220 3059 1538 3129 οἰκονομίας
1569 3059 1936 3128 ἐνδιατρίϐειν

352 3143 521 3213 λόγῳ·
549 3145 638 3199 διά
681 3145 745 3218 δὴ
781 3147 962 3214 τοῦτο,
995 3148 1237 3205 τοσαῦτα
1267 3152 1398 3221 περὶ
1419 3151 1589 3207 αὐτοῦ
1623 3153 1935 3224 διαλεχθέν-

2032 2038 2161 2093 huic
2188 2045 2473 2108 acceptum
2536 2036 2768 2094 ferens:
2811 2052 2939 2095 cum
2990 2046 3196 2105 autem,
3265 2039 3417 2107 huic,
3466 2040 3618 2106 dico,

2030 2129 2254 2187 Christo
2275 2130 2423 2187 dico.

2102 2223 2258 2290 Quod
2297 2223 2343 2280 si
2388 2223 2514 2295 quis
2544 2224 2690 2280 dicat
2719 2241 2735 2283 :
2767 2224 2836 2280 Et
2870 2239 2972 2281 cur
3018 2225 3239 2281 tandem
3300 2238 3408 2279 non
3432 2223 3618 2279 omnia

2030 2316 2227 2373 litteris
2251 2315 2549 2382 mandavit,
2563 2331 2689 2372 cum
2714 2332 2888 2390 usque
2905 2317 2972 2372 ad
3002 2316 3162 2374 tinem
3187 2325 3333 2373 esset
3359 2332 3465 2371 una
3490 2330 3614 2371 cum

2034 2410 2325 2466 illo?huic
2373 2408 2780 2482 responderim,
2822 2411 2968 2480 quod
2999 2410 3162 2466 etiam
3234 2410 3352 2465 haec
3399 2407 3619 2464 abunde

2033 2502 2172 2559 satis
2200 2502 2375 2559 multa
2402 2503 2515 2560 sint
2542 2503 2634 2572 iis,
2662 2506 2756 2575 qui
2791 2503 3082 2560 attendere
3126 2502 3301 2560 velint
3337 2521 3349 2558 :
3391 2502 3616 2572 etquod

2033 2592 2102 2651 ad
2140 2609 2225 2660 ea,
2254 2608 2377 2666 quae
2411 2593 2701 2664 urgebant,
2732 2609 2950 2665 semper
3007 2594 3378 2649 consisterent
3421 2610 3435 2648 :
3466 2592 3618 2662 quod

2034 2703 2145 2742 non
2172 2688 2228 2742 in
2256 2687 2411 2742 libris
2440 2684 2752 2742 scribendis
2778 2685 3028 2742 studium
3061 2700 3223 2740 suum
3259 2684 3616 2749 collocarent,

2034 2795 2160 2836 nam
2198 2780 2371 2836 multa
2457 2779 2623 2834 etiam
2652 2777 2777 2833 viva
2820 2776 2976 2843 vbee,
3003 2792 3126 2848 quae
3149 2776 3354 2846 scripta
3379 2790 3488 2831 non
3522 2791 3618 2832 ex-

2036 2879 2204 2937 stant,
2227 2869 2536 2927 tradebant.
2565 2871 2747 2940 Atque
2774 2882 2899 2923 cum
2926 2868 3110 2925 omnia
3149 2866 3393 2938 quidem,
3424 2881 3545 2937 quae
3563 2866 3621 2923 in

2034 2966 2141 3022 hoc
2197 2965 2338 3021 libro
2385 2963 2763 3027 continentur,
2811 2948 3177 3017 admiratione
3223 2961 3382 3032 digna
3441 2968 3618 3016 sunt:

2034 3066 2148 3112 tum
2181 3065 2312 3111 vero
2342 3054 2580 3110 maxime
2618 3052 2992 3125 apostolorum
3063 3051 3506 3120 συγκατάϐασις,
3563 3050 3619 3105 id

2035 3156 2138 3212 est,
2170 3162 2234 3204 ea
2264 3146 2461 3213 virtus,
2503 3160 2613 3218 qua
2656 3160 2717 3203 se
2750 3143 3243 3202 accommodabant
3275 3144 3341 3199 ad
3376 3152 3623 3213 tempora

353 3254 469 3303 τες,
499 3236 659 3307 ὀλίγα
685 3239 817 3313 ’περί¹
852 3241 950 3312 τῆς
993 3241 1250 3313 θεότητος
1299 3244 1469 3298 αὐτοῦ
1522 3247 1803 3318 εἰρήκασι.
1853 3246 1934 3301 Τὰ

2043 3246 2211 3310 atque
2229 3253 2525 3311 personas,
2553 3247 2607 3294 et
2646 3237 2808 3309 quasi
2837 3250 2945 3293 una
2975 3251 3102 3293 cum
3142 3236 3252 3291 illis
3283 3235 3623 3290 condescen-

355 3330 414 3384 δὲ
472 3329 674 3386 πλέονα
724 3332 858 3402 περὶ
904 3333 1005 3405 τῆς
1055 3334 1540 3408 ὲνανθρωπότητος
1596 3338 1934 3409 διελέγοντο,

356 3423 573 3478 καὶτοῦ
610 3425 839 3490 πάθους,
871 3427 969 3480 καὶ
997 3428 1097 3498 τῆς
1128 3429 1483 3494 ἀναστάσεως
1502 3470 1518 3496 ,
1551 3432 1644 3486 καὶ
1677 3432 1777 3503 τῆς
1812 3434 1969 3486 ἀνα-ς

358 3515 594 3581 ϐάσεως.
633 3518 708 3571 Τὸ
745 3517 857 3589 γὰρ
910 3517 1249 3591 ζητούμενον
1312 3523 1474 3588 τέως,
1521 3522 1682 3578 τοῦτο
1738 3519 1829 3595 ἦν,
1878 3523 1941 3578 τὸ

359 3608 724 3679 πιστευθῆναι
769 3611 854 3665 ὅτι
885 3611 1110 3683 ἀνέστη,
1140 3615 1237 3667 καὶ
1280 3614 1449 3686 ἀνέϐη
1483 3615 1563 3680 εἰς
1600 3617 1729 3681 τοὺς
1766 3617 1938 3687 οὐρα-

357 3699 509 3764 νούς.
538 3700 751 3771 Ὠσπερ
778 3696 874 3755 οὖν
912 3702 1079 3767 αὐτὸς
1112 3705 1395 3776 όΧριστὺς
1450 3705 1686 3776 μάλιστα
1720 3707 1939 3762 πάντων

359 3792 662 3858 ἐσπούδαζε
688 3794 887 3862 δεῖξαι,
919 3795 1002 3850 ὅτι
1039 3796 1195 3865 παρά
1229 3795 1325 3850 τοῦ
1371 3797 1586 3869 Πατρὸς
1620 3798 1775 3869 ἣκει,
1797 3798 1940 3853 οὕτω

361 3884 458 3936 καὶ
482 3876 660 3951 οὗτος,
711 3885 797 3938 ὅτι
845 3884 1081 3958 ἀνέστη,
1120 3887 1219 3940 καὶ
1256 3887 1535 3959 ἀνελήφθη
1565 3927 1581 3955 ,
1634 3887 1731 3942 καὶ
1791 3890 1933 3959 πρὸς

371 3979 524 4034 αὑτὸν
554 3980 795 4052 ἀπῆλθε,
829 3981 921 4036 καὶ
959 3983 1092 4055 παρ’
1121 3982 1291 4039 αὐτοῦ
1329 3983 1580 4053 ἀφίκετο.
1612 3985 1676 4038 Εἰ
1710 3983 1823 4056 γὰρ
1863 3986 1940 4057 μὴ

366 4073 520 4128 τοῦτο
569 4074 870 4147 ἐπιστεύθη
943 4075 1213 4148 πρότερον
1241 4116 1257 4143 ,
1321 4076 1504 4148 πολλῷ
1563 4078 1793 4148 μᾶλλον,
1836 4079 1939 4148 τῆς

362 4166 682 4238 προσθήκης
725 4167 1050 4240 γενομένης,
1084 4169 1186 4241 τῆς
1224 4169 1369 4223 κατὰ
1397 4170 1497 4239 τὴν
1518 4169 1820 4225 ἀνάστασιν
1846 4171 1942 4226 καὶ

357 4258 458 4329 τὴν
474 4259 770 4331 ἀνάληψιν,
793 4260 1024 4315 ἄπιστον
1056 4262 1207 4319 ἀπαν
1231 4260 1294 4316 τὸ
1319 4262 1500 4333 δόγμα
1520 4265 1633 4327 τοῖς
1667 4261 1942 4330 Ἰουδαίοις

358 4352 539 4419 ἔδοξεν
565 4349 730 4409 εἶναι.
766 4355 858 4409 Διὸ
882 4357 1069 4428 ἡρέμα
1106 4356 1200 4411 καὶ
1224 4356 1365 4410 κατά
1387 4355 1584 4427 μικρὸν
1616 4357 1817 4420 αὐτοὺς
1849 4357 1943 4411 ἐπὶ

356 4444 429 4499 τὰ
459 4445 773 4518 ὑψηλότερα
806 4447 1021 4516 ἀνάγει·
1053 4448 1114 4503 ὲν
1147 4448 1205 4502 δὲ
1235 4448 1491 4519 Ἀθήναις
1524 4449 1620 4502 καὶ
1652 4448 1942 4519 ἄνθρωπον

358 4537 523 4591 αὐτὸν
541 4539 732 4604 ἁπλῶς
781 4542 810 4594 ὁ
860 4539 1075 4604 Παῦλος
1108 4542 1300 4606 καλεῖ,
1337 4540 1491 4595 οὐδὲν
1539 4540 1703 4596 πλέον
1744 4541 1937 4608 εἰπὼν,

357 4630 606 4695 εἰκότως.
665 4634 728 4686 Εἰ
776 4632 888 4704 γάρ
932 4633 1097 4688 αὐτὸν
1131 4633 1225 4688 τὸν
1258 4633 1517 4705 Χριστὸν,
1554 4633 1943 4704 διαλεγόμενον

358 4722 489 4792 περὶ
520 4726 623 4796 τῆς
645 4724 729 4788 εἰς
756 4724 849 4780 τὸν
888 4726 1112 4797 Πατέρα
1143 4724 1411 4794 ἰσότητος,
1436 4723 1656 4778 λιθάσαι
1683 4723 1944 4789 πολλάκις

357 4812 746 4884 ἐπεχείρησαν,
787 4815 885 4869 κιιί⁵
946 4816 1272 4885 βλάσφημον
1322 4815 1413 4869 διά
1476 4814 1638 4870 τοῦτο
1680 4816 1943 4871 ἐκάλουνέ

356 4904 529 4976 Σχολῇ
565 4905 700 4973 γοῦν
741 4906 895 4978 παρά
942 4906 1053 4960 τῶν
1074 4906 1274 4961 ἀλιέων
1298 4905 1492 4960 τοῦτον
1521 4905 1614 4959 τὸν
1642 4905 1800 4973 λόγον
1828 4907 1943 4960 ἑδέ-

359 4995 541 5062 ξαντο,
577 4995 673 5049 καὶ
698 4996 872 5051 ταῦτα
903 4996 999 5051 τοῦ
1030 4995 1270 5067 σταυροῦ
1307 4996 1795 5067 προχωρήσαντος.

355 5086 562 5141 Paulus
611 5089 775 5143 etiam
838 5088 1162 5160 simpliciter
1225 5088 1503 5144 hominem
1584 5096 1763 5155 vocat,
1818 5086 1969 5143 nulla

2040 3333 2244 3389 debant
2267 3347 2333 3388 ac
2364 3347 2488 3390 sese
2508 3331 2911 3388 demittebant:
2948 3344 3114 3401 quam
3155 3330 3415 3383 virtutem
3450 3326 3626 3389 Spiri-

2041 3434 2133 3483 tus
2159 3425 2240 3480 eis
2290 3422 2639 3495 suggerebat,
2680 3431 2841 3494 aptos
2885 3428 2940 3477 et
2990 3421 3219 3477 idoneos
3250 3434 3345 3475 eos
3383 3418 3625 3475 etIieiens

2040 3520 2108 3574 ad
2135 3518 2261 3584 hoc,
2290 3528 2348 3572 ut
2369 3515 2750 3572 incumberent
2778 3513 2834 3569 in
2859 3515 3127 3570 rationem
3160 3511 3542 3584 dispositionis
3571 3518 3628 3567 et

2041 3609 2569 3666 administrationis.
2611 3606 2825 3663 Idcirco
2862 3606 3121 3661 nimirum
3174 3613 3284 3660 tam
3335 3604 3510 3659 multa
3556 3603 3626 3658 do

2040 3703 2263 3763 Christo
2289 3703 2478 3766 locuti,
2522 3716 2692 3770 pauca
2720 3701 2788 3757 de
2827 3700 3121 3756 divinitate
3158 3698 3278 3767 ejus
3319 3698 3622 3751 dixerunt:

2041 3796 2308 3865 majorem
2384 3801 2568 3848 autem
2621 3798 2833 3862 partem
2892 3789 2963 3845 de
3021 3789 3504 3844 humanaenaturae
3538 3802 3627 3841 as-

2041 3887 2377 3958 sumptione,
2398 3887 2467 3942 de
2497 3883 2776 3954 passione,
2802 3882 2872 3937 de
2905 3880 3315 3937 resurrectione
3347 3887 3403 3935 et
3429 3893 3627 3934 ascen.-

2042 3979 2199 4035 sione
2224 3976 2609 4046 loquebantur.
2659 3972 2796 4028 Nam
2826 3972 2934 4028 hoc
2969 3981 3109 4035 erat,
3136 3971 3285 4041 quod
3349 3979 3480 4024 tunc
3515 3968 3626 4025 inie-

2040 4069 2122 4125 tio
2160 4067 2566 4139 requirebatur,
2595 4071 2657 4120 ut
2696 4063 3015 4120 crederetur
3066 4062 3438 4118 resurrexisse
3468 4069 3523 4116 et
3566 4059 3624 4115 in

2042 4160 2214 4217 caelos
2239 4157 2579 4215 ascendisse.
2604 4154 3079 4223 Quemadmodum
3108 4154 3276 4224 igitur
3304 4154 3420 4223 ipse
3465 4151 3627 4207 Chri-

2044 4260 2169 4307 stus
2191 4251 2436 4304 omnium
2460 4247 2700 4303 maxime
2722 4245 2982 4302 studebat
3006 4244 3317 4312 ostendere,
3339 4260 3399 4301 se
3415 4259 3444 4297 a
3469 4245 3627 4300 Patre

2045 4343 2233 4397 venire
2266 4359 2278 4395 :
2316 4340 2398 4397 sic
2422 4339 2588 4395 etiam
2625 4338 2717 4394 hic
2753 4338 3136 4394 demonstrare
3171 4335 3223 4407 3
3252 4342 3485 4395 conatur
3501 4352 3625 4393 eum

2044 4433 2417 4491 resurrexisse
2432 4441 2487 4488 et
2503 4440 2857 4499 assumptum
2874 4445 3018 4496 esse,
3041 4436 3097 4484 et
3123 4428 3200 4484 ad
3221 4428 3371 4483 illum
3399 4428 3627 4493 abiisse,

2044 4528 2194 4584 etab
2227 4526 2321 4582 illo
2354 4526 2597 4581 venisse.
2643 4521 2763 4577 Nisi
2794 4522 2940 4578 enim
2974 4520 3125 4576 illud.
3163 4520 3318 4590 prius
3355 4519 3627 4577 creditum

2048 4622 2269 4687 fuisset,
2298 4620 2474 4675 multo
2498 4616 2671 4688 magis
2694 4614 3004 4687 adiectione
3027 4613 3171 4668 iacta
3205 4627 3393 4668 earum
3418 4627 3625 4677 rerum,

2040 4729 2165 4787 qua:
2189 4712 2338 4770 circa
2370 4708 2833 4767 resurrectionem
2881 4714 2938 4762 et
2966 4704 3406 4775 assumptionem
3479 4704 3627 4760 acci—

2040 4806 2264 4870 derunt,
2308 4800 2650 4859 incredibilis
2675 4813 2798 4855 esse
2856 4797 2981 4854 fidei
3049 4796 3310 4854 universa
3375 4796 3627 4851 doctrina

2039 4894 2244 4953 ludatis
2276 4893 2395 4950 visa
2429 4890 2667 4947 fuisset:
2696 4887 3050 4961 quamobrem
3076 4887 3281 4944 sensim
3334 4902 3399 4942 ac
3432 4885 3628 4955 paula-

2042 4992 2140 5047 tim
2179 5002 2274 5044 eos
2331 4985 2400 5042 ad
2438 4983 2635 5039 altiora
2678 4980 2957 5047 subducft,
2991 4990 3157 5051 atque
3213 4980 3445 5037 Athenis
3474 4979 3626 5033 illum

2042 5100 2105 5141 re
2152 5080 2390 5151 amplius
2439 5075 2677 5147 adjecta,
2726 5089 2794 5130 ac
2826 5072 3044 5128 merito.
3076 5071 3208 5128 Nam
3267 5072 3319 5128 si
3343 5071 3623 5128 Christum

355 5182 537 5251 ipsum
577 5183 744 5238 verba
792 5182 1082 5239 facientem
1125 5181 1192 5239 de
1229 5198 1329 5239 sua
1357 5196 1485 5238 cum
1530 5185 1694 5241 Patre
1740 5181 2054 5253 aequalitate
2096 5175 2327 5248 parique
2390 5167 2728 5241 conditione,
2814 5164 3089 5235 lapidibus
3145 5165 3384 5221 obruere
3453 5179 3628 5234 smpe-

355 5293 593 5334 numero
649 5286 1021 5346 tentaverunt,
1071 5287 1127 5334 et
1157 5278 1561 5350 blasphemum,
1589 5278 1644 5332 id
1693 5285 1801 5344 est,
1835 5278 1981 5332 laesa:
2006 5270 2312 5343 maiestatis
2356 5267 2558 5323 divinae.
2578 5276 2757 5327 reum,
2793 5260 2999 5316 idcirco
3027 5260 3305 5315 vocabant
3333 5274 3348 5311 :
3381 5258 3630 5327 profecto

354 5371 446 5425 vix
485 5385 606 5425 eam
647 5373 948 5427 orationem
1010 5372 1381 5443 piscatoribus
1410 5371 1819 5442 proferentibus
1855 5371 2204 5440 probassent,
2241 5358 2549 5435 praesertim
2576 5371 2701 5414 cum
2741 5369 2879 5411 crux
2904 5353 3301 5423 praecessisset.

425 5466 541 5520 Καὶ
565 5463 621 5519 τί
663 5464 749 5518 δεῖ
768 5464 953 5534 λέγειν
977 5465 1105 5529 τοὺς
1138 5465 1454 5532 Ἰουδαίους,
1496 5465 1632 5519 ὃπου
1666 5463 1762 5518 καὶ
1783 5463 1939 5519 αὐτοὶ

351 5554 622 5617 πολλάκις
645 5553 696 5607 οἰ
731 5552 971 5623 μαθηταὶ
989 5552 1098 5608 τῶν
1118 5552 1471 5626 ὑψηλοτέρων
1492 5551 1784 5617 ἀκούοντες
1809 5553 1937 5621 δογ-

356 5647 571 5719 μάτων,
602 5644 967 5717 ἑθορυϐοῦντο
994 5646 1089 5700 καὶ
1124 5645 1577 5711 ἐσκανδαλίζοντο
1603 5660 1618 5712 ;
1654 5644 1753 5699 Διά
1781 5643 1944 5698 τοῦτο

2121 5460 2184 5514 Et
2215 5456 2349 5528 quid
2382 5453 2576 5509 attinet
2601 5449 2788 5507 dicere
2820 5447 2890 5504 de
2912 5445 3119 5502 Judmis
3139 5445 3164 5499 ἰ
3184 5444 3629 5515 quandoquidem

2049 5551 2217 5608 etiam
2244 5548 2349 5620 ipsi
2381 5557 2760 5617 saepenumero
2781 5540 3043 5614 discipuli
3073 5539 3142 5596 de
3173 5539 3465 5597 altioribus
3499 5556 3633 5596 sen-

2047 5643 2235 5701 tentiis
2265 5643 2576 5713 loquentem
2608 5636 2891 5696 Cbristum
2956 5633 3267 5703 audientes,
3329 5634 3632 5693 turbaban-

1598 5783 1803 5849 νει-ἰαὶ
1829 5781 2235 5848 lectioneset
2254 5785 2451 5843 notae.

425 5914 473 5947 "
504 5912 697 5985 μέντοι
725 5912 815 5966 ιον.
