4044 6414
415 417 521 482 499

1295 423 1868 486 ΤΗΕΟΡΗΥΙΛΕΤΙ
1912 423 2322 486 BULGARME
2366 422 2720 485 ARCHIEP.

3579 424 3685 488 500

418 537 508 584 tur
523 537 576 584 et
597 527 1043 598 effundebantur;
1063 542 1344 605 propterea
1370 535 1533 590 etiam
1555 533 1771 590 dicebat
1796 552 1808 590 :
1842 534 2001 590 Multa

2113 535 2206 587 ml.
2229 533 2402 600 ἔλεγε·
2441 532 2619 586 Πολλά
2651 531 2759 602 ἔχω
2795 531 2975 601 λέγειν
3019 531 3170 602 ὑμῖν,
3201 529 3315 584 ἀλλ’
3355 531 3414 584 οὐ
3459 529 3686 586 δύνασθε

420 620 613 687 habeo,
641 637 761 691 quae
811 623 988 679 dicam
1031 626 1206 692 vobis,
1244 628 1339 682 sed
1367 643 1472 682 non
1524 629 1752 698 potestis
1789 638 2006 698 portare

424 727 591 765 nunc.
618 711 772 777 Quod
803 714 847 768 si
895 715 972 769 illi
1002 730 1110 770 non
1139 726 1410 787 poterant,
1454 719 1546 786 qui
1580 726 1733 772 tanto
1765 726 2008 788 tempore

420 817 528 856 una
548 818 670 855 cum
695 818 761 857 eo
786 805 1053 872 vixerant,
1076 809 1166 876 qui
1193 817 1270 860 tot
1288 823 1614 862 arcanarum
1633 825 1812 864 rerum
1835 810 2003 879 parti-

421 893 571 962 cipes
599 893 838 958 fuerant,
868 898 962 966 qui
990 906 1069 952 tot
1094 898 1356 954 miracula
1375 900 1623 955 viderant
1649 918 1661 954 :
1686 901 2006 970 quipotuis-

420 993 542 1040 sent
566 985 662 1049 illi,
689 988 782 1056 qui
816 989 885 1042 ab
901 989 1170 1044 altaribus
1188 998 1242 1044 et
1269 992 1578 1047 simulacris
1596 999 1650 1047 et
1670 992 1933 1056 victimis,
1951 999 2006 1046 et

421 1076 618 1132 felibus
642 1089 696 1133 et
729 1081 1018 1136 crocodilis
1048 1100 1062 1135 :
1099 1082 1229 1136 talia
1263 1083 1407 1138 enim
1461 1093 1617 1140 erant
1637 1100 1725 1150 ea,
1754 1099 1875 1156 quae
1905 1102 2004 1156 pro

420 1170 736 1225 numinibus
792 1186 818 1225 a
862 1171 1066 1228 Graecis
1126 1183 1181 1228 et
1219 1177 1446 1246 paganis
1498 1177 1825 1233 colebantur
1887 1196 1901 1234 :
1951 1187 1998 1234 et

417 1261 540 1317 aliis
567 1263 723 1318 malis
742 1272 873 1318 tunc
899 1267 1138 1336 primum
1175 1268 1353 1324 avulsi
1377 1278 1554 1334 erant,
1579 1271 1647 1326 de
1677 1271 2003 1327 sublimibus

417 1353 705 1409 sententiis
739 1356 904 1411 verba
938 1366 1161 1428 repente
1197 1374 1417 1429 unoque
1465 1368 1744 1416 momento
1775 1361 2002 1430 probas-

417 1444 728 1511 scnt?Qui-
764 1447 892 1502 item
932 1448 1108 1504 Judaei
1151 1466 1395 1522 quoque,
1446 1452 1540 1522 qui
1587 1452 1830 1516 quotidie
1887 1452 2003 1507 dis-

419 1547 572 1604 cunt,
602 1554 949 1612 quorumque
1003 1557 1168 1599 aures
1201 1543 1287 1598 his
1345 1544 1572 1599 vocibus
1603 1544 1736 1614 legis
1760 1543 2003 1614 undique

419 1629 830 1687 circumsonant
875 1650 888 1686 :
939 1634 1079 1690 Audi
1107 1633 1318 1690 lsrael:
1364 1634 1629 1691 Dominus
1676 1634 1820 1691 Deus
1853 1644 1998 1700 tuus,

420 1739 566 1780 unus
586 1732 706 1791 est,
765 1740 828 1780 ac
851 1736 1048 1796 prater
1079 1742 1202 1783 eum
1239 1743 1350 1783 non
1387 1737 1471 1782 est
1497 1726 1638 1783 alius
1682 1746 1695 1783 :
1736 1727 1830 1796 qui
1871 1728 1999 1782 item

421 1823 475 1876 in
519 1827 684 1869 cruce
719 1814 889 1871 clavis
931 1816 1149 1871 allixum
1186 1817 1336 1872 illum
1375 1826 1782 1888 conspexerant
1817 1837 1829 1874 :
1879 1833 1998 1872 ma-

2111 623 2406 694 βαστάζειν
2445 621 2596 691 ἄρτι.
2632 620 2695 673 Εἰ
2729 621 2785 674 δὲ
2817 622 3016 673 ἐκεῖνοι
3044 620 3144 673 οὐκ
3164 618 3450 689 ἠδύναντο,
3481 617 3530 670 οἱ
3560 634 3690 684 συγ-

2110 718 2392 787 γενόμενοι
2421 715 2614 785 χρόνον
2647 713 2900 767 τοσοῦτον
2925 713 3098 784 αὐτῷ,
3132 713 3225 765 καὶ
3261 710 3533 764 τοσούτων
3566 725 3686 763 zot-

2110 807 2454 876 νωνήσαντες
2503 805 2836 875 ἀπορρήτων
2865 845 2879 865 ,
2920 804 3015 856 καὶ
3053 803 3291 856 τοσαῦτα
3351 802 3682 868 θεασάμενοι

2109 899 2366 970 θαύματα
2391 938 2406 961 ,
2436 898 2552 960 πῶς
2601 897 2666 951 ἂν
2698 897 2748 949 οἱ
2795 896 2903 950 ἀπὸ
2933 895 3133 965 βωμῶν
3177 894 3272 948 καὶ
3320 894 3556 945 εἰδώλων
3593 893 3683 943 κει)

2109 991 2307 1045 θυσιῶν
2339 993 2435 1045 καὶ
2473 990 2739 1059 αἰλούρων
2775 991 2871 1042 καὶ
2898 989 3258 1060 κροκοδείλων
3284 1005 3295 1016 ·
3323 987 3546 1039 τοιαῦτα
3579 985 3680 1052 γὰρ

2105 1074 2174 1150 ἦν
2204 1079 2312 1132 τῶν
2380 1079 2649 1148 Ἑλλήνων
2697 1078 2765 1131 τὰ
2815 1078 3161 1144 σεϐάσματα·
3207 1076 3301 1129 καὶ
3350 1076 3456 1128 τῶν
3515 1075 3687 1128 ἄλλων

2107 1171 2296 1224 κακῶν
2327 1171 2448 1223 τότε
2504 1171 2720 1240 πρῶτον
2749 1172 2794 1202 ³³
2824 1169 3293 1230 ἀποσπασθέντες,
3339 1167 3533 1234 ἀθρόον
3560 1165 3690 1226 τοὺς

2107 1259 2346 1331 ὑψηλοὺς
2373 1259 2482 1314 τῶν
2511 1261 2802 1330 δογμάτων
2842 1261 3089 1324 ἐδέξαντο
3119 1260 3310 1326 λόγους
3336 1275 3348 1323 ;
3394 1257 3513 1319 Πῶς
3539 1257 3582 1308 δ’
3622 1260 3688 1309 ἂν

2106 1354 2201 1406 καὶ
2243 1355 2509 1418 Ἰουδαῖοι,
2545 1356 2594 1408 οἱ
2637 1357 2757 1408 καθ’
2789 1355 3030 1416 ἑκάστην
3069 1354 3283 1422 ἡμέραν
3323 1351 3688 1421 μανθάνοντες

2104 1445 2196 1496 καὶ
2219 1444 2570 1515 ὲνηχούμενοι
2594 1445 2698 1497 ὑπὸ
2736 1444 2829 1497 τοῦ
2863 1445 3029 1514 νόμου
3055 1444 3136 1509 τὸ,
3180 1446 3405 1508 Ἀκουε,
3445 1441 3683 1511 Ἰσραήλο

2104 1538 2310 1610 Κύριος
2359 1543 2386 1592 6
2429 1539 2559 1604 Θεός
2609 1557 2702 1594 σου
2763 1535 2845 1604 εἷς
2900 1541 3037 1604 ἐστι,
3070 1538 3163 1590 καὶ
3192 1537 3331 1606 πλὴν
3375 1537 3539 1591 αὐτοῦ
3585 1538 3688 1588 οὐκ

2102 1631 2249 1684 ἔστιν
2277 1630 2460 1694 ἄλλος*
2501 1631 2596 1684 καὶ
2638 1633 2696 1684 ἐν
2727 1631 2806 1701 τῷ
2838 1629 3057 1701 σταυρῷ
3091 1630 3288 1692 ἰδόντες
3321 1628 3483 1681 αὐτὸν
3513 1645 3685 1695 προσ-

2101 1722 2405 1793 ηλωμένον,
2446 1723 2682 1793 μάλιστα
2707 1722 2880 1776 δὲκαὶ
2915 1720 3328 1791 σταυρώσαντες
3358 1721 3449 1773 καὶ
3483 1717 3691 1786 θάψαν-

2106 1832 2198 1877 τες
2254 1816 2348 1868 καὶ
2410 1815 2531 1868 οὐδὲ
2585 1815 2898 1869 ἀναστάντα
2964 1814 3202 1876 ἰδόντες,
3257 1811 3545 1873 ἀκούοντες
3604 1812 3690 1863 ὅτι

420 1903 566 1958 xime
600 1919 729 1960 vero
765 1907 861 1976 qui
912 1907 1075 1961 etiam
1105 1908 1256 1962 illum
1304 1908 1692 1964 cruciﬁxerant
1767 1916 1821 1963 et
1859 1925 2001 1978 sepe-

2109 1905 2240 1970 Θεός
2280 1907 2425 1961 ἐστιν
2456 1906 2618 1968 αὐτὸς
2659 1900 2814 1970 οὗτος
2842 1906 2936 1958 καὶ
2964 1905 3040 1975 τῷ
3073 1905 3250 1974 ῐίατρὶ
3303 1905 3442 1966 ἴσος,
3486 1904 3585 1955 οὐκ
3623 1902 3690 1954 ἂν

418 1997 649 2051 liverant
671 2012 736 2053 ac
767 2013 836 2053 ne
872 1999 1246 2055 resurrexisse
1280 1999 1501 2069 quidem
1567 2014 1692 2054 eum
1727 2000 1998 2068 viderant,

418 2089 707 2145 audientes
728 2088 878 2145 hunc
913 2091 1090 2162 ipsum
1123 2089 1292 2146 Deum
1320 2106 1442 2146 esse
1459 2106 1522 2147 ac
1543 2090 1688 2146 Patri
1710 2093 2000 2162 aequalem,

419 2195 526 2236 non
562 2181 809 2236 omnium
862 2183 1104 2238 maxime
1155 2182 1521 2247 resiluissent,
1555 2192 1611 2239 et
1674 2184 1888 2254 abrupti
1917 2200 2003 2238 es-

419 2270 576 2326 sent?
625 2271 995 2337 Quamobrem
1060 2271 1328 2341 paulatim
1368 2287 1433 2328 ac
1503 2274 1706 2328 sensim
1749 2273 1871 2329 illos
1932 2273 2001 2329 ad

418 2360 526 2416 hoc
564 2359 861 2425 adducunt,
922 2376 985 2416 ac
1022 2361 1191 2416 multa
1239 2362 1459 2432 quidem
1519 2364 2001 2420 condescensionis

419 2459 476 2506 et
537 2453 1062 2509 accommodationis
1122 2455 1339 2510 ratione
1407 2464 1461 2510 et
1527 2454 2002 2512 administratione

418 2549 667 2609 utuntur,
705 2542 938 2614 largiore
969 2553 1150 2599 autem
1177 2543 1416 2615 Spiritus
1459 2546 1631 2615 gratia
1672 2545 1996 2615 potiuntur:

419 2646 483 2686 ac
534 2634 741 2704 majora
785 2650 948 2704 quam
978 2635 1094 2706 ipse
1125 2635 1379 2692 Christus
1429 2637 1650 2701 fecerat,
1691 2636 1836 2691 illius
1903 2651 2004 2690 no-

419 2723 562 2779 mine
588 2733 836 2796 gerunt:
919 2737 977 2781 ut
1031 2735 1266 2796 utroque
1334 2728 1496 2782 modo
1544 2728 1664 2782 illos
1697 2727 1851 2780 humi
1909 2728 1997 2794 ja-

418 2825 606 2872 centes
670 2819 996 2882 excitarent,
1034 2831 1098 2873 ac
1140 2818 1298 2872 fidem
1355 2818 1601 2874 facerent
1659 2817 1896 2873 orationi
1930 2818 2002 2871 de

418 2909 846 2964 resurrectione.
881 2909 1089 2964 Etenim
1125 2909 1174 2963 id
1206 2909 1552 2978 potissimum
1593 2915 1678 2964 est
1723 2909 1810 2962 hic
1838 2908 1998 2970 liber,

419 3014 617 3069 nempe
677 2999 1076 3056 demonstratio
1145 3000 1643 3072 documentumque
1726 3015 2004 3056 resurrec-

422 3091 594 3147 tionis
628 3110 641 3146 :
679 3093 847 3163 hujus
899 3109 1132 3164 namque
1159 3093 1233 3149 rei
1265 3093 1371 3149 fide
1418 3094 1582 3158 facta,
1619 3094 1830 3164 reliqua
1869 3108 2006 3162 quo-

421 3195 528 3250 que
559 3197 818 3254 prospere
887 3183 1274 3241 succedebant.
1309 3185 1376 3238 Et
1439 3197 1821 3255 argumentum
1863 3187 1990 3255 qui-

2107 1996 2341 2065 μάλιστα
2375 1997 2590 2049 πάντων
2619 1996 2978 2066 ἀπεπήδησάν
3013 2012 3070 2046 τε
3106 1997 3199 2048 καὶ
3240 1993 3640 2065 ἀπερράγησαν
3671 2011 3686 2058 ;

2105 2088 2201 2142 Διά
2237 2089 2394 2141 τοῦτο
2422 2090 2607 2159 ἡρέμα
2651 2089 2744 2142 καὶ
2776 2086 2919 2142 κατὰ
2954 2086 3148 2157 μικρὸν
3181 2087 3378 2147 αὐτοὺς
3418 2084 3690 2154 προϐιϐά-

2103 2179 2278 2244 ζουσι,
2330 2181 2427 2233 καὶ
2476 2178 2646 2250 πολλῇ
2684 2178 2783 2248 μὲν
2822 2178 3118 2248 κέχρηνται
3164 2179 3228 2246 τῇ
3273 2179 3372 2246 τῆς
3412 2192 3690 2243 συγκατα-

2105 2271 2318 2334 ϐάσεως
2380 2270 2687 2342 οἰκονομίᾳ,
2725 2269 3116 2340 δαψιλεστέρας
3148 2286 3206 2322 τε
3260 2268 3304 2300 ³⁷
3352 2267 3689 2319 ἀπολαύουσι

2103 2363 2201 2431 τῆς
2253 2362 2348 2415 τοῦ
2384 2361 2704 2432 Πνεύματος
2734 2362 2977 2434 χάριτος⁹
3029 2363 3123 2415 καὶ
3166 2359 3389 2430 μείζονα
3418 2352 3492 2412 ὧν
3525 2358 3690 2421 αὐτῆς

2103 2453 2412 2524 πεποίηκεν
2462 2454 2790 2524 ἐργάζονται
2842 2452 2918 2524 τῷ
2959 2454 3121 2506 αὐτοῦ
3149 2453 3397 2522 ὀνόματι·
3437 2451 3527 2503 ἵνα
3559 2452 3692 2503 ἐκα-

2102 2545 2342 2617 τέρωθεν
2389 2547 2588 2610 αὐτοὺς
2637 2546 2811 2615 χαμαὶ
2861 2545 3148 2616 κειμένους
3185 2546 3556 2615 ἀναστήσωσι,
3591 2543 3690 2594 καὶ

2104 2639 2195 2690 τὸν
2226 2638 2352 2707 περὶ
2384 2639 2484 2709 τῆς
2530 2640 2887 2700 ἀναστάσεως
2942 2638 3327 2690 πιστὼσωνται
3369 2637 3548 2702 λόγον·
3594 2634 3690 2686 καὶ

2109 2729 2220 2799 γὰρ
2265 2727 2425 2781 τοῦτο
2483 2729 2719 2797 μάλιστά
2750 2733 2868 2782 ἐστι
2912 2729 3062 2782 τουτὶ
3111 2729 3171 2781 τὸ
3225 2727 3428 2797 βιϐλίον
3451 2726 3689 2780 ἀναστά-

2107 2838 2242 2884 σεως
2271 2821 2563 2886 ἀπόδειξις·
2594 2821 2783 2875 τούτου
2829 2821 2938 2891 γὰρ
2988 2821 3402 2886 πιστευθέντος,
3437 2819 3542 2887 ὁδῷ
3593 2819 3688 2871 καὶ

2105 2912 2174 2966 τὰ
2204 2913 2339 2967 ἄλλα
2371 2913 2721 2984 προῦϐαινεν.
2763 2917 2825 2971 Ἦ
2863 2918 2960 2988 μὲν
2991 2913 3084 2971 οὖν
3127 2916 3386 2979 ὑπόθεσις
3417 2916 3510 2968 καὶ
3535 2917 3561 2967 6
3589 2912 3685 2966 τοῦ

2109 3005 2314 3075 βιϐλίου
2343 3007 2544 3070 σκοπὸς
2575 3009 2746 3071 ἅπας,
2789 3011 2864 3072 ὡς
2896 3011 2961 3064 ἄν
2992 3027 3077 3071 τις
3119 3007 3456 3078 παχυμερῶς
3489 3007 3683 3058 συλλα-

2106 3093 2216 3148 ϐὼν
2246 3097 2409 3158 εῐποι,
2461 3089 2619 3161 οὗτος
2672 3097 2718 3130 ³³
2765 3099 3007 3168 μάλιστά
3060 3100 3233 3152 ἐστιν·
3271 3096 3589 3166 ἀκούσωμεν
3625 3094 3684 3147 δὲ

2107 3189 2296 3242 λοιπὸν
2324 3187 2506 3243 αὐτῶν
2546 3189 2654 3243 τῶν
2700 3191 3027 3261 προοιμίων.

421 3273 542 3329 dem
580 3284 743 3345 atque
781 3275 1119 3346 propositum
1162 3277 1284 3332 libri
1322 3276 1660 3344 universum,
1689 3287 1749 3332 ut
1785 3279 1982 3350 aliquis
2003 3294 2064 3336 re
2099 3283 2347 3340 crassius
2410 3270 2808 3355 comprehensa
2869 3284 3092 3349 dixerit,
3165 3284 3270 3340 hoe
3338 3279 3686 3355 potissimum

419 3374 506 3424 est
545 3367 878 3427 :audiamus
917 3378 1097 3426 autem
1129 3371 1382 3440 deinceps
1413 3374 1530 3443 ipsa
1566 3373 1851 3443 principia.

1075 3482 1306 3540 CAPUT
1357 3484 1397 3538 l.

499 3593 662 3650 Vens.
707 3597 756 3653 1.
789 3597 1032 3652 Primum
1061 3595 1270 3666 quidem
1301 3596 1490 3650 librum
1521 3595 1742 3665 confeci,
1767 3611 1796 3648 ο
1829 3595 1995 3650 Theo-

421 3685 585 3756 phila,
615 3688 678 3742 de
699 3689 960 3743 omnibus.

493 3781 928 3838 Commonefacit
957 3780 1318 3854 Theophilum
1346 3782 1642 3853 Evangelii,
1675 3790 1735 3838 ut
1757 3782 1996 3854 exquisi-

421 3881 533 3927 tam
572 3881 625 3927 et
651 3882 961 3929 accuratam
999 3890 1154 3930 suam
1179 3875 1513 3946 diligentiam
1575 3876 1846 3932 ostendat.
1872 3877 1999 3933 Ete-

421 3961 536 4015 nim
560 3961 613 4015 in
641 3963 966 4020 initioillius
997 3965 1178 4033 operis
1210 3982 1224 4018 :
1257 3963 1447 4019 Visum
1477 3973 1578 4031 est,
1610 3966 1805 4036 inquit,
1831 3967 1994 4021 etiam

422 4056 578 4120 mihi,
612 4056 705 4123 qui
761 4057 944 4110 omnia
975 4071 1006 4110 a
1065 4058 1244 4127 capite
1291 4059 1579 4128 diligenter
1643 4061 1995 4132 investigari,

424 4147 690 4217 deinceps
723 4148 820 4202 tibi
849 4147 1091 4203 scribere
1121 4167 1134 4213 ;
1166 4163 1273 4202 non
1316 4149 1640 4219 simpliciter
1667 4160 1868 4217 autem,
1901 4153 1996 4207 sed

423 4239 886 4308 quemadmodum
939 4239 1285 4295 tradiderunt
1342 4242 1507 4297 nobis
1569 4244 1660 4313 qui
1715 4245 1784 4299 ab
1839 4244 1996 4299 initio

423 4340 763 4401 spectatores
783 4339 836 4386 et
875 4332 1111 4386 ministri
1147 4333 1304 4387 Verbi
1367 4335 1612 4394 fuerunt.
1665 4335 1994 4392 Mentionem

424 4419 594 4490 igitur
655 4419 786 4474 facit
827 4421 974 4476 illius
1020 4424 1420 4490 commentarii,
1476 4425 1836 4494 diligentiam,
1889 4441 1997 4497 qua

429 4525 562 4565 usus
594 4517 679 4564 est
725 4511 856 4577 illic,
887 4512 935 4567 ei
975 4511 1228 4584 redigens
1279 4513 1335 4568 in
1386 4517 1725 4571 memoriam.
1759 4517 1999 4587 Diligen-

425 4601 513 4655 tiae
547 4611 726 4657 autem
758 4602 910 4656 illum
949 4604 1391 4672 commonefacit,
1419 4617 1480 4660 ut
1542 4608 1688 4662 illam
1723 4609 1919 4679 ipsam,
1945 4617 1997 4665 et

425 4711 568 4759 eam,
587 4711 692 4766 qua
713 4713 844 4753 usus
869 4705 955 4753 est
981 4697 1035 4752 in
1066 4698 1321 4755 hoclibro
1339 4711 1517 4757 mente
1541 4712 1704 4774 atque
1733 4708 1996 4760 memoria

421 4793 635 4848 tenens,
660 4785 726 4838 ad
757 4800 818 4841 ea
851 4802 972 4856 quae
997 4789 1331 4853 scribuntur,
1361 4794 1594 4848 maxime
1629 4795 1869 4847 animum
1911 4804 1996 4848 at-

421 4874 627 4928 tendat.
652 4875 1016 4942 Quamobrem
1043 4894 1111 4932 ne
1143 4893 1282 4948 Opus
1312 4882 1526 4948 quidem
1555 4883 1641 4936 hic
1667 4884 1858 4938 habuit
1891 4887 1995 4939 alia
2025 4859 2079 4918 Β

420 4965 915 5021 commendatione.
946 4968 1080 5022 Nam
1111 4971 1204 5038 qui
1227 4971 1455 5027 idoneus
1480 4988 1541 5027 ac
1562 4975 1743 5041 gravis
1767 4978 2002 5044 scriptor

425 5052 645 5106 habitus
686 5054 780 5117 sit,
819 5069 884 5108 ac
936 5055 1094 5110 fidem
1145 5056 1341 5112 fecerit
1381 5075 1568 5113 earum
1624 5076 1826 5125 rerum,
1877 5080 1999 5132 qua:

422 5141 649 5206 audivit,
684 5141 812 5198 huic
841 5158 928 5208 ea,
955 5159 1076 5214 quae
1109 5161 1216 5201 non
1258 5148 1326 5202 ab
1359 5148 1482 5203 aliis
1506 5151 1735 5218 accepit,
1763 5151 1856 5205 sed
1882 5153 1998 5222 ipse

424 5234 582 5299 vidit,
606 5235 952 5304 componenti
990 5241 1149 5306 longe
1184 5239 1356 5308 major
1377 5239 1512 5293 ﬁdes
1543 5239 1733 5294 haberi
1756 5240 1998 5296 debebit.

423 5323 637 5379 Idcirco
672 5341 782 5382 non
803 5328 937 5380 dicit
984 5344 996 5380 :
1035 5326 1278 5382 Primum
1334 5330 1554 5399 quidem
1615 5331 1992 5400 Evangelium,

421 5415 571 5482 quod
601 5419 900 5488 conscripsi
932 5437 946 5474 :
982 5421 1100 5483 sed,
1138 5420 1380 5475 Primum
1408 5421 1624 5490 quidem
1669 5422 1864 5477 librum
1895 5441 1990 5479 seu

421 5510 874 5564 commentarium
911 5529 925 5566 :
956 5527 1065 5568 non
1117 5512 1262 5568 enim
1314 5524 1428 5567 erat
1452 5529 1644 5580 vanus,
1697 5523 1752 5568 et
1815 5514 1994 5569 inanis

2696 3485 2952 3540 ΚΕΦΑΛ.
2993 3486 3074 3540 A'.

2180 3593 2295 3649 Τὸν
2323 3595 2444 3666 μὲν
2462 3598 2697 3665 πρῶτον
2727 3597 2916 3666 λόγον
2944 3597 3328 3668 ἐποιησάμην
3364 3597 3498 3664 περὶ
3539 3593 3685 3648 πᾶν-

2102 3703 2242 3756 των,
2264 3681 2314 3744 ὦ
2354 3690 2622 3757 Θεόφιλε.

2188 3781 2621 3852 Ἀναμιμνήσκει
2678 3781 2770 3835 τὸν
2825 3781 3083 3852 Θεόφιλον
3146 3780 3241 3834 τοῦ
3296 3780 3630 3848 Εὑαγγελίου
3663 3820 3679 3844 ,

2106 3869 2247 3922 ὥστε
2301 3869 2398 3941 τὴν
2455 3870 2663 3924 οἰκείαν
2721 3871 3010 3942 ἀκρίϐειαν
3033 3870 3408 3937 ἐνδείξασθαι·
3445 3870 3683 3940 καὶγὰρ

2104 3962 2404 4033 ἀρχόμενος
2422 3964 2465 3996 ³⁸
2492 3964 2708 4035 ἐκείνης
2731 3967 2830 4033 τῆς
2846 3963 3247 4034 πραγματείας,
3268 3963 3454 4032 φησίν·
3487 3961 3676 4024 Ἔδοξε

2106 4055 2278 4126 κάμοὶ
2363 4057 2879 4126 παρακολουθηκότι
2939 4057 3149 4112 ἄνωθεν
3219 4058 3386 4110 πᾶσιν
3437 4057 3683 4124 ἀκριϐῶς

2104 4147 2342 4218 καθεξῆς
2400 4164 2485 4202 σοι
2543 4149 2773 4218 γράψαι,
2821 4149 2920 4218 οὐχ
2975 4148 3164 4212 ἁπλῶς
3202 4149 3296 4214 δὲ,
3334 4150 3468 4202 ἀλλά
3495 4148 3682 4212 καθὼς

2105 4238 2414 4308 παρέδοσαν
2444 4239 2490 4270 ⁸ο
2515 4241 2648 4309 ημῖν
2681 4241 2730 4292 οἰ
2781 4240 3036 4315 ἀπαρχῆς
3065 4240 3334 4294 αὐτόπται
3372 4241 3467 4293 καὶ
3528 4241 3674 4306 ὑπη-

2109 4330 2264 4400 ρέται
2283 4329 2561 4400 γενόμενοι
2585 4331 2675 4384 τοῦ
2701 4331 2898 4400 Λόγου.
2932 4334 3222 4402 Μέμνηται
3245 4332 3339 4385 οὖν
3374 4334 3474 4400 τῆς
3501 4348 3680 4402 πραγ-

2107 4421 2332 4489 ματείας
2353 4421 2699 4491 ὲκείνης,τῆς
2719 4424 2899 4476 ἐκεῖσε
2919 4425 3350 4494 ἀναμιμνήσκων
3373 4423 3673 4494 ἀκριϐείας·

2104 4511 2203 4581 τῆς
2221 4513 2504 4580 ἀκριϐείας
2524 4513 2579 4565 δὲ
2598 4516 3032 4585 ἀναμιμνήσκει,
3055 4517 3140 4569 ἵνα
3161 4517 3260 4588 τὴν
3285 4517 3454 4586 αὐτὴν
3474 4515 3678 4582 ταύτην

2107 4605 2200 4657 καὶ
2216 4603 2315 4674 τὴν
2343 4605 2436 4658 τοῦ
2461 4607 2726 4679 παρόντος
2751 4607 2954 4676 βιϐλίου
2977 4609 3221 4677 κατέχων
3243 4612 3362 4671 ταῖς
3381 4609 3670 4672 διανοίαις,

2106 4697 2355 4767 προσέχῃ
2391 4697 2435 4729 δί
2475 4697 2712 4766 μάλιστα
2771 4701 2885 4760 τοῖς
2948 4699 3352 4769 γραφομένοις·
3411 4701 3505 4752 Διὸ
3555 4699 3679 4752 οὐδὲ

2107 4787 2334 4857 ἐδεήθην
2379 4787 2424 4820 ⁸³
2477 4789 2714 4843 ἐνταῦθα
2770 4791 2963 4860 ἑτέρας
3011 4792 3344 4854 συστάσεως.
3382 4790 3440 4844 '0
3481 4789 3526 4822 “
3569 4791 3681 4861 γάρ

2106 4878 2250 4946 άπερ
2310 4879 2566 4948 ἤκουσεν,
2624 4881 2940 4946 ἀξιόπιστος
2999 4883 3291 4950 γενόμενος
3335 4881 3681 4952 γράψαικαὶ

2110 4970 2442 5035 πιστευθεὶς,
2481 4971 2660 5041 πολλῷ
2696 4973 2916 5042 μᾶλλον,
2957 4973 2992 5027 ἂ
3024 4973 3099 5044 μὴ
3124 4974 3256 5043 παρ’
3286 4975 3488 5044 ἐτέρων
3517 4974 3681 5042 ἡκου-

2102 5077 2218 5126 σεν,
2267 5061 2383 5114 ἀλλ’
2437 5063 2600 5126 αὐτὸς
2634 5061 2764 5129 εἶδε,
2799 5064 2972 5118 ταῦτα
3017 5065 3307 5128 συντιθεὶς,
3358 5065 3565 5127 δίκαιος
3609 5065 3679 5117 ἂν

2100 5153 2184 5221 εῐη
2219 5151 2596 5207 πιστεύεσθαι.
2629 5154 2728 5208 Διά
2753 5153 2911 5208 τοῦτο
2939 5156 2999 5210 οὐ
3029 5156 3201 5224 λέγει,
3223 5157 3296 5209 Τὸ
3329 5157 3428 5225 μὲν
3459 5155 3679 5224 πρῶτον

2102 5245 2456 5314 Εὑαγγέλιον,
2487 5247 2516 5299 ὃ
2556 5248 3024 5319 εὐηγγελισάμην,
3067 5250 3222 5315 ἀλλά,
3246 5250 3349 5302 Τὸν
3399 5250 3496 5319 μὲν
3528 5249 3682 5319 πρῶ-

2103 5355 2196 5391 τον
2241 5337 2418 5406 λόγον,
2457 5339 2545 5392 διὰ
2601 5339 2660 5392 τὸ
2714 5341 2917 5410 ἄτυφον
2951 5341 3115 5394 αὐτὸν
3160 5337 3420 5394 εἶναικαὶ
3459 5339 3681 5410 μετριό-

2104 5447 2300 5500 φρονα,
2357 5432 2452 5485 καὶ
2511 5430 2736 5500 μείζονα
2805 5431 3002 5486 ἑαυτοῦ
3059 5433 3303 5502 νομίζειν
3376 5427 3515 5483 εἶναι.
3581 5428 3676 5482 τοῦ

2104 5518 2444 5587 Εὑαγγελίου
2479 5519 2577 5590 τὴν
2609 5520 3004 5592 προσηγορίανο
3037 5521 3218 5575 καίτοι
3238 5538 3299 5589 γε
3325 5523 3351 5574 6
3377 5519 3676 5582 ἀπόστολος

1628 5677 1829 5740 Varia)
1854 5678 2165 5740 lectiones
2196 5684 2255 5739 et
2290 5685 2480 5740 notm.

498 5797 544 5829 "
584 5798 821 5874 πριῦτοις
842 5809 984 5874 λεῖαι.
1008 5802 1051 5833 ³⁷
1071 5818 1184 5870 pro.
1210 5803 1289 5874 τὲ,
1325 5804 1434 5872 (ego
1458 5802 1534 5856 δέ.
1595 5802 1639 5835 ³⁸
1665 5801 1858 5874 οὕτως.
1886 5812 2001 5874 erat

2105 5807 2108 5827 '
2146 5801 2467 5874 ἀρχόμενον,
2487 5811 2621 5856 erat.
2684 5803 2730 5835 ⁸⁰
2759 5801 3102 5874 παρέδωσαν,
3130 5809 3267 5855 "ai-
3321 5799 3364 5831 "
3391 5801 3670 5873 ’προσέχειν

431 5881 565 5923 erat.
639 5868 684 5901 δ’
719 5867 804 5921 la.
839 5867 1053 5940 ἐδεήθη.

1130 5875 1174 5905 ’³
1203 5871 1391 5937 &,erat
1423 5876 1474 5925 in
1518 5873 1855 5942 apogmpho;
1889 5872 2130 5927 existimo
2159 5873 2510 5941 scribentium,
2535 5873 2582 5926 6.
