4044 6418
309 407 418 474 ειη

1098 403 1505 468 EXPOSITIO
1549 404 1626 464 IN
1669 403 1862 464 ACTA-
1890 402 2466 466 APOSTOLORUM.
2494 431 2566 441 -
2604 404 2766 469 CAP.
2804 407 2852 468 Ι.

3490 399 3614 464 56?."

332 522 497 577 αὐτὸν
533 519 789 576 ἐντεῦθεν
825 519 1048 593 κοσμεῖ,
1080 513 1157 574 Οὗ
1181 521 1211 575 6
1245 519 1486 583 ἔπαινος,
1524 517 1722 587 λέγων,
1756 515 1815 570 ὲν
1837 515 1913 587 τῷ

332 613 392 620 ..-
543 610 559 620 ι
583 611 596 620 ι
1551 597 1563 620 ὅ

2048 517 2208 577 :loria:
2239 519 2470 589 cupidus
2505 536 2520 572 :
2587 521 2683 575 sed
2727 489 3005 574 moderate
3036 517 3103 573 de
3125 530 3185 574 se
3212 515 3500 577 sentiebat,
3535 530 3598 566 ac

326 610 666 682 εὐαγγελίῳ.

2018 610 2280 677 majorem
2331 626 2453 668 esse
2537 611 2762 681 putabat
2818 607 3098 681 Evangelii
3145 607 3587 679 appellationem,

325 721 486 775 quant
516 705 664 776 quod
694 703 766 760 ab
803 718 866 760 se
904 701 1047 759 sumi
1092 702 1337 768 deberet,
1369 715 1684 774 quanquam
1727 700 2032 770 Apostolus
2060 719 2185 759 eum
2221 705 2350 761 hinc
2389 713 2575 773 ornat,
2643 706 2818 776 Cujus
2885 705 3013 759 laus—
3071 710 3176 768 est,
3223 701 3502 771 inquiens,
3537 699 3592 751 in

330 798 643 869 Evangelia.

399 890 493 959 Τῷ
532 891 614 957 δὲ,
647 891 784 960 Περὶ
810 890 1056 957 πάντων,
1093 889 1291 955 είπείν,
1337 887 1487 942 δοκεῖ
1533 886 1912 942 ἐναντιοῦσθαι

331 984 408 1054 τῷ
450 984 817 1055 εύαγγελιστῇ
870 983 1094 1057 Ἰωάννῃ
1120 996 1135 1013 ⁸
1169 982 1223 1036 εί
1267 999 1331 1051 γε
1383 983 1412 1036 6
1447 981 1545 1053 μὲν
1571 980 1757 1052 φησίν*
1801 981 1917 1034 Ούκ

330 1073 395 1144 ἦν
428 1076 608 1129 πάντα
639 1075 869 1146 γράψαιο
904 1077 933 1128 6
975 1075 1036 1128 δὲ
1082 1073 1215 1146 Περὶ
1248 1075 1471 1128 πάντων
1512 1072 1603 1124 τὸν
1641 1071 1798 1140 λόγον
1828 1087 1918 1124 πε.

333 1166 593 1230 ποιῆσθαι
630 1166 678 1198 ⁸⁵
703 1164 800 1218 ἀπ’
850 1165 1030 1236 ἀρχῆς
1068 1164 1231 1234 μέχρι
1283 1163 1384 1233 τῆς
1444 1161 1787 1232 ἀναλήψεως.
1845 1158 1914 1212 Τί

333 1254 425 1310 οὖν
456 1256 833 1327 φαμεν;⁹’οτι,
857 1257 992 1326 Περὶ
1008 1257 1256 1320 πάντων,
1275 1250 1431 1317 οὗτός
1464 1255 1622 1325 φησὶ,
1658 1252 1768 1306 τῶν
1797 1268 1917 1305 συν-

337 1349 571 1418 εχόντων
616 1349 710 1401 καὶ
751 1346 1191 1414 κατεπειγόντων
1246 1346 1414 1417 μηδὲν
1462 1345 1819 1415 παραλιπεῖν,
1860 1343 1920 1408 ἐξ

337 1433 412 1491 ὧν
459 1440 494 1509 ἡ
540 1437 634 1492 τοῦ
690 1437 1049 1508 κηρύγματος
1081 1437 1296 1506 οειότης
1343 1438 1438 1492 καὶ
1466 1437 1694 1508 ἀλήθεια
1746 1453 1926 1490 κατα-

339 1530 697 1597 λαμϐάνεται·
747 1529 923 1584 ταῦτα
956 1528 1068 1600 γὰρ
1097 1528 1132 1582 ἃ
1183 1529 1252 1582 δι’
1289 1520 1366 1582 ὧν
1422 1527 1541 1581 ἐστι
1581 1527 1926 1597 καταμαθεῖν

341 1622 442 1689 τὴν
489 1619 584 1673 τοῦ
621 1620 980 1691 κηρύγματος
1031 1619 1290 1692 Θειότητα
1321 1622 1422 1675 κοιλ⁸
1457 1619 1742 1692 ἀλήθεια-ν,
1777 1621 1872 1674 καὶ
1895 1621 1924 1673 6

341 1715 555 1775 Λουκᾶς
617 1713 713 1766 καὶ
750 1713 984 1774 ἕκαστος
1025 1712 1136 1766 τῶν
1213 1711 1622 1780 εύαγγελιστῶν
1667 1712 1748 1783 τῷ
1805 1712 1924 1782 ἰδίῳ

343 1805 489 1873 λόγῳ
534 1804 948 1873 κεφαλαιωδῶς,
984 1805 1079 1858 καὶ
1105 1804 1180 1868 ώς
1211 1805 1268 1857 ὲν
1295 1803 1648 1858 ὑποτυπώσει
1677 1804 1925 1873 ἀκριϐῶς

2087 884 2260 941 Porro
2292 885 2470 957 quod,
2492 887 2570 942 de-
2600 886 2856 942 omnibus
2895 885 3052 949 dixit,
3090 885 3195 940 hoc
3249 882 3422 936 verbo
3456 880 3604 933 vidc-

2022 984 2114 1032 tur
2160 975 2356 1032 Joanni
2418 979 2768 1049 evangelista:
2807 977 3137 1032 adversari:
3195 973 3466 1046 siquidem
3511 972 3603 1025 ille

2021 1068 2172 1134 dicit,
2206 1083 2316 1122 non
2382 1068 2622 1138 potuisse
2674 1069 2856 1123 omnia
2929 1067 3118 1130 scribi,
3171 1066 3259 1120 li‘i-c
3292 1079 3439 1128 vero,
3473 1077 3596 1118 sese

2024 1157 2092 1213 de
2145 1158 2400 1213 omnibus
2451 1158 2744 1228 scripsisse
2802 1173 2830 1212 a
2901 1156 3171 1228 principio
3205 1170 3380 1225 usque
3406 1155 3471 1206 ad
3502 1168 3603 1206 as-

2024 1250 2412 1320 sumptionem.
2474 1250 2614 1316 Quid
2668 1251 2832 1321 igitur
2875 1250 3110 1305 dicimus
3138 1250 3164 1303 ?
3196 1261 3392 1316 nempe
3428 1247 3592 1306 hunc,

2029 1342 2173 1411 quod
2203 1342 2356 1406 dicit,
2408 1342 2476 1397 de
2499 1343 2780 1409 omnibus,
2815 1342 3124 1411 signiﬁcare
3148 1355 3207 1395 se
3236 1355 3302 1394 ex
3360 1339 3450 1401 iis,
3483 1337 3605 1406 qui-

2028 1434 2133 1490 bus
2164 1449 2256 1490 res
2316 1434 2609 1497 nitebatur,
2649 1449 2838 1504 quisve
2888 1433 2940 1486 in
2998 1430 3193 1500 primis
3253 1429 3610 1500 requireban-

2023 1535 2136 1589 tur,
2172 1541 2238 1579 ex
2287 1524 2488 1596 quibus
2527 1524 2784 1580 divinitas
2834 1521 3246 1593 pnedicationis
3301 1529 3357 1574 et
3406 1518 3611 1573 veritas

2026 1614 2482 1685 deprehenditur,
2521 1615 2656 1670 nihil
2706 1611 3147 1684 praztermisisse.
3180 1610 3316 1664 Nam
3354 1610 3469 1674 illa,
3506 1623 3610 1677 per

2022 1723 2144 1778 quae
2183 1705 2441 1762 divinitas
2493 1713 2548 1760 et
2612 1707 2818 1762 veritas
2885 1702 3296 1776 praedicationis
3355 1698 3614 1770 cognosci

2022 1809 2224 1870 potest,
2305 1810 2428 1853 cum
2492 1798 2709 1863 Lucas,
2783 1807 2895 1852 tum
2946 1796 3405 1866 evangelistarum
3458 1790 3612 1861 quis-

345 1894 741 1962 ὲγκατὲταξαν·
769 1895 865 1948 καὶ
889 1895 1055 1958 αὐτὸς
1082 1895 1140 1948 δὲ
1161 1894 1364 1963 ὁμοίως
1389 1895 1417 1947 6
1445 1893 1697 1963 θεολόγος
1737 1893 1919 1947 Ἰωάν-

2048 1909 2131 1963 ιιιε
2157 1894 2211 1947 in
2245 1907 2406 1948 suum
2436 1892 2636 1947 librum
2672 1892 3014 1957 summatim,
3045 1883 3296 1960 aequasi
3337 1900 3430 1955 per
3470 1883 3608 1937 deli-

347 2005 442 2057 νης
474 1987 603 2058 περὶ
633 1987 853 2041 πάντων
883 1986 1090 2041 τούτων
1120 1984 1396 2039 διέλαϐεν.
1435 1986 1508 2038 Οὐ
1538 1985 1646 2053 γὰρ
1681 1985 1934 2039 ἐνέλιπον

348 2097 422 2143 τι,
469 2080 536 2132 δι’
587 2072 662 2133 ὧν
692 2079 727 2150 ἦ
765 2095 827 2132 τε
856 2079 1002 2133 κατὰ
1052 2078 1232 2150 σάρκα
1279 2077 1376 2132 τοῦ
1427 2078 1604 2146 Λόγου
1641 2077 1934 2148 οίκονομία

353 2170 673 2224 πιστεύεται
730 2187 792 2223 τε
850 2171 948 2224 καὶ
1007 2170 1476 2239 ἐπιγινώσκεται,
1533 2167 1630 2221 καὶ⁴
1693 2169 1727 2238 ή
1791 2168 1934 2223 κατὰ

357 2263 456 2334 τὴν
502 2262 734 2333 θεότητα
777 2262 944 2316 αὐτοῦ
992 2262 1352 2333 μεγαλειότης
1389 2259 1685 2331 διαλάμπει
1731 2276 1790 2313 τε
1838 2260 1935 2313 καὶ

350 2355 730 2424 ἐμφανίζεται.
781 2357 872 2426 Μὴ
905 2356 1160 2426 χωρῆσαι
1197 2353 1299 2425 μέν
1348 2370 1435 2406 τοι
1491 2352 1562 2405 τὰ
1607 2350 1934 2424 γραφόμενα

356 2444 536 2514 βιϐλία
585 2445 676 2498 τὸν
745 2444 948 2516 κόσμον
1010 2445 1040 2498 6
1095 2443 1344 2511 Ἰωάννης
1397 2443 1609 2513 φησὶν,
1682 2443 1732 2495 εἰ
1792 2440 1936 2495 κατὰ

357 2537 522 2606 μέρος
601 2535 699 2591 καὶ
752 2537 848 2589 ἐπὶ
934 2534 1118 2606 λεπτῷ
1190 2535 1369 2589 πάντα
1449 2534 1752 2604 γράφοιτο,
1815 2532 1851 2587 ἂ
1909 2534 1938 2586 6

356 2628 639 2698 Δεσπότης
699 2624 821 2682 εἰπέ
855 2644 915 2681 τε
957 2629 1052 2682 καὶ
1089 2628 1347 2697 εποίησε·
1383 2625 1630 2697 μάλιστα,
1665 2625 1722 2678 δὲ
1752 2624 1801 2677 εί
1840 2624 1940 2677 καὶ

356 2719 484 2782 τοὺς
528 2718 720 2787 λόγους
752 2720 862 2773 τῶν
895 2718 1240 2789 πραγμάτων
1273 2717 1368 2771 καὶ
1397 2715 1705 2788 εἰρημένων
1744 2714 1942 2785 ἐπιζη-

359 2814 468 2866 τῶν
491 2830 574 2875 τις
605 2817 923 2867 συντάττειν
963 2813 1205 2884 βούλοιτο
1223 2815 1292 2882 τῇ
1319 2813 1538 2883 Γραφῇ.
1579 2812 1642 2865 Ol
1671 2809 1780 2885 γὰρ
1814 2811 1943 2864 τού-

361 2921 474 2958 των
502 2904 650 2974 λόγοι
683 2905 778 2960 καὶ
810 2905 879 2958 τὰ
908 2905 1084 2970 αῐτια,
1113 2904 1236 2957 καθ’
1265 2903 1302 2959 ἃ
1331 2905 1555 2974 ἐνήργει
1593 2903 1691 2956 καλ¹
1734 2901 1941 2970 ἔλεγεν,

359 2993 488 3048 οὔτε
515 2994 799 3066 λογισμοῖς
837 2993 1226 3066 ἀνθρωπίνοις.
1253 2991 1472 3062 ληπτοὶ,
1507 2987 1632 3043 οὔτε
1676 2987 1938 3057 γνωστοὶ,

364 3089 505 3161 πλὴν
529 3092 613 3145 ὅτι
638 3091 714 3154 ὡς
751 3091 780 3143 6
821 3089 956 3154 Θεὸς
994 3089 1290 3160 ἔπραττεν,
1328 3087 1365 3141 ἃ
1418 3084 1677 3154 ἔπραττε,
1708 3083 1806 3136 καὶ
1841 3082 1942 3152 τὴν

365 3181 722 3252 ἀνθρωπίνην
752 3179 913 3251 φύσιν
940 3179 1326 3248 πιστούμενοςο
1363 3175 1488 3230 οὔτε
1528 3175 1674 3245 λόγῳ
1709 3173 1942 3246 ῥηθῆναι

2033 1983 2343 2038 neationem
2410 1982 2683 2037 industrie
2720 1982 3117 2052 diligenterque
3166 1977 3494 2040 retulerunt,
3528 1983 3612 2027 at-

2033 2091 2139 2145 que
2171 2075 2287 2144 ipse
2321 2074 2576 2129 similiter
2617 2071 2858 2128 Joannes
2903 2073 2994 2127 ille
3041 2069 3354 2139 Theologus
3384 2081 3447 2120 ac
3491 2064 3617 2120 Dei-

2035 2167 2162 2222 tatis
2184 2181 2364 2236 praaco
2400 2164 2468 2220 de
2507 2165 2593 2220 his
2640 2165 2898 2221 omnibus
2953 2155 3358 2218 commentatus
3416 2165 3502 2214 est
3534 2164 3618 2210 at-

2034 2271 2140 2325 que
2173 2255 2450 2311 tractavit.
2514 2253 2630 2309 Non
2703 2254 2850 2309 enim
2914 2251 3121 2324 aliquid
3177 2267 3364 2306 earum
3436 2262 3618 2302 rerum

2036 2345 2524 2416 praetermiserunt,
2569 2357 2663 2411 per
2695 2356 2833 2410 quas
2890 2351 3005 2393 tum
3044 2354 3132 2400 ea,
3171 2352 3294 2408 qua:
3344 2335 3400 2390 in
3456 2349 3621 2388 carne

2037 2433 2286 2503 contigit,
2315 2430 2718 2486 administratio
2743 2427 2907 2484 Verbi
2935 2427 3174 2482 creditur
3200 2431 3365 2493 atque
3417 2436 3622 2489 cogno-

2038 2527 2232 2592 scitur,
2261 2534 2372 2580 tum
2405 2540 2468 2578 ea
2494 2537 2612 2593 quae
2639 2523 2696 2577 in
2746 2521 2950 2577 deitate
2973 2519 3094 2589 ejus
3114 2526 3219 2580 est,
3236 2516 3492 2584 maiestas
3508 2512 3626 2567 elu-

2039 2624 2126 2672 cet
2157 2623 2321 2685 atque
2359 2613 2693 2669 declaratur.
2725 2612 2795 2666 At
2821 2610 3062 2666 Joannes
3099 2611 3362 2664 mundum
3396 2604 3473 2659 ait
3511 2619 3638 2658 non-

2041 2718 2330 2778 capturum
2364 2721 2452 2772 ea,
2502 2721 2624 2776 quae
2679 2712 3040 2760 exararentur
3085 2699 3386 2762 volumina,
3419 2697 3463 2751 si
3496 2709 3625 2766 par-

2038 2801 2312 2858 ticulatim
2361 2813 2423 2854 ac
2480 2796 2793 2853 minutatim
2821 2794 3005 2850 omnia
3045 2791 3439 2850 scriberentur,
3504 2801 3626 2856 quac

2042 2893 2307 2950 Dominus
2327 2897 2385 2948 et
2402 2891 2540 2947 dixit
2559 2898 2614 2946 et
2632 2888 2764 2945 fecit
2792 2906 2805 2942 :
2851 2887 3094 2942 maxime
3117 2899 3246 2940 vero
3262 2884 3308 2938 si
3328 2883 3449 2950 quis
3461 2881 3624 2935 etiam

2041 2987 2282 3043 rationes
2301 2984 2564 3040 factorum
2582 2991 2750 3053 atque
2772 2982 3043 3037 dictorum
3068 2979 3351 3050 requirens
3371 2975 3420 3045 5
3449 2974 3622 3040 scrip-

2043 3087 2165 3134 tura
2193 3065 2447 3149 persequi
2483 3083 2647 3147 atque
2673 3074 2961 3146 complecti
2982 3072 3130 3128 velit.
3153 3069 3628 3126 lllorumenimra-
3689 3131 3714 3152 ο

2040 3173 2221 3228 tiones
2242 3180 2294 3227 et
2315 3185 2495 3227 causa:
2524 3176 2747 3240 propter
2775 3181 2912 3237 quas
2941 3165 3160 3235 aliquod
3191 3161 3275 3218 vel
3297 3160 3512 3216 dicebat
3542 3158 3625 3210 vel

365 3250 617 3336 δυνατοὶ.
675 3250 797 3330 ἀλλ’
836 3273 962 3326 οὐδὲ
1032 3273 1221 3343 γραφῇ
1262 3267 1607 3341 παραδοῦναι
1667 3266 1940 3338 χωρητοί’

2050 3263 2282 3320 faciebat
2333 3260 2755 3333 cogitationibus
2777 3257 3032 3312 humanis
3066 3269 3242 3324 neque
3265 3250 3497 3323 percipi,
3527 3264 3624 3300 nc-

369 3367 545 3430 ἄὶλως
587 3383 646 3419 τε
678 3366 736 3419 δὲ
765 3367 862 3420 καὶ
907 3366 992 3431 16,
1019 3359 1198 3436 οἶμαι,
1227 3360 1549 3433 προστεθὲν,
1583 3358 1951 3429 τὴνύπερὸο-

366 3459 466 3530 λὴν
491 3457 714 3523 κολάζει
748 3458 844 3512 τοῦ
873 3457 1062 3526 λόγου,
1098 3456 1193 3510 καὶ
1222 3454 1325 3509 ούκ
1362 3452 1668 3519 ὲξάπαντος
1706 3451 1952 3505 δείκνυσι

369 3548 774 3617 διατεινόμενον
821 3546 896 3617 μὴ
925 3545 1180 3616 χωρῆσαι

2054 3371 2163 3428 que
2198 3355 2480 3427 cognosci,
2529 3367 2708 3423 neque
2757 3350 3006 3405 oratione
3054 3346 3317 3418 explicari
3378 3349 3628 3414 possunt,

2056 3456 2254 3518 praeter
2305 3445 2436 3516 quid
2492 3443 2640 3515 quod
2690 3451 2948 3512 tanquam
3011 3437 3156 3493 Deus
3212 3435 3430 3505 agebat,
3484 3430 3632 3501 quod

2055 3542 2275 3609 agebat,
2325 3539 2488 3594 etiam
2529 3538 2826 3592 humanam
2876 3532 3095 3587 interim
3157 3538 3408 3583 naturam
3439 3539 3540 3595 pra:
3578 3538 3639 3577 se

371 3644 551 3700 ferens
583 3661 598 3699 :
632 3651 796 3712 atque
845 3642 984 3698 adeo
1032 3657 1102 3696 ne
1158 3639 1452 3710 scriptura:
1489 3637 1710 3709 quidem
1776 3636 2025 3692 mandari
2081 3647 2250 3706 atque
2307 3631 2697 3702 comprehendi
2747 3634 3000 3699 possunt,
3056 3633 3112 3679 et
3175 3621 3418 3691 alioquin
3475 3617 3638 3671 etiam

371 3737 621 3802 verbum,
650 3736 876 3805 opinor,
921 3732 1232 3804 appositum
1256 3731 1731 3802 exsuperationem
1758 3738 1810 3784 et
1853 3729 2280 3798 superlationem
2315 3724 2542 3794 corrigit
2579 3719 2848 3776 orationis
2919 3725 2976 3772 et
3038 3712 3277 3771 ostendit
3337 3723 3462 3764 eum
3530 3719 3639 3759 non

372 3833 794 3888 contendentem
824 3838 880 3884 et
907 3837 1337 3894 asseverantem,
1390 3827 1652 3882 mundum
1685 3841 1915 3896 prorsus
1949 3839 2012 3879 ac
2043 3824 2267 3894 penitus
2289 3827 2579 3890 capturqu
2619 3831 2727 3870 non
2751 3813 2944 3868 fuisse.

448 3928 602 3980 Ἐστι
636 3926 694 3979 δὲ
718 3925 812 3979 καὶ
861 3923 1020 3977 τοῦτο
1057 3925 1252 3983 εἰπεῖν.
1320 3923 1402 3976 ὅτι
1473 3914 1632 3983 οὗτος
1659 3922 1688 3973 6
1716 3921 1945 3987 εὐαγγε-

385 4018 579 4091 λιιι-τὴς,
608 4019 732 4071 ἐπεὶ
767 4017 969 4089 μᾶλλον
1000 4017 1108 4070 τῶν
1135 4016 1309 4071 ἄλλων
1347 4018 1413 4084 τῇ
1451 4012 1656 4084 θεωρίᾳ
1681 4008 1956 4080 ἐνδιατρί-

382 4114 482 4180 ϐει,
537 4113 764 4175 εἰκότως
791 4110 1011 4165 ἅπαντα
1049 4107 1212 4163 αὐτοῦ
1240 4107 1310 4161 τὰ
1369 4106 1506 4176 ἔργα
1548 4105 1644 4156 καὶ
1676 4103 1959 4171 ποιήματα

377 4205 658 4275 γινώσκει,
686 4204 746 4257 οὐ
772 4201 931 4273 μόνον
957 4200 995 4256 ἃ.
1027 4199 1164 4272 μετὰ
1222 4197 1426 4269 σαρκὸς
1458 4193 1790 4260 ἐπεδείξατο,
1825 4191 1961 4245 ἀλλὶ

379 4299 476 4351 καὶ
525 4297 671 4367 ἅπερ
698 4295 758 4359 ἐξ
781 4294 976 4355 αἰῶνος
1007 4289 1442 4362 ἐδημιούργησεν
1481 4284 1753 4356 άσώματά
1780 4301 1839 4336 τε
1867 4282 1962 4335 καὶ

383 4385 526 4458 μετὰ
557 4385 832 4453 σώματος’
862 4375 936 4434 ὧν
967 4379 1067 4449 τῆς
1100 4379 1292 4439 οὐσίας
1322 4376 1494 4447 πέρας
1522 4375 1618 4427 καὶ
1651 4374 1750 4441 τῆς
1790 4388 1962 4443 προσ-

381 4478 608 4548 αγωγῆς
642 4476 736 4531 καὶ
784 4475 884 4544 τῆς
946 4472 1206 4543 διαφορᾶς
1262 4469 1487 4537 καὶτῆς
1521 4464 1830 4536 ὑπάρξεως,
1867 4463 1962 4516 καὶ⁸

383 4573 492 4625 τῶν
519 4572 720 4632 ἄλλων,
749 4567 805 4621 εἴ
829 4584 912 4630 τις
947 4565 1181 4637 γράφειν
1206 4561 1332 4615 καθ’
1361 4561 1595 4614 ἕκαστον
1635 4554 1961 4628 ἐπιχειροίη,

2137 3915 2326 3970 Potest
2360 3889 2540 3965 autem
2577 3909 2682 3963 hoc
2716 3917 2939 3976 quoque
2971 3899 3103 3965 dici,
3167 3896 3312 3949 hunc
3367 3889 3643 3957 cvangeli-

2066 4017 2228 4072 stam,
2254 4005 2380 4072 quia
2417 4001 2591 4071 magis
2623 4013 2786 4069 quam
2813 3991 3001 4050 caeteri
3029 3985 3387 4060 speculationi
3414 3979 3640 4040 insistit,

2072 4100 2270 4155 riterito
2334 4098 2594 4151 universa
2657 4091 2807 4146 illius
2852 4100 3018 4156 opera
3047 4097 3111 4138 ac
3145 4074 3637 4142 factaiutelligcre,

2072 4193 2180 4247 non
2229 4205 2295 4245 ea
2349 4187 2513 4242 modo
2577 4199 2701 4256 quae
2752 4194 2880 4235 eum
2927 4189 3095 4232 carne
3146 4168 3422 4243 praestitit,
3458 4179 3644 4219 verum

2069 4279 2233 4333 etiam
2264 4291 2327 4331 ea
2376 4289 2496 4345 qua:
2551 4289 2578 4326 a
2633 4269 2834 4326 saeculo
2861 4265 3042 4322 effecit
3077 4263 3400 4328 incorporea
3453 4268 3648 4323 corpo-

2063 4385 2303 4440 reaquc:
2333 4381 2567 4437 quorum
2599 4374 2812 4418 natura:
2862 4361 3023 4413 tinem
3052 4367 3104 4411 et
3166 4349 3546 4424 productionis
3597 4357 3653 4400 et

2067 4439 2386 4518 dill‘erentia?
2440 4465 2495 4514 et
2541 4453 2866 4512 substantias
2925 4456 3361 4513 caeterorumque
3417 4441 3463 4495 si
3525 4439 3650 4509 quis

2068 4552 2385 4623 singulatim
2409 4549 2650 4606 scribere
2683 4542 3052 4614 aggrediatur,
3086 4552 3175 4602 ne,
3216 4536 3272 4590 si.
3301 4534 3426 4604 quis
3481 4531 3650 4587 etiam

385 4664 499 4717 οὐτ’
554 4663 644 4724 ἂν,
697 4629 750 4714 ετ
779 4676 861 4722 τις
895 4629 998 4710 καὶ.
1034 4629 1151 4725 δοίη
1177 4652 1339 4707 τοῦτο
1393 4651 1538 4705 κατὰ
1590 4648 1943 4718 συγχώρησιν

2076 4645 2182 4701 hoc
2214 4645 2306 4698 det
2330 4657 2429 4714 per
2468 4639 2912 4698 concessionem,
2951 4631 3069 4688 fieri
3103 4629 3322 4700 quidem
3354 4633 3559 4696 posset,
3591 4631 3653 4676 ut

385 4754 611 4809 δυνατὴν
632 4717 728 4822 ἐἴη
758 4717 856 4805 τὸν
878 4752 1084 4819 κόσμον
1113 4717 1182 4799 τά
1214 4743 1540 4816 γραφόμενα
1564 4738 1749 4811 βιϐλία
1783 4717 1944 4809 χωρῆ·

2074 4736 2315 4792 mundus
2371 4738 2592 4803 caperet
2674 4724 3001 4789 volumina,
3067 4736 3192 4791 qua:
3255 4717 3648 4774 scriberentur.

390 4865 502 4902 σαι.
532 4847 598 4901 Ei
635 4846 802 4907 δὲοτις
861 4844 955 4895 καὶ
1003 4841 1212 4907 κόσμον
1275 4833 1511 4889 ἐνταῦθα
1559 4832 1621 4885 ού
1645 4831 1737 4884 16v
1767 4831 1973 4900 κόσμον

2076 4827 2230 4896 Quod
2259 4828 2304 4882 si
2367 4826 2492 4897 quis
2549 4823 2714 4879 etiam
2771 4817 3036 4874 mundum
3081 4814 3192 4878 hic,
3246 4827 3356 4866 non
3387 4808 3654 4863 mundum

394 4900 602 5006 ἁπλῶς,
639 4900 896 4994 ἀλλὰστὸν
925 4937 1018 4990 ἐπὶ
1041 4900 1269 5006 πονηρῷ
1289 4931 1542 5000 κείμενον
1570 4927 1856 4998 ἄνθρωπον
1880 4942 1944 4976 κο

2080 4917 2428 4990 simpliciter,
2488 4915 2583 4971 sed
2614 4929 2764 4976 eum,
2826 4908 2924 4980 qui.
2974 4905 3326 4977 improbitate
3355 4900 3570 4957 obsitus
3592 4913 3656 4952 ac

392 5035 461 5090 τὰ
491 5033 583 5088 τοῦ
606 5036 813 5108 κόσμου
833 5032 926 5084 καὶ
955 5031 1022 5082 τὰ
1056 5027 1157 5098 τῆς
1189 5025 1390 5094 σαρκὸς
1418 5021 1638 5076 ἐκλάϐοι
1655 5016 1975 5090 φρονοῦντα·

395 5107 669 5197 πολλαχοῦ
723 5125 833 5194 γάρ
867 5123 960 5176 καὶ
989 5119 1164 5182 οὕτως
1201 5117 1456 5187 εἴληπται
1475 5115 1576 5183 τῆς
1608 5110 1855 5183 Γραςρτῖγς⁸
1888 5107 1975 5160 εί-

394 5222 570 5282 κότως
637 5219 785 5286 λέγει
822 5218 851 5270 6
893 5213 1166 5281 Ἰωάννης,
1188 5211 1270 5263 ὅτι
1302 5210 1364 5262 Et
1389 5208 1572 5260 πάντα
1586 5206 1632 5238 ⁸⁸
1668 5204 1736 5256 τὰ
1761 5202 1974 5269 θαυμα-

394 5311 776 5382 τουργηθέντα
829 5307 982 5378 παρὰ
1040 5305 1134 5359 τοῦ
1195 5301 1434 5374 Χριστοῦ
1487 5298 1703 5368 θελήσει
1734 5313 1819 5358 τις
1843 5295 1980 5346 ἀνα-

2081 5010 2344 5084 praaditus
2365 5015 2474 5076 est,
2500 5005 2802 5068 hominem,
2832 5016 2896 5056 ac
2921 4999 3198 5054 mundana
3225 5007 3388 5063 atque
3413 4990 3656 5048 carnalia

2083 5080 2271 5159 animo
2321 5100 2613 5172 agitantem
2677 5093 2942 5164 accipiat:
2987 5093 3039 5145 in
3103 5089 3288 5143 multis
3316 5085 3462 5140 enim
3525 5080 3659 5135 locis

2089 5195 2386 5265 Scriptura:
2401 5192 2565 5248 etiam
2595 5188 2676 5244 sic
2699 5185 2966 5256 accipitur
2995 5201 3007 5236 :
3055 5187 3202 5235 recte
3224 5177 3357 5232 dicit
3379 5173 3618 5228 Joannes
3637 5211 3650 5233 ,

2089 5259 2246 5352 Quod
2293 5285 2339 5339 si
2377 5282 2510 5353 quis
2554 5277 2762 5341 omnia,
2808 5289 2931 5345 quae
2985 5287 3015 5326 a
3065 5267 3286 5325 Christo
3339 5259 3661 5316 mirabiliter

704 5401 806 5454 ούκ
831 5364 1310 5470 ἂνιχωρήσαιενοί
1341 5364 1611 5454 τοιοῦτοι,⁷
1651 5386 1728 5457 τῷ
1784 5384 1944 5456 πλήθε

2089 5381 2232 5435 facta
2271 5385 2420 5440 sunt,
2466 5372 2664 5428 litteris
2693 5364 3125 5425 mandarevelit,
3148 5371 3345 5429 capere
3363 5369 3471 5409 non
3501 5366 3664 5422 posse

2319 5469 2330 5473 ‘
2452 5467 2462 5473 ·
2692 5470 2701 5473 -
2859 5459 2937 5473 --'-
3002 5455 3108 5473 νη-
3142 5465 3202 5473 --
3258 5441 3659 5473 ...-..-:ﬂnnn|:n

397 5497 508 5548 τῶν
535 5494 714 5564 ἔργων
738 5491 833 5546 καὶ
859 5494 926 5561 τῇ
950 5485 1334 5560 μεγαλειότητι
1365 5484 1446 5547 εἰς
1469 5479 1730 5535 ἀπιστίαν
1760 5476 1984 5545 μᾶλλον,

397 5587 435 5658 ἦ
460 5587 542 5656 εἰς
565 5539 1116 5652 ⁵ἐπισταλῇλίανιλοῗύντες
1176 5539 1508 5645 ὑπάγεσθαι.
1565 5571 1676 5626 Καὶ
1727 5539 1837 5640 γάρ
1891 5567 1939 5620 δι

2087 5539 2312 5634 cperunt
2371 5558 2439 5614 ad
2491 5553 2930 5613 incredulitatem
2989 5544 3135 5604 soliti
3171 5539 3390 5597 adduci.

2086 5486 2206 5535 eos,
2240 5469 2333 5540 qui
2392 5467 2530 5521 tales
2580 5470 2730 5528 sunt,
2763 5455 3114 5514 multitudine
3140 5465 3203 5505 ac
3258 5441 3662 5518 magniﬁcentia

3449 5533 3663 5590 Etenim

1620 5706 2153 5773 Variaelectiones
2185 5709 2246 5766 et
2282 5706 2470 5764 uotae.

479 5841 909 5908 ιδπεποιεῖοθαι,
939 5850 1071 5896 erat.
1148 5840 1193 5872 “
1209 5839 1430 5903 πάντες,
1455 5847 1592 5893 erat.
