4044 6418
390 381 486 445 E03

1265 381 1841 442 TIIEOPI—IYLAC’I‘I
1884 384 2299 446 BULGARUE
2328 387 2680 449 ARCHIEP.

3547 389 3648 452 {:04

390 499 594 554 Idcirco
621 497 807 555 multis
831 498 882 554 in
913 499 1051 555 locis
1085 501 1462 571 evangelistre,
1489 515 1552 554 ac
1579 515 1956 570 smpenumcro
1983 553 1990 562 ,

2095 503 2216 558 οὖτο
2237 505 2505 575 πολλαχοῦ
2545 507 2593 558 οἱ
2628 503 3017 572 εὖαγγελισταὶ
3066 501 3160 558 καὶ
3186 502 3447 565 πολλάκις
3478 501 3651 569 δῆμον

391 603 530 645 totas
563 600 812 650 catervas
840 606 1052 657 eorum,
1117 592 1210 662 qui
1248 592 1425 646 sanati
1492 590 1735 655 fuerunt,
1796 592 1966 646 silen-

395 686 470 738 tio
505 683 950 752 praetermittunt,
996 700 1060 740 ac
1087 685 1256 738 multa
1313 683 1581 737 miracula
1638 689 1965 738 transeunt:

392 779 774 831 tantummodo
807 777 1206 848 significantes,
1257 777 1460 830 multos
1493 792 1520 829 a
1557 776 1726 830 variis
1766 778 1969 833 morbis

395 870 678 938 iiberatos,
727 880 779 926 et
808 871 978 924 multa
1038 869 1178 924 facta
1215 883 1336 925 esse
1370 869 1658 931 miracula,
1695 878 1746 923 et
1775 869 1970 938 hujus-

394 962 563 1027 modi,
602 963 974 1017 narrationem
1006 969 1185 1016 autem
1220 975 1329 1015 non
1377 971 1680 1032 exponunt.
1726 961 1969 1016 Plurium

393 1054 534 1108 enim
600 1054 949 1124 particularis
987 1054 1232 1108 narratio
1267 1053 1641 1108 crassioribus
1690 1062 1744 1107 et
1784 1070 1974 1109 errore

393 1145 813 1214 praeoccupatis,
878 1143 1321 1197 incredulitatem
1353 1143 1535 1213 potius
1566 1152 1732 1211 atque
1757 1143 1974 1199 detrec-

394 1236 653 1290 tationem
710 1245 764 1290 et
820 1237 1219 1292 aversationem
1285 1235 1740 1299 auscultationis,
1809 1251 1972 1305 quam

395 1328 555 1382 iidem
589 1335 642 1382 et
675 1327 1012 1382 alacritatem
1046 1328 1109 1384 ad
1141 1327 1558 1384 auscultandum
1585 1327 1723 1382 solet
1755 1328 1978 1397 ingene-

395 1435 451 1472 l“.l
462 1435 536 1473 I'O.

467 1512 600 1576 Qua:
621 1510 779 1566 Iesus
815 1514 973 1582 coepit
1006 1522 1114 1566 tum
1152 1513 1527 1582 facere,quant
1557 1510 1763 1566 docere.

467 1602 730 1658 Miracula
757 1612 919 1674 atque
949 1604 1257 1658 doctrinam
1311 1603 1483 1658 dicit:
1531 1617 1640 1657 non
1682 1603 1858 1657 solum
1881 1615 1980 1656 au-

398 1705 508 1750 tem
578 1697 701 1760 hoc,
756 1713 948 1751 verum
1006 1697 1193 1760 etiam,
1248 1695 1393 1766 quod
1438 1692 1692 1750 faciendo
1739 1695 1978 1749 doceret.

398 1785 515 1841 Non
568 1788 712 1841 enim
742 1788 925 1842 verbis
972 1787 1192 1857 quidem
1228 1787 1544 1842 hominibus
1581 1786 1896 1850 mandabat,
1923 1794 1982 1840 ut

401 1877 664 1941 facerent,
703 1878 820 1946 ipse
847 1892 974 1931 vero
1009 1893 1117 1932 non
1153 1876 1415 1942 faciebat,
1473 1876 1566 1932 sed
1598 1892 1692 1945 per
1714 1890 1799 1938 ea,
1859 1891 1982 1945 qua:

399 1971 516 2037 ipse
550 1967 806 2034 faciebat,
842 1969 1006 2022 etiam
1041 1967 1295 2022 homines
1323 1967 1673 2032 admouebat,
1705 1975 1763 2020 ut
1786 1967 1851 2020 ad
1897 1967 1981 2022 sui

402 2060 769 2114 imitationem
805 2068 856 2113 et
885 2059 1128 2114 studium
1172 2059 1398 2114 virtutis
1429 2074 1552 2114 sese
1599 2058 1981 2114 transferrent.

403 2150 698 2206 Sciendum
731 2161 814 2208 est
848 2159 1032 2207 autem
1059 2150 1422 2222 Theophilum
1466 2167 1634 2206 unum
1694 2151 1867 2208 fuisse
1919 2151 1987 2206 de

405 2259 635 2298 numero
694 2244 931 2314 piorum,
993 2243 1084 2312 qui
1133 2244 1202 2298 ab
1237 2245 1358 2314 ipso
1407 2243 1555 2299 Luca
1606 2243 1674 2298 ad
1727 2244 1986 2314 pietatem

403 2343 561 2389 erant
587 2335 845 2390 instituti.
889 2337 966 2390 Ac
1003 2352 1072 2392 ne
1128 2337 1367 2402 mireris,
1433 2337 1478 2390 si
1534 2336 1699 2390 unius
1749 2335 1988 2390 hominis

405 2425 581 2495 gratia
617 2427 752 2481 adeo
775 2428 1053 2483 sollicitus
1085 2428 1210 2496 fuit,
1242 2442 1478 2497 eumque
1509 2428 1643 2480 tanti
1668 2427 1724 2498 6
1753 2425 1902 2492 fecit,
1929 2436 1990 2481 ut

403 2516 648 2589 integros
699 2519 868 2575 libros
907 2527 1070 2590 atque
1099 2526 1364 2574 tractatus
1405 2517 1691 2575 scriberet.
1724 2517 1992 2574 Servabat

410 2609 558 2664 enim
595 2609 941 2666 Dominicam
975 2627 1187 2679 vocem,
1223 2627 1343 2682 quae
1378 2611 1510 2666 dicit
1545 2630 1558 2666 :
1597 2610 1713 2666 Non
1748 2619 1834 2667 est
1892 2627 1991 2666 vo-

410 2701 600 2758 luntas
657 2702 840 2760 Patris
889 2703 1019 2771 mei,
1081 2712 1141 2758 ut
1173 2712 1360 2776 pereat
1404 2721 1546 2761 unus
1573 2706 1641 2761 de
1675 2705 1860 2775 parvis
1879 2705 1988 2759 his.

411 2794 518 2850 Sed
556 2811 655 2850 cur
687 2796 783 2850 uni
841 2810 965 2850 cum
1017 2797 1282 2853 scriberet
1309 2797 1634 2869 Theophilo,
1662 2814 1769 2853 non
1821 2813 1990 2852 unum

409 2888 613 2940 librum
647 2885 795 2952 fecit,
831 2887 926 2942 sed
958 2888 1012 2942 in
1037 2887 1176 2943 duas
1198 2897 1385 2958 partes
1406 2890 1596 2946 divisit
1617 2899 1936 2960 argumenta
1969 2890 1994 2943 ?

413 2977 649 3048 Propter
675 2977 1156 3048 perspicuitatem,
1181 2987 1235 3033 et
1265 2988 1322 3033 ut
1353 2981 1605 3037 reficeret
1663 2981 1990 3046 auditorem,

416 3083 582 3140 atque
607 3071 774 3124 etiam
800 3077 1124 3140 argumento
1158 3071 1321 3128 divisi
1363 3078 1630 3128 tractatus
1663 3083 1841 3140 erant,
1890 3073 1994 3126 ita-

2071 597 2191 651 ὅλον
2221 598 2478 651 ἰαθέντων
2508 598 2940 668 παρατρέχουσι,
2968 599 3062 652 καὶ
3093 598 3268 651 πολλὰ
3296 597 3402 651 τῶν
3430 598 3648 663 Θαυμα-

2070 687 2471 758 τουργημάτων
2503 688 2914 754 ὑπερϐαίνουσι,
2944 691 3106 758 μόνον
3135 686 3654 759 ἐπισημαινόμενοι,

2071 780 2151 834 ὅτι
2193 779 2375 833 πολλοὶ
2413 781 2476 833 ἐκ
2530 780 2788 832 ποικίλων
2845 779 3036 833 παθῶν
3080 780 3513 850 ἀπηλλάγησαν·
3558 780 3656 831 καὶ

2075 871 2244 924 πολλὰ
2279 871 2526 938 ἐγένοντο
2555 869 2829 938 θαύματα,
2868 871 2965 923 καὶ
2989 871 3233 925 τοιαῦται
3251 871 3348 940 τὴν
3370 870 3425 922 δὲ
3448 869 3655 938 ἐξήγη-

2077 981 2160 1017 σιν
2189 965 2248 1015 οὑ
2282 963 2579 1016 ποιοῦνται.
2624 961 2748 1013 Τῶν
2789 962 2898 1030 γὰρ
2934 963 3200 1015 πλειόνων
3232 965 3265 1031 ἡ
3307 962 3448 1014 κατὰ
3485 961 3653 1030 μέρος

2076 1058 2328 1126 διήγησις
2350 1058 2463 1118 τοῖς
2499 1055 2823 1125 παχυτέροις
2850 1056 2945 1108 καὶ
2967 1058 3032 1125 τῇ
3068 1055 3244 1125 πλάνη
3275 1070 3657 1127 προκατεσκη’

2079 1149 2281 1218 μένοις,
2339 1147 2596 1201 ἀπιστίαν
2640 1147 2840 1216 μᾶλλον
2868 1149 2960 1200 καὶ
2998 1148 3156 1201 ὄκνον
3182 1147 3284 1217 τῆς
3317 1147 3658 1218 ἀκροάσεως,

2077 1242 2111 1312 ἢ
2147 1242 2328 1294 πίστιν
2377 1242 2471 1294 καὶ
2519 1240 2830 1312 προθυμίαν
2859 1241 2938 1306 είς
2985 1242 3083 1312 τὴν
3109 1240 3378 1313 ἀκρόασιν
3408 1239 3662 1309 ἐμποιεῖν

2079 1333 2288 1387 εἴωθεν.

2153 1508 2263 1566 Ὧν
2287 1512 2512 1581 ἤρξατο
2546 1516 2577 1566 ὀ
2614 1512 2845 1580 Ἰησοῦς
2871 1510 3067 1564 ποιεῖν
3092 1526 3156 1564 τε
3192 1508 3290 1562 καὶ
3325 1506 3660 1562 διδάσκειν.

2153 1604 2234 1655 Τὰ
2265 1602 2518 1673 θαύματα
2552 1602 2644 1656 καὶ
2670 1604 2768 1666 τὰς
2802 1601 3151 1663 διδασκαλίας
3177 1599 3342 1670 φησίν
3373 1615 3387 1629 ·
3414 1598 3473 1650 οὐ
3501 1599 3661 1650 τοῦτο

2082 1695 2138 1749 δέ
2189 1696 2349 1766 μόνον
2376 1735 2390 1759 ,
2426 1695 2540 1747 ἀλλ’
2576 1695 2657 1747 ὅτι
2689 1694 2784 1747 καὶ
2828 1696 2886 1746 ἐν
2913 1691 2990 1763 τῷ
3046 1692 3218 1744 ποιεῖν
3247 1690 3563 1743 ἐδίδασκεν·
3597 1689 3664 1740 οὐ

2086 1787 2194 1856 γὰρ
2248 1787 2392 1856 λόγῳ
2439 1786 2537 1856 μὲν
2593 1786 2864 1856 ἐπέτρεπε
2911 1787 3024 1848 τοῖς
3080 1784 3258 1846 ἄλλοις
3286 1783 3331 1814 ⁸⁸
3379 1781 3665 1852 πράττειν,

2088 1879 2251 1943 αὐτὸς
2279 1879 2336 1932 δὲ
2366 1878 2465 1931 οὐκ
2498 1877 2772 1947 ἔπραττεν
2796 1917 2810 1942 ,
2843 1876 2980 1930 ἀλλά
3004 1876 3072 1929 δι’
3099 1870 3175 1928 ὧν
3199 1874 3360 1936 αὐτὸς
3406 1872 3668 1942 ἔπραττε,

2086 1973 2174 2026 διὰ
2209 1970 2412 2024 τούτων
2436 1970 2664 2041 παρῄνει
2697 1972 2791 2023 καὶ
2818 1971 2943 2032 τοὺς
2974 1967 3294 2037 ἀνθρώπους
3323 1967 3404 2028 είς
3435 1965 3672 2035 μίμησιν

2087 2064 2281 2118 ἐαυτοῦ
2315 2064 2407 2116 καὶ
2432 2064 2636 2134 ἀρετῆς
2659 2062 2982 2132 ἐπιμέλειαν
3018 2060 3427 2131 μετατίθεσθαι.
3468 2057 3668 2110 ’ἰστέον

2087 2155 2144 2209 δὲ
2181 2155 2261 2208 ὅτι
2300 2154 2604 2223 δΘεόφιλος
2667 2149 2746 2218 εἷς
2801 2149 2870 2225 ἦν
2906 2153 3014 2207 τῶν
3067 2150 3328 2214 εὐσεϐῶν,
3363 2149 3472 2202 τῶν
3498 2167 3673 2220 κατη-

2089 2245 2472 2317 χηθέντωνὺπ⁹
2492 2244 2658 2297 αὐτοῦ
2688 2245 2785 2315 τὴν
2807 2243 3111 2298 εὐσέϐειαν.
3143 2242 3251 2294 Καὶ
3273 2240 3346 2310 μὴ
3376 2240 3674 2310 θαυμάσῃς

2091 2341 2138 2392 εί
2163 2340 2352 2394 ἕνεκεν
2381 2339 2572 2408 ἀνδρὸς
2593 2337 2710 2401 ἐνὸς
2733 2336 3002 2406 τοσαύτην
3025 2336 3281 2408 φροντίδα
3309 2334 3668 2397 κατεϐάλετο,

2089 2432 2164 2496 ῶς
2193 2432 2286 2485 δύο
2317 2430 2463 2500 αὐτῷ
2494 2430 2704 2500 γράψαι
2752 2429 3137 2498 πραγματείας
3182 2427 3536 2496 ὁλοκλήρους·
3581 2427 3676 2478 καὶ

2092 2525 2202 2593 γὰρ
2232 2523 2406 2594 φύλαξ
2427 2519 2495 2594 ἦν
2523 2523 2623 2590 τῆς
2648 2523 2982 2592 Δεσποτικῆς
3007 2520 3210 2589 φωνῆς,
3238 2519 3340 2587 τῆς
3367 2517 3630 2586 λεγούσης
3660 2535 3674 2550 ο

2095 2617 2213 2670 Οὐκ
2253 2615 2368 2669 ἐστι
2404 2615 2618 2685 θέλημα
2646 2614 2740 2667 τοῦ
2764 2614 2978 2683 Πατρός
3013 2629 3136 2682 μου,
3169 2612 3257 2665 ira
3284 2610 3557 2678 ἀπόληται
3594 2605 3678 2671 εἷς

2092 2709 2199 2762 τῶν
2237 2708 2448 2780 μικρῶν
2475 2708 2698 2761 τούτων.
2731 2707 2886 2770 Τίνος
2910 2706 2966 2759 δέ
2991 2706 3176 2759 ἕνεκεν
3229 2706 3309 2758 ἐνὶ
3331 2705 3560 2774 γράφων
3591 2702 3670 2772 τῷ

2093 2802 2358 2872 Θεοφίλῳ,
2416 2801 2514 2871 οὐχ
2553 2801 2611 2854 ἓν
2665 2800 2869 2872 βιϐλίον
2929 2799 3228 2870 ἐποίησεν,
3278 2797 3396 2852 ἀλλ’
3447 2799 3527 2860 εἰς
3583 2795 3680 2851 δύο

2094 2893 2257 2948 διεῖλε
2287 2893 2384 2956 τὰς
2415 2893 2722 2957 ὑποθέσεις;
2741 2892 3051 2963 Σαφηνείας
3076 2892 3286 2952 ἕνεκεν,
3315 2891 3410 2942 καὶ
3439 2887 3532 2942 τοῦ
3559 2889 3678 2940 δια-

2093 2983 2370 3038 ναπαῦσαι
2399 2983 2493 3037 τὸν
2522 2983 2834 3054 ἀκροατήν·
2879 2984 2959 3035 ἐτι
2996 2983 3092 3034 καὶ
3127 2981 3382 3035 ὑποθέσει
3414 2979 3679 3050 διῃρημέ-

2095 3093 2185 3130 ναι
2213 3070 2354 3147 ἧσαν
2379 3077 2434 3128 αἱ
2465 3075 2864 3146 πραγματείαν
2899 3073 2994 3126 καὶ
3024 3073 3254 3136 εἰκότως
3279 3073 3376 3126 καὶ
3399 3071 3557 3132 αὐτὸς
3593 3070 3673 3132 εἰς

413 3178 522 3231 que
552 3169 704 3217 recte
730 3162 847 3228 ipse
877 3177 1099 3233 quoque
1137 3162 1256 3218 haec
1318 3179 1485 3234 opera
1518 3165 1574 3220 in
1629 3166 1765 3221 duas
1810 3173 1990 3236 partes

2099 3167 2190 3221 δύο
2222 3165 2382 3220 διεῖλε
2406 3165 2612 3230 ταύτας
2647 3165 2744 3230 τὰς
2775 3163 3178 3236 πραγματείας.

413 3255 619 3311 divisit.

490 3344 662 3402 Vens.
716 3346 774 3399 2.
819 3345 992 3416 Usque
1045 3348 1114 3401 ad
1177 3349 1294 3401 éum
1331 3347 1492 3414 diem,
1527 3365 1628 3419 quo
1655 3359 2000 3421 posteaquam

417 3437 674 3491 mandata
696 3437 836 3493 dedit
870 3439 1124 3509 apostolis
1165 3455 1257 3508 per
1287 3440 1554 3510 Spiritum
1580 3452 1842 3507 sanctum,
1870 3458 1998 3512 quos

413 3531 663 3600 elegerat,
699 3541 1002 3600 assumptus
1025 3541 1075 3586 et
1118 3532 1390 3587 subvectus
1423 3541 1525 3588 est.

491 3621 854 3693 Posteaquam
925 3641 1020 3695 per
1090 3625 1358 3696 Spiritum
1419 3633 1669 3681 sanetum
1742 3626 1999 3681 mandata

416 3715 608 3770 dedit:
663 3716 714 3770 id
777 3725 881 3782 est,
944 3726 1298 3788 posteaquam
1351 3717 1570 3771 locutus
1632 3726 1718 3771 est
1759 3717 1829 3771 ad
1899 3732 2000 3773 eos

417 3807 726 3878 spiritualia
779 3810 966 3864 verba.
1026 3809 1172 3864 Nihil
1253 3810 1358 3864 hoc
1391 3810 1462 3865 sit
1496 3811 1822 3876 humanum,
1855 3812 2000 3880 quod

417 3918 518 3971 per
548 3901 817 3971 Spiritum
849 3902 931 3958 eis
961 3902 1247 3957 mandavit
1284 3921 1300 3970 ;
1333 3902 1794 3971 quemadmodum
1831 3903 1999 3957 etiam

416 3996 536 4064 ipse
565 3996 836 4053 Dominus
872 3998 1138 4053 humilius
1163 4007 1217 4052 et
1239 3999 1305 4053 ad
1341 3999 1757 4068 dispositionem
1814 4007 1868 4054 et
1904 3998 2002 4052 ad-

421 4090 892 4146 ministrationem
946 4091 1414 4146 accommodatius
1471 4093 1700 4162 loquens
1753 4093 1999 4148 dicebat:

419 4181 518 4236 Sin
552 4192 734 4237 autem
761 4198 860 4251 per
891 4182 1156 4251 Spiritum
1191 4181 1286 4235 Dei
1341 4197 1440 4252 ego
1489 4184 1755 4238 daemonia
1817 4184 2000 4254 ejicio.

417 4274 528 4326 Aut
558 4288 571 4324 :
596 4270 699 4326 Per
757 4271 1020 4343 Spiritum
1072 4273 1163 4328 ubi
1193 4276 1450 4330 mandata
1491 4276 1664 4340 dedit,
1694 4276 1846 4341 dicit,
1892 4290 2001 4330 non

417 4363 562 4432 quod
593 4364 762 4421 Filius
792 4365 998 4436 Spiritu
1025 4366 1317 4437 indiguerlt
1339 4385 1353 4422 :
1379 4370 1472 4422 sed
1518 4369 1665 4439 quod
1699 4369 1790 4422 ubi
1824 4366 2000 4438 (quid)

420 4457 597 4514 Filius
657 4459 880 4514 conﬁcit
945 4469 1000 4516 et
1022 4461 1370 4532 exsequitur,
1398 4462 1511 4516 illic
1536 4462 1701 4516 etiam
1739 4459 2002 4531 Spiritus,

2177 3350 2340 3418 Ἄχρι
2375 3342 2452 3416 ἧς
2495 3346 2720 3415 ἡμέρας
2772 3345 3194 3414 ἐντειλάμενος
3248 3342 3372 3405 τοῖς
3423 3340 3686 3394 ἀποστό-

2101 3444 2233 3506 λοις
2265 3437 2362 3492 διὰ
2388 3437 2737 3507 Πνεύματος
2767 3437 2962 3507 ἁγίου,
2995 3435 3103 3502 οὓς
3128 3431 3474 3499 ἐξελέξατο,
3542 3431 3684 3484 ἀνε-

2103 3530 2330 3600 ληφθη.

2173 3622 2273 3675 Διὰ
2305 3621 2443 3675 Πνεύ
2453 3638 2619 3692 ματος
2636 3619 3034 3688 ἐντειλάμενος,
3049 3618 3323 3681 τουτέστι,
3336 3635 3470 3671 πνευ
3481 3617 3686 3686 ματικὰ

2105 3712 2242 3782 πρὸς
2305 3711 2501 3773 αὐτοὺς
2561 3709 2733 3764 είπὼν
2768 3711 3022 3781 ῥήματα·
3072 3709 3225 3762 οὐδὲν
3272 3703 3686 3780 ἀνθρώπινονῇ

2103 3803 2283 3868 τοῦτο,
2316 3803 2399 3855 ὅτι
2422 3803 2480 3855 ἐν
2517 3801 2800 3871 Πνεύματι
2831 3801 3016 3862 αὐτοῖς
3041 3798 3085 3831 ³⁵⁷
3116 3799 3441 3863 ἐνετείλατο,
3502 3797 3689 3859 καθὼς

2106 3896 2198 3949 καὶ
2219 3894 2381 3957 αὐτὸς
2401 3895 2430 3946 ὁ
2468 3893 2750 3963 Δεσπότης
2779 3891 3165 3962 ταπεινότερον
3195 3892 3288 3943 καὶ
3333 3887 3692 3957 οίκονομικῶ-

2104 4005 2264 4059 τερον
2316 3987 2540 4056 φάσκων
2597 3985 2800 4052 ἔλεγενσ
2835 3983 2895 4035 Εἰ
2920 3983 2977 4036 δὲ
3009 3986 3065 4035 ἐν
3102 3981 3382 4050 Πνεύματι
3414 3980 3552 4032 Θεοῦ
3581 3979 3692 4046 ἐγὼ

2106 4078 2354 4132 ἐκϐάλλω
2376 4077 2423 4109 ⁸⁸
2453 4075 2522 4129 τὰ
2555 4075 2846 4145 δαιμόνια·
2884 4073 2941 4144 ἢ,
2979 4072 3082 4126 Διὰ
3117 4072 3455 4140 Ιινεύματος,
3501 4071 3692 4140 φησὶν,

2108 4169 2507 4240 ἐντειλάμενος,
2533 4168 2632 4238 οὐχ
2655 4167 2736 4220 ὅτι
2767 4168 2795 4219 ὁ
2825 4165 2954 4227 Υἱὸς
2985 4163 3176 4234 ἐδεήθη
3210 4163 3303 4215 τοῦ
3345 4161 3688 4231 Πνεύματος,

2107 4261 2222 4314 ἀλλ’
2275 4262 2358 4314 ὅτι
2398 4259 2526 4312 ἔνθα
2549 4258 2616 4312 ἂν
2651 4261 2680 4311 ὁ
2705 4259 2837 4320 Υἱὸς
2893 4257 3316 4326 διαπράττηται,
3361 4256 3477 4308 ἐκεῖ
3511 4254 3692 4307 καὶτὸ

2109 4353 2358 4424 Πνεῦμα,
2404 4352 2480 4415 ὡς
2506 4351 2762 4422 ὀμοφυὲς,
2809 4351 2902 4404 καὶ
2937 4350 3153 4420 ἐνεργεῖ
3183 4351 3280 4402 καὶ
3318 4348 3684 4419 συμπάρεστι.

2110 4449 2175 4502 Τί
2205 4448 2259 4500 δὲ
2287 4446 2587 4501 ἐνετείλατο
2623 4462 2636 4511 ;
2671 4443 3038 4515 Πορευθέντες
3093 4441 3473 4512 μαθητεύσατε
3506 4441 3682 4493 πάντα

419 4559 608 4620 utpote
638 4552 889 4621 ejusdem
923 4568 1048 4608 cum
1071 4569 1137 4609 eo
1168 4561 1378 4609 naturae
1418 4561 1581 4624 atque
1634 4554 1990 4617 conditionis,

2107 4539 2175 4593 τὰ
2207 4540 2378 4607 ἔθνη,
2422 4537 2774 4608 βαπτίζοντες
2811 4535 3008 4596 αὐτοὺς
3031 4536 3110 4598 είς
3139 4533 3198 4587 τὸ
3229 4533 3401 4602 ὄνομα
3433 4533 3525 4586 τοῦ
3576 4533 3690 4585 Πα-

418 4653 473 4697 et
541 4645 598 4699 in
663 4659 832 4714 opere
889 4656 1165 4713 versatur,
1237 4654 1293 4702 et
1361 4661 1467 4701 una
1500 4647 1675 4701 adest.
1719 4646 1825 4702 Sed
1871 4646 2004 4716 quid

421 4738 747 4793 mandavit?
809 4739 909 4806 lle,
975 4739 1167 4794 docete
1223 4754 1420 4794 omnes
1479 4738 1754 4801 nationes,
1799 4753 2005 4807 eosque

431 4833 706 4902 haptizate
741 4832 796 4886 in
829 4833 1054 4887 nomine
1116 4832 1322 4897 Patris,
1365 4841 1419 4887 et
1470 4831 1616 4895 Filii,
1650 4839 1703 4886 et
1763 4830 2006 4901 Spiritus

425 4922 600 4976 sancti
638 4940 651 4976 :
686 4937 750 4976 ac
781 4923 971 4980 docete
998 4939 1095 4980 eos
1125 4939 1343 4980 servare
1373 4938 1716 4994 qurecunque
1751 4922 2007 4977 mandavi

423 5012 602 5068 vobis.
638 5013 998 5086 Posteaquam
1029 5017 1290 5072 mandata
1315 5016 1485 5081 dedit,
1522 5015 1718 5086 inquit,
1753 5017 1804 5069 in
1833 5017 2006 5071 subli-

424 5123 511 5161 me
541 5118 803 5179 exceptus
831 5120 882 5165 et
915 5111 1217 5166 subvectus
1232 5121 1336 5166 est.
1361 5108 1480 5165 Non
1505 5109 1666 5174 dixit,
1692 5109 1958 5164 Ascendit
1984 5126 1998 5175 ;

430 5198 526 5253 sed
565 5201 744 5255 adhuc
777 5210 1038 5272 tanquam
1073 5203 1139 5256 de
1161 5203 1384 5257 homine
1415 5203 1679 5272 loquitur.
1717 5201 1858 5256 Hinc
1907 5215 2009 5254 au-

426 5303 537 5347 tem
575 5293 957 5364 intelligimus,
995 5294 1144 5366 quod
1170 5295 1332 5350 etiam
1362 5304 1488 5365 post
1519 5296 2005 5357 resurrectionem,

428 5381 667 5438 docebat
693 5385 1020 5456 discipulos.
1062 5386 1166 5441 Sed
1195 5395 1414 5457 tempus
1447 5387 1550 5440 hoc
1575 5401 1738 5439 nemo
1771 5386 1930 5456 plene
1954 5395 2008 5439 et

2103 4630 2253 4700 τρὸς,
2295 4629 2390 4682 καὶ
2422 4626 2513 4680 τοῦ
2548 4627 2698 4689 Υἱοῦ,
2733 4627 2836 4680 καὶ
2903 4628 2998 4678 τοῦ
3032 4625 3187 4693 ἁγίου
3221 4625 3560 4693 Πνεύματος,
3607 4625 3691 4675 δι-

2109 4722 2402 4783 δάσκοντες
2433 4719 2630 4781 αὐτοὺς
2696 4720 2884 4788 τηρεῖν
2935 4718 3134 4779 πάντα,
3195 4717 3296 4769 ὅσα
3342 4716 3696 4784 ἐνετειλάμην

2111 4813 2252 4882 ὑμῖν.
2321 4810 2751 4880 Ἐντειλάμενος,
2801 4809 2988 4878 φησὶν,
3036 4808 3462 4878 ἁκιελήφθηοοὺκ
3518 4803 3696 4868 εἶπεν,

2123 4903 2346 4974 ’Λνέϐτγ
2379 4902 2494 4955 ἀλλ’
2518 4902 2595 4954 ἔτι
2622 4902 2697 4964 ὡς
2721 4900 3170 4977 περἰάνθρώπου
3205 4899 3536 4968 διαλέγεται.
3577 4899 3696 4950 Ἐν-

2109 4995 2300 5048 τεῦθεν
2325 4995 2382 5048 δὲ
2413 4994 2755 5064 μανθάνομεν
2788 4993 2871 5045 ὅτι
2913 4994 3008 5044 καὶ
3065 4993 3203 5061 μετὰ
3246 4991 3344 5061 τὴν
3397 4991 3699 5045 ἀνάστασιν

2112 5087 2359 5140 ἐδίδασκε
2400 5089 2520 5149 τοὺς
2541 5085 2809 5156 μαθητάς,
2829 5083 2964 5137 ἀλλὰ
2989 5083 3076 5136 τὸν
3101 5085 3290 5153 χρόνον
3313 5080 3500 5136 τοῦτον
3524 5083 3699 5146 οὐδεὶς

2113 5173 2236 5231 εἷπε
2275 5177 2414 5248 μετὰ
2445 5175 2758 5246 ἀκριϐείας·
2816 5173 2930 5228 ἀλλ’
2984 5173 3289 5243 ἐγχρονίζει
3343 5173 3442 5242 μὲν
3489 5172 3636 5241 αὐτῷ
3670 5173 3700 5223 ὀ

2124 5270 2380 5340 Ἰωάννης
2427 5269 2535 5321 τῶν
2588 5268 2764 5323 ἄλλων
2807 5267 3026 5321 πάντων
3043 5267 3086 5298 ⁸³
3117 5283 3130 5297 °
3204 5267 3383 5320 πάντα
3427 5266 3484 5318 δὲ
3512 5264 3699 5333 σαφῶς

2111 5361 2285 5425 οὐδεὶς
2306 5361 2629 5431 ἀπήγγειλε·
2664 5360 2800 5431 πρὸς
2825 5361 2934 5429 γὰρ
2964 5359 3150 5429 ἕτερον
3183 5359 3492 5429 ἠπείγοντο.

428 5485 618 5530 exacte
677 5477 993 5549 descripsit;
1060 5481 1158 5536 sed
1243 5479 1481 5536 Joannes
1539 5481 1758 5551 quidem
1815 5482 1988 5551 magis
2029 5495 2194 5550 quam
2245 5479 2430 5534 cmteri
2470 5495 2660 5536 omnes
2693 5480 3018 5536 immoratur
3083 5479 3271 5534 ineo:
3319 5476 3505 5532 outnia
3593 5491 3696 5533 au-

430 5577 537 5626 tem
577 5587 740 5626 nemo
771 5575 929 5631 plane
954 5579 1211 5648 exposuit
1246 5595 1260 5632 :
1306 5579 1372 5635 ad
1415 5579 1563 5635 aliud
1596 5579 1741 5634 enim
1781 5578 2132 5635 festinabant.

1630 5736 1829 5798 Variae
1863 5736 2171 5798 lectiones
2198 5743 2260 5798 et
2303 5741 2491 5814 nota).

507 5857 550 5888 “
582 5856 666 5908 ἵσ.
693 5855 1019 5920 ἀνθρώποις.

1097 5861 1141 5896 ⁸⁷
1168 5863 1387 5928 αὐτοὺς,
1410 5875 1541 5916 crat.
1618 5863 1658 5897 ’⁸⁵⁸
1698 5862 1931 5921 ἐκϐάλω,
1965 5872 2099 5915 crat.

2199 5861 2240 5895 "9
2281 5853 2364 5914 ἵσ.
2401 5861 2583 5915 πλέον.
