4044 6414
318 382 416 450 5-05

1091 383 1499 448 EXPOSITIO
1532 388 1615 448 IN
1650 390 1837 450 ACTA
1864 391 2436 453 APOSTOLORUM.
2481 417 2552 427 --
2576 392 2735 452 CAP.
2767 393 2818 453 Ῐ.

3477 393 3585 457 506

376 491 477 560 Οἷς
527 492 628 548 καὶ
670 493 1057 563 παρέστησεν
1111 495 1332 552 ἑαυτὸν
1387 497 1573 560 ζῶντα
1597 500 1748 568 μετὰ
1820 503 1887 555 τὸ

2065 502 2233 558 Vens.
2264 504 2318 558 ὅ.
2353 503 2563 569 Quibus
2586 504 2770 566 etiam,
2797 506 3141 574 posteaquam
3162 504 3422 571 supplicio
3452 505 3585 574 fuis-

317 586 524 643 παθεῗν
562 586 754 642 αὐτὸν
773 587 844 640 ἐν
875 587 1131 653 πολλοῖς
1164 589 1508 658 τεκμηρίοις
1545 589 1619 643 δι’
1654 589 1894 660 ἡμερῶν

2022 603 2071 649 et
2132 594 2382 664 affectus,
2436 595 2621 647 multis
2672 594 2999 664 argumentis
3030 604 3082 649 et
3120 595 3289 664 signis
3317 596 3569 652 viventem

316 671 795 741 τεσσαράκοντα.

386 767 571 821 Εἰπὼν
618 767 750 835 περὶ
783 767 881 834 τῆς
933 764 1255 835 ἀναλήψεως
1305 766 1591 837 πρότερον,
1617 767 1767 835 λέγει
1794 769 1889 822 καὶ

316 863 442 929 περὶ
484 859 583 927 τῆς
635 857 1013 921 ἀναστάσεως.
1057 856 1279 928 Ἐπειδὴ
1308 859 1549 930 ἦκουσας
1578 861 1660 912 ὅτι
1688 861 1895 925 ἀνελή-

315 953 443 1021 φθη,
472 951 561 1004 ἵνα
591 951 665 1020 μὴ
690 950 921 1021 νομίσῃς
976 948 1065 1018 ὑφ’
1091 949 1294 1020 ἐτέρων
1337 951 1504 1003 αὐτὸν
1545 951 1890 1020 ἀνειλῆφθαι,

315 1044 613 1112 ἐπήγαγεν
642 1035 736 1104 Οἷς
765 1040 860 1092 καὶ
877 1040 1220 1110 παρέστησεν
1250 1039 1441 1093 ἑαυτὸν
1468 1039 1671 1104 ζῶντα,
1701 1042 1765 1095 Ei
1786 1042 1897 1112 γὰρ

315 1133 474 1203 ἒνζτῷ
508 1131 714 1203 μείζονι
770 1131 963 1184 ἑαυτὸν
1008 1129 1346 1200 παρέστησε,
1381 1130 1564 1202 πολλῷ
1602 1132 1804 1201 μᾶλλον
1840 1134 1897 1184 ὲν

314 1226 390 1294 τῷ
419 1225 684 1287 ἐλάττονι,
716 1221 785 1275 δι’
830 1219 1054 1291 ἡμερῶν
1092 1220 1528 1289 τεσσαράκοντα,
1562 1221 1676 1273 ἀλλ’
1702 1221 1802 1274 οὐκ
1842 1223 1900 1273 ἐν

316 1318 552 1388 ἡμέραις
579 1313 1013 1385 τεσσαράκοντα.
1050 1310 1128 1365 Οὐ
1152 1312 1260 1381 γὰρ
1276 1311 1469 1382 ὥσπερ
1494 1312 1599 1382 πρὸ
1627 1313 1725 1382 τῆς
1762 1315 1899 1367 ἀνα-

318 1408 564 1469 στάσεως
601 1404 839 1475 συνεχῶς
866 1404 1048 1466 αὐτοῖς
1079 1404 1267 1473 συνῆν,
1297 1403 1438 1457 οὕτω
1466 1405 1563 1458 καὶ
1593 1403 1739 1468 τότε,
1774 1403 1889 1457 ἀλλ’

316 1500 577 1567 ἐφίστατο
633 1497 730 1551 καὶ
790 1496 1059 1565 ἀφίστατο
1093 1496 1276 1559 πάλιν,
1332 1495 1552 1565 ἀνάγων
1588 1495 1770 1550 αὐτῶν
1799 1496 1900 1559 τὰς

258 1576 271 1585 ’
317 1590 584 1652 διανοίας,
640 1590 737 1642 καὶ
788 1589 973 1642 οὐκέτι
1010 1588 1313 1660 συγχωρῶν
1347 1588 1549 1658 ὁμοίως
1574 1587 1714 1657 πρὸς
1738 1587 1904 1641 αὐτὸν

317 1681 647 1743 διακεῖσθαι,
701 1679 891 1749 ὦσπ;ρ
941 1680 1035 1734 καὶ
1087 1679 1397 1751 ἔμπροσθεν
1427 1696 1441 1710 '
1511 1679 1629 1733 ἀλλ’
1665 1680 1908 1748 ἑκάτερα

321 1773 463 1841 μετὰ
506 1772 709 1842 πολλῆς
772 1770 966 1840 σοφίας
1026 1771 1122 1825 καὶ⁸
1177 1771 1464 1840 ἀκριϐείας
1517 1773 1911 1837 κατεσκεύαζε,

2001 702 2112 741 sese
2126 700 2217 753 per
2245 685 2356 739 dies
2385 684 2744 755 quadraginta
2766 684 3015 754 prwbuit.

2072 773 2370 843 Postquam
2430 774 2570 829 dixit
2628 776 2694 830 de
2753 775 3130 843 assumptione
3195 776 3367 847 prius.
3439 777 3578 832 dicit

2002 863 2168 918 etiam
2226 863 2296 918 de
2348 865 2770 919 resurrectione.
2821 864 3273 934 Quandoquidem
3301 866 3583 929 audivisti,

1999 964 2315 1024 assumptus
2376 967 2481 1020 est,
2540 970 2610 1010 ne
2671 962 2828 1024 putes
2886 969 3013 1008 eum
3072 956 3143 1010 ab
3193 956 3315 1011 aliis
3380 971 3591 1011 assum-

2001 1056 2153 1118 ptum
2212 1062 2351 1115 esse,
2412 1047 2698 1116 subiunxit
2752 1064 2767 1101 ι
2830 1045 3040 1113 Quibus
3119 1047 3284 1101 etiam
3341 1047 3591 1102 exhibuit

2003 1156 2126 1195 sese
2174 1141 2462 1194 viventem.
2496 1139 2630 1193 Nam
2662 1139 2707 1193 si
2772 1139 2826 1192 in
2885 1139 3078 1209 majori
3141 1153 3263 1194 sese
3317 1139 3587 1206 exhibuit,

2003 1232 2175 1284 multo
2203 1231 2376 1302 magis
2409 1232 2465 1285 in
2518 1231 2738 1286 minori.
2775 1229 2880 1285 Per
2908 1229 3046 1293 dies,
3094 1230 3209 1285 sive
3270 1231 3417 1284 intra
3474 1230 3593 1285 dies

2006 1320 2391 1392 quadraginta,
2447 1331 2505 1375 et
2559 1337 2671 1377 non
2740 1321 2794 1375 in
2828 1320 3020 1376 diebus
3045 1321 3427 1390 quadraginta.
3467 1319 3589 1375 Non

2008 1415 2178 1479 enim,
2240 1413 2387 1468 sicut
2445 1421 2571 1467 ante
2621 1412 3078 1467 resurrectionem
3108 1412 3455 1466 continenter
3485 1426 3590 1465 una

2011 1517 2136 1556 cum
2195 1503 2275 1557 eis
2330 1512 2493 1566 erat,‘
2530 1502 2605 1557 ita
2656 1506 2820 1557 etiam
2862 1510 3025 1557 tunc:
3060 1502 3154 1556 sed
3193 1500 3503 1567 accedebat,
3538 1512 3595 1555 et

2012 1609 2208 1649 rursus
2237 1592 2579 1658 discedebat,
2618 1608 2839 1648 sursum
2864 1592 3082 1657 erigens
3112 1607 3302 1647 eorum
3359 1602 3592 1656 mentes,

2022 1694 2077 1739 et
2109 1701 2212 1739 non
2269 1685 2507 1754 amplius
2571 1684 2902 1749 concedens,
2932 1692 2987 1737 ut
3031 1683 3287 1738 similiter
3312 1691 3478 1752 atque
3503 1698 3598 1738 su-

2016 1778 2237 1846 periore
2294 1785 2539 1844 tempore
2597 1774 2863 1830 adversus
2917 1789 3041 1829 sese
3066 1772 3245 1828 aifecti
3268 1783 3473 1836 essent,
3497 1774 3594 1829 sed

316 1867 416 1920 καὶ
442 1866 504 1919 τὸ
543 1864 898 1934 πιστευθῆναι
947 1864 1044 1929 τὴν
1099 1863 1426 1930 ἀνάστασιν,
1457 1866 1553 1920 καὶ¹
1584 1866 1646 1920 τὸ
1674 1865 1903 1938 μείζονα

2020 1875 2253 1935 utraque
2282 1881 2407 1921 cum
2439 1880 2637 1935 magna
2670 1864 2942 1935 sapientia
2973 1872 3139 1934 atque
3181 1863 3439 1917 cautione
3466 1878 3596 1930 age-

322 1958 490 2011 αὒτδν
517 1957 838 2028 νομισθῆναι
878 1956 1086 2020 λοιπὸν,
1120 1956 1153 2026 ἢ
1199 1956 1343 2010 κατὰ
1381 1957 1690 2027 ἄνθρωπον,
1729 1957 1908 2011 καίτοι

322 2067 391 2119 γε
425 2049 604 2104 ταῦτα
664 2048 884 2102 ἐναντία
922 2044 1011 2120 ἦν.
1060 2047 1233 2118 ’Υπὲρ
1258 2048 1367 2118 γὰρ
1401 2047 1495 2101 τοῦ
1545 2049 1907 2118 πιστευθῆναι

316 2142 419 2212 τὴν
449 2141 770 2204 ἀνάστασιν,
805 2139 976 2193 πολλὰ
1001 2137 1068 2192 ἂν
1094 2137 1416 2208 ἀνθρώπινα
1443 2138 1548 2191 ἔδει
1609 2139 1860 2207 γενέσθαι
1890 2179 1907 2207 ,

316 2233 462 2302 ὑπὲρ
491 2231 545 2285 δὲ
571 2231 822 2303 θατέρου,
859 2231 1193 2285 τούναντίον.
1226 2229 1370 2284 Ἀλλ’
1430 2230 1579 2299 ὅμως
1623 2231 1909 2301 ἀμφότερα

315 2322 514 2391 γέγονε
580 2322 721 2393 μετὰ
767 2321 861 2375 τοῦ
916 2322 1281 2393 προσήκοντος
1324 2319 1541 2391 καιροῦ·
1592 2321 1910 2393 δι’ήμερῶν

317 2414 434 2485 γάρ
466 2415 881 2482 τεσσαράκοντα
938 2413 1049 2465 τῶν
1088 2412 1196 2465 ἀπὸ
1230 2414 1331 2481 τῆς
1352 2410 1703 2476 ἀναστάσεως
1737 2413 1900 2484 μέχρι

316 2508 422 2574 τῆς
490 2508 572 2569 εἰς
618 2505 881 2576 οὐρανοὺς
924 2504 1148 2573 ἀνόδου..
1181 2505 1238 2557 ὲν
1263 2500 1351 2568 αῖς
1386 2505 1482 2557 καὶ
1508 2505 1781 2573 συνέφαγε
1812 2505 1908 2558 καὶ

321 2596 579 2651 συνέπιεν
609 2597 813 2657 αὐτοῖς,
846 2595 1063 2658 δεικνὺς
1114 2594 1197 2648 ὅτι
1225 2595 1386 2658 αὐτός
1412 2596 1560 2648 ἐστιν
1590 2598 1620 2649 ό
1657 2611 1913 2666 σταυρωο

323 2692 446 2753 θεδς
500 2690 595 2743 καὶ
652 2690 845 2755 ταφεὶς
892 2689 987 2741 καὶ
1035 2686 1277 2751 ἀναστὰς
1309 2689 1373 2741 ὲκ
1404 2690 1635 2758 νεκρῶν.
1678 2688 1835 2751 Τίνος
1855 2687 1914 2741 δὲ

316 2782 509 2836 ἱνεκεν
532 2781 593 2834 οὐ
624 2781 808 2841 πᾶσιν,
840 2778 975 2831 ἀλλά
1007 2780 1121 2840 τοῖς
1151 2779 1466 2842 ἀποστόλοις
1479 2779 1526 2815 ⁸⁰
1555 2779 1752 2849 ὲφάνη;
1776 2780 1905 2833 Ὅτι

322 2872 627 2943 φάντασμα
652 2869 719 2923 ἂν
744 2867 891 2933 ἔδοξε
922 2871 1036 2933 τοίς
1064 2868 1296 2932 πολλοῖς,
1325 2869 1428 2922 οὐκ
1465 2869 1634 2922 εἰδόσι
1658 2869 1719 2922 τὸ
1744 2870 1918 2939 ἀπόρ-

324 2968 496 3037 ρητον
525 2962 622 3016 τοῦ
680 2961 1007 3033 μυστηρίου.
1041 2961 1102 3013 Εἰ
1136 2962 1246 3031 γὰρ
1268 2962 1362 3014 καὶ
1406 2961 1564 3014 αὐτοὶ
1582 2963 1630 3015 oi
1669 2960 1911 3031 μαθηταὶ

320 3058 598 3128 ἠπίστουν
618 3056 716 3123 τὴν
743 3054 921 3126 ἀρχὴν
943 3052 1040 3107 καὶ
1059 3052 1439 3124 ὲθορυῦοῦντο,
1467 3055 1564 3107 καὶ
1596 3054 1741 3122 ἁφῆς
1759 3054 1915 3123 ἐδεή-

327 3147 529 3215 θησαν,
562 3144 662 3215 τῆς
686 3144 774 3196 διὰ
800 3141 985 3212 χειρὸς
1013 3141 1108 3194 καὶ
1129 3140 1435 3210 τραπέζης,
1455 3140 1507 3193 τί
1532 3142 1659 3204 τοὺς
1686 3140 1916 3204 πολλοὺς

2015 1958 2132 2023 bat,
2196 1964 2256 2010 ut
2318 1965 2375 2011 et
2416 1957 2753 2011 resurrectio
2805 1957 3145 2016 crederetur,
3176 1961 3232 2008 et
3264 1954 3380 2022 ipse
3421 1955 3601 2022 major

2022 2051 2278 2121 posthac,
2334 2064 2497 2119 quam
2559 2064 2662 2120 pro
2726 2048 2947 2103 homine
2987 2049 3037 2118 7
3078 2048 3398 2112 haberetur,
3425 2063 3602 2117 quan-

2015 2158 2181 2214 quam
2218 2143 2335 2196 haec
2364 2156 2498 2197 sane
2525 2140 2806 2196 contraria
2842 2148 3024 2197 erant.
3060 2137 3196 2193 Nam
3234 2153 3335 2208 pro
3379 2138 3504 2203 hoc,
3535 2145 3598 2192 ut

2014 2233 2351 2290 resurrectio
2382 2232 2723 2296 crederetur,
2751 2230 2923 2285 multa
2957 2230 3195 2284 humana
3225 2228 3340 2283 ﬁeri
3374 2236 3600 2297 oporte-

2012 2324 2134 2380 bat:
2199 2340 2302 2395 pro
2361 2324 2534 2378 altero
2581 2338 2733 2388 vero,
2797 2322 3161 2377 contrarium.
3196 2319 3588 2375 Verumtamen

2013 2427 2248 2487 utraque
2282 2416 2632 2472 conveniemi
2665 2423 2908 2484 tempore
2936 2413 3076 2470 facta
3129 2422 3298 2469 sunt:
3330 2412 3584 2467 videlicet

2021 2510 2167 2565 intra
2199 2509 2318 2566 dies
2345 2508 2732 2580 quadraginta,
2760 2508 2853 2578 qui
2886 2508 3317 2563 intercesserunt
3346 2522 3377 2561 a
3411 2520 3602 2559 resur-

2020 2603 2268 2659 rectione
2331 2616 2505 2673 usque
2552 2601 2619 2654 ad
2681 2601 3060 2657 ascensionem
3125 2607 3181 2653 et
3248 2599 3481 2654 reditum
3548 2597 3604 2651 in

2019 2695 2249 2760 caelum,
2309 2694 2363 2747 in
2422 2692 2625 2762 quibus
2688 2691 2852 2746 etiam
2895 2704 3002 2745 una
3030 2704 3155 2745 cum
3186 2688 3517 2744 iiscomedit
3542 2702 3606 2742 ac

2021 2785 2181 2849 bibit,
2236 2784 2540 2839 ostendens
2597 2782 2842 2849 interim,
2877 2781 3025 2851 quod
3058 2782 3177 2850 ipse
3231 2790 3378 2835 esset
3406 2780 3476 2846 is,
3509 2779 3604 2848 qui

2019 2875 2339 2938 cruciﬁxus,
2395 2874 2489 2944 qui
2581 2874 2833 2944 sepultus
2889 2881 3059 2939 esset,
3118 2871 3210 2941 qui
3262 2887 3292 2926 a
3362 2871 3602 2925 mortqu

2021 2966 2445 3021 resurrexisset.
2475 2964 2583 3019 Sed
2644 2980 2816 3031 quare
2873 2978 2979 3017 non
3015 2963 3298 3028 omnibus,
3324 2961 3419 3017 sed
3475 2961 3607 3014 solis

2021 3057 2283 3126 apostolis
2306 3055 2559 3124 apparuit
2580 3055 2604 3109 Ἰ
2624 3053 2760 3121 Quia
2795 3055 2957 3125 vulgo
2982 3054 3291 3116 hominum,
3325 3053 3418 3123 qui
3453 3066 3615 3107 arca-2

2034 3162 2160 3199 num
2191 3147 2513 3217 mysterium
2547 3162 2654 3201 non
2677 3152 2965 3209 noverant,
2992 3154 3269 3212 spectrum
3296 3160 3416 3199 esse
3432 3144 3607 3199 visum

325 3204 477 3301 etet;
507 3204 577 3308 iw
610 3204 834 3299 παθεῖνς
868 3204 967 3285 Atti
997 3249 1080 3285 τοι
1128 3204 1286 3284 τοῦτο
1425 3233 1534 3285 τῶν
1564 3232 1807 3301 σημείων
1828 3226 1904 3284 ὧν

2026 3204 2266 3295 ιιιιεεει.’
2302 3237 2438 3291 Nam
2500 3238 2546 3291 si
2583 3238 2746 3291 etiam
2777 3236 2881 3306 ipsi
2941 3204 3198 3307 discipuli
3238 3236 3396 3289 initio
3447 3236 3606 3290 ﬁdem

327 3331 522 3386 ἔλαϐον
556 3329 715 3400 χάριν
746 3326 921 3380 ποιεῖν
956 3325 1006 3379 οἱ
1041 3322 1352 3388 ἀπόστολοι,
1376 3323 1741 3393 άναμφίϐολον
1766 3325 1908 3376 ποιεῖ

330 3427 431 3495 τῆς
464 3421 813 3482 ἀναστάσεως
837 3418 936 3488 τὴν
965 3414 1239 3480 ἀπόδειξιν
1267 3415 1363 3468 καὶ
1400 3415 1616 3485 κοινήνο
1650 3414 1790 3468 ὥστε
1816 3412 1892 3484 μὴ

330 3520 441 3581 τοῖς
467 3517 591 3569 τότε
612 3507 796 3584 μόνον,
823 3511 961 3579 ὅπερ
999 3510 1064 3563 ὲκ
1095 3509 1198 3577 τῆς
1224 3509 1401 3579 ὅψεως
1428 3507 1618 3578 ἔμελλε
1642 3509 1912 3576 γίνεσθαι,

335 3610 472 3663 ἀλλὰ
500 3608 597 3662 καὶ
624 3607 761 3660 πᾶσι
814 3605 928 3666 τοῖς
971 3601 1110 3673 μετά
1134 3601 1309 3656 ταῦτα
1364 3600 1608 3673 φανερὰν
1658 3601 1916 3671 γενέσθαι

334 3706 434 3774 τὴν
454 3702 773 3756 ἀνάστασιν.

2026 3346 2133 3385 non
2185 3329 2485 3387 habebant.
2543 3328 2637 3382 sed
2667 3328 3053 3390 turbabantur,
3082 3334 3136 3380 et
3160 3333 3307 3380 tactu
3339 3340 3532 3380 manus
3556 3333 3612 3379 et

2030 3437 2218 3476 mensa
2250 3437 2387 3490 opus
2414 3420 2719 3473 habebant:
2762 3417 2978 3488 qualem
3013 3416 3312 3470 verisimile
3342 3423 3426 3470 est
3464 3415 3610 3483 vulgi

2024 3510 2282 3566 aﬁectum
2345 3509 2591 3563 futurum
2654 3506 3106 3562 fuisse?ldcirco
3153 3520 3247 3575 per
3288 3505 3612 3576 signa,qu:e

2023 3602 2255 3658 faciendi
2286 3616 2460 3656 causa
2483 3609 2815 3670 acceperunt
2842 3600 3098 3669 apostoli.
3144 3613 3253 3652 non
3276 3597 3608 3666 ambiguam,

2024 3695 2117 3749 sed
2155 3702 2359 3749 certam
2388 3692 2553 3746 edicit
2605 3692 3033 3745 resurrectionis
3086 3690 3609 3745 demonstrationem

337 3806 503 3869 atque
525 3808 897 3859 communem,
932 3799 990 3848 ut
1012 3806 1120 3847 non
1160 3789 1228 3846 iis
1256 3788 1542 3852 duntaxat,
1597 3788 1691 3855 qui
1743 3796 1874 3841 tunc
1963 3796 2123 3867 erant
2153 3803 2166 3839 :
2191 3786 2333 3856 quod
2356 3801 2421 3840 ex
2450 3792 2671 3854 aspectu
2702 3782 2817 3838 ﬁeri
2842 3784 3115 3838 debebat:
3183 3797 3374 3836 verum
3445 3782 3610 3834 etiam

346 3890 625 3954 omnibus,
650 3888 744 3957 qui
770 3894 960 3956 postea
991 3883 1236 3948 fuerunt,
1265 3879 1556 3935 manifesta
1588 3879 1926 3933 resurrectio
1967 3876 2109 3931 facta
2138 3878 2232 3931 sit.

410 3982 852 4049 ’Ozmrdpsroc
906 3972 1137 4040 αὐτοῖς,
1181 3971 1281 4027 καί
1310 3970 1507 4040 λέγων
1535 3970 1608 4023 τὰ
1638 3969 1770 4036 περὶ
1805 3967 1918 4037 τῆς

338 4072 656 4139 ,βασιλείας
694 4069 800 4123 τοῦ
830 4066 999 4122 Θεοῦ.

410 4163 519 4220 Καὶ
535 4160 1009 4229 συναλιζόμενος
1032 4156 1430 4226 παρήγγειλεν
1448 4153 1653 4220 αὐτοῖς
1679 4154 1799 4208 ἀπὸ
1814 4153 1920 4208 Ἰε-

334 4256 698 4328 ροσολύμων
723 4252 811 4322 μὴ
847 4249 1212 4319 χωρίζεσθαι,
1242 4247 1404 4302 ἀλλά
1435 4246 1775 4313 περιμένειν
1804 4245 1920 4314 τὴν

336 4347 706 4416 ἐπαγγελίαν
734 4342 840 4397 τοῦ
874 4340 1129 4408 Πατρός,
1158 4337 1241 4407 ἢν
1269 4335 1576 4407 ἠκούσατέ
1597 4354 1739 4406 μου.

407 4519 697 4577 Βασιλείαν
761 4509 1208 4580 αὐτδςόΚύριος
1254 4508 1482 4562 ἐκάλεσε
1541 4504 1636 4561 τοῦ
1700 4503 1917 4575 Πατρὸς

2098 3965 2263 4021 Vsus.
2292 3966 2346 4020 ’5.
2402 3964 2537 4018 Dum
2568 3963 2894 4031 compicitur
2925 3963 2989 4016 ab
3014 3964 3112 4025 eis,
3146 3979 3208 4016 ac
3268 3961 3505 4030 loquitur
3548 3977 3613 4016 ea

2019 4072 2137 4125 quae
2160 4057 2420 4126 pertinent
2446 4055 2514 4108 ad
2547 4072 2763 4124 regnum
2790 4054 2900 4109 Dei.
2996 4100 2999 4105 ,

2096 4150 2337 4206 νειιε.4.
2373 4147 2441 4201 Et
2468 4166 2575 4202 una
2604 4165 2723 4202 cum
2762 4149 2837 4202 eis
2870 4163 3134 4211 'cescens,
3176 4146 3423 4215 prtecepit
3476 4146 3612 4207 illis,

2022 4257 2085 4294 ne
2155 4243 2485 4296 discederent
2574 4240 2998 4310 Hierosolymis,
3070 4239 3159 4293 sed
3255 4247 3614 4307 exspectarent

2025 4335 2342 4403 promissum
2416 4334 2635 4399 Patris,
2723 4349 2920 4403 quant,
3024 4332 3227 4399 inquit,
3338 4330 3615 4384 audivistis

2027 4440 2094 4480 ex
2151 4443 2252 4480 me.

2097 4515 2345 4586 Regnum
2402 4514 2581 4570 Patris
2631 4514 2895 4570 Dominus
2945 4513 3062 4583 ipse
3119 4513 3354 4577 vocavit,
3412 4500 3467 4566 in
3507 4527 3619 4580 quo

338 4614 463 4669 καθ’
513 4613 573 4665 ὃν
596 4610 639 4642 ⁸¹
700 4604 1069 4681 ἐπηγγείλατο
1114 4603 1227 4663 τοῖς
1291 4598 1561 4669 μαθηταῖς
1623 4595 1684 4649 τὸ
1728 4595 1909 4648 καινὸν

2020 4623 2216 4662 novum
2253 4624 2359 4664 una
2389 4624 2514 4662 cum
2545 4608 2624 4661 eis
2652 4608 2907 4676 poculum
2964 4605 3248 4675 discipulis
3287 4607 3618 4675 promiserat

340 4705 632 4775 συμπίνειν
683 4702 975 4769 ποτήριον·
1015 4694 1208 4764 καινὴν
1236 4691 1396 4744 πόσιν
1420 4688 1625 4754 καλῶν,
1668 4688 1736 4759 ἥν
1772 4688 1914 4758 μετά

338 4799 439 4871 τὴν
470 4796 771 4851 ἀνάστασιν
812 4787 1007 4844 ἑαυτοῦ
1039 4787 1295 4840 συνέπιεν
1325 4784 1535 4845 αὐτοῖς.
1567 4782 1676 4834 Καὶ
1724 4780 1919 4851 καινὴν

342 4889 549 4960 βρῶσιν
600 4883 928 4950 συνέφαγεν,
958 4878 1022 4931 οὐ
1050 4875 1191 4930 κατά
1219 4873 1317 4940 τὴν
1350 4872 1621 4945 προτέραν
1652 4872 1826 4937 τάξιν,
1853 4871 1921 4942 ἢν

342 4976 633 5050 συνήσθιεν
655 4976 840 5036 αὐτοῖς
872 4971 971 5025 καὶ
1011 4968 1263 5023 συνέπινε
1289 4964 1397 5036 πρὸ
1424 4965 1523 5035 τῆς
1549 4963 1920 5018 ἀναστάσεως.

339 5069 482 5125 τότε
536 5068 647 5137 γὰρ
700 5063 846 5118 κατὰ
877 5062 1075 5124 πάντα,
1103 5057 1274 5130 χωρὶς
1306 5055 1603 5128 ἁμαρτίας,
1628 5054 1920 5124 ὁμοιωθεὶς

339 5163 499 5232 ἡμῖν,
522 5159 677 5229 ﬁdite
698 5174 791 5209 xw.
819 5154 971 5207 ἔπινε
1013 5151 1266 5221 καθάπερ
1294 5149 1480 5219 ἡμεῖς,
1508 5146 1651 5199 ἑκὼν
1686 5144 1918 5207 ἐνδιδοὺς

338 5254 410 5321 τῇ
434 5250 598 5320 σαρκὶ
616 5246 714 5319 τὴν
733 5246 831 5317 τῆς
870 5243 1077 5315 τροφῆς
1106 5240 1296 5312 χρείαν
1318 5238 1616 5308 ἐπιζητεῖν·
1644 5236 1724 5289 διὸ
1748 5238 1841 5289 καὶ
1863 5238 1924 5289 τὸ

342 5344 445 5410 τῆς
480 5340 670 5407 πείνης
729 5335 1053 5406 βουλόμενος
1097 5331 1417 5404 προσήκατο
1448 5326 1616 5387 πάθος
1642 5343 1657 5359 ο
1699 5328 1836 5396 μετὰ
1865 5325 1924 5378 δέ

343 5451 413 5503 γε
451 5433 550 5505 τὴν
589 5431 887 5485 ἀνάστασιν
924 5424 1108 5480 οὐκέτι
1145 5423 1288 5477 κατὰ
1328 5420 1516 5493 χρείαν
1541 5417 1709 5487 ἔφαγέ
1743 5435 1802 5470 τε
1833 5419 1926 5471 καὶ

346 5527 524 5590 ἔπιεν,
570 5523 705 5578 ἀλλὰ
768 5520 927 5593 μόνον
982 5516 1342 5588 πιστούμενος
1389 5513 1562 5569 ἅπασι
1606 5511 1705 5583 τὴν
1739 5511 1916 5583 ἀληθῆ

2017 4699 2313 4753 bibiturum
2334 4718 2348 4754 :
2370 4714 2567 4753 novum
2601 4708 2786 4768 potum
2807 4712 3214 4765 vocans,quem
3234 4712 3479 4749 unacum
3510 4696 3618 4749 illis

2017 4792 2152 4846 bibit
2178 4799 2300 4861 post
2330 4792 2791 4847 resurrectionem
2830 4806 2845 4844 :
2876 4801 3043 4858 atque
3076 4790 3239 4843 etiam
3274 4804 3473 4842 novum
3509 4802 3618 4841 una

2014 4896 2138 4935 cum
2193 4881 2300 4936 illis
2330 4881 2510 4935 cibum
2544 4880 2803 4943 comedit,
2849 4894 2959 4934 non
2986 4878 3443 4948 quemadmodum
3470 4880 3621 4948 prius

2019 4971 2357 5044 instituerat,
2403 4986 2526 5051 cum
2560 4986 2667 5025 una
2708 4986 2830 5025 cum
2861 4971 2941 5025 eis
2978 4971 3298 5024 comedebat
3323 4982 3377 5023 et
3401 4970 3620 5023 bibebat

2019 5070 2314 5131 antequam
2334 5063 2751 5117 resurrexisset.
2770 5060 2921 5115 Tunc
2943 5061 3110 5128 enim,
3130 5071 3355 5130 excepto
3371 5071 3616 5129 peccato,

2031 5153 2253 5207 omnino
2300 5152 2462 5206 nobis
2524 5151 2883 5212 assimilatus,
2943 5150 3264 5205 comedebat
3318 5158 3371 5202 et
3404 5147 3620 5200 bibebat

2032 5243 2494 5312 quemadmodum
2553 5257 2691 5307 nos,
2744 5243 2890 5295 ultro
2943 5241 3093 5295 earni
3171 5239 3493 5306 indulgens,
3555 5246 3615 5289 ut

2032 5336 2336 5405 requireret
2385 5333 2758 5389 necessarium
2817 5348 2976 5389 usum
3051 5330 3178 5387 cibi.
3249 5328 3615 5395 Quamobrem

2036 5425 2201 5480 famis
2263 5441 2484 5496 quoque
2516 5425 2769 5481 aﬂ'ectum
2820 5423 3006 5479 volens
3060 5419 3324 5475 admisit:
3356 5418 3451 5475 sed
3489 5426 3614 5489 post

2037 5518 2494 5573 resurrectionem
2545 5531 2676 5575 sane
2715 5530 2825 5573 non
2879 5513 3115 5585 amplius
3156 5509 3469 5569 necessario
3518 5525 3616 5565 co-

1565 5696 1771 5760 Varite
1800 5696 2114 5761 lectiones
2142 5708 2203 5765 et
2234 5705 2422 5765 notae.

445 5805 490 5837 "
516 5800 815 5859 desiderari
847 5798 1064 5868 videtur,
1101 5801 1301 5872 μόνοις.
1378 5800 1420 5834 ⁸¹
1456 5799 1543 5854 ίσ.
1580 5797 1716 5853 καθ’
1746 5799 1834 5871 ἦν.
