4044 6442
375 423 479 491 ’5οἸ
1297 411 1878 475 THEOPHYLACTI
1906 407 2321 472 BULGARLE
2345 404 2701 466 ARCHIEP.
3282 473 3291 481 .
3523 397 3628 460 508

377 535 542 592 medit
567 541 621 588 et
649 529 806 594 bibit,
851 527 955 584 sed
1015 529 1359 584 solummodo
1387 529 1741 584 ut.univer5ts
1789 524 1948 578 ﬁdem

2079 522 2216 577 ›ύσιν
2231 521 2325 575 τοῦ
2348 519 2598 591 σώματος
2623 519 2704 572 ὅτι
2725 515 2820 572 καὶ
2841 514 3111 569 πέπονθεν
3134 511 3295 577 ἑκὼν,
3315 509 3408 566 καὶ
3427 511 3625 583 ἀνέστη

379 629 742 684 faceretverze
777 621 1028 690 corporis
1077 627 1308 680 naturas.
1376 619 1525 686 quod
1592 625 1647 673 et
1685 616 1954 686 supplicio

2079 616 2396 686 Ιεοπρεπῶς.
2417 611 2634 680 Ταύτην
2648 605 2742 664 οῦν
2765 607 2956 680 καινήν
2977 607 3178 678 βρῶσιν
3204 608 3299 660 καὶ
3320 607 3476 660 πόσιν
3503 605 3632 659 ὲκά-

381 721 569 772 γοΙεηε
630 712 857 766 alfectus
902 723 1051 766 esset
1104 723 1158 767 et
1221 709 1483 766 divinitus
1545 709 1954 763 resurrexisset.

2079 723 2200 772 .eoe,
2223 708 2322 776 τὴν
2340 705 2478 774 μετά
2503 705 2601 774 τὴν
2613 702 2906 756 ἀνάστασιν
2927 699 3302 770 γεγενημένην
3322 697 3473 768 αὐτῷ
3494 695 3634 766 μετὰ

385 805 541 859 Hune
598 802 762 870 igitur
840 816 1038 854 novum
1127 802 1308 856 cibum
1365 807 1418 853 et
1476 809 1665 868 potum
1719 799 1954 864 vocavit,

2079 800 2166 853 πῶν
2201 798 2483 868 μαθητῶν,
2509 797 2568 850 οὗ
2595 798 2738 849 κατά
2771 793 2869 863 τὴν
2896 793 3168 861 προτέραν
3194 790 3504 859 συνήθειαν·
3539 789 3636 840 καὶ

385 899 586 967 quibus
618 914 728 952 una
784 912 909 950 cum
953 893 1238 960 discipulis
1297 897 1421 959 post
1479 890 1957 955 resurrectionem,

383 1004 492 1040 non
527 986 984 1056 quemadmodum
1043 986 1198 1051 prius
1244 991 1628 1043 consueverat.
1667 996 1801 1036 usus
1852 989 1958 1035 est.

385 1078 596 1132 Etenim
679 1081 733 1132 in
816 1076 1176 1146 quadraginta
1259 1077 1490 1140 diebus,
1545 1078 1760 1145 inquit,
1839 1093 1963 1128 συν-

383 1167 622 1234 ηλίζετο,
656 1165 705 1218 id
737 1172 841 1228 est,
880 1179 988 1217 una
1028 1179 1151 1218 cum
1191 1163 1272 1218 eis
1304 1165 1649 1228 vescebatur,
1709 1163 1963 1219 videlicet

386 1256 664 1310 communi
695 1263 850 1314 utens
879 1256 992 1311 sale
1021 1266 1073 1310 et
1113 1271 1319 1309 mensa.
1371 1255 1476 1309 Sed
1534 1255 1828 1324 quomodo,
1865 1270 1966 1309 no-

387 1357 559 1400 strum
597 1361 703 1401 non
730 1355 815 1401 est
843 1347 1047 1401 dicere.
1116 1344 1240 1400 llzec
1259 1348 1405 1400 enim
1452 1361 1556 1399 non
1590 1346 1754 1400 solito
1785 1361 1962 1411 more,

387 1438 482 1493 sed
532 1439 708 1508 magis
754 1438 1062 1492 admirabili
1090 1438 1252 1492 modo
1277 1437 1596 1492 acciderunt
1630 1454 1645 1490 :
1683 1453 1792 1492 non
1820 1438 1963 1508 quod

386 1537 586 1584 natura
623 1529 880 1600 deinceps
907 1531 1046 1585 cibis
1075 1531 1359 1598 indigeret,
1418 1531 1511 1584 sed
1562 1530 1706 1600 quod
1757 1532 1965 1586 coude«

390 1621 605 1677 scensio
637 1631 798 1690 atque
825 1622 1258 1677 accommodatio
1283 1623 1433 1677 lieret
1481 1623 1547 1676 ad
1580 1623 1962 1678 demonstran-

391 1714 515 1765 dam
547 1713 1024 1768 resurrectionem.
1051 1712 1115 1765 Et
1141 1713 1474 1782 patefaciens
1505 1713 1562 1782 8
1591 1714 1737 1784 regni
1765 1723 1968 1784 myste-

390 1803 495 1866 ria,
530 1803 804 1871 praecepit,
828 1812 933 1857 etc.
951 1802 1309 1857 'Curtandem
1348 1803 1453 1858 IIOC
1475 1805 1556 1858 eis
1583 1812 1642 1856 ut
1700 1802 1966 1867 facerent,

2061 891 2381 962 γὰρ,φησ”ιν,
2403 891 2460 941 ἐν
2477 888 2886 958 τεσσαράκοντα
2901 884 3138 956 ἡμέραις
3151 882 3334 945 αὐτοῖς
3353 880 3636 943 συνηλίζε-

2062 1001 2122 1036 το
2145 986 2214 1043 θ’,
2239 982 2505 1045 τουτέστι,
2531 978 2802 1032 κοινωνῶν
2819 976 2982 1042 ἁλῶν,
3012 977 3106 1030 καὶ
3129 975 3402 1028 κοινωνῶν
3425 972 3634 1040 τραπέ-

2064 1077 2183 1144 ζης.
2220 1076 2292 1128 Τὸ
2315 1075 2372 1128 δὲ
2403 1073 2542 1138 πῶς,
2565 1073 2664 1142 οὐχ
2687 1071 2956 1142 ἡμέτερον
2975 1072 3169 1124 εἰπεῖν.
3188 1070 3387 1139 Τρόπῳ
3404 1068 3512 1136 γάρ
3530 1084 3636 1118 τινι

2065 1166 2483 1237 παραδοξοτέρῳ
2530 1165 2704 1217 ταῦτα
2754 1163 2974 1231 ἐγένετο
2998 1178 3012 1192 ’
3047 1165 3147 1232 οὐχ
3188 1161 3262 1224 ὡς
3297 1163 3395 1229 τῆς
3424 1158 3639 1226 φύσεως

2064 1256 2324 1325 δεομένης
2375 1255 2680 1325 βρωμάτων
2737 1253 2945 1316 λοιπὸν,
2980 1251 3116 1304 ἀλλά
3170 1249 3640 1316 συγκαταϐάσεως

2065 1347 2363 1416 γενομένης
2389 1345 2526 1416 πρὸς
2561 1345 2833 1409 ἀπόδειξιν
2863 1344 2962 1413 τῆς
3022 1343 3398 1402 ἀναστάσεως.
3437 1341 3544 1392 Καὶ
3572 1341 3642 1392 τὰ

2068 1439 2198 1508 περὶ
2230 1437 2330 1506 τῆς
2383 1436 2662 1506 βασιλείας
2719 1435 3124 1490 ἀποκαλύπτων
3172 1435 3448 1505 μυστήρια
3477 1433 3546 1486 ⁵³.
3577 1432 3643 1484 Τί

2067 1530 2267 1598 δήποτε
2323 1529 2692 1600 παρήγγειλεν
2731 1530 2915 1592 αὐτοῖς
2964 1529 3124 1582 τοῦτο
3173 1530 3380 1591 ποιεῖν;
3418 1526 3644 1596 Πρῶτον

2074 1623 2172 1690 μὲν
2235 1618 2329 1675 οὖν
2375 1623 2572 1686 αὐτοὺς
2619 1622 2924 1684 δεδοικότας
2969 1622 3064 1675 καὶ
3107 1620 3412 1691 τρέμοντας
3439 1618 3516 1680 είς
3545 1617 3646 1684 τὴν

2075 1713 2360 1768 Γαλιλαίαν
2405 1714 2697 1785 ἐξήγαγεν,
2727 1714 2812 1766 ἵνα
2842 1713 2980 1782 μετὰ
3018 1711 3202 1774 ἀδείας
3229 1710 3508 1763 ἀκούσωσι
3538 1709 3646 1762 τῶν

2070 1804 2378 1874 λεγομένων
2402 1819 2416 1834 °
2441 1804 2650 1874 ἕτοιμοι
2679 1803 2793 1872 γὰρ
2816 1799 2956 1873 ἦσαν
2988 1804 3067 1865 είς
3092 1801 3152 1854 τὸ
3192 1800 3645 1869 λειποτακτήσαι·

391 1893 718 1946 mandavit?
749 1891 883 1946 Nam
916 1893 1152 1962 primum
1197 1892 1415 1961 quidem
1447 1908 1542 1948 eos
1574 1901 1717 1948 metu
1750 1894 1968 1962 percul-

2079 1890 2191 1949 εἶτα
2245 1895 2433 1965 ἐπειδὴ
2478 1895 2718 1965 ’ήκουσαν
2769 1893 2862 1946 καὶ
2917 1892 3326 1962 τεσσαράκοντα
3361 1889 3645 1960 διέτριψαν

391 1999 484 2037 sos
516 1993 679 2051 atque
731 1990 1024 2037 trementes
1055 1983 1108 2035 in
1144 1981 1422 2036 Galilzeatn
1454 1983 1665 2049 eduxit,
1693 1991 1745 2039 tu:
1785 1985 1966 2038 securi

393 2088 479 2138 ea,
505 2089 627 2142 qua!
655 2073 882 2140 diceret,
923 2073 1176 2127 audirent
1220 2089 1250 2127 ι.
1270 2075 1444 2143 parati
1485 2075 1630 2128 enim
1692 2082 1850 2129 erant
1902 2076 1970 2130 ad

394 2166 573 2219 locum
601 2172 654 2218 et
706 2179 907 2218 munus
933 2180 1096 2220 suum
1145 2165 1503 2220 deserendum
1537 2182 1552 2230 ;
1599 2166 1795 2221 deinde
1821 2175 1973 2236 post-

395 2269 627 2324 eaquam
709 2255 1057 2321 audiverant,
1131 2271 1196 2311 ac
1279 2255 1640 2326 quadraginta
1695 2257 1813 2312 dies
1862 2272 1974 2312 una

396 2345 703 2401 conversati
767 2357 943 2410 erant,
1006 2345 1283 2400 mandavit
1340 2361 1408 2400 ne
1459 2347 1528 2400 ab
1584 2347 1974 2416 Hierosolymis

399 2437 770 2490 discederent.
815 2437 926 2490 Cur
957 2437 1207 2491 tandem?
1232 2435 1368 2502 Quia
1395 2437 1854 2506 quemadmodum
1880 2439 1978 2492 mi-

401 2526 544 2589 lites,
579 2525 723 2593 siqui
753 2526 1090 2580 multitudini
1111 2526 1408 2594 objiciendi
1453 2537 1602 2592 sunt,
1637 2543 1796 2582 nemo
1819 2537 1975 2582 ante-

400 2631 564 2683 quam
595 2631 712 2669 sese
731 2616 1091 2681 armaverint,
1120 2617 1270 2671 exire
1311 2617 1443 2672 sinit
1469 2635 1482 2671 :
1507 2632 1684 2687 neque
1711 2633 1774 2672 ex
1798 2633 1978 2673 carce-

401 2707 556 2762 ribus
583 2722 754 2776 equos
781 2709 1034 2778 prosilire
1093 2718 1386 2780 antequam
1441 2711 1686 2780 aurigam
1746 2727 1977 2782 accepe-

402 2795 513 2851 rint
551 2814 564 2851 :
597 2797 669 2853 ita
703 2799 960 2854 nimirum
991 2799 1156 2854 etiam
1212 2801 1358 2866 illos,
1399 2811 1693 2873 antequam
1739 2801 1977 2872 Spiritus

399 2887 794 2956 descendisset,
831 2905 898 2947 ne
929 2906 959 2946 a
993 2893 1340 2948 multitudine
1370 2893 1531 2948 facile
1559 2896 1682 2966 capi
1712 2910 1776 2950 ac
1794 2895 1975 2967 subigi

401 2987 648 3046 possent,
681 2979 734 3033 in
785 2982 902 3037 acie
934 2983 1178 3052 conspici
1213 2998 1323 3038 non
1356 2984 1616 3049 sinebat;
1650 3001 1758 3039 non
1798 2987 1976 3042 solum

404 3077 586 3122 autem
634 3069 862 3136 idcirco,
892 3071 988 3126 sed
1019 3073 1166 3141 quod
1205 3073 1362 3127 multi
1395 3075 1558 3128 etiam
1586 3074 1697 3130 illic
1718 3076 1979 3131 credituri

2074 1989 2308 2058 ἡμέρας,
2361 1986 2732 2056 παρήγγειλεν
2786 1985 2894 2038 ἀπὸ
2932 1984 3326 2055 Ἰεροσολύμων
3367 1982 3441 2051 μὴ
3476 1982 3644 2052 χωρί-

2075 2081 2284 2145 ζεσθαι.
2321 2081 2384 2132 Τί
2416 2080 2617 2148 δήποτε
2639 2095 2654 2144 ;
2679 2077 2803 2130 Ὅτι
2843 2077 3092 2146 καθάπερ
3121 2074 3273 2136 τινάς
3307 2073 3649 2143 στρατιώτας

2079 2174 2371 2246 μέλλοντας
2417 2174 2497 2236 είς
2551 2171 2755 2240 πλῆθος
2807 2170 3134 2240 ἐμπίπτειν,
3183 2167 3358 2230 οὐδεὶς
3419 2165 3652 2235 ἀφίησιν

2077 2265 2311 2331 ἐξελθεῖν
2345 2264 2449 2328 ἕως
2477 2264 2542 2318 ἂν
2574 2262 2922 2327 ὁπλίσωνται,
2982 2261 3102 2314 οὐδὲ
3133 2260 3332 2320 ἵππους
3368 2257 3653 2328 προπηδᾷν

2074 2361 2174 2428 τῆς
2232 2354 2498 2426 βαλϐίδος,
2539 2354 2644 2415 ἓως
2680 2353 2745 2406 ἂν
2777 2352 2870 2406 τὸν
2928 2351 3144 2422 ήνίοχον
3194 2349 3434 2402 λάϐωσιν
3461 2366 3473 2379 ·
3510 2348 3654 2400 οὕτω

2075 2449 2138 2518 δὴ
2168 2449 2260 2501 καὶ
2309 2447 2509 2509 αὐτοὺς
2541 2443 2648 2515 πρὸ
2673 2444 2770 2514 τῆς
2796 2442 2890 2496 τοῦ
2942 2443 3261 2511 Πνεύματος
3287 2441 3516 2494 καθόδου
3543 2459 3651 2509 φας

2077 2535 2236 2603 νῆναι
2283 2534 2376 2587 ἐπὶ
2400 2535 2498 2603 τῆς
2529 2532 2893 2600 παρατάξεως
2931 2532 3030 2584 οὐκ
3071 2531 3246 2600 ἀφίει,
3279 2529 3420 2583 ὥστε
3454 2529 3529 2601 μὴ
3559 2548 3654 2598 γε·-

2077 2626 2261 2679 νέσθαι
2291 2623 2653 2694 εὐχειρώτους
2681 2623 2777 2676 καὶ
2817 2621 3125 2690 ἀλωσίμους
3145 2623 3260 2683 τοῖς
3295 2620 3512 2683 πολλοῖς
3543 2637 3557 2651 ·
3589 2620 3651 2671 οὒ

2077 2715 2164 2769 διὰ
2193 2714 2351 2767 τοῦτο
2383 2713 2437 2766 δὲ
2467 2717 2625 2782 μόνον
2643 2754 2658 2779 ,
2693 2712 2808 2765 ἀλλ’
2834 2713 2916 2765 ὅτι
2939 2713 3035 2766 καὶ
3057 2711 3241 2764 πολλοὶ
3269 2706 3408 2781 ἦσαν
3441 2711 3491 2763 οἱ
3527 2711 3654 2781 μέλ-

2076 2804 2263 2865 λοντες
2312 2803 2593 2858 πιστεύειν
2659 2801 2847 2855 αὐτόθι
2875 2819 2888 2831 ·
2920 2800 3016 2854 καὶ
3049 2800 3250 2870 τρίτον,
3299 2801 3384 2854 ἵνα
3411 2802 3483 2872 μή
3509 2818 3654 2861 τινες

2077 2897 2329 2964 λέγωσιν,
2379 2896 2462 2949 ὅτι
2511 2895 2638 2956 τοὺς
2687 2893 2999 2964 γνωρίμους
3049 2893 3302 2961 ἀφέντες,
3352 2893 3505 2962 παρά
3539 2897 3656 2957 τοίς

2081 2989 2252 3056 ξένοις
2269 2989 2314 3021 ⁵⁸
2339 2984 2504 3059 ἦλθον
2530 2988 2834 3056 κομπᾶσαι,
2868 2984 3062 3040 τούτου
3107 2984 3269 3056 χάριν
3299 2987 3431 3057 παρ’
3465 2986 3649 3048 αὐτοῖς

2080 3080 2192 3142 τοῖς
2216 3079 2577 3145 πεφονευκόσι
2611 3077 2914 3147 παρέχουσι
2941 3076 3008 3130 τὰ
3044 3077 3348 3147 τεκμήρια·
3383 3077 3520 3146 παρ’
3541 3077 3642 3128 αὑ-

403 3167 582 3212 erant.
627 3160 806 3229 Atque
855 3161 1020 3216 etiam
1057 3162 1214 3218 tertia
1245 3178 1412 3217 causa
1443 3173 1549 3229 est,
1605 3181 1674 3220 ne
1705 3167 1797 3235 qui
1833 3167 1978 3238 dice-

2080 3172 2195 3232 τοῖς
2219 3173 2330 3233 τοῖς
2347 3168 2867 3239 ὲσταυρωκόσι,τοῖς
2890 3167 3146 3238 θάψασιν,
3166 3168 3223 3222 ὲν
3239 3167 3376 3239 αὐτῇ
3395 3170 3458 3237 τῇ
3475 3167 3652 3232 πόλει,

405 3263 550 3316 rent,
586 3267 699 3318 eos,
737 3253 881 3309 notis
913 3255 1142 3322 relictis,
1195 3257 1261 3311 ad
1301 3259 1618 3325 peregrinos
1647 3267 1978 3315 ostentatum

403 3349 464 3395 et
515 3343 780 3411 jactatum
813 3360 933 3401 sese
959 3345 1196 3410 venisse,
1238 3346 1446 3402 ideirco
1477 3350 1620 3419 apud
1657 3351 1778 3406 illos
1809 3352 1980 3421 ipsos,

405 3433 501 3504 qui
535 3437 736 3491 eaedem
777 3435 1041 3503 fecerant,
1094 3439 1186 3506 qui
1218 3439 1624 3506 crueilixerant,
1655 3443 1748 3512 qui
1783 3443 1985 3511 sepeli-

405 3534 621 3590 verant,
675 3527 732 3580 in
795 3527 914 3598 ipsa
969 3529 1125 3596 urbe,
1175 3531 1228 3584 in
1274 3546 1381 3600 qua
1445 3531 1714 3588 nefarium
1771 3532 1986 3589 facinus

407 3618 748 3672 committere
789 3620 910 3673 ausi
942 3628 1120 3684 erant,
1154 3631 1472 3690 argumenta
1519 3637 1584 3677 ac
1616 3625 1768 3693 signa
1799 3622 1985 3694 profe-

407 3715 558 3769 runt,
600 3723 722 3780 qua:
759 3725 867 3763 non
911 3719 1161 3781 poterant
1186 3714 1379 3768 refelli.
1417 3712 1524 3769 Sed
1556 3714 1774 3783 quando
1824 3715 1984 3769 audi-

404 3811 604 3856 verunt
671 3803 823 3857 illum
896 3805 1340 3873 promittentem?
1405 3806 1635 3872 Quando
1686 3807 1911 3864 dicebat
1965 3824 1982 3862 :

409 3893 642 3964 Expedit
680 3897 836 3951 vobis
869 3906 928 3951 ut
979 3913 1078 3968 ego
1109 3897 1450 3955 abeam.Nisi
1487 3900 1629 3955 enim
1657 3915 1756 3972 ego
1774 3901 1983 3969 abiero,

406 3987 723 4044 Paracletus
752 3991 838 4045 ille
866 4008 972 4046 non
1007 3993 1185 4047 veniet
1206 3991 1273 4046 ad
1293 3993 1494 4049 vos.Et
1511 4010 1730 4061 rursus,
1759 3995 1986 4066 Rogabo

407 4079 648 4145 Patrem,
679 4089 734 4136 et
762 4083 929 4137 alium
959 4083 1305 4139 Paracletum
1335 4087 1511 4141 mittet
1536 4088 1710 4143 vobis.
1754 4088 1857 4143 Sed
1887 4103 1987 4144 cur

407 4187 516 4227 non
540 4173 631 4226 illo
653 4181 939 4242 praesente,
981 4190 1158 4244 neque
1190 4175 1440 4245 digresso
1483 4179 1663 4236 statim
1718 4179 1936 4234 advenit
1966 4222 1981 4247 ,

409 4263 504 4318 sed
531 4271 653 4333 post
683 4273 807 4318 octo
838 4273 932 4318 aut
987 4281 1176 4322 novem
1233 4267 1374 4334 dies,
1446 4269 1561 4324 sive
1592 4285 1714 4325 cum
1747 4273 1988 4340 comple-

411 4364 604 4408 rentur
654 4355 772 4410 dies
802 4358 1156 4414 Pentecostes
1199 4359 1314 4414 sive
1379 4361 1891 4432 quinquagesimae?
1920 4378 1986 4417 ac

409 4458 693 4516 praeterea,
741 4451 1036 4519 quomodo,
1067 4453 1113 4507 si
1155 4452 1396 4508 nondum
1453 4453 1692 4524 Spiritus
1745 4456 1984 4510 advene-

2083 3264 2139 3315 ὲν
2169 3256 2284 3336 ᾖτὸ
2310 3262 2626 3332 παράνομον
2676 3259 2971 3328 ἐτολμήθη.
3027 3259 3162 3312 Πότε
3193 3258 3249 3310 δὲ
3284 3260 3524 3330 ἥκουσαν
3555 3259 3658 3328 τὴν

2084 3353 2447 3420 ὲπαγγελίανς
2478 3353 2608 3405 Ὅτε
2642 3350 2818 3418 ἔλεγε·
2877 3350 3157 3420 Συμφέρει
3205 3351 3357 3419 ὑμῖν,
3413 3351 3498 3404 ἵνα
3543 3349 3656 3417 ἐγὼ

2083 3445 2301 3498 ἀπέλθω
2337 3460 2351 3476 ’
2415 3443 2508 3496 ἐὰν
2558 3445 2666 3513 γὰρ
2699 3441 2809 3510 ἐγὼ
2846 3441 2920 3513 μὴ
2959 3441 3202 3508 ἀπέλθω,
3233 3443 3261 3493 ὀ
3296 3441 3659 3510 Παράκλητος

2082 3538 2182 3590 οὐκ
2210 3534 2487 3588 ἐλεύσεται
2525 3535 2662 3603 πρὸς
2692 3534 2836 3602 ὑμᾶς
2861 3550 2873 3562 ·
2899 3534 2993 3586 καὶ
3019 3533 3206 3598 πάλιν,
3238 3532 3538 3602 Ἐρωτήσω
3562 3531 3658 3584 τὸν

2085 3628 2327 3698 Πατέρα,
2351 3627 2447 3680 καὶ
2470 3626 2627 3680 ἄλλον
2648 3623 3007 3694 Παράκλητον
3030 3624 3235 3694 πέμψει
3257 3624 3302 3656 ⁸⁸
3325 3623 3474 3691 ὑμῖν.
3499 3623 3660 3685 Τίνος

2083 3719 2140 3772 δὲ
2174 3719 2362 3772 ἕνεκεν
2409 3719 2530 3787 οὐχὶ
2563 3717 2829 3788 παρόντος
2859 3714 3050 3782 αὐτοῦ,
3075 3715 3194 3768 οὐδὲ
3217 3713 3544 3776 ἀπελθόντος
3568 3714 3663 3766 εῦ-

2087 3811 2222 3875 θέως
2247 3809 2602 3880 παρεγένετο,
2664 3808 2800 3862 ἀλλά
2830 3809 2966 3878 μετά
3007 3807 3153 3862 ὀκτὼ
3178 3807 3209 3877 ἢ
3235 3806 3389 3859 ἐννέα
3418 3806 3658 3877 ἡμέρας,

2084 3903 2205 3973 ήτοι
2229 3904 2287 3955 ὲν
2312 3901 2391 3970 τῷ
2425 3899 2883 3971 συμπληροῦσθαι
2906 3900 3006 3965 τὴν
3033 3897 3244 3968 ἡμέραν
3296 3898 3398 3962 τῆς
3444 3899 3660 3968 Πεντη-

2085 3992 2304 4064 κοστῆςς
2325 3993 2446 4045 Ἔτι
2479 3992 2536 4045 δὲ
2563 3991 2699 4054 πῶς,
2738 3993 2786 4044 εί
2821 3991 3051 4061 μηδέπω
3077 3989 3137 4042 τδ
3163 3987 3384 4059 Πνεῦμα
3409 4004 3660 4059 παρεγε-

2084 4086 2252 4154 γόνει,
2273 4083 2663 4152 έλεγε,Λά6ετε
2691 4081 2915 4150 Πνεῦμα
2943 4080 3097 4150 ἅγιον
3117 4080 3331 4147 ;Ἕστιν
3351 4077 3445 4134 οὖν
3461 4081 3657 4144 εἰπεῖν,

2085 4178 2168 4231 ὅτι
2201 4178 2360 4230 τοῦτο
2389 4175 2488 4245 μὲν
2515 4174 2690 4244 ἔλεγε,
2710 4173 2994 4236 δεκτικοὺς
3019 4172 3218 4234 αὐτοὺς
3236 4172 3330 4224 καὶ
3357 4170 3661 4242 ἐπιτηδειο-

2085 4271 2285 4333 τάτους
2313 4266 2753 4339 παρασκευάζων
2802 4269 2897 4320 καὶ
2942 4264 3245 4337 ἀρκοῦντας
3281 4265 3361 4326 εἰς
3393 4263 3492 4334 τὴν
3521 4263 3658 4316 ὐπο-

2085 4362 2246 4432 δοχὴν
2278 4360 2373 4413 τοῦ
2441 4357 2782 4428 Πνεύματοςο
2816 4357 3008 4411 ἔλαϐον
3039 4356 3119 4420 δὲ,
3153 4357 3242 4410 ὅτε
3269 4354 3539 4424 κατῆλθεν
3570 4352 3660 4405 ἐπ’

2087 4450 2284 4514 αὐτούς
2309 4467 2324 4482 ·
2376 4450 2433 4521 ἦ.
2469 4451 2550 4502 ὅτι
2583 4450 2645 4502 τὸ
2682 4449 2875 4520 μέλλον
2929 4447 3172 4505 ἔσεσθαι,
3216 4446 3292 4510 ὠς
3324 4448 3424 4517 ήδη
3477 4446 3657 4514 παρὸν

409 4549 516 4601 rat,
551 4543 765 4597 dicebat
796 4560 810 4597 :
845 4544 1089 4615 Accipite
1151 4543 1417 4614 Spiritum
1456 4556 1704 4602 sanctum
1733 4549 1756 4600 Ἰ
1789 4547 1978 4604 Potest

2089 4542 2184 4596 καὶ
2242 4539 2552 4610 ἐνεστηκὸς,
2613 4538 2853 4609 εἴρηκεν,
2897 4538 2974 4601 ὼς
3026 4539 3155 4591 ὅταν
3203 4537 3370 4606 λέγῃ·
3431 4537 3662 4588 Πατεῖτε

411 4633 574 4703 igitur
608 4635 710 4691 dici
758 4635 858 4690 hoc
892 4636 1097 4704 idcirco
1149 4639 1216 4693 ab
1265 4639 1358 4693 illo
1401 4638 1606 4693 dictum
1655 4653 1796 4702 esse,
1839 4639 1987 4708 quod

409 4727 573 4780 vellet
604 4743 699 4781 eos
717 4742 948 4795 capaces
973 4730 1315 4800 maximeque
1349 4731 1574 4786 idoneos
1591 4729 1802 4785 ellieere
1824 4739 1987 4799 atque

412 4819 744 4874 stillicientes
763 4821 828 4874 ad
889 4819 1150 4889 Spiritum
1186 4821 1557 4891 recipiendum
1600 4837 1616 4874 :
1651 4829 1986 4890 acceperunt

411 4919 592 4963 autem
627 4911 803 4978 illum,
839 4926 960 4965 cum
991 4913 1058 4967 ad
1091 4928 1186 4968 eos
1229 4913 1515 4968 descendit
1579 4930 1593 4967 :
1670 4920 1789 4975 aut,
1837 4912 1984 4982 quod

411 5001 479 5054 de
515 5000 724 5067 futuro,
752 5010 1011 5072 tanquam
1045 5003 1112 5058 de
1147 5019 1207 5058 re
1242 5004 1352 5074 jam
1388 5011 1656 5074 praesente
1685 5012 1738 5059 et
1771 5005 1984 5058 instan-

411 5100 464 5145 te
508 5093 720 5148 locutus
781 5095 851 5148 sit
887 5112 902 5147 ι
951 5103 1011 5148 ut
1052 5110 1175 5148 cum
1206 5096 1380 5149 dicit:
1431 5096 1651 5150 Calcate
1683 5111 1846 5164 super
1876 5111 1986 5149 ser-

410 5193 601 5255 pentes
625 5194 679 5241 et
702 5187 1027 5256 scorpiones
1051 5195 1104 5241 et
1130 5201 1298 5255 super
1326 5202 1518 5242 omnes
1543 5187 1730 5258 e0pias
1752 5186 1982 5242 inimici.

2092 4635 2277 4688 ὲπάνω
2330 4632 2506 4700 ὄφεων
2570 4632 2666 4684 καὶ
2716 4630 3015 4701 σκορπίων,
3061 4629 3156 4682 καὶ
3205 4628 3297 4680 ἐπὶ
3343 4629 3523 4680 πᾶσαν
3562 4627 3665 4694 τὴν

2091 4726 2322 4790 δύναμιν
2347 4723 2439 4777 τοῦ
2473 4722 2688 4794 ἐχθροῦ.
2730 4723 2888 4776 Ἔστι
2918 4721 2974 4774 δὲ
3003 4723 3095 4774 καὶ
3117 4721 3288 4784 ἄλλως
3317 4723 3522 4780 εἰπεῖν.
3580 4721 3666 4773 ὅτι

2091 4815 2186 4870 τοῦ
2240 4815 2560 4886 Πνεύματος
2593 4817 2625 4885 ή
2677 4814 2824 4877 δόσις
2865 4813 3083 4882 ποικίλη
3113 4813 3193 4875 τίς
3225 4814 3338 4864 ἐστι
3367 4820 3463 4864 και
3496 4811 3668 4863 πολυ-

2095 4909 2268 4978 μερής
2292 4927 2305 4939 ·
2335 4911 2368 4978 ἡ
2409 4909 2506 4977 μὲν
2526 4910 2634 4978 γάρ
2659 4907 2990 4976 καθαρτικὴ,
3024 4907 3057 4976 ή
3087 4906 3144 4958 δὲ
3175 4904 3494 4975 τελειωτική
3529 4922 3540 4933 ·
3569 4907 3668 4957 καὶ

2091 5004 2126 5072 ή
2161 5001 2256 5070 μὲν
2287 4999 2608 5068 ἁγιάζουσα,
2639 5000 2672 5068 ή
2703 4999 2758 5051 δὲ
2787 4999 3142 5066 ἁγιαστικοὺς
3198 4996 3608 5067 δημιουργοῦσα
3648 5014 3665 5029 ο

2094 5096 2127 5164 ή
2161 5095 2254 5161 μὲν
2285 5091 2545 5161 γλωσσῶν
2601 5091 2913 5160 ποριστικὴ,
2947 5089 3058 5156 ἠδὲ
3089 5089 3449 5159 προφητείας·
3479 5091 3511 5160 ἡ
3568 5089 3670 5157 μὲν

2092 5181 2647 5251 τερατουργημάτων,
2672 5183 2704 5250 ή
2731 5180 2786 5232 δὲ
2839 5179 3137 5250 ἑρμηνείας
3189 5181 3539 5251 παρεκτική’
3573 5179 3672 5232 καὶ

1643 5303 1845 5366 Varias
1874 5301 2182 5366 lectiones
2216 5306 2277 5361 et
2314 5304 2502 5360 notae.

522 5427 567 5457 "
647 5425 874 5493 Exponit
933 5425 1236 5488 dictionem,
1301 5426 1741 5494 συναλιζόμενος,

1821 5443 1977 5493 quam
2035 5425 2292 5478 Erasmus
2343 5422 2552 5493 υωίἱε,Δ
2584 5439 2603 5471 ι
2649 5436 2996 5493 congregans.
3027 5437 3077 5493 _)
3148 5418 3301 5493 Sane
3344 5417 3506 5470 dictio
3535 5418 3668 5493 sint-

411 5497 530 5559 plex
591 5489 759 5578 ἀλίζω
829 5495 965 5578 alias
1026 5496 1313 5578 signiﬁcat,
1375 5515 1393 5547 ι
1443 5489 1694 5566 coittjrego
1744 5516 1763 5578 ξ
1831 5489 1880 5549 et
1914 5515 1959 5578 ,ι
2009 5490 2582 5578 ατειιηιιιιο;,‹“ιι”τιάε
2644 5490 2784 5578 ἃλις,
2814 5490 3084 5578 :‘a‘bunde,
3123 5490 3429 5569 cumulate:
3470 5506 3487 5536 ι
3527 5489 3668 5540 altas

416 5581 434 5610 ι
479 5568 532 5616 in
560 5566 767 5628 pulvere
795 5566 1020 5630 volutor,
1041 5561 1248 5633 pulvere
1273 5561 1878 5635 ἱηᾳιιὶηονξὶιίριιίυενσ
1909 5565 2115 5629 luctor;
2162 5583 2179 5615 ι
2241 5563 2379 5616 unde
2408 5564 2441 5631 ὴ
2467 5561 2631 5635 ἄλως,
2668 5570 2714 5613 et
2742 5564 2774 5628 ή

2805 5559 2967 5622 ἁλὼν,
3017 5580 3038 5611 ι
3071 5575 3219 5621 area,
3257 5578 3276 5609 ι
3308 5560 3360 5610 in
3389 5574 3492 5627 qua
3513 5573 3672 5627 spira:

411 5626 786 5706 conservantur
813 5645 861 5687 et
906 5626 1230 5690 volutantur.
1268 5626 1552 5706 Signi/icth
1586 5626 1731 5694 item.
1768 5656 1786 5688 ι
1823 5638 1934 5690 sale
1952 5626 2261 5702 consperge,
2304 5652 2321 5684 ›
2355 5642 2405 5686 et
2430 5626 2466 5682 ἰ
2497 5632 2706 5706 condio.
2758 5626 2776 5682 ὁ
2805 5629 2961 5706 Iliaci
2992 5631 3340 5697 compositum
3374 5626 3668 5687 συναλίζο-

416 5721 534 5772 μαι,
567 5721 584 5776 ι
614 5704 776 5757 simul
803 5714 923 5776 utor
943 5707 1076 5766 sale,
1103 5706 1282 5759 eadem
1317 5700 1395 5759 an
1420 5700 1620 5770 mensa,
1663 5725 1681 5758 δ
1715 5708 1852 5776 quod
1899 5716 2042 5760 vetus
2086 5700 2352 5772 interpres
2398 5721 2417 5754 ι
2451 5701 2684 5776 converti
2724 5719 2741 5751 ›
2771 5700 2962 5776 dixit}
2994 5716 3166 5768 quem,
3208 5708 3387 5776 utpote
3451 5712 3669 5764 proptus

420 5774 742 5827 accedentem
774 5774 849 5845 ad,
866 5772 1346 5845 interpretationem
1391 5772 1774 5845 TIteop/tylacti.
1819 5793 1910 5843 ego
1945 5790 2145 5843 quoque
2177 5788 2385 5845 sequor.

2483 5773 2528 5804 ⁵³
2560 5768 2876 5828 Addendum
2922 5767 3058 5839 forte
3089 5767 3480 5840 παρήγγειλεν,
3520 5777 3658 5836 quoa

415 5844 669 5912 interpres
701 5843 974 5912 supplevit.
1051 5847 1096 5876 ”
1126 5846 1211 5903 ιον.
1241 5846 1368 5908 τοὺς
1410 5843 1609 5910 Eine-3;,
1651 5847 1698 5878 ”
1727 5845 1920 5915 πέμψῃ
1955 5854 2088 5900 erat.
