4044 6420
363 410 469 481 509
1108 410 1516 476 EXPOSITIO
1542 415 1627 477 IN
1664 415 1857 477 ACTA
1887 413 2468 485 APOSTOLORUM.
2509 447 2579 460 -
2608 425 2771 487 CAP.
2809 427 2864 490 Ι.
3528 433 3633 501 510

367 527 536 600 μυρία
559 523 717 582 ἄλλα.
744 516 1018 578 Οὐδὲνοῦν
1043 523 1245 577 κωλύει
1274 526 1418 579 κατὰ
1437 524 1537 595 τὴν
1561 525 1815 597 ποικίλην
1848 526 1939 580 καὶ

2050 527 2230 588 Potest
2265 542 2446 589 autem
2509 536 2669 592 aliter
2718 552 2940 609 quoque
2994 539 3124 602 dici,
3174 540 3522 599 donationem
3551 547 3632 601 vi-

361 619 645 689 πολυμερῆ
657 615 754 671 τοῦ
785 615 1106 687 Πνεύματος
1134 617 1421 688 διανομὴν,
1450 617 1724 688 διαφόρως
1746 620 1944 682 αὐτοὺς

2050 622 2252 680 delicet
2316 625 2560 697 Spiritus
2612 631 2818 685 variam
2853 631 3147 700 quamdam
3207 634 3518 703 multasque
3574 637 3631 691 in

361 713 459 766 καὶ
512 709 615 781 τὴν
665 708 762 762 τοῦ
790 709 951 778 ἁγίου
1009 707 1327 778 Πνεύματος
1355 708 1518 778 χάριν
1557 709 1850 775 δέξασθαι·
1905 710 1941 781 ἡ

2050 724 2234 784 partes
2272 731 2397 772 esse
2427 718 2798 774 distributum.
2847 720 2978 774 Nam
3012 721 3116 774 alia
3145 723 3367 791 quidem
3406 725 3509 777 vim
3533 725 3631 779 lia-

364 804 551 874 μέντοι
601 800 784 855 τελεία
843 800 936 853 καὶ
988 800 1340 863 τελειοποιὺς,
1382 800 1526 854 ὥστε
1579 803 1675 854 καὶ
1724 801 1945 873 ἐτέρους

357 895 710 947 τελειοποιεῖν
738 891 834 947 τοῦ
864 890 1178 960 Πνεύματος
1201 894 1314 954 τοῖς
1345 893 1663 955 ἀποστόλοις
1703 894 1923 961 ἐπιφοί-

357 1001 541 1055 τησις,
600 985 743 1037 κατὰ
794 984 885 1037 τὸν
936 983 1129 1053 καιρὸν
1153 985 1251 1052 τῆς
1290 985 1670 1053 [Ιεντηκοστῆς
1695 984 1940 1054 γέγονεν’

359 1076 449 1126 ὅτε
477 1073 574 1126 καὶ
599 1075 658 1126 ἐν
711 1072 848 1126 εῖδει
876 1071 1140 1142 γλωσσῶν
1172 1074 1354 1136 αὐτοῖς
1379 1073 1624 1143 πυρίνων
1657 1076 1940 1144 ἐπιφανὲν,

361 1166 491 1235 ὅλης
546 1164 711 1220 αὐτοῦ
763 1166 863 1235 τῆς
916 1165 1200 1235 ἐνεργείας
1238 1166 1524 1234 ἐνέπλησε.
1558 1166 1657 1220 Διὰ
1702 1168 1860 1221 τοῦτο
1887 1168 1942 1220 δὲ

362 1259 523 1321 αὐτὸς
553 1255 788 1324 ἀπέστη,
828 1257 923 1309 καὶ
951 1258 1130 1309 ἐκεῖνο
1153 1257 1273 1309 τότε
1304 1253 1436 1328 ἦλθε
1460 1273 1474 1289 ο
1505 1260 1600 1311 καὶ
1630 1259 1775 1322 τότε,
1823 1259 1944 1312 οὐδὲ

362 1350 569 1413 εὐθέως
594 1366 609 1381 ·
671 1349 758 1402 ἵνα
788 1350 846 1401 ἐν
876 1347 1147 1420 ἐπιθυμίᾳ
1197 1349 1505 1420 γενόμενοι,
1568 1350 1711 1403 οὕτω
1737 1351 1945 1406 λάϐωσι

360 1442 461 1512 τὴν
488 1440 671 1512 χάριν.
698 1441 761 1493 Ei
791 1440 847 1492 δὲ
875 1441 1145 1509 παρόντος
1204 1441 1417 1494 ἐκείνου
1468 1442 1529 1494 τὸ
1561 1442 1786 1510 Πνεῦμα
1814 1441 1944 1495 ἐπέ-

364 1551 464 1614 στη
489 1551 504 1565 ο
538 1534 636 1586 καὶ
668 1534 697 1586 ὀ
734 1532 832 1602 μὲν
881 1531 1116 1601 ἀπῆλθε,
1148 1531 1211 1585 τὸ
1241 1532 1299 1586 δὲ
1323 1532 1561 1602 ἔμεινεν,
1594 1536 1695 1587 οὐκ
1716 1529 1784 1605 ἦν
1814 1550 1944 1586 τοσ-

360 1620 521 1676 οῦτον
573 1623 675 1692 τῆς
732 1620 1112 1691 παραμυθίας.
1176 1620 1288 1673 Καὶ
1353 1621 1460 1691 γάρ
1514 1622 1724 1693 σφόδρα
1775 1620 1942 1675 αὑτοῦ

359 1713 834 1775 δυσαποσπάστως
906 1706 1176 1782 εἶχοψδιό
1230 1713 1405 1766 ἄνεισι
1460 1712 1556 1765 καὶ
1585 1712 1708 1764 οὐδὲ
1738 1712 1945 1777 εὐθέως

362 1806 622 1876 ἐπιφοιτᾷ
651 1805 711 1857 τὸ
730 1803 998 1874 Πνεῦμα·
1034 1803 1119 1857 ἵνα
1144 1803 1241 1856 καὶ
1295 1804 1492 1874 μικρὸν
1532 1803 1941 1875 ἀθυμήσαντες,

364 1899 460 1952 καὶ
492 1898 548 1949 ἐν
575 1895 840 1966 ἐπιθυμίᾳ
892 1896 989 1948 καὶ
1040 1895 1202 1966 χρείᾳ
1260 1896 1361 1965 τῆς
1417 1895 1754 1964 ἐπαγγελίας
1778 1914 1948 1950 κατα-

364 1988 610 2051 στάντες,
659 1986 907 2056 καθαρὰν
960 1987 1057 2039 καὶ
1109 1985 1527 2055 ἀπηρτισμένην
1561 1987 1824 2051 δέξωνται
1848 1988 1946 2057 τὴν

366 2080 458 2131 ἐπὶ
481 2081 548 2148 τῇ
591 2078 869 2148 παρουσίᾳ
917 2077 1134 2148 ἡδονήν.
1166 2077 1376 2140 ’Λλλως
1396 2077 1474 2143 δὲ,
1500 2078 1609 2130 ἔδει
1633 2080 1692 2130 ἐν
1725 2078 1943 2148 οὐρανῷ

366 2172 604 2240 φανῆναι
658 2170 759 2239 τὴν
812 2169 1090 2241 ἡμετέραν
1137 2170 1418 2238 φύσινκαὶ
1448 2171 1548 2232 τὰς
1593 2170 1945 2237 καταλλαγὰς

366 2262 616 2330 γενέσθαι
649 2263 1091 2335 ἀπηρτισμένας,
1122 2264 1218 2316 καὶ
1261 2263 1384 2315 τότε
1409 2263 1583 2316 ἐλθεῖν
1609 2263 1672 2316 τὸ
1696 2263 1943 2333 Πνεῦμα.

369 2355 571 2407 Σκόπει
599 2353 678 2418 δὲ,
707 2353 905 2425 ﬁlium;
955 2356 1141 2417 αὐτοῖς
1171 2355 1417 2423 ἀνάγκην
1450 2355 1718 2423 ἐπέθηκεν
1746 2357 1803 2408 ἐν
1849 2356 1947 2411 Ἰε-

374 2445 696 2517 ροσολύμοις
730 2445 917 2515 μένειν
944 2445 1137 2498 διὰτοῦ
1170 2445 1507 2515 ὑποσχέσθαι
1528 2464 1542 2476 ’
1578 2447 1667 2499 ἵνα
1696 2447 1804 2517 γὰρ
1838 2448 1945 2500 πά-

369 2538 454 2590 λιν
514 2537 654 2607 μετά
690 2538 791 2608 τὴν
847 2536 1117 2608 ἀνάληψιν
1146 2538 1222 2610 μὴ
1253 2538 1489 2609 φύγωσι,
1542 2541 1608 2611 τῇ
1634 2541 1947 2612 προσδοκίᾳ

368 2628 565 2700 ταύτῃ,
594 2629 846 2700 καθάπερ
872 2631 978 2682 τινὶ
1005 2630 1209 2701 δεσμῷ,
1247 2631 1471 2701 κατέχει
1502 2632 1714 2696 πάντας
1747 2634 1947 2694 αὐτοὺς

370 2722 571 2781 ἐκεῖσε,
614 2719 701 2774 διὰ
753 2721 863 2774 τῶν
919 2723 1299 2792 χρηστοτέρων
1350 2722 1584 2775 ἐλπίδων
1642 2724 1946 2794 κεχηνέναι

373 2809 545 2865 ποιῶν
566 2811 763 2873 αὐτοὺς
795 2810 873 2881 τῷ
901 2812 1083 2882 ἀδήλῳ
1121 2812 1230 2865 τῶν
1261 2814 1662 2884 ἐπηρτημένων
1693 2817 1944 2872 ἐλπίδων.

372 2902 489 2954 Οὐκ
515 2902 581 2955 ἂν
602 2900 658 2953 δέ
682 2917 769 2964 τις
816 2902 1076 2972 ἁμάρτοι,
1130 2902 1224 2955 καὶ
1275 2902 1397 2956 τότε
1437 2904 1719 2975 εἰληφέναι
1746 2908 1947 2972 αὐτοὺς

375 2991 550 3059 λέγων
610 2991 860 3059 ἐξουσίαν
900 2992 1023 3045 τινὰ
1069 2993 1164 3046 καὶ
1207 2994 1369 3064 χάριν
1417 2999 1818 3069 πνευματικήν·
1848 2999 1947 3069 οὐχ

374 3087 518 3141 ὥστε
546 3088 778 3157 νεκροὺς
813 3086 1074 3156 ἐγείρειν,
1112 3088 1228 3141 ἀλλ’
1260 3088 1404 3142 ὥστε
1432 3090 1656 3157 ἀφιέναι
1689 3094 1941 3164 ἁμαρτῆ-

1973 1864 2021 1923 Β

2048 808 2137 863 bet
2170 809 2445 878 expiandi,
2494 812 2600 865 alia
2631 828 2759 866 vero
2793 811 3104 867 facultatem
3136 816 3554 870 consummandi
3603 834 3617 868 :

2046 900 2326 966 atquealia
2359 900 2579 969 quidem
2603 912 2910 965 consecrat,
2959 903 3063 953 alia
3102 918 3232 955 vero
3267 908 3627 958 consecrandi

2045 993 2096 1046 vi
2128 990 2385 1059 praeditos
2432 990 2637 1045 elIicit:
2672 994 2782 1045 alia
2813 994 3031 1061 quidem
3070 995 3281 1062 linguas
3300 999 3626 1064 suppediat,

2046 1082 2156 1136 alia
2210 1097 2340 1136 vero
2366 1082 2750 1150 prophetiam:
2802 1085 2907 1136 alia
2976 1084 3196 1153 quidem
3234 1088 3622 1141 miraculorum

2045 1172 2417 1235 ellicientiam,
2491 1173 2597 1226 alia
2644 1189 2772 1227 vero
2806 1175 3316 1242 interpretationem
3380 1179 3623 1245 prabet:

2047 1278 2214 1336 atque
2244 1269 2350 1322 alia
2384 1279 2667 1322 sexcenta.
2703 1265 2849 1320 Nihil
2886 1268 3050 1336 igitur
3087 1277 3254 1329 vetat,
3282 1280 3441 1337 prout
3478 1269 3622 1321 varia

2047 1371 2132 1417 ρει
2182 1376 2246 1414 ac
2276 1360 2332 1414 in
2386 1360 2584 1414 multas
2613 1368 2797 1428 partes
2863 1360 3031 1413 divisa
3081 1361 3297 1429 largitio
3361 1359 3621 1428 Spiritus,

2044 1453 2208 1507 etiam
2242 1449 2474 1505 diversis
2509 1450 2684 1504 modis
2712 1449 2832 1503 illos
2864 1450 3093 1519 gratiam
3151 1449 3328 1503 sancti
3386 1449 3624 1519 Spiritus

2027 1542 2339 1612 'accepisse.
2395 1540 2678 1596 Perfectus
2752 1551 2931 1594 tamen
2983 1540 3092 1604 ille,
3150 1554 3213 1593 ac
3258 1538 3624 1610 perfectornm

2046 1636 2290 1699 effector,
2318 1636 2411 1705 qui
2434 1636 2598 1690 etiam
2629 1633 2766 1688 alios
2789 1633 3058 1703 perfectos
3119 1634 3348 1688 reddere
3385 1641 3626 1702 poterat,

2045 1730 2113 1783 ad
2148 1726 2426 1796 apostolos
2482 1724 2722 1795 Spiritus
2754 1727 2928 1781 sam-ti
2962 1724 3228 1794 appulsus
3273 1732 3327 1779 et
3375 1739 3631 1778 accessus

2049 1817 2249 1873 accidit
2281 1817 2335 1870 in
2378 1826 2624 1885 tempore
2653 1814 3041 1869 Pentecostes:
3107 1813 3328 1883 quando
3383 1813 3628 1867 etiamin

2048 1909 2102 1977 9
2127 1909 2309 1977 specie
2343 1908 2654 1975 linguarum
2687 1908 2970 1977 ignearum
2997 1921 3121 1959 cum
3151 1907 3232 1960 eis
3265 1905 3629 1974 apparuisset.

2050 2005 2163 2051 tota
2198 2012 2295 2050 sua
2345 1997 2470 2051 illos
2498 1995 2807 2068 efficientia
2850 1994 3105 2063 replevit.
3175 1995 3388 2048 idcitco
3446 2004 3626 2047 autem

2049 2085 2324 2146 discessit,
2358 2093 2411 2137 et
2465 2083 2552 2136 ille
2598 2091 2727 2135 tunc
2764 2082 2911 2135 venit
2950 2098 2963 2135 :
3017 2090 3069 2134 et
3103 2089 3253 2145 tunc,
3294 2096 3399 2132 non
3445 2093 3626 2134 autem

2048 2175 2257 2240 statim,
2297 2184 2353 2227 ut
2378 2174 2558 2243 cupidi
2592 2172 2793 2237 eifccti,
2827 2174 2901 2225 ita
2937 2171 3153 2224 tandem
3208 2172 3441 2239 gratiam
3480 2171 3630 2221 arci-

2050 2276 2261 2338 petent.
2315 2267 2467 2332 Quod
2516 2266 2560 2319 si
2598 2274 2863 2334 praesente
2909 2266 3000 2319 illo
3075 2264 3318 2332 Spiritus
3365 2277 3623 2330 superve-

2047 2360 2244 2424 nisset,
2272 2367 2327 2412 et
2376 2359 2466 2411 ille
2490 2358 2709 2426 quidem
2742 2358 2989 2421 abiisset,
3020 2356 3111 2410 hic
3147 2371 3276 2410 vero
3306 2359 3624 2418 mansisset,

2048 2470 2155 2507 non
2193 2462 2338 2506 tanta
2370 2452 2679 2505 consolatio
2708 2449 2918 2504 fuisset.
2962 2448 3175 2503 Etenim
3231 2448 3523 2502 admodum
3563 2448 3631 2502 ab

2048 2544 2142 2597 illo
2181 2542 2336 2596 inviti
2375 2542 2791 2606 divellebantur,
2834 2541 3039 2594 idcirco
3079 2540 3352 2603 ascendit,
3422 2554 3485 2593 ac
3522 2553 3624 2592 nec

2047 2637 2297 2710 protimts
2337 2635 2557 2689 advenit
2591 2632 2847 2702 Spiritus,
2906 2640 2964 2684 ut
3007 2643 3061 2686 et
3092 2645 3384 2700 parumper
3421 2630 3632 2684 contri-

2047 2730 2197 2790 stati.
2251 2740 2301 2784 et
2355 2728 2534 2795 cupidi
2594 2727 2719 2780 facti
2746 2734 2910 2794 atque
2956 2723 3342 2795 promissionis
3376 2732 3628 2789 egentes.

2047 2834 2185 2890 puro
2228 2827 2393 2887 atque
2447 2814 2692 2886 perfecto
2732 2823 2950 2885 propter
2986 2814 3334 2883 praesentiam
3386 2811 3628 2882 Spiritus

2049 2908 2248 2980 gaudio
2278 2908 2620 2963 fruerentur.
2656 2910 2832 2976 Atque
2884 2906 3125 2974 alioquin
3166 2905 3334 2960 etiam
3384 2906 3439 2959 in
3488 2904 3634 2958 caelo

2048 3011 2292 3056 nostram
2383 3009 2635 3053 naturam
2684 3014 2970 3069 apparere,
3040 2996 3633 3064 recouciliationesque

2049 3090 2321 3162 perfectas
2346 3092 2486 3157 fieri,
2523 3090 2586 3145 ae
2612 3100 2744 3144 tunc
2779 3091 2965 3142 venire
3021 3089 3286 3157 Spiritum
3323 3085 3629 3155 oportebat.

377 3197 543 3251 ματα,
587 3178 678 3233 Διὺ
701 3178 798 3232 καὶ
827 3180 1106 3249 ἐπήγαγεν
1132 3194 1147 3209 '
1166 3173 1269 3234 ’Ὧν
1295 3182 1471 3253 ἀφῆτε
1504 3183 1602 3245 τὰς
1639 3184 1941 3255 ἁμαρτίας,

2050 3183 2187 3239 Vide
2225 3190 2507 3254 quantam,
2574 3197 2633 3237 es
2683 3181 3078 3251 Hierosolymis
3106 3178 3360 3233 manendi
3391 3192 3486 3247 per
3502 3189 3636 3246 pro-

371 3272 623 3340 ἀφίενται
681 3271 864 3332 αὐτοῖς
886 3313 901 3337 ,
936 3272 1034 3325 καὶ
1071 3272 1141 3325 τὰ
1167 3271 1317 3343 ἑξῆς,
1344 3274 1561 3337 δεικνὺς
1586 3276 1770 3328 ὁποῖον
1802 3271 1945 3338 εἶδος

372 3362 655 3432 ἐνεργείας
693 3361 899 3416 δίδωσι.
921 3363 1037 3417 Νῦν
1062 3364 1161 3432 μὲν
1194 3365 1303 3435 γὰρ
1326 3364 1499 3436 ταύτῃ
1536 3364 1856 3436 περιϐάλλει
1880 3367 1944 3435 τῇ

373 3455 638 3524 δυνάμει·
686 3455 826 3524 μετὰ
872 3454 932 3509 δέ
990 3455 1404 3526 τεσσαράκοντα
1439 3458 1656 3530 ἡμέρας
1684 3458 1786 3529 τὴν
1838 3460 1947 3513 τῶν

378 3547 615 3616 σημείων
635 3547 921 3617 ἐνέργειαν
967 3548 1216 3620 παρέχει.
1251 3549 1343 3604 Διό
1375 3568 1535 3623 φησι⁶
1562 3551 1819 3624 Λήψεσθε
1851 3552 1946 3607 δύ-

374 3653 560 3704 ναμιν,
582 3636 675 3690 καὶ
697 3636 767 3691 τὰ
786 3635 937 3703 ἑξῆς.

2053 3275 2375 3330 missionem
2409 3274 2732 3344 imposuerit
2757 3274 3159 3327 necessitatem.
3191 3268 3327 3324 Nam
3358 3285 3425 3324 ne
3441 3282 3632 3324 rursus

2050 3368 2303 3440 fugerent
2357 3378 2481 3437 post
2517 3366 2979 3436 assumptionem,
3047 3364 3149 3417 hac
3199 3360 3630 3431 exspectatione,

2061 3461 2218 3532 quasi
2291 3460 2508 3515 vinculo
2565 3459 2801 3528 quodam
2863 3470 3056 3512 omnes
3104 3470 3198 3511 eos
3250 3454 3458 3509 detinet
3507 3452 3620 3506 illic

2049 3570 2148 3625 per
2184 3568 2334 3623 spem
2376 3568 2556 3606 rcrmn
2579 3550 3037 3613 eonnuodiorum,
3060 3549 3279 3605 incertae
3294 3546 3409 3616 spei
3450 3559 3630 3600 rerum

2050 3657 2441 3714 suspensarum
2487 3656 2585 3697 eos
2636 3641 2846 3695 faciens
2907 3638 3138 3693 inhiare.
3203 3638 3469 3694 Caeterum
3523 3649 3634 3689 non

374 3730 702 3799 peccaverit,
724 3730 770 3784 si
808 3731 935 3800 quis
986 3729 1372 3813 dicat‘,etiatn
1431 3744 1560 3791 tunc
1610 3735 1736 3792 illos
1783 3737 2065 3805 accepisse
2090 3739 2380 3805 quamdam
2444 3741 2766 3802 potestatem
2838 3745 2902 3785 ac
2961 3731 3189 3799 gratiam
3251 3726 3636 3796 spiritualem:

371 3839 483 3878 non
507 3834 563 3877 ut
584 3831 826 3878 mortuos
850 3822 1264 3891 resuscitarent,
1288 3826 1384 3881 sed
1440 3837 1500 3881 ut
1554 3836 1774 3896 peccata
1805 3828 2169 3882 remitterent.
2197 3824 2564 3893 Quamobrem
2635 3821 2799 3876 etiam
2827 3820 3110 3889 subiunxit
3140 3836 3155 3873 :
3196 3818 3439 3885 Quorum
3469 3819 3633 3870 remi-

373 3924 563 3981 seritis
597 3934 842 3994 peccata,
890 3926 1252 3979 .remittuntur
1311 3922 1409 3982 eis.
1470 3933 1605 3987 etc.,
1648 3937 1843 3991 nempe
1900 3922 2220 3984 ostendens,
2304 3933 2469 3989 quam
2547 3917 2783 3985 speciem
2853 3914 3166 3971 efficientia:
3242 3911 3416 3967 daret.
3499 3910 3636 3965 Nam

378 4028 514 4072 tunc
588 4018 807 4087 quidem
897 4030 992 4071 eos
1053 4015 1145 4070 illa
1201 4020 1474 4085 potestate
1503 4012 1759 4081 praeditos
1816 4012 2027 4077 efﬁcit,
2072 4012 2166 4067 sed
2236 4018 2361 4082 post
2435 4007 2798 4079 quadraginta
2881 4007 3000 4062 dies
3057 4005 3334 4077 signorum
3393 4000 3633 4057 efficien-

377 4108 508 4162 tiam
563 4107 785 4177 praebet.
849 4105 1214 4172 Quamobrem
1276 4103 1413 4157 dicit
1448 4104 1790 4173 :Accipietis
1839 4103 2124 4166 virtutem,
2154 4112 2261 4156 etc.

447 4246 581 4298 ὐτι
620 4242 905 4310 Ἰωάννης
934 4240 1052 4310 μὲν
1082 4239 1405 4295 ἐϐάπτισεν
1449 4241 1623 4295 ὕδατι.
1644 4255 1657 4269 ⁸
1694 4239 1863 4308 ὑμεῖς
1884 4239 1954 4293 δὲ

371 4334 874 4403 ,ϐαπτισθήσεσθε
912 4333 983 4385 ἐν
1007 4334 1306 4402 Πνεύματι
1331 4332 1498 4401 ἁγίῳ,
1532 4334 1604 4387 οὐ
1624 4333 1775 4401 μετὰ
1798 4335 1948 4385 πολ-

375 4428 492 4494 λὰς
518 4427 739 4489 ταύτας
767 4423 1011 4492 ἡμέρας.

2132 4238 2297 4293 Vens.
2322 4237 2376 4292 5.
2403 4235 2664 4301 Quoniam
2682 4233 2920 4289 Joannes
2936 4234 3147 4306 quidem
3166 4248 3303 4302 aqua
3330 4230 3632 4297 baptizavit.

2058 4347 2146 4386 υοε
2166 4340 2339 4384 autem
2367 4327 2771 4396 baptizabimiui
2796 4327 2999 4396 Spiritu
3013 4335 3201 4381 sancto
3228 4332 3343 4394 post
3360 4324 3514 4376 hosce
3529 4323 3636 4375 dies

2057 4422 2200 4476 haud
2230 4422 2464 4475 multos"

449 4555 636 4610 Εἰπὼν
673 4554 992 4627 περιμένειν
1039 4554 1138 4626 τὴν
1201 4553 1536 4622 ἐπαγγελίαν
1561 4553 1655 4607 τοῦ
1714 4553 1947 4624 Πατρδς,

2131 4558 2266 4612 Cum
2297 4557 2550 4622 dixisset,
2580 4564 2640 4610 ut
2665 4559 3046 4624 exspectarent
3075 4550 3407 4620 promissum
3435 4549 3637 4612 Patris,

382 4649 487 4701 Ἦν
538 4646 812 4718 ἠκούσατέ
866 4662 994 4715 μου,
1061 4647 1378 4714 ἐπήγαγεν,
1433 4645 1515 4698 ὅτι
1545 4644 1802 4716 Ἰωάννης
1858 4644 1956 4715 μὲν

378 4739 669 4792 ἐϐάπτισεν
702 4736 875 4805 ὕδατι,
939 4736 1035 4790 καὶ
1064 4736 1132 4789 τὰ
1168 4736 1296 4805 ἐξῆς
1328 4752 1343 4766 ο
1378 4736 1473 4789 καί¹
1501 4735 1742 4788 δείκνυσι
1770 4736 1956 4789 λοιπὸν

377 4832 439 4884 τὸ
484 4832 645 4900 μέσον
684 4829 848 4884 αὑτοῦ
897 4846 957 4881 τε
989 4829 1084 4881 καὶ
1124 4829 1220 4881 τοῦ
1259 4828 1505 4882 Ἰωάννου
1543 4828 1815 4897 φανερῶς,
1860 4829 1957 4881 καὶ

376 4924 582 4984 οὐκέτι,
614 4921 688 4985 ὡς
717 4921 824 4993 πρδ
853 4920 1043 4975 τούτου
1091 4921 1589 4991 συνεσκιασμένως,
1622 4922 1697 4985 ὡς
1722 4921 1809 4974 ὅτε
1838 4920 1955 4974 ἕλε-

375 5031 503 5084 γεν·
546 5013 605 5067 Ὀ
636 5013 692 5067 δὲ
719 5013 1046 5084 μικρότερος
1074 5014 1133 5066 ἐν
1167 5015 1233 5083 τῇ
1272 5012 1520 5083 βασιλείᾳ
1546 5011 1656 5065 τῶν
1711 5012 1956 5080 οὐρανῶν

380 5105 584 5180 μείζων
615 5105 782 5159 αὐτοῦ
814 5107 929 5158 ἐστι
965 5120 978 5135 ’
1010 5103 1105 5156 νῦν
1142 5104 1201 5157 δὲ
1242 5103 1495 5175 φανερῶς
1524 5121 1690 5172 φησιν
1713 5118 1729 5135 ο
1775 5104 1955 5157 Ἰωάν-

376 5214 478 5267 νης
510 5196 610 5265 μὲν
642 5196 935 5248 ἐϐάπτισεν
976 5192 1130 5249 ὕδατι
1162 5208 1177 5223 ·
1223 5193 1380 5262 ὑμεῖς
1423 5193 1481 5247 δὲ
1521 5192 1956 5264 βαπτισθήσεσθε

376 5290 436 5341 ἐν
472 5288 751 5357 Πνεύματι
788 5285 928 5355 ἁγίῳ
954 5301 968 5315 ·
1020 5286 1116 5338 καὶ
1146 5284 1417 5338 δείκνυσιν
1456 5285 1651 5347 αὐτοὺς
1699 5285 1798 5356 ἤδη
1834 5284 1954 5354 μείς

376 5376 503 5441 ζους
530 5374 931 5447 γεγενημένους
972 5373 1240 5440 Ἰωάννου,
1276 5373 1391 5442 εἴγε
1427 5374 1521 5427 καὶ
1551 5375 1704 5428 αὐτοὶ
1730 5374 1956 5444 ἔμελλον

377 5468 659 5538 βαπτίζειν
684 5469 741 5520 ἐν
764 5464 1040 5536 Πνεῦματι
1072 5465 1232 5535 ἁγίῳ.
1265 5466 1379 5518 Οὐκ
1430 5461 1551 5517 εἷπε
1596 5465 1673 5527 δὲ,
1698 5466 1957 5520 Βαπτίσω

379 5562 523 5631 ἱμάς
581 5562 641 5612 ἐν
701 5558 979 5628 Πνεῦματι
1033 5558 1216 5628 ἁγίῳ·
1279 5557 1434 5621 ἀλλὰ,
1482 5557 1950 5629 Βαπτισθήσεσθε,

376 5650 657 5722 πανταχοῦ
707 5651 809 5720 τῆς
845 5648 1347 5719 ταπεινοφροσύνης
1385 5649 1558 5719 μέτρα
1604 5650 1701 5702 καὶ
1749 5650 1955 5715 τύπους

376 5744 812 5813 καταλιμπάνων
870 5744 1041 5814 ἡμῖν’
1099 5742 1259 5795 τοῦτο
1317 5742 1426 5813 γάρ
1470 5742 1657 5796 λοιπὸν
1705 5744 1815 5798 ἀπὸ
1855 5745 1955 5816 τῆς

378 5835 687 5909 μαρτυρίας
729 5831 981 5887 Ἰωάννου
1004 5832 1161 5902 δῆλον
1192 5828 1279 5905 ἦν,
1308 5832 1389 5887 ὃτι
1420 5833 1581 5900 αὐτὸς
1607 5830 1681 5906 ἦν,
1705 5837 1733 5890 ὁ
1757 5835 1953 5906 βαπτί-

2059 4650 2128 4705 de
2150 4666 2258 4718 quo
2280 4664 2346 4703 ex
2374 4649 2493 4719 ipso
2511 4648 2814 4708 audissent,
2877 4644 3200 4710 subjttnxit:
3234 4641 3366 4695 Nam
3403 4639 3633 4696 Joannes

2059 4741 2277 4810 quidem
2306 4753 2448 4808 aqua
2492 4738 2796 4808 baptizavit
2828 4752 2844 4803 ;
2875 4744 2985 4790 etc.
3053 4749 3116 4789 ac
3175 4733 3455 4800 deinceps,
3507 4732 3636 4801 quid

2059 4833 2202 4885 inter
2242 4831 2417 4900 ipsum
2494 4837 2548 4883 et
2617 4828 2882 4882 Joannem
2948 4827 3259 4892 interesset,
3319 4832 3506 4894 aperte
3544 4823 3629 4879 de-

2059 4930 2347 4985 tnou5trat,
2380 4929 2435 4975 et
2461 4936 2567 4975 non
2592 4920 2849 4989 amplius,
2872 4927 2935 4973 ut
2960 4922 3221 4981 antehac,
3245 4926 3385 4970 tecte
3407 4926 3461 4969 et
3481 4913 3635 4984 quasi

2058 5013 2160 5068 sub
2220 5012 2411 5066 umbra
2469 5027 2483 5063 :
2534 5009 2995 5083 quemadmodum
3058 5024 3183 5062 cum
3247 5004 3636 5063 diceret:Sed

2063 5106 2155 5176 qui
2203 5104 2384 5158 minor
2409 5110 2492 5158 est
2522 5103 2574 5156 in
2624 5117 2792 5171 regno
2825 5102 3116 5165 caelorum,
3167 5100 3343 5169 major
3388 5106 3473 5154 est
3524 5099 3633 5156 illo,

2059 5196 2216 5250 Nunc
2249 5204 2430 5249 autem
2484 5204 2670 5263 aperte
2717 5193 2898 5247 dicit:
2935 5191 3172 5267 Joannes
3218 5191 3441 5255 quidem
3495 5202 3636 5254 aqua

2060 5289 2355 5358 baptizavit
2388 5303 2402 5339 :
2435 5304 2532 5342 vos
2601 5293 2781 5340 autem
2843 5283 3249 5355 baptizabimiui
3281 5280 3485 5348 Spiritu
3509 5294 3635 5333 san-

2058 5390 2149 5436 cto
2178 5397 2194 5447 ;
2219 5388 2271 5434 et
2302 5379 2547 5434 ostendit
2583 5376 2707 5431 illos
2725 5375 2839 5445 jam
2863 5375 3097 5444 majores
3122 5371 3363 5428 evasisse
3378 5367 3590 5424 Joanne
3616 5409 3633 5436 ,

2061 5472 2105 5527 si
2143 5470 2363 5540 quidem
2408 5468 2509 5537 ipsi
2546 5480 2769 5536 quoque
2820 5463 3148 5534 baptizaturi
3186 5452 3376 5515 erant
3426 5460 3635 5529 Spiritu

2012 5618 2023 5627 _
2060 5568 2272 5614 sancto.
2325 5553 2443 5608 Non
2476 5555 2616 5609 dixit
2661 5563 2872 5617 autem,
2941 5550 3237 5617 Baptizabo
3266 5564 3365 5605 vos
3427 5547 3635 5619 Spiritu

2060 5658 2252 5706 sancto
2286 5665 2301 5708 :
2339 5648 2458 5714 sed,
2499 5644 2939 5717 Baptizabimiui,
2970 5644 3169 5712 ubique
3197 5643 3362 5696 animi
3413 5643 3633 5698 demissi

2059 5741 2382 5797 modestiam
2410 5747 2463 5795 et
2496 5738 2804 5807 exemplum
2866 5736 3026 5790 nobis
3095 5735 3434 5805 relinquens.
3491 5732 3628 5786 Nam

2061 5833 2113 5887 id
2153 5831 2265 5902 jam
2315 5838 2446 5886 tunc
2479 5829 2737 5900 deinceps
2769 5845 2830 5886 ex
2861 5827 3093 5884 Joannis
3128 5828 3452 5885 testimonio
3477 5840 3616 5878 con-
