4044 6416
401 410 504 477 511

1324 398 2340 469 ΤΗΕΟΡΗΥΙΑΑΕΤΙΒΠΙΛΞΑΒΕΕ
2375 403 2733 467 ARCHIEP.

3557 408 3665 475 512

400 528 581 583 stabat
611 534 665 581 et
689 525 956 595 liquebat,
985 523 1163 594 ipsum
1200 525 1456 581 videlicet
1486 537 1633 585 esse,
1688 520 1782 591 qui
1842 518 1971 586 bap-

2086 515 2195 579 ζων
2237 532 2252 549 ο
2286 518 2449 585 αὐτὸς
2476 520 2583 591 γάρ
2631 521 2781 592 ἡμᾶς
2815 520 3066 592 βαπτίσει
3109 517 3167 575 ἐν
3202 519 3481 589 Πνεὺματι
3527 522 3669 590 ἁγίῳ

402 620 599 672 tizaret
639 635 653 671 :
698 617 821 686 Ipse
847 616 993 671 enim
1041 632 1143 672 nos
1186 615 1485 687 baptizabit
1519 612 1729 684 Spiritu
1790 618 1983 667 sancto

401 722 456 765 et
487 711 631 781 igne.
655 709 762 764 Sed
798 711 894 780 qui
952 709 1112 773 dixit,
1171 708 1554 779 Baptizamini,
1606 722 1709 762 seu
1755 705 1978 772 perfun-

400 802 624 868 demini,
675 817 801 857 cum
838 816 979 872 aqua
1010 803 1065 856 in
1101 800 1383 856 caenaculo
1434 815 1544 854 non
1608 800 1800 854 esset?
1845 796 1982 862 Quia

402 893 612 961 majore
663 892 718 947 vi
775 908 840 946 ac
887 899 1157 963 potestate
1226 890 1469 960 Spiritus
1531 891 1794 960 praeditus
1854 898 1978 945 est:

399 1002 498 1056 per
552 1000 714 1054 quem
772 986 936 1040 etiam
1014 998 1154 1053 aqua
1204 992 1484 1054 operatur,
1524 984 1982 1053 quemadmodum

402 1078 663 1131 nimirum
688 1077 854 1132 etiam
881 1076 998 1146 ipse
1027 1075 1230 1129 dicitur
1261 1085 1462 1131 unctus
1508 1090 1654 1141 esse,
1683 1091 1806 1129 cum
1840 1091 1982 1131 nus-

402 1182 566 1238 quam
594 1169 714 1222 oleo
737 1174 937 1221 unctus
965 1167 1167 1233 sit,sed
1192 1166 1453 1238 Spiritum
1482 1167 1792 1236 acceperit:
1818 1176 1981 1236 atque

396 1257 641 1326 alioquin
694 1260 798 1328 ιο
823 1260 986 1314 etiam
1026 1275 1167 1329 aqua
1210 1261 1477 1330 baptizari
1502 1260 1624 1315 illos
1654 1260 1708 1313 in
1744 1259 1981 1314 diversis

399 1350 741 1418 temporibus
764 1351 992 1421 reperiri
1016 1359 1199 1422 potest
1244 1370 1257 1406 :
1299 1367 1423 1406 nam
1451 1352 1505 1406 in
1557 1352 1713 1407 nobis
1742 1360 1982 1421 utraque

397 1441 503 1495 sub
560 1458 729 1497 unum
783 1445 1050 1513 temporis
1100 1444 1397 1499 articulum
1461 1444 1661 1500 cadere
1709 1445 1979 1515 possint:

394 1540 531 1587 tunc
560 1548 694 1587 vero
730 1533 961 1590 diversis
979 1535 1142 1588 etiam
1174 1534 1513 1604 temporibus
1546 1550 1608 1589 ac
1641 1535 1932 1606 separatim
1962 1553 1977 1603 ;

392 1637 522 1677 nam
568 1623 726 1678 initio
755 1624 992 1692 apostoli
1038 1639 1178 1695 aqua
1205 1625 1465 1694 baptizati
1502 1633 1632 1681 sunt
1652 1627 1719 1680 ab
1745 1626 1976 1692 Joanne,

396 1712 493 1767 sed
551 1722 741 1782 postea
775 1715 937 1768 etiam
967 1713 1172 1784 Spiritu
1204 1722 1418 1771 sancto.
1444 1714 1551 1771 Sed
1586 1732 1688 1772 cur
1712 1716 1978 1774 Dominus

392 1819 503 1859 non
531 1805 693 1859 etiam
714 1806 1037 1871 declaravit,
1070 1809 1292 1878 quando
1323 1809 1561 1877 Spiritus
1609 1818 1978 1879 superventu-

393 1910 491 1949 rus
519 1905 668 1951 esset
701 1913 715 1950 :
749 1896 842 1951 sed
864 1897 1208 1953 solummodo
1241 1900 1339 1963 ait,
1368 1899 1501 1955 Post
1528 1888 1646 1956 dies
1675 1902 1840 1955 hosce
1863 1916 1972 1956 non

392 1988 738 2042 multos?Ac
792 1989 922 2044 Post
957 1990 1100 2045 haud
1138 1993 1340 2047 multos
1398 1993 1616 2062 quidem
1659 1994 1732 2047 ait
1768 1994 1973 2048 idcirco

390 2090 461 2129 ne
485 2075 787 2131 inciderent
815 2077 871 2131 in
898 2077 1337 2147 desperationem
1372 2098 1385 2134 :
1451 2083 1544 2137 sed
1587 2090 1832 2151 tempore
1862 2094 1973 2138 sta-

392 2172 532 2227 tuto,
563 2167 811 2236 quando,
850 2183 965 2222 non
993 2168 1154 2234 dixit,
1191 2179 1249 2225 ut
1276 2186 1493 2241 semper
1533 2171 1820 2242 vigilarent
1872 2188 1973 2227 ex-

397 2266 732 2325 spectantes.
760 2257 901 2325 Quid
939 2260 1105 2331 igitur
1158 2262 1469 2326 admiraris,
1512 2264 1556 2319 si
1617 2278 1809 2334 pacem
1840 2282 1975 2322 con-

392 2350 784 2404 summationis
817 2351 1006 2406 saeculi
1034 2367 1142 2407 non
1173 2355 1561 2425 praesigniﬁcat
1589 2357 1706 2413 eis?
1732 2359 1975 2428 quando-

391 2440 610 2508 quidem
640 2441 802 2495 etiam
862 2442 965 2498 hoc
992 2444 1360 2514 praestitutum
1409 2457 1644 2519 tempus,
1675 2451 1820 2520 quod
1840 2452 1974 2508 adeo

394 2530 765 2600 propinquum
824 2542 964 2598 erat,
1020 2527 1244 2604 propter
1295 2550 1437 2604 eam,
1497 2554 1661 2609 quam
1731 2541 1972 2598 diximus

389 2635 636 2685 causam,
665 2622 1044 2679 noluitl‘acere
1062 2625 1430 2682 manifestum.
1466 2627 1643 2686 Dictio
1678 2631 1969 2701 baptizari,

390 2711 446 2764 id
471 2720 576 2773 est,
614 2712 888 2784 immergi,
913 2715 1073 2785 tingi,
1111 2717 1387 2786 perfundi,
1438 2730 1493 2776 et
1550 2724 1753 2792 prolui,
1797 2725 1973 2781 abun-

390 2802 636 2857 dantiam
667 2812 722 2859 et
746 2808 903 2874 quasi
937 2806 1157 2862 divitias
1191 2812 1709 2871 communicationis
1739 2824 1793 2871 et
1843 2832 1970 2887 par-

391 2895 723 2964 tieipationis
758 2897 938 2952 sancti
970 2897 1214 2969 Spiritus
1244 2902 1516 2974 signiﬁcat
1547 2921 1562 2958 :
1616 2910 1973 2978 quemadmo-

390 2988 519 3040 dum
565 2988 729 3040 etiam
765 2989 821 3041 in
853 3005 942 3057 eo,
974 2993 1117 3061 quod
1145 3009 1313 3049 sensu
1342 2997 1662 3066 percipitur,
1716 3016 1776 3058 se
1808 3001 1977 3059 habet.

388 3073 572 3142 aliquo
601 3076 764 3132 modo
796 3079 864 3143 is,
897 3080 989 3148 qui
1023 3080 1359 3151 baptizatur,
1392 3085 1447 3140 id
1487 3095 1592 3155 est,
1620 3090 1971 3159 perfunditur

2004 1851 2052 1910 B

2091 613 2184 665 καὶ
2223 612 2384 682 πυρί.
2418 613 2542 677 Πῶς
2571 613 2629 667 δὲ
2660 611 2805 679 εἷπε,
2838 613 3309 684 Βαπτισθήσεσθε,
3351 613 3542 678 ὕδατος
3564 615 3666 667 οὐκ

2085 703 2236 768 δντος
2290 708 2349 758 ὲν
2398 723 2475 776 τῳ
2509 705 2771 777 ὑπερῴῳς
2806 707 2931 759 Ὅτι
2964 706 3299 777 κυριώτερον
3348 705 3409 759 τὸ
3441 705 3668 776 Πνεῦμά

2085 799 2203 851 ἐστι
2233 814 2247 829 ο
2298 798 2366 851 δι’
2398 794 2458 852 οὗ
2490 800 2586 852 καὶ
2638 799 2698 851 τὸ
2752 797 2897 868 ὕδωρ
2945 800 3181 869 ἐνεργεῖ,
3217 798 3405 868 ὥσπερ
3443 795 3537 852 οῦν
3571 802 3669 851 καὶ

2085 888 2244 950 αὐτὸς
2276 888 2562 958 κεχρίσθαι
2590 887 2832 955 λέγεται,
2860 887 3099 957 οὐδαμοῦ
3124 886 3455 957 χρισάμενος
3478 886 3663 956 ἐλαίῳ,

2084 980 2219 1034 ἀλλὰ
2253 979 2478 1049 Πνεῦμα
2501 978 2794 1051 δεξάμενος
2820 996 2833 1009 ·
2863 979 3038 1042 ἄλλως
3076 980 3133 1032 δὲ
3160 980 3252 1033 καὶ
3292 979 3445 1033 ὕδατι
3471 978 3668 1048 Barm-

2085 1070 2344 1139 ζομένους
2382 1069 2580 1132 αὐτοὺς
2607 1068 2754 1121 ἔστιν
2795 1068 2975 1139 εὑρεῖν
3004 1070 3061 1121 ἐν
3092 1069 3372 1138 διαφόροις
3402 1070 3613 1138 καιροῖς
3647 1084 3665 1101 ο

2085 1162 2171 1232 ἐφ’
2223 1163 2354 1232 ἡμῖν
2400 1160 2509 1231 γὰρ
2556 1161 2722 1230 ἄμφω
2778 1160 2868 1230 ὑφ’
2913 1160 2971 1213 ἓν
3017 1161 3266 1229 γένηται,
3323 1161 3444 1214 τότε
3474 1161 3529 1213 δὲ
3568 1159 3665 1213 καὶ

2082 1254 2518 1322 διεσπαρμένωςο
2551 1250 2706 1322 παρὰ
2737 1252 2845 1322 γὰρ
2889 1250 2990 1322 τὴν
3037 1252 3209 1323 ἀρχὴν
3261 1252 3314 1304 oi.
3373 1251 3665 1304 ἀπόστολοι

2082 1344 2188 1399 ὑπὸ
2231 1344 2476 1400 Ἰωάννου
2511 1345 2664 1399 ὕδατι
2708 1346 3123 1416 ἐϐαπτίσθησαν
3148 1385 3164 1411 ,
3220 1348 3358 1415 μετὰ
3405 1344 3577 1397 ταῦτα
3605 1344 3665 1396 δὲ

2083 1438 2180 1494 καὶ
2240 1437 2380 1509 ἁγίῳ
2424 1438 2725 1508 Πνεῦματι.
2788 1437 2884 1491 Διὰ
2914 1437 2967 1491 τί
3014 1437 3070 1490 δὲ
3095 1437 3194 1490 οὐκ
3214 1436 3483 1507 ἐδήλωσεν
3514 1436 3543 1488 ό
3571 1438 3667 1487 Δε-

2084 1530 2286 1601 σπότης
2316 1570 2331 1597 ,
2390 1530 2522 1583 πότε
2565 1529 2923 1583 ἐπελεύσεται
2963 1530 3060 1583 καὶ
3114 1528 3176 1581 τὸ
3215 1527 3441 1596 Πνεῦμα
3473 1568 3487 1591 ,
3529 1526 3665 1580 ἀλλὰ

2083 1622 2245 1693 μόνον
2284 1623 2470 1692 φησὶν,
2510 1622 2584 1675 Οὐ
2626 1621 2764 1692 μετὰ
2798 1621 2997 1686 πολλὰς
3047 1620 3253 1685 ταύτας
3293 1621 3545 1692 ἠμέραςς
3600 1619 3663 1673 τὸ

2082 1714 2184 1783 μὲν
2213 1712 2420 1779 οὖν,οὖ
2460 1715 2596 1782 μετὰ
2629 1712 2848 1780 πολλὰς,
2880 1714 3067 1785 φησὶν,
3086 1712 3174 1766 ἵνα
3208 1713 3282 1783 μὴ
3312 1713 3392 1774 εἰς
3424 1710 3667 1780 ἀθυμίαν

2080 1806 2397 1876 ἐμπέσωσιν
2428 1821 2443 1834 ’
2486 1806 2808 1878 ὡρισμένως
2846 1807 2903 1859 δὲ
2947 1806 3080 1859 πότε
3102 1806 3174 1872 ⁸⁸,
3218 1805 3319 1858 οὐκ
3365 1799 3539 1865 εἶπεν,
3574 1804 3663 1856 ἵνα

2082 1897 2172 1952 ἀεὶ
2203 1896 2582 1969 ὲγρηγορῶσιν
2615 1897 2983 1966 ἐκδεχόμενοι.
3018 1896 3086 1949 Τί
3118 1895 3300 1949 τοίνυν
3333 1893 3660 1963 θαυμάζεις,

2081 1991 2131 2043 εἰ
2177 1990 2276 2060 τὴν
2330 1991 2554 2061 εἰρήνην
2606 1991 2704 2059 τῆς
2758 1989 3070 2052 συντελείας
3136 1990 3211 2058 μὴ
3242 1987 3388 2056 λέγει
3433 1987 3658 2050 αὑτοῖςς

2080 2082 2212 2136 ὅπου
2242 2099 2306 2151 γε
2338 2084 2432 2137 καὶ
2461 2082 2670 2152 ταύτην
2700 2081 2798 2150 τὴν
2831 2080 3003 2145 οὕτως
3035 2078 3202 2149 ἐγγὺς
3231 2078 3399 2134 οὖσαν
3461 2078 3662 2151 προθε-

2082 2174 2246 2246 σμίαν
2297 2175 2398 2228 οὐκ
2440 2174 2698 2244 ἠθέλησε,
2730 2175 2798 2229 δι’
2838 2175 2905 2247 ἦν
2947 2174 3173 2244 εἴπομεν
3199 2174 3401 2235 αἰτίαν,
3432 2172 3660 2241 ποιῆσαι

2080 2264 2403 2334 κατάδηλον.
2448 2265 2515 2317 Ἥ
2574 2264 2954 2334 Βαπτισθῆναι
3002 2263 3149 2327 λέξις
3207 2261 3307 2332 τὴν
3357 2261 3660 2331 δαψίλειαν,

2079 2359 2175 2412 καὶ⁸
2224 2338 2392 2411 οἱονεὶ
2442 2356 2536 2409 τὸν
2580 2356 2813 2410 πλοῦτον
2866 2357 2967 2427 τῆς
3024 2355 3320 2425 μετουσίας
3361 2353 3458 2408 τοῦ
3497 2354 3657 2422 ἁγίου

2080 2450 2397 2520 Πνεῦματος
2424 2448 2681 2520 σημαίνει
2708 2465 2723 2479 ο
2764 2448 2840 2512 ὡς
2872 2447 2968 2502 καὶ
2997 2447 3090 2500 ἐπὶ
3125 2446 3221 2500 τοῦ
3257 2445 3520 2517 αἰσθητοῦ
3544 2445 3659 2515 εχει

2080 2560 2133 2596 τι
2167 2544 2194 2596 ό
2246 2539 2642 2612 βαπτιζόμενος
2675 2541 2733 2595 ἐν
2762 2539 2938 2603 ὕδατι,
2982 2539 3104 2592 ὅλον
3138 2538 3198 2591 τὸ
3226 2537 3390 2609 σῶμα
3421 2537 3655 2609 βρέχων,

2079 2634 2174 2689 τοῦ
2227 2634 2599 2705 λαμϐάνοντος
2629 2632 2817 2696 ἁπλῶς
2857 2630 3023 2701 ὕδωρ,
3054 2631 3116 2685 οὐ
3146 2631 3364 2694 πάντως
3395 2631 3658 2701 ὑγραινο-

2083 2725 2246 2795 μένου
2279 2724 2339 2788 ἐξ
2386 2724 2525 2777 ὅλων
2569 2724 2679 2777 τῶν
2711 2722 2894 2776 τόπων
2921 2738 2936 2755 ο
2981 2722 3083 2775 οὐκ
3113 2720 3259 2775 ἐστιν
3289 2720 3382 2774 οῦν
3416 2722 3660 2774 ἀπεναν-

2077 2818 2196 2881 τίας
2230 2817 2420 2888 ἔχοντα
2444 2819 2556 2878 τοῖς
2576 2815 2742 2879 θείοις
2771 2814 3123 2884 Εὐαγγελίοις
3144 2813 3212 2867 τά
3241 2812 3336 2867 νῦν
3362 2812 3652 2882 εἰρημένα.

2078 2907 2344 2979 Δηλοῦται
2365 2908 2472 2977 γὰρ
2499 2908 2574 2968 ὠς
2605 2908 2652 2959 εἰ
2677 2907 2772 2959 καὶ
2800 2906 2986 2976 εἴρητο
3011 2905 3148 2976 πρὸς
3169 2905 3293 2968 τοὺς
3321 2904 3659 2968 ἀποστόλους

2082 2999 2221 3071 μετὰ
2266 2998 2363 3069 τὴν
2416 3000 2479 3051 ὲκ
2531 2997 2738 3067 νεκρῶν
2792 2997 3092 3051 ἀνάστασιν
3137 2994 3231 3049 τοῦ
3264 2993 3503 3065 Χριστοῦ
3563 2993 3647 3059 τὸ,

2076 3091 2287 3146 Λάϐετε
2341 3090 2567 3160 Πνεῦμα
2614 3089 2769 3158 άγιον
2805 3106 2821 3122 ο
2870 3092 2965 3143 καὶ
2993 3087 3184 3141 ἔλαϐον
3215 3103 3228 3118 ⁸
3260 3086 3377 3141 ἀλλ’
3406 3087 3520 3140 ἐκεῖ
3553 3085 3654 3155 μὲν

388 3178 551 3234 aqua,
581 3166 710 3220 dum
745 3174 862 3223 toto
902 3185 1139 3240 corpore
1176 3176 1419 3242 madctit,
1449 3181 1659 3248 cumis,
1690 3184 1782 3252 qui
1801 3187 1969 3242 sumit

2079 3181 2354 3252 εἰληφέναι
2407 3181 2630 3253 Πνεῦμα
2676 3182 2831 3249 ἅγιον
2884 3182 3124 3254 εἴρηται,
3176 3180 3414 3235 ἐνταῦθα
3440 3179 3656 3244 δὲ,Βα-

388 3270 585 3324 aquam
613 3260 971 3330 simpliciter,
993 3281 1102 3319 non
1136 3267 1356 3337 penitus
1380 3286 1447 3327 ex
1511 3276 1769 3332 omnibus
1822 3279 1965 3337 iocis

388 3341 758 3430 liumectetur.
826 3348 944 3406 Non
999 3364 1127 3409 sunt
1182 3357 1350 3426 igitur
1401 3366 1679 3421 contraria
1762 3370 1964 3430 divinis

386 3429 704 3528 Evangeliis
755 3454 841 3506 ea,
890 3458 1010 3507 quae
1038 3460 1185 3500 nunc
1234 3449 1382 3505 dicta
1435 3463 1582 3509 sunt.
1612 3455 1967 3528 Signiﬁcatur

390 3524 539 3579 enim
569 3530 714 3597 quod
745 3532 798 3622 si
848 3535 1012 3589 etiam
1078 3538 1284 3595 dictum
1355 3555 1476 3600 erat
1534 3548 1600 3603 ad
1665 3524 1962 3622 apostolos,

384 3624 744 3686 pOSteaquam
763 3620 1018 3680 Christus
1047 3641 1075 3679 a
1105 3632 1340 3688 mortuis
1403 3620 1783 3697 resurrexerat
1815 3660 1828 3697 :
1860 3620 1967 3700 Ac-

383 3705 559 3804 cipite-
610 3709 875 3779 Spiritum
944 3728 1216 3786 sanctum,
1259 3725 1421 3779 etiam
1472 3728 1598 3785 illos
1641 3736 1960 3804 accepisse:

384 3796 476 3849 sed
506 3797 614 3853 illic
660 3803 876 3872 quidem
913 3821 1008 3862 eos
1047 3816 1327 3881 accepisse
1376 3816 1640 3886 Spiritum
1705 3796 1959 3883 sanctum

2073 3273 2446 3345 πτισθήσεσθε
2477 3291 2490 3305 ·
2525 3275 2664 3344 ὅπερ
2692 3274 2792 3346 τὴν
2827 3273 3079 3345 ἐπίχυσιν
3127 3272 3221 3326 καὶ
3276 3271 3368 3325 τὸν
3423 3270 3659 3325 πλοῦτον

2070 3367 2171 3437 τῆς
2203 3369 2468 3438 χορηγίας
2502 3366 2758 3437 σημαίνει
2790 3382 2804 3396 ·
2845 3359 2914 3437 ἧς
2940 3366 3172 3419 δέδωκεν
3201 3363 3386 3427 αὐτοῖς
3415 3362 3657 3418 ἀνελθὼν

2070 3459 2209 3529 πρὸς
2237 3458 2328 3512 τὸν
2354 3458 2592 3529 Πατέρα.
2621 3459 2834 3529 Ὠσπερ
2858 3458 2966 3528 γὰρ
3010 3457 3229 3529 ἔχοντες
3276 3457 3458 3511 πίστιν
3483 3474 3658 3528 προσ-

2069 3550 2234 3621 ῆλθον
2281 3550 2551 3619 λέγοντες,
2610 3548 2853 3620 Πρόσθες
2891 3549 3025 3619 ἡμῖν
3051 3549 3254 3602 πίστινο
3291 3547 3434 3601 οὕτω
3470 3548 3535 3617 δὴ
3563 3549 3660 3601 καὶ

2074 3640 2331 3703 ἐνταῦθα,
2366 3639 2506 3712 πρὸς
2537 3640 2604 3711 ἢν
2635 3639 2737 3709 ήδη
2782 3634 2927 3709 εἶχον
2956 3638 3244 3693 κοινωνίαν
3266 3636 3361 3691 τοῦ
3397 3636 3659 3707 Πνεῦμα-

2073 3752 2185 3800 τος,
2247 3733 2567 3805 προσθήκην
2615 3731 3011 3803 ὲπιτεταμένης
3080 3730 3374 3802 μετουσίας
3409 3730 3657 3801 ἐλάμϐα-

2073 3845 2164 3882 νον
2197 3827 2534 3896 ἐπελθούσης
2566 3826 2614 3859 ⁵⁷
2644 3826 2829 3887 αὐτοῖς
2858 3824 2953 3878 τοῦ
2981 3825 3140 3892 ἁγίου
3168 3824 3508 3892 Πνεῦματος.

292 3912 301 3921 -
381 3887 586 3944 dictum
614 3900 732 3948 est:
757 3894 844 3952 hic
877 3914 1029 3965 vere,
1060 3899 1501 3974 Baptizabimini,
1523 3912 1636 3965 sive
1656 3913 1971 3981 perfundem

2091 3935 2154 3974 ac
2173 3917 2498 3990 proluemini
2519 3932 2534 3971 :
2557 3915 2699 3987 quod
2731 3916 2952 3968 verbum
2993 3914 3311 3970 ell‘usioneni
3336 3930 3401 3970 ac
3438 3918 3657 3971 divitias

381 3985 633 4079 muneris
667 3986 960 4079 significat,
1001 3994 1145 4060 quod
1181 3995 1331 4051 dedit
1403 3999 1511 4056 illis
1562 4013 1918 4079 posteaquam
1979 4012 2047 4066 ad
2088 3985 2306 4068 Patrem
2361 3985 2624 4067 ascendit.
2672 4006 2745 4062 Ut
2794 4009 2937 4063 enim
2973 4022 3095 4061 cum
3157 4006 3311 4062 fidem
3371 4008 3655 4075 baberent,

381 4074 705 4170 accedentes
737 4077 1032 4134 dixerunt:
1095 4083 1245 4139 Adde
1297 4088 1454 4143 nobis
1485 4090 1645 4147 ﬁdem
1684 4112 1699 4149 :
1738 4074 1812 4165 ita
1882 4103 2144 4159 nimirum
2200 4105 2362 4159 etiam
2395 4102 2484 4156 hic
2525 4110 2890 4170 praeteream,
2946 4114 3110 4167 quam
3172 4099 3283 4169 jam
3357 4074 3656 4161 habebant;

380 4165 616 4267 Sili-rit"?
662 4171 1234 4241 οοηιιιιυηίεῖιιίοηεω,
1261 4179 1688 4243 additamentum
1717 4192 1970 4250 adauetze
2010 4197 2458 4267 participationis
2487 4193 2725 4263 Spiritus
2766 4191 2964 4258 sancti,
3001 4194 3098 4262 qui
3159 4192 3241 4247 eis
3308 4196 3649 4263 supervenit,

380 4259 742 4328 accipiebant.

456 4348 614 4405 Vens.
649 4351 701 4406 6.
728 4353 898 4425 Atque
920 4357 1223 4429 illiquidem
1242 4381 1361 4419 cum
1379 4371 1740 4426 convenissent
1764 4377 1953 4432 scisci-

382 4445 552 4492 tantes
581 4445 645 4493 ab
671 4458 727 4496 eo
751 4444 992 4500 dicebant
1016 4463 1035 4500 :
1058 4449 1298 4519 Domine,
1319 4472 1387 4510 an
1419 4459 1471 4512 in
1487 4460 1586 4513 hoc
1619 4470 1847 4526 tempore
1871 4483 1956 4520 re-

376 4531 555 4584 stituis
569 4549 783 4604 regnum
803 4536 994 4592 Israeli
1011 4543 1036 4597 ?

454 4621 618 4679 νεεδ.
657 4626 710 4679 7.
745 4629 813 4683 At
842 4630 935 4685 ille
960 4635 1028 4685 ad
1060 4651 1168 4701 eos,
1198 4636 1321 4693 Non
1360 4652 1438 4695 est
1462 4655 1709 4710 vestrum,
1765 4649 1954 4717 inquit,

380 4727 533 4810 none
564 4727 822 4784 tempOra,
859 4733 950 4774 aut
995 4727 1255 4783 articulos
1287 4740 1574 4800 temporum
1603 4753 1731 4805 quos
1796 4739 1957 4793 Pater

378 4815 432 4851 an
473 4818 572 4855 sua
594 4815 858 4871 potestate
892 4813 1108 4877 posuit:
1197 4847 1201 4851 ~

452 4890 617 4948 Vens.
647 4895 701 4950 8.
728 4896 831 4951 Sed
866 4904 1135 4972 accipietis
1177 4907 1425 4963 virtutem
1457 4918 1868 4982 supervenientis
1908 4920 1964 4973 in

376 4998 465 5037 vos
498 4982 727 5053 Spiritus
750 4994 942 5048 sancti.

446 5077 581 5130 Cum
615 5081 946 5139 sciscitaturi
975 5096 1177 5156 essent,
1198 5088 1360 5145 simul
1388 5092 1679 5159 accedunt,
1714 5105 1776 5152 ut
1819 5099 1962 5152 mul-

271 5190 279 5196 -
378 5169 616 5225 titudine
666 5188 950 5231 moverent
1026 5194 1149 5234 eum
1199 5191 1255 5237 et
1316 5197 1625 5241 exorarent.
1701 5190 1959 5247 Sciebant

380 5262 549 5326 enim,
607 5263 664 5319 id
715 5268 860 5333 quod
891 5277 1019 5325 ante
1048 5270 1254 5327 dictum
1317 5286 1422 5341 est,
1456 5284 1855 5339 summoventis
1902 5294 1958 5339 et

382 5367 490 5407 non
521 5358 844 5425 ignorantis,
874 5362 972 5416 sed
999 5362 1304 5434 rejicientis
1334 5368 1482 5423 illam
1534 5371 1705 5429 fuisse
1736 5391 1962 5446 respon-

386 5445 619 5508 sionem,
639 5450 892 5508 videlicet
919 5472 931 5507 :
965 5452 1136 5512 Nemo
1169 5460 1321 5514 novit
1342 5460 1521 5516 diem:
1551 5463 1754 5522 idcirco
1768 5445 1961 5527 rursus

380 5532 1197 5617 interrogant.Quandoquidem
1216 5550 1359 5605 enim
1385 5552 1728 5626 audiverant,
1751 5574 1809 5615 se
1834 5561 1961 5631 Spi-

480 5806 527 5841 ¹⁶
557 5807 613 5860 δέ
644 5825 792 5868 ποτε.
823 5827 955 5872 erat.
1034 5822 1077 5855 "
1104 5825 1214 5884 ίσ..
1237 5828 1570 5893 ἐπελθόντος.

2131 4375 2193 4425 Οἱ
2215 4369 2332 4440 μὲν
2372 4365 2486 4443 οὖν
2525 4371 2931 4436 συνελθόντες
2975 4370 3296 4439 ἐπηρώτων
3329 4370 3514 4425 αὐτόν
3544 4373 3649 4425 ,Ιέι-

2064 4481 2273 4537 τοντες
2300 4480 2315 4493 ·
2372 4444 2572 4531 Κύριε,
2602 4465 2653 4516 εί
2699 4463 2767 4515 ἐν
2796 4463 2876 4528 τῷ
2916 4464 3114 4532 χρόνῳ
3154 4464 3345 4530 τούτῳ
3366 4464 3652 4518 ἀποκαθι·

2067 4552 2311 4617 στάνεις
2342 4551 2458 4619 τὴν
2471 4551 2808 4616 ,ϐασιλείαν
2831 4550 2909 4615 τῷ
2943 4551 3192 4620 Ἰσραήλ
3217 4567 3237 4615 ;

2096 4699 2107 4704 ,
2140 4639 2285 4695 Eine
2332 4641 2399 4694 δὲ
2433 4641 2585 4709 πρὸς
2620 4642 2843 4707 αὐτούς
2870 4657 2883 4670 ·
2915 4642 3039 4711 Οὺχ
3071 4640 3241 4711 ὑμῶν
3268 4642 3399 4695 ἐστι
3430 4641 3653 4712 γνῶναι

2061 4739 2323 4804 χρόνους
2379 4734 2417 4803 ἢ
2479 4736 2728 4802 καιρούς
2787 4734 2896 4800 οὓς
2943 4738 2975 4789 ό
3012 4735 3215 4805 Πατὴρ
3252 4736 3420 4791 ἔθετο
3464 4736 3534 4789 ἐν
3574 4735 3654 4805 τῇ

2061 4827 2183 4893 ίδίᾳ
2211 4828 2466 4893 ἐξουσίᾳ
2493 4844 2506 4858 ·

2132 4918 2310 4973 Ἀλλὰ
2334 4919 2412 4985 λή
2424 4922 2611 4988 ψεσθε
2642 4920 2898 4991 δύναμιν
2928 4920 3296 4990 ἐπελθόντος
3329 4924 3436 4979 τοῦ
3477 4925 3654 4996 ἁγίου

2060 5010 2410 5077 Πνεύματος
2435 5011 2526 5078 ἐφ’
2561 5009 2739 5080 ὑμᾶς.

2138 5103 2305 5155 Ὅταν
2358 5103 2627 5175 μέλλωσιν
2674 5104 2907 5174 ἐρωτᾷν,
2954 5104 3089 5173 ὁμοῦ
3112 5105 3528 5176 προσέρχονται,
3562 5107 3654 5160 ἵνα

2059 5192 2140 5261 τῷ
2170 5193 2366 5263 πλήθει
2386 5194 2786 5265 δυσωπήσωσιν
2811 5210 2823 5223 '
2858 5194 3078 5266 ᾔδεισαν
3112 5198 3222 5267 γὰρ
3245 5198 3327 5251 ὅτι
3362 5199 3420 5251 τὸ
3450 5197 3647 5270 πρώην

2062 5286 2371 5356 εἰρημένον,
2407 5286 2834 5357 διακρουομένου
2877 5288 2970 5341 καὶ
3004 5289 3104 5343 οὐκ
3147 5290 3491 5359 ἀγνοοῦντος,
3524 5291 3641 5344 ἀλλ’

2060 5379 2499 5451 ἀναϐαλλομένου
2527 5382 2626 5453 τὴν
2659 5380 3146 5454 ἀπόκρισιν’,οἷον,
3175 5368 3370 5449 Οὐδεὶς
3403 5384 3513 5439 οἶδε
3546 5386 3650 5457 τὴν

2061 5470 2311 5541 ἡμέραν·
2364 5473 2453 5526 διὰ
2502 5473 2664 5527 τοῦτο
2706 5474 2868 5528 πάλιν
2909 5475 3211 5545 ἐρωτῶσιν.
3269 5477 3489 5548 Ἐπειδὴ
3535 5479 3648 5547 γὰρ

2062 5562 2327 5631 ἥκουσαν,
2381 5565 2465 5618 ὅτι
2512 5565 2572 5619 τὸ
2610 5566 2838 5623 Πνεῦμα
2884 5566 3137 5623 μέλλουσι
3193 5568 3515 5640 λαμϐάνειν,
3564 5567 3643 5631 ὡς

1604 5734 1806 5798 Variae
1839 5736 2149 5803 lectiones
2180 5747 2242 5804 et
2270 5748 2459 5807 notae.
