4044 6418
369 388 473 454 513

1145 389 1551 453 EXPOSITIO
1580 391 1663 452 ΙΝ
1697 392 1889 453 ACTA
1916 393 2498 460 APOSTOLORUM.
2536 422 2602 433 —
2636 400 2797 463 CAP.
2832 403 2883 464 Ι.

3543 409 3648 474 514

368 501 513 567 ἄξιοι
541 496 733 552 λοιπὸν
785 497 979 571 ἧθελον
1031 500 1225 571 μαθεῖν
1275 502 1370 555 καὶ
1407 500 1793 571 ἀπαλλαγῆναι
1845 503 1931 557 τῶ·

2062 505 2228 559 ritum
2250 521 2371 562 esse
2394 516 3012 583 accepturos,tanquam
3039 514 3192 583 digni
3221 516 3484 589 deinceps
3501 523 3647 580 seire

362 591 644 663 δυσχερῶν
674 590 1025 662 ἐπεθύμουν·
1083 593 1145 646 οὐ
1182 594 1290 664 γὰρ
1346 593 1631 648 ἐϐούλοντο
1661 596 1823 650 πάλιν
1872 599 1953 660 είς

361 685 491 748 τοὺς
552 684 823 754 ἐσχάτους
873 685 1103 748 ἑαυτοὺς
1164 687 1413 739 καθεῖναι
1474 688 1778 751 κινδύνους.
1836 689 1952 742 Ούκ

361 774 596 846 ἠρώτων
627 775 712 840 δὲ,
749 776 888 831 Πότε
912 793 927 843 ;
966 776 1102 843 ἀλλ’,
1132 778 1197 830 Et
1227 778 1285 830 ἐν
1317 778 1393 849 τῷ
1413 779 1591 850 χρόνῳ
1615 778 1790 850 τούτῳ
1813 780 1951 833 ἀπο-

357 866 707 933 καθιστάνεις
736 867 835 939 τὴν
888 868 1172 941 βασιλείαν
1230 871 1309 942 τῷ
1383 870 1648 943 Ἰσραήλς
1708 872 1771 924 Εἰ
1832 871 1948 936 νῦν,

359 959 528 1030 φησίν
585 960 632 994 ⁸¹
667 976 682 991 ·
726 960 900 1025 οὕτως
972 962 1284 1034 ἐπεθύμουν
1328 964 1425 1029 τὴν
1482 964 1721 1035 ἡμέραν.
1793 964 1951 1035 Ἐμοὶ

355 1052 412 1105 δὲ
443 1051 615 1116 δοκεῖ,
684 1053 808 1105 οὐδὲ
852 1053 1230 1126 τετρανῶσθαι
1274 1054 1319 1085 ⁸⁹
1352 1055 1470 1118 πῶς
1508 1054 1554 1086 ⁶⁰
1607 1056 1817 1120 αὐτοῖς,
1866 1056 1948 1117 τίς

355 1162 486 1198 ποτε
529 1141 599 1216 ἦν
628 1147 661 1215 ὴ
703 1138 952 1215 βασιλεία
973 1164 986 1178 ·
1016 1146 1169 1200 οῦπω
1200 1146 1311 1219 γὰρ
1342 1143 1411 1219 ἦν
1448 1147 1510 1201 τὸ
1551 1147 1777 1219 Πνεῦμα
1807 1147 1949 1201 διδά-

352 1234 454 1301 ξαν
479 1236 704 1299 αὐτούς.
736 1228 1029 1291 Ούκέἶπον
1056 1238 1289 1303 δέ,Πότε
1328 1240 1497 1305 ἐστὶν,
1530 1238 1667 1307 ἀλλ’,
1716 1241 1775 1293 Εἰ
1812 1241 1945 1293 ἁπο-

352 1326 706 1392 καθιστάνεις
734 1329 898 1393 αύτός
921 1348 936 1361 ·
980 1329 1124 1384 οὕτω
1153 1330 1338 1385 λοιπὸν
1377 1331 1601 1401 μείζονα
1626 1333 1754 1403 περὶ
1778 1330 1946 1386 αὐτοῦ

351 1419 742 1487 ἐφαντάζοντο.
802 1420 902 1475 Διά
958 1422 1117 1475 τοῦτο
1166 1423 1263 1477 καὶ
1322 1422 1487 1487 αὐτὸς
1553 1423 1852 1494 ἀνειμένως
1899 1423 1941 1455 ⁸³

354 1514 541 1576 αὐτοῖς
594 1512 950 1582 διαλέγεται·
987 1514 1172 1568 οὐκέτι
1220 1515 1329 1588 γὰρ
1384 1515 1565 1584 λέγει,
1626 1516 1707 1569 ὅτι
1756 1515 1877 1569 οὐδὲ
1916 1516 1944 1568 6

354 1606 487 1670 Υίῦς
542 1601 651 1659 οἶδε
682 1606 782 1677 τὴν
821 1606 1073 1679 ἡμέραν·
1132 1607 1271 1661 ἀλλὰ
1324 1607 1413 1676 τί;
1482 1609 1594 1678 Οὐχ
1641 1607 1796 1679 ὑμῶν
1827 1609 1943 1661 ἐστι

354 1697 563 1768 γνῶναι
610 1698 899 1770 χρόνουςῆ
957 1698 1205 1770 καιρούς.
1269 1700 1345 1753 Ού
1390 1700 1498 1771 γὰρ
1543 1701 1754 1769 ἀγνοῶν
1780 1698 1942 1761 αὐτὸς

352 1790 469 1845 τῶν
496 1791 710 1862 χρόνων
752 1790 815 1844 τὸ
847 1790 1250 1862 συμπέρασμα,
1283 1790 1361 1861 τῷ
1393 1792 1568 1861 Πατρὶ
1599 1791 1697 1861 τὴν
1730 1791 1939 1862 εἴδησιν

2058 597 2340 663 volebant,
2380 601 2479 669 ιι
2510 611 2564 656 et
2599 602 2667 656 ab
2700 605 2962 661 aerumnis
3005 614 3060 661 et
3098 609 3368 666 molestiis
3419 613 3645 670 liberari

2058 698 2226 761 atque
2249 692 2471 763 defungi
2503 696 2824 764 cupiebant.
2848 694 2969 751 Non
2999 699 3144 753 enim
3171 717 3363 758 rursus
3391 706 3647 762 volebant

2057 797 2185 838 sese
2214 786 2480 839 extremis
2508 787 2771 855 periculis
2805 788 3027 844 oﬂ'crre.
3062 789 3181 847 Non
3212 795 3645 852 sciscitabantur

2054 884 2257 936 autem,
2289 873 2563 940 Quando?
2606 876 2723 945 sed,
2758 879 2841 934 An
2873 881 2929 937 in
2968 882 3073 938 hoc
3104 892 3352 955 tempore
3391 890 3644 944 restituis

2051 979 2281 1034 regnum
2315 967 2505 1023 lsraeli
2540 968 2563 1021 i'
2618 971 2701 1024 An
2762 987 2933 1037 nunc,
2994 974 3291 1044 inquiunt:
3326 978 3464 1033 adeo
3495 980 3639 1035 diem

2052 1058 2196 1111 seire
2262 1060 2577 1129 cupiebant.
2640 1061 2772 1117 Milli
2835 1074 3018 1121 autem
3079 1056 3317 1138 videtur,
3382 1087 3453 1127 ne
3510 1082 3642 1129 tunc

2051 1146 2272 1216 quidem
2328 1150 2510 1206 adhuc
2562 1153 2788 1222 planum
2836 1155 3040 1211 factum
3098 1160 3207 1215 illis
3242 1161 3431 1229 fuisse,
3467 1167 3641 1235 quod—

2050 1254 2176 1293 nam
2237 1256 2464 1312 regnum
2524 1245 2743 1300 tandem
2780 1258 2973 1304 esset:
3015 1252 3259 1309 nondum
3316 1255 3462 1310 enim
3520 1267 3641 1313 erat

2049 1330 2306 1400 Spiritus,
2355 1334 2447 1403 qui
2486 1335 2707 1393 doceret
2757 1339 2904 1421 illos;
2954 1339 3071 1397 Non
3122 1343 3380 1400 dixerunt
3426 1355 3635 1414 autem,

2048 1421 2284 1489 Quando
2312 1427 2417 1479 erit
2450 1444 2464 1479 :
2504 1427 2624 1492 sed,
2660 1428 2743 1483 An
2776 1432 3028 1489 restituis
3076 1435 3215 1504 ipse.
3245 1435 3398 1492 Adeo
3426 1439 3637 1508 majora

2047 1514 2307 1585 deinceps
2351 1515 2420 1569 de
2460 1517 2556 1571 illo
2612 1520 3059 1591 imaginabantur
3106 1534 3163 1580 et
3223 1528 3410 1585 animo
3447 1532 3637 1586 conci~

2045 1607 2292 1674 piebant.
2325 1607 2537 1665 Idcirco
2564 1613 2732 1667 etiam
2773 1615 2889 1685 ipse
2928 1617 3141 1686 placide
3167 1629 3222 1674 et
3262 1622 3462 1677 leniter
3504 1639 3633 1679 cum

2045 1700 2154 1754 illis
2194 1704 2621 1760 sermocinatur.
2677 1705 2799 1762 Non
2859 1710 3006 1765 enim
3050 1711 3161 1780 jam
3192 1715 3429 1784 amplius
3452 1716 3629 1772 dicit:

2043 1789 2122 1847 Ne
2156 1790 2330 1850 Filius
2366 1795 2589 1864 quidem
2622 1798 2765 1853 diem
2796 1801 2946 1857 novit
2976 1819 2991 1857 :
3036 1805 3131 1859 sed
3164 1805 3293 1875 quid
3325 1806 3350 1859 ?
3392 1805 3513 1861 Non
3548 1817 3636 1864 est

353 1882 721 1954 παρέπεμψεν
752 1898 767 1913 ·
826 1882 944 1963 άλλξ
998 1884 1189 1953 ἐπειδὴ
1224 1885 1455 1954 περιττή
1501 1901 1587 1948 τις
1626 1884 1872 1954 ὑπῆρχεν
1907 1884 1931 1952 ἡ

2045 1893 2291 1939 vestrum
2323 1886 2469 1941 scire
2501 1896 2750 1959 tempora
2779 1899 2834 1946 et
2859 1902 3134 1948 momenta
3158 1874 3489 1967 temporum.
3510 1897 3634 1954 Non

353 1974 645 2046 ἐρώτησις,
691 1974 1086 2046 συμφερόντως
1111 1974 1527 2046 παρεσιώπησε.
1590 1976 1800 2038 Σκοπὸς
1828 1974 1938 2047 γὰρ

348 2064 422 2139 ἦν
448 2067 600 2138 αὐτῴ
632 2068 734 2138 τὴν
770 2069 849 2131 είς
888 2065 1049 2121 τοῦτο
1079 2065 1618 2140 πολυπραγμοσύνην
1668 2067 1937 2129 ἀνακόψαι

348 2163 461 2216 τῶν
511 2161 792 2233 μαθητῶν.
859 2159 1168 2232 Κηρύττειν
1230 2162 1340 2232 γὰρ
1394 2161 1593 2221 αὐτοὺς
1648 2160 1938 2214 ἀπέστειλε

348 2256 450 2327 τὴν
490 2255 769 2326 βασιλείαν
806 2253 917 2307 τῶν
945 2252 1218 2325 οὐρανῶν,
1263 2254 1324 2306 οὐ
1358 2253 1458 2323 τὴν
1506 2253 1782 2323 ποσότητα
1828 2250 1937 2305 τῶν

348 2347 561 2419 χρόνων
588 2346 1045 2417 κατασημαίνειν.
1090 2347 1164 2400 Ού
1195 2346 1347 2415 λέγει
1377 2346 1433 2399 δὲ
1475 2345 1661 2409 αὐτοῖς
1699 2344 1790 2398 τὸν
1814 2361 1937 2399 και-

350 2439 466 2510 ρον,
525 2437 597 2493 τά
653 2437 835 2510 πολλῷ
878 2437 1051 2509 μείζω
1096 2436 1316 2503 διδάξας
1350 2453 1363 2468 ·
1410 2436 1519 2501 ἵνα,
1561 2439 1637 2500 ὡς
1673 2436 1935 2498 πολλάκις

345 2530 581 2601 ἔφαμεν,
620 2529 986 2601 ἐγρηγορότες
1009 2521 1113 2582 ὦσι
1140 2545 1153 2559 ·
1189 2529 1285 2581 καὶ
1315 2529 1399 2581 ὅτι
1421 2527 1573 2581 οὐδὲν
1604 2526 1935 2581 ἐϐλάπτοντο

350 2620 430 2693 μὴ
459 2620 662 2684 εἰδότες
691 2635 707 2651 ·
761 2620 887 2674 ἐπεὶ
945 2618 1127 2691 πολλῷ
1160 2619 1384 2691 μείζονα
1426 2619 1616 2672 τούτου
1644 2618 1883 2683 ἐδίδαξεν
1915 2632 1929 2646 ·

345 2712 430 2766 ὅτι
452 2712 582 2775 Υἱός
604 2712 720 2764 ἐστι
760 2711 855 2764 τοῦ
878 2710 1013 2766 θεοῦ
1038 2750 1054 2778 ,
1088 2712 1182 2765 καὶ
1212 2711 1295 2765 ὅτι
1324 2711 1586 2783 ὁμότιμος
1612 2710 1690 2781 τῷ
1722 2709 1896 2780 Πατρι
1915 2724 1930 2738 ·

345 2805 428 2856 ὅτι
469 2802 691 2872 ἀνέστη,
737 2803 823 2856 ὅτι
869 2803 1170 2867 ἀνάστασις
1207 2802 1384 2868 ἔσται,
1463 2804 1545 2856 ὅτι
1582 2804 1789 2873 κρίσις,
1848 2802 1931 2855 ὅτι

345 2893 600 2947 ἐκάθισεν
645 2894 704 2946 ἐν
753 2892 905 2964 δεξιᾷ
954 2891 1051 2947 τοῦ
1094 2892 1332 2965 Πατρός.
1375 2892 1442 2946 Τί
1483 2893 1613 2964 γὰρ,
1648 2892 1769 2946 εἰπέ
1816 2907 1927 2961 μοι,

332 2984 583 3055 ,μεῖζον;
646 2982 709 3037 τδ
761 2984 955 3055 μαθεῖν
1004 2984 1089 3037 ὅτι
1142 2983 1493 3055 βασιλεύσει,
1555 2982 1589 3054 ἢ
1646 2988 1708 3035 τὸ
1752 2982 1928 3047 πότεος

351 3075 566 3144 Ἐμαθε
601 3074 816 3139 Παῦλος
857 3073 894 3129 ἃ
939 3074 1042 3129 οὐκ
1099 3074 1219 3141 ἐξὸν
1258 3077 1533 3148 ἀνθρώπῳ
1582 3076 1762 3130 λαλεῖν
1787 3094 1800 3108 ·
1836 3077 1931 3130 καὶ

344 3165 588 3235 Μωῦσῆς
632 3163 805 3235 ἔμαθε
835 3164 933 3236 τὴν
967 3163 1142 3235 ἀρχὴν
1171 3164 1266 3220 τοῦ
1303 3167 1512 3238 κόσμου
1544 3183 1555 3198 ·
1602 3169 1697 3221 καὶ
1753 3167 1885 3220 πότε
1910 3183 1924 3198 ·

344 3259 443 3313 καὶ
477 3257 585 3328 πρὸ
616 3257 799 3309 πόσων
835 3258 1047 3327 χρόνων
1072 3274 1087 3289 ·
1138 3261 1232 3310 καὶ
1275 3258 1502 3327 ἀριθμεῖ
1523 3258 1593 3311 τὰ
1621 3258 1716 3328 ἔτη
1750 3275 1764 3291 ·
1796 3258 1923 3312 καί-

339 3366 427 3404 τοι
470 3350 504 3421 ἠ
536 3349 681 3421 ἀρχη
707 3345 803 3401 τοῦ
846 3347 1032 3411 τέλους
1067 3350 1146 3413 είς
1177 3348 1398 3417 γνῶσιν,
1432 3351 1507 3414 ώς
1543 3349 1769 3414 ἐπίπαν,
1797 3353 1927 3406 δυσ-

341 3439 686 3511 κολώτερον·
762 3438 939 3503 ἄλλως
987 3439 1065 3505 δὲ,
1106 3440 1303 3493 ἐκεῖνοι
1335 3439 1455 3493 οὐδὲ
1509 3442 1638 3512 περὶ
1684 3442 1781 3513 τῆς
1823 3459 1926 3495 κα-

346 3531 501 3585 Θόλου
540 3530 706 3585 αὐτὸν
730 3529 960 3599 ἠρώτων
992 3528 1332 3590 συντελείας·
1374 3528 1511 3595 ἀλλ’,
1550 3529 1613 3583 Et
1644 3529 1723 3600 τῷ
1745 3530 1924 3601 χρόνῳ

341 3625 517 3694 τούτῳ
556 3622 1023 3684 ἀποκαθιστάνεις
1054 3620 1155 3691 τὴν
1201 3620 1481 3691 βασιλείαν
1524 3621 1603 3692 τῷ
1664 3621 1923 3693 Ἰσραήλ;

355 3718 416 3771 '0
444 3716 504 3769 δὲ
531 3714 653 3769 οὐδὲ
692 3713 853 3768 τοῦτο
906 3712 1091 3777 αὐτοῖς
1140 3710 1476 3782 ὲξεκάλυψεν
1507 3729 1523 3744 ·
1579 3712 1694 3765 ἁλλ’
1736 3711 1925 3783 ὥσπερ

340 3811 462 3863 ἐκεῖ
492 3805 833 3878 ἀπεκρίνατο
881 3803 1112 3872 ἀπάγων
1152 3804 1352 3867 αὐτοὺς
1386 3803 1481 3856 τοῦ
1535 3804 1780 3874 νομίζειν
1823 3804 1924 3874 τὴν

340 3897 664 3969 ἀπαλλαγὴν
692 3896 804 3951 τών
840 3895 1119 3968 δυσχερῶν
1156 3893 1297 3949 εἶναι
1341 3895 1568 3965 πλησίον
1602 3910 1616 3925 ·
1667 3895 1784 3949 ἀλλ’
1840 3895 1924 3948 ὅτι

344 3991 442 4045 κα)⁵
485 3988 700 4053 πολλοῖς
732 3986 1158 4060 περιπεσοῦνται
1194 3984 1484 4048 κινδύνοις,
1529 3984 1671 4038 οὕτω
1713 3984 1805 4039 καὶ
1839 3986 1925 4036 ἐν-

338 4079 539 4143 ταῦθα,
573 4078 711 4150 πλὴν
753 4076 1109 4151 ἡμερώτερον
1138 4092 1155 4109 ·
1189 4076 1349 4141 ἀλλὰ,
1381 4074 1634 4147 Λήψεσθε
1669 4074 1919 4144 δύναμιν.

342 4168 499 4237 Εἶτα,
532 4170 619 4224 ἵνα
657 4170 734 4243 μὴ
763 4169 926 4224 πάλιν
960 4168 1124 4221 αὑτὸν
1156 4167 1458 4237 ἐρωτῶσιν,
1494 4167 1697 4226 εὐθέως
1724 4167 1918 4237 ἀνελή-

344 4264 479 4334 φθη.
506 4258 661 4328 Εἶτα,
698 4261 837 4335 [Ὑνα
867 4263 943 4333 μὴ
970 4262 1187 4326 εἴπωσι,
1213 4260 1365 4313 Διατί
1389 4260 1711 4333 ἐπαίρειςτὸ
1745 4262 1923 4333 πρᾶγ-

343 4374 421 4427 μα
452 4373 469 4425 ;
502 4352 690 4427 φη]σὶν
732 4356 762 4409 6
803 4353 934 4418 Υἱός
955 4369 971 4386 ·
1019 4353 1127 4417 Οὓς
1153 4355 1183 4407 6
1207 4354 1397 4424 Πατὴρ
1436 4353 1590 4407 ἔθετο
1628 4355 1686 4407 ἐν
1714 4356 1780 4427 τῇ
1816 4353 1923 4426 ἰδίᾳ

343 4448 565 4519 ἐξουσίᾳ
590 4464 605 4478 ·
637 4448 672 4518 ἠ
698 4446 757 4500 δὲ
787 4445 882 4500 τοῦ
915 4445 1129 4517 Πατρὸς
1160 4444 1400 4511 ἐξουσία,
1422 4441 1671 4515 ’δηλονότι
1706 4449 1799 4500 καὶ
1825 4445 1920 4499 τοῦ

2041 1975 2213 2039 enim,
2245 1977 2374 2045 quia
2406 1977 2524 2048 ipse
2554 1980 2833 2051 ignoraret
2865 1994 3171 2055 temporum
3193 1991 3631 2045 consummatio-

2039 2079 2163 2118 nem
2211 2066 2277 2119 ad
2327 2064 2543 2121 Patrem
2607 2069 2894 2126 scientiam
2956 2074 3181 2143 rejicit:
3231 2078 3327 2133 sed
3364 2081 3626 2149 quoniam

2040 2170 2385 2225 supervacua
2418 2159 2642 2228 quidam
2689 2170 2808 2217 erat
2850 2165 3228 2238 interrogatio,
3264 2170 3471 2226 utiliter
3496 2172 3629 2227 reti-

2037 2248 2173 2303 cuit.
2208 2247 2342 2303 Nam
2380 2249 2434 2304 id
2463 2251 2679 2321 agebat,
2713 2262 2773 2309 ut
2808 2254 2927 2322 ejus
2965 2258 3043 2313 rei
3076 2260 3353 2315 curiosam
3378 2261 3629 2333 discipu-

2036 2340 2213 2395 lorum
2263 2342 2661 2399 scrutationem
2725 2348 3049 2416 reprimeret
3102 2361 3269 2422 atque
3329 2354 3624 2412 inhiberet.

2037 2428 2288 2485 Mittebat
2314 2432 2460 2487 enim
2479 2447 2597 2496 eos,
2623 2441 2684 2488 ut
2705 2435 3068 2505 praedicarent
3087 2455 3311 2511 regnum
3334 2443 3625 2510 calorum,

2036 2535 2146 2575 non
2213 2532 2271 2576 ut
2328 2523 2597 2577 rationem
2662 2533 2970 2595 temporum
3012 2539 3291 2586 notarent.
3342 2532 3462 2588 Non
3511 2536 3626 2590 edit

2037 2618 2223 2665 autem
2246 2610 2377 2666 illis
2413 2613 2706 2666 articulum
2741 2615 3031 2685 temporis,
3055 2631 3177 2673 cum
3215 2621 3390 2675 multo
3416 2622 3624 2690 majora

2034 2701 2337 2768 docuisset,
2364 2709 2449 2767 ut,
2476 2704 2939 2772 quemadmodum
2977 2722 3120 2777 saepe
3144 2709 3305 2775 dixit,
3333 2712 3623 2782 vigilantes

2033 2801 2259 2849 essent:
2301 2800 2356 2847 et
2385 2792 2535 2863 quod
2564 2794 2706 2849 nihil
2739 2794 2821 2851 eis
2854 2797 2947 2850 illa
3001 2796 3316 2870 ignorantia
3375 2814 3620 2871 noceret,

2032 2885 2295 2954 quoniam
2326 2884 2490 2954 longe
2547 2885 2780 2956 majora,
2816 2902 2984 2957 quam
3045 2888 3162 2944 hrec
3210 2905 3300 2947 res
3351 2900 3490 2957 erat,
3521 2894 3622 2949 do-

2031 2982 2261 3039 cuerat,
2314 2975 2464 3044 quod
2535 2973 2710 3030 Filius
2804 2975 2900 3030 Dei
2992 2986 3178 3046 esset,
3249 2981 3396 3051 quod
3472 2982 3620 3040 Patri

2032 3066 2283 3135 aequalis,
2348 3066 2495 3135 quod
2550 3068 2994 3124 resurrexisset:
3057 3071 3205 3140 quod
3258 3076 3616 3140 resurrectio,

2033 3158 2469 3231 quodjndicium
2499 3159 2685 3215 futura
2714 3162 2829 3216 sint
2860 3165 3046 3233 :quod
3077 3165 3307 3221 sedebat
3336 3168 3402 3222 ad
3433 3170 3623 3225 dexte-

2036 3266 2152 3306 ram
2216 3252 2418 3307 Patris.
2474 3252 2615 3320 Quid
2665 3255 2834 3320 enim,
2865 3256 2956 3311 dic
3009 3258 3166 3323 mihi,
3209 3260 3433 3328 majus?
3476 3262 3622 3317 scire

2031 3344 2176 3415 quod
2207 3354 2537 3415 regnaturus
2570 3345 2663 3411 sit,
2733 3362 2826 3413 an,
2882 3348 3142 3418 quando?
3174 3350 3450 3408 Didicerat
3478 3352 3622 3409 Pau-

2031 3434 2137 3498 lus,
2163 3449 2285 3504 quaa
2304 3428 2514 3489 ho'mini
2543 3435 2694 3506 loqui
2720 3452 2829 3491 non
2857 3438 3079 3503 licebat,
3128 3448 3183 3495 et
3229 3440 3445 3515 Moyses
3476 3443 3620 3500 didi-

2030 3534 2182 3581 cerat
2217 3525 2430 3582 initium
2464 3528 2654 3584 mundi
2687 3548 2701 3584 :
2757 3539 2833 3598 et,
2895 3534 3115 3604 quando
3146 3549 3161 3587 :
3190 3544 3266 3600 et,
3295 3544 3423 3591 ante
3450 3552 3617 3607 quam

2030 3619 2201 3673 multa
2224 3627 2511 3686 tempora:
2560 3627 2615 3674 et
2667 3630 2925 3676 numerat
2954 3636 3169 3679 annos:
3225 3628 3377 3697 atqui
3410 3628 3621 3697 princi-

2030 3709 2179 3780 pium
2233 3710 2288 3764 in
2353 3711 2673 3765 universum
2733 3714 2956 3782 cognitu
2990 3714 3266 3771 dilllcilius
3319 3727 3406 3772 est
3449 3734 3618 3789 quam

2029 3802 2176 3856 ﬁnis.
2210 3801 2390 3870 Atque
2421 3801 2585 3857 aliter
2619 3818 2633 3855 :
2663 3801 2747 3855 Illi
2803 3818 2902 3857 nec
2934 3805 3001 3859 de
3051 3808 3349 3863 universali
3393 3811 3615 3880 quidem

2028 3895 2502 3951 consunnnatione
2532 3910 2657 3949 eum
2690 3896 3098 3967 interrogabant
3130 3916 3143 3953 :
3182 3901 3299 3964 sed,
3323 3906 3405 3956 An
3429 3902 3484 3957 in
3513 3903 3618 3959 hoc

2030 3996 2275 4056 tempore
2305 3985 2554 4042 restituis
2598 4001 2828 4057 regnum
2887 3990 3073 4045 lsraeli
3104 3991 3129 4046 ?
3182 3992 3253 4046 At
3297 3993 3389 4048 ille
3416 4010 3485 4051 ne
3512 3994 3617 4050 hoc

2026 4077 2250 4148 quidem
2309 4078 2391 4132 eis
2447 4078 2746 4146 patefecit:
2816 4081 2912 4135 sed
2972 4083 3433 4153 quemadmodum
3503 4087 3617 4142 illic

2027 4169 2100 4223 ita
2138 4168 2445 4236 respondit,
2479 4178 2537 4221 ut
2564 4166 2865 4223 abduceret
2885 4183 2981 4224 eos
3012 4171 3082 4225 ab
3113 4170 3206 4224 illa
3234 4171 3518 4239 opinione,
3547 4188 3616 4227 ne

2027 4267 2286 4331 putarent
2314 4258 2476 4312 linem
2508 4256 2882 4313 molestiarum
2925 4272 2979 4315 et
3010 4275 3383 4316 aerumnarum
3416 4276 3615 4333 appro-

2027 4351 2321 4422 pinquare,
2382 4349 2480 4405 sed
2512 4348 2761 4405 futurum
2793 4367 2937 4419 esse,
2965 4362 3028 4408 ut
3063 4354 3119 4408 in
3160 4354 3330 4411 multa
3355 4354 3614 4427 deinceps

2025 4443 2189 4499 etiam
2222 4443 2466 4514 pericula
2501 4444 2951 4500 inciderentzita
2995 4446 3159 4501 etiam
3204 4447 3315 4511 hic,
3388 4456 3615 4518 praeter-

341 4537 475 4592 Υξοῦ
500 4554 516 4568 ·
552 4537 742 4611 ὥσπερ
764 4540 874 4611 γὰρ
904 4539 933 4591 6
981 4538 1174 4609 Πατὴρ
1193 4536 1396 4607 ἐγείρει
1421 4538 1547 4599 τοὺς
1568 4537 1800 4606 νεκροὺς
1826 4537 1919 4589 καὶ

2035 4551 2188 4608 quam
2267 4536 2411 4606 quod
2477 4537 2717 4594 mitius:
2788 4536 2896 4592 Sed
2962 4538 3250 4607 accipietis
3326 4538 3609 4597 virtutem.

338 4628 615 4695 ζωοποιεῖ,
640 4626 783 4681 οὓτω
806 4627 901 4681 καὶ
924 4628 953 4680 6
980 4626 1127 4694 Υἱὸς,
1157 4623 1250 4689 οὓς
1283 4624 1447 4689 θέλει,
1483 4623 1755 4688 ζωοποιεῖ.
1779 4626 1843 4679 Εἰ
1864 4624 1920 4677 δὲ

338 4718 471 4772 ἔνθα
497 4718 837 4786 ἐργάσασθαι
860 4716 942 4770 δεῖ
970 4716 1037 4770 τὰ
1060 4714 1308 4786 φρικώδη
1335 4715 1429 4767 καὶ
1458 4714 1748 4786 ἀπόρρητα
1781 4715 1921 4785 μετὰ

339 4811 443 4881 τῆς
477 4810 733 4879 ἐξουσίας
784 4812 813 4865 6
850 4810 917 4864 ⁶¹.
974 4811 1003 4863 6
1053 4808 1244 4879 Πατὴρ
1279 4810 1323 4841 ⁸³
1376 4808 1921 4879 ἐργάζεταινπολλῷ

341 4905 568 4976 μᾶλλον,
602 4903 732 4958 ἔνθα
776 4903 859 4957 δεῖ
897 4902 1116 4957 εἰδέναι.
1160 4901 1349 4971 Πολλῷ
1397 4901 1505 4971 γὰρ
1541 4901 1728 4970 μεῖζον
1780 4900 1842 4953 τὸ
1875 4902 1922 4932 ⁸⁸

337 4997 569 5067 νεκροὺς
633 4994 872 5068 ἐγείρειν
925 4994 1063 5066 μετά
1107 4994 1210 5065 τῆς
1273 4995 1395 5063 ἴσης
1455 4997 1549 5047 καὶ
1595 4997 1695 5063 τῆς
1746 4993 1917 5063 αὐτῆς

340 5089 593 5155 ἐξουσίας
635 5088 715 5158 τῷ
765 5088 964 5158 Πατρῖ,
1007 5086 1042 5158 ἢ
1078 5087 1178 5157 τὴν
1205 5086 1423 5158 ἡμέραν
1468 5084 1688 5139 εἰδέναι.
1733 5088 1831 5139 Διά
1862 5086 1917 5139 τί

2024 4628 2233 4683 Deinde
2271 4641 2341 4681 ne
2368 4642 2564 4683 rursus
2589 4642 2713 4681 eum
2741 4627 3145 4698 interrogarent
3180 4628 3364 4683 statim
3395 4644 3611 4685 assum-

1996 4726 2152 4790 .ptus
2184 4727 2292 4775 est.
2327 4716 2622 4783 Praeterea,
2657 4734 2726 4774 ne
2762 4733 2959 4774 rursus
2990 4719 3235 4775 dicerent
3269 4738 3284 4776 :
3340 4718 3452 4776 Cur
3491 4737 3608 4777 rem

2025 4809 2213 4865 dill‘ers
2267 4819 2322 4864 et
2374 4809 2712 4880 suspendis?
2766 4808 2963 4876 Filius,
3000 4808 3150 4877 Quos
3178 4809 3361 4877 Pater,
3407 4811 3604 4882 inquit,

2024 4902 2208 4972 posuit
2259 4902 2313 4956 in
2381 4917 2483 4957 sua
2537 4910 2828 4971 potestate.
2891 4901 3074 4958 Patris
3125 4912 3306 4958 autem
3364 4911 3609 4972 potestas

2024 4994 2282 5049 videlicet
2328 4994 2496 5049 etiam
2525 4993 2647 5047 Filii
2696 5001 2941 5064 potestas
2993 5002 3095 5050 est.
3136 4994 3608 5062 Quemadmodum

2023 5086 2169 5140 enim
2211 5085 2392 5150 Pater,
2433 5084 2509 5141 ita
2558 5084 2722 5139 etiam
2750 5083 2942 5153 Filius,
2989 5100 3131 5157 quos
3172 5086 3290 5143 vult
3319 5085 3611 5143 resuscitat

1533 5227 1736 5289 Variae
1768 5224 2076 5289 lectiones
2122 5234 2185 5290 et
2224 5236 2416 5290 notae.
3392 5307 3397 5312 _

300 5340 305 5347 '
407 5331 456 5364 ⁵⁸
485 5332 598 5394 Im,
640 5347 826 5400 φασιν.
903 5331 953 5363 ³⁸
985 5329 1298 5401 τρανῶσθαί
1323 5348 1461 5394 πως,
1492 5340 1631 5385 erat.
1710 5331 1756 5364 ⁶⁰
1793 5332 1880 5385 ἷσ.
1904 5348 1931 5383 τι

2105 5331 2146 5362 ⁸⁸
2171 5330 2504 5399 ἀνιγμένως,
2530 5337 2645 5383 erat
2673 5343 2692 5381 :
2721 5327 2780 5401 in
2812 5328 3049 5401 margine
3086 5333 3382 5401 correctum
3390 5325 3607 5401 -άςρνετ

338 5403 520 5468 bendi,
555 5410 615 5455 ut
647 5398 822 5470 posui.
900 5402 946 5434 “
977 5398 1113 5456 Erat
1145 5401 1281 5454 enim
1320 5400 1584 5471 ejusmeai
1610 5411 1762 5468 nota,
1806 5402 2054 5471 quoniam
2086 5418 2198 5471 non_
2230 5398 2471 5470 poteram
2525 5398 2731 5468 assequi
2785 5398 2891 5451 nisi
2922 5400 3247 5465 conjectura.

336 5474 465 5536 Υἱὸς
520 5472 617 5526 καὶ
644 5474 674 5525 ό
705 5472 920 5553 Πατὴρ,
943 5471 1000 5542 ἢ,
1026 5472 1101 5535 ὼς
1135 5471 1164 5523 ό
1201 5472 1414 5541 Πατήρ.
1491 5470 1537 5502 ⁸⁸
1563 5473 1654 5525 τόν
1687 5470 1823 5526 erat.

411 5640 431 5655 '
471 5629 646 5687 Verba
675 5632 793 5686 haec
838 5631 1116 5689 uncinulis
1166 5632 1427 5689 conclusa
1479 5631 1680 5689 desunt
1725 5634 1780 5687 in
1809 5629 1927 5687 edt-

334 5706 485 5775 tione
507 5703 763 5775 Sipbani.
805 5703 877 5757 lia
921 5704 1112 5775 procul
1140 5703 1310 5775 dubio
1355 5705 1679 5775 typograplti
1708 5702 1924 5775 incuria

334 5774 683 5831 exciderunt.
712 5773 845 5837 Nos,
872 5774 1074 5843 quibus
1103 5773 1550 5838 codicem—unde
1586 5790 1649 5829 ea
1681 5773 1925 5828 manavit

333 5846 523 5904 editio.
597 5844 874 5900 insoicere
931 5859 1039 5897 non
1097 5843 1243 5905 licet.
1292 5860 1356 5901 ea
1413 5860 1481 5900 ex
1521 5845 1922 5906 Cltrvsostomo

3362 5395 3407 5427 “
3462 5396 3548 5451 ἔον.
3578 5397 3608 5449 6

2036 5634 2421 5690 restituimus:
2474 5645 2601 5686 nam
2634 5647 2699 5687 ex
2724 5631 2916 5702 Latina
2946 5631 3420 5702 interpretatione,
3456 5643 3508 5689 et
3540 5652 3609 5692 ex

2032 5704 2103 5759 iis
2134 5718 2255 5773 quae
2284 5713 2615 5772 sequuntur,
2641 5711 2807 5772 patet,
2827 5701 3318 5773 TlteOpltylactum,
3347 5705 3449 5760 hoc
3467 5706 3607 5771 loco,

2038 5772 2184 5831 sicut
2215 5775 2271 5827 in
2314 5774 2589 5844 plerisque
2635 5774 2785 5844 aliis,
2845 5772 3388 5844 ipsa’Cltrysostomi
3445 5777 3607 5832 verba

2038 5858 2355 5905 usurpasse.
2399 5841 2589 5897 Editor
2629 5841 2874 5898 Venetus.
