  <div class='ocr_page' id='page_1' title='image "/cluster/home/n/w/nwhite01/storage/ocr_20150623/125:no.3/coo.31924054870302/265.png"; bbox 0 0 4044 6416; ppageno 0'>
   <div class='ocr_carea' id='block_1_1' title="bbox 442 378 550 444">
    <p class='ocr_par' dir='ltr' id='par_1_1' title="bbox 442 378 550 444">
     <span class='ocr_line' id='line_1_1' title="bbox 442 378 550 444; baseline -0.009 0"><span class='ocrx_word' id='word_1_1' title='bbox 442 378 550 444; x_wconf 73' lang='grc'><strong>515</strong></span> 
     </span>
    </p>
   </div>
   <div class='ocr_carea' id='block_1_2' title="bbox 1366 364 2794 429">
    <p class='ocr_par' dir='ltr' id='par_1_2' title="bbox 1366 364 2794 429">
     <span class='ocr_line' id='line_1_2' title="bbox 1366 364 2794 429; baseline -0.002 0"><span class='ocrx_word' id='word_1_2' title='bbox 1366 365 1959 429; x_wconf 83' lang='lat' dir='ltr'><strong>THEOPHYLACTI</strong></span> <span class='ocrx_word' id='word_1_3' title='bbox 1986 364 2405 427; x_wconf 73' lang='lat' dir='ltr'><strong>BULGABI/E</strong></span> <span class='ocrx_word' id='word_1_4' title='bbox 2432 364 2794 428; x_wconf 81' lang='lat' dir='ltr'><strong>ARCHIEP.</strong></span> 
     </span>
    </p>
   </div>
   <div class='ocr_carea' id='block_1_3' title="bbox 3601 361 3708 432">
    <p class='ocr_par' dir='ltr' id='par_1_3' title="bbox 3601 361 3708 432">
     <span class='ocr_line' id='line_1_3' title="bbox 3601 361 3708 432; baseline 0.065 -8"><span class='ocrx_word' id='word_1_5' title='bbox 3601 361 3708 432; x_wconf 73' lang='lat'><strong>516</strong></span> 
     </span>
    </p>
   </div>
   <div class='ocr_carea' id='block_1_4' title="bbox 450 470 2028 546">
    <p class='ocr_par' dir='ltr' id='par_1_4' title="bbox 450 476 2027 546">
     <span class='ocr_line' id='line_1_4' title="bbox 450 476 2027 546; baseline -0.011 -1"><span class='ocrx_word' id='word_1_6' title='bbox 450 495 702 545; x_wconf 89' lang='lat' dir='ltr'><strong>mortuos</strong></span> <span class='ocrx_word' id='word_1_7' title='bbox 741 491 796 541; x_wconf 87' lang='lat' dir='ltr'><strong>ct</strong></span> <span class='ocrx_word' id='word_1_8' title='bbox 818 481 1075 538; x_wconf 82' lang='lat' dir='ltr'><strong>viviﬁcat.</strong></span> <span class='ocrx_word' id='word_1_9' title='bbox 1094 477 1251 545; x_wconf 88' lang='lat' dir='ltr'><strong>Quod</strong></span> <span class='ocrx_word' id='word_1_10' title='bbox 1276 476 1341 543; x_wconf 89' lang='lat' dir='ltr'><strong>si,</strong></span> <span class='ocrx_word' id='word_1_11' title='bbox 1377 477 1467 531; x_wconf 77' lang='lat' dir='ltr'><strong>tibi</strong></span> <span class='ocrx_word' id='word_1_12' title='bbox 1500 476 1714 531; x_wconf 86' lang='lat' dir='ltr'><strong>etlicere</strong></span> <span class='ocrx_word' id='word_1_13' title='bbox 1752 490 1874 530; x_wconf 88' lang='lat' dir='ltr'><strong>cunt</strong></span> <span class='ocrx_word' id='word_1_14' title='bbox 1927 490 2027 546; x_wconf 87' lang='lat' dir='ltr'><strong>po-</strong></span> 
     </span>
    </p>
   </div>
   <div class='ocr_carea' id='block_1_5' title="bbox 2131 470 3711 546">
    <p class='ocr_par' dir='ltr' id='par_1_5' title="bbox 2131 470 3711 545">
     <span class='ocr_line' id='line_1_5' title="bbox 2131 470 3711 545; baseline 0.001 -19"><span class='ocrx_word' id='word_1_15' title='bbox 2131 473 2185 526; x_wconf 86' lang='grc' dir='ltr'>δὲ</span> <span class='ocrx_word' id='word_1_16' title='bbox 2219 475 2294 544; x_wconf 77' lang='grc' dir='ltr'>μὴ</span> <span class='ocrx_word' id='word_1_17' title='bbox 2328 472 2464 545; x_wconf 80' lang='grc' dir='ltr'>πρὸς</span> <span class='ocrx_word' id='word_1_18' title='bbox 2505 473 2542 528; x_wconf 78' lang='grc' dir='ltr'>ἃ</span> <span class='ocrx_word' id='word_1_19' title='bbox 2593 475 2890 544; x_wconf 68' lang='grc' dir='ltr'>ἠρώτησαν</span> <span class='ocrx_word' id='word_1_20' title='bbox 2930 471 2980 526; x_wconf 86' lang='grc' dir='ltr'>οῑ</span> <span class='ocrx_word' id='word_1_21' title='bbox 3025 470 3299 544; x_wconf 77' lang='grc' dir='ltr'>μαθηταὶ,</span> <span class='ocrx_word' id='word_1_22' title='bbox 3354 470 3631 545; x_wconf 78' lang='grc' dir='ltr'><strong>ἀπεκρίθη</strong></span> <span class='ocrx_word' id='word_1_23' title='bbox 3680 476 3711 528; x_wconf 82' lang='grc' dir='ltr'>ὁ</span> 
     </span>
    </p>
   </div>
   <div class='ocr_carea' id='block_1_6' title="bbox 440 567 2027 646">
    <p class='ocr_par' dir='ltr' id='par_1_6' title="bbox 440 567 2027 646">
     <span class='ocr_line' id='line_1_6' title="bbox 440 567 2027 646; baseline -0.008 -12"><span class='ocrx_word' id='word_1_24' title='bbox 440 586 643 636; x_wconf 85' lang='lat' dir='ltr'><strong>testate</strong></span> <span class='ocrx_word' id='word_1_25' title='bbox 664 582 879 646; x_wconf 96' lang='lat' dir='ltr'><strong>oportet</strong></span> <span class='ocrx_word' id='word_1_26' title='bbox 904 570 1180 627; x_wconf 85' lang='lat' dir='ltr'><strong>horrenda</strong></span> <span class='ocrx_word' id='word_1_27' title='bbox 1219 578 1380 638; x_wconf 86' lang='lat' dir='ltr'><strong>atque</strong></span> <span class='ocrx_word' id='word_1_28' title='bbox 1420 582 1644 631; x_wconf 83' lang='lat' dir='ltr'><strong>arcana,</strong></span> <span class='ocrx_word' id='word_1_29' title='bbox 1688 568 1832 621; x_wconf 94' lang='lat' dir='ltr'><strong>sicut</strong></span> <span class='ocrx_word' id='word_1_30' title='bbox 1868 567 2027 621; x_wconf 81' lang='lat' dir='ltr'><strong>l’ater</strong></span> 
     </span>
    </p>
   </div>
   <div class='ocr_carea' id='block_1_7' title="bbox 360 655 2025 737">
    <p class='ocr_par' dir='ltr' id='par_1_7' title="bbox 360 655 2025 737">
     <span class='ocr_line' id='line_1_7' title="bbox 360 655 2025 737; baseline -0.009 -12"><span class='ocrx_word' id='word_1_31' title='bbox 360 678 369 683; x_wconf 86' lang='grc'><strong>’</strong></span> <span class='ocrx_word' id='word_1_32' title='bbox 442 679 732 737; x_wconf 81' lang='lat' dir='ltr'><strong>operatur:</strong></span> <span class='ocrx_word' id='word_1_33' title='bbox 753 665 923 719; x_wconf 87' lang='lat' dir='ltr'><strong>tttulto</strong></span> <span class='ocrx_word' id='word_1_34' title='bbox 942 662 1138 729; x_wconf 78' lang='lat' dir='ltr'><strong>magis,</strong></span> <span class='ocrx_word' id='word_1_35' title='bbox 1154 660 1242 713; x_wconf 90' lang='lat' dir='ltr'><strong>ubi</strong></span> <span class='ocrx_word' id='word_1_36' title='bbox 1261 665 1474 728; x_wconf 84' lang='lat' dir='ltr'><strong>Oportet</strong></span> <span class='ocrx_word' id='word_1_37' title='bbox 1494 658 1656 711; x_wconf 88' lang='lat' dir='ltr'><strong>scire.</strong></span> <span class='ocrx_word' id='word_1_38' title='bbox 1678 655 1861 727; x_wconf 74' lang='lat' dir='ltr'><strong>Longe</strong></span> <span class='ocrx_word' id='word_1_39' title='bbox 1879 657 2025 711; x_wconf 86' lang='lat' dir='ltr'><strong>enim</strong></span> 
     </span>
    </p>
   </div>
   <div class='ocr_carea' id='block_1_8' title="bbox 326 749 2026 828">
    <p class='ocr_par' dir='ltr' id='par_1_8' title="bbox 326 749 2026 828">
     <span class='ocr_line' id='line_1_8' title="bbox 326 749 2026 828; baseline -0.009 -13"><span class='ocrx_word' id='word_1_40' title='bbox 326 772 337 781; x_wconf 82' lang='lat'><strong>&#39;</strong></span> <span class='ocrx_word' id='word_1_41' title='bbox 444 759 626 828; x_wconf 77' lang='lat' dir='ltr'><strong>majus</strong></span> <span class='ocrx_word' id='word_1_42' title='bbox 656 766 763 823; x_wconf 89' lang='lat' dir='ltr'><strong>est,</strong></span> <span class='ocrx_word' id='word_1_43' title='bbox 796 764 1041 810; x_wconf 90' lang='lat' dir='ltr'><strong>mortuos</strong></span> <span class='ocrx_word' id='word_1_44' title='bbox 1059 754 1299 808; x_wconf 81' lang='lat' dir='ltr'><strong>excitare</strong></span> <span class='ocrx_word' id='word_1_45' title='bbox 1330 766 1454 804; x_wconf 83' lang='lat' dir='ltr'><strong>cum</strong></span> <span class='ocrx_word' id='word_1_46' title='bbox 1479 749 1581 817; x_wconf 75' lang='lat'><strong>12</strong></span> <span class='ocrx_word' id='word_1_47' title='bbox 1613 749 1726 817; x_wconf 79' lang='lat' dir='ltr'><strong>pari</strong></span> <span class='ocrx_word' id='word_1_48' title='bbox 1753 757 1809 803; x_wconf 87' lang='lat' dir='ltr'><strong>et</strong></span> <span class='ocrx_word' id='word_1_49' title='bbox 1837 749 2026 803; x_wconf 81' lang='lat' dir='ltr'><strong>eadem</strong></span> 
     </span>
    </p>
   </div>
   <div class='ocr_carea' id='block_1_9' title="bbox 446 838 2025 919">
    <p class='ocr_par' dir='ltr' id='par_1_9' title="bbox 446 838 2025 919">
     <span class='ocr_line' id='line_1_9' title="bbox 446 838 2025 919; baseline -0.008 -13"><span class='ocrx_word' id='word_1_50' title='bbox 446 867 572 907; x_wconf 92' lang='lat' dir='ltr'><strong>cum</strong></span> <span class='ocrx_word' id='word_1_51' title='bbox 598 849 761 904; x_wconf 85' lang='lat' dir='ltr'><strong>Patre</strong></span> <span class='ocrx_word' id='word_1_52' title='bbox 799 856 1083 919; x_wconf 72' lang='lat' dir='ltr'><strong>potestate,</strong></span> <span class='ocrx_word' id='word_1_53' title='bbox 1120 858 1283 913; x_wconf 86' lang='lat' dir='ltr'><strong>quam</strong></span> <span class='ocrx_word' id='word_1_54' title='bbox 1315 842 1457 896; x_wconf 91' lang='lat' dir='ltr'><strong>diem</strong></span> <span class='ocrx_word' id='word_1_55' title='bbox 1503 841 1667 896; x_wconf 87' lang='lat' dir='ltr'><strong>scire.</strong></span> <span class='ocrx_word' id='word_1_56' title='bbox 1706 840 1812 895; x_wconf 85' lang='lat' dir='ltr'><strong>Sed</strong></span> <span class='ocrx_word' id='word_1_57' title='bbox 1835 855 1937 894; x_wconf 89' lang='lat' dir='ltr'><strong>cur</strong></span> <span class='ocrx_word' id='word_1_58' title='bbox 1960 838 2025 893; x_wconf 91' lang='lat' dir='ltr'><strong>ad</strong></span> 
     </span>
    </p>
   </div>
   <div class='ocr_carea' id='block_1_10' title="bbox 445 933 2031 1017">
    <p class='ocr_par' dir='ltr' id='par_1_10' title="bbox 445 933 2031 1017">
     <span class='ocr_line' id='line_1_10' title="bbox 445 933 2031 1017; baseline -0.009 -19"><span class='ocrx_word' id='word_1_59' title='bbox 445 960 530 1006; x_wconf 83' lang='lat' dir='ltr'><strong>ea,</strong></span> <span class='ocrx_word' id='word_1_60' title='bbox 548 958 669 1013; x_wconf 67' lang='lat' dir='ltr'><strong>quat</strong></span> <span class='ocrx_word' id='word_1_61' title='bbox 686 940 940 1009; x_wconf 84' lang='lat' dir='ltr'><strong>discipuli</strong></span> <span class='ocrx_word' id='word_1_62' title='bbox 967 935 1395 1005; x_wconf 79' lang='lat' dir='ltr'><strong>interrogabant,</strong></span> <span class='ocrx_word' id='word_1_63' title='bbox 1413 933 1663 1017; x_wconf 79' lang='lat' dir='ltr'><strong>Christus</strong></span> <span class='ocrx_word' id='word_1_64' title='bbox 1676 948 1783 985; x_wconf 76' lang='lat' dir='ltr'><strong>non</strong></span> <span class='ocrx_word' id='word_1_65' title='bbox 1802 947 2031 999; x_wconf 89' lang='lat' dir='ltr'><strong>respon-</strong></span> 
     </span>
    </p>
   </div>
   <div class='ocr_carea' id='block_1_11' title="bbox 443 1022 2031 1097">
    <p class='ocr_par' dir='ltr' id='par_1_11' title="bbox 443 1022 2031 1097">
     <span class='ocr_line' id='line_1_11' title="bbox 443 1022 2031 1097; baseline -0.009 -7"><span class='ocrx_word' id='word_1_66' title='bbox 443 1036 545 1097; x_wconf 89' lang='lat' dir='ltr'><strong>dit,</strong></span> <span class='ocrx_word' id='word_1_67' title='bbox 573 1033 667 1089; x_wconf 85' lang='lat' dir='ltr'><strong>sed</strong></span> <span class='ocrx_word' id='word_1_68' title='bbox 682 1033 849 1086; x_wconf 77' lang='lat' dir='ltr'><strong>dixit:</strong></span> <span class='ocrx_word' id='word_1_69' title='bbox 876 1027 1166 1097; x_wconf 85' lang='lat' dir='ltr'><strong>Accipictis</strong></span> <span class='ocrx_word' id='word_1_70' title='bbox 1179 1026 1430 1079; x_wconf 84' lang='lat' dir='ltr'><strong>virtutem</strong></span> <span class='ocrx_word' id='word_1_71' title='bbox 1454 1024 1476 1076; x_wconf 86' lang='lat'><strong>?</strong></span> <span class='ocrx_word' id='word_1_72' title='bbox 1498 1022 1855 1091; x_wconf 83' lang='lat' dir='ltr'><strong>Rcspondens</strong></span> <span class='ocrx_word' id='word_1_73' title='bbox 1876 1022 2031 1077; x_wconf 79' lang='lat' dir='ltr'><strong>dixe-</strong></span> 
     </span>
    </p>
   </div>
   <div class='ocr_carea' id='block_1_12' title="bbox 445 1109 2031 1179">
    <p class='ocr_par' dir='ltr' id='par_1_12' title="bbox 445 1109 2031 1179">
     <span class='ocr_line' id='line_1_12' title="bbox 445 1109 2031 1179; baseline -0.008 -5"><span class='ocrx_word' id='word_1_74' title='bbox 445 1130 564 1174; x_wconf 91' lang='lat' dir='ltr'><strong>rat:</strong></span> <span class='ocrx_word' id='word_1_75' title='bbox 588 1119 705 1172; x_wconf 83' lang='lat' dir='ltr'><strong>Noti</strong></span> <span class='ocrx_word' id='word_1_76' title='bbox 731 1127 815 1173; x_wconf 85' lang='lat' dir='ltr'><strong>est</strong></span> <span class='ocrx_word' id='word_1_77' title='bbox 846 1124 1086 1170; x_wconf 82' lang='lat' dir='ltr'><strong>vestrum</strong></span> <span class='ocrx_word' id='word_1_78' title='bbox 1114 1114 1276 1178; x_wconf 86' lang='lat' dir='ltr'><strong>scire,</strong></span> <span class='ocrx_word' id='word_1_79' title='bbox 1301 1122 1358 1166; x_wconf 85' lang='lat' dir='ltr'><strong>ot</strong></span> <span class='ocrx_word' id='word_1_80' title='bbox 1406 1120 1537 1165; x_wconf 92' lang='lat' dir='ltr'><strong>tunc</strong></span> <span class='ocrx_word' id='word_1_81' title='bbox 1569 1109 1853 1179; x_wconf 80' lang='lat' dir='ltr'><strong>suhjunxit</strong></span> <span class='ocrx_word' id='word_1_82' title='bbox 1887 1126 1900 1162; x_wconf 91' lang='lat'><strong>:</strong></span> <span class='ocrx_word' id='word_1_83' title='bbox 1934 1109 2031 1163; x_wconf 87' lang='lat' dir='ltr'><strong>sed</strong></span> 
     </span>
    </p>
   </div>
   <div class='ocr_carea' id='block_1_13' title="bbox 454 1202 2028 1279">
    <p class='ocr_par' dir='ltr' id='par_1_13' title="bbox 454 1202 2028 1279">
     <span class='ocr_line' id='line_1_13' title="bbox 454 1202 2028 1279; baseline -0.006 -16"><span class='ocrx_word' id='word_1_84' title='bbox 454 1210 744 1279; x_wconf 83' lang='lat' dir='ltr'><strong>accipietis</strong></span> <span class='ocrx_word' id='word_1_85' title='bbox 792 1208 1069 1262; x_wconf 87' lang='lat' dir='ltr'><strong>virtutem.</strong></span> <span class='ocrx_word' id='word_1_86' title='bbox 1120 1205 1335 1259; x_wconf 84' lang='lat' dir='ltr'><strong>Etenim</strong></span> <span class='ocrx_word' id='word_1_87' title='bbox 1382 1205 1497 1257; x_wconf 67' lang='lat' dir='ltr'><strong>haec</strong></span> <span class='ocrx_word' id='word_1_88' title='bbox 1537 1202 1705 1256; x_wconf 88' lang='lat' dir='ltr'><strong>dictio</strong></span> <span class='ocrx_word' id='word_1_89' title='bbox 1744 1216 2028 1256; x_wconf 89' lang='lat' dir='ltr'><strong>accessum</strong></span> 
     </span>
    </p>
   </div>
   <div class='ocr_carea' id='block_1_14' title="bbox 449 1293 2029 1370">
    <p class='ocr_par' dir='ltr' id='par_1_14' title="bbox 449 1293 2029 1370">
     <span class='ocr_line' id='line_1_14' title="bbox 449 1293 2029 1370; baseline -0.006 -14"><span class='ocrx_word' id='word_1_90' title='bbox 449 1302 768 1370; x_wconf 80' lang='lat' dir='ltr'><strong>quemdam,</strong></span> <span class='ocrx_word' id='word_1_91' title='bbox 817 1309 891 1361; x_wconf 90' lang='lat' dir='ltr'><strong>et,</strong></span> <span class='ocrx_word' id='word_1_92' title='bbox 929 1308 985 1350; x_wconf 91' lang='lat' dir='ltr'><strong>ttt</strong></span> <span class='ocrx_word' id='word_1_93' title='bbox 1024 1298 1099 1351; x_wconf 89' lang='lat' dir='ltr'><strong>ita</strong></span> <span class='ocrx_word' id='word_1_94' title='bbox 1148 1295 1350 1360; x_wconf 88' lang='lat' dir='ltr'><strong>dicam,</strong></span> <span class='ocrx_word' id='word_1_95' title='bbox 1411 1294 1738 1349; x_wconf 86' lang='lat' dir='ltr'><strong>allluentiatn</strong></span> <span class='ocrx_word' id='word_1_96' title='bbox 1789 1293 2029 1362; x_wconf 79' lang='lat' dir='ltr'><strong>Spiritus</strong></span> 
     </span>
    </p>
   </div>
   <div class='ocr_carea' id='block_1_15' title="bbox 443 1384 2027 1463">
    <p class='ocr_par' dir='ltr' id='par_1_15' title="bbox 443 1384 2027 1463">
     <span class='ocr_line' id='line_1_15' title="bbox 443 1384 2027 1463; baseline -0.006 -16"><span class='ocrx_word' id='word_1_97' title='bbox 443 1392 740 1463; x_wconf 81' lang='lat' dir='ltr'><strong>signiﬁcat.</strong></span> <span class='ocrx_word' id='word_1_98' title='bbox 776 1390 1075 1445; x_wconf 82' lang='lat' dir='ltr'><strong>Dicendum</strong></span> <span class='ocrx_word' id='word_1_99' title='bbox 1106 1387 1273 1457; x_wconf 73' lang='lat' dir='ltr'><strong>igitur</strong></span> <span class='ocrx_word' id='word_1_100' title='bbox 1299 1386 1369 1441; x_wconf 89' lang='lat' dir='ltr'><strong>de</strong></span> <span class='ocrx_word' id='word_1_101' title='bbox 1409 1393 1556 1441; x_wconf 89' lang='lat' dir='ltr'><strong>secta</strong></span> <span class='ocrx_word' id='word_1_102' title='bbox 1606 1385 1901 1455; x_wconf 80' lang='lat' dir='ltr'><strong>Phrygum,</strong></span> <span class='ocrx_word' id='word_1_103' title='bbox 1935 1384 2027 1453; x_wconf 88' lang='lat' dir='ltr'><strong>qui</strong></span> 
     </span>
    </p>
   </div>
   <div class='ocr_carea' id='block_1_16' title="bbox 453 1474 2031 1550">
    <p class='ocr_par' dir='ltr' id='par_1_16' title="bbox 453 1474 2031 1550">
     <span class='ocr_line' id='line_1_16' title="bbox 453 1474 2031 1550; baseline -0.004 -15"><span class='ocrx_word' id='word_1_104' title='bbox 453 1490 644 1549; x_wconf 86' lang='lat' dir='ltr'><strong>putant</strong></span> <span class='ocrx_word' id='word_1_105' title='bbox 675 1487 797 1550; x_wconf 89' lang='lat' dir='ltr'><strong>post</strong></span> <span class='ocrx_word' id='word_1_106' title='bbox 846 1479 1114 1534; x_wconf 89' lang='lat' dir='ltr'><strong>ducentos</strong></span> <span class='ocrx_word' id='word_1_107' title='bbox 1151 1476 1265 1531; x_wconf 81' lang='lat' dir='ltr'><strong>fere</strong></span> <span class='ocrx_word' id='word_1_108' title='bbox 1320 1490 1494 1530; x_wconf 88' lang='lat' dir='ltr'><strong>annos</strong></span> <span class='ocrx_word' id='word_1_109' title='bbox 1549 1474 1618 1527; x_wconf 89' lang='lat' dir='ltr'><strong>ab</strong></span> <span class='ocrx_word' id='word_1_110' title='bbox 1652 1474 2031 1543; x_wconf 83' lang='lat' dir='ltr'><strong>assumptione</strong></span> 
     </span>
    </p>
   </div>
   <div class='ocr_carea' id='block_1_17' title="bbox 440 1566 2030 1636">
    <p class='ocr_par' dir='ltr' id='par_1_17' title="bbox 440 1566 2030 1636">
     <span class='ocr_line' id='line_1_17' title="bbox 440 1566 2030 1636; baseline -0.003 -12"><span class='ocrx_word' id='word_1_111' title='bbox 440 1570 647 1626; x_wconf 78' lang='lat' dir='ltr'><strong>Christi</strong></span> <span class='ocrx_word' id='word_1_112' title='bbox 674 1569 1015 1625; x_wconf 89' lang='lat' dir='ltr'><strong>Paracletum</strong></span> <span class='ocrx_word' id='word_1_113' title='bbox 1042 1568 1268 1624; x_wconf 91' lang='lat' dir='ltr'><strong>missum</strong></span> <span class='ocrx_word' id='word_1_114' title='bbox 1302 1567 1504 1623; x_wconf 91' lang='lat' dir='ltr'><strong>essein</strong></span> <span class='ocrx_word' id='word_1_115' title='bbox 1551 1566 1834 1631; x_wconf 86' lang='lat' dir='ltr'><strong>mulieres,</strong></span> <span class='ocrx_word' id='word_1_116' title='bbox 1889 1582 2030 1636; x_wconf 88' lang='lat' dir='ltr'><strong>quas</strong></span> 
     </span>
    </p>
   </div>
   <div class='ocr_carea' id='block_1_18' title="bbox 446 1656 2027 1732">
    <p class='ocr_par' dir='ltr' id='par_1_18' title="bbox 446 1656 2027 1732">
     <span class='ocr_line' id='line_1_18' title="bbox 446 1656 2027 1732; baseline -0.003 -15"><span class='ocrx_word' id='word_1_117' title='bbox 446 1671 643 1732; x_wconf 85' lang='lat' dir='ltr'><strong>putant</strong></span> <span class='ocrx_word' id='word_1_118' title='bbox 666 1677 791 1718; x_wconf 89' lang='lat' dir='ltr'><strong>esse</strong></span> <span class='ocrx_word' id='word_1_119' title='bbox 818 1662 1218 1732; x_wconf 85' lang='lat' dir='ltr'><strong>pr0phetissas,</strong></span> <span class='ocrx_word' id='word_1_120' title='bbox 1240 1659 1545 1714; x_wconf 85' lang='lat' dir='ltr'><strong>Priscillam</strong></span> <span class='ocrx_word' id='word_1_121' title='bbox 1570 1666 1625 1712; x_wconf 87' lang='lat' dir='ltr'><strong>et</strong></span> <span class='ocrx_word' id='word_1_122' title='bbox 1651 1656 2027 1723; x_wconf 77' lang='lat' dir='ltr'><strong>Maximillam,</strong></span> 
     </span>
    </p>
   </div>
   <div class='ocr_carea' id='block_1_19' title="bbox 440 1746 2028 1822">
    <p class='ocr_par' dir='ltr' id='par_1_19' title="bbox 440 1746 2028 1822">
     <span class='ocr_line' id='line_1_19' title="bbox 440 1746 2028 1822; baseline -0.001 -16"><span class='ocrx_word' id='word_1_123' title='bbox 440 1762 496 1806; x_wconf 88' lang='lat' dir='ltr'><strong>et</strong></span> <span class='ocrx_word' id='word_1_124' title='bbox 538 1753 590 1806; x_wconf 89' lang='lat' dir='ltr'><strong>in</strong></span> <span class='ocrx_word' id='word_1_125' title='bbox 634 1767 783 1817; x_wconf 87' lang='lat' dir='ltr'><strong>eum,</strong></span> <span class='ocrx_word' id='word_1_126' title='bbox 833 1751 929 1822; x_wconf 88' lang='lat' dir='ltr'><strong>qui</strong></span> <span class='ocrx_word' id='word_1_127' title='bbox 969 1750 1161 1804; x_wconf 79' lang='lat' dir='ltr'><strong>eodem</strong></span> <span class='ocrx_word' id='word_1_128' title='bbox 1193 1764 1317 1805; x_wconf 90' lang='lat' dir='ltr'><strong>cum</strong></span> <span class='ocrx_word' id='word_1_129' title='bbox 1355 1749 1462 1804; x_wconf 88' lang='lat' dir='ltr'><strong>illis</strong></span> <span class='ocrx_word' id='word_1_130' title='bbox 1511 1746 1697 1803; x_wconf 81' lang='lat' dir='ltr'><strong>furore</strong></span> <span class='ocrx_word' id='word_1_131' title='bbox 1743 1756 2028 1818; x_wconf 82' lang='lat' dir='ltr'><strong>correptus</strong></span> 
     </span>
    </p>
   </div>
   <div class='ocr_carea' id='block_1_20' title="bbox 2130 564 3715 638">
    <p class='ocr_par' dir='ltr' id='par_1_20' title="bbox 2130 564 3715 638">
     <span class='ocr_line' id='line_1_20' title="bbox 2130 564 3715 638; baseline -0.001 -18"><span class='ocrx_word' id='word_1_132' title='bbox 2130 567 2385 638; x_wconf 82' lang='grc' dir='ltr'>Χριστὸς,</span> <span class='ocrx_word' id='word_1_133' title='bbox 2447 566 2565 621; x_wconf 82' lang='grc' dir='ltr'>ἀλλ’</span> <span class='ocrx_word' id='word_1_134' title='bbox 2603 567 2706 637; x_wconf 80' lang='grc' dir='ltr'><strong>ἐφη</strong></span> <span class='ocrx_word' id='word_1_135' title='bbox 2735 607 2751 632; x_wconf 93' lang='grc'><strong>,</strong></span> <span class='ocrx_word' id='word_1_136' title='bbox 2803 567 2909 635; x_wconf 84' lang='grc' dir='ltr'>ὅτι,</span> <span class='ocrx_word' id='word_1_137' title='bbox 2940 565 3194 637; x_wconf 78' lang='grc' dir='ltr'>Δήψεσθε</span> <span class='ocrx_word' id='word_1_138' title='bbox 3237 564 3503 637; x_wconf 75' lang='grc' dir='ltr'>δύναμινς</span> <span class='ocrx_word' id='word_1_139' title='bbox 3549 568 3715 619; x_wconf 83' lang='grc' dir='ltr'>Ἀπε-</span> 
     </span>
    </p>
   </div>
   <div class='ocr_carea' id='block_1_21' title="bbox 2130 656 3714 727">
    <p class='ocr_par' dir='ltr' id='par_1_21' title="bbox 2130 656 3714 727">
     <span class='ocr_line' id='line_1_21' title="bbox 2130 656 3714 727; baseline 0.001 -19"><span class='ocrx_word' id='word_1_140' title='bbox 2130 656 2294 727; x_wconf 84' lang='grc' dir='ltr'>κρίθη</span> <span class='ocrx_word' id='word_1_141' title='bbox 2319 657 2523 711; x_wconf 78' lang='grc' dir='ltr'>εἱπών’</span> <span class='ocrx_word' id='word_1_142' title='bbox 2561 657 2674 726; x_wconf 75' lang='grc' dir='ltr'><strong>Οὐχ</strong></span> <span class='ocrx_word' id='word_1_143' title='bbox 2701 656 2854 724; x_wconf 83' lang='grc' dir='ltr'>ὑμῶν</span> <span class='ocrx_word' id='word_1_144' title='bbox 2885 658 3001 708; x_wconf 86' lang='grc' dir='ltr'>ἐστι</span> <span class='ocrx_word' id='word_1_145' title='bbox 3036 656 3260 723; x_wconf 68' lang='grc' dir='ltr'>γνῶναν</span> <span class='ocrx_word' id='word_1_146' title='bbox 3297 656 3390 710; x_wconf 77' lang='grc' dir='ltr'>καὶ</span> <span class='ocrx_word' id='word_1_147' title='bbox 3422 658 3541 709; x_wconf 83' lang='grc' dir='ltr'>τότε</span> <span class='ocrx_word' id='word_1_148' title='bbox 3572 657 3714 726; x_wconf 79' lang='grc' dir='ltr'>ἐπήο</span> 
     </span>
    </p>
   </div>
   <div class='ocr_carea' id='block_1_22' title="bbox 2132 743 3714 815">
    <p class='ocr_par' dir='ltr' id='par_1_22' title="bbox 2132 743 3714 815">
     <span class='ocr_line' id='line_1_22' title="bbox 2132 743 3714 815; baseline -0.001 -16"><span class='ocrx_word' id='word_1_149' title='bbox 2132 762 2328 814; x_wconf 84' lang='grc' dir='ltr'>γαγεν,</span> <span class='ocrx_word' id='word_1_150' title='bbox 2394 745 2553 813; x_wconf 85' lang='grc' dir='ltr'>ἀλλὰ,</span> <span class='ocrx_word' id='word_1_151' title='bbox 2605 744 2855 815; x_wconf 68' lang='grc' dir='ltr'>Λήψεσθε</span> <span class='ocrx_word' id='word_1_152' title='bbox 2910 743 3157 813; x_wconf 85' lang='grc' dir='ltr'>δύναμιν.</span> <span class='ocrx_word' id='word_1_153' title='bbox 3213 744 3321 796; x_wconf 78' lang='grc' dir='ltr'><strong>Καὶ</strong></span> <span class='ocrx_word' id='word_1_154' title='bbox 3349 744 3488 815; x_wconf 79' lang='grc' dir='ltr'>αὕτη</span> <span class='ocrx_word' id='word_1_155' title='bbox 3523 746 3630 814; x_wconf 81' lang='grc' dir='ltr'>γὰρ</span> <span class='ocrx_word' id='word_1_156' title='bbox 3680 748 3714 813; x_wconf 85' lang='grc' dir='ltr'>ὴ</span> 
     </span>
    </p>
   </div>
   <div class='ocr_carea' id='block_1_23' title="bbox 2130 833 3712 907">
    <p class='ocr_par' dir='ltr' id='par_1_23' title="bbox 2130 833 3712 907">
     <span class='ocr_line' id='line_1_23' title="bbox 2130 833 3712 907; baseline -0.001 -19"><span class='ocrx_word' id='word_1_157' title='bbox 2130 835 2276 900; x_wconf 81' lang='grc' dir='ltr'>λέξις</span> <span class='ocrx_word' id='word_1_158' title='bbox 2306 836 2591 889; x_wconf 82' lang='grc' dir='ltr'>ἐπέλευσίν</span> <span class='ocrx_word' id='word_1_159' title='bbox 2621 853 2764 900; x_wconf 87' lang='grc' dir='ltr'>τινα,</span> <span class='ocrx_word' id='word_1_160' title='bbox 2797 834 2895 887; x_wconf 72' lang='grc' dir='ltr'>καὶ</span> <span class='ocrx_word' id='word_1_161' title='bbox 2924 834 2991 887; x_wconf 80' lang='grc' dir='ltr'><strong>ἵν’</strong></span> <span class='ocrx_word' id='word_1_162' title='bbox 3019 833 3192 891; x_wconf 74' lang='grc' dir='ltr'>οὕτως</span> <span class='ocrx_word' id='word_1_163' title='bbox 3226 835 3386 893; x_wconf 80' lang='grc' dir='ltr'>εἴπω.</span> <span class='ocrx_word' id='word_1_164' title='bbox 3421 835 3712 907; x_wconf 78' lang='grc' dir='ltr'>ἐπίρροιαν</span> 
     </span>
    </p>
   </div>
   <div class='ocr_carea' id='block_1_24' title="bbox 2130 922 3717 999">
    <p class='ocr_par' dir='ltr' id='par_1_24' title="bbox 2130 922 3717 999">
     <span class='ocr_line' id='line_1_24' title="bbox 2130 922 3717 999; baseline -0.001 -20"><span class='ocrx_word' id='word_1_165' title='bbox 2130 927 2223 979; x_wconf 81' lang='grc' dir='ltr'><strong>τοῦ</strong></span> <span class='ocrx_word' id='word_1_166' title='bbox 2261 927 2576 996; x_wconf 83' lang='grc' dir='ltr'>Πνεύματος</span> <span class='ocrx_word' id='word_1_167' title='bbox 2614 926 2784 994; x_wconf 83' lang='grc' dir='ltr'>δηλοῖ.</span> <span class='ocrx_word' id='word_1_168' title='bbox 2817 927 3053 979; x_wconf 85' lang='grc' dir='ltr'><strong>Λεκτέον</strong></span> <span class='ocrx_word' id='word_1_169' title='bbox 3091 922 3185 979; x_wconf 82' lang='grc' dir='ltr'>οὗν</span> <span class='ocrx_word' id='word_1_170' title='bbox 3220 926 3328 978; x_wconf 86' lang='grc' dir='ltr'><strong>τῶν</strong></span> <span class='ocrx_word' id='word_1_171' title='bbox 3356 927 3585 997; x_wconf 80' lang='grc' dir='ltr'>Φρυγῶν</span> <span class='ocrx_word' id='word_1_172' title='bbox 3614 929 3717 999; x_wconf 85' lang='grc' dir='ltr'>τὴν</span> 
     </span>
    </p>
   </div>
   <div class='ocr_carea' id='block_1_25' title="bbox 2140 1017 3720 1087">
    <p class='ocr_par' dir='ltr' id='par_1_25' title="bbox 2140 1017 3720 1087">
     <span class='ocr_line' id='line_1_25' title="bbox 2140 1017 3720 1087; baseline 0.001 -16"><span class='ocrx_word' id='word_1_173' title='bbox 2140 1020 2358 1087; x_wconf 83' lang='grc' dir='ltr'>αἰρεσιν</span> <span class='ocrx_word' id='word_1_174' title='bbox 2391 1020 2656 1087; x_wconf 79' lang='grc' dir='ltr'><strong>οἰομένων</strong></span> <span class='ocrx_word' id='word_1_175' title='bbox 2710 1034 2813 1070; x_wconf 86' lang='grc' dir='ltr'><strong>που</strong></span> <span class='ocrx_word' id='word_1_176' title='bbox 2852 1019 2989 1087; x_wconf 73' lang='grc' dir='ltr'>μετὰ</span> <span class='ocrx_word' id='word_1_177' title='bbox 3039 1017 3290 1070; x_wconf 83' lang='grc' dir='ltr'><strong>διακόσια</strong></span> <span class='ocrx_word' id='word_1_178' title='bbox 3320 1017 3415 1087; x_wconf 82' lang='grc' dir='ltr'>ἔτη</span> <span class='ocrx_word' id='word_1_179' title='bbox 3452 1018 3551 1084; x_wconf 84' lang='grc' dir='ltr'>τῆς</span> <span class='ocrx_word' id='word_1_180' title='bbox 3584 1020 3720 1072; x_wconf 84' lang='grc' dir='ltr'>ἀνα-</span> 
     </span>
    </p>
   </div>
   <div class='ocr_carea' id='block_1_26' title="bbox 2134 1109 3719 1181">
    <p class='ocr_par' dir='ltr' id='par_1_26' title="bbox 2134 1109 3719 1181">
     <span class='ocr_line' id='line_1_26' title="bbox 2134 1109 3719 1181; baseline -0.001 -19"><span class='ocrx_word' id='word_1_181' title='bbox 2134 1111 2351 1181; x_wconf 74' lang='grc' dir='ltr'>λήψεως</span> <span class='ocrx_word' id='word_1_182' title='bbox 2379 1110 2474 1164; x_wconf 86' lang='grc' dir='ltr'><strong>τοῦ</strong></span> <span class='ocrx_word' id='word_1_183' title='bbox 2507 1109 2752 1181; x_wconf 80' lang='grc' dir='ltr'><strong>Χριστοῦ</strong></span> <span class='ocrx_word' id='word_1_184' title='bbox 2796 1109 3116 1180; x_wconf 74' lang='grc' dir='ltr'>πεπέμφθαι</span> <span class='ocrx_word' id='word_1_185' title='bbox 3147 1109 3237 1162; x_wconf 80' lang='grc' dir='ltr'>τὸν</span> <span class='ocrx_word' id='word_1_186' title='bbox 3275 1109 3626 1180; x_wconf 77' lang='grc' dir='ltr'>Παράκλητον</span> <span class='ocrx_word' id='word_1_187' title='bbox 3656 1112 3719 1161; x_wconf 81' lang='grc' dir='ltr'><strong>ἐν</strong></span> 
     </span>
    </p>
   </div>
   <div class='ocr_carea' id='block_1_27' title="bbox 2136 1199 3717 1271">
    <p class='ocr_par' dir='ltr' id='par_1_27' title="bbox 2136 1199 3717 1271">
     <span class='ocr_line' id='line_1_27' title="bbox 2136 1199 3717 1271; baseline 0.001 -20"><span class='ocrx_word' id='word_1_188' title='bbox 2136 1210 2258 1263; x_wconf 73' lang='grc' dir='ltr'>ταῖς</span> <span class='ocrx_word' id='word_1_189' title='bbox 2298 1201 2567 1268; x_wconf 74' lang='grc' dir='ltr'>γυναιξὶν,</span> <span class='ocrx_word' id='word_1_190' title='bbox 2620 1201 2684 1263; x_wconf 78' lang='grc' dir='ltr'>ἃς</span> <span class='ocrx_word' id='word_1_191' title='bbox 2718 1202 2921 1254; x_wconf 72' lang='grc' dir='ltr'>οἴονται</span> <span class='ocrx_word' id='word_1_192' title='bbox 2971 1202 3313 1271; x_wconf 79' lang='grc' dir='ltr'>προφήτιδας</span> <span class='ocrx_word' id='word_1_193' title='bbox 3365 1199 3537 1267; x_wconf 77' lang='grc' dir='ltr'>εἶναι,</span> <span class='ocrx_word' id='word_1_194' title='bbox 3574 1203 3717 1270; x_wconf 83' lang='grc' dir='ltr'>Πρι-</span> 
     </span>
    </p>
   </div>
   <div class='ocr_carea' id='block_1_28' title="bbox 2138 1291 3718 1365">
    <p class='ocr_par' dir='ltr' id='par_1_28' title="bbox 2138 1291 3718 1365">
     <span class='ocr_line' id='line_1_28' title="bbox 2138 1291 3718 1365; baseline 0 -21"><span class='ocrx_word' id='word_1_195' title='bbox 2138 1291 2329 1362; x_wconf 80' lang='grc' dir='ltr'>σκίλλῃ</span> <span class='ocrx_word' id='word_1_196' title='bbox 2357 1294 2450 1345; x_wconf 81' lang='grc' dir='ltr'>καὶ</span> <span class='ocrx_word' id='word_1_197' title='bbox 2482 1292 2816 1365; x_wconf 77' lang='grc' dir='ltr'>Μαξιμίλλη,</span> <span class='ocrx_word' id='word_1_198' title='bbox 2845 1292 2939 1345; x_wconf 69' lang='grc' dir='ltr'>καὶ</span> <span class='ocrx_word' id='word_1_199' title='bbox 2963 1295 3019 1345; x_wconf 85' lang='grc' dir='ltr'><strong>ἐν</strong></span> <span class='ocrx_word' id='word_1_200' title='bbox 3048 1292 3125 1363; x_wconf 84' lang='grc' dir='ltr'>τῷ</span> <span class='ocrx_word' id='word_1_201' title='bbox 3159 1291 3498 1361; x_wconf 83' lang='grc' dir='ltr'>συμμανέντι</span> <span class='ocrx_word' id='word_1_202' title='bbox 3521 1293 3718 1355; x_wconf 80' lang='grc' dir='ltr'>αὑταῖς</span> 
     </span>
    </p>
   </div>
   <div class='ocr_carea' id='block_1_29' title="bbox 2133 1381 3713 1453">
    <p class='ocr_par' dir='ltr' id='par_1_29' title="bbox 2133 1381 3713 1453">
     <span class='ocr_line' id='line_1_29' title="bbox 2133 1381 3713 1453; baseline -0.002 -18"><span class='ocrx_word' id='word_1_203' title='bbox 2133 1381 2445 1452; x_wconf 81' lang='grc' dir='ltr'>Μοντανῴ·</span> <span class='ocrx_word' id='word_1_204' title='bbox 2508 1383 2627 1434; x_wconf 70' lang='grc' dir='ltr'>τότε</span> <span class='ocrx_word' id='word_1_205' title='bbox 2682 1384 2789 1453; x_wconf 70' lang='grc' dir='ltr'>γὰρ</span> <span class='ocrx_word' id='word_1_206' title='bbox 2852 1382 3075 1449; x_wconf 67' lang='grc' dir='ltr'>λέγουσι</span> <span class='ocrx_word' id='word_1_207' title='bbox 3139 1382 3534 1452; x_wconf 77' lang='grc' dir='ltr'><strong>πεπληρῶσθαι</strong></span> <span class='ocrx_word' id='word_1_208' title='bbox 3586 1383 3713 1453; x_wconf 84' lang='grc' dir='ltr'>τὴν,</span> 
     </span>
    </p>
   </div>
   <div class='ocr_carea' id='block_1_30' title="bbox 2133 1472 3717 1544">
    <p class='ocr_par' dir='ltr' id='par_1_30' title="bbox 2133 1472 3717 1544">
     <span class='ocr_line' id='line_1_30' title="bbox 2133 1472 3717 1544; baseline 0.001 -20"><span class='ocrx_word' id='word_1_209' title='bbox 2133 1472 2346 1543; x_wconf 75' lang='grc' dir='ltr'>Πέμψω</span> <span class='ocrx_word' id='word_1_210' title='bbox 2380 1474 2517 1543; x_wconf 86' lang='grc' dir='ltr'>ήμῖν</span> <span class='ocrx_word' id='word_1_211' title='bbox 2550 1473 2642 1526; x_wconf 75' lang='grc' dir='ltr'>τὸν</span> <span class='ocrx_word' id='word_1_212' title='bbox 2683 1473 3062 1544; x_wconf 81' lang='grc' dir='ltr'>Παράκλητον,</span> <span class='ocrx_word' id='word_1_213' title='bbox 3101 1474 3461 1541; x_wconf 74' lang='grc' dir='ltr'><strong>ἐπαγγελίαν.</strong></span> <span class='ocrx_word' id='word_1_214' title='bbox 3506 1473 3606 1525; x_wconf 75' lang='grc' dir='ltr'><strong>Διὰ</strong></span> <span class='ocrx_word' id='word_1_215' title='bbox 3658 1474 3717 1525; x_wconf 83' lang='grc' dir='ltr'><strong>τί</strong></span> 
     </span>
    </p>
   </div>
   <div class='ocr_carea' id='block_1_31' title="bbox 2131 1562 3713 1635">
    <p class='ocr_par' dir='ltr' id='par_1_31' title="bbox 2131 1562 3713 1635">
     <span class='ocr_line' id='line_1_31' title="bbox 2131 1562 3713 1635; baseline -0.001 -19"><span class='ocrx_word' id='word_1_216' title='bbox 2131 1563 2210 1630; x_wconf 84' lang='grc' dir='ltr'>δὲ,</span> <span class='ocrx_word' id='word_1_217' title='bbox 2239 1563 2266 1616; x_wconf 85' lang='grc' dir='ltr'><strong>ὃ</strong></span> <span class='ocrx_word' id='word_1_218' title='bbox 2292 1564 2394 1617; x_wconf 88' lang='grc' dir='ltr'>οὐκ</span> <span class='ocrx_word' id='word_1_219' title='bbox 2414 1563 3002 1635; x_wconf 75' lang='grc' dir='ltr'>ήρὼτησαν,διδάσκει,</span> <span class='ocrx_word' id='word_1_220' title='bbox 3034 1564 3139 1624; x_wconf 84' lang='grc' dir='ltr'>ὅτι,</span> <span class='ocrx_word' id='word_1_221' title='bbox 3166 1563 3420 1633; x_wconf 79' lang='grc' dir='ltr'>Λήψεσθε</span> <span class='ocrx_word' id='word_1_222' title='bbox 3449 1562 3713 1632; x_wconf 75' lang='grc' dir='ltr'>δύναμινς</span> 
     </span>
    </p>
   </div>
   <div class='ocr_carea' id='block_1_32' title="bbox 2132 1655 3714 1727">
    <p class='ocr_par' dir='ltr' id='par_1_32' title="bbox 2132 1655 3714 1727">
     <span class='ocr_line' id='line_1_32' title="bbox 2132 1655 3714 1727; baseline 0 -19"><span class='ocrx_word' id='word_1_223' title='bbox 2132 1655 2214 1709; x_wconf 83' lang='grc' dir='ltr'>ὅτι</span> <span class='ocrx_word' id='word_1_224' title='bbox 2245 1655 2568 1719; x_wconf 88' lang='grc' dir='ltr'>διδάσκαλός</span> <span class='ocrx_word' id='word_1_225' title='bbox 2611 1657 2783 1718; x_wconf 85' lang='grc' dir='ltr'>ἐστιν,</span> <span class='ocrx_word' id='word_1_226' title='bbox 2817 1658 2844 1709; x_wconf 86' lang='grc' dir='ltr'>ὁ</span> <span class='ocrx_word' id='word_1_227' title='bbox 2881 1656 2978 1726; x_wconf 82' lang='grc' dir='ltr'>μὴ,</span> <span class='ocrx_word' id='word_1_228' title='bbox 3029 1656 3065 1711; x_wconf 81' lang='grc' dir='ltr'><strong>ὃ.</strong></span> <span class='ocrx_word' id='word_1_229' title='bbox 3097 1657 3349 1726; x_wconf 79' lang='grc' dir='ltr'>βούλεται</span> <span class='ocrx_word' id='word_1_230' title='bbox 3377 1655 3405 1707; x_wconf 87' lang='grc' dir='ltr'><strong>ὁ</strong></span> <span class='ocrx_word' id='word_1_231' title='bbox 3443 1655 3714 1727; x_wconf 79' lang='grc' dir='ltr'>μαθητὴς,</span> 
     </span>
    </p>
   </div>
   <div class='ocr_carea' id='block_1_33' title="bbox 2132 1748 3151 1820">
    <p class='ocr_par' dir='ltr' id='par_1_33' title="bbox 2132 1748 3151 1820">
     <span class='ocr_line' id='line_1_33' title="bbox 2132 1748 3151 1820; baseline 0.003 -17"><span class='ocrx_word' id='word_1_232' title='bbox 2132 1748 2269 1803; x_wconf 81' lang='grc' dir='ltr'>ἀλλὰ</span> <span class='ocrx_word' id='word_1_233' title='bbox 2310 1748 2581 1819; x_wconf 82' lang='grc' dir='ltr'>συμφέρει</span> <span class='ocrx_word' id='word_1_234' title='bbox 2614 1749 2829 1820; x_wconf 83' lang='grc' dir='ltr'><strong>μαθεῖν,</strong></span> <span class='ocrx_word' id='word_1_235' title='bbox 2861 1750 3151 1807; x_wconf 77' lang='grc' dir='ltr'>διδάσκων.</span> 
     </span>
    </p>
   </div>
   <div class='ocr_carea' id='block_1_34' title="bbox 442 1839 3713 1913">
    <p class='ocr_par' dir='ltr' id='par_1_34' title="bbox 442 1839 3713 1913">
     <span class='ocr_line' id='line_1_34' title="bbox 442 1839 3713 1913; baseline -0.001 -15"><span class='ocrx_word' id='word_1_236' title='bbox 442 1845 579 1911; x_wconf 83' lang='lat' dir='ltr'><strong>fuit,</strong></span> <span class='ocrx_word' id='word_1_237' title='bbox 621 1843 963 1899; x_wconf 79' lang='lat' dir='ltr'><strong>Montanum.</strong></span> <span class='ocrx_word' id='word_1_238' title='bbox 1000 1841 1158 1897; x_wconf 87' lang='lat' dir='ltr'><strong>Tunc</strong></span> <span class='ocrx_word' id='word_1_239' title='bbox 1203 1841 1348 1897; x_wconf 91' lang='lat' dir='ltr'><strong>enim</strong></span> <span class='ocrx_word' id='word_1_240' title='bbox 1391 1841 1541 1895; x_wconf 84' lang='lat' dir='ltr'><strong>aiunt</strong></span> <span class='ocrx_word' id='word_1_241' title='bbox 1575 1842 1878 1911; x_wconf 66' lang='lat' dir='ltr'><strong>praestitum</strong></span> <span class='ocrx_word' id='word_1_242' title='bbox 1909 1857 2030 1898; x_wconf 88' lang='lat' dir='ltr'><strong>esse</strong></span> <span class='ocrx_word' id='word_1_243' title='bbox 2064 1841 2199 1897; x_wconf 91' lang='lat' dir='ltr'><strong>illud</strong></span> <span class='ocrx_word' id='word_1_244' title='bbox 2272 1843 2608 1913; x_wconf 89' lang='lat' dir='ltr'><strong>promissum</strong></span> <span class='ocrx_word' id='word_1_245' title='bbox 2646 1862 2660 1899; x_wconf 90' lang='lat'><strong>:</strong></span> <span class='ocrx_word' id='word_1_246' title='bbox 2726 1844 2934 1899; x_wconf 77' lang='lat' dir='ltr'><strong>Mittunt</strong></span> <span class='ocrx_word' id='word_1_247' title='bbox 2990 1845 3141 1899; x_wconf 83' lang='lat' dir='ltr'><strong>vobis</strong></span> <span class='ocrx_word' id='word_1_248' title='bbox 3188 1842 3550 1898; x_wconf 89' lang='lat' dir='ltr'><strong>Paraclctum.</strong></span> <span class='ocrx_word' id='word_1_249' title='bbox 3603 1839 3713 1897; x_wconf 86' lang='lat' dir='ltr'><strong>Sed</strong></span> 
     </span>
    </p>
   </div>
   <div class='ocr_carea' id='block_1_35' title="bbox 439 1935 3713 2010">
    <p class='ocr_par' dir='ltr' id='par_1_35' title="bbox 439 1935 3713 2010">
     <span class='ocr_line' id='line_1_35' title="bbox 439 1935 3713 2010; baseline -0.001 -18"><span class='ocrx_word' id='word_1_250' title='bbox 439 1953 538 1994; x_wconf 93' lang='lat' dir='ltr'><strong>cur</strong></span> <span class='ocrx_word' id='word_1_251' title='bbox 563 1937 639 2005; x_wconf 91' lang='lat' dir='ltr'><strong>id,</strong></span> <span class='ocrx_word' id='word_1_252' title='bbox 674 1937 818 2006; x_wconf 92' lang='lat' dir='ltr'><strong>quod</strong></span> <span class='ocrx_word' id='word_1_253' title='bbox 844 1937 1110 1993; x_wconf 86' lang='lat' dir='ltr'><strong>sciscitati</strong></span> <span class='ocrx_word' id='word_1_254' title='bbox 1135 1951 1243 1990; x_wconf 91' lang='lat' dir='ltr'><strong>non</strong></span> <span class='ocrx_word' id='word_1_255' title='bbox 1278 1944 1458 2000; x_wconf 89' lang='lat' dir='ltr'><strong>erant,</strong></span> <span class='ocrx_word' id='word_1_256' title='bbox 1521 1935 1703 2003; x_wconf 89' lang='lat' dir='ltr'><strong>docet,</strong></span> <span class='ocrx_word' id='word_1_257' title='bbox 1736 1938 1990 1993; x_wconf 80' lang='lat' dir='ltr'><strong>videlicet</strong></span> <span class='ocrx_word' id='word_1_258' title='bbox 2033 1954 2047 1991; x_wconf 90' lang='lat'><strong>:</strong></span> <span class='ocrx_word' id='word_1_259' title='bbox 2089 1937 2391 2009; x_wconf 86' lang='lat' dir='ltr'><strong>Accipietis</strong></span> <span class='ocrx_word' id='word_1_260' title='bbox 2435 1939 2713 1995; x_wconf 84' lang='lat' dir='ltr'><strong>virtutem.</strong></span> <span class='ocrx_word' id='word_1_261' title='bbox 2781 1939 2920 2007; x_wconf 85' lang='lat' dir='ltr'><strong>Quia</strong></span> <span class='ocrx_word' id='word_1_262' title='bbox 2967 1939 3225 2010; x_wconf 73' lang='lat' dir='ltr'><strong>magister</strong></span> <span class='ocrx_word' id='word_1_263' title='bbox 3287 1945 3393 2004; x_wconf 90' lang='lat' dir='ltr'><strong>est,</strong></span> <span class='ocrx_word' id='word_1_264' title='bbox 3438 1936 3531 2007; x_wconf 88' lang='lat' dir='ltr'><strong>qui</strong></span> <span class='ocrx_word' id='word_1_265' title='bbox 3576 1950 3713 2002; x_wconf 88' lang='lat' dir='ltr'><strong>non,</strong></span> 
     </span>
    </p>
   </div>
   <div class='ocr_carea' id='block_1_36' title="bbox 439 2025 2011 2101">
    <p class='ocr_par' dir='ltr' id='par_1_36' title="bbox 439 2025 2011 2101">
     <span class='ocr_line' id='line_1_36' title="bbox 439 2025 2011 2101; baseline -0.002 -17"><span class='ocrx_word' id='word_1_266' title='bbox 439 2046 563 2101; x_wconf 71' lang='lat' dir='ltr'><strong>quae</strong></span> <span class='ocrx_word' id='word_1_267' title='bbox 594 2029 709 2083; x_wconf 82' lang='lat' dir='ltr'><strong>vult</strong></span> <span class='ocrx_word' id='word_1_268' title='bbox 735 2027 1062 2098; x_wconf 77' lang='lat' dir='ltr'><strong>discipulus,</strong></span> <span class='ocrx_word' id='word_1_269' title='bbox 1099 2027 1219 2090; x_wconf 87' lang='lat' dir='ltr'><strong>sed,</strong></span> <span class='ocrx_word' id='word_1_270' title='bbox 1244 2040 1367 2096; x_wconf 61' lang='lat' dir='ltr'><strong>qua:</strong></span> <span class='ocrx_word' id='word_1_271' title='bbox 1395 2025 1616 2095; x_wconf 80' lang='lat' dir='ltr'><strong>expedit</strong></span> <span class='ocrx_word' id='word_1_272' title='bbox 1641 2026 1807 2094; x_wconf 89' lang='lat' dir='ltr'><strong>scire,</strong></span> <span class='ocrx_word' id='word_1_273' title='bbox 1830 2028 2011 2083; x_wconf 90' lang='lat' dir='ltr'><strong>docet.</strong></span> 
     </span>
    </p>
   </div>
   <div class='ocr_carea' id='block_1_37' title="bbox 517 2114 2028 2186">
    <p class='ocr_par' dir='ltr' id='par_1_37' title="bbox 517 2117 2027 2184">
     <span class='ocr_line' id='line_1_37' title="bbox 517 2117 2027 2184; baseline -0.002 -7"><span class='ocrx_word' id='word_1_274' title='bbox 517 2122 585 2177; x_wconf 87' lang='lat' dir='ltr'><strong>Et</strong></span> <span class='ocrx_word' id='word_1_275' title='bbox 623 2123 776 2177; x_wconf 82' lang='lat' dir='ltr'><strong>eritis</strong></span> <span class='ocrx_word' id='word_1_276' title='bbox 813 2122 944 2175; x_wconf 80' lang='lat' dir='ltr'><strong>mihi</strong></span> <span class='ocrx_word' id='word_1_277' title='bbox 980 2130 1135 2176; x_wconf 73' lang='lat' dir='ltr'><strong>testes</strong></span> <span class='ocrx_word' id='word_1_278' title='bbox 1179 2133 1229 2174; x_wconf 81' lang='lat' dir='ltr'><strong>et</strong></span> <span class='ocrx_word' id='word_1_279' title='bbox 1259 2120 1315 2173; x_wconf 84' lang='lat' dir='ltr'><strong>in</strong></span> <span class='ocrx_word' id='word_1_280' title='bbox 1347 2117 1710 2184; x_wconf 72' lang='lat' dir='ltr'><strong>Hierusalem,</strong></span> <span class='ocrx_word' id='word_1_281' title='bbox 1739 2128 1790 2173; x_wconf 85' lang='lat' dir='ltr'><strong>et</strong></span> <span class='ocrx_word' id='word_1_282' title='bbox 1817 2120 1873 2174; x_wconf 87' lang='lat' dir='ltr'><strong>in</strong></span> <span class='ocrx_word' id='word_1_283' title='bbox 1912 2129 2027 2174; x_wconf 88' lang='lat' dir='ltr'><strong>tota</strong></span> 
     </span>
    </p>
   </div>
   <div class='ocr_carea' id='block_1_38' title="bbox 2131 2114 3715 2186">
    <p class='ocr_par' dir='ltr' id='par_1_38' title="bbox 2199 2114 3715 2186">
     <span class='ocr_line' id='line_1_38' title="bbox 2199 2114 3715 2186; baseline -0.001 -14"><span class='ocrx_word' id='word_1_284' title='bbox 2199 2116 2310 2173; x_wconf 78' lang='lat' dir='ltr'><strong>Kal</strong></span> <span class='ocrx_word' id='word_1_285' title='bbox 2360 2117 2582 2172; x_wconf 71' lang='grc' dir='ltr'>ἐσεσθέ</span> <span class='ocrx_word' id='word_1_286' title='bbox 2607 2133 2708 2186; x_wconf 79' lang='grc' dir='ltr'><strong>μοι</strong></span> <span class='ocrx_word' id='word_1_287' title='bbox 2749 2114 3045 2184; x_wconf 84' lang='grc' dir='ltr'>μάρτυρες</span> <span class='ocrx_word' id='word_1_288' title='bbox 3091 2114 3163 2169; x_wconf 75' lang='grc' dir='ltr'>ἐν</span> <span class='ocrx_word' id='word_1_289' title='bbox 3202 2130 3267 2168; x_wconf 79' lang='grc' dir='ltr'><strong>τε</strong></span> <span class='ocrx_word' id='word_1_290' title='bbox 3311 2115 3715 2185; x_wconf 72' lang='grc' dir='ltr'>Ἰερουσαλὴμ</span> 
     </span>
    </p>
   </div>
   <div class='ocr_carea' id='block_1_39' title="bbox 438 2207 2029 2282">
    <p class='ocr_par' dir='ltr' id='par_1_39' title="bbox 438 2207 2029 2282">
     <span class='ocr_line' id='line_1_39' title="bbox 438 2207 2029 2282; baseline -0.001 -16"><span class='ocrx_word' id='word_1_291' title='bbox 438 2210 635 2278; x_wconf 72' lang='lat' dir='ltr'><strong>Judtea</strong></span> <span class='ocrx_word' id='word_1_292' title='bbox 690 2210 1066 2282; x_wconf 79' lang='lat' dir='ltr'><strong>Satnariaque,</strong></span> <span class='ocrx_word' id='word_1_293' title='bbox 1126 2216 1177 2264; x_wconf 86' lang='lat' dir='ltr'><strong>et</strong></span> <span class='ocrx_word' id='word_1_294' title='bbox 1233 2224 1399 2279; x_wconf 73' lang='lat' dir='ltr'><strong>usque</strong></span> <span class='ocrx_word' id='word_1_295' title='bbox 1450 2207 1522 2262; x_wconf 87' lang='lat' dir='ltr'><strong>ad</strong></span> <span class='ocrx_word' id='word_1_296' title='bbox 1582 2216 1844 2264; x_wconf 72' lang='lat' dir='ltr'><strong>extremos</strong></span> <span class='ocrx_word' id='word_1_297' title='bbox 1897 2209 2029 2279; x_wconf 74' lang='lat' dir='ltr'><strong>ﬁnes</strong></span> 
     </span>
    </p>
   </div>
   <div class='ocr_carea' id='block_1_40' title="bbox 443 2313 621 2358">
    <p class='ocr_par' dir='ltr' id='par_1_40' title="bbox 443 2313 621 2358">
     <span class='ocr_line' id='line_1_40' title="bbox 443 2313 621 2358; baseline 0.006 -1"><span class='ocrx_word' id='word_1_298' title='bbox 443 2313 621 2358; x_wconf 67' lang='lat' dir='ltr'><strong>terra.</strong></span> 
     </span>
    </p>
   </div>
   <div class='ocr_carea' id='block_1_41' title="bbox 512 2390 2035 2464">
    <p class='ocr_par' dir='ltr' id='par_1_41' title="bbox 512 2390 2035 2464">
     <span class='ocr_line' id='line_1_41' title="bbox 512 2390 2035 2464; baseline -0.001 -15"><span class='ocrx_word' id='word_1_299' title='bbox 512 2394 785 2461; x_wconf 87' lang='lat' dir='ltr'><strong>Quoniam</strong></span> <span class='ocrx_word' id='word_1_300' title='bbox 832 2400 994 2447; x_wconf 87' lang='lat' dir='ltr'><strong>antea</strong></span> <span class='ocrx_word' id='word_1_301' title='bbox 1050 2391 1267 2447; x_wconf 81' lang='lat' dir='ltr'><strong>dixerat</strong></span> <span class='ocrx_word' id='word_1_302' title='bbox 1291 2390 1320 2432; x_wconf 74' lang='grc' dir='ltr'>ἆ</span> <span class='ocrx_word' id='word_1_303' title='bbox 1355 2410 1369 2447; x_wconf 91' lang='lat'>:</span> <span class='ocrx_word' id='word_1_304' title='bbox 1421 2394 1481 2448; x_wconf 91' lang='lat' dir='ltr'><strong>ln</strong></span> <span class='ocrx_word' id='word_1_305' title='bbox 1512 2392 1653 2447; x_wconf 86' lang='lat' dir='ltr'><strong>viattt</strong></span> <span class='ocrx_word' id='word_1_306' title='bbox 1691 2392 1933 2464; x_wconf 78' lang='lat' dir='ltr'><strong>gentium</strong></span> <span class='ocrx_word' id='word_1_307' title='bbox 1966 2407 2035 2447; x_wconf 88' lang='lat' dir='ltr'><strong>ne</strong></span> 
     </span>
    </p>
   </div>
   <div class='ocr_carea' id='block_1_42' title="bbox 448 2482 2034 2554">
    <p class='ocr_par' dir='ltr' id='par_1_42' title="bbox 448 2482 2034 2554">
     <span class='ocr_line' id='line_1_42' title="bbox 448 2482 2034 2554; baseline -0.001 -16"><span class='ocrx_word' id='word_1_308' title='bbox 448 2485 717 2550; x_wconf 85' lang='lat' dir='ltr'><strong>abieritis,</strong></span> <span class='ocrx_word' id='word_1_309' title='bbox 745 2492 798 2538; x_wconf 90' lang='lat' dir='ltr'><strong>et</strong></span> <span class='ocrx_word' id='word_1_310' title='bbox 830 2484 884 2537; x_wconf 89' lang='lat' dir='ltr'><strong>in</strong></span> <span class='ocrx_word' id='word_1_311' title='bbox 911 2483 1186 2537; x_wconf 82' lang='lat' dir='ltr'><strong>civitatem</strong></span> <span class='ocrx_word' id='word_1_312' title='bbox 1217 2482 1691 2538; x_wconf 81' lang='lat' dir='ltr'><strong>Samaritanorum</strong></span> <span class='ocrx_word' id='word_1_313' title='bbox 1738 2499 1808 2539; x_wconf 92' lang='lat' dir='ltr'><strong>ne</strong></span> <span class='ocrx_word' id='word_1_314' title='bbox 1850 2484 2034 2554; x_wconf 77' lang='lat' dir='ltr'><strong>ingre-</strong></span> 
     </span>
    </p>
   </div>
   <div class='ocr_carea' id='block_1_43' title="bbox 452 2571 2032 2645">
    <p class='ocr_par' dir='ltr' id='par_1_43' title="bbox 452 2571 2032 2645">
     <span class='ocr_line' id='line_1_43' title="bbox 452 2571 2032 2645; baseline -0.001 -16"><span class='ocrx_word' id='word_1_315' title='bbox 452 2575 705 2641; x_wconf 89' lang='lat' dir='ltr'><strong>diamini,</strong></span> <span class='ocrx_word' id='word_1_316' title='bbox 744 2575 872 2644; x_wconf 87' lang='lat' dir='ltr'><strong>quia</strong></span> <span class='ocrx_word' id='word_1_317' title='bbox 925 2574 1161 2644; x_wconf 88' lang='lat' dir='ltr'><strong>primum</strong></span> <span class='ocrx_word' id='word_1_318' title='bbox 1217 2571 1422 2629; x_wconf 67' lang='lat' dir='ltr'><strong>Iudaeis</strong></span> <span class='ocrx_word' id='word_1_319' title='bbox 1464 2575 1691 2629; x_wconf 85' lang='lat' dir='ltr'><strong>verbum</strong></span> <span class='ocrx_word' id='word_1_320' title='bbox 1744 2574 2032 2645; x_wconf 64' lang='lat' dir='ltr'><strong>praedicari</strong></span> 
     </span>
    </p>
   </div>
   <div class='ocr_carea' id='block_1_44' title="bbox 446 2665 2030 2731">
    <p class='ocr_par' dir='ltr' id='par_1_44' title="bbox 446 2665 2030 2731">
     <span class='ocr_line' id='line_1_44' title="bbox 446 2665 2030 2731; baseline 0.001 -11"><span class='ocrx_word' id='word_1_321' title='bbox 446 2666 681 2731; x_wconf 88' lang='lat' dir='ltr'><strong>volebat,</strong></span> <span class='ocrx_word' id='word_1_322' title='bbox 742 2668 838 2722; x_wconf 86' lang='lat' dir='ltr'><strong>sed</strong></span> <span class='ocrx_word' id='word_1_323' title='bbox 872 2680 1017 2721; x_wconf 91' lang='lat' dir='ltr'><strong>nunc</strong></span> <span class='ocrx_word' id='word_1_324' title='bbox 1042 2665 1097 2719; x_wconf 91' lang='lat' dir='ltr'><strong>itt</strong></span> <span class='ocrx_word' id='word_1_325' title='bbox 1156 2666 1473 2721; x_wconf 78' lang='lat' dir='ltr'><strong>universum</strong></span> <span class='ocrx_word' id='word_1_326' title='bbox 1532 2666 1721 2721; x_wconf 91' lang='lat' dir='ltr'><strong>orbem</strong></span> <span class='ocrx_word' id='word_1_327' title='bbox 1760 2675 2030 2721; x_wconf 87' lang='lat' dir='ltr'><strong>terrarum</strong></span> 
     </span>
    </p>
   </div>
   <div class='ocr_carea' id='block_1_45' title="bbox 446 2755 2028 2843">
    <p class='ocr_par' dir='ltr' id='par_1_45' title="bbox 446 2755 2028 2843">
     <span class='ocr_line' id='line_1_45' title="bbox 446 2755 2028 2843; baseline -0.001 -28"><span class='ocrx_word' id='word_1_328' title='bbox 446 2760 889 2830; x_wconf 66' lang='lat' dir='ltr'><strong>praedicationem</strong></span> <span class='ocrx_word' id='word_1_329' title='bbox 944 2755 1173 2843; x_wconf 68' lang='lat' dir='ltr'><strong>dilfundi</strong></span> <span class='ocrx_word' id='word_1_330' title='bbox 1222 2758 1560 2828; x_wconf 80' lang='lat' dir='ltr'><strong>oportebat:</strong></span> <span class='ocrx_word' id='word_1_331' title='bbox 1615 2758 1824 2812; x_wconf 85' lang='lat' dir='ltr'><strong>idcirco</strong></span> <span class='ocrx_word' id='word_1_332' title='bbox 1879 2766 2028 2814; x_wconf 90' lang='lat' dir='ltr'><strong>recte</strong></span> 
     </span>
    </p>
   </div>
   <div class='ocr_carea' id='block_1_46' title="bbox 444 2845 2033 2919">
    <p class='ocr_par' dir='ltr' id='par_1_46' title="bbox 444 2845 2033 2919">
     <span class='ocr_line' id='line_1_46' title="bbox 444 2845 2033 2919; baseline 0.001 -15"><span class='ocrx_word' id='word_1_333' title='bbox 444 2864 580 2906; x_wconf 89' lang='lat' dir='ltr'><strong>sane</strong></span> <span class='ocrx_word' id='word_1_334' title='bbox 616 2848 821 2919; x_wconf 85' lang='lat' dir='ltr'><strong>adjicit,</strong></span> <span class='ocrx_word' id='word_1_335' title='bbox 854 2857 909 2902; x_wconf 80' lang='lat' dir='ltr'><strong>et</strong></span> <span class='ocrx_word' id='word_1_336' title='bbox 937 2848 1034 2915; x_wconf 92' lang='lat' dir='ltr'><strong>ait,</strong></span> <span class='ocrx_word' id='word_1_337' title='bbox 1071 2848 1139 2903; x_wconf 86' lang='lat' dir='ltr'><strong>Et</strong></span> <span class='ocrx_word' id='word_1_338' title='bbox 1192 2848 1246 2901; x_wconf 91' lang='lat' dir='ltr'><strong>in</strong></span> <span class='ocrx_word' id='word_1_339' title='bbox 1273 2845 1458 2903; x_wconf 69' lang='lat' dir='ltr'><strong>Judzca</strong></span> <span class='ocrx_word' id='word_1_340' title='bbox 1516 2859 1569 2903; x_wconf 92' lang='lat' dir='ltr'><strong>et</strong></span> <span class='ocrx_word' id='word_1_341' title='bbox 1602 2847 1846 2904; x_wconf 86' lang='lat' dir='ltr'><strong>Samaria</strong></span> <span class='ocrx_word' id='word_1_342' title='bbox 1878 2866 1893 2917; x_wconf 90' lang='lat'><strong>;</strong></span> <span class='ocrx_word' id='word_1_343' title='bbox 1937 2848 2033 2905; x_wconf 85' lang='lat' dir='ltr'><strong>de-</strong></span> 
     </span>
    </p>
   </div>
   <div class='ocr_carea' id='block_1_47' title="bbox 443 2940 2032 3013">
    <p class='ocr_par' dir='ltr' id='par_1_47' title="bbox 443 2940 2032 3013">
     <span class='ocr_line' id='line_1_47' title="bbox 443 2940 2032 3013; baseline -0.001 -14"><span class='ocrx_word' id='word_1_344' title='bbox 443 2943 592 3007; x_wconf 89' lang='lat' dir='ltr'><strong>inde,</strong></span> <span class='ocrx_word' id='word_1_345' title='bbox 624 2942 684 2997; x_wconf 85' lang='lat' dir='ltr'><strong>Et</strong></span> <span class='ocrx_word' id='word_1_346' title='bbox 712 2957 884 3013; x_wconf 87' lang='lat' dir='ltr'><strong>usque</strong></span> <span class='ocrx_word' id='word_1_347' title='bbox 908 2943 975 2998; x_wconf 89' lang='lat' dir='ltr'><strong>ad</strong></span> <span class='ocrx_word' id='word_1_348' title='bbox 1005 2950 1280 2999; x_wconf 81' lang='lat' dir='ltr'><strong>extremos</strong></span> <span class='ocrx_word' id='word_1_349' title='bbox 1306 2940 1444 2996; x_wconf 86' lang='lat' dir='ltr'><strong>ltnes</strong></span> <span class='ocrx_word' id='word_1_350' title='bbox 1477 2951 1659 2997; x_wconf 68' lang='lat' dir='ltr'><strong>terrae.</strong></span> <span class='ocrx_word' id='word_1_351' title='bbox 1699 2942 1868 2998; x_wconf 88' lang='lat' dir='ltr'><strong>Porro</strong></span> <span class='ocrx_word' id='word_1_352' title='bbox 1887 2942 2032 3012; x_wconf 87' lang='lat' dir='ltr'><strong>quod</strong></span> 
     </span>
    </p>
   </div>
   <div class='ocr_carea' id='block_1_48' title="bbox 451 3031 2027 3102">
    <p class='ocr_par' dir='ltr' id='par_1_48' title="bbox 451 3031 2027 3102">
     <span class='ocr_line' id='line_1_48' title="bbox 451 3031 2027 3102; baseline -0.002 -12"><span class='ocrx_word' id='word_1_353' title='bbox 451 3035 585 3090; x_wconf 89' lang='lat' dir='ltr'><strong>dicit</strong></span> <span class='ocrx_word' id='word_1_354' title='bbox 615 3053 631 3089; x_wconf 87' lang='lat'><strong>:</strong></span> <span class='ocrx_word' id='word_1_355' title='bbox 686 3034 852 3089; x_wconf 84' lang='lat' dir='ltr'><strong>Eritis</strong></span> <span class='ocrx_word' id='word_1_356' title='bbox 895 3035 1030 3087; x_wconf 88' lang='lat' dir='ltr'><strong>mihi</strong></span> <span class='ocrx_word' id='word_1_357' title='bbox 1060 3039 1251 3099; x_wconf 85' lang='lat' dir='ltr'><strong>testes,</strong></span> <span class='ocrx_word' id='word_1_358' title='bbox 1295 3031 1460 3087; x_wconf 86' lang='lat' dir='ltr'><strong>simul</strong></span> <span class='ocrx_word' id='word_1_359' title='bbox 1492 3040 1547 3086; x_wconf 89' lang='lat' dir='ltr'><strong>et</strong></span> <span class='ocrx_word' id='word_1_360' title='bbox 1581 3032 1890 3087; x_wconf 84' lang='lat' dir='ltr'><strong>adhortatio</strong></span> <span class='ocrx_word' id='word_1_361' title='bbox 1921 3040 2027 3102; x_wconf 87' lang='lat' dir='ltr'><strong>est,</strong></span> 
     </span>
    </p>
   </div>
   <div class='ocr_carea' id='block_1_49' title="bbox 445 3128 2033 3199">
    <p class='ocr_par' dir='ltr' id='par_1_49' title="bbox 445 3128 2033 3199">
     <span class='ocr_line' id='line_1_49' title="bbox 445 3128 2033 3199; baseline 0.001 -16"><span class='ocrx_word' id='word_1_362' title='bbox 445 3130 675 3184; x_wconf 88' lang='lat' dir='ltr'><strong>ettirma</strong></span> <span class='ocrx_word' id='word_1_363' title='bbox 706 3138 966 3199; x_wconf 86' lang='lat' dir='ltr'><strong>certaque</strong></span> <span class='ocrx_word' id='word_1_364' title='bbox 1005 3128 1294 3199; x_wconf 86' lang='lat' dir='ltr'><strong>prophetia</strong></span> <span class='ocrx_word' id='word_1_365' title='bbox 1325 3147 1339 3182; x_wconf 90' lang='lat'>:</span> <span class='ocrx_word' id='word_1_366' title='bbox 1377 3143 1500 3182; x_wconf 87' lang='lat' dir='ltr'><strong>nam</strong></span> <span class='ocrx_word' id='word_1_367' title='bbox 1534 3128 1723 3199; x_wconf 88' lang='lat' dir='ltr'><strong>Usque</strong></span> <span class='ocrx_word' id='word_1_368' title='bbox 1754 3131 1822 3185; x_wconf 88' lang='lat' dir='ltr'><strong>ad</strong></span> <span class='ocrx_word' id='word_1_369' title='bbox 1849 3139 2033 3188; x_wconf 79' lang='lat' dir='ltr'><strong>extre-</strong></span> 
     </span>
    </p>
   </div>
   <div class='ocr_carea' id='block_1_50' title="bbox 446 3220 2029 3293">
    <p class='ocr_par' dir='ltr' id='par_1_50' title="bbox 446 3220 2029 3293">
     <span class='ocr_line' id='line_1_50' title="bbox 446 3220 2029 3293; baseline 0.002 -18"><span class='ocrx_word' id='word_1_370' title='bbox 446 3235 571 3277; x_wconf 88' lang='lat' dir='ltr'><strong>mos</strong></span> <span class='ocrx_word' id='word_1_371' title='bbox 597 3220 732 3277; x_wconf 84' lang='lat' dir='ltr'><strong>lines</strong></span> <span class='ocrx_word' id='word_1_372' title='bbox 750 3231 907 3277; x_wconf 67' lang='lat' dir='ltr'><strong>terrae</strong></span> <span class='ocrx_word' id='word_1_373' title='bbox 930 3221 1369 3292; x_wconf 63' lang='lat' dir='ltr'><strong>praedicationem</strong></span> <span class='ocrx_word' id='word_1_374' title='bbox 1390 3228 1645 3279; x_wconf 88' lang='lat' dir='ltr'><strong>testatam</strong></span> <span class='ocrx_word' id='word_1_375' title='bbox 1671 3223 2029 3293; x_wconf 85' lang='lat' dir='ltr'><strong>reliquerunt.</strong></span> 
     </span>
    </p>
   </div>
   <div class='ocr_carea' id='block_1_51' title="bbox 519 3312 2027 3384">
    <p class='ocr_par' dir='ltr' id='par_1_51' title="bbox 519 3312 2027 3384">
     <span class='ocr_line' id='line_1_51' title="bbox 519 3312 2027 3384; baseline 0.001 -19"><span class='ocrx_word' id='word_1_376' title='bbox 519 3312 689 3369; x_wconf 72' lang='lat' dir='ltr'><strong>Vens.</strong></span> <span class='ocrx_word' id='word_1_377' title='bbox 721 3315 774 3369; x_wconf 87' lang='lat'><strong>9.</strong></span> <span class='ocrx_word' id='word_1_378' title='bbox 823 3315 991 3384; x_wconf 82' lang='lat' dir='ltr'><strong>Atque</strong></span> <span class='ocrx_word' id='word_1_379' title='bbox 1026 3314 1140 3368; x_wconf 83' lang='lat' dir='ltr'><strong>lucc</strong></span> <span class='ocrx_word' id='word_1_380' title='bbox 1179 3316 1409 3379; x_wconf 78' lang='lat' dir='ltr'><strong>locutus,</strong></span> <span class='ocrx_word' id='word_1_381' title='bbox 1445 3315 1859 3383; x_wconf 78' lang='lat' dir='ltr'><strong>inspectantibus</strong></span> <span class='ocrx_word' id='word_1_382' title='bbox 1896 3314 2027 3381; x_wconf 76' lang='lat' dir='ltr'><strong>illis,</strong></span> 
     </span>
    </p>
   </div>
   <div class='ocr_carea' id='block_1_52' title="bbox 445 3406 2025 3470">
    <p class='ocr_par' dir='ltr' id='par_1_52' title="bbox 445 3406 2025 3470">
     <span class='ocr_line' id='line_1_52' title="bbox 445 3406 2025 3470; baseline 0 -10"><span class='ocrx_word' id='word_1_383' title='bbox 445 3407 746 3461; x_wconf 73' lang='lat' dir='ltr'><strong>sublevatus</strong></span> <span class='ocrx_word' id='word_1_384' title='bbox 773 3415 873 3470; x_wconf 79' lang='lat' dir='ltr'><strong>est,</strong></span> <span class='ocrx_word' id='word_1_385' title='bbox 904 3417 953 3461; x_wconf 89' lang='lat' dir='ltr'><strong>et</strong></span> <span class='ocrx_word' id='word_1_386' title='bbox 976 3406 1137 3461; x_wconf 80' lang='lat' dir='ltr'><strong>nubes</strong></span> <span class='ocrx_word' id='word_1_387' title='bbox 1159 3408 1314 3460; x_wconf 82' lang='lat' dir='ltr'><strong>illum</strong></span> <span class='ocrx_word' id='word_1_388' title='bbox 1339 3409 1507 3462; x_wconf 83' lang='lat' dir='ltr'><strong>oculis</strong></span> <span class='ocrx_word' id='word_1_389' title='bbox 1531 3425 1714 3463; x_wconf 81' lang='lat' dir='ltr'><strong>eorum</strong></span> <span class='ocrx_word' id='word_1_390' title='bbox 1740 3407 2025 3462; x_wconf 75' lang='lat' dir='ltr'><strong>subduxit:</strong></span> 
     </span>
    </p>
   </div>
   <div class='ocr_carea' id='block_1_53' title="bbox 521 3580 2029 3639">
    <p class='ocr_par' dir='ltr' id='par_1_53' title="bbox 521 3580 2029 3639">
     <span class='ocr_line' id='line_1_53' title="bbox 521 3580 2029 3639; baseline 0.002 -4"><span class='ocrx_word' id='word_1_391' title='bbox 521 3580 687 3635; x_wconf 73' lang='lat' dir='ltr'><strong>Vens.</strong></span> <span class='ocrx_word' id='word_1_392' title='bbox 724 3581 808 3635; x_wconf 79' lang='grc'><strong>10.</strong></span> <span class='ocrx_word' id='word_1_393' title='bbox 841 3580 909 3636; x_wconf 85' lang='lat' dir='ltr'><strong>Et</strong></span> <span class='ocrx_word' id='word_1_394' title='bbox 941 3592 997 3635; x_wconf 90' lang='lat' dir='ltr'><strong>ut</strong></span> <span class='ocrx_word' id='word_1_395' title='bbox 1057 3581 1283 3637; x_wconf 85' lang='lat' dir='ltr'><strong>abeunte</strong></span> <span class='ocrx_word' id='word_1_396' title='bbox 1326 3583 1420 3637; x_wconf 85' lang='lat' dir='ltr'><strong>illo</strong></span> <span class='ocrx_word' id='word_1_397' title='bbox 1455 3584 1669 3638; x_wconf 78' lang='lat' dir='ltr'><strong>intentis</strong></span> <span class='ocrx_word' id='word_1_398' title='bbox 1717 3583 1885 3639; x_wconf 82' lang='lat' dir='ltr'><strong>oculis</strong></span> <span class='ocrx_word' id='word_1_399' title='bbox 1924 3599 2029 3638; x_wconf 76' lang='lat' dir='ltr'><strong>cte-</strong></span> 
     </span>
    </p>
   </div>
   <div class='ocr_carea' id='block_1_54' title="bbox 447 3671 1001 3727">
    <p class='ocr_par' dir='ltr' id='par_1_54' title="bbox 447 3671 1001 3727">
     <span class='ocr_line' id='line_1_54' title="bbox 447 3671 1001 3727; baseline 0.002 -2"><span class='ocrx_word' id='word_1_400' title='bbox 447 3671 557 3725; x_wconf 81' lang='lat' dir='ltr'><strong>lum</strong></span> <span class='ocrx_word' id='word_1_401' title='bbox 593 3671 1001 3727; x_wconf 85' lang='lat' dir='ltr'><strong>contuebantur.</strong></span> 
     </span>
    </p>
   </div>
   <div class='ocr_carea' id='block_1_55' title="bbox 518 3762 2026 3835">
    <p class='ocr_par' dir='ltr' id='par_1_55' title="bbox 518 3762 2026 3835">
     <span class='ocr_line' id='line_1_55' title="bbox 518 3762 2026 3835; baseline 0.004 -20"><span class='ocrx_word' id='word_1_402' title='bbox 518 3763 964 3833; x_wconf 79' lang='lat' dir='ltr'><strong>lttspectazttibus</strong></span> <span class='ocrx_word' id='word_1_403' title='bbox 1001 3765 1109 3819; x_wconf 93' lang='lat' dir='ltr'><strong>illis</strong></span> <span class='ocrx_word' id='word_1_404' title='bbox 1156 3780 1266 3820; x_wconf 89' lang='lat' dir='ltr'><strong>non</strong></span> <span class='ocrx_word' id='word_1_405' title='bbox 1294 3764 1560 3829; x_wconf 79' lang='lat' dir='ltr'><strong>surrexit,</strong></span> <span class='ocrx_word' id='word_1_406' title='bbox 1590 3764 1684 3819; x_wconf 90' lang='lat' dir='ltr'><strong>sed</strong></span> <span class='ocrx_word' id='word_1_407' title='bbox 1708 3762 2026 3835; x_wconf 88' lang='lat' dir='ltr'><strong>lnspectau-</strong></span> 
     </span>
    </p>
   </div>
   <div class='ocr_carea' id='block_1_56' title="bbox 446 3856 2028 3926">
    <p class='ocr_par' dir='ltr' id='par_1_56' title="bbox 446 3856 2028 3926">
     <span class='ocr_line' id='line_1_56' title="bbox 446 3856 2028 3926; baseline 0.001 -16"><span class='ocrx_word' id='word_1_408' title='bbox 446 3856 592 3911; x_wconf 79' lang='lat' dir='ltr'><strong>tibus</strong></span> <span class='ocrx_word' id='word_1_409' title='bbox 633 3856 739 3911; x_wconf 91' lang='lat' dir='ltr'><strong>illis</strong></span> <span class='ocrx_word' id='word_1_410' title='bbox 793 3856 1110 3912; x_wconf 80' lang='lat' dir='ltr'><strong>sublevatus</strong></span> <span class='ocrx_word' id='word_1_411' title='bbox 1135 3863 1242 3920; x_wconf 88' lang='lat' dir='ltr'><strong>est,</strong></span> <span class='ocrx_word' id='word_1_412' title='bbox 1273 3856 1532 3925; x_wconf 86' lang='lat' dir='ltr'><strong>quoniam</strong></span> <span class='ocrx_word' id='word_1_413' title='bbox 1564 3872 1633 3912; x_wconf 90' lang='lat' dir='ltr'><strong>ne</strong></span> <span class='ocrx_word' id='word_1_414' title='bbox 1668 3856 1757 3912; x_wconf 92' lang='lat' dir='ltr'><strong>hic</strong></span> <span class='ocrx_word' id='word_1_415' title='bbox 1806 3857 2028 3926; x_wconf 82' lang='lat' dir='ltr'><strong>quidem</strong></span> 
     </span>
    </p>
   </div>
   <div class='ocr_carea' id='block_1_57' title="bbox 449 3946 2027 4018">
    <p class='ocr_par' dir='ltr' id='par_1_57' title="bbox 449 3946 2027 4018">
     <span class='ocr_line' id='line_1_57' title="bbox 449 3946 2027 4018; baseline 0.002 -19"><span class='ocrx_word' id='word_1_416' title='bbox 449 3946 719 4016; x_wconf 82' lang='lat' dir='ltr'><strong>quidquid</strong></span> <span class='ocrx_word' id='word_1_417' title='bbox 755 3963 842 4001; x_wconf 88' lang='lat' dir='ltr'><strong>res</strong></span> <span class='ocrx_word' id='word_1_418' title='bbox 868 3948 1185 4016; x_wconf 88' lang='lat' dir='ltr'><strong>postulabat</strong></span> <span class='ocrx_word' id='word_1_419' title='bbox 1215 3947 1484 4015; x_wconf 87' lang='lat' dir='ltr'><strong>inspectio</strong></span> <span class='ocrx_word' id='word_1_420' title='bbox 1505 3957 1722 4016; x_wconf 88' lang='lat' dir='ltr'><strong>poterat</strong></span> <span class='ocrx_word' id='word_1_421' title='bbox 1743 3957 2027 4018; x_wconf 64' lang='lat' dir='ltr'><strong>praestare.</strong></span> 
     </span>
    </p>
   </div>
   <div class='ocr_carea' id='block_1_58' title="bbox 447 4036 2027 4107">
    <p class='ocr_par' dir='ltr' id='par_1_58' title="bbox 447 4036 2027 4107">
     <span class='ocr_line' id='line_1_58' title="bbox 447 4036 2027 4107; baseline 0.001 -17"><span class='ocrx_word' id='word_1_422' title='bbox 447 4036 666 4092; x_wconf 87' lang='lat' dir='ltr'><strong>Etenim</strong></span> <span class='ocrx_word' id='word_1_423' title='bbox 735 4036 1165 4093; x_wconf 85' lang='lat' dir='ltr'><strong>resurrectionis</strong></span> <span class='ocrx_word' id='word_1_424' title='bbox 1232 4036 1395 4091; x_wconf 84' lang='lat' dir='ltr'><strong>linem</strong></span> <span class='ocrx_word' id='word_1_425' title='bbox 1468 4037 1689 4107; x_wconf 89' lang='lat' dir='ltr'><strong>quidem</strong></span> <span class='ocrx_word' id='word_1_426' title='bbox 1747 4038 2027 4103; x_wconf 86' lang='lat' dir='ltr'><strong>viderunt,</strong></span> 
     </span>
    </p>
   </div>
   <div class='ocr_carea' id='block_1_59' title="bbox 448 4127 2029 4200">
    <p class='ocr_par' dir='ltr' id='par_1_59' title="bbox 448 4127 2029 4200">
     <span class='ocr_line' id='line_1_59' title="bbox 448 4127 2029 4200; baseline 0.004 -18"><span class='ocrx_word' id='word_1_427' title='bbox 448 4128 779 4198; x_wconf 87' lang='lat' dir='ltr'><strong>principium</strong></span> <span class='ocrx_word' id='word_1_428' title='bbox 811 4137 993 4183; x_wconf 88' lang='lat' dir='ltr'><strong>autem</strong></span> <span class='ocrx_word' id='word_1_429' title='bbox 1032 4142 1141 4182; x_wconf 92' lang='lat' dir='ltr'><strong>non</strong></span> <span class='ocrx_word' id='word_1_430' title='bbox 1173 4127 1429 4181; x_wconf 86' lang='lat' dir='ltr'><strong>viderunt</strong></span> <span class='ocrx_word' id='word_1_431' title='bbox 1462 4146 1475 4182; x_wconf 91' lang='lat'><strong>:</strong></span> <span class='ocrx_word' id='word_1_432' title='bbox 1528 4137 1582 4183; x_wconf 90' lang='lat' dir='ltr'><strong>et</strong></span> <span class='ocrx_word' id='word_1_433' title='bbox 1630 4131 2029 4200; x_wconf 88' lang='lat' dir='ltr'><strong>assumptionis</strong></span> 
     </span>
    </p>
   </div>
   <div class='ocr_carea' id='block_1_60' title="bbox 449 4217 2030 4289">
    <p class='ocr_par' dir='ltr' id='par_1_60' title="bbox 449 4217 2030 4289">
     <span class='ocr_line' id='line_1_60' title="bbox 449 4217 2030 4289; baseline 0.004 -18"><span class='ocrx_word' id='word_1_434' title='bbox 449 4220 785 4289; x_wconf 90' lang='lat' dir='ltr'><strong>principium</strong></span> <span class='ocrx_word' id='word_1_435' title='bbox 819 4218 1041 4285; x_wconf 83' lang='lat' dir='ltr'><strong>quidem</strong></span> <span class='ocrx_word' id='word_1_436' title='bbox 1074 4217 1352 4284; x_wconf 86' lang='lat' dir='ltr'><strong>viderunt,</strong></span> <span class='ocrx_word' id='word_1_437' title='bbox 1382 4219 1544 4274; x_wconf 80' lang='lat' dir='ltr'><strong>tinent</strong></span> <span class='ocrx_word' id='word_1_438' title='bbox 1576 4234 1709 4276; x_wconf 83' lang='lat' dir='ltr'><strong>vero</strong></span> <span class='ocrx_word' id='word_1_439' title='bbox 1735 4237 1847 4278; x_wconf 92' lang='lat' dir='ltr'><strong>non</strong></span> <span class='ocrx_word' id='word_1_440' title='bbox 1877 4223 2030 4278; x_wconf 87' lang='lat' dir='ltr'><strong>vide-</strong></span> 
     </span>
    </p>
   </div>
   <div class='ocr_carea' id='block_1_61' title="bbox 445 4306 2028 4381">
    <p class='ocr_par' dir='ltr' id='par_1_61' title="bbox 445 4306 2028 4381">
     <span class='ocr_line' id='line_1_61' title="bbox 445 4306 2028 4381; baseline 0.003 -18"><span class='ocrx_word' id='word_1_441' title='bbox 445 4318 575 4363; x_wconf 86' lang='lat' dir='ltr'><strong>runt</strong></span> <span class='ocrx_word' id='word_1_442' title='bbox 606 4306 837 4375; x_wconf 83' lang='lat' dir='ltr'><strong>Quare?</strong></span> <span class='ocrx_word' id='word_1_443' title='bbox 862 4307 1005 4373; x_wconf 83' lang='lat' dir='ltr'><strong>Quia</strong></span> <span class='ocrx_word' id='word_1_444' title='bbox 1028 4307 1161 4374; x_wconf 84' lang='lat' dir='ltr'><strong>illic,</strong></span> <span class='ocrx_word' id='word_1_445' title='bbox 1189 4323 1310 4362; x_wconf 86' lang='lat' dir='ltr'><strong>cum</strong></span> <span class='ocrx_word' id='word_1_446' title='bbox 1340 4309 1478 4379; x_wconf 84' lang='lat' dir='ltr'><strong>ipse,</strong></span> <span class='ocrx_word' id='word_1_447' title='bbox 1512 4311 1606 4379; x_wconf 84' lang='lat' dir='ltr'><strong>qui</strong></span> <span class='ocrx_word' id='word_1_448' title='bbox 1632 4323 2028 4381; x_wconf 80' lang='lat' dir='ltr'><strong>resurrexerat,</strong></span> 
     </span>
    </p>
   </div>
   <div class='ocr_carea' id='block_1_62' title="bbox 446 4398 2029 4473">
    <p class='ocr_par' dir='ltr' id='par_1_62' title="bbox 446 4398 2029 4473">
     <span class='ocr_line' id='line_1_62' title="bbox 446 4398 2029 4473; baseline 0.004 -18"><span class='ocrx_word' id='word_1_449' title='bbox 446 4414 634 4455; x_wconf 88' lang='lat' dir='ltr'><strong>coram</strong></span> <span class='ocrx_word' id='word_1_450' title='bbox 669 4414 911 4469; x_wconf 68' lang='lat' dir='ltr'><strong>praesens</strong></span> <span class='ocrx_word' id='word_1_451' title='bbox 945 4398 1186 4465; x_wconf 86' lang='lat' dir='ltr'><strong>adesset,</strong></span> <span class='ocrx_word' id='word_1_452' title='bbox 1225 4409 1391 4472; x_wconf 87' lang='lat' dir='ltr'><strong>atque</strong></span> <span class='ocrx_word' id='word_1_453' title='bbox 1419 4401 1557 4456; x_wconf 87' lang='lat' dir='ltr'><strong>adeo</strong></span> <span class='ocrx_word' id='word_1_454' title='bbox 1597 4402 1943 4473; x_wconf 89' lang='lat' dir='ltr'><strong>loqueretur,</strong></span> <span class='ocrx_word' id='word_1_455' title='bbox 1974 4415 2029 4461; x_wconf 90' lang='lat' dir='ltr'><strong>et</strong></span> 
     </span>
    </p>
   </div>
   <div class='ocr_carea' id='block_1_63' title="bbox 445 4490 2028 4564">
    <p class='ocr_par' dir='ltr' id='par_1_63' title="bbox 445 4490 2028 4564">
     <span class='ocr_line' id='line_1_63' title="bbox 445 4490 2028 4564; baseline 0.002 -19"><span class='ocrx_word' id='word_1_456' title='bbox 445 4499 857 4546; x_wconf 87' lang='lat' dir='ltr'><strong>monumentum</strong></span> <span class='ocrx_word' id='word_1_457' title='bbox 888 4490 1190 4548; x_wconf 87' lang='lat' dir='ltr'><strong>declararet</strong></span> <span class='ocrx_word' id='word_1_458' title='bbox 1206 4507 1332 4548; x_wconf 91' lang='lat' dir='ltr'><strong>eum</strong></span> <span class='ocrx_word' id='word_1_459' title='bbox 1358 4508 1466 4547; x_wconf 89' lang='lat' dir='ltr'><strong>non</strong></span> <span class='ocrx_word' id='word_1_460' title='bbox 1497 4492 1574 4549; x_wconf 90' lang='lat' dir='ltr'><strong>ibi</strong></span> <span class='ocrx_word' id='word_1_461' title='bbox 1596 4508 1739 4560; x_wconf 86' lang='lat' dir='ltr'><strong>esse,</strong></span> <span class='ocrx_word' id='word_1_462' title='bbox 1769 4509 2028 4564; x_wconf 80' lang='lat' dir='ltr'><strong>superva-</strong></span> 
     </span>
    </p>
   </div>
   <div class='ocr_carea' id='block_1_64' title="bbox 451 4582 2030 4655">
    <p class='ocr_par' dir='ltr' id='par_1_64' title="bbox 451 4582 2030 4655">
     <span class='ocr_line' id='line_1_64' title="bbox 451 4582 2030 4655; baseline 0.001 -17"><span class='ocrx_word' id='word_1_463' title='bbox 451 4595 682 4638; x_wconf 83' lang='lat' dir='ltr'><strong>caneum</strong></span> <span class='ocrx_word' id='word_1_464' title='bbox 715 4590 855 4649; x_wconf 89' lang='lat' dir='ltr'><strong>erat,</strong></span> <span class='ocrx_word' id='word_1_465' title='bbox 881 4584 1209 4654; x_wconf 89' lang='lat' dir='ltr'><strong>principium</strong></span> <span class='ocrx_word' id='word_1_466' title='bbox 1232 4582 1421 4640; x_wconf 82' lang='lat' dir='ltr'><strong>videre</strong></span> <span class='ocrx_word' id='word_1_467' title='bbox 1449 4600 1462 4639; x_wconf 90' lang='lat'><strong>:</strong></span> <span class='ocrx_word' id='word_1_468' title='bbox 1493 4584 1583 4640; x_wconf 89' lang='lat' dir='ltr'><strong>hic</strong></span> <span class='ocrx_word' id='word_1_469' title='bbox 1602 4599 1733 4639; x_wconf 85' lang='lat' dir='ltr'><strong>vero</strong></span> <span class='ocrx_word' id='word_1_470' title='bbox 1756 4599 1895 4655; x_wconf 82' lang='lat' dir='ltr'><strong>opus</strong></span> <span class='ocrx_word' id='word_1_471' title='bbox 1911 4594 2030 4641; x_wconf 83' lang='lat' dir='ltr'><strong>erat</strong></span> 
     </span>
    </p>
   </div>
   <div class='ocr_carea' id='block_1_65' title="bbox 439 4673 2023 4746">
    <p class='ocr_par' dir='ltr' id='par_1_65' title="bbox 439 4673 2023 4746">
     <span class='ocr_line' id='line_1_65' title="bbox 439 4673 2023 4746; baseline 0.001 -17"><span class='ocrx_word' id='word_1_472' title='bbox 439 4675 604 4735; x_wconf 84' lang='lat' dir='ltr'><strong>etiam</strong></span> <span class='ocrx_word' id='word_1_473' title='bbox 632 4675 776 4730; x_wconf 83' lang='lat' dir='ltr'><strong>scire</strong></span> <span class='ocrx_word' id='word_1_474' title='bbox 801 4675 989 4731; x_wconf 86' lang='lat' dir='ltr'><strong>tinem.</strong></span> <span class='ocrx_word' id='word_1_475' title='bbox 1025 4673 1145 4729; x_wconf 75' lang='lat' dir='ltr'><strong>Non</strong></span> <span class='ocrx_word' id='word_1_476' title='bbox 1193 4675 1345 4730; x_wconf 86' lang='lat' dir='ltr'><strong>enim</strong></span> <span class='ocrx_word' id='word_1_477' title='bbox 1391 4675 1541 4730; x_wconf 92' lang='lat' dir='ltr'><strong>oculi</strong></span> <span class='ocrx_word' id='word_1_478' title='bbox 1585 4679 1805 4744; x_wconf 88' lang='lat' dir='ltr'><strong>assequi</strong></span> <span class='ocrx_word' id='word_1_479' title='bbox 1856 4684 2023 4746; x_wconf 89' lang='lat' dir='ltr'><strong>atque</strong></span> 
     </span>
    </p>
   </div>
   <div class='ocr_carea' id='block_1_66' title="bbox 440 4767 2099 4855">
    <p class='ocr_par' dir='ltr' id='par_1_66' title="bbox 440 4767 2099 4855">
     <span class='ocr_line' id='line_1_66' title="bbox 440 4767 2099 4855; baseline 0.001 -33"><span class='ocrx_word' id='word_1_480' title='bbox 440 4776 700 4838; x_wconf 80' lang='lat' dir='ltr'><strong>praestare</strong></span> <span class='ocrx_word' id='word_1_481' title='bbox 730 4774 1002 4837; x_wconf 87' lang='lat' dir='ltr'><strong>poterant,</strong></span> <span class='ocrx_word' id='word_1_482' title='bbox 1050 4774 1110 4821; x_wconf 87' lang='lat' dir='ltr'><strong>ut</strong></span> <span class='ocrx_word' id='word_1_483' title='bbox 1154 4767 1513 4840; x_wconf 83' lang='lat' dir='ltr'><strong>ostenderent</strong></span> <span class='ocrx_word' id='word_1_484' title='bbox 1550 4767 1896 4824; x_wconf 87' lang='lat' dir='ltr'><strong>altitudinem</strong></span> <span class='ocrx_word' id='word_1_485' title='bbox 1935 4778 2021 4823; x_wconf 82' lang='lat' dir='ltr'><strong>at-</strong></span> <span class='ocrx_word' id='word_1_486' title='bbox 2054 4797 2099 4855; x_wconf 68' lang='grc' dir='ltr'><strong>υ</strong></span> 
     </span>
    </p>
   </div>
   <div class='ocr_carea' id='block_1_67' title="bbox 441 4857 2020 4929">
    <p class='ocr_par' dir='ltr' id='par_1_67' title="bbox 441 4857 2020 4929">
     <span class='ocr_line' id='line_1_67' title="bbox 441 4857 2020 4929; baseline 0.002 -17"><span class='ocrx_word' id='word_1_487' title='bbox 441 4873 551 4928; x_wconf 86' lang='lat' dir='ltr'><strong>que</strong></span> <span class='ocrx_word' id='word_1_488' title='bbox 575 4857 860 4924; x_wconf 87' lang='lat' dir='ltr'><strong>docerent,</strong></span> <span class='ocrx_word' id='word_1_489' title='bbox 896 4868 1082 4913; x_wconf 90' lang='lat' dir='ltr'><strong>utrum</strong></span> <span class='ocrx_word' id='word_1_490' title='bbox 1113 4858 1169 4913; x_wconf 90' lang='lat' dir='ltr'><strong>in</strong></span> <span class='ocrx_word' id='word_1_491' title='bbox 1202 4857 1380 4927; x_wconf 89' lang='lat' dir='ltr'><strong>ipsum</strong></span> <span class='ocrx_word' id='word_1_492' title='bbox 1423 4858 1623 4914; x_wconf 64' lang='lat' dir='ltr'><strong>caelum</strong></span> <span class='ocrx_word' id='word_1_493' title='bbox 1661 4860 2020 4929; x_wconf 89' lang='lat' dir='ltr'><strong>ascendisset,</strong></span> 
     </span>
    </p>
   </div>
   <div class='ocr_carea' id='block_1_68' title="bbox 441 4950 2023 5023">
    <p class='ocr_par' dir='ltr' id='par_1_68' title="bbox 441 4950 2023 5023">
     <span class='ocr_line' id='line_1_68' title="bbox 441 4950 2023 5023; baseline 0.003 -19"><span class='ocrx_word' id='word_1_494' title='bbox 441 4966 513 5006; x_wconf 87' lang='lat' dir='ltr'><strong>an</strong></span> <span class='ocrx_word' id='word_1_495' title='bbox 545 4951 710 5006; x_wconf 89' lang='lat' dir='ltr'><strong>etiam</strong></span> <span class='ocrx_word' id='word_1_496' title='bbox 738 4951 1091 5023; x_wconf 87' lang='lat' dir='ltr'><strong>aliquatenus</strong></span> <span class='ocrx_word' id='word_1_497' title='bbox 1129 4950 1433 5006; x_wconf 86' lang='lat' dir='ltr'><strong>subvectus</strong></span> <span class='ocrx_word' id='word_1_498' title='bbox 1461 4951 1775 5007; x_wconf 88' lang='lat' dir='ltr'><strong>restitisset.</strong></span> <span class='ocrx_word' id='word_1_499' title='bbox 1813 4952 2023 5009; x_wconf 87' lang='lat' dir='ltr'><strong>Idcirco</strong></span> 
     </span>
    </p>
   </div>
   <div class='ocr_carea' id='block_1_69' title="bbox 439 5040 2021 5115">
    <p class='ocr_par' dir='ltr' id='par_1_69' title="bbox 439 5040 2021 5115">
     <span class='ocr_line' id='line_1_69' title="bbox 439 5040 2021 5115; baseline -0.001 -15"><span class='ocrx_word' id='word_1_500' title='bbox 439 5043 620 5115; x_wconf 74' lang='lat' dir='ltr'><strong>angeli</strong></span> <span class='ocrx_word' id='word_1_501' title='bbox 646 5043 969 5100; x_wconf 82' lang='lat' dir='ltr'><strong>assistentes</strong></span> <span class='ocrx_word' id='word_1_502' title='bbox 999 5044 1207 5099; x_wconf 90' lang='lat' dir='ltr'><strong>docent</strong></span> <span class='ocrx_word' id='word_1_503' title='bbox 1229 5056 1317 5106; x_wconf 89' lang='lat' dir='ltr'><strong>ea,</strong></span> <span class='ocrx_word' id='word_1_504' title='bbox 1344 5056 1467 5113; x_wconf 68' lang='lat' dir='ltr'><strong>quae</strong></span> <span class='ocrx_word' id='word_1_505' title='bbox 1497 5056 1594 5111; x_wconf 85' lang='lat' dir='ltr'><strong>per</strong></span> <span class='ocrx_word' id='word_1_506' title='bbox 1621 5040 2021 5112; x_wconf 88' lang='lat' dir='ltr'><strong>iuspectionem</strong></span> 
     </span>
    </p>
   </div>
   <div class='ocr_carea' id='block_1_70' title="bbox 442 5130 2023 5206">
    <p class='ocr_par' dir='ltr' id='par_1_70' title="bbox 442 5130 2023 5206">
     <span class='ocr_line' id='line_1_70' title="bbox 442 5130 2023 5206; baseline -0.003 -13"><span class='ocrx_word' id='word_1_507' title='bbox 442 5150 555 5193; x_wconf 89' lang='lat' dir='ltr'><strong>non</strong></span> <span class='ocrx_word' id='word_1_508' title='bbox 608 5142 866 5206; x_wconf 88' lang='lat' dir='ltr'><strong>poterant</strong></span> <span class='ocrx_word' id='word_1_509' title='bbox 912 5132 1324 5204; x_wconf 86' lang='lat' dir='ltr'><strong>comprehendi.</strong></span> <span class='ocrx_word' id='word_1_510' title='bbox 1374 5130 1560 5188; x_wconf 73' lang='lat' dir='ltr'><strong>Nubes</strong></span> <span class='ocrx_word' id='word_1_511' title='bbox 1588 5138 1773 5187; x_wconf 88' lang='lat' dir='ltr'><strong>autem</strong></span> <span class='ocrx_word' id='word_1_512' title='bbox 1808 5135 2023 5203; x_wconf 81' lang='lat' dir='ltr'><strong>excepit</strong></span> 
     </span>
    </p>
   </div>
   <div class='ocr_carea' id='block_1_71' title="bbox 441 5220 2024 5297">
    <p class='ocr_par' dir='ltr' id='par_1_71' title="bbox 441 5220 2024 5297">
     <span class='ocr_line' id='line_1_71' title="bbox 441 5220 2024 5297; baseline -0.003 -14"><span class='ocrx_word' id='word_1_513' title='bbox 441 5242 611 5284; x_wconf 88' lang='lat' dir='ltr'><strong>eum:</strong></span> <span class='ocrx_word' id='word_1_514' title='bbox 663 5226 791 5297; x_wconf 89' lang='lat' dir='ltr'><strong>quia</strong></span> <span class='ocrx_word' id='word_1_515' title='bbox 846 5225 964 5280; x_wconf 70' lang='lat' dir='ltr'><strong>haec</strong></span> <span class='ocrx_word' id='word_1_516' title='bbox 1016 5225 1232 5293; x_wconf 75' lang='lat' dir='ltr'><strong>signum</strong></span> <span class='ocrx_word' id='word_1_517' title='bbox 1287 5230 1374 5278; x_wconf 90' lang='lat' dir='ltr'><strong>est</strong></span> <span class='ocrx_word' id='word_1_518' title='bbox 1432 5220 1795 5289; x_wconf 89' lang='lat' dir='ltr'><strong>Dominicum,</strong></span> <span class='ocrx_word' id='word_1_519' title='bbox 1860 5233 2024 5294; x_wconf 87' lang='lat' dir='ltr'><strong>atque</strong></span> 
     </span>
    </p>
   </div>
   <div class='ocr_carea' id='block_1_72' title="bbox 445 5312 2020 5387">
    <p class='ocr_par' dir='ltr' id='par_1_72' title="bbox 445 5312 2020 5387">
     <span class='ocr_line' id='line_1_72' title="bbox 445 5312 2020 5387; baseline -0.003 -13"><span class='ocrx_word' id='word_1_520' title='bbox 445 5319 642 5374; x_wconf 65' lang='lat' dir='ltr'><strong>dit-inte</strong></span> <span class='ocrx_word' id='word_1_521' title='bbox 664 5316 957 5387; x_wconf 88' lang='lat' dir='ltr'><strong>potestatis</strong></span> <span class='ocrx_word' id='word_1_522' title='bbox 985 5332 999 5370; x_wconf 89' lang='lat'><strong>:</strong></span> <span class='ocrx_word' id='word_1_523' title='bbox 1028 5329 1295 5384; x_wconf 88' lang='lat' dir='ltr'><strong>nusquam</strong></span> <span class='ocrx_word' id='word_1_524' title='bbox 1325 5312 1475 5369; x_wconf 88' lang='lat' dir='ltr'><strong>enim</strong></span> <span class='ocrx_word' id='word_1_525' title='bbox 1503 5312 1688 5383; x_wconf 87' lang='lat' dir='ltr'><strong>aliqua</strong></span> <span class='ocrx_word' id='word_1_526' title='bbox 1727 5313 1832 5367; x_wconf 89' lang='lat' dir='ltr'><strong>alia</strong></span> <span class='ocrx_word' id='word_1_527' title='bbox 1863 5326 2020 5383; x_wconf 79' lang='lat' dir='ltr'><strong>pete-</strong></span> 
     </span>
    </p>
   </div>
   <div class='ocr_carea' id='block_1_73' title="bbox 445 5403 2024 5478">
    <p class='ocr_par' dir='ltr' id='par_1_73' title="bbox 445 5403 2024 5478">
     <span class='ocr_line' id='line_1_73' title="bbox 445 5403 2024 5478; baseline -0.001 -14"><span class='ocrx_word' id='word_1_528' title='bbox 445 5419 559 5464; x_wconf 82' lang='lat' dir='ltr'><strong>stas</strong></span> <span class='ocrx_word' id='word_1_529' title='bbox 602 5409 657 5463; x_wconf 89' lang='lat' dir='ltr'><strong>in</strong></span> <span class='ocrx_word' id='word_1_530' title='bbox 688 5409 835 5464; x_wconf 89' lang='lat' dir='ltr'><strong>nube</strong></span> <span class='ocrx_word' id='word_1_531' title='bbox 869 5414 1116 5478; x_wconf 89' lang='lat' dir='ltr'><strong>apparet.</strong></span> <span class='ocrx_word' id='word_1_532' title='bbox 1157 5404 1525 5472; x_wconf 85' lang='lat' dir='ltr'><strong>Quamobrem</strong></span> <span class='ocrx_word' id='word_1_533' title='bbox 1566 5403 1730 5461; x_wconf 87' lang='lat' dir='ltr'><strong>etiam</strong></span> <span class='ocrx_word' id='word_1_534' title='bbox 1758 5405 1930 5461; x_wconf 84' lang='lat' dir='ltr'><strong>David</strong></span> <span class='ocrx_word' id='word_1_535' title='bbox 1955 5406 2024 5463; x_wconf 87' lang='lat' dir='ltr'><strong>de</strong></span> 
     </span>
    </p>
   </div>
   <div class='ocr_carea' id='block_1_74' title="bbox 444 5495 2020 5569">
    <p class='ocr_par' dir='ltr' id='par_1_74' title="bbox 444 5495 2020 5569">
     <span class='ocr_line' id='line_1_74' title="bbox 444 5495 2020 5569; baseline -0.001 -17"><span class='ocrx_word' id='word_1_536' title='bbox 444 5498 607 5555; x_wconf 84' lang='lat' dir='ltr'><strong>Patre</strong></span> <span class='ocrx_word' id='word_1_537' title='bbox 632 5499 767 5554; x_wconf 90' lang='lat' dir='ltr'><strong>dicit</strong></span> <span class='ocrx_word' id='word_1_538' title='bbox 796 5515 810 5553; x_wconf 90' lang='lat'><strong>:</strong></span> <span class='ocrx_word' id='word_1_539' title='bbox 856 5497 957 5569; x_wconf 78' lang='lat'><strong>13</strong></span> <span class='ocrx_word' id='word_1_540' title='bbox 1003 5497 1111 5566; x_wconf 85' lang='lat' dir='ltr'><strong>Qui</strong></span> <span class='ocrx_word' id='word_1_541' title='bbox 1139 5498 1284 5567; x_wconf 82' lang='lat' dir='ltr'><strong>ponit</strong></span> <span class='ocrx_word' id='word_1_542' title='bbox 1319 5496 1481 5554; x_wconf 77' lang='lat' dir='ltr'><strong>nubes</strong></span> <span class='ocrx_word' id='word_1_543' title='bbox 1522 5495 1936 5553; x_wconf 85' lang='lat' dir='ltr'><strong>ambulationem</strong></span> <span class='ocrx_word' id='word_1_544' title='bbox 1969 5506 2020 5553; x_wconf 90' lang='lat' dir='ltr'><strong>et</strong></span> 
     </span>
    </p>
   </div>
   <div class='ocr_carea' id='block_1_75' title="bbox 510 5612 924 5681">
    <p class='ocr_par' dir='ltr' id='par_1_75' title="bbox 510 5612 924 5681">
     <span class='ocr_line' id='line_1_75' title="bbox 510 5612 924 5681; baseline 0.005 -15"><span class='ocrx_word' id='word_1_545' title='bbox 510 5612 538 5653; x_wconf 71' lang='grc' dir='ltr'><em>ά</em></span> <span class='ocrx_word' id='word_1_546' title='bbox 567 5613 758 5668; x_wconf 78' lang='lat' dir='ltr'><strong>Matth.</strong></span> <span class='ocrx_word' id='word_1_547' title='bbox 786 5629 843 5681; x_wconf 72' lang='grc' dir='ltr'><strong>κ,</strong></span> <span class='ocrx_word' id='word_1_548' title='bbox 870 5615 924 5670; x_wconf 78' lang='lat'><strong>5.</strong></span> 
     </span>
    </p>
   </div>
   <div class='ocr_carea' id='block_1_76' title="bbox 2132 2204 3716 2277">
    <p class='ocr_par' dir='ltr' id='par_1_76' title="bbox 2132 2204 3716 2277">
     <span class='ocr_line' id='line_1_76' title="bbox 2132 2204 3716 2277; baseline -0.003 -13"><span class='ocrx_word' id='word_1_549' title='bbox 2132 2208 2233 2264; x_wconf 77' lang='grc' dir='ltr'><strong>καί</strong></span> <span class='ocrx_word' id='word_1_550' title='bbox 2261 2208 2331 2263; x_wconf 84' lang='grc' dir='ltr'><strong>ἐν</strong></span> <span class='ocrx_word' id='word_1_551' title='bbox 2373 2207 2542 2277; x_wconf 78' lang='grc' dir='ltr'>πάσῃ</span> <span class='ocrx_word' id='word_1_552' title='bbox 2582 2204 2660 2276; x_wconf 77' lang='grc' dir='ltr'>τῇ</span> <span class='ocrx_word' id='word_1_553' title='bbox 2708 2206 2961 2275; x_wconf 78' lang='grc' dir='ltr'><strong>Ἰουδαίᾳ</strong></span> <span class='ocrx_word' id='word_1_554' title='bbox 2989 2205 3090 2260; x_wconf 76' lang='grc' dir='ltr'>καὶ</span> <span class='ocrx_word' id='word_1_555' title='bbox 3118 2206 3435 2275; x_wconf 76' lang='grc' dir='ltr'>Σαμαρείᾳ,</span> <span class='ocrx_word' id='word_1_556' title='bbox 3472 2205 3570 2259; x_wconf 76' lang='grc' dir='ltr'><strong>καί</strong></span> <span class='ocrx_word' id='word_1_557' title='bbox 3597 2205 3716 2272; x_wconf 76' lang='grc' dir='ltr'>ἕως</span> 
     </span>
    </p>
   </div>
   <div class='ocr_carea' id='block_1_77' title="bbox 2131 2297 2698 2371">
    <p class='ocr_par' dir='ltr' id='par_1_77' title="bbox 2131 2297 2698 2371">
     <span class='ocr_line' id='line_1_77' title="bbox 2131 2297 2698 2371; baseline -0.009 -15"><span class='ocrx_word' id='word_1_558' title='bbox 2131 2299 2397 2371; x_wconf 81' lang='grc' dir='ltr'><strong>ἐσχάτου</strong></span> <span class='ocrx_word' id='word_1_559' title='bbox 2429 2297 2541 2368; x_wconf 86' lang='grc' dir='ltr'>τῆς</span> <span class='ocrx_word' id='word_1_560' title='bbox 2564 2298 2698 2370; x_wconf 76' lang='grc' dir='ltr'>γῆς.</span> 
     </span>
    </p>
   </div>
   <div class='ocr_carea' id='block_1_78' title="bbox 2219 2386 3715 2459">
    <p class='ocr_par' dir='ltr' id='par_1_78' title="bbox 2219 2386 3715 2459">
     <span class='ocr_line' id='line_1_78' title="bbox 2219 2386 3715 2459; baseline 0.001 -18"><span class='ocrx_word' id='word_1_561' title='bbox 2219 2389 2438 2459; x_wconf 82' lang='grc' dir='ltr'>Ἐπειδὴ</span> <span class='ocrx_word' id='word_1_562' title='bbox 2491 2387 2804 2458; x_wconf 77' lang='grc' dir='ltr'>ἔμπροσθεν</span> <span class='ocrx_word' id='word_1_563' title='bbox 2864 2386 3051 2455; x_wconf 84' lang='grc' dir='ltr'>ἔλεγεν</span> <span class='ocrx_word' id='word_1_564' title='bbox 3083 2403 3099 2419; x_wconf 80' lang='grc' dir='ltr'><strong>ο</strong></span> <span class='ocrx_word' id='word_1_565' title='bbox 3147 2388 3241 2451; x_wconf 85' lang='grc' dir='ltr'>Εἰς</span> <span class='ocrx_word' id='word_1_566' title='bbox 3270 2387 3387 2443; x_wconf 67' lang='grc' dir='ltr'>ὁδὸν</span> <span class='ocrx_word' id='word_1_567' title='bbox 3424 2387 3595 2443; x_wconf 84' lang='grc' dir='ltr'>ἐθνῶν</span> <span class='ocrx_word' id='word_1_568' title='bbox 3631 2388 3715 2459; x_wconf 76' lang='grc' dir='ltr'>μὴ</span> 
     </span>
    </p>
   </div>
   <div class='ocr_carea' id='block_1_79' title="bbox 2131 2480 3708 2552">
    <p class='ocr_par' dir='ltr' id='par_1_79' title="bbox 2131 2480 3708 2552">
     <span class='ocr_line' id='line_1_79' title="bbox 2131 2480 3708 2552; baseline -0.001 -17"><span class='ocrx_word' id='word_1_569' title='bbox 2131 2480 2429 2546; x_wconf 83' lang='grc' dir='ltr'>ἀπέλθητε,</span> <span class='ocrx_word' id='word_1_570' title='bbox 2469 2484 2563 2534; x_wconf 69' lang='grc' dir='ltr'>καὶ</span> <span class='ocrx_word' id='word_1_571' title='bbox 2589 2481 2668 2543; x_wconf 87' lang='grc' dir='ltr'><strong>εἰς</strong></span> <span class='ocrx_word' id='word_1_572' title='bbox 2711 2480 2868 2534; x_wconf 80' lang='grc' dir='ltr'>πόλιν</span> <span class='ocrx_word' id='word_1_573' title='bbox 2908 2480 3265 2551; x_wconf 84' lang='grc' dir='ltr'>Σαμαρειτῶν</span> <span class='ocrx_word' id='word_1_574' title='bbox 3299 2480 3374 2552; x_wconf 77' lang='grc' dir='ltr'>μὴ</span> <span class='ocrx_word' id='word_1_575' title='bbox 3400 2481 3708 2550; x_wconf 78' lang='grc' dir='ltr'>εἰσέλθητε,</span> 
     </span>
    </p>
   </div>
   <div class='ocr_carea' id='block_1_80' title="bbox 2134 2572 3714 2646">
    <p class='ocr_par' dir='ltr' id='par_1_80' title="bbox 2134 2572 3714 2646">
     <span class='ocr_line' id='line_1_80' title="bbox 2134 2572 3714 2646; baseline 0.003 -23"><span class='ocrx_word' id='word_1_576' title='bbox 2134 2573 2457 2643; x_wconf 82' lang='grc' dir='ltr'>βουλόμενος</span> <span class='ocrx_word' id='word_1_577' title='bbox 2508 2572 2727 2642; x_wconf 86' lang='grc' dir='ltr'>πρῶτον</span> <span class='ocrx_word' id='word_1_578' title='bbox 2771 2575 2882 2637; x_wconf 82' lang='grc' dir='ltr'>τοῖς</span> <span class='ocrx_word' id='word_1_579' title='bbox 2915 2572 3190 2636; x_wconf 81' lang='grc' dir='ltr'>Ἰουδαίοις</span> <span class='ocrx_word' id='word_1_580' title='bbox 3218 2573 3307 2627; x_wconf 84' lang='grc' dir='ltr'>τὸν</span> <span class='ocrx_word' id='word_1_581' title='bbox 3339 2573 3495 2642; x_wconf 84' lang='grc' dir='ltr'>λόγον</span> <span class='ocrx_word' id='word_1_582' title='bbox 3539 2591 3714 2646; x_wconf 84' lang='grc' dir='ltr'>κηρυ-</span> 
     </span>
    </p>
   </div>
   <div class='ocr_carea' id='block_1_81' title="bbox 2132 2663 3713 2736">
    <p class='ocr_par' dir='ltr' id='par_1_81' title="bbox 2132 2663 3713 2736">
     <span class='ocr_line' id='line_1_81' title="bbox 2132 2663 3713 2736; baseline -0.001 -18"><span class='ocrx_word' id='word_1_583' title='bbox 2132 2664 2349 2735; x_wconf 74' lang='grc' dir='ltr'>χθῆναι,</span> <span class='ocrx_word' id='word_1_584' title='bbox 2400 2664 2495 2718; x_wconf 88' lang='grc' dir='ltr'><strong>νῦν</strong></span> <span class='ocrx_word' id='word_1_585' title='bbox 2538 2663 2597 2717; x_wconf 85' lang='grc' dir='ltr'>δὲ</span> <span class='ocrx_word' id='word_1_586' title='bbox 2647 2663 2834 2717; x_wconf 77' lang='grc' dir='ltr'>λοιπὸν</span> <span class='ocrx_word' id='word_1_587' title='bbox 2883 2666 2963 2727; x_wconf 88' lang='grc' dir='ltr'><strong>είς</strong></span> <span class='ocrx_word' id='word_1_588' title='bbox 2995 2663 3093 2735; x_wconf 80' lang='grc' dir='ltr'>τὴν</span> <span class='ocrx_word' id='word_1_589' title='bbox 3136 2664 3462 2736; x_wconf 75' lang='grc' dir='ltr'>οἰκουμένην</span> <span class='ocrx_word' id='word_1_590' title='bbox 3513 2664 3620 2718; x_wconf 76' lang='grc' dir='ltr'>ἔδει</span> <span class='ocrx_word' id='word_1_591' title='bbox 3649 2664 3713 2717; x_wconf 75' lang='grc' dir='ltr'>τὸ</span> 
     </span>
    </p>
   </div>
   <div class='ocr_carea' id='block_1_82' title="bbox 2132 2749 3713 2827">
    <p class='ocr_par' dir='ltr' id='par_1_82' title="bbox 2132 2749 3713 2827">
     <span class='ocr_line' id='line_1_82' title="bbox 2132 2749 3713 2827; baseline -0.003 -16"><span class='ocrx_word' id='word_1_592' title='bbox 2132 2758 2393 2827; x_wconf 86' lang='grc' dir='ltr'>κήρυγμα</span> <span class='ocrx_word' id='word_1_593' title='bbox 2450 2754 2724 2826; x_wconf 80' lang='grc' dir='ltr'>χῠθῆναι,</span> <span class='ocrx_word' id='word_1_594' title='bbox 2771 2754 3009 2822; x_wconf 79' lang='grc' dir='ltr'><strong>εὐλόγως</strong></span> <span class='ocrx_word' id='word_1_595' title='bbox 3079 2749 3171 2807; x_wconf 82' lang='grc' dir='ltr'>οὖν</span> <span class='ocrx_word' id='word_1_596' title='bbox 3244 2754 3567 2825; x_wconf 83' lang='grc' dir='ltr'>προστίθησι</span> <span class='ocrx_word' id='word_1_597' title='bbox 3614 2755 3713 2810; x_wconf 87' lang='grc' dir='ltr'><strong>καί</strong></span> 
     </span>
    </p>
   </div>
   <div class='ocr_carea' id='block_1_83' title="bbox 2133 2840 3710 2920">
    <p class='ocr_par' dir='ltr' id='par_1_83' title="bbox 2133 2840 3710 2920">
     <span class='ocr_line' id='line_1_83' title="bbox 2133 2840 3710 2920; baseline -0.001 -20"><span class='ocrx_word' id='word_1_598' title='bbox 2133 2865 2268 2920; x_wconf 85' lang='grc' dir='ltr'>φησι</span> <span class='ocrx_word' id='word_1_599' title='bbox 2295 2863 2311 2881; x_wconf 88' lang='grc'><strong>·</strong></span> <span class='ocrx_word' id='word_1_600' title='bbox 2354 2847 2452 2901; x_wconf 85' lang='grc' dir='ltr'>Ἐν</span> <span class='ocrx_word' id='word_1_601' title='bbox 2482 2864 2542 2900; x_wconf 79' lang='grc' dir='ltr'><strong>τε</strong></span> <span class='ocrx_word' id='word_1_602' title='bbox 2578 2846 2811 2917; x_wconf 76' lang='grc' dir='ltr'>Ἰουδαίᾳ</span> <span class='ocrx_word' id='word_1_603' title='bbox 2835 2847 2929 2898; x_wconf 78' lang='grc' dir='ltr'>καὶ</span> <span class='ocrx_word' id='word_1_604' title='bbox 2954 2845 3237 2917; x_wconf 69' lang='grc' dir='ltr'>Σαμαρείᾳ</span> <span class='ocrx_word' id='word_1_605' title='bbox 3260 2862 3275 2876; x_wconf 88' lang='grc'><strong>·</strong></span> <span class='ocrx_word' id='word_1_606' title='bbox 3308 2840 3448 2910; x_wconf 78' lang='grc' dir='ltr'>εἶτα,</span> <span class='ocrx_word' id='word_1_607' title='bbox 3466 2848 3577 2899; x_wconf 71' lang='grc' dir='ltr'><strong>Καὶ</strong></span> <span class='ocrx_word' id='word_1_608' title='bbox 3599 2847 3710 2910; x_wconf 79' lang='grc' dir='ltr'>ἓως</span> 
     </span>
    </p>
   </div>
   <div class='ocr_carea' id='block_1_84' title="bbox 2131 2938 3707 3011">
    <p class='ocr_par' dir='ltr' id='par_1_84' title="bbox 2131 2938 3707 3011">
     <span class='ocr_line' id='line_1_84' title="bbox 2131 2938 3707 3011; baseline -0.001 -17"><span class='ocrx_word' id='word_1_609' title='bbox 2131 2940 2362 3011; x_wconf 83' lang='grc' dir='ltr'>ἐσχάτου</span> <span class='ocrx_word' id='word_1_610' title='bbox 2397 2939 2497 3009; x_wconf 83' lang='grc' dir='ltr'>τῆς</span> <span class='ocrx_word' id='word_1_611' title='bbox 2525 2939 2650 3009; x_wconf 82' lang='grc' dir='ltr'>γῆς.</span> <span class='ocrx_word' id='word_1_612' title='bbox 2684 2939 2757 2992; x_wconf 84' lang='grc' dir='ltr'><strong>Τὸ</strong></span> <span class='ocrx_word' id='word_1_613' title='bbox 2787 2938 3115 3003; x_wconf 73' lang='grc' dir='ltr'>δὲ,”Εσεσθέ</span> <span class='ocrx_word' id='word_1_614' title='bbox 3146 2955 3238 3008; x_wconf 81' lang='grc' dir='ltr'><strong>μοι</strong></span> <span class='ocrx_word' id='word_1_615' title='bbox 3268 2939 3562 3011; x_wconf 86' lang='grc' dir='ltr'>μάρτυρες,</span> <span class='ocrx_word' id='word_1_616' title='bbox 3586 2938 3707 3007; x_wconf 71' lang='grc' dir='ltr'>ἅμα</span> 
     </span>
    </p>
   </div>
   <div class='ocr_carea' id='block_1_85' title="bbox 2131 3028 3701 3102">
    <p class='ocr_par' dir='ltr' id='par_1_85' title="bbox 2131 3028 3701 3102">
     <span class='ocr_line' id='line_1_85' title="bbox 2131 3028 3701 3102; baseline -0.004 -16"><span class='ocrx_word' id='word_1_617' title='bbox 2131 3032 2226 3086; x_wconf 74' lang='grc' dir='ltr'>καὶ</span> <span class='ocrx_word' id='word_1_618' title='bbox 2280 3031 2564 3102; x_wconf 85' lang='grc' dir='ltr'>προτροπή</span> <span class='ocrx_word' id='word_1_619' title='bbox 2616 3031 2735 3082; x_wconf 77' lang='grc' dir='ltr'>ἐστι</span> <span class='ocrx_word' id='word_1_620' title='bbox 2786 3029 2881 3082; x_wconf 80' lang='grc' dir='ltr'>καὶ</span> <span class='ocrx_word' id='word_1_621' title='bbox 2940 3028 3283 3091; x_wconf 82' lang='grc' dir='ltr'>ἀδιάπτωτος</span> <span class='ocrx_word' id='word_1_622' title='bbox 3349 3030 3649 3097; x_wconf 77' lang='grc' dir='ltr'>προφητεία</span> <span class='ocrx_word' id='word_1_623' title='bbox 3683 3045 3701 3060; x_wconf 80' lang='grc' dir='ltr'><strong><em>ο</em></strong></span> 
     </span>
    </p>
   </div>
   <div class='ocr_carea' id='block_1_86' title="bbox 2134 3112 3706 3195">
    <p class='ocr_par' dir='ltr' id='par_1_86' title="bbox 2134 3112 3706 3195">
     <span class='ocr_line' id='line_1_86' title="bbox 2134 3112 3706 3195; baseline -0.003 -16"><span class='ocrx_word' id='word_1_624' title='bbox 2134 3124 2282 3188; x_wconf 83' lang='grc' dir='ltr'>Ἕως</span> <span class='ocrx_word' id='word_1_625' title='bbox 2316 3123 2424 3195; x_wconf 81' lang='grc' dir='ltr'>γὰρ</span> <span class='ocrx_word' id='word_1_626' title='bbox 2452 3122 2684 3194; x_wconf 77' lang='grc' dir='ltr'>ἐσχάτου</span> <span class='ocrx_word' id='word_1_627' title='bbox 2723 3120 2823 3191; x_wconf 84' lang='grc' dir='ltr'>τῆς</span> <span class='ocrx_word' id='word_1_628' title='bbox 2866 3112 2971 3192; x_wconf 76' lang='grc' dir='ltr'>γῆς</span> <span class='ocrx_word' id='word_1_629' title='bbox 3014 3122 3076 3175; x_wconf 85' lang='grc' dir='ltr'>τὸ</span> <span class='ocrx_word' id='word_1_630' title='bbox 3110 3122 3372 3193; x_wconf 81' lang='grc' dir='ltr'>κήρυγμα</span> <span class='ocrx_word' id='word_1_631' title='bbox 3411 3121 3706 3192; x_wconf 81' lang='grc' dir='ltr'>διεμαρτύ-</span> 
     </span>
    </p>
   </div>
   <div class='ocr_carea' id='block_1_87' title="bbox 2134 3233 2319 3288">
    <p class='ocr_par' dir='ltr' id='par_1_87' title="bbox 2134 3233 2319 3288">
     <span class='ocr_line' id='line_1_87' title="bbox 2134 3233 2319 3288; baseline -0.005 -18"><span class='ocrx_word' id='word_1_632' title='bbox 2134 3233 2319 3288; x_wconf 88' lang='grc' dir='ltr'>ραντο.</span> 
     </span>
    </p>
   </div>
   <div class='ocr_carea' id='block_1_88' title="bbox 2202 3305 3708 3377">
    <p class='ocr_par' dir='ltr' id='par_1_88' title="bbox 2202 3305 3708 3377">
     <span class='ocr_line' id='line_1_88' title="bbox 2202 3305 3708 3377; baseline -0.001 -15"><span class='ocrx_word' id='word_1_633' title='bbox 2202 3307 2310 3362; x_wconf 79' lang='grc' dir='ltr'>Καί</span> <span class='ocrx_word' id='word_1_634' title='bbox 2351 3307 2539 3362; x_wconf 84' lang='grc' dir='ltr'>ταῦτα</span> <span class='ocrx_word' id='word_1_635' title='bbox 2568 3307 2771 3371; x_wconf 77' lang='grc' dir='ltr'>εἰπὼν,</span> <span class='ocrx_word' id='word_1_636' title='bbox 2809 3308 3169 3373; x_wconf 68' lang='grc' dir='ltr'>βλεπόντων</span> <span class='ocrx_word' id='word_1_637' title='bbox 3203 3306 3402 3363; x_wconf 84' lang='grc' dir='ltr'>αὐτῶν</span> <span class='ocrx_word' id='word_1_638' title='bbox 3433 3305 3662 3377; x_wconf 73' lang='grc' dir='ltr'>ἐπήρθη</span> <span class='ocrx_word' id='word_1_639' title='bbox 3690 3324 3708 3342; x_wconf 79' lang='grc'><em>’</em></span> 
     </span>
    </p>
   </div>
   <div class='ocr_carea' id='block_1_89' title="bbox 2130 3394 3714 3468">
    <p class='ocr_par' dir='ltr' id='par_1_89' title="bbox 2130 3394 3714 3468">
     <span class='ocr_line' id='line_1_89' title="bbox 2130 3394 3714 3468; baseline -0.001 -16"><span class='ocrx_word' id='word_1_640' title='bbox 2130 3398 2227 3452; x_wconf 80' lang='grc' dir='ltr'><strong>καί</strong></span> <span class='ocrx_word' id='word_1_641' title='bbox 2259 3398 2487 3468; x_wconf 60' lang='grc' dir='ltr'>νεφέλη</span> <span class='ocrx_word' id='word_1_642' title='bbox 2530 3398 2832 3453; x_wconf 69' lang='grc' dir='ltr'>ὑπέλαϐεν</span> <span class='ocrx_word' id='word_1_643' title='bbox 2858 3397 3046 3453; x_wconf 85' lang='grc' dir='ltr'>αὑτὸν</span> <span class='ocrx_word' id='word_1_644' title='bbox 3083 3398 3200 3453; x_wconf 82' lang='grc' dir='ltr'><strong>ἀπὸ</strong></span> <span class='ocrx_word' id='word_1_645' title='bbox 3230 3396 3349 3453; x_wconf 87' lang='grc' dir='ltr'><strong>τῶν</strong></span> <span class='ocrx_word' id='word_1_646' title='bbox 3382 3394 3714 3468; x_wconf 70' lang='grc' dir='ltr'>ὀφθαλμῶν</span> 
     </span>
    </p>
   </div>
   <div class='ocr_carea' id='block_1_90' title="bbox 2054 3466 2351 3546">
    <p class='ocr_par' dir='ltr' id='par_1_90' title="bbox 2054 3466 2351 3546">
     <span class='ocr_line' id='line_1_90' title="bbox 2054 3466 2351 3546; baseline -0.007 0"><span class='ocrx_word' id='word_1_647' title='bbox 2054 3466 2096 3522; x_wconf 73' lang='lat' dir='ltr'>c</span> <span class='ocrx_word' id='word_1_648' title='bbox 2131 3490 2351 3546; x_wconf 82' lang='grc' dir='ltr'>αὐτῶν.</span> 
     </span>
    </p>
   </div>
   <div class='ocr_carea' id='block_1_91' title="bbox 2205 3579 3712 3655">
    <p class='ocr_par' dir='ltr' id='par_1_91' title="bbox 2205 3579 3712 3655">
     <span class='ocr_line' id='line_1_91' title="bbox 2205 3579 3712 3655; baseline 0.001 -19"><span class='ocrx_word' id='word_1_649' title='bbox 2205 3584 2310 3637; x_wconf 74' lang='grc' dir='ltr'><strong>Καὶ</strong></span> <span class='ocrx_word' id='word_1_650' title='bbox 2358 3583 2439 3648; x_wconf 84' lang='grc' dir='ltr'>ὡς</span> <span class='ocrx_word' id='word_1_651' title='bbox 2496 3582 2864 3649; x_wconf 81' lang='grc' dir='ltr'>ἀτενίζοντες</span> <span class='ocrx_word' id='word_1_652' title='bbox 2914 3579 3113 3655; x_wconf 77' lang='grc' dir='ltr'>ἦσαν,</span> <span class='ocrx_word' id='word_1_653' title='bbox 3151 3584 3239 3649; x_wconf 83' lang='grc' dir='ltr'><strong>εἰς</strong></span> <span class='ocrx_word' id='word_1_654' title='bbox 3290 3581 3398 3636; x_wconf 84' lang='grc' dir='ltr'>τὸν</span> <span class='ocrx_word' id='word_1_655' title='bbox 3444 3581 3712 3651; x_wconf 75' lang='grc' dir='ltr'>οὐρανὸν</span> 
     </span>
    </p>
   </div>
   <div class='ocr_carea' id='block_1_92' title="bbox 2132 3675 2783 3742">
    <p class='ocr_par' dir='ltr' id='par_1_92' title="bbox 2132 3675 2783 3742">
     <span class='ocr_line' id='line_1_92' title="bbox 2132 3675 2783 3742; baseline -0.002 -13"><span class='ocrx_word' id='word_1_656' title='bbox 2132 3675 2539 3742; x_wconf 76' lang='grc' dir='ltr'>πορευομένου</span> <span class='ocrx_word' id='word_1_657' title='bbox 2571 3675 2783 3729; x_wconf 83' lang='grc' dir='ltr'>αὑτοῦ.</span> 
     </span>
    </p>
   </div>
   <div class='ocr_carea' id='block_1_93' title="bbox 2202 3763 3713 3843">
    <p class='ocr_par' dir='ltr' id='par_1_93' title="bbox 2202 3763 3713 3843">
     <span class='ocr_line' id='line_1_93' title="bbox 2202 3763 3713 3843; baseline 0.003 -27"><span class='ocrx_word' id='word_1_658' title='bbox 2202 3765 2518 3817; x_wconf 84' lang='grc' dir='ltr'>Βλεπόντων</span> <span class='ocrx_word' id='word_1_659' title='bbox 2572 3764 2752 3818; x_wconf 82' lang='grc' dir='ltr'>αὐτῶν</span> <span class='ocrx_word' id='word_1_660' title='bbox 2818 3763 2917 3819; x_wconf 78' lang='grc' dir='ltr'>οὐκ</span> <span class='ocrx_word' id='word_1_661' title='bbox 2977 3764 3176 3843; x_wconf 66' lang='grc' dir='ltr'>ἀνέστη</span> <span class='ocrx_word' id='word_1_662' title='bbox 3206 3781 3221 3796; x_wconf 71' lang='grc'><strong>⁸</strong></span> <span class='ocrx_word' id='word_1_663' title='bbox 3276 3764 3594 3820; x_wconf 84' lang='grc' dir='ltr'>Βλεπόντων</span> <span class='ocrx_word' id='word_1_664' title='bbox 3651 3769 3713 3821; x_wconf 81' lang='grc' dir='ltr'>δὲ</span> 
     </span>
    </p>
   </div>
   <div class='ocr_carea' id='block_1_94' title="bbox 2131 3856 3712 3931">
    <p class='ocr_par' dir='ltr' id='par_1_94' title="bbox 2131 3856 3712 3931">
     <span class='ocr_line' id='line_1_94' title="bbox 2131 3856 3712 3931; baseline 0.003 -21"><span class='ocrx_word' id='word_1_665' title='bbox 2131 3856 2312 3910; x_wconf 79' lang='grc' dir='ltr'>αὐτῶν</span> <span class='ocrx_word' id='word_1_666' title='bbox 2344 3857 2558 3929; x_wconf 80' lang='grc' dir='ltr'>ἐπήρθη</span> <span class='ocrx_word' id='word_1_667' title='bbox 2588 3870 2604 3889; x_wconf 78' lang='grc' dir='ltr'><strong>ο</strong></span> <span class='ocrx_word' id='word_1_668' title='bbox 2652 3856 2774 3910; x_wconf 78' lang='grc' dir='ltr'>ἐπεὶ</span> <span class='ocrx_word' id='word_1_669' title='bbox 2820 3856 2941 3910; x_wconf 83' lang='grc' dir='ltr'>οὐδὲ</span> <span class='ocrx_word' id='word_1_670' title='bbox 2991 3857 3225 3912; x_wconf 84' lang='grc' dir='ltr'>ἐνταῦθα</span> <span class='ocrx_word' id='word_1_671' title='bbox 3260 3858 3463 3931; x_wconf 78' lang='grc' dir='ltr'>ήοδψις</span> <span class='ocrx_word' id='word_1_672' title='bbox 3503 3859 3563 3913; x_wconf 77' lang='grc' dir='ltr'>τὸ</span> <span class='ocrx_word' id='word_1_673' title='bbox 3598 3861 3712 3914; x_wconf 78' lang='grc' dir='ltr'><strong>πᾶν</strong></span> 
     </span>
    </p>
   </div>
   <div class='ocr_carea' id='block_1_95' title="bbox 2134 3948 3702 4021">
    <p class='ocr_par' dir='ltr' id='par_1_95' title="bbox 2134 3948 3702 4021">
     <span class='ocr_line' id='line_1_95' title="bbox 2134 3948 3702 4021; baseline 0.004 -22"><span class='ocrx_word' id='word_1_674' title='bbox 2134 3948 2324 4020; x_wconf 87' lang='grc' dir='ltr'>ίσχυσε</span> <span class='ocrx_word' id='word_1_675' title='bbox 2356 3963 2371 3977; x_wconf 75' lang='grc'><strong><em>⁸</em></strong></span> <span class='ocrx_word' id='word_1_676' title='bbox 2405 3951 2503 4002; x_wconf 77' lang='grc' dir='ltr'>καὶ</span> <span class='ocrx_word' id='word_1_677' title='bbox 2530 3948 2639 4019; x_wconf 85' lang='grc' dir='ltr'><strong>γὰρ</strong></span> <span class='ocrx_word' id='word_1_678' title='bbox 2665 3949 2763 4018; x_wconf 82' lang='grc' dir='ltr'>τῆς</span> <span class='ocrx_word' id='word_1_679' title='bbox 2788 3948 3139 4013; x_wconf 79' lang='grc' dir='ltr'>ἀναστάσεως</span> <span class='ocrx_word' id='word_1_680' title='bbox 3161 3950 3219 4001; x_wconf 79' lang='grc' dir='ltr'><strong>τὸ</strong></span> <span class='ocrx_word' id='word_1_681' title='bbox 3251 3950 3349 4021; x_wconf 81' lang='grc' dir='ltr'>μὲν</span> <span class='ocrx_word' id='word_1_682' title='bbox 3369 3951 3518 4016; x_wconf 88' lang='grc' dir='ltr'>τέλος</span> <span class='ocrx_word' id='word_1_683' title='bbox 3538 3948 3702 4017; x_wconf 78' lang='grc' dir='ltr'>εἶδον,</span> 
     </span>
    </p>
   </div>
   <div class='ocr_carea' id='block_1_96' title="bbox 2130 4034 3710 4113">
    <p class='ocr_par' dir='ltr' id='par_1_96' title="bbox 2130 4034 3710 4113">
     <span class='ocr_line' id='line_1_96' title="bbox 2130 4034 3710 4113; baseline 0.003 -22"><span class='ocrx_word' id='word_1_684' title='bbox 2130 4039 2229 4109; x_wconf 76' lang='grc' dir='ltr'><strong>τήν</strong></span> <span class='ocrx_word' id='word_1_685' title='bbox 2259 4039 2316 4092; x_wconf 84' lang='grc' dir='ltr'><strong>δέ</strong></span> <span class='ocrx_word' id='word_1_686' title='bbox 2347 4039 2523 4110; x_wconf 81' lang='grc' dir='ltr'>ἀρχὴν</span> <span class='ocrx_word' id='word_1_687' title='bbox 2571 4039 2674 4092; x_wconf 81' lang='grc' dir='ltr'>οὐκ</span> <span class='ocrx_word' id='word_1_688' title='bbox 2723 4034 2902 4092; x_wconf 78' lang='grc' dir='ltr'>εἶδον·</span> <span class='ocrx_word' id='word_1_689' title='bbox 2954 4038 3048 4093; x_wconf 74' lang='grc' dir='ltr'>καὶ</span> <span class='ocrx_word' id='word_1_690' title='bbox 3103 4038 3206 4111; x_wconf 82' lang='grc' dir='ltr'>τῆς</span> <span class='ocrx_word' id='word_1_691' title='bbox 3254 4040 3572 4113; x_wconf 82' lang='grc' dir='ltr'>ἀναλήψεως</span> <span class='ocrx_word' id='word_1_692' title='bbox 3604 4045 3710 4113; x_wconf 64' lang='grc' dir='ltr'>τὴν</span> 
     </span>
    </p>
   </div>
   <div class='ocr_carea' id='block_1_97' title="bbox 2135 4126 3709 4201">
    <p class='ocr_par' dir='ltr' id='par_1_97' title="bbox 2135 4126 3709 4201">
     <span class='ocr_line' id='line_1_97' title="bbox 2135 4126 3709 4201; baseline 0.005 -21"><span class='ocrx_word' id='word_1_693' title='bbox 2135 4129 2236 4199; x_wconf 85' lang='grc' dir='ltr'>μὲν</span> <span class='ocrx_word' id='word_1_694' title='bbox 2264 4130 2439 4199; x_wconf 81' lang='grc' dir='ltr'>ἀρχὴν</span> <span class='ocrx_word' id='word_1_695' title='bbox 2469 4127 2628 4193; x_wconf 78' lang='grc' dir='ltr'>εἶδον,</span> <span class='ocrx_word' id='word_1_696' title='bbox 2662 4130 2723 4183; x_wconf 77' lang='grc' dir='ltr'>τὸ</span> <span class='ocrx_word' id='word_1_697' title='bbox 2755 4130 2813 4183; x_wconf 84' lang='grc' dir='ltr'>δὲ</span> <span class='ocrx_word' id='word_1_698' title='bbox 2853 4129 3007 4194; x_wconf 82' lang='grc' dir='ltr'>τέλος</span> <span class='ocrx_word' id='word_1_699' title='bbox 3034 4131 3135 4185; x_wconf 76' lang='grc' dir='ltr'>οὐκ</span> <span class='ocrx_word' id='word_1_700' title='bbox 3166 4126 3327 4199; x_wconf 74' lang='grc' dir='ltr'>εἶδον,</span> <span class='ocrx_word' id='word_1_701' title='bbox 3346 4132 3436 4186; x_wconf 81' lang='grc' dir='ltr'><strong>διὰ</strong></span> <span class='ocrx_word' id='word_1_702' title='bbox 3464 4133 3553 4201; x_wconf 76' lang='grc' dir='ltr'><strong>τίς</strong></span> <span class='ocrx_word' id='word_1_703' title='bbox 3584 4135 3709 4189; x_wconf 84' lang='grc' dir='ltr'><strong>Ὀτι</strong></span> 
     </span>
    </p>
   </div>
   <div class='ocr_carea' id='block_1_98' title="bbox 2132 4216 3710 4294">
    <p class='ocr_par' dir='ltr' id='par_1_98' title="bbox 2132 4216 3710 4294">
     <span class='ocr_line' id='line_1_98' title="bbox 2132 4216 3710 4294; baseline 0.005 -22"><span class='ocrx_word' id='word_1_704' title='bbox 2132 4221 2250 4273; x_wconf 81' lang='grc' dir='ltr'>ἐκεῖ</span> <span class='ocrx_word' id='word_1_705' title='bbox 2273 4222 2546 4289; x_wconf 83' lang='grc' dir='ltr'>παρέλκον</span> <span class='ocrx_word' id='word_1_706' title='bbox 2604 4216 2674 4292; x_wconf 81' lang='grc' dir='ltr'>ἦν</span> <span class='ocrx_word' id='word_1_707' title='bbox 2705 4221 2806 4292; x_wconf 81' lang='grc' dir='ltr'>τὴν</span> <span class='ocrx_word' id='word_1_708' title='bbox 2851 4223 3024 4294; x_wconf 78' lang='grc' dir='ltr'>ἀρχὴν</span> <span class='ocrx_word' id='word_1_709' title='bbox 3068 4216 3216 4289; x_wconf 82' lang='grc' dir='ltr'>ἰδεῖν,</span> <span class='ocrx_word' id='word_1_710' title='bbox 3252 4226 3417 4279; x_wconf 85' lang='grc' dir='ltr'>αὐτοῦ</span> <span class='ocrx_word' id='word_1_711' title='bbox 3448 4226 3543 4281; x_wconf 82' lang='grc' dir='ltr'><strong>τοῦ</strong></span> <span class='ocrx_word' id='word_1_712' title='bbox 3573 4229 3710 4283; x_wconf 82' lang='grc' dir='ltr'>ἀνα-</span> 
     </span>
    </p>
   </div>
   <div class='ocr_carea' id='block_1_99' title="bbox 2134 4312 3704 4386">
    <p class='ocr_par' dir='ltr' id='par_1_99' title="bbox 2134 4312 3704 4386">
     <span class='ocr_line' id='line_1_99' title="bbox 2134 4312 3704 4386; baseline 0.004 -21"><span class='ocrx_word' id='word_1_713' title='bbox 2134 4313 2359 4376; x_wconf 85' lang='grc' dir='ltr'>στάντος</span> <span class='ocrx_word' id='word_1_714' title='bbox 2394 4312 2681 4382; x_wconf 87' lang='grc' dir='ltr'>παρόντος,</span> <span class='ocrx_word' id='word_1_715' title='bbox 2730 4318 2825 4368; x_wconf 69' lang='grc' dir='ltr'>καὶ</span> <span class='ocrx_word' id='word_1_716' title='bbox 2882 4314 3054 4368; x_wconf 87' lang='grc' dir='ltr'>ταῦτα</span> <span class='ocrx_word' id='word_1_717' title='bbox 3078 4315 3453 4386; x_wconf 82' lang='grc' dir='ltr'>φθεγγομένου</span> <span class='ocrx_word' id='word_1_718' title='bbox 3482 4321 3577 4372; x_wconf 60' lang='grc' dir='ltr'><strong>κατ⁹</strong></span> <span class='ocrx_word' id='word_1_719' title='bbox 3605 4318 3704 4372; x_wconf 87' lang='grc' dir='ltr'><strong>τοῦ</strong></span> 
     </span>
    </p>
   </div>
   <div class='ocr_carea' id='block_1_100' title="bbox 2138 4402 3706 4475">
    <p class='ocr_par' dir='ltr' id='par_1_100' title="bbox 2138 4402 3706 4475">
     <span class='ocr_line' id='line_1_100' title="bbox 2138 4402 3706 4475; baseline 0.006 -21"><span class='ocrx_word' id='word_1_720' title='bbox 2138 4402 2422 4473; x_wconf 84' lang='grc' dir='ltr'>μνήματος</span> <span class='ocrx_word' id='word_1_721' title='bbox 2471 4403 2780 4475; x_wconf 83' lang='grc' dir='ltr'>δηλοῦντος,</span> <span class='ocrx_word' id='word_1_722' title='bbox 2829 4405 2912 4459; x_wconf 83' lang='grc' dir='ltr'>ὅτι</span> <span class='ocrx_word' id='word_1_723' title='bbox 2943 4406 3042 4459; x_wconf 82' lang='grc' dir='ltr'>οὐκ</span> <span class='ocrx_word' id='word_1_724' title='bbox 3074 4406 3223 4460; x_wconf 75' lang='grc' dir='ltr'>ἐστιν</span> <span class='ocrx_word' id='word_1_725' title='bbox 3249 4409 3384 4462; x_wconf 79' lang='grc' dir='ltr'>ἐκεῖ.</span> <span class='ocrx_word' id='word_1_726' title='bbox 3440 4409 3706 4463; x_wconf 78' lang='grc' dir='ltr'>Ἐνταῦθα</span> 
     </span>
    </p>
   </div>
   <div class='ocr_carea' id='block_1_101' title="bbox 2130 4493 3705 4571">
    <p class='ocr_par' dir='ltr' id='par_1_101' title="bbox 2130 4493 3705 4571">
     <span class='ocr_line' id='line_1_101' title="bbox 2130 4493 3705 4571; baseline 0.005 -24"><span class='ocrx_word' id='word_1_727' title='bbox 2130 4495 2187 4547; x_wconf 82' lang='grc' dir='ltr'>δὲ</span> <span class='ocrx_word' id='word_1_728' title='bbox 2227 4494 2383 4565; x_wconf 80' lang='grc' dir='ltr'>χρεία</span> <span class='ocrx_word' id='word_1_729' title='bbox 2417 4493 2619 4566; x_wconf 84' lang='grc' dir='ltr'>μαθεῖν</span> <span class='ocrx_word' id='word_1_730' title='bbox 2646 4498 2740 4550; x_wconf 78' lang='grc' dir='ltr'>καὶ</span> <span class='ocrx_word' id='word_1_731' title='bbox 2767 4496 2827 4549; x_wconf 85' lang='grc' dir='ltr'>τὸ</span> <span class='ocrx_word' id='word_1_732' title='bbox 2863 4496 3014 4561; x_wconf 87' lang='grc' dir='ltr'>τέλος</span> <span class='ocrx_word' id='word_1_733' title='bbox 3044 4515 3058 4529; x_wconf 89' lang='grc'><strong>·</strong></span> <span class='ocrx_word' id='word_1_734' title='bbox 3104 4499 3166 4551; x_wconf 81' lang='grc' dir='ltr'>οὐ</span> <span class='ocrx_word' id='word_1_735' title='bbox 3199 4498 3309 4569; x_wconf 75' lang='grc' dir='ltr'><strong>γὰρ</strong></span> <span class='ocrx_word' id='word_1_736' title='bbox 3340 4499 3605 4571; x_wconf 74' lang='grc' dir='ltr'>ἐξήρκουν</span> <span class='ocrx_word' id='word_1_737' title='bbox 3652 4504 3705 4555; x_wconf 80' lang='grc' dir='ltr'>οἱ</span> 
     </span>
    </p>
   </div>
   <div class='ocr_carea' id='block_1_102' title="bbox 2132 4583 3709 4663">
    <p class='ocr_par' dir='ltr' id='par_1_102' title="bbox 2132 4583 3709 4663">
     <span class='ocr_line' id='line_1_102' title="bbox 2132 4583 3709 4663; baseline 0.002 -21"><span class='ocrx_word' id='word_1_738' title='bbox 2132 4584 2402 4655; x_wconf 72' lang='grc' dir='ltr'>ὀφθαλμοὶ</span> <span class='ocrx_word' id='word_1_739' title='bbox 2446 4583 2618 4650; x_wconf 83' lang='grc' dir='ltr'>δεῖξαι</span> <span class='ocrx_word' id='word_1_740' title='bbox 2660 4586 2721 4640; x_wconf 81' lang='grc' dir='ltr'>τὸ</span> <span class='ocrx_word' id='word_1_741' title='bbox 2765 4584 2921 4657; x_wconf 77' lang='grc' dir='ltr'>ὕψος.</span> <span class='ocrx_word' id='word_1_742' title='bbox 2965 4587 3088 4642; x_wconf 85' lang='grc' dir='ltr'>οὐδέ</span> <span class='ocrx_word' id='word_1_743' title='bbox 3122 4588 3333 4655; x_wconf 81' lang='grc' dir='ltr'>διδάξαι</span> <span class='ocrx_word' id='word_1_744' title='bbox 3369 4590 3597 4663; x_wconf 84' lang='grc' dir='ltr'>πότερον</span> <span class='ocrx_word' id='word_1_745' title='bbox 3622 4595 3709 4656; x_wconf 77' lang='grc' dir='ltr'><strong>εἰς</strong></span> 
     </span>
    </p>
   </div>
   <div class='ocr_carea' id='block_1_103' title="bbox 2131 4676 3704 4755">
    <p class='ocr_par' dir='ltr' id='par_1_103' title="bbox 2131 4676 3704 4755">
     <span class='ocr_line' id='line_1_103' title="bbox 2131 4676 3704 4755; baseline 0.004 -26"><span class='ocrx_word' id='word_1_746' title='bbox 2131 4676 2295 4730; x_wconf 78' lang='grc' dir='ltr'>αὐτὸν</span> <span class='ocrx_word' id='word_1_747' title='bbox 2327 4677 2529 4748; x_wconf 81' lang='grc' dir='ltr'>ανῆλθε</span> <span class='ocrx_word' id='word_1_748' title='bbox 2558 4676 2654 4731; x_wconf 81' lang='grc' dir='ltr'><strong>τὸν</strong></span> <span class='ocrx_word' id='word_1_749' title='bbox 2684 4677 2938 4747; x_wconf 78' lang='grc' dir='ltr'>οὐρανὸν,</span> <span class='ocrx_word' id='word_1_750' title='bbox 2981 4678 3015 4750; x_wconf 79' lang='grc' dir='ltr'><strong>ἢ</strong></span> <span class='ocrx_word' id='word_1_751' title='bbox 3060 4678 3157 4732; x_wconf 82' lang='grc' dir='ltr'>καὶ</span> <span class='ocrx_word' id='word_1_752' title='bbox 3184 4681 3347 4751; x_wconf 89' lang='grc' dir='ltr'>μέχρι</span> <span class='ocrx_word' id='word_1_753' title='bbox 3378 4682 3521 4745; x_wconf 83' lang='grc' dir='ltr'>τινὸς</span> <span class='ocrx_word' id='word_1_754' title='bbox 3548 4681 3704 4755; x_wconf 77' lang='grc' dir='ltr'>ἔστη.</span> 
     </span>
    </p>
   </div>
   <div class='ocr_carea' id='block_1_104' title="bbox 2129 4768 3709 4837">
    <p class='ocr_par' dir='ltr' id='par_1_104' title="bbox 2129 4768 3709 4837">
     <span class='ocr_line' id='line_1_104' title="bbox 2129 4768 3709 4837; baseline 0.005 -16"><span class='ocrx_word' id='word_1_755' title='bbox 2129 4770 2227 4822; x_wconf 67' lang='grc' dir='ltr'>Διὰ</span> <span class='ocrx_word' id='word_1_756' title='bbox 2254 4768 2413 4822; x_wconf 85' lang='grc' dir='ltr'>τοῦτο</span> <span class='ocrx_word' id='word_1_757' title='bbox 2446 4768 2669 4837; x_wconf 78' lang='grc' dir='ltr'>ἄγγελοι</span> <span class='ocrx_word' id='word_1_758' title='bbox 2704 4769 3027 4833; x_wconf 82' lang='grc' dir='ltr'>ἐπιστάντες</span> <span class='ocrx_word' id='word_1_759' title='bbox 3059 4770 3426 4837; x_wconf 76' lang='grc' dir='ltr'>διδάσκουσιν,</span> <span class='ocrx_word' id='word_1_760' title='bbox 3464 4774 3501 4826; x_wconf 83' lang='grc' dir='ltr'>ἃ</span> <span class='ocrx_word' id='word_1_761' title='bbox 3535 4792 3709 4829; x_wconf 82' lang='grc' dir='ltr'>κατα-</span> 
     </span>
    </p>
   </div>
   <div class='ocr_carea' id='block_1_105' title="bbox 2128 4860 3707 4934">
    <p class='ocr_par' dir='ltr' id='par_1_105' title="bbox 2128 4860 3707 4934">
     <span class='ocr_line' id='line_1_105' title="bbox 2128 4860 3707 4934; baseline 0.004 -20"><span class='ocrx_word' id='word_1_762' title='bbox 2128 4860 2315 4915; x_wconf 77' lang='grc' dir='ltr'>λαϐεῖν</span> <span class='ocrx_word' id='word_1_763' title='bbox 2346 4861 2447 4914; x_wconf 80' lang='grc' dir='ltr'>οὐκ</span> <span class='ocrx_word' id='word_1_764' title='bbox 2483 4861 2611 4930; x_wconf 81' lang='grc' dir='ltr'>ἐνῆν</span> <span class='ocrx_word' id='word_1_765' title='bbox 2654 4860 2744 4914; x_wconf 84' lang='grc' dir='ltr'>διὰ</span> <span class='ocrx_word' id='word_1_766' title='bbox 2783 4862 2880 4931; x_wconf 82' lang='grc' dir='ltr'>τῆς</span> <span class='ocrx_word' id='word_1_767' title='bbox 2931 4860 3127 4931; x_wconf 73' lang='grc' dir='ltr'>ὅψεως.</span> <span class='ocrx_word' id='word_1_768' title='bbox 3173 4861 3393 4934; x_wconf 70' lang='grc' dir='ltr'>Νεφέλη</span> <span class='ocrx_word' id='word_1_769' title='bbox 3437 4865 3495 4918; x_wconf 88' lang='grc' dir='ltr'>δὲ</span> <span class='ocrx_word' id='word_1_770' title='bbox 3538 4866 3707 4922; x_wconf 82' lang='grc' dir='ltr'>αὑτὸν</span> 
     </span>
    </p>
   </div>
   <div class='ocr_carea' id='block_1_106' title="bbox 2132 4951 3707 5026">
    <p class='ocr_par' dir='ltr' id='par_1_106' title="bbox 2132 4951 3707 5026">
     <span class='ocr_line' id='line_1_106' title="bbox 2132 4951 3707 5026; baseline 0.005 -21"><span class='ocrx_word' id='word_1_771' title='bbox 2132 4952 2423 5019; x_wconf 77' lang='grc' dir='ltr'>ὑπέλαϐεν,</span> <span class='ocrx_word' id='word_1_772' title='bbox 2455 4952 2535 5006; x_wconf 85' lang='grc' dir='ltr'>ὅτι</span> <span class='ocrx_word' id='word_1_773' title='bbox 2566 4951 2832 5022; x_wconf 76' lang='grc' dir='ltr'>σύμϐολόν</span> <span class='ocrx_word' id='word_1_774' title='bbox 2868 4954 3016 5009; x_wconf 87' lang='grc' dir='ltr'>ἐστιν</span> <span class='ocrx_word' id='word_1_775' title='bbox 3049 4952 3187 5026; x_wconf 77' lang='grc' dir='ltr'>αὕτη</span> <span class='ocrx_word' id='word_1_776' title='bbox 3212 4956 3561 5023; x_wconf 79' lang='grc' dir='ltr'>Δεσποτικδν,</span> <span class='ocrx_word' id='word_1_777' title='bbox 3609 4961 3707 5013; x_wconf 84' lang='grc' dir='ltr'>καὶ</span> 
     </span>
    </p>
   </div>
   <div class='ocr_carea' id='block_1_107' title="bbox 2130 5041 3705 5117">
    <p class='ocr_par' dir='ltr' id='par_1_107' title="bbox 2130 5041 3705 5117">
     <span class='ocr_line' id='line_1_107' title="bbox 2130 5041 3705 5117; baseline 0.003 -20"><span class='ocrx_word' id='word_1_778' title='bbox 2130 5044 2282 5105; x_wconf 87' lang='grc' dir='ltr'>θείας</span> <span class='ocrx_word' id='word_1_779' title='bbox 2307 5043 2590 5114; x_wconf 78' lang='grc' dir='ltr'>δυνάμεως</span> <span class='ocrx_word' id='word_1_780' title='bbox 2618 5057 2631 5071; x_wconf 79' lang='grc'><strong><em>⁸</em></strong></span> <span class='ocrx_word' id='word_1_781' title='bbox 2664 5041 2904 5112; x_wconf 81' lang='grc' dir='ltr'>οὐδαμοῦ</span> <span class='ocrx_word' id='word_1_782' title='bbox 2935 5043 3042 5117; x_wconf 85' lang='grc' dir='ltr'><strong>γὰρ</strong></span> <span class='ocrx_word' id='word_1_783' title='bbox 3068 5043 3205 5115; x_wconf 79' lang='grc' dir='ltr'>ἄλλη</span> <span class='ocrx_word' id='word_1_784' title='bbox 3240 5062 3322 5109; x_wconf 86' lang='grc' dir='ltr'><strong>τις</strong></span> <span class='ocrx_word' id='word_1_785' title='bbox 3346 5045 3577 5117; x_wconf 81' lang='grc' dir='ltr'>δύναμις</span> <span class='ocrx_word' id='word_1_786' title='bbox 3607 5049 3705 5103; x_wconf 76' lang='grc' dir='ltr'>ἐπὶ</span> 
     </span>
    </p>
   </div>
   <div class='ocr_carea' id='block_1_108' title="bbox 2130 5133 3706 5210">
    <p class='ocr_par' dir='ltr' id='par_1_108' title="bbox 2130 5133 3706 5210">
     <span class='ocr_line' id='line_1_108' title="bbox 2130 5133 3706 5210; baseline 0.002 -21"><span class='ocrx_word' id='word_1_787' title='bbox 2130 5134 2358 5204; x_wconf 87' lang='grc' dir='ltr'>νεφέλης</span> <span class='ocrx_word' id='word_1_788' title='bbox 2387 5134 2657 5203; x_wconf 86' lang='grc' dir='ltr'>φαίνεται.</span> <span class='ocrx_word' id='word_1_789' title='bbox 2704 5133 2797 5186; x_wconf 86' lang='grc' dir='ltr'>Διδ</span> <span class='ocrx_word' id='word_1_790' title='bbox 2830 5136 2924 5187; x_wconf 75' lang='grc' dir='ltr'>καὶ</span> <span class='ocrx_word' id='word_1_791' title='bbox 2958 5135 2987 5188; x_wconf 83' lang='grc' dir='ltr'>ὀ</span> <span class='ocrx_word' id='word_1_792' title='bbox 3012 5135 3178 5191; x_wconf 78' lang='grc' dir='ltr'>Δαδὶδ</span> <span class='ocrx_word' id='word_1_793' title='bbox 3205 5138 3336 5207; x_wconf 84' lang='grc' dir='ltr'>περὶ</span> <span class='ocrx_word' id='word_1_794' title='bbox 3362 5136 3456 5190; x_wconf 83' lang='grc' dir='ltr'><strong>τοῦ</strong></span> <span class='ocrx_word' id='word_1_795' title='bbox 3490 5139 3706 5210; x_wconf 82' lang='grc' dir='ltr'>Πατρὸς</span> 
     </span>
    </p>
   </div>
   <div class='ocr_carea' id='block_1_109' title="bbox 2126 5221 3705 5293">
    <p class='ocr_par' dir='ltr' id='par_1_109' title="bbox 2126 5221 3705 5293">
     <span class='ocr_line' id='line_1_109' title="bbox 2126 5221 3705 5293; baseline 0.004 -15"><span class='ocrx_word' id='word_1_796' title='bbox 2126 5225 2315 5293; x_wconf 82' lang='grc' dir='ltr'>λέγει·</span> <span class='ocrx_word' id='word_1_797' title='bbox 2360 5224 2425 5277; x_wconf 92' lang='lat'><strong>&#39;0</strong></span> <span class='ocrx_word' id='word_1_798' title='bbox 2459 5223 2639 5289; x_wconf 77' lang='grc' dir='ltr'>τιθεὶς</span> <span class='ocrx_word' id='word_1_799' title='bbox 2696 5221 2851 5293; x_wconf 70' lang='grc' dir='ltr'>νέφη</span> <span class='ocrx_word' id='word_1_800' title='bbox 2890 5222 3005 5291; x_wconf 81' lang='grc' dir='ltr'>τὴν</span> <span class='ocrx_word' id='word_1_801' title='bbox 3031 5223 3315 5281; x_wconf 80' lang='grc' dir='ltr'>ἐπίϐασιν</span> <span class='ocrx_word' id='word_1_802' title='bbox 3355 5228 3578 5284; x_wconf 75' lang='grc' dir='ltr'>αὐτοῦ’</span> <span class='ocrx_word' id='word_1_803' title='bbox 3608 5232 3705 5285; x_wconf 77' lang='grc' dir='ltr'><strong>καὶ</strong></span> 
     </span>
    </p>
   </div>
   <div class='ocr_carea' id='block_1_110' title="bbox 2127 5315 3703 5389">
    <p class='ocr_par' dir='ltr' id='par_1_110' title="bbox 2127 5315 3703 5389">
     <span class='ocr_line' id='line_1_110' title="bbox 2127 5315 3703 5389; baseline 0.003 -17"><span class='ocrx_word' id='word_1_804' title='bbox 2127 5318 2301 5380; x_wconf 77' lang='grc' dir='ltr'>ἄλλως</span> <span class='ocrx_word' id='word_1_805' title='bbox 2318 5317 2363 5350; x_wconf 81' lang='grc'><strong><em>⁸⁸</em></strong></span> <span class='ocrx_word' id='word_1_806' title='bbox 2389 5331 2406 5348; x_wconf 78' lang='grc' dir='ltr'><strong><em>ο</em></strong></span> <span class='ocrx_word' id='word_1_807' title='bbox 2433 5315 2566 5371; x_wconf 75' lang='grc' dir='ltr'><strong>Ἐπὶ</strong></span> <span class='ocrx_word' id='word_1_808' title='bbox 2589 5315 2853 5384; x_wconf 69' lang='grc' dir='ltr'>νεφέλης</span> <span class='ocrx_word' id='word_1_809' title='bbox 2904 5317 3140 5386; x_wconf 71' lang='grc' dir='ltr'>κούφης</span> <span class='ocrx_word' id='word_1_810' title='bbox 3179 5320 3212 5372; x_wconf 87' lang='lat' dir='ltr'><strong>d</strong></span> <span class='ocrx_word' id='word_1_811' title='bbox 3244 5319 3389 5387; x_wconf 85' lang='grc' dir='ltr'>Θεὸς</span> <span class='ocrx_word' id='word_1_812' title='bbox 3411 5320 3665 5389; x_wconf 79' lang='grc' dir='ltr'>κάθηται</span> <span class='ocrx_word' id='word_1_813' title='bbox 3687 5339 3703 5357; x_wconf 78' lang='grc' dir='ltr'><strong><em>ο</em></strong></span> 
     </span>
    </p>
   </div>
   <div class='ocr_carea' id='block_1_111' title="bbox 2126 5406 3702 5483">
    <p class='ocr_par' dir='ltr' id='par_1_111' title="bbox 2126 5406 3702 5483">
     <span class='ocr_line' id='line_1_111' title="bbox 2126 5406 3702 5483; baseline 0.004 -22"><span class='ocrx_word' id='word_1_814' title='bbox 2126 5410 2221 5463; x_wconf 77' lang='grc' dir='ltr'>καὶ</span> <span class='ocrx_word' id='word_1_815' title='bbox 2256 5407 2425 5481; x_wconf 88' lang='grc' dir='ltr'>μυρία</span> <span class='ocrx_word' id='word_1_816' title='bbox 2447 5408 2605 5465; x_wconf 75' lang='grc' dir='ltr'>ἄλλα.</span> <span class='ocrx_word' id='word_1_817' title='bbox 2647 5406 2859 5472; x_wconf 75' lang='grc' dir='ltr'>Ἄλλως</span> <span class='ocrx_word' id='word_1_818' title='bbox 2888 5408 3010 5461; x_wconf 73' lang='grc' dir='ltr'>οὐδὲ</span> <span class='ocrx_word' id='word_1_819' title='bbox 3047 5408 3204 5463; x_wconf 88' lang='grc' dir='ltr'>τοῦτο</span> <span class='ocrx_word' id='word_1_820' title='bbox 3237 5412 3361 5483; x_wconf 82' lang='grc' dir='ltr'>εἰκῆ</span> <span class='ocrx_word' id='word_1_821' title='bbox 3392 5413 3489 5468; x_wconf 75' lang='grc' dir='ltr'>καὶ</span> <span class='ocrx_word' id='word_1_822' title='bbox 3513 5413 3702 5479; x_wconf 71' lang='grc' dir='ltr'>ἁπλῶς</span> 
     </span>
    </p>
   </div>
   <div class='ocr_carea' id='block_1_112' title="bbox 2127 5498 3701 5579">
    <p class='ocr_par' dir='ltr' id='par_1_112' title="bbox 2127 5498 3701 5579">
     <span class='ocr_line' id='line_1_112' title="bbox 2127 5498 3701 5579; baseline 0.003 -24"><span class='ocrx_word' id='word_1_823' title='bbox 2127 5499 2450 5571; x_wconf 87' lang='grc' dir='ltr'>πεποίηκεν.</span> <span class='ocrx_word' id='word_1_824' title='bbox 2507 5498 2676 5565; x_wconf 85' lang='grc' dir='ltr'>Εἰδὼς</span> <span class='ocrx_word' id='word_1_825' title='bbox 2710 5498 2818 5572; x_wconf 79' lang='grc' dir='ltr'>γὰρ</span> <span class='ocrx_word' id='word_1_826' title='bbox 2864 5501 2894 5554; x_wconf 84' lang='grc' dir='ltr'>ὀ</span> <span class='ocrx_word' id='word_1_827' title='bbox 2921 5499 3126 5573; x_wconf 80' lang='grc' dir='ltr'>Κύριος</span> <span class='ocrx_word' id='word_1_828' title='bbox 3183 5501 3265 5557; x_wconf 84' lang='grc' dir='ltr'><strong>δτι</strong></span> <span class='ocrx_word' id='word_1_829' title='bbox 3307 5503 3404 5560; x_wconf 76' lang='grc' dir='ltr'><strong>ἐὰν</strong></span> <span class='ocrx_word' id='word_1_830' title='bbox 3455 5505 3701 5579; x_wconf 64' lang='grc' dir='ltr'>ἀοράτως</span> 
     </span>
    </p>
   </div>
   <div class='ocr_carea' id='block_1_113' title="bbox 1625 5707 2497 5773">
    <p class='ocr_par' dir='ltr' id='par_1_113' title="bbox 1625 5707 2497 5773">
     <span class='ocr_line' id='line_1_113' title="bbox 1625 5707 2497 5773; baseline -0.007 0"><span class='ocrx_word' id='word_1_831' title='bbox 1625 5708 1829 5773; x_wconf 78' lang='lat' dir='ltr'><strong>Variae</strong></span> <span class='ocrx_word' id='word_1_832' title='bbox 1860 5707 2174 5771; x_wconf 88' lang='lat' dir='ltr'><strong>lectiones</strong></span> <span class='ocrx_word' id='word_1_833' title='bbox 2207 5712 2269 5768; x_wconf 86' lang='lat' dir='ltr'><strong>et</strong></span> <span class='ocrx_word' id='word_1_834' title='bbox 2303 5710 2497 5768; x_wconf 68' lang='lat' dir='ltr'><strong>notae.</strong></span> 
     </span>
    </p>
   </div>
   <div class='ocr_carea' id='block_1_114' title="bbox 517 5810 896 5865">
    <p class='ocr_par' dir='ltr' id='par_1_114' title="bbox 517 5810 896 5865">
     <span class='ocr_line' id='line_1_114' title="bbox 517 5810 896 5865; baseline -0.003 -2"><span class='ocrx_word' id='word_1_835' title='bbox 517 5814 560 5845; x_wconf 78' lang='grc'><strong>⁸³</strong></span> <span class='ocrx_word' id='word_1_836' title='bbox 584 5812 668 5865; x_wconf 80' lang='grc' dir='ltr'><strong>ῐσ.</strong></span> <span class='ocrx_word' id='word_1_837' title='bbox 696 5810 896 5865; x_wconf 77' lang='grc' dir='ltr'>ἄλλοθι.</span> 
     </span>
    </p>
   </div>
  </div>
