4044 6416
362 371 468 435 517

1175 371 1577 432 EXPOSlTlO
1604 371 1686 433 IN
1711 371 1897 432 ACTA
1937 373 2585 439 APOSTOLOBUM.—
2619 378 2773 439 CAP.
2819 379 2868 439 Ι.

3519 383 3625 448 518

367 485 552 546 αὐτοῖς
591 481 789 552 ἀναϐῇ,
817 479 893 545 ὡς
925 479 1019 534 καὶ
1047 482 1254 551 κατέϐη
1277 521 1294 548 ,
1334 482 1534 552 μᾶλλον
1571 481 1630 534 δὲ
1652 523 1666 546 ,
1707 483 1782 544 ὡς
1815 497 1950 550 συγ-

2063 485 2417 540 ascensionem
2449 503 2622 551 suam,
2655 496 2818 557 alque
2847 487 2973 543 alibi
3005 488 3213 558 :Super
3249 493 3435 548 nubem
3467 497 3628 552 levem

367 575 596 642 κατέϐη,
626 573 751 626 οὔτε
784 571 1115 642 φαινομένου
1141 571 1236 626 τοῦ
1271 570 1586 640 Πνεύματος
1615 572 1950 636 πιστεύεται,

370 669 446 731 ὡς
501 666 633 720 αὐτὸ
673 664 849 719 ἐκεῖνό
910 664 1082 729 ἐστιν,
1123 664 1150 716 ὃ
1191 665 1296 735 πρὸ
1345 663 1540 732 ὀλίγων
1596 662 1802 716 τούτων
1841 663 1954 718 τῶν

369 756 596 827 ἡμερῶν
632 753 1001 823 ἐπηγγείλατο
1053 755 1236 818 αὐτοῖς
1293 753 1535 824 πέμψειν
1562 770 1577 784 ο
1619 755 1713 807 καὶ
1762 757 1953 810 ἐαυτὸν

370 849 473 900 οὑκ
526 845 636 898 ἀπὸ
679 843 790 898 τῶν
840 842 1089 913 οὐρανῶν
1143 842 1443 913 ἐληλυθότα
1500 840 1954 912 παρασκευάζειν

373 936 741 997 ὑπονοεῖσθαι,
789 935 884 988 καὶ
929 935 1010 988 ὅτι
1056 933 1166 988 οὔτ’
1218 935 1285 988 ἂν
1338 935 1477 1002 μετὰ
1519 933 1692 987 ταῦτα
1745 933 1954 987 ἄνωθεν

370 1029 578 1098 καλέσῃ
633 1025 887 1080 Παῦλον·
927 1023 1040 1078 οὔτ’
1093 1023 1159 1078 ἂν
1220 1026 1432 1077 ἐκεῖθεν
1485 1025 1784 1096 ἀποστείλῃ
1853 1024 1953 1096 τὴν

370 1120 788 1192 ἀχειρότευκτον
819 1118 1010 1189 Πέτρῳ
1041 1117 1273 1182 σινδόνα,
1311 1117 1640 1180 πιστεύοιτο,
1678 1119 1759 1170 ὅτι
1791 1117 1953 1181 αὑτὸς

371 1211 549 1264 ταῦτα
573 1209 712 1280 μετὰ
733 1209 833 1278 τὴν
862 1209 1227 1280 ἀποφοίτησιν
1268 1211 1416 1262 ποιεῖ
1459 1211 1559 1278 τὴν
1603 1209 1950 1279 σωματικὴν,

374 1303 564 1372 ἀνέϐη,
593 1303 906 1355 Βλεπόντων
937 1300 1116 1354 αὐτῶν
1147 1317 1160 1331 ’
1183 1299 1290 1354 ἀπὸ
1311 1300 1540 1370 νεφέλης
1577 1300 1633 1353 δὲ
1673 1301 1770 1367 τῆς
1801 1301 1952 1370 Παρ-

373 1396 527 1449 θένου
559 1397 640 1458 εἰς
690 1394 923 1465 νεφέλην
969 1388 1099 1465 ἦλθε
1149 1392 1244 1445 καὶ
1296 1392 1384 1447 διὰ
1427 1392 1657 1461 νεφέλης
1696 1391 1949 1462 ἀνῆλθεν,

385 1485 520 1540 ὃποῦ
556 1482 625 1556 ἦν
650 1485 712 1538 τὸ
737 1486 1030 1556 πρότερον.
1088 1483 1161 1536 Τὸ
1185 1483 1262 1548 δέ,
1297 1483 1432 1537 ὅπου
1471 1479 1560 1554 ἦν,
1603 1483 1678 1554 μὴ
1708 1482 1952 1546 τυπικῶς

373 1579 598 1650 ἐκδέχου
627 1617 644 1645 ,
705 1579 844 1649 μήτε
897 1576 995 1647 τὴν
1060 1573 1242 1647 σάρκα
1288 1575 1666 1645 ἀποθέμενον,
1711 1575 1952 1644 ἀσαρκον

373 1670 542 1740 ἔχειν,
564 1670 641 1733 ὡς
665 1668 725 1723 τὸ
758 1669 909 1740 πρὶν,
942 1667 1043 1738 τὴν
1070 1665 1267 1721 ἐαυτοῦ
1296 1667 1674 1736 σαρκωθεῖσαν
1700 1666 1949 1738 θεότητα,

374 1762 511 1816 ἀλλὰ
537 1761 620 1827 τὸ,
641 1763 775 1815 ὅπου
819 1756 909 1832 ἦν,
943 1759 1052 1812 νόει
1085 1774 1198 1830 μοι,
1237 1759 1316 1822 εἰς
1344 1758 1405 1811 τὸ
1436 1756 1570 1827 ’ὑψος
1607 1757 1706 1826 τῆς
1725 1759 1950 1829 ἀσωμα-

2055 591 2119 628 ac
2153 586 2357 631 tenuem
2386 579 2528 632 sedet
2569 579 2732 644 Deus,
2784 595 2849 635 ac
2898 592 3159 638 sexcenta
3220 586 3350 641 alia.
3409 587 3629 659 Alioqui

2060 681 2131 722 ne
2189 667 2293 722 hoc
2337 669 2558 739 quidem
2609 681 2812 726 temere
2851 687 2916 727 ac
2946 674 3269 744 simpticiter
3299 676 3444 732 fecit.
3493 681 3628 736 Nam

2054 772 2181 812 cum
2214 760 2380 814 sciret
2410 760 2697 827 Dominus,
2750 764 2896 832 quod
2954 765 2999 819 si
3055 783 3162 820 non
3200 769 3628 838 inspectantibus

2053 847 2163 904 illis
2203 851 2566 918 ascendisset,
2604 855 3065 922 quemadmodum
3103 859 3268 912 etiam
3327 860 3626 926 descendit,

2053 941 2166 996 imo
2199 958 2328 997 vero
2357 945 2772 1011 condesceudit,
2830 947 2969 1014 fore,
3013 957 3072 1002 ut
3122 965 3297 1020 neque
3332 963 3630 1022 apparente

2057 1032 2263 1103 Spiritu
2284 1036 2601 1090 crederetur
2624 1038 2776 1092 illum
2804 1038 2980 1108 ipsum
3008 1056 3130 1096 esse
3155 1041 3442 1111 Spiritum,
3465 1061 3626 1114 quem

2055 1131 2182 1178 ante
2239 1140 2444 1192 paucos
2504 1127 2627 1182 illos
2684 1129 2800 1184 dies
2859 1131 2938 1185 eis
3002 1134 3347 1201 promisisset
3412 1151 3471 1189 se
3507 1151 3629 1190 esse

2043 1217 2351 1271 missurum
2391 1236 2406 1273 :
2451 1228 2502 1274 et
2561 1222 2908 1277 occasionem
2969 1225 3286 1294 suspicandi
3342 1228 3627 1295 praebitum

2056 1307 2122 1360 iri
2186 1323 2245 1362 se
2305 1324 2413 1364 non
2445 1310 2512 1365 de
2536 1312 2691 1367 cmlis
2723 1313 3125 1371 descendisse:
3185 1316 3424 1371 futurum
3476 1317 3626 1383 item,

2054 1407 2116 1452 ut
2167 1415 2346 1470 neque
2403 1403 2447 1456 si
2511 1413 2699 1473 postea
2761 1421 2999 1476 superne
3060 1409 3286 1462 Paulum
3355 1421 3626 1474 vocasset,

2053 1505 2230 1559 neque
2268 1492 2316 1546 si
2364 1492 2516 1548 illinc
2552 1496 2716 1549 Petro
2757 1498 3043 1554 sindonem
3084 1515 3190 1554 non
3230 1516 3390 1554 manu
3429 1501 3629 1555 factam

2054 1581 2321 1647 misisset,
2382 1586 2702 1648 crederetur
2767 1589 2943 1659 ipsum
2977 1591 3090 1644 hare
3122 1601 3245 1661 post
3291 1594 3629 1662 corporalem

2055 1669 2445 1729 habitationem
2482 1674 2696 1732 facere:
2727 1681 3000 1747 ascendit,
3033 1680 3470 1751 lnspectantibus
3497 1684 3624 1738 illis.

2054 1759 2095 1813 A
2146 1763 2294 1818 nube
2353 1775 2534 1819 autem
2592 1767 2834 1840 Virginis
2867 1771 2920 1824 in
2959 1772 3159 1827 nubem
3193 1773 3359 1838 venit,
3420 1789 3483 1828 ac
3534 1791 3633 1844 per

372 1851 594 1914 τώσεως
641 1852 698 1903 ἐν
737 1852 804 1921 τῇ
839 1847 1191 1918 σωματώσει,
1235 1849 1315 1910 εἰς
1344 1845 1444 1917 τὴν
1472 1847 1955 1918 μεγαλοπρέπειαν

2063 1849 2255 1904 nubem
2318 1855 2584 1920 ascendit,
2635 1836 2724 1910 ubi
2759 1868 2877 1913 erat
2905 1861 3078 1929 prius.
3127 1836 3369 1917 Verbum
3423 1836 3628 1929 autem,

372 1941 472 2011 τῆς
503 1938 870 2012 ἀσαρκώσεως
899 1941 956 1992 ἐν
995 1939 1062 2010 τῇ
1095 1939 1373 2009 σαρκώσει
1404 1953 1418 1967 ·
1458 1938 1538 2000 εἰς
1566 1935 1662 2008 τὴν
1712 1937 1948 1991 αὑτοὶἳτιι⁴

374 2050 572 2101 αρκτον
629 2032 728 2104 τῆς
787 2028 1192 2092 ἀναλλοιώσεως
1269 2029 1710 2100 σεσαρκωμένης
1784 2027 1953 2082 αὑτοῦ

375 2124 550 2190 ἀξίαν,
599 2125 698 2194 τῆς
742 2122 991 2176 ἑκουσίου
1030 2121 1196 2176 αὑτοῦ
1251 2118 1639 2182 ταπεινώσεως
1672 2136 1687 2150 ο
1762 2121 1846 2184 εἰς
1894 2119 1957 2173 τὸ

377 2216 576 2286 μηκέτι
629 2214 940 2286 ἀνθρώποις
1003 2211 1546 2284 συναναστρέφεσθαι
1603 2210 1958 2283 ὀφθαλμοφα-

373 2308 502 2372 νῶς,
531 2307 564 2376 ἢ
607 2304 1046 2370 συναυλίζεσθαι.

2057 1938 2148 1992 ubi
2180 1950 2318 2007 erat,
2349 1958 2414 1996 ne
2439 1942 2508 1998 de
2538 1943 2660 1999 loco
2697 1948 2939 2017 accipias
2965 1965 2979 2001 :
3019 1964 3221 2018 neque,
3248 1960 3307 2003 ut
3335 1951 3630 2021 intelligas,

2053 2026 2208 2082 illum
2263 2032 2506 2100 deposita
2563 2048 2751 2100 carne,
2804 2052 2970 2093 carne
3021 2050 3320 2107 carentem,
3355 2051 3413 2095 ut
3451 2043 3629 2112 prius,

2056 2119 2258 2176 habere
2307 2137 2463 2177 suam
2500 2125 2836 2180 incarnatam
2870 2129 3136 2189 deitatem
3171 2150 3186 2186 :
3241 2132 3338 2188 sed
3381 2135 3630 2199 verbum,

2053 2215 2144 2270 ubi
2178 2224 2316 2280 crat,
2347 2216 2590 2288 intellige
2614 2220 2746 2273 mihi
2778 2237 2792 2274 :
2837 2220 2896 2275 In
2944 2221 3332 2279 sublimitatem
3377 2224 3634 2294 incorpo-

2056 2305 2290 2362 ralitatis
2319 2306 2374 2360 in
2423 2311 2812 2378 corporalitate
2847 2329 2861 2366 :
2916 2313 2972 2367 in
3023 2329 3166 2382 eam,
3213 2331 3334 2384 qua:
3364 2332 3460 2387 per
3493 2332 3552 2372 se
3579 2325 3635 2370 et

375 2399 446 2454 ab
476 2415 534 2455 se
563 2401 776 2454 initium
832 2408 887 2454 et
923 2396 1336 2455 subsistentiam
1388 2395 1552 2451 habet
1623 2396 1969 2452 alterationis
2034 2400 2360 2466 carentiam,
2434 2400 2716 2457 incarnata
2782 2403 2928 2462 illius
2981 2405 3268 2477 dignitate,
3326 2410 3634 2464 voluntaria

377 2494 496 2559 ejus
539 2500 703 2562 atque
738 2501 1042 2561 spontanea
1139 2489 1529 2546 humiliatione
1585 2498 1750 2560 atque
1795 2490 2184 2548 demissione;
2238 2492 2292 2547 in
2377 2508 2498 2550 eam
2564 2497 2931 2553 conditionem
3011 2510 3066 2555 et
3122 2510 3350 2566 statum,
3404 2513 3463 2556 ut
3517 2519 3635 2557 non

376 2585 614 2656 amplius
669 2586 836 2656 (quod
888 2585 1062 2638 oculis
1088 2597 1352 2653 apparere
1374 2592 1429 2637 et
1457 2584 1692 2653 judicari
1723 2585 1926 2654 possit)
1990 2599 2116 2639 cum
2163 2585 2420 2642 erunibus
2473 2599 2854 2658 conversetur,

379 2696 505 2736 cum
541 2681 610 2734 iis
648 2695 809 2750 atque
842 2677 1210 2733 contubernio
1247 2685 1451 2730 utatur.

452 2776 560 2828 Kal
597 2773 728 2826 ἰδοὺ
761 2771 974 2840 ἄνδρες
1023 2771 1131 2826 δύο
1174 2769 1690 2840 παρειστήκεισαν
1745 2769 1951 2838 αὐτοῖς

379 2869 452 2921 ἐν
477 2865 688 2934 ἐσθῆτι
717 2863 931 2933 λευκῇ,

457 2958 525 3014 0t
545 2960 642 3013 καὶ
673 2954 847 3012 εἷπον
869 2973 884 2989 ο
925 2957 1165 3025 Ἄνδρες
1203 2953 1544 3020 Γαλιλαῖοι,
1574 2955 1633 3009 τί
1661 2953 1956 3021 ἑστήκατε

2935 2598 3031 2645 aut
3079 2593 3271 2648 eodem
3355 2593 3636 2649 domicilio

2121 2767 2194 2823 Et
2228 2785 2344 2825 ecce
2376 2771 2477 2826 viri
2526 2771 2632 2828 duo
2684 2773 2750 2826 iis
2784 2773 3068 2828 astiterunt
3118 2774 3170 2827 in
3207 2774 3432 2828 vestibus
3477 2775 3632 2830 albis.

2124 2952 2293 3012 Vens.
2361 2956 2451 3010 Η.
2505 2955 2611 3021 Qui
2669 2957 2832 3010 etiam
2884 2957 3186 3012 dixerunt:
3233 2957 3346 3012 Viri
3401 2957 3636 3024 Gali/ci,

377 3049 781 3116 ,ϐλέποντες-⁸⁸
813 3050 900 3114 εὶς
931 3048 1039 3100 τὸν
1065 3045 1328 3114 οὐρανόν
1353 3061 1371 3109 ;
1421 3040 1602 3110 οὗτος
1627 3048 1659 3098 ὁ
1691 3043 1955 3112 Ἰησοῦς,

2063 3047 2178 3117 quid
2232 3046 2389 3101 statis
2447 3046 2633 3108 cretum
2664 3055 2963 3100 contuentes
2986 3047 3012 3100 ?
3037 3045 3140 3100 Hic
3164 3045 3344 3108 Jesus,
3376 3049 3465 3118 qui
3501 3065 3642 3102 rece-

383 3145 420 3197 δ
458 3139 828 3209 ἀναληφθεὶς
872 3137 974 3208 ἀφ’
1005 3135 1174 3206 ἡμῶν
1201 3137 1290 3201 εὶς
1325 3135 1433 3189 τὸν
1463 3136 1738 3204 οὐρανὸν,
1769 3135 1958 3200 οὕτως

2063 3147 2178 3208 ptus
2205 3147 2283 3192 est
2316 3154 2350 3191 a
2381 3137 2522 3192 vobis
2549 3138 2603 3191 in
2628 3137 2837 3202 caelum,
2867 3137 2945 3191 ita
2978 3140 3162 3204 veniet,
3197 3140 3639 3209 quemadmodum

383 3233 701 3286 ἐλεύσεται
755 3231 827 3283 ὃν
866 3230 1090 3299 τρόπον
1122 3226 1457 3282 ἐθεάσασθε
1486 3227 1673 3281 αὑτὸν
1711 3225 1961 3294 πορευό-

378 3341 568 3395 μενον
591 3325 679 3389 εὶς
707 3321 815 3376 τὸν
848 3322 1129 3387 οὐρανόν.

458 3414 753 3477 Δεικτικῶς
787 3413 1092 3483 ἐχρήσαντο
1124 3415 1190 3484 τῇ
1222 3413 1365 3479 λέξει
1400 3409 1645 3472 εἰπόντες
1671 3427 1686 3442 ο
1727 3401 1894 3471 Οὗτος
1933 3408 1962 3461 ὁ

398 3503 628 3574 Ἰησοῦς,
681 3503 712 3556 ὁ
768 3502 1099 3572 ἀναληφθεὶς
1132 3501 1226 3571 ἀφ’
1261 3502 1417 3571 ὑμῶν
1449 3501 1526 3563 εἰς
1586 3499 1675 3553 τὸν
1708 3499 1958 3570 οὐρανὸν,

387 3599 562 3658 οὕτως
593 3595 896 3656 ἐλεύσεται,
953 3594 1013 3647 ὃν
1061 3595 1262 3664 τρόπον
1297 3591 1597 3646 ἐθεάσασθε
1644 3591 1810 3644 αὑτὸν
1861 3603 1960 3642 πο-

389 3689 684 3759 ρευόμενον
712 3688 791 3749 εἰς
818 3685 908 3738 τὸν
933 3685 1190 3754 οὐρανόν.
1221 3685 1336 3738 υὺκ
1375 3679 1496 3737 εἷπε
1519 3685 1561 3715 ⁸⁷
1590 3683 1666 3751 δὲ,
1692 3681 1962 3752 Ἀναλαμ-

388 3781 707 3849 ϐανόμενον,
732 3777 851 3830 οὐδὲ
880 3776 1300 3847 βασταζόμενον,
1331 3775 1490 3839 ἀλλὰ,
1561 3773 1957 3844 Πορευόμενον·

387 3873 439 3923 εἰ
464 3871 572 3938 γὰρ
602 3868 709 3938 πρὸ
753 3865 849 3920 τοῦ
888 3867 1122 3937 σταυροῦ
1169 3867 1264 3919 ἐπὶ
1312 3866 1420 3918 τῶν
1460 3864 1665 3917 ὑδάτων
1709 3862 1958 3931 ἐφέρετο,

387 3961 693 4030 παθητικὸν
722 3959 804 4010 ἔτι
828 3957 923 4011 καὶ
953 3957 1090 4028 βαρὺ
1124 3956 1506 4026 περικείμενος
1535 3953 1696 4023 σῶμα
1717 3969 1731 3984 ο
1771 3951 1964 4022 μηδεὶς

385 4052 689 4118 ἀπορεετω,
754 4051 804 4102 ει
856 4049 998 4119 μετὰ
1042 4049 1105 4102 τὸ
1161 4047 1441 4118 ἄφθαρτον
1467 4045 1600 4098 αὑτὸ
1633 4044 1838 4107 λαϐεῖν,
1870 4041 1961 4095 τὸν

387 4146 528 4214 ἀέρα
558 4141 774 4211 ἔτεμεν.
793 4139 1106 4193 Ἐλεύσεται
1133 4138 1214 4207 δὲ,
1234 4138 1420 4209 φησιν,
1439 4136 1522 4203 οὐ,
1553 4134 1961 4206 Πεμφθήσεται.

389 4236 580 4297 οὕτως
625 4232 946 4287 ἐλεύσεται·
985 4231 1231 4284 τουτέστι
1273 4231 1410 4300 μετά
1433 4229 1721 4298 σώματος·
1778 4226 1806 4279 ὃ
1836 4226 1964 4278 ἐπό-

397 4327 530 4380 θουν
601 4324 872 4378 ἀκοῦσαιο
923 4323 1017 4377 καὶ
1061 4323 1144 4375 ὃτι
1190 4321 1354 4375 πάλιν
1403 4311 1560 4379 οὗτος
1578 4318 1623 4350 ⁸⁸
1655 4317 1774 4388 ἥξει
1806 4317 1865 4368 ἐν
1895 4318 1962 4386 τῇ

389 4416 573 4489 κρίσει
625 4417 720 4468 ἐπὶ
772 4412 1024 4484 νεφέλης.
1079 4412 1318 4481 Ἀνδρας
1353 4410 1410 4464 δέ
1440 4409 1638 4472 αὐτοὺς
1671 4407 1848 4471 καλεῖ,
1905 4405 1965 4458 τὸ

2062 3229 2340 3297 spectastis
2371 3242 2490 3282 eum
2527 3227 2800 3282 abeuntem
2843 3228 2896 3281 in
2935 3229 3143 3282 ccelunt.

2138 3402 2576 3459 Demonstrative
2606 3403 2692 3459 usi
2734 3413 2860 3458 sunt
2891 3404 3152 3470 dictione,
3184 3420 3306 3458 cmn
3342 3407 3585 3460 dicerent
3619 3422 3635 3458 :

2065 3496 2164 3551 Hic
2187 3494 2370 3561 Jesus,
2400 3495 2493 3565 Qui
2527 3503 2782 3567 receptus
2817 3503 2901 3551 est
2936 3511 2964 3549 a
2999 3497 3154 3550 vobis
3187 3498 3240 3551 in
3294 3499 3516 3562 malum,
3566 3497 3640 3550 ita

2064 3590 2263 3653 veniet,
2289 3589 2748 3659 quemadmodum
2783 3591 3128 3659 spectavistis
3155 3590 3304 3644 illum
3350 3593 3640 3646 abeuntem

2066 3683 2119 3735 in
2149 3684 2369 3735 ccelum.
2402 3679 2518 3733 Non
2546 3680 2803 3752 dixerunt
2824 3689 3029 3746 autem,
3053 3697 3200 3746 eum,
3235 3681 3328 3749 qui
3357 3680 3640 3750 recipitur,

2065 3782 2159 3826 aut
2190 3789 2335 3837 eum,
2371 3771 2463 3840 qui
2496 3779 2746 3840 portatur
2786 3779 2839 3826 et
2868 3771 3085 3825 vehitur
3114 3791 3128 3826 :
3172 3773 3267 3828 sed
3306 3772 3636 3827 Abeuntem.

2063 3861 2199 3916 Nam
2243 3861 2288 3915 si
2328 3871 2454 3916 ante
2484 3874 2701 3916 crucem
2733 3859 3010 3915 ferebatur
3043 3876 3209 3931 super
3265 3877 3456 3931 aquas,
3508 3865 3644 3932 pati-

2066 3953 2159 4008 bili
2199 3953 2362 4007 etiam
2411 3965 2558 4006 nunc
2596 3959 2649 4004 et
2689 3951 2842 4022 gravi
2898 3951 3110 4006 obsitus
3159 3967 3432 4020 corpore:
3481 3969 3642 4008 nemo

2068 4044 2299 4108 dubitet,
2323 4057 2412 4106 an,
2433 4049 2787 4111 posteaquam
2806 4043 3224 4113 incorruptibile
3244 4044 3376 4100 illud
3401 4043 3641 4116 (corpus)

2066 4135 2298 4204 accepit,
2341 4147 2521 4188 acrem
2549 4133 2810 4188 secuerit.
2839 4132 3033 4189 Veniet
3057 4145 3264 4203 autem,
3294 4137 3429 4191 dixit
3457 4155 3469 4192 :
3508 4151 3641 4201 non,

2068 4228 2336 4280 mittetur.
2379 4226 2461 4277 Ita
2502 4224 2683 4278 veniet
2718 4237 2732 4276 :
2771 4224 2827 4279 id
2859 4234 2967 4290 est,
3015 4241 3138 4281 cum
3189 4243 3440 4299 corpore,
3494 4229 3644 4298 quod

2068 4319 2262 4374 audire
2300 4316 2694 4373 desiderabant
2725 4335 2740 4372 ι
2777 4326 2832 4372 et
2857 4320 3002 4388 quod
3046 4334 3241 4375 rursus
3264 4322 3344 4375 sic
3379 4335 3646 4376 venturus

2069 4411 2138 4466 sit
2176 4412 2230 4464 in
2271 4409 2483 4478 judicio
2515 4424 2681 4478 super
2709 4409 2872 4463 nube.
2904 4409 3062 4465 Viros
3095 4419 3276 4465 autem
3310 4413 3430 4467 illos
3463 4422 3644 4478 vocat,

393 4506 625 4577 ἐναργὲς
654 4505 754 4573 τῆς
783 4503 960 4573 ὅψεως
990 4501 1166 4574 δηλῶν
1192 4516 1207 4531 ·
1261 4499 1355 4553 καὶ
1397 4498 1507 4570 γὰρ
1533 4499 1629 4552 καὶ
1657 4499 1736 4561 εἰς
1766 4496 1961 4565 ἄνδρας

2072 4503 2276 4557 claram
2308 4509 2362 4556 et
2394 4501 2704 4556 evidentem
2754 4501 3070 4570 signiﬁcans
3101 4502 3514 4570 inspectionem.
3552 4503 3647 4557 Et-

392 4597 625 4660 ἑαυτοὺς
672 4597 721 4649 οἱ
774 4593 998 4664 ἄγγελοι
1054 4592 1298 4664 ἀκριϐῶς
1331 4590 1780 4654 ἐναπετὺπωσαν,
1825 4587 1965 4641 ὥστε

397 4688 476 4760 μὴ
497 4686 757 4760 πτόησαι.
789 4685 895 4739 Δύο
927 4685 984 4740 δέ
1007 4686 1361 4756 παρέστησαν
1394 4682 1605 4752 ἄνδρες,
1642 4681 1724 4733 ὅτι
1758 4679 1853 4733 ἐπὶ
1874 4678 1968 4731 δύο

398 4757 434 4848 ἦ
465 4757 641 4848 τριῶν
670 4777 964 4848 μαρτύρων
989 4777 1258 4846 στόματος
1291 4777 1396 4828 πᾶν
1434 4774 1584 4848 ῥῆμα
1616 4771 1967 4842 σταθήσεται.

397 4869 661 4942 Εἰπόντες
688 4868 765 4933 δὲ,
785 4868 851 4920 Τί
878 4869 1146 4937 ἑστήκατε
1182 4865 1474 4937 βλέποντες
1497 4866 1576 4926 εἰς
1600 4863 1692 4916 τὸν
1721 4862 1970 4932 οὐρανὸν,

396 4959 584 5014 οὐκέτι
625 4959 815 5013 εἴασαν
859 4959 1056 5023 αὐτοὺς
1100 4958 1531 5030 προσκαρτερεῖν
1558 4954 1637 5025 τῷ
1665 4954 1839 5024 τόπῳ,
1879 4953 1974 5006 καὶ

398 5051 710 5124 προσδοκᾷν
747 5051 909 5105 αὑτὸν
945 5050 1174 5120 ὄψεσθαι
1208 5049 1370 5103 πάλιν
1396 5065 1410 5079 ’
1464 5047 1580 5101 ἀλλ’
1632 5045 1974 5116 ἐπέστρεψαν

398 5143 604 5205 αὐτοὺς
637 5142 746 5196 ἀπὸ
771 5142 868 5213 τῆς
913 5144 1041 5205 θέας
1097 5141 1312 5211 ἐκείνης
1339 5138 1431 5193 ἐπὶ
1462 5139 1561 5210 τὴν
1595 5137 1970 5208 Ἰερουσαλὴμ,

400 5234 500 5288 ἐπὶ
531 5234 626 5288 τὸν
662 5234 757 5288 τοῦ
810 5233 1165 5306 κηρῦγματος
1216 5233 1404 5286 λοιπὸν
1433 5231 1633 5285 σκοπὸν
1663 5231 1756 5284 καὶ
1793 5229 1970 5297 λόγον.

398 5325 692 5396 Πανταχοῦ
743 5327 800 5380 δὲ
826 5328 1046 5396 ἄγγελοι
1077 5326 1153 5390 ὡς
1208 5325 1456 5398 Δεσπότῃ
1485 5321 1840 5392 ὑπηρετοῦσι,
1882 5321 1976 5374 καὶ

396 5419 461 5472 ὲν
514 5419 582 5488 τῇ
626 5418 901 5500 γεννήσει,
951 5422 1043 5471 καὶ
1099 5421 1158 5471 ἐν
1207 5421 1276 5490 τῇ
1326 5415 1642 5483 ἀναστάσει,
1696 5414 1793 5469 καὶ
1818 5415 1878 5467 ἐν
1907 5416 1974 5484 τῇ

393 5507 670 5579 ἀναλήψει
693 5525 708 5540 ο
734 5512 830 5563 καὶ
857 5508 962 5580 πρό
988 5526 1052 5578 γε
1082 5508 1311 5576 τούτων,
1339 5509 1430 5562 ὅτε
1467 5507 1758 5577 ἐπιδημεῖν
1781 5505 1974 5576 ἔμελλε
2025 5571 2030 5580 1

2073 4595 2216 4649 enim
2255 4592 2457 4661 ﬁguras
2495 4591 2736 4646 virorum
2765 4591 2941 4662 angeli
2972 4606 3190 4661 quoque
3221 4592 3502 4648 absolutas
3539 4594 3644 4647 sibi

2075 4692 2424 4756 sumpserant
2447 4692 2502 4740 et
2533 4685 2854 4747 induerant,
2893 4699 2961 4738 ne
2983 4683 3498 4753 perterrefacerent.
3533 4686 3649 4739 Cae-

2079 4788 2255 4834 terum
2283 4777 2395 4834 duo
2425 4777 2522 4832 viri
2551 4777 2844 4833 astiterunt
2877 4793 2889 4829 :
2915 4775 3173 4845 quoniam
3207 4776 3260 4830 in
3287 4791 3382 4832 ore
3410 4777 3645 4832 duorum

2078 4881 2172 4925 aut
2204 4872 2367 4924 trium
2404 4871 2625 4925 testium
2657 4883 2821 4923 omne
2847 4868 3072 4923 verbum
3101 4869 3452 4924 consisteret.
3476 4869 3649 4924 Porro

2071 4977 2196 5017 cum
2237 4961 2509 5023 dicerent,
2544 4959 2686 5026 Quid
2719 4961 2880 5016 statis
2927 4958 3128 5014 caelum
3190 4959 3486 5026 intuentes,
3536 4974 3648 5014 non

2073 5051 2308 5120 amplius
2336 5049 2442 5123 14
2465 5051 2722 5106 sinebant
2756 5065 2851 5106 eos
2889 5049 2944 5103 in
3001 5048 3096 5103 illo
3137 5048 3259 5104 loco
3301 5064 3647 5120 permanere,

2071 5149 2124 5196 et
2172 5157 2396 5212 sperare
2442 5157 2501 5197 se
2547 5157 2740 5197 rursus
2797 5141 2950 5195 illum
2985 5155 3104 5197 esse
3136 5142 3352 5198 visuros
3388 5159 3402 5195 :
3441 5142 3540 5196 sed
3580 5143 3650 5194 ab

2071 5231 2167 5288 illo
2231 5234 2550 5303 spectaculo
2613 5231 3047 5304 Hierosolymam
3107 5231 3174 5286 ad
3242 5230 3650 5300 pradicationis

2085 5323 2346 5394 deinceps
2369 5324 2682 5379 institutum
2711 5338 2775 5377 ac
2796 5325 3062 5378 rationem
3094 5323 3217 5376 illos
3239 5328 3650 5376 converterunt.

2083 5413 2299 5479 Ubique
2331 5422 2512 5467 autem
2536 5411 2712 5482 angeli
2769 5420 3028 5477 tanquam
3060 5407 3288 5463 Domino
3317 5409 3652 5472 ministrant,

2084 5515 2138 5562 et
2173 5503 2228 5560 in
2255 5504 2567 5569 nativitate,
2597 5512 2652 5559 et
2683 5501 2738 5557 in
2772 5501 3197 5568 resurrectione,
3236 5507 3293 5556 et
3341 5499 3398 5555 in
3431 5514 3652 5555 assum-

1595 5663 1798 5726 Varize
1821 5663 2134 5727 lectiones
2157 5671 2219 5725 et
2247 5669 2441 5726 notat.

470 5792 520 5824 “
552 5787 776 5844 Codices
810 5785 1010 5856 rulgati
1037 5786 1248 5851 habent,
1280 5785 1667 5856 ἐμϐλέποντες.

1746 5787 1787 5818 ⁸⁷
1826 5786 1911 5838 ῑσ.
1949 5777 2123 5841 εἷπον.
2201 5784 2246 5817 ⁸⁸
2272 5783 2361 5838 ϊσ.
2396 5783 2589 5848 οὕτως.
