4044 6418
484 386 588 450 519

1411 376 1996 441 THEOPIIYLACTI
2038 378 2453 439 BULGARLE
2500 378 2861 442 ARCHIEP.
3651 376 3753 440 520

485 505 636 558 tione
666 518 678 554 :
711 513 764 556 et
793 500 1012 571 quidem
1042 507 1224 563 antea,
1250 512 1374 552 cum
1409 496 1466 550 in
1500 495 1767 549 mundum
1808 508 1907 563 per
1936 507 2067 547 car-

2190 495 2253 565 ιῷ
2278 496 2468 567 κόσμῳ
2484 495 2571 549 διὰ
2601 496 2827 567 σαρκός.
2853 491 3013 550 Οὕτω
3037 493 3093 549 δὲ
3125 493 3409 564 ἐφαίνοντο
3435 492 3483 545 ol
3511 490 3757 560 ἄγγελοι,

486 610 609 649 nem
665 594 985 663 proditurus
1032 601 1088 647 et
1150 600 1475 646 versaturus
1540 596 1711 641 esset.
1759 588 1838 638 Ita
1889 594 2072 639 autem

2190 588 2245 650 ii;
2299 588 2528 643 δυνατὸν
2586 585 2654 660 ἧν
2712 589 2841 651 τοὺς
2890 587 3214 659 ἀνθρώπους
3248 586 3395 640 ἰδεῖν.
3436 585 3510 637 Τὸ
3556 583 3635 645 δὲ,
3668 582 3759 635 Ἐν

486 686 662 755 angeli
710 685 1068 754 apparebant,
1101 679 1567 754 quemadmodum
1602 678 1718 732 ﬁeri
1750 685 1983 746 poterat,
2018 687 2077 732 ut

2190 680 2361 748 εσθῆτι
2395 680 2586 751 λευκῇ,
2615 680 2648 749 ἢ
2684 681 2745 732 τὸ
2778 679 3019 748 καθαρὸν
3050 679 3160 732 τῶν
3190 677 3442 746 ἀγγέλων
3475 676 3762 745 σημαίνει,

488 778 566 829 illi
616 776 686 829 ab
733 776 1051 829 hominibus
1110 775 1452 826 viderentur.
1504 768 1699 832 Porro,
1740 768 1797 822 In
1830 769 2075 824 vestibus

2190 773 2206 844 ᾗ
2237 772 2326 824 τὸν
2360 772 2623 840 μέλλοντα
2649 771 2977 840 δοθήσεσθαι
3002 771 3047 804 ⁶⁹
3075 773 3185 829 τοῖς
3213 770 3390 837 ἁγίοις
3437 766 3764 829 ἀποστόλοις

488 867 650 932 albis,
679 868 824 936 quod
858 868 1015 930 dicit,
1042 876 1135 920 aut
1176 866 1469 933 puritatem
1501 863 1826 931 angelorum
1860 862 2072 930 signiti-

489 967 581 1011 cat
636 977 651 1013 :
701 968 795 1013 aut
849 974 990 1023 eam,
1042 974 1205 1027 quam
1270 956 1446 1010 sancti
1502 955 1733 1023 apostoli
1791 954 2072 1024 accepturi

487 1060 665 1115 orant,
704 1051 1189 1104 illuminationem.
1223 1048 1401 1118 Atque
1439 1048 1599 1101 aliter
1642 1047 1709 1101 ad
1752 1047 2073 1110 dictionem,

490 1140 947 1208 lnspectantibus.
986 1138 1254 1205 Quoniam
1287 1139 1499 1193 sciebat
1533 1138 1793 1192 Dominus
1817 1145 2075 1205 corrupta

488 1241 669 1286 mente
699 1233 959 1301 praeditos
987 1233 1239 1287 homines
1295 1232 1431 1297 fore,
1472 1233 1567 1303 qui
1625 1246 1686 1286 se
1711 1239 2073 1301 opponerent,

487 1338 551 1376 ac
580 1322 850 1386 dicerent,
884 1337 1062 1392 neque
1086 1324 1154 1376 de
1184 1321 1326 1376 C(elo
1364 1322 1519 1376 illum
1552 1336 1673 1377 esse
1704 1322 1789 1375 vel
1822 1320 2077 1387 venisse,

487 1430 666 1484 neque
705 1425 1068 1485 assumptum,
1103 1414 1156 1468 in
1189 1414 1388 1469 coelum
1431 1430 1555 1470 esse
1597 1426 1876 1482 receptum
1904 1454 1920 1478 ,
1978 1412 2076 1467 sed

492 1508 683 1575 procul
716 1510 770 1563 in
803 1508 1039 1577 aliquem
1068 1509 1253 1562 locum
1287 1508 1455 1563 situm
1485 1517 1640 1562 extra
1673 1507 1861 1562 orbem
1895 1513 2075 1561 terra-

2175 865 2493 934 φωτισμόν·
2528 866 2622 916 καὶ
2672 864 2849 927 ἄλλως
2898 865 2977 927 είς
3029 863 3109 927 τὺ,
3142 864 3475 916 Βλεπόντων.
3513 861 3683 923 Εἰδὼς
3736 861 3766 912 6

2183 956 2389 1028 Κύριος
2420 958 2503 1010 ὅτι
2539 959 2895 1027 ἐνστήσονται
2942 956 3222 1028 ἄνθρωποι
3259 955 3635 1025 πεῳθαρμένοι
3675 952 3766 1007 τὸν

2183 1048 2331 1111 νοῦν,
2365 1049 2615 1117 λέγοντες
2651 1050 2789 1119 μήτε
2842 1048 2940 1103 ἀπ’
2989 1049 3221 1119 οὐρανοῦ
3270 1043 3410 1100 εἶναι
3442 1048 3474 1116 ἢ
3503 1045 3767 1116 ἐληλυθέ-

2173 1156 2274 1193 ⁹ναι
2295 1143 2341 1179 '°
2377 1143 2563 1210 αὐτὸν,
2637 1146 2775 1215 μήτε
2812 1143 3189 1213 ἀναληφθέντα
3210 1184 3225 1209 ,
3257 1144 3335 1204 εἰς
3367 1140 3594 1209 οὐρανὸν
3633 1141 3768 1193 ἀνα-

2182 1234 2481 1303 ληφθῆναι,
2544 1236 2662 1290 ἁλλ’
2709 1237 2752 1270 ⁷³
2812 1236 3191 1304 ἀπεκτοπίσθη
3232 1236 3311 1298 εἵς
3362 1252 3483 1287 τινα
3526 1234 3631 1299 ἔξω
3669 1232 3769 1303 τῆς

2186 1327 2518 1399 οἰκουμένης
2550 1332 2738 1396 τόπον,
2779 1323 2854 1383 ὧν
2901 1331 3009 1383 είσι
3044 1328 3138 1382 καὶ
3173 1330 3223 1381 οἱ
3256 1328 3356 1395 τῆς
3383 1325 3640 1398 Βιταλίου
3673 1326 3766 1376 αἱ·

2190 1417 2391 1487 ρέσεως
2415 1434 2429 1449 ο
2467 1420 2591 1474 κατ’
2621 1421 2939 1491 ὀφθαλμοὺς
2971 1422 3155 1475 αὐτῶν
3183 1418 3543 1482 ἀτενιζόντων
3586 1416 3768 1470 αὐτῶν

2185 1511 2267 1570 εἰς
2294 1509 2386 1562 τὸν
2411 1512 2643 1582 οὐρανὸν
2666 1512 2990 1584 ἀνελήλυθε.

495 1615 618 1655 rum
672 1601 1039 1655 translatum:
1092 1615 1325 1670 quorum
1376 1602 1443 1657 de
1501 1614 1734 1654 numero
1789 1606 1920 1653 sunt
1970 1597 2309 1668 qui-Vitalis
2336 1614 2499 1658 secta:
2528 1605 2855 1660 adlnerent:
2900 1604 2957 1658 in
2987 1610 3288 1674 conspectu
3353 1600 3593 1666 illorum,
3655 1617 3778 1657 σα·-

495 1693 608 1750 lum
631 1694 806 1750 oculis
841 1695 1070 1749 intentis
1101 1695 1497 1750 contuentibus
1534 1694 1693 1764 ipsis,
1725 1693 1999 1748 ascendit.

565 1786 732 1842 Vens.
784 1787 873 1840 12.
933 1785 1081 1839 Tunc
1138 1787 1333 1840 reversi
1398 1795 1521 1840 sunt
1571 1784 1995 1853 Hierosolymam
2046 1800 2080 1837 a

492 1889 687 1943 monte,
717 1881 809 1950 qui
864 1889 1085 1933 vocatur
1126 1877 1359 1934 Oliveti:
1408 1880 1503 1948 qui
1527 1893 1685 1948 prope
1722 1877 1786 1931 ab
1822 1877 2079 1931 Hierusa-

495 1973 594 2027 lem
617 1974 782 2037 abest,
811 1973 910 2026 iter
935 1971 1216 2042 (videlicet)
1255 1970 1500 2025 Sabbati.

568 2063 744 2130 Tunc,
773 2064 1041 2134 quando?
1070 2063 1205 2118 Cum
1237 2062 1534 2117 audissent.
1580 2059 1699 2115 Non
1730 2061 1877 2115 enim
1920 2060 2084 2115 susti-

493 2156 766 2221 nuissent,
796 2157 901 2210 nisi
928 2154 983 2210 in
1031 2157 1195 2209 alium
1238 2156 1362 2210 illos
1407 2154 1704 2209 adventum
1741 2153 2081 2219 rejecisseut.

496 2245 769 2303 Videntur
794 2256 976 2302 autem
1005 2249 1138 2301 milii
1178 2248 1294 2302 haec
1327 2247 1492 2302 etiam
1542 2247 1599 2300 in
1645 2244 1887 2300 Sabbato
1941 2244 2088 2299 acci-

497 2340 646 2396 disse
680 2357 696 2395 :
734 2355 840 2394 non
894 2339 1041 2393 enim
1077 2338 1151 2391 ita
1183 2338 1443 2407 spatium,
1481 2335 1629 2406 quod
1685 2335 2084 2402 intercedebat,

495 2430 761 2487 edidisset
792 2447 806 2485 :
840 2444 867 2482 a
896 2439 1102 2495 monte,
1149 2430 1242 2498 qui
1276 2438 1506 2483 vocatur
1547 2426 1766 2490 Ulivcti,
1795 2426 1888 2496 qui
1920 2440 2089 2495 prope

497 2524 566 2577 ab
606 2521 947 2577 Hierusalem
979 2522 1136 2577 abest
1181 2522 1286 2575 iter
1339 2520 1588 2577 Sabbati.
1621 2517 1835 2574 Etenim
1859 2518 2088 2573 deﬁnita

494 2622 614 2669 erat
649 2614 936 2685 longitudo
968 2614 1205 2677 itineris,
1247 2614 1401 2683 quod
1426 2614 1481 2667 in
1514 2612 1604 2668 die
1637 2612 1865 2668 Sabbati
1887 2610 2089 2666 Iudaeis

495 2706 680 2763 facere
714 2708 933 2762 licebat.
986 2705 1120 2760 Nam
1188 2706 1465 2778 Joscplius
1491 2722 1711 2777 quoque
1739 2706 1793 2760 in
1823 2707 2090 2762 vicesimo

495 2798 643 2853 libro
703 2814 886 2854 rerum
948 2799 1307 2868 antiquarum
1366 2801 1538 2856 tradit
1580 2801 1650 2853 ab
1690 2799 2089 2867 Hierosolymis

499 2889 693 2943 abesse
750 2890 928 2944 stadia
983 2901 1212 2961 septem,
1275 2897 1443 2958 atque
1496 2889 1662 2943 etiam
1714 2888 1980 2960 Origenes
2034 2890 2089 2942 in

494 2964 694 3049 quinto
725 2980 1025 3047 volumine,
1069 2983 1174 3036 lter
1198 2980 1445 3046 Sabbati,
1493 2980 1673 3048 inquit
1699 2983 1742 3044 ',
1778 2982 1942 3035 trium
1993 2995 2091 3034 cu-

497 3072 742 3126 bitorum
772 3082 910 3127 erat.
939 3073 1054 3127 lmo
1092 3088 1224 3126 vero
1281 3073 1699 3126 tabernaculum
1753 3080 2006 3127 sanctum
2036 3082 2090 3127 et

482 3175 627 3215 arca
664 3169 879 3215 tantum
916 3163 1268 3217 intervallum
1305 3161 1726 3232 prmoecupabnt
1780 3173 1844 3217 ac
1892 3158 2090 3231 prisce-

495 3252 661 3307 debat
691 3261 817 3308 ante
843 3263 1048 3317 castra,
1073 3262 1131 3309 et
1161 3254 1231 3309 ab
1267 3262 1421 3309 tanto
1454 3257 1635 3326 spatio
1670 3256 2048 3310 collocabatur
2074 3273 2087 3310 :

496 3341 645 3412 quod
672 3344 910 3413 spatium
956 3344 1320 3400 adorantibus
1365 3345 1784 3400 tabernaculum
1834 3355 2087 3401 sanctum

496 3434 735 3503 pedibus
786 3434 1063 3489 coniicere
1104 3434 1159 3489 in
1221 3434 1469 3491 Sabbato
1526 3436 1744 3503 licebat,
1796 3437 1947 3508 quod
2002 3447 2090 3494 est

497 3526 732 3581 milliare
773 3542 966 3582 unum.

571 3613 739 3673 Vens.
788 3617 875 3673 15.
935 3616 1005 3671 Et
1041 3634 1161 3672 cum
1216 3620 1439 3689 ingressi
1491 3630 1685 3686 essent,
1739 3624 2087 3677 ascenderunt

498 3711 553 3764 in
600 3711 950 3779 (cenaculum,
980 3713 1070 3766 ubi
1106 3730 1317 3768 manere
1343 3715 1584 3770 solebant
1610 3715 1804 3771 Petrus
1834 3727 1882 3771 et
1924 3718 2088 3772 Jaco-

496 3805 610 3869 bus,
639 3814 689 3859 et
725 3803 959 3860 Joannes
988 3816 1036 3861 et
1083 3807 1351 3874 Andreas,
1404 3808 1682 3879 Philippus
1731 3820 1775 3865 et
1833 3810 1875 3865 Τ
1878 3813 2086 3875 Itomas,

494 3896 921 3952 Bartltoloma’us
974 3910 1023 3952 et
1092 3898 1425 3965 Mattha’us,
1468 3899 1703 3957 Iacobus
1755 3904 1961 3972 Alphazi
2039 3914 2090 3957 et

496 3987 678 4043 Simon
706 3992 921 4055 zelotes,
944 4000 993 4044 et
1018 3988 1193 4044 Judas
1222 3988 1437 4045 Jacobi.

570 4080 734 4135 Vens.
767 4080 853 4135 14.
895 4080 969 4133 Hi
1010 4096 1188 4135 omnes
1228 4084 1553 4137 unanimiter
1594 4090 1993 4153 persererabant
2033 4091 2089 4144 in

498 4172 797 4239 precatione
852 4181 902 4223 et
976 4171 1218 4224 oratione
1296 4188 1403 4225 una
1476 4189 1595 4227 cum
1681 4178 1989 4235 mulieribus
2040 4191 2089 4235 et

502 4260 681 4315 Maria
706 4259 880 4314 Matre
912 4258 1065 4325 Jesu,
1096 4271 1146 4314 et
1182 4277 1288 4316 una
1324 4278 1441 4316 cum
1477 4264 1737 4333 fratribus
1776 4268 1944 4325 illius.

575 4437 741 4495 Recte
778 4440 1113 4495 mentionem
1168 4441 1297 4497 fecit
1329 4442 1729 4515 discipulorum
1769 4466 1782 4502 :
1826 4450 2087 4520 quoniam

502 4532 644 4588 alius
703 4535 924 4603 quidem
976 4534 1340 4605 prodiderat:
1378 4539 1519 4593 alius
1562 4539 1664 4610 15
1700 4552 1879 4596 autem
1910 4544 2083 4598 abne-

2265 1782 2407 1837 Τότε
2444 1784 2842 1852 ’ὑπέστρεψαν
2885 1786 2973 1849 εις
3010 1780 3410 1851 Ἰερουσαλὴμ
3442 1781 3559 1836 ἀπὸ
3592 1782 3771 1849 ὅρους

2189 1875 2293 1928 τοῦ
2320 1893 2395 1929 κα
2409 1877 2702 1940 λουμένου
2719 1875 3068 1943 Ἐλαιῶνος·
3100 1876 3132 1930 6
3154 1877 3330 1931 ἐστιν
3361 1876 3542 1947 ἐγγὺς
3567 1875 3773 1945 Ἰερου-

2115 1962 2153 2013 Β
2185 1967 2395 2036 σαλὴμ
2428 1968 2734 2023 Σαϐϐάτου
2759 1969 2907 2039 ἕχον
2924 1970 3090 2025 ὀδόν.

2257 2059 2414 2124 Τότε,
2440 2063 2608 2127 πότε;
2643 2062 2775 2115 Ὅτε
2809 2063 3074 2132 ἥκουσαν.
3118 2064 3193 2117 Οὐ
3216 2064 3323 2134 γὰρ
3357 2063 3425 2120 ἂν
3451 2065 3769 2135 ἠνέσχοντο,

2186 2151 2235 2201 εἰ
2292 2150 2367 2220 μὴ
2413 2153 2493 2214 είς
2548 2152 2743 2219 ἑτέραν
2798 2153 2997 2215 αὐτοὺς
3047 2156 3354 2224 παρουσίαν
3417 2155 3768 2227 ὑπερέθεντο.

2186 2242 2346 2293 Δοκεῖ
2387 2240 2445 2293 δέ
2480 2259 2568 2310 μοι
2598 2243 2687 2295 xui
2733 2243 2791 2295 ὲν
2841 2242 3107 2315 Σαϐϐάτῳ
3146 2246 3430 2313 γεγονέναι
3463 2245 3672 2300 ταῦτα·
3707 2247 3769 2300 οὐ

2187 2333 2297 2403 γὰρ
2322 2334 2388 2387 ἂν
2412 2332 2560 2387 οὕτω
2580 2334 2640 2387 τὸ
2664 2334 2941 2405 διάστημα
2971 2332 3146 2389 εἶπεν·
3168 2335 3301 2388 Ἀπὸ
3330 2335 3512 2406 ὅρους,
3544 2337 3639 2390 τοῦ
3671 2355 3774 2391 κα-

2187 2426 2452 2495 λουμένου
2477 2426 2797 2490 Ἐλαιῶνος·
2860 2428 2888 2479 ὃ
2943 2430 3091 2481 ἐστιν
3160 2426 3327 2496 ἔγγὺς
3367 2426 3769 2499 Ἰερουσαλήμ·

2189 2518 2472 2573 Σα66ἁτου
2502 2517 2624 2589 ἔχον
2650 2519 2791 2574 ὀδόν.
2843 2520 2952 2573 Καὶ
3005 2522 3113 2591 γὰρ
3166 2520 3474 2591 ὡρισμένον
3502 2521 3561 2574 τὸ
3590 2521 3772 2590 μῆκος

2189 2611 2289 2679 τῆς
2321 2610 2632 2683 ὁδοιπορίας
2665 2608 2734 2683 ἦν
2760 2652 2775 2678 ,
2833 2612 2860 2665 6
2896 2612 3027 2683 ἐξῆν
3082 2612 3317 2683 βαδίζειν
3347 2615 3456 2676 τοῖς
3496 2611 3773 2676 Ἰουδαίοις

2191 2704 2249 2755 ὲν
2272 2705 2338 2772 τῇ
2370 2705 2557 2775 ἡμέρᾳ
2587 2704 2681 2757 τοῦ
2716 2704 3022 2760 Σαδδάτου.
3063 2705 3289 2775 Ἱστορεῖ
3318 2706 3374 2758 δὲ
3404 2709 3497 2759 καί
3544 2706 3776 2775 Ἰώσηπο

2176 2812 2292 2858 ιπος
2327 2798 2385 2850 ὲν
2409 2795 2487 2867 τῷ
2520 2797 2753 2869 εἰκοστῷ
2790 2798 2935 2868 λόγῳ
2965 2798 3066 2867 τῆς
3101 2798 3511 2869 ἀρχαιολογίας,
3543 2799 3775 2869 ἀπέχειν

2191 2886 2300 2940 ἀπὸ
2340 2886 2738 2958 Ἰεροσολύμων
2769 2888 2960 2941 στάδια
3011 2888 3171 2940 ἑπτά.
3230 2889 3342 2941 Καὶ
3393 2888 3673 2958 Ὤριγένης
3714 2889 3773 2941 δέ

2193 2995 2357 3047 φησιν
2388 2980 2446 3031 ἐν
2471 2978 2546 3050 τῷ
2579 2981 2819 3049 πέμπτῳ
2868 2977 3191 3049 στρώματιο
3243 2981 3276 3047 ή
3342 2979 3437 3033 τοῦ
3492 2980 3773 3033 Σαῦὅάτου

2190 3072 2306 3134 ὁδὸς
2369 3071 2533 3141 τριῶν
2594 3072 2786 3141 πηχῶν
2842 3073 3077 3142 ὑπῆρχε.
3151 3073 3263 3126 Καὶ
3305 3073 3504 3143 μᾶλλον
3554 3074 3587 3142 ἡ
3638 3073 3775 3140 ἁγία

2193 3163 2373 3233 Σκηνὴ
2406 3166 2499 3217 xui.
2529 3166 2562 3235 ἡ
2590 3163 2840 3227 Κιϐωτὺς
2903 3162 3156 3217 τοσοῦτον
3185 3164 3459 3233 διάστημα
3495 3163 3776 3233 προελάμ-

2196 3257 2326 3309 ὅανε
2357 3256 2456 3325 τὴν
2488 3256 2844 3326 παρεμϐολὴν
2866 3258 2964 3309 καὶ
2990 3256 3098 3310 ἀπὸ
3119 3256 3376 3309 τοσούτου
3404 3256 3778 3326 διαστήματος

2194 3350 2462 3418 ἐσκήνουο
2521 3349 2550 3401 ὃ
2594 3338 2887 3420 διάστημα,
2924 3349 3053 3419 ἐξῆν
3100 3352 3214 3412 τοῖς
3264 3350 3634 3420 προσκυνοῦσι
3665 3350 3767 3420 τὴν

2192 3440 2356 3507 ἁγίαν
2404 3442 2610 3511 σκηνὴν
2675 3440 2915 3512 βαδίζειν
2950 3442 3005 3494 ἐν
3058 3440 3363 3513 Σαϐϐάτῳ·
3416 3441 3445 3495 ὃ
3502 3441 3625 3496 ἐστι
3687 3444 3781 3513 μί-

2191 3534 2305 3585 λιον
2328 3532 2406 3585 ἓν.

2265 3625 2371 3677 Καὶ
2400 3625 2498 3678 ὅτε
2524 3624 2836 3693 εἰσῆλθον,
2883 3624 3194 3694 ἀνέϐησαν
3229 3629 3319 3693 εἰς
3349 3627 3415 3680 τὸ
3464 3624 3740 3694 ὑπερῷον
3760 3667 3776 3689 ,

2193 3709 2265 3769 οὗ
2297 3712 2462 3782 ἦσαν
2503 3715 2940 3784 καταμένοντες
2983 3720 3017 3769 ό
3038 3717 3316 3786 Πέτρος-⁷⁸
3349 3716 3449 3771 καὶ
3484 3716 3778 3783 Ἰάκωϐος,

2194 3807 2602 3876 καὶι⁸1ωάννης
2634 3806 2734 3861 καὶ
2767 3807 3064 3877 Ἀνδρέας,
3088 3810 3386 3876 Φίλιππος
3419 3810 3517 3863 καὶ
3545 3810 3776 3879 Θωμᾶς.

2194 3900 2644 3968 Βαρθολομαῖος
2668 3899 2766 3953 καὶ
2793 3900 3115 3967 Ματθιιῖος,
3159 3902 3439 3968 Ἰάκωϐος
3484 3903 3779 3972 Ἁλφαίου

2194 3991 2296 4045 καὶ
2324 3993 2521 4060 Σίμων
2546 3994 2579 4046 ό
2610 3990 2899 4061 ζηλωτής,
2938 3992 3039 4045 καὶ
3068 3976 3300 4059 Ἰούδας
3327 3991 3631 4049 Ἰακώϐου.

2269 4080 2444 4140 Οὗτοι
2464 4083 2689 4151 πάντες
2719 4080 2884 4153 ἦσαν
2931 4086 3526 4153 προσκαρτεροῦντες
3561 4090 3781 4155 ὀμοθυ-
3820 4122 3835 4129 -
3904 4072 3917 4155 Ι
3931 4072 3943 4120 έ

2188 4176 2386 4246 μιιδὸν
2415 4176 2489 4245 τῇ
2523 4175 2680 4245 εὐχῇ
2705 4176 2749 4207 ⁷³
2766 4176 2865 4229 καὶ
2902 4175 2977 4245 τῇ
3003 4175 3231 4247 δεήσει,
3256 4177 3379 4231 σὺν
3414 4178 3651 4248 γυναιξί
3679 4180 3782 4234 καὶ

2193 4269 2393 4336 Μαρίᾳ
2426 4267 2501 4335 τῇ
2523 4267 2718 4337 Μητρὶ
2748 4269 2853 4323 τοῦ
2890 4268 3112 4338 Ἰησοῦ,
3172 4271 3272 4325 καὶ
3303 4270 3425 4325 σὺν
3447 4271 3570 4338 τοῖς
3602 4272 3783 4328 ἀδελ-

2191 4360 2328 4430 φοῖς
2354 4360 2563 4413 αὑτοῦ.

2266 4451 2464 4515 Καλῶς
2501 4450 2876 4521 ἐμνημόνευσε
2906 4452 3016 4507 τῶν
3061 4454 3322 4525 μαθητῶν
3349 4471 3363 4487 ⁶
3389 4456 3577 4529 ἐπειδὴ
3615 4460 3642 4510 6
3678 4458 3782 4528 μὲν

2195 4539 2532 4612 προῦδωκεν
2575 4543 2602 4594 6
2633 4542 2689 4594 δὲ
2718 4543 2995 4615 ἠρνήσατο
3019 4560 3033 4575 ·
3060 4545 3087 4599 6
3110 4544 3167 4597 δὲ
3205 4545 3496 4618 ἠπίστησε.
3527 4548 3782 4603 Δείκνυσι

501 4633 725 4695 gaverat
758 4644 773 4681 :
809 4627 950 4683 alius
992 4627 1119 4684 item
1163 4644 1269 4684 non
1306 4631 1646 4686 crediderat.
1680 4631 1786 4687 Sed
1819 4636 2082 4702 ostendit,

2194 4635 2251 4688 δὲ
2280 4636 2385 4700 ὅτι,
2420 4634 2559 4705 πλὴν
2586 4634 2683 4689 τοῦ
2728 4636 3010 4707 προδότου,
3048 4638 3251 4703 πάντες
3279 4634 3423 4710 ἦσαν
3470 4640 3622 4694 σῶοι.
3654 4641 3784 4705 Πῶς

500 4720 675 4786 quod,
718 4729 1085 4790 prteterquam
1147 4722 1423 4792 proditor,
1470 4737 1664 4779 omnes
1713 4736 1871 4781 erant
1922 4728 2084 4783 salvi.

501 4809 607 4875 Qui
660 4824 789 4878 ergo
823 4810 985 4877 dixit,
1015 4812 1136 4868 Una
1166 4808 1304 4867 cum
1336 4813 1506 4868 Matre
1527 4813 1708 4871 Jesu?
1759 4822 1909 4889 atqui
1955 4822 2093 4876 dixit

502 4901 748 4958 Joannes
779 4903 881 4959 :Et
906 4920 969 4961 ex
1002 4906 1096 4960 illo
1124 4916 1368 4977 tempore
1393 4908 1601 4978 recepit
1631 4923 1750 4964 eam
1786 4911 2089 4984 discipulus

502 4993 556 5046 in
621 4994 843 5049 domum
908 4997 1116 5052 suam?
1170 4994 1527 5067 Nequaquam
1589 5003 1924 5057 contrarium
1983 5015 2090 5061 est.

501 5081 633 5137 Nam
669 5087 715 5138 si
748 5087 863 5157 ipse
890 5103 1111 5157 quoque
1137 5086 1446 5157 discipulus
1474 5106 1580 5161 una
1606 5100 1749 5157 erat,
1773 5095 1909 5149 nihil
1964 5107 2083 5152 erat

507 5177 629 5247 quid
664 5180 1049 5235 velaretetiam
1079 5180 1225 5233 illam
1254 5196 1360 5235 una
1392 5182 1607 5239 adesse.
1642 5186 1744 5251 Qui
1772 5203 1902 5255 ergo
1928 5187 2085 5245 Jose-

499 5272 592 5342 phi
628 5273 959 5327 mentionem
998 5271 1088 5327 bic
1135 5288 1243 5326 non
1295 5273 1467 5330 facit?
1496 5275 1634 5342 Quia
1661 5287 1911 5337 mortuus
1943 5295 2080 5339 erat.

499 5359 634 5417 Nam
663 5364 709 5418 si
741 5361 944 5417 fratres
993 5364 1371 5431 crediderant,
1406 5375 1460 5422 et
1494 5367 1753 5438 aderant,
1804 5374 1897 5440 qui
1958 5356 2085 5430 ante

499 5466 880 5521 saepenumero
913 5469 1022 5509 non
1074 5456 1449 5525 crediderant,
1512 5460 1691 5515 multo
1741 5464 1917 5533 magis
1970 5464 2082 5528 ille,

2189 4725 2280 4779 οὖν
2311 4725 2482 4795 λέγει,
2534 4728 2641 4781 Σὺν
2673 4732 2739 4800 τῇ
2769 4730 2955 4802 Μητρὶ
3006 4730 3101 4783 τοῦ
3142 4731 3315 4801 Ἰησοῦ
3343 4749 3356 4798 ;
3396 4733 3574 4785 καίτοι
3609 4728 3732 4785 εἷπε
3760 4749 3777 4766 ο

2156 4846 2159 4849 ν
2192 4818 2289 4871 καὶ
2328 4819 2436 4872 ἀπὸ
2478 4820 2601 4873 τότε
2650 4821 2842 4874 ἔλαϐεν
2870 4821 3042 4892 αὐτὴν
3076 4824 3103 4875 6
3136 4823 3385 4894 μαθητὴς
3414 4825 3495 4887 είς
3526 4825 3595 4878 τὰ
3624 4825 3776 4892 ίδια;

2191 4911 2441 4981 οὐδαμῶς
2465 4913 2612 4965 ἐστιν
2642 4912 2887 4966 ἐναντίον
2912 4929 2924 4942 ·
2945 4917 2991 4966 ει
3019 4912 3129 4984 γὰρ
3165 4914 3260 4966 καὶ
3282 4913 3445 4978 αὐτὸς
3468 4917 3496 4968 6
3526 4916 3779 4988 μαθητὴς

2196 5005 2382 5074 συνῆν,
2417 5004 2569 5059 οὐδὲν
2602 5000 2672 5077 ἦν
2711 5006 2770 5059 τὸ
2800 5005 3009 5059 κωλύον
3072 5006 3165 5058 καὶ
3189 5006 3357 5077 αὐτὴν
3384 5010 3778 5078 συμπαρεῖναι.

2194 5098 2319 5161 Πῶς
2355 5097 2448 5152 οὖν
2504 5098 2598 5151 τοῦ
2640 5097 2837 5168 Ἰωσὴφ
2872 5096 3109 5151 ἐνταῦθα
3137 5099 3197 5152 οὐ
3244 5099 3614 5169 μνημονεύει;
3652 5100 3782 5154 Ὅτι

2194 5190 2598 5260 τετελευτηκὼς
2623 5186 2712 5261 ἦν.
2751 5190 2813 5243 Εἰ
2857 5190 2966 5261 γὰρ
2990 5192 3038 5244 oi
3067 5191 3287 5259 ἀδελφοὶ
3318 5191 3644 5246 ἐπίστευσαν
3684 5195 3784 5247 καὶ

2193 5284 2485 5352 παρῆσαν,
2551 5284 2602 5335 οἱ
2654 5282 2914 5347 πολλάκις
2973 5283 3431 5356 διαπιστήσαντες
3486 5287 3779 5360 πρότερον,

2198 5373 2379 5445 πολλῷ
2409 5374 2612 5445 μᾶλλον
2641 5376 2872 5440 ἐκεῖνος,
2904 5376 2954 5429 εί
2989 5375 3069 5429 ἔτι
3096 5371 3164 5449 ἦν
3196 5380 3255 5431 ὲν
3287 5378 3410 5450 βίῳ,
3455 5377 3549 5432 καὶ
3583 5380 3784 5433 ὲπεπι-

2198 5465 2457 5532 στεύκει,
2536 5468 2632 5520 καὶ
2695 5469 2808 5532 τοῖς
2870 5468 3127 5541 τοιαύτης
3183 5469 3283 5523 οὐκ
3359 5469 3781 5540 ἀπελιμπάνιτο

1704 5580 1909 5642 Van-ite
1941 5581 2256 5645 lectiones
2291 5591 2353 5646 et
2391 5590 2585 5650 noue.

642 5669 949 5761 δοθησεται,
979 5679 1125 5761 erat;
1191 5673 1236 5704 "°
1259 5672 1741 5761 malueévumrat.
1801 5683 1841 5715 ⁷³
1884 5683 2084 5741 Videtut

2190 5687 2425 5741 rsiderari
2451 5687 2636 5754 dictio,
2664 5687 2777 5745 οὖν.
2850 5692 2896 5728 ⁷³
2917 5688 2983 5745 1η
3005 5687 3236 5761 Vulgari;
3264 5694 3341 5743 es'
3387 5688 3415 5744 ὃ
3458 5705 3518 5745 τε
3544 5689 3780 5761 Πέτρος.

495 5738 543 5768 ⁷³
584 5740 641 5789 li:
679 5741 901 5808 vulgatis
930 5753 1024 5803 est,
1063 5744 1129 5810 τῇ
1160 5738 1463 5817 προσευχῇ,

568 5853 582 5867 ’
618 5848 787 5902 Locus
821 5856 998 5916 procul
1031 5854 1185 5908 dubio
1217 5868 1513 5927 corruptus.

3955 3354 3964 3387 ε

3950 3458 3957 3476 ι

3942 3801 3961 3849 ε

3940 3894 3960 3944 ε

3939 3981 3960 4034 ἐι

3931 4072 3960 4143 ἀμ

3928 4170 3951 4217 :J

3923 4264 3958 4315 ul

3917 4532 3955 4589 ζξτι

3914 4626 3953 4678 ιάε

3912 4713 3953 4770 πίε

3910 4799 3924 4847 ξ·

3922 5174 3944 5206 lt

3898 5250 3917 5311 Γ
3928 5271 3952 5315 [ε

3910 5338 3951 5369 itif

3894 5316 3949 5443 ιι
