4044 6486
395 440 500 502 ἶιὲῗ
1352 440 1702 500 TilEOPllY
1717 439 1894 498 LACT
1905 438 1922 494 l
1974 435 2166 496 BULG
2181 433 2380 494 ARLE
2413 437 2768 497 ARCfIlEP.

3551 441 3657 503 5’28

383 551 457 607 Ut
479 552 654 606 abiret
684 549 736 604 in
769 550 947 604 locum
979 565 1160 606 suum.
1205 550 1376 606 Suum
1415 566 1510 606 seu
1553 551 1834 621 proprium
1877 553 1955 601 lo-

2064 547 2342 618 ἐνόσησεν,
2386 547 2560 612 οὕτως
2602 550 2648 580 ⁵³
2694 548 2824 612 ἴδιος
2866 545 3056 617 γέγονε
3093 550 3188 604 τοῦ
3242 551 3508 617 Ματθίου,
3563 558 3658 609 κει

387 659 510 700 cum
543 653 723 706 vocat,
757 658 914 712 quem
938 642 1193 700 Maltliias
1217 647 1314 711 ita,
1339 653 1400 699 ut
1431 644 1651 712 dignum
1682 653 1732 699 et
1753 657 1966 714 aequum

386 741 527 799 eral,
553 733 879 788 obtenturus
927 744 1062 788 crat.
1099 721 1570 800 Quemadmodum
1619 734 1766 788 enim
1801 731 1968 786 .ludas

388 823 603 878 alienus
637 822 766 885 fuit,
795 826 958 880 etiam
982 826 1154 894 prius,
1186 840 1349 895 quam
1380 823 1530 878 illinc
1553 824 1870 887 excidisset,
1901 838 1966 877 ex

387 929 498 984 quo
548 916 760 982 morbo,
815 916 1095 982 nimirum,
1151 916 1394 970 avaritiae
1433 924 1596 987 atque
1643 916 1967 986 proditionis

387 1003 641 1060 laborare
687 1006 828 1074 cepit
867 1025 881 1059 :
939 1006 1013 1059 ita
1056 1005 1310 1075 proprius
1357 1005 1461 1060 fuit
1508 1005 1750 1060 Matthiae
1799 1005 1964 1059 etiam

384 1096 539 1163 prius
568 1084 730 1163 quam
780 1095 934 1148 illum
970 1095 1324 1161 obtinuisset,
1358 1111 1420 1150 ex
1459 1111 1568 1166 quo
1598 1095 1820 1166 dignum
1847 1110 1968 1151 sese

387 1186 644 1255 praestitit
696 1195 848 1240 tanto
889 1201 1132 1242 munere.
1181 1188 1295 1242 Cur
1348 1189 1546 1244 sortito
1588 1189 1772 1260 potius
1818 1189 1966 1244 cele-

382 1279 544 1331 brant
580 1277 949 1333 electionem?
978 1279 1114 1344 Quia
1169 1280 1413 1334 nondum
1449 1296 1572 1336 sese
1613 1280 1810 1350 dignos
1852 1280 1970 1333 exi-

384 1369 708 1435 stimabant,
761 1370 850 1440 qui
890 1386 986 1440 per
1033 1371 1254 1441 aliquod
1302 1372 1524 1441 signum
1576 1372 1844 1426 certiores
1875 1372 1968 1425 lie-

383 1468 526 1514 rent.
561 1459 703 1526 Quin
733 1460 898 1514 etiam
945 1460 1183 1529 Spiritus
1208 1462 1450 1515 nondum
1492 1470 1880 1531 supervenerat
1911 1462 1964 1514 in

387 1553 534 1618 illos,
584 1568 764 1624 neque
819 1568 960 1623 opus
1019 1563 1158 1620 erat,
1209 1555 1358 1623 «quia
1409 1553 1752 1608 tantumdem
1799 1554 1968 1606 valuit

388 1659 532 1699 sors.
561 1642 699 1698 Nam
729 1644 796 1710 si,
837 1644 925 1698 ubi
949 1660 1125 1715 neque
1176 1647 1420 1716 precatio
1449 1652 1829 1717 praecesserat,
1863 1660 1962 1699 ne-

387 1754 494 1807 que
544 1738 777 1808 alicujus
817 1737 978 1808 pretii
1028 1737 1280 1792 homines
1325 1747 1504 1804 erant,
1556 1750 1763 1794 tantum
1798 1738 1966 1792 valuit

387 1845 529 1894 sors,
561 1839 848 1900 propterea
872 1827 1018 1899 quod
1049 1843 1116 1904 ex
1168 1839 1318 1884 recto
1364 1831 1551 1884 animo
1587 1830 1885 1886 accidisset
1909 1829 1962 1883 in

387 1925 522 1975 .lona
561 1938 573 1974 :
616 1921 778 1990 longe
809 1921 993 1990 potius
1019 1921 1130 1975 hic.
1162 1920 1342 1991 Atque
1371 1921 1570 1976 aliter:
1608 1922 1812 1976 Locum
1839 1937 1966 1992 pro-

387 2013 587 2082 prium.
619 2011 1008 2082 Unusquisque
1032 2011 1192 2068 lactis
1221 2014 1338 2068 suis
1364 2021 1458 2067 aut
1490 2013 1690 2067 bonum
1716 2013 1843 2077 sibi,
1873 2021 1966 2066 aut

388 2104 589 2158 malum
628 2104 887 2159 conciliat
930 2118 994 2159 ac
1032 2112 1187 2175 parat
1212 2105 1413 2159 locum.
1460 2103 1577 2160 Hoc
1623 2105 1792 2175 igitur
1809 2105 1962 2169 dicit,

385 2199 530 2269 quod
561 2199 728 2255 Judas
763 2199 959 2255 abierit
1008 2202 1060 2254 in
1117 2201 1270 2254 illum
1301 2201 1484 2256 locum
1536 2201 1764 2266 malum,
1799 2217 1962 2271 quem

387 2291 603 2359 prodito
647 2290 774 2346 Jesu
817 2291 922 2346 slbi
975 2291 1356 2346 :edilicaverat.
1411 2291 1529 2346 Non
1563 2293 1707 2346 enim
1771 2305 1962 2346 natura

385 2381 545 2434 nobis
572 2381 674 2434 loci
704 2389 797 2434 aut
827 2381 951 2434 boni
984 2389 1078 2434 aut
1103 2381 1227 2435 mali
1261 2388 1410 2444 sunt,
1435 2381 1528 2436 sed
1581 2381 1738 2436 factis
1759 2382 1964 2437 nostris

386 2472 566 2524 locum
613 2470 772 2526 nobis
815 2473 1176 2526 exstruimus.
1241 2471 1320 2525 Ita
1364 2472 1686 2528 obstetrices
1744 2488 1964 2544 quoque

388 2561 738 2614 Hebraeorum
773 2560 941 2616 Deum
994 2562 1270 2629 timentes,
1305 2564 1410 2619 sibi
1458 2562 1739 2620 domicilia
1791 2568 1963 2622 aediﬁ-

383 2663 666 2709 caverunt.
723 2654 801 2708 ita
845 2655 1009 2709 etiam
1052 2653 1202 2721 impii
1259 2655 1528 2710 audient:
1561 2655 1639 2710 Ite
1673 2658 1727 2710 iu
1781 2659 1960 2713 lumen

384 2745 527 2812 ignis
562 2743 770 2809 vestri,
813 2750 867 2798 et
916 2742 1188 2797 ﬂannnam
1217 2759 1379 2813 quam
1427 2746 1728 2802 exeitastis.
1777 2746 1954 2802 Voca-

381 2835 567 2890 bulum
617 2835 770 2890 locus
819 2833 989 2889 multa
1043 2835 1338 2905 signiﬁcat,
1391 2847 1555 2906 atque
1589 2838 1732 2892 inter
1769 2851 1961 2895 cretera

380 2925 544 2976 etiam
580 2923 828 2976 ordinem
875 2923 1169 2992 quemdam
1216 2923 1514 2992 signiﬁcat.
1549 2926 1625 2979 Ita
1652 2929 1797 2981 enim
1822 2929 1961 2982 dici-

383 3030 504 3070 mus
536 3016 716 3070 locum
766 3015 1033 3086 episcopi,
1086 3023 1252 3086 atque
1296 3016 1460 3071 etiam
1515 3019 1827 3090 praesbyteri
1865 3037 1958 3076 seu

381 3107 634 3172 senioris,
668 3115 835 3176 atque
862 3106 1030 3162 etiam
1063 3106 1118 3160 in
1153 3108 1433 3162 contrario
1464 3109 1605 3163 idem
1637 3121 1816 3180 potest
1842 3129 1961 3183 spe-

379 3199 536 3263 ctari,
573 3212 904 3267 unoquoque
936 3197 1075 3253 aclis
1110 3198 1226 3253 suis
1255 3197 1434 3252 locum
1463 3199 1568 3254 sibi
1595 3202 1870 3271 proprium
1907 3213 1962 3258 et
1989 3229 2034 3289 ο

379 3305 539 3345 suum
571 3290 830 3346 "faciente.
897 3289 992 3345 Sic
1035 3289 1201 3360 igitur
1233 3290 1640 3364 aliquislocum
1675 3293 1800 3349 falsi
1859 3297 1958 3353 do-

378 3381 550 3436 ctoris
587 3388 644 3437 et
691 3379 817 3435 falsi
856 3380 1092 3448 apostoli
1141 3381 1498 3450 adipiscetur,
1532 3384 1837 3452 quinetiam
1873 3397 1948 3458 ty-

2074 641 2203 710 πρὶν
2250 641 2284 713 ἢ
2336 641 2526 694 τοῦτον
2566 643 2882 710 κατασχεῖν,
2912 641 3008 709 ἀφ’
3036 636 3098 694 οῦ
3141 641 3292 708 ἄξιον
3343 646 3508 699 αὑτὸν
3557 648 3662 716 τῆς

2069 731 2404 803 τηλικαύτης
2435 731 2645 803 δωρεᾶς
2673 733 3078 804 παρεσκεύασε.
3105 733 3268 799 -Τίνος
3301 736 3490 793 ἕνεκεν
3520 739 3656 809 κλή-

2073 841 2202 896 ρους
2237 826 2285 860 ³³
2332 825 2660 898 μᾶλλονλτὴν
2703 827 2936 899 ἐκλογὴν
2975 828 3299 897 ποιοῦνται;
3344 833 3464 886 Ὅτι
3502 833 3656 887 οὔπω

2069 915 2254 980 ἀξίους
2283 915 2517 987 ἡγοῦντο
2563 918 2792 982 ἑαυτοὺς
2825 916 2963 972 εῖναι
2996 921 3090 973 τοῦ
3124 921 3215 974 διά
3240 939 3385 986 τινος
3428 926 3656 995 σημείου

2073 1006 2264 1076 μαθεῖν
2287 1021 2300 1035 ⁸
2335 1007 2394 1059 οὐ
2431 1006 2538 1077 μὴν
2574 1007 2693 1060 οὐδὲ
2727 1008 2787 1060 τὸ
2827 1009 3052 1079 Πνεῦμα
3081 1004 3151 1080 ἦν
3189 1010 3414 1064 ἐπελθὸν
3455 1013 3650 1076 αὐτοῖς

2069 1094 2244 1151 οὔπω.
2288 1097 2362 1149 Οὐ
2403 1097 2484 1150 δεῖ
2517 1097 2565 1130 9⁸
2602 1098 2680 1162 δὲ,
2717 1100 2798 1152 ὅτι
2827 1099 3082 1152 τοσοῦτον
3103 1101 3293 1170 ἴσχυσε
3321 1101 3544 1173 κλῆρος.
3583 1107 3651 1158 El
3727 1086 3731 1096 ’

2069 1191 2178 1261 γὰρ
2208 1189 2339 1244 ἔνθα
2365 1188 2493 1242 οὔτε
2524 1189 2679 1260 εὐχὴ,
2719 1189 2841 1246 οὔτε
2881 1191 3152 1261 ἀξιόλογοι
3182 1192 3398 1262 ἄνδρες,
3450 1195 3656 1265 κλῆρος

2067 1277 2321 1332 τοσοῦτον
2356 1278 2546 1347 ἴσχυσε
2593 1277 2683 1331 διὰ
2718 1278 2778 1330 τὸ
2830 1278 2890 1344 ἐξ
2925 1278 3091 1349 ὀρθῆς
3135 1277 3390 1347 γενέσθαι
3427 1279 3654 1349 γνώμης

2069 1369 2163 1422 ἐπὶ
2196 1369 2286 1421 τοῦ
2343 1369 2519 1434 Ἰωνᾶ,
2547 1368 2727 1439 πολλῷ
2768 1369 2972 1439 μᾶλλον
3003 1371 3259 1426 ἐνταῦθα.
3307 1372 3415 1425 Καὶ
3452 1371 3654 1437 ἄλλως..

2069 1462 2173 1515 Τὸν
2211 1460 2376 1514 τόπον
2426 1461 2518 1514 τὸν
2570 1462 2700 1514 ἴδιον
2728 1476 2743 1493 ο
2797 1461 3028 1526 ἕκαστος
3078 1463 3175 1531 ἀφ’
3227 1456 3302 1516 ὧν
3349 1464 3579 1533 πράττει
3615 1465 3650 1532 ἢ

2068 1553 2232 1608 καλὸν
2281 1553 2483 1624 ἐαυτῷ,
2519 1553 2553 1623 ἢ
2596 1553 2766 1607 κακὸν
2817 1552 3071 1624 προξενεῖ
3095 1554 3281 1610 τόπον.
3328 1554 3500 1608 Τοῦτο
3557 1550 3653 1608 οὖν

2069 1662 2238 1715 φησιν
2274 1646 2358 1697 ὅτι
2410 1644 2684 1714 ἐπορεύθη
2731 1644 2932 1708 Ἰούδας
2966 1647 3048 1707 είς
3093 1646 3302 1698 ἐκεῖνον
3335 1644 3427 1698 τὸν
3461 1645 3651 1708 τόπου,

2065 1737 2158 1789 τὴν
2185 1737 2418 1808 πονηρόν
2448 1753 2460 1768 ⁸
2495 1737 2554 1790 ὃν
2580 1739 2644 1808 τῇ
2671 1737 2931 1807 προδοσίᾳ
2953 1737 3047 1792 τοῦ
3093 1736 3268 1806 Ἰησοῦ
3297 1737 3476 1808 ἑαυτῷ
3506 1738 3651 1808 ᾠκο-

2067 1827 2322 1899 δόμησεν.
2352 1830 2426 1881 Οὐ
2457 1829 2567 1900 γὰρ
2596 1831 2738 1882 κατὰ
2780 1827 2944 1897 φύσιν
2974 1829 3106 1899 ἡμῖν
3141 1828 3192 1880 ol
3229 1828 3383 1882 τόποι
3419 1830 3452 1899 ἦ
3495 1829 3651 1883 καλοὶ

2067 1919 2101 1988 ἢ
2129 1919 2290 1973 κακοί
2317 1936 2331 1950 ·
2371 1920 2487 1974 ἀλλ’
2531 1920 2622 1989 ἀφ’
2653 1915 2728 1974 ὧν
2760 1919 3040 1988 ποιοῦμεν,
3063 1919 3226 1972 τόπον
3267 1920 3477 1982 ἑαυτοῖς
3501 1921 3649 1984 ὲγεὶ-

2070 2029 2258 2082 ρομεν.
2286 2011 2444 2065 Οὕτω
2467 2014 2562 2065 καὶ
2590 2013 2648 2066 αἱ
2678 2013 2836 2082 μαῖαι
2861 2010 2971 2063 τῶν
3013 2010 3283 2082 Ἐϐραίων
3325 2012 3651 2081 φοϐηθεῖσαι

2067 2104 2159 2155 τὸν
2199 2103 2356 2168 Θεὸν,
2393 2103 2754 2173 ᾠκοδόμησαν
2791 2104 3012 2164 ἑαυταῖς
3053 2102 3230 2165 οἰκίας
3256 2102 3301 2135 ⁸³
3330 2119 3344 2133 ⁸
3379 2102 3522 2157 οὕτω
3553 2106 3651 2158 καὶ

2066 2195 2117 2248 οἱ
2145 2194 2362 2258 ἀσεϐεῖς
2390 2195 2650 2248 ἀκούουσι
2685 2210 2700 2224 ο
2750 2193 3057 2265 Πορεύεσθε
3083 2193 3161 2264 τῷ
3189 2195 3327 2262 φωτὶ
3355 2194 3452 2248 τοῦ
3477 2194 3651 2265 πυρὸς

2067 2285 2220 2354 ὑμῶν
2248 2323 2266 2348 ,
2317 2285 2413 2338 καὶ
2466 2287 2532 2355 τῇ
2595 2285 2755 2353 φλογὶ
2796 2278 2830 2356 ᾖ
2879 2284 3230 2349 ἔξεκαύσατε.
3273 2283 3650 2357 [ΔΙΔΥΜΟΥ.]

2081 2375 2141 2427 Ἦ
2173 2377 2336 2438 τύπος
2374 2377 2524 2444 φωνὴ
2553 2375 2728 2429 πολλὰ
2764 2375 3039 2445 σημαίνει.
3077 2375 3240 2445 Δηλοῖ
3276 2375 3412 2446 πρὸς
3438 2377 3647 2448 ἑτέροις

2073 2468 2168 2521 καὶ
2188 2467 2342 2534 τάξιν
2360 2469 2482 2521 τινά
2511 2483 2526 2497 ·
2565 2465 2710 2520 οὕτω
2731 2466 2838 2538 γὰρ
2866 2466 3097 2536 λέγομεν
3129 2467 3293 2521 τόπον
3313 2467 3611 2520 ἐπισκόπου
3627 2506 3644 2528 ,

2065 2561 2198 2614 ἀλλὰ
2224 2561 2320 2614 καὶ
2351 2560 2730 2630 πρεσϐυτέρου
2766 2577 2779 2589 ·
2815 2559 2909 2611 καὶ
2942 2559 3035 2612 ὲπὶ
3067 2559 3128 2612 τὸ
3157 2559 3398 2612 ἐναντίον
3427 2561 3488 2612 τὸ
3515 2561 3650 2613 αὐτὸ

2065 2653 2184 2705 ἔστι
2233 2651 2456 2706 σκοπεῖν
2485 2692 2503 2719 ,
2544 2651 2780 2704 ἑκάστου
2815 2651 2883 2705 δι’
2921 2649 2996 2704 ὧν
3045 2652 3278 2722 πράττει
3317 2651 3484 2705 τόπον
3512 2652 3646 2706 ἴδιον

2065 2743 2260 2797 ἑαυτοῦ
2305 2742 2609 2806 ποιοῦντος.
2646 2741 2806 2796 Οὕτω
2839 2741 2971 2810 γοῦν
3001 2745 3168 2796 τόπον
3212 2758 3300 2806 τις
3338 2741 3646 2812 ψευδοδιδά-

2066 2837 2266 2890 σκάλου
2318 2836 2414 2889 καὶ⁹
2459 2835 2902 2905 ψευδαποστόλου
2955 2836 3186 2906 σχήσει,
3236 2835 3372 2890 ἀλλὰ
3409 2838 3504 2888 καὶ
3548 2851 3646 2888 τυ-

2067 2928 2260 3000 ράννου
2285 2929 2377 2980 καὶ
2395 2927 2503 2980 τῶν
2525 2927 2702 2980 ἄλλων
2730 2927 2974 2996 φαύλων.
3022 2927 3176 2979 Ἐπεὶ
3198 2925 3294 2980 νῦν
3320 2928 3413 2980 καὶ
3447 2926 3646 2990 Ἰούδας

2065 3019 2216 3090 πόθῳ
2248 3019 2328 3090 τῷ
2361 3018 2500 3090 πρὸς
2547 3017 2789 3089 ἀργύρια
2837 3016 3205 3089 προαιρετικῴ
3253 3018 3642 3085 συναρπαγεὶς,

2062 3111 2160 3182 τὴν
2213 3110 2476 3181 προδότου
2527 3108 2680 3174 τάξιν
2715 3108 2915 3171 εἵλετο,
2965 3107 3190 3169 εἰκότως
3245 3107 3325 3169 εἰς
3371 3106 3464 3159 τὸν
3515 3105 3645 3158 ἴδιον

2068 3202 2233 3254 τόπον
2269 3199 2601 3270 πορεύεσθαι
2640 3198 2880 3269 εἴρηται.
2937 3196 3236 3259 ’Δπολέσας
3267 3196 3314 3228 ⁸⁸
3337 3196 3443 3266 γὰρ
3471 3196 3535 3247 δι’
3569 3189 3644 3248 ὧν

2067 3292 2272 3363 ἔπραξε
2304 3292 2364 3343 τὸ
2427 3285 2569 3344 εἶναι
2619 3289 2755 3360 μετὰ
2805 3287 2914 3342 τῶν
2963 3286 3297 3352 ἀποστόλων,
3357 3284 3646 3353 συνέταξεν

2069 3383 2248 3454 ἑαυτῷ
2279 3383 2408 3436 ἴδιον
2447 3384 2634 3436 τόπον.

379 3479 560 3534 ranni.
598 3488 651 3531 et
689 3477 920 3530 aliarum
952 3489 1132 3530 rerum
1169 3477 1456 3531 malarum.
1487 3478 1756 3545 Quoniam
1793 3499 1940 3538 llllllc
1976 3485 2140 3540 etiam
2188 3478 2360 3534 Judas
2433 3477 2624 3547 sponie
2673 3490 2774 3532 sua
2841 3474 3117 3532 desiderio
3194 3475 3441 3546 pecunia
3480 3479 3649 3542 atque

375 3568 606 3626 avaritia
697 3577 1003 3638 correptus,
1057 3569 1360 3637 proditoris
1403 3573 1663 3630 ordinem
1736 3589 1802 3630 ac
1840 3588 2024 3646 partes
2065 3573 2332 3643 suscepit,
2388 3579 2539 3627 recte
2589 3571 2646 3624 in
2698 3570 2878 3625 locum
2933 3585 3093 3625 suum
3130 3571 3280 3625 abire
3318 3568 3499 3624 dictus
3538 3574 3647 3628 est.

375 3658 512 3716 Cum
547 3661 694 3719 enim
728 3658 892 3718 lactis
919 3662 1034 3717 suis
1060 3663 1334 3719 amisisset
1355 3665 1556 3734 locum,
1590 3675 1648 3722 ut
1681 3678 1829 3724 esset
1854 3684 1962 3725 una
2001 3684 2129 3726 cum
2165 3665 2451 3736 apostolis.
2478 3665 2788 3720 construxit
2823 3663 2926 3718 sibi
2960 3664 3239 3732 proprium
3273 3663 3477 3716 locum.

928 3755 1033 3826 19
1069 3755 1299 3812 CAPUT
1341 3759 1402 3815 ιι.

444 3853 613 3906 Vens.
658 3851 708 3904 l.
764 3853 833 3904 Et
883 3866 1000 3904 cum
1044 3851 1398 3920 compleretur
1440 3853 1550 3910 dies
1594 3855 1948 3926 Pentecasles,

375 3952 524 3995 erant
559 3957 735 3996 omnes
767 3941 931 3996 simul
949 3942 1008 3995 in
1039 3943 1220 3996 eodem
1255 3941 1390 3998 loco.

451 4127 613 4182 Vsus.
651 4126 707 4180 ‘2.
745 4124 814 4178 Et
849 4124 1024 4194 factus
1051 4133 1128 4179 est
1161 4136 1363 4193 repente
1389 4128 1452 4181 de
1483 4133 1610 4182 caelo
1636 4146 1796 4184 sanus
1832 4139 1951 4182 tan-

377 4232 537 4285 quam
574 4216 772 4267 ruentis
803 4214 966 4282 ﬂatus
1009 4215 1363 4269 vehementis:
1412 4225 1459 4269 et
1510 4217 1722 4285 replevit
1779 4227 1950 4271 totam

376 4325 402 4358 ι.
415 4323 590 4360 autum
613 4305 702 4359 ubi
737 4304 1097 4373 considebapt.
1255 4372 1261 4376 Ι

453 4401 618 4455 Vens.
655 4400 707 4455 '5.
746 4397 812 4452 Ει
843 4399 966 4453 vita:
998 4408 1118 4452 sunt
1162 4396 1271 4451 illis
1315 4397 1512 4469 lingua:
1546 4401 1701 4468 quasi
1759 4401 1946 4471 igneae,

376 4507 494 4559 qua:
525 4488 990 4561 dispertiebantur,
1022 4487 1357 4557 conseditque
1382 4505 1538 4559 super
1590 4506 1942 4561 unumquem-

375 4604 398 4652 ι,
411 4598 473 4636 ue
501 4599 706 4636 eorum.
977 4562 988 4578 ’

452 4671 618 4728 Vens.
659 4674 711 4728 i.
746 4672 813 4726 Et
851 4672 1035 4740 repleti
1056 4681 1178 4726 sunt
1205 4687 1388 4727 omnes
1430 4670 1633 4743 Spiritu
1675 4669 1880 4739 saneto,
1903 4685 1952 4728 et

376 4774 645 4832 cceperunt
670 4764 814 4833 loqui
837 4765 1058 4818 diversis
1095 4764 1312 4840 linguis,
1341 4773 1497 4832 prout
1532 4763 1763 4832 Spiritus
1783 4764 1946 4818 dabat

375 4856 508 4918 illis,
545 4865 599 4908 ut
621 4856 1010 4924 eloquerentur.

447 4946 655 5012 Quare,
683 4960 806 4999 cum
840 4945 1210 5014 compleretur
1238 4943 1354 4999 dies
1382 4942 1954 5012 Pentecostes‘l-Quia,

375 5037 596 5108 quando
651 5036 844 5106 falcem
899 5036 953 5090 in
997 5051 1231 5092 messem
1279 5035 1575 5090 immittere
1627 5038 1951 5104 oportebat,

375 5129 597 5203 quando
640 5129 823 5197 fruges
849 5127 1106 5197 colligere
1143 5126 1528 5191 conveniebat,
1591 5135 1723 5182 tunc
1745 5126 1946 5183 falcem

381 5221 660 5280 sermonis
700 5234 920 5289 quoque
951 5218 1212 5274 adbibere
1238 5219 1564 5289 oportebat:
1592 5221 1949 5289 quemadtno.

375 5318 504 5370 dum
564 5314 731 5369 etiam
777 5314 899 5367 loco
957 5310 1113 5366 falcis
1159 5309 1400 5381 Spiritus
1469 5319 1696 5365 sanctus
1755 5321 1950 5369 acutus

374 5406 685 5462 advolabat.
715 5405 781 5458 Et
806 5403 1063 5459 Christus
1101 5403 1179 5458 ait
1235 5421 1247 5456 :
1281 5402 1475 5458 Mcssis
1509 5402 1727 5473 quidem
1780 5407 1949 5463 multa

375 5491 490 5551 est:
524 5498 760 5567 Operarii
807 5506 990 5550 autem
1027 5493 1185 5565 pauci
1238 5499 1386 5561 sunt,
1423 5502 1477 5548 et
1524 5493 1695 5560 alibi,
1731 5495 1941 5564 Videte,

378 5587 574 5655 inquit,
609 5599 768 5655 agros
811 5599 828 5638 :
881 5583 1010 5654 quia
1057 5582 1170 5651 jam
1219 5580 1328 5636 albi
1383 5589 1511 5636 sunt.
1569 5581 1636 5635 ad
1683 5596 1935 5637 messem.

2678 3759 2930 3812 ΚΕΦΑᾹ,
2969 3757 3045 3812 Β’.

2137 3854 2249 3911 Kal
2302 3855 2373 3908 ἐν
2413 3852 2494 3919 τῷ
2534 3850 3042 3921 συμπληροῦσθαι
3103 3849 3219 3918 τὴν
3261 3848 3491 3918 ἡμέραν
3531 3846 3647 3915 τῆς

2061 3944 2516 4015 Πεντηκοστῆς,
2567 3939 2731 4016 ἦσαν
2783 3942 3048 4009 ἅπαντες
3105 3940 3487 4012 ὁμοθυμαδὸν
3542 3940 3643 3992 ἐπὶ

2058 4041 2127 4094 τὸ
2144 4041 2313 4094 αὐτό.

2130 4131 2242 4186 Kal
2306 4129 2545 4199 ἐγένετο
2607 4127 2779 4196 ἄφνω
2834 4126 2904 4179 ἐκ
2967 4124 3077 4179 τοῦ
3140 4123 3406 4193 οὐρανοῦ
3467 4119 3640 4192 ἦχος,

2056 4219 2259 4289 ὥσπερ
2287 4219 2622 4288 φερομένης
2652 4216 2848 4285 πνοῆς
2869 4217 3079 4283 ,ϐιαίας
3108 4232 3123 4248 ο
3160 4216 3262 4270 καὶ
3289 4215 3644 4284 ἐπλήρωσεν

2056 4312 2206 4366 ὅλον
2232 4313 2334 4365 τὸν
2377 4307 2566 4375 οἷκον,
2604 4305 2676 4365 οὗ
2717 4306 2878 4378 ἦσαν
2909 4309 3253 4377 καθήμενοι.

2058 4431 2064 4434 -
2129 4401 2237 4457 Kal
2260 4401 2551 4469 ὤφθησαν
2594 4398 2803 4463 αὐτοῖς
2833 4397 3298 4468 διαμεριζόμεναι
3343 4397 3640 4466 γλῶσσαι,

2053 4493 2198 4547 ὡσεὶ
2227 4491 2441 4560 πυρὸς,
2471 4489 2720 4545 ἐκάθισε
2755 4507 2817 4544 τε
2848 4491 2942 4560 ἐφ’
2985 4492 3096 4545 ἕνα
3128 4490 3392 4545 ἕκαστον
3418 4488 3640 4545 αὐτῶν.

2061 4718 2068 4724 .
2135 4671 2242 4727 Kal
2273 4672 2680 4740 ἐπλήσθησαν
2723 4673 2988 4740 ἅπαντες
3027 4674 3374 4741 Πνεύματος
3413 4676 3585 4744 ἁγίου
3627 4693 3638 4705 -

2059 4763 2158 4816 καὶ
2207 4762 2471 4830 ἤρξαντο
2517 4763 2734 4818 λαλεῖν
2784 4765 3013 4832 ἑτέραις
3048 4764 3375 4834 γλώσσαις,
3448 4767 3644 4832 καθὰς

2056 4857 2123 4908 τὸ
2157 4855 2398 4923 Πνεῦμα
2427 4854 2630 4910 ἐδίδου
2669 4857 2874 4922 αὐτοῖς
2907 4855 3408 4926 ἀποφθέγγεσθαι.

2054 4978 2060 4984 -
2132 4945 2232 4997 Διὰ
2286 4947 2340 4996 τί
2389 4947 2446 4998 ὲν
2498 4945 2576 5014 τῷ
2632 4945 3088 5019 συμπληροῦσθαι
3134 4945 3233 5018 τὴν
3287 4948 3502 5018 ἡμέραν
3541 4950 3642 5018 τῆς

2059 5036 2442 5106 Πεντηκοστῆς
2471 5052 2486 5101 ;
2524 5037 2667 5101 Ὅτι,
2700 5037 2790 5089 ὅτε
2814 5036 3166 5108 τὺ-δρέπανον
3200 5039 3513 5094 ἐπιϐάλλειν
3533 5040 3642 5092 ἔδει

2051 5124 2130 5195 τῷ
2163 5125 2383 5208 ἀμητῷ,
2421 5127 2512 5179 ὅτε
2549 5126 2678 5189 τοὺς
2711 5127 2960 5196 καρποὺς
3015 5129 3270 5198 συνάγειν
3298 5132 3487 5202 ἐχρῆν,
3517 5131 3642 5183 τότε

2053 5216 2235 5270 καὶτὸ
2259 5217 2532 5287 δρέπανον
2554 5217 2867 5270 ἐπιϐάλλειν
2895 5219 3000 5272 ἔδει
3031 5220 3122 5272 τοῦ
3155 5221 3336 5290 λόγου.
3367 5222 3639 5292 Καθάπερ

2053 5309 2163 5380 γὰρ
2179 5309 2224 5342 ⁸⁷
2246 5308 2368 5363 ἀντὶ
2392 5308 2662 5378 δρεπάνου
2693 5309 2754 5362 τὸ
2789 5311 3014 5379 Πνεῦμα
3037 5311 3097 5364 τὸ
3120 5312 3274 5380 ἅγιον
3300 5314 3642 5384 ἠκονημένον

2054 5401 2342 5470 ὲφίπτατο.
2400 5401 2510 5454 Καί
2560 5417 2725 5470 φησιν
2770 5402 2797 5454 ό
2828 5402 3060 5468 Χριστός
3087 5419 3101 5434 ’
3145 5405 3204 5458 ’0
3245 5406 3344 5476 μὲν
3373 5406 3640 5476 θερισμὸς

2053 5493 2307 5558 πολὺς,οῖ
2323 5491 2381 5545 δὲ
2398 5491 2626 5563 ἐργάται
2685 5492 2858 5562 ὀλίγοι
2891 5495 2986 5548 καὶ
3039 5495 3272 5567 ἀλλαχοῦ
3301 5513 3313 5526 ·
3353 5496 3638 5553 Θεάσασθε

2053 5584 2153 5646 τὰς
2167 5584 2372 5655 χώρας,
2401 5585 2483 5637 ὅτι
2517 5583 2710 5637 λευκαί
2739 5586 2846 5638 εἰσι
2877 5586 3013 5657 πρὸς
3035 5587 3293 5659 θερισμὸν
3308 5591 3432 5662 ἤδη.
3451 5591 3560 5663 Τὴν
3575 5591 3638 5646 δὲ

1560 5767 1760 5829 Variae
1791 5765 2099 5830 lectiones
2125 5791 2139 5828 t
2164 5774 2184 5827 t
2207 5774 2394 5830 nolle.

449 5893 497 5925 ”
522 5885 698 5958 οὗτος,
737 5906 872 5946 erat.
944 5891 991 5926 "
1023 5891 1108 5947 τσ.
1139 5889 1443 5962 κληρωτήν.
1523 5894 1567 5927 9⁸
1603 5894 1688 5946 ἵσ.
1713 5894 1823 5949 οὐδ’
1859 5893 1960 5948 ἔδει

2064 5895 2108 5928 ⁸⁵
2140 5895 2360 5962 οἰκίαις,
2389 5906 2521 5952 erat.
2599 5899 2646 5930 ’⁸
2691 5895 3000 5962 ἀπωλέσας,
3025 5907 3162 5952 erat.
3238 5898 3281 5929 ’7
3311 5899 3396 5952 ἷσ.
3440 5897 3557 5955 καί.
