4044 6428
385 420 494 488 520

1149 419 1555 486 EXPOSITlO
1591 419 1671 483 IN
1706 420 1898 484 ACTA
1925 419 2505 483 APOSTULORUM.
2539 444 2602 483 ’τ’
2638 420 2800 485 CAP.
2850 421 2932 481 II.

3557 422 3671 489 539

390 536 656 610 ἀπαρχὴν
707 537 909 606 λαβὼν,
961 538 1131 607 αὐτὸς
1189 540 1463 611 ἀνήγαγε
1484 537 1783 610 πρότερος·
1823 535 1988 599 αἰπὺς

2101 533 2263 591 Porro
2288 535 2563 606 primitias
2582 543 2844 607 acceptas
2868 536 3007 605 ipse,
3027 535 3226 592 obtulit
3260 535 3503 606 primus:
3541 536 3659 604 ipse

393 626 629 681 initials
653 631 720 682 τδ
752 630 1027 700 δρέπανον
1049 629 1340 701 πρότερος.
1364 628 1465 683 Διὰ
1485 628 1539 682 τί
1564 627 1626 683 δι
1648 628 1709 680 ὲν
1739 625 1818 700 τῷ
1843 641 1986 697 συμ-

397 720 768 792 πληροῦσθαις
788 724 911 778 Ὅτι
937 723 1130 796 ἑορτῆς
1159 721 1324 777 πάλιν
1355 720 1547 793 οὖσης,
1572 718 1870 777 εδειταῦτα
1886 734 1982 788 γε·

395 812 605 869 νέσθαι·
630 814 722 870 ἶνα
751 815 803 869 οἱ
830 815 1093 885 παρόντες
1107 813 1184 885 τῷ
1196 812 1420 885 σταυρῷ
1439 813 1534 867 τοῦ
1555 811 1818 884 Χριστοῦ,
1838 805 1986 869 οὗτοι

399 901 689 959 καὶταῦτα
712 902 893 960 ἴδωσι.
915 904 1309 978 [ΣΕΥΗΡΟΥ.]
1330 903 1789 975 Διαμεριζόμεναι
1812 903 1988 973 γλῶσ-

401 1009 494 1045 σαι
508 991 644 1047 ὡσεὶ
680 994 872 1065 πυρός.
893 995 1091 1049 ιΙαθὼν
1115 995 1224 1066 γὰρ
1257 998 1285 1050 6
1307 995 1439 1058 θεὸς
1464 996 1627 1066 σαρκὶ
1647 995 1711 1051 τὸ
1740 995 1987 1050 ἑκούσιον

402 1079 598 1146 πάθος,
629 1082 725 1136 καὶ
753 1084 998 1151 ἀναστὰς
1028 1086 1092 1138 ὲκ
1121 1084 1354 1155 νεκρῶν,
1392 1087 1785 1157 συνανέστησεν
1808 1086 1988 1157 ἐαυτῷ

400 1174 529 1238 τοὺς
547 1174 616 1245 τῇ
645 1174 892 1248 ἁμαρτίᾳ.
918 1176 1364 1247 νενεκρωμένους
1381 1178 1553 1248 ημᾶς,
1571 1178 1667 1233 καὶ
1681 1177 1742 1232 τὸ
1765 1177 1860 1233 τοῦ
1874 1178 1990 1233 δια-

401 1264 560 1317 ϐόλου
602 1265 804 1336 κράτος
828 1266 1122 1323 κατέλυσε.
1153 1266 1254 1322 Διὰ
1282 1267 1457 1323 τοῦτο.
1472 1268 1643 1339 μέχρι·
1663 1255 1761 1338 τῆς
1784 1271 1989 1340 Πεντη-

401 1353 626 1425 κοπῆς,
651 1356 733 1419 είς
757 1356 862 1426 γῆν
899 1357 961 1410 ού
1005 1358 1299 1429 κλινόμεθα
1332 1360 1770 1430 προσευχόμενοι
1804 1400 1820 1426 ,
1847 1361 1989 1414 κατὰ

401 1439 513 1493 τῶν
534 1440 628 1510 ὲχθ
638 1442 747 1512 ρῶν
761 1444 920 1513 ἡμῶν
935 1443 1230 1514 ψάλλοντες
1249 1462 1265 1477 ·
1280 1446 1447 1500 Αὐτοὶ
1471 1437 1928 1518 συνεποδίσθησαν
1943 1449 1988 1481 ’⁸

405 1533 501 1587 aut
534 1532 730 1609 ἔπεσον
752 1550 768 1567 ο
809 1536 969 1607 ήμεῖς
1006 1537 1398 1609 δὲ-ἁνέστημεν
1428 1540 1524 1593 κα).
1560 1538 1988 1610 ἁνωρθὼθημεν.

416 1624 508 1678 Ἐν
529 1626 587 1679 δὲ
623 1627 883 1698 πυρίναις
914 1628 1191 1698 γλώσσαις
1217 1628 1313 1684 τοῦ
1345 1630 1666 1701 Πνεύματος
1699 1631 1989 1700 ἐπιφανέν-

406 1735 500 1780 τος
526 1720 682 1789 ἡμῖν,
711 1721 843 1788 γόνυ
902 1722 1255 1792 κὰμπτομεν,
1295 1721 1396 1793 τῆν
1427 1722 1556 1776 θέαν
1581 1723 1641 1775 ού
1672 1722 1930 1794 φέροντες
1971 1737 1990 1755 ο

2089 625 2285 684 falcem
2325 627 2556 684 immisit
2603 627 2838 695 primus.
2865 626 3067 695 Quare,
3115 641 3240 683 eum
3279 626 3655 694 eompleretur

2086 719 2206 776 dies
2233 719 2630 777 Pentecostes?
2679 718 2845 786 Quia,
2902 735 3027 775 cum
3088 734 3281 776 rursus
3340 727 3488 773 esset
3541 717 3659 775 dies

2088 812 2287 876 festus,
2316 811 2435 868 htec
2490 812 2611 869 ﬁeri
2675 812 2999 882 oportebat:
3065 821 3148 873 ut,
3216 810 3309 879 qui
3367 809 3663 869 adfuerant

2087 903 2241 959 cruci
2288 901 2519 967 Christi,
2568 903 2647 958 illi
2715 903 2883 958 etiam
2938 904 3054 960 haec
3109 903 3379 963 viderent.
3434 903 3662 974 Lingua:

2086 993 2247 1064 quasi
2274 993 2478 1066 igneae,
2498 1010 2619 1064 quae
2645 995 3043 1052 dividerentur;
3081 996 3225 1051 Nam
3253 1011 3381 1053 cum
3410 996 3664 1052 Christus

2089 1099 2258 1139 carne
2285 1099 2484 1155 passus
2529 1094 2681 1142 esset
2727 1086 3102 1143 voluntarium
3154 1087 3509 1159 supplicium,
3553 1095 3665 1142 eta

2092 1177 2328 1233 mortuis
2358 1179 2771 1246 resurrexisset,
2799 1195 2907 1236 una
2935 1188 3122 1236 secum
3156 1195 3281 1244 nos,
3314 1181 3407 1250 qui
3434 1189 3666 1251 peccato

2089 1267 2249 1339 quasi
2299 1269 2613 1326 mortificati
2649 1281 2705 1327 et
2727 1271 2890 1326 morti
2936 1271 3195 1327 destinati
3239 1286 3482 1336 eramus,
3511 1272 3666 1327 exei«

2090 1358 2248 1423 tavit,
2272 1366 2328 1414 et
2351 1359 2641 1429 imperium
2673 1360 2877 1416 diaboli
2902 1362 3121 1418 evertit.
3151 1360 3366 1416 Idcirco
3396 1377 3573 1430 usque
3595 1365 3667 1416 ad
3714 1363 3737 1379 ’

2090 1449 2477 1515 Pentecosten,
2537 1457 2828 1520 precantes
2876 1450 3026 1507 humi
3092 1467 3209 1506 non
3248 1451 3666 1521 procumbiiuus

2090 1541 2357 1597 adversus
2395 1541 2655 1599 inimicos
2693 1552 2931 1599 nostros
2955 1543 3284 1613 psallentes:
3321 1544 3404 1598 illi
3466 1542 3667 1598 irretiti

2091 1640 2220 1691 sunt
2268 1641 2324 1688 et
2354 1634 2735 1689 occubuerunt
2764 1650 2780 1700 ;
2809 1649 2910 1690 nos
2957 1642 3141 1690 autem
3201 1634 3425 1691 excitati
3475 1648 3668 1690 sumus

2091 1733 2146 1779 et
2180 1723 2376 1781 erecti.
2410 1721 2516 1801 Sed
2562 1731 2920 1794 posteaquam
2964 1723 3141 1796 igneis
3191 1723 3396 1795 linguis
3429 1724 3670 1795 Spiritus

405 1808 503 1861 καὶ
531 1808 818 1879 δηλοῦντες
840 1810 924 1864 ὅτι
968 1810 1057 1864 διὰ
1093 1811 1184 1865 τοῦ
1204 1811 1522 1881 Πνεύματος
1561 1810 1658 1881 τὴν
1698 1813 1754 1864 ἐν
1796 1812 1989 1880 Τριὰδι

2101 1815 2253 1870 nobis
2285 1817 2564 1886 apparuit,
2626 1815 3067 1886 genuﬂectimus,
3133 1816 3506 1886 spectaculum
3558 1832 3669 1872 non

405 1900 620 1955 τελείαν
662 1901 1036 1973 προσκύνησιν
1077 1905 1506 1975 μεμαθήκαμεν.
1549 1902 1778 1974 Πνεῦμα
1810 1905 1920 1975 γὰρ
1959 1906 1989 1959 6

2101 1885 2371 1971 ferentes,
2392 1914 2558 1976 atque
2602 1885 2979 1977 signiﬁcantes
3025 1922 3125 1978 per
3163 1885 3430 1977 Spiritum
3488 1907 3670 1977 perle-

407 1994 579 2055 Θεός·
614 1994 710 2047 καὶ
753 1996 882 2058 τοὺς
927 1995 1370 2066 προσκυνοῦντας
1415 1996 1577 2051 αὐτὸν
1612 1998 1670 2049 ἐν
1713 1996 1987 2067 πνεύματι

407 2085 507 2138 καὶ
545 2085 776 2158 ἀληθείᾳ
818 2086 903 2142 δεῖ
940 2091 1289 2159 προσκυνεῖν.
1336 2086 1849 2161 [ΣΕΥΗΡῘΑΝΟἸΣ]
1899 2088 1990 2142 Ἐν

408 2177 477 2247 τῇ
504 2176 688 2249 ἡμέρα
722 2179 821 2249 τῆς
856 2178 1236 2250 Πεντηκοστῆς
1276 2180 1310 2250 ἡ
1349 2179 1443 2233 τοῦ
1474 2179 1631 2248 ἁγίου
1674 2180 1990 2250 Πνεύματος

409 2267 753 2339 ἐπιφοίτησις
800 2269 993 2339 γέγονε
1050 2271 1138 2327 διὰ
1186 2272 1348 2343 τήνδε
1395 2273 1495 2343 τὴν
1529 2272 1731 2333 αἰτίαν,
1781 2273 1868 2325 Ἑν
1923 2275 1989 2344 τῇ

408 2358 593 2433 ἡμέρᾳ
606 2360 701 2431 τῆς
718 2362 1122 2432 Πεντηκοστῆς,
1146 2362 1287 2417 κατὰ
1305 2362 1404 2433 τὴν
1426 2362 1669 2419 Παλαιὰν
1690 2362 1991 2434 Διαθήκην,

408 2450 569 2521 ἐδόθη
587 2451 771 2522 νόμος.
809 2452 1012 2524 Ἐχρῆν
1032 2448 1126 2508 οὖν
1149 2452 1275 2508 καθ’
1297 2453 1362 2525 ἢν
1392 2453 1609 2527 ἡμέραν
1640 2454 1798 2525 ἐδόθη
1830 2454 1994 2525 νόμος

409 2540 500 2593 διὰ
526 2540 771 2610 πλακῶν,
812 2544 936 2597 κατ’
979 2544 1151 2617 αὐτὴν
1176 2543 1398 2613 δοθῆναι
1418 2544 1521 2617 τὴν
1548 2544 1871 2615 νομοθεσίαν
1897 2543 1993 2599 τοῦ

409 2633 569 2701 ἁγίου
613 2633 955 2706 Πνεύματος,
1004 2635 1107 2689 ούκ
1139 2636 1200 2689 ὲν
1221 2635 1441 2703 πλαξὶν,
1479 2635 1595 2690 ἀλλ’
1641 2638 1699 2690 εν
1743 2636 1995 2708 καρδίαις

409 2723 786 2796 γραφομένην.
841 2727 922 2798 Τῇ
976 2725 1164 2801 ἡμέρα
1208 2726 1308 2797 τῆς
1362 2727 1744 2798 Πεντηκοστῆς
1791 2730 1819 2780 6
1868 2726 1996 2792 λαὸς

409 2815 631 2880 ἐδέξατο
662 2817 828 2887 νόμον
865 2818 924 2871 ἐν
949 2820 1016 2889 τῇ
1045 2819 1239 2890 ἐρήμῳ
1272 2819 1410 2873 Σινᾶ
1432 2833 1447 2848 ·
1472 2821 1540 2890 τῇ
1568 2816 1631 2872 ιδ’
1670 2818 1781 2890 γὰρ
1813 2818 1997 2889 ἡμέρᾳ

409 2907 505 2960 τού
527 2909 749 2978 πρῶτον
781 2910 974 2981 μηνὸς,
996 2909 1093 2963 τοῦ
1133 2910 1279 2965 κατὰ
1308 2909 1541 2980 σελήνην
1564 2910 1994 2981 ἀριθμουμένου,

412 2998 641 3068 ἐξῆλθον
672 3000 724 3053 οἱ
763 3000 872 3054 υἱοὶ
926 3000 1147 3072 Ἰσραὴλ
1184 3001 1247 3068 ἐξ
1274 3001 1574 3070 Αἰγύπτου,
1607 3003 1696 3055 ὅτε
1731 3002 1792 3056 τὸ
1824 3002 1997 3067 ’Ἄξυ-

416 3107 520 3157 μον
551 3091 888 3164 ὲπετὲλησαν
909 3093 1003 3149 καὶ
1035 3093 1217 3147 τὸτοῦ
1253 3093 1448 3166 Πάσχα
1495 3095 1821 3166 μυστήριον.
1863 3094 1998 3149 Ἀπὸ

413 3182 513 3250 τῆς
537 3182 597 3235 ιδ’
621 3183 863 3254 ψήφισον
889 3184 950 3238 τὸ
988 3182 1085 3239 τοῦ
1102 3185 1272 3255 μηνὸς
1293 3185 1695 3257 ἁναπλήρωμα,
1720 3186 1997 3241 τουτέστιν

416 3270 632 3342 ἡμέρας
664 3272 731 3337 ιζ’
768 3272 865 3327 τοῦ
897 3275 1153 3346 δευτέρου
1184 3274 1354 3347 μηνὸς
1384 3272 1480 3330 τοῦ
1524 3275 1709 3347 τρίτου
1737 3292 1751 3307 ·
1789 3276 1833 3348 ὴν
1857 3277 1997 3332 Πενσ

413 3365 656 3436 τηκοστὴ
704 3366 751 3398 ⁸⁵
801 3368 869 3438 τῇ
923 3367 1085 3441 ἑορτῇ
1150 3366 1260 3421 τῶν
1330 3365 1581 3438 ’Δξύμων
1622 3366 1717 3422 τοῦ
1781 3369 1994 3439 Πάσχα.

428 3452 563 3506 Ἀπὸ
597 3449 694 3508 οὖν
738 3454 840 3525 τῆς
873 3456 933 3509 ιδ’
983 3456 1090 3520 ἕως
1115 3456 1214 3525 τῆς
1251 3462 1301 3521 γ’
1329 3454 1424 3510 τοῦ
1467 3456 1653 3527 τρίτου
1698 3457 1866 3528 μηνὸς
1911 3458 2000 3528 γί-

416 3561 599 3598 νονται
626 3544 837 3616 ἡμέραι
873 3544 937 3601 ν’.
974 3547 1074 3601 Διὰ
1114 3545 1273 3601 τοῦτο
1321 3546 1472 3616 λέγει
1501 3562 1515 3578 ·
1553 3547 1664 3600 Καὶ
1695 3546 1907 3616 ἐγίνετο
1940 3550 1999 3602 ἐν

417 3629 498 3699 τῷ
526 3632 696 3702 τρίτῳ
718 3633 872 3703 μηνὶ,
903 3633 1232 3700 ἐξελθόντων
1272 3635 1453 3689 αὐτῶν
1478 3637 1543 3690 ὲκ
1573 3636 1672 3707 τῆς
1697 3636 1996 3705 Αἰγύπτου,

417 3717 540 3774 εἷπε
574 3721 779 3795 Κύριος
808 3724 945 3796 πρὸς
988 3727 1193 3797 Μωσῆν
1226 3742 1242 3759 ο
1275 3727 1587 3798 Κατάόηθι,
1636 3727 1863 3796 ἁγίασον
1907 3729 2000 3783 τὸν

418 3808 551 3864 λαὸν
590 3814 834 3887 σήμερον
857 3815 950 3869 καὶ
973 3814 1161 3888 αὔριον
1181 3833 1197 3848 ο
1229 3819 1295 3888 τῇ
1317 3820 1580 3890 νεομηνία
1606 3819 1788 3873 αὐτῶν
1812 3819 1997 3889 λαλείθ

420 3902 514 3955 καὶ
532 3904 599 3974 τῇ
636 3909 707 3972 γ’,
728 3907 883 3977 φησι,
912 3909 1213 3978 φανήσεται
1241 3909 1447 3978 Κύριος
1471 3910 1565 3963 ἐπὶ
1593 3910 1655 3964 τὸ
1685 3909 1813 3980 ὅρος
1839 3912 1994 3967 Σινᾶ.

346 4051 351 4055 ,
423 3994 572 4047 ἰἱδει
606 3990 701 4051 οὖν
736 3996 862 4051 καθ’
909 3998 977 4069 ἢν
1017 3998 1233 4071 ἡμέραν
1269 3999 1423 4070 ὲδόθη
1467 4000 1498 4055 6
1541 4000 1770 4065 παλαιὸς
1813 4002 1999 4073 νόμος,

419 4083 543 4138 κατ’
577 4085 749 4159 αὐτὴν
787 4085 1009 4158 δοθῆναι
1048 4090 1143 4143 καὶ
1181 4089 1283 4161 τὴν
1322 4087 1416 4143 τοῦ
1452 4088 1775 4161 Ιινεύματος
1815 4091 2004 4163 χάριν.

420 4176 636 4249 Ὥσπερ
686 4177 796 4250 γὰρ
832 4180 862 4233 6
901 4179 1095 4252 Σωτὴρ
1139 4181 1351 4254 μέλλων
1412 4182 1681 4237 ἐπιτελεῖν
1728 4182 1791 4236 τὸ
1845 4183 2003 4253 ἁγιον

420 4267 596 4331 πάθος
620 4271 713 4323 καὶ
741 4270 841 4324 οὐκ
874 4272 1136 4344 ἠνέσχετο
1161 4274 1306 4345 ἄλλῳ
1335 4274 1513 4346 καιρῷ
1536 4274 1731 4328 ἑαυτὸν
1752 4274 2004 4332 ἐκδοῦναι

418 4356 501 4427 τῷ
532 4359 713 4425 πάθει,
744 4359 881 4415 ἁλλὰ
902 4361 1027 4418 καθ’
1054 4363 1112 4418 ὃν
1142 4365 1335 4435 καιρὸν
1377 4365 1567 4421 ἐθύετο
1585 4365 1647 4420 τδ
1685 4365 1958 4435 πρόϐατον
1984 4406 2003 4436 ,

418 4448 509 4501 ἵνα
535 4450 686 4522 αὐτῷ
717 4451 794 4523 τῷ
824 4452 979 4524 τύπῳ
1020 4455 1234 4530 συνάψῃ
1276 4456 1375 4527 τὴν
1405 4458 1686 4529 ἀληθειαν
1730 4457 1874 4513 οὕτω
1906 4459 2004 4514 καὶ

416 4543 453 4612 ἡ
479 4541 575 4595 τοῦ
601 4543 921 4616 Πνεύματος
941 4547 1035 4602 τοῦ
1064 4548 1223 4618 ἁγίου
1249 4550 1595 4622 ἐπιφοίτησις
1625 4552 1727 4605 οὐκ
1746 4552 2006 4623 ⁴Ιινέσχετο

420 4636 569 4708 ἄλλῳ
600 4639 779 4710 καιρῷ
810 4640 1052 4710 δοθῆναι,
1085 4642 1120 4712 ἢ
1155 4643 1279 4698 καθ’
1304 4644 1364 4698 ὃν
1389 4645 1582 4716 καιρὸν
1607 4645 1766 4716 ἐδόθη
1793 4647 1956 4717 νόμος
1978 4663 2004 4697 ’.

420 4729 510 4800 ἵνα
535 4729 724 4802 δειχθῇ
760 4732 843 4787 ὃτι
879 4733 940 4787 τὸ
976 4734 1215 4806 Πνεῦμα
1249 4736 1310 4790 τὸ
1341 4736 1499 4805 ἅγιον
1536 4737 1634 4792 καὶ
1663 4738 1785 4792 τότε
1812 4738 2004 4809 ὲνομο-

419 4820 641 4889 θέτησε,
690 4824 789 4879 καὶ⁵
808 4825 907 4879 νῦν
924 4827 1229 4897 νομοθετεῖ.
1278 4827 1470 4901 Ἐδόθη
1499 4830 1600 4901 μὲν
1627 4829 1721 4884 οὖν
1748 4830 1913 4901 νόμος
1944 4831 2006 4885 ὲν

418 4915 489 4984 τῇ
528 4913 744 4987 Παλαιᾷ
770 4916 917 4972 κατὰ
943 4916 1044 4989 τὴν
1077 4919 1291 4991 ἡμέραν
1316 4921 1416 4992 τὴν
1440 4926 1506 4984 ν’,
1546 4920 1688 4991 μετὰ
1717 4921 1775 4975 δὲ
1818 4922 1880 4976 τὸ
1912 4922 2005 4976 ὲλρ

420 5005 537 5059 θεῖν
560 5008 755 5073 αὐτοὺς
799 5010 882 5076 εις
899 5010 998 5084 την
1021 5011 1126 5084 γῆν
1142 5012 1240 5085 τῆς
1262 5011 1621 5083 ἐπαγγελίας,
1641 5014 1800 5069 τοῦτο
1816 5009 1886 5087 ἦν
1905 5015 2008 5068 αύ-

419 5100 538 5164 τοῖς
552 5100 652 5172 τῆς
673 5103 865 5173 ἑορτῆς
888 5103 1176 5175 σύμϐολον·
1206 5104 1460 5179 ἁπαρχῆς
1484 5104 1594 5160 τῶν
1620 5106 1756 5160 νέων
1775 5107 2008 5178 καρπῶν

422 5193 521 5246 καὶ
552 5194 884 5265 δραγμάτων
914 5196 1051 5252 νέων
1079 5197 1329 5269 σταχύων
1353 5199 1726 5270 προσεφέρετο
1756 5200 1837 5269 τῷ
1858 5198 2003 5270 Θεῷ.

421 5282 534 5354 Ἦν
556 5287 614 5344 δὲ
643 5290 821 5345 ἐκεῖνο
839 5291 1109 5363 σύμὸολον
1129 5293 1332 5363 ταύτης
1357 5295 1456 5367 τῆς
1476 5294 1694 5365 ἑορτῆς.
1710 5292 1866 5347 Ἐπεὶ
1895 5293 2007 5363 γὰρ
2056 5340 2064 5350 .

420 5383 484 5434 ὲν
518 5383 584 5452 τῇ
620 5383 805 5455 ἡμέρᾳ
833 5384 933 5456 τῆς
972 5385 1356 5456 Πεντηκοστῆς
1419 5386 1529 5440 τῶν
1581 5385 1721 5440 νέων
1776 5384 2009 5457 καρπῶν

422 5472 651 5544 δράγμα
696 5475 715 5506 ¹
748 5474 1036 5545 συνήγετο,
1069 5475 1164 5530 καὶ
1195 5475 1302 5530 ὑπὸ
1336 5476 1469 5547 μίαν
1507 5475 1634 5546 θψιν
1677 5476 2008 5546 συνήρχοντο

423 5564 773 5638 δῃρημένοι,
815 5566 1008 5637 ἔμελλε
1032 5566 1090 5622 δὲ
1117 5566 1259 5621 κατὰ
1281 5567 1380 5639 τὴν
1411 5568 1627 5640 ἡμέραν
1655 5566 1860 5637 ταύτην
1900 5565 2008 5622 ἀπὸ

2091 2004 2236 2051 ctam
2256 2004 2309 2051 et
2333 1996 2641 2052 absolutam
2667 2011 2770 2055 nos
2788 1997 3054 2054 didicisse
3082 1997 3368 2054 Trinitatis
3391 1997 3671 2054 adoratioo

2092 2102 2239 2142 nem.
2275 2086 2515 2158 Spiritus
2537 2088 2684 2143 enim
2717 2087 2863 2144 Deus
2908 2095 3040 2144 est:
3084 2096 3140 2144 et
3196 2088 3491 2144 adorantes
3515 2088 3669 2143 illum

2093 2178 2149 2232 in
2182 2177 2392 2248 Spiritu
2417 2189 2473 2234 et
2495 2179 2726 2236 veritate
2749 2186 2971 2249 oportet
3015 2179 3271 2236 adorare.
3306 2179 3367 2235 In
3401 2179 3491 2234 die
3525 2178 3668 2235 Pen-

2096 2277 2331 2326 tecostes
2364 2285 2625 2327 accessus
2654 2271 2831 2328 sancti
2882 2269 3129 2343 Spiritus
3152 2270 3357 2327 accidit
3406 2272 3478 2327 ob
3527 2272 3671 2326 Itane

2095 2376 2339 2417 causam.
2374 2360 2431 2415 In
2459 2362 2548 2416 die
2578 2361 2952 2429 Pentecostes,
2993 2372 3053 2418 ut
3109 2362 3341 2418 habetur
3372 2362 3427 2417 in
3479 2362 3672 2418 Veteri

2097 2450 2473 2518 Testamento,
2507 2452 2593 2507 lex
2626 2452 2753 2508 data
2776 2461 2885 2508 est.
2916 2451 3297 2509 Conveniebat
3340 2452 3526 2524 igitur,
3562 2468 3681 2523 quo

2096 2541 2184 2597 die
2207 2540 2335 2597 data
2376 2550 2465 2597 est
2522 2542 2607 2596 lex
2652 2541 2709 2596 in
2757 2542 2965 2599 tabulis
3024 2541 3281 2613 lapideis,
3338 2541 3533 2599 eodem
3582 2542 3675 2599 die

2098 2632 2280 2687 sancti
2337 2630 2577 2700 Spiritus
2628 2630 2800 2701 legem
2858 2629 3233 2701 promulgari',
3283 2643 3407 2700 quae
3462 2644 3573 2686 non
3617 2629 3675 2685 in

2099 2720 2298 2779 tabulis
2336 2720 2591 2791 lapideis,
2622 2721 2720 2777 sed
2750 2720 2807 2776 in
2861 2719 3123 2778 cordibus
3171 2720 3456 2776 scribitur.
3494 2719 3555 2776 In
3578 2719 3677 2775 'die

2099 2811 2452 2868 Pentecostes
2478 2811 2714 2882 populus
2738 2811 2954 2881 accepit
2983 2810 3156 2882 legem
3184 2810 3241 2866 in
3265 2809 3485 2871 deserto
3517 2809 3676 2868 Sina.

2100 2902 2234 2958 Nam
2259 2903 2472 2960 decimo
2492 2911 2689 2975 quarto
2720 2903 2809 2959 die
2832 2903 2991 2973 primi
3021 2903 3249 2970 mensis,
3297 2903 3457 2974 cujus
3486 2918 3681 2960 nume-

2101 3012 2196 3052 rus
2221 2996 2379 3067 juxta
2411 3011 2633 3052 cursum
2664 2996 2809 3053 lunae
2862 2996 3127 3063 inibatur,
3159 2995 3369 3067 egressi
3423 3004 3554 3052 sunt
3582 2994 3679 3051 lilii

2102 3087 2271 3143 Israel
2318 3102 2386 3145 ex
2417 3086 2689 3158 Egypto,
2743 3102 2868 3145 cum
2925 3085 3312 3142 inlermentato
3382 3099 3525 3157 pane
3590 3086 3682 3143 usi

2106 3186 2314 3247 essent,
2347 3188 2404 3235 et
2433 3179 2756 3250 mysterium
2786 3178 3017 3236 Pascha:
3042 3178 3435 3234 celebrassent.
3460 3178 3570 3248 20
3595 3175 3685 3234 Ab

2106 3268 2321 3327 decimo
2353 3276 2555 3341 quarto
2583 3268 2672 3324 die
2706 3283 2935 3325 numera
2987 3269 3197 3326 mensis
3230 3268 3679 3338 completionem,

2106 3361 2299 3426 idest,
2327 3359 2446 3417 dies
2473 3361 2660 3417 decem
2696 3368 2751 3416 et
2778 3368 3020 3429 septem:
3056 3358 3285 3415 secundi
3321 3358 3527 3414 mensis
3558 3357 3682 3412 dies

2105 3453 2332 3524 triginta
2373 3470 2387 3507 :
2428 3451 2626 3508 deinde
2678 3451 2809 3507 treis
2865 3450 3072 3508 mensis
3126 3450 3293 3507 tertii.
3351 3449 3675 3505 Pentecoste

2105 3544 2194 3601 die
2221 3543 2356 3601 festo
2378 3559 2696 3617 azymorum
2725 3543 2970 3601 Pascbae.
3002 3545 3177 3614 Igitur
3195 3558 3225 3599 a
3249 3543 3464 3600 decimo
3483 3550 3684 3613 quarto

2108 3652 2285 3706 usque
2340 3636 2409 3690 ad
2458 3636 2682 3692 tertium
2722 3636 2869 3692 tertii
2928 3636 3178 3703 mensis,
3227 3634 3507 3691 exsistunt
3562 3633 3682 3689 dies

2106 3728 2525 3800 quinquaginta.
2558 3727 2771 3783 Idcirco
2816 3727 2996 3782 dicit:
3038 3726 3105 3781 Et
3137 3725 3342 3782 accidit
3388 3725 3445 3779 in
3495 3739 3683 3781 mense

2107 3818 2289 3885 tertio,
2321 3817 2562 3888 egressis
2593 3817 2703 3871 illis
2736 3831 2801 3873 ex
2831 3814 3092 3886 Egypto,
3131 3813 3271 3869 dixit
3316 3813 3577 3870 Dominus
3611 3813 3683 3868 ad

2105 3908 2337 3965 Mosen:
2396 3906 2716 3971 Descende,
2750 3905 3041 3963 sanetilica
3095 3904 3353 3975 populum
3407 3904 3572 3961 hodie
3626 3914 3683 3959 et

2107 4015 2269 4055 cras:
2321 3998 2390 4055 de
2437 3997 2726 4054 novilunio
2780 3996 3001 4052 illorum
3051 3995 3213 4051 dicit:
3250 4003 3305 4051 et
3354 3993 3445 4051 die
3494 3994 3681 4060 tertio,

2108 4091 2310 4162 inquit,
2358 4091 2643 4162 apparebit
2658 4088 2921 4147 Dominus
2948 4088 3009 4145 in
3045 4097 3232 4145 monte
3261 4088 3417 4145 Sina.
3450 4086 3683 4159 Oporte.

2110 4185 2202 4239 bat
2231 4184 2402 4256 igitur
2428 4197 2540 4253 quo
2570 4182 2663 4238 die
2690 4182 2818 4238 data
2847 4190 2934 4238 est
2958 4189 3116 4239 vetus
3144 4182 3256 4248 lex,
3299 4197 3366 4239 eo
3401 4181 3520 4239 dari
3553 4181 3683 4253 Spi-

2111 4275 2251 4332 ritus
2279 4292 2500 4347 quoque
2531 4276 2790 4346 gratiam.
2819 4273 3294 4342 Quemadmodum
3338 4275 3487 4330 enim
3516 4275 3683 4329 etiam

2113 4368 2376 4425 Senator
2402 4376 2660 4424 sanctum
2715 4368 3045 4438 supplicium
3084 4368 3401 4435 subiturus,
3430 4382 3542 4423 non
3575 4367 3688 4422 alio

2112 4468 2357 4530 tempore
2387 4458 2652 4513 sustinuit
2676 4472 2798 4513 sese
2823 4456 3027 4513 dedere
3051 4456 3118 4511 ad
3146 4455 3497 4526 supplicium,
3519 4470 3686 4524 quam

2112 4566 2222 4620 quo
2276 4558 2522 4620 tempore
2573 4548 2706 4603 anni
2768 4561 2946 4617 agnus
3001 4546 3409 4611 immolabatur,
3467 4553 3529 4601 ut
3578 4546 3688 4616 ipsi

2113 4643 2300 4713 ﬁgura:
2332 4640 2689 4709 coniungeret
2715 4638 3037 4694 veritatem:
3069 4636 3142 4691 ita
3178 4635 3421 4706 Spiritus
3464 4651 3688 4705 quoque

2112 4734 2289 4792 sancti
2319 4746 2580 4789 accessus
2626 4745 2737 4789 non
2778 4730 2883 4785 alia
2933 4734 3263 4799 tempestate
3310 4726 3431 4783 dari
3488 4726 3687 4793 voluit,

2112 4839 2276 4895 quam
2308 4838 2417 4894 qua
2440 4828 2766 4892 tempestate
2804 4821 2929 4875 data
2958 4825 3043 4874 est
3076 4819 3161 4875 lex
3186 4859 3202 4885 ,
3257 4825 3320 4872 ut
3343 4815 3687 4880 ostendatur,-

2114 4917 2377 4989 Spiritum
2410 4922 2664 4972 sanctum
2688 4920 2745 4969 et
2792 4920 2921 4967 tunc
2960 4911 3135 4981 legem
3181 4910 3394 4976 tulisse,
3455 4920 3691 4968 ctnune

2111 5010 2283 5082 legem
2314 5009 2478 5065 ferre.
2530 5009 2711 5079 Atque
2746 5007 2802 5062 in
2843 5002 3033 5060 Veteri
3062 5003 3287 5074 quidem
3339 5000 3693 5059 Testamento

2111 5103 2199 5158 lex
2253 5103 2384 5158 data
2438 5109 2525 5159 est
2565 5101 2655 5156 die
2710 5098 3202 5171 quinquagesimo:
3257 5097 3351 5153 sed
3400 5103 3691 5167 postquam

2113 5200 2386 5251 venerunt
2416 5194 2470 5248 in
2502 5201 2709 5248 terram
2732 5190 3084 5258 promissam,
3119 5189 3225 5245 hoc
3248 5196 3370 5244 erat
3401 5185 3485 5243 eis
3523 5184 3692 5240 feria-

2115 5301 2237 5341 rum
2270 5285 2511 5356 signum.
2547 5282 2623 5339 De
2658 5282 2921 5354 primitiis
2975 5294 3247 5338 novorum
3282 5278 3587 5344 fructuum,
3635 5286 3693 5333 et

2115 5378 2185 5435 de
2210 5377 2508 5448 manipulis
2531 5390 2794 5432 novarum
2829 5375 3104 5446 spicarum
3135 5371 3248 5428 Deo
3273 5370 3434 5426 llebat
3462 5369 3690 5426 oblatio.

2116 5466 2249 5522 Erat
2272 5475 2454 5523 autem
2503 5465 2638 5521 illurl
2688 5465 2906 5538 signum
2966 5464 3129 5535 hujus
3188 5461 3297 5517 diei
3350 5460 3494 5518 festi.
3554 5459 3692 5516 Nam

2115 5559 2376 5631 quoniam
2435 5561 2491 5615 in
2551 5558 2641 5615 die
2693 5558 3043 5614 Pentecostes
3082 5569 3351 5612 novorum
3416 5553 3703 5614 fructuum

1626 5723 1829 5787 Varite
1850 5723 2158 5789 lectiones
2181 5728 2242 5784 et
2272 5725 2464 5783 notae.

501 5847 549 5883 "
577 5847 1044 5921 συνεποδίστησαν
1067 5860 1203 5907 erat.
1267 5852 1325 5925 ,⁸⁸
1355 5850 1528 5908 Locus
1568 5857 1847 5919 corruptus
1883 5847 1996 5906 uide

2101 5855 2152 5903 et
2185 5843 2428 5902 mutilus.
2529 5841 2678 5912 ’ἴση
2716 5839 3031 5912 δράγματα.

3706 5732 3767 5810 ,τ’
