4044 6492
335 403 447 483 535

1257 417 1834 480 THEOPHYLACLI
1875 417 2285 480 BULGARIE
2314 421 2672 483 ARCHIEP.

3481 417 3598 486 536

339 523 689 596 propinquis,
709 514 1101 590 familiaribus,
1117 524 1450 580 necessariis
1481 530 1646 594 atque
1660 522 1907 592 cognatis

2026 523 2105 578 ml
2129 530 2428 596 συγγενεῖς,
2479 531 2537 582 ὲν
2571 528 2923 600 Ἰερουσαλὴμ
2967 530 3258 584 κατοικεῖν.
3278 529 3351 583 Τὸ
3382 528 3460 596 δὲ,
3498 523 3608 583 an?)

335 616 569 680 relictis,
621 611 1372 676 inJerusalembabitabant.
1427 612 1504 666 Ex
1531 611 1681 666 omni
1724 621 1904 665 autem

337 707 564 762 natione
588 705 730 760 dixit
759 721 877 776 pro,
911 719 977 761 ex
1003 705 1192 761 multis
1226 704 1567 760 nationibus.
1607 700 1909 758 Dictioncm

340 799 512 863 ettim,
572 799 746 865 omni,
808 814 929 870 pro,
975 799 1183 864 multis,
1234 796 1648 868 ὑπερϐολικῶς,
1713 797 1767 850 id
1828 804 1912 851 est

343 891 740 950 incredibiliter
788 890 1053 957 tollendo,
1093 888 1377 959 Scriptura
1445 888 1611 943 sumit
1657 896 1711 942 et
1749 903 1912 943 usur-

341 991 452 1053 pat.
486 984 562 1038 Ita
597 985 785 1049 etiam,
818 982 1188 1054 ὑϐερϐολικῶς
1241 981 1527 1045 nimirum,
1581 981 1788 1035 dictum
1831 991 1916 1036 est

340 1073 474 1126 illud
510 1091 523 1127 :
559 1071 851 1142 Eﬂ'undam
886 1074 950 1126 de
972 1069 1175 1139 Spiritu
1214 1085 1513 1138 meo-super
1547 1085 1750 1124 onmem
1793 1085 1915 1123 car-

338 1181 458 1232 nem
478 1183 510 1230 ;:
532 1175 584 1220 et
638 1164 768 1218 illud
793 1163 1027 1217 :Omnes
1072 1178 1157 1223 ea,
1187 1176 1305 1231 quae
1343 1176 1465 1225 sua,
1503 1176 1757 1232 non=qu¢e
1789 1159 1917 1215 Iesu

341 1255 543 1309 Christi
580 1262 724 1320 sunt,
760 1263 1042 1325 quaerunt:
1077 1260 1132 1308 et
1155 1252 1328 1307 illud:
1366 1251 1487 1306 Non
1512 1261 1594 1306 est
1618 1253 1820 1321 justus,
1852 1267 1917 1306 ne

348 1361 484 1398 unus
535 1345 768 1415 quidem.
822 1344 925 1400 Per
983 1344 1295 1399 universale
1345 1344 1492 1400 enim
1539 1358 1603 1398 ac
1661 1344 1919 1412 generale

349 1433 549 1490 multos
612 1433 908 1505 signiﬁcat.
969 1434 1176 1489 Deinde
1205 1436 1308 1490 hac
1341 1450 1411 1490 re-
1449 1434 1750 1504 divulgata,
1782 1447 1919 1488 con-

345 1524 504 1579 ﬂuxit
557 1525 874 1588 multitudo,
905 1533 959 1580 et
1011 1525 1243 1580 confusa
1289 1532 1396 1590 est,
1434 1523 1488 1578 id
1543 1530 1648 1590 est,
1699 1525 1919 1580 turbata

344 1627 450 1679 est,
483 1615 682 1672 mirata
711 1625 816 1671 est.
849 1614 1078 1682 Quando
1136 1615 1356 1685 quidem
1414 1614 1562 1669 enim
1602 1615 1656 1669 in
1712 1613 1920 1670 rudibus

345 1706 553 1761 factum
583 1717 724 1773 erat,
784 1705 930 1777 quod
965 1706 1345 1770 acciditJoris
1401 1707 1682 1772 nimirum,
1737 1706 1921 1762 multi-

344 1798 476 1854 tudo
507 1799 893 1855 concurrebat.
935 1799 1092 1865 Quod
1137 1799 1393 1856 audirent
1436 1800 1671 1871 quisque
1699 1799 1916 1870 propria

345 1906 446 1946 sua
501 1892 706 1963 lingua.
769 1891 1030 1946 Sciebant
1087 1891 1274 1957 enim,
1318 1891 1464 1961 quod
1533 1905 1657 1946 cum
1717 1890 1923 1946 Calilmi
1956 1871 1999 1928 Β

347 1992 558 2046 essent,
609 1989 664 2038 et
716 1983 954 2037 maxime
1005 1982 1236 2050 apostoli
1315 1982 1462 2052 (illos
1521 1983 1669 2037 enim
1725 1983 1920 2052 magis,

345 2089 510 2142 quam
548 2081 788 2129 cmteros
809 2073 1183 2144 spectabant),
1216 2073 1325 2144 23
1362 2075 1636 2130 sexcentis
1670 2073 1778 2131 illis
1819 2073 1924 2128 lin-

344 2164 466 2235 guis
523 2166 837 2222 utebantur.
904 2165 1158 2222 Confusa
1231 2176 1316 2222 est
1384 2174 1566 2222 autem
1624 2167 1922 2222 multitudo

351 2255 496 2309 haud
529 2255 828 2312 immerito.
863 2254 1264 2312 Existimabam
1285 2257 1430 2312 enim
1457 2257 1584 2313 illos
1612 2257 1717 2313 sibi
1752 2260 1923 2314 mole-

345 2344 507 2398 stiam
531 2344 876 2401 exbibituros
911 2360 1035 2402 esse
1063 2353 1286 2416 propter
1334 2349 1686 2403 temerarium
1731 2348 1922 2404 adver-

346 2446 445 2486 sus
474 2430 758 2488 Christum
791 2433 1010 2489 facinus
1047 2433 1446 2489 comissum:
1496 2443 1550 2489 et
1580 2435 1922 2491 conscientia

350 2523 568 2578 animos
600 2537 790 2578 eorum
845 2524 1221 2591 concutiebat,
1271 2541 1397 2582 cum
1435 2526 1690 2582 manibus
1745 2527 1924 2585 caedes

355 2614 676 2669 etiamnunc
725 2622 1041 2672 teneretur:
1094 2627 1148 2672 et
1210 2617 1394 2672 omnia
1445 2617 1570 2673 illos
1621 2619 1918 2674 terrebant.

349 2704 455 2760 Sed
496 2706 552 2760 id
575 2708 854 2776 apostolos
877 2710 1306 2774 corroborabat,
1359 2711 1503 2780 quod
1536 2709 1606 2764 ab
1650 2710 1923 2767 auditori-

350 2794 452 2849 bus
479 2795 648 2850 etiam
698 2797 907 2853 donum
944 2798 1236 2853 miriﬁcum
1285 2813 1412 2855 esse
1443 2799 1754 2856 discebant.
1784 2798 1920 2855 Nam

346 2886 492 2954 quod
523 2889 808 2954 Parthico,
841 2891 993 2947 verbi
1023 2891 1223 2962 gratia,
1248 2889 1537 2947 dicebatur
1582 2891 1685 2962 ipsi
1717 2891 1924 2948 nescie-

346 2979 479 3033 bant
502 3017 518 3042 ,
553 2980 649 3037 sed
671 2981 882 3042 abillis
911 2983 1217 3039 discebant.
1251 2981 1498 3039 Meminit
1520 2991 1703 3040 autem
1732 2983 1919 3039 natio-

347 3073 1222 3141 num,qumilliscrauthoslilcs
1295 3086 1352 3132 et
1413 3076 1651 3132 inimicae
1699 3095 1714 3132 :

2018 615 2216 677 παντὸς
2248 615 2455 682 ἔθνους,
2503 617 2624 671 ἀντὶ
2662 616 2778 680 τοῦ,
2813 617 2921 671 ἀπὸ
2941 618 3151 672 πολλῶν
3171 618 3358 672 ἐθνῶν.
3377 620 3450 671 Τὸ
3472 619 3603 688 γὰρ,

2017 706 2236 773 παντὸς,
2267 708 2356 760 ἐπὶ
2387 707 2596 762 πολλῶν
2614 707 2948 778 ἐκλαμϐάνει
2969 711 3001 780 ὴ
3022 709 3214 779 Γραφὴ
3234 711 3334 763 ὕπε
3345 709 3608 780 ρϐολικῶς

2015 797 2291 868 χρωμένη.
2311 797 2498 863 Οὕτως
2510 798 2825 869 είρηταικαὶ
2837 800 2918 854 τό·
2935 800 3150 870 Ἐκχεῶ
3168 800 3285 854 ἀπὸ
3301 801 3406 855 τοῦ
3432 803 3608 856 Πνεύ·

2012 889 2200 958 ματός
2225 907 2343 958 μου
2368 890 2466 943 ἐπὶ
2496 888 2704 946 πᾶσαν
2758 891 2956 958 σάρκα
2978 909 2991 924 ·
3029 893 3124 946 καὶ
3168 892 3229 944 τό
3251 907 3263 921 ·
3297 893 3361 944 οι
3384 891 3608 956 πάντες

2017 981 2089 1035 τὰ
2110 981 2341 1035 ἑαυτῶν
2379 981 2681 1049 ζητοῦσιν,
2712 984 2784 1037 ού
2823 984 2896 1037 τὰ
2925 982 3032 1036 τοῦ
3069 982 3273 1050 Ἰησοῦ
3308 983 3564 1050 Χριστοῦ
3589 999 3603 1012 ·

2019 1075 2115 1126 καὶ
2150 1074 2210 1126 τό
2229 1091 2243 1106 ·
2276 1075 2398 1128 Οὐκ
2433 1073 2565 1129 ἔστι
2587 1073 2816 1141 δίκαιος
2845 1075 2990 1128 οὐδὲ
3013 1069 3102 1140 εἷς
3126 1091 3142 1106 ·
3182 1074 3292 1128 άπδ
3321 1073 3414 1127 τοῦ
3447 1073 3609 1127 καθό-

2018 1161 2114 1215 λου
2140 1163 2268 1224 τοὺς
2305 1161 2536 1226 πολλοὺς
2589 1162 2952 1233 σημαίνουσα.
3006 1157 3139 1214 Εἶτα
3188 1162 3487 1230 γενομένης
3509 1163 3608 1230 τῆς

2021 1251 2231 1323 φωνῆς,
2290 1252 2521 1323 συνῆλθε
2574 1252 2635 1306 τὸ
2680 1252 2891 1322 πλῆθος
2941 1251 3039 1305 καὶ
3091 1251 3381 1322 συνεχύθη,
3434 1252 3606 1321 ἤγουν

2020 1343 2332 1414 ἐταράχθη,
2354 1343 2693 1414 ἐθαύμασεν
2741 1340 2932 1410 ἐπειδὴ
2976 1341 3086 1413 γὰρ
3121 1345 3180 1396 ἐν
3209 1340 3357 1412 οἰκίᾳ
3389 1342 3609 1410 ἐγένετο

2019 1436 2081 1489 τὸ
2149 1436 2461 1504 γενόμενον,
2541 1437 2770 1500 εἰκότως
2839 1435 3037 1501 ἔξωθεν
3120 1433 3461 1505 συνέδραμε,
3520 1435 3607 1488 ὅτι

2022 1526 2220 1597 ἤκουον
2253 1526 2485 1590 ἕκαστος
2506 1530 2573 1599 τῇ
2604 1525 2710 1597 ibi;
2754 1526 3044 1597 διαλέκτῳ.
3079 1524 3344 1596 ¹ᾚδεισαν
3379 1524 3484 1593 γὰρ
3523 1526 3607 1579 ὅτι

2021 1617 2297 1671 Γαλιλαῖοι
2359 1618 2533 1682 ὄντες,
2591 1620 2684 1672 καὶ
2724 1617 2959 1688 μάλιστα
2989 1618 3037 1671 οί
3089 1615 3379 1671 ἀπόστολοι
3409 1630 3424 1645 ⁶
3467 1615 3608 1686 πρὸς

2024 1710 2134 1781 γὰρ
2187 1710 2429 1775 ἐκείνους
2470 1709 2672 1780 μᾶλλον
2720 1707 2932 1781 ἐώρωνο
2986 1709 3088 1773 τὰς
3139 1707 3340 1780 μυρίας
3389 1709 3606 1771 ἐκείνας

2028 1799 2252 1855 ἐλάλουν
2281 1800 2557 1869 γλώσσας.
2587 1799 2866 1871 Συνεχύθη
2897 1799 2954 1853 δὲ
2983 1798 3044 1852 τὺ
3089 1796 3313 1867 πλῆθος,
3332 1797 3570 1860 ἐἰκότως
3589 1813 3603 1828 ·

2029 1891 2278 1962 ἐνόμιζον
2307 1891 2418 1963 γὰρ
2482 1892 2666 1957 αὐτοῖς
2719 1893 2986 1964 παρέχειν
3035 1890 3342 1961 πράγματα
3383 1887 3471 1942 διὰ
3504 1890 3608 1958 τὴν

2029 1983 2330 2053 γενομένην
2358 1983 2562 2053 τόλμαν
2605 1972 2750 2037 κατά
2796 1982 2890 2037 τοῦ
2929 1981 3170 2054 Χριστοῦ
3193 1999 3208 2013 ο
3253 1981 3349 2035 καὶ
3399 1980 3460 2035 τὸ
3488 1997 3611 2032 συνῆ

2029 2074 2168 2138 ειδδς
2199 2074 2483 2128 κατέσειεν
2523 2073 2704 2128 αὐτῶν
2752 2074 2853 2138 τὰς
2895 2073 3099 2145 ψυχὰς,
3135 2075 3194 2126 ἐν
3222 2071 3412 2144 χερσὶν
3438 2069 3607 2138 οὔσης

2027 2166 2108 2219 ἐτι
2134 2165 2235 2236 τῆς
2267 2166 2482 2236 σφαγῆς
2508 2181 2524 2198 ⁸
2549 2167 2644 2220 καὶ
2677 2165 2859 2220 πάντα
2883 2166 3080 2228 αὐτοὺς
3107 2164 3312 2217 ἐπτόει.
3348 2160 3521 2214 Τοῦτο
3549 2160 3608 2214 δέ

2025 2258 2153 2321 τοὺς
2177 2258 2506 2320 ἀποστόλους
2526 2257 2786 2328 ἐνεύρου,
2817 2257 2900 2310 ὅτι
2955 2255 3051 2311 καὶ
3081 2254 3233 2326 παρὰ
3263 2253 3372 2306 τῶν
3402 2253 3608 2320 ἀκροα-

2021 2349 2131 2401 τῶν
2160 2348 2465 2418 ἐμάνθανον
2493 2347 2588 2401 τοῦ
2624 2347 2904 2418 θαύματος
2924 2346 3024 2418 τὴν
3053 2345 3215 2417 χάριν
3234 2363 3249 2377 ο
3279 2346 3362 2398 ὅτι
3393 2343 3501 2413 γὰρ
3532 2337 3604 2412 ἦν

2020 2437 2183 2509 τυχὸν
2213 2439 2506 2508 Παρθιστὶ,
2537 2439 2694 2493 αὐτοὶ
2709 2438 2809 2491 οὐκ
2835 2438 3078 2510 ᾔδεισαν,
3122 2436 3258 2490 ἀλλὰ
3293 2436 3426 2504 παρ’
3461 2434 3607 2487 ὲκεί-

2024 2547 2132 2584 νων
2163 2529 2486 2600 ἐμάνθανον.
2527 2529 2731 2583 Ἐθνῶν
2774 2529 2832 2582 δὲ
2883 2529 3157 2600 μέμνηται
3188 2524 3463 2596 πολεμίων
3503 2523 3606 2578 αύ-

2025 2622 2162 2685 τοῐς,
2194 2620 2450 2691 Κρητῶν,
2496 2620 2743 2690 ’Λράδων
2785 2619 2883 2675 καὶ
2927 2619 3037 2673 τῶν
3086 2618 3295 2673 άλλωνο
3328 2615 3609 2670 καὶτοῦτο

2029 2707 2298 2780 σύμϐολον
2326 2703 2397 2779 ἦν
2418 2710 2500 2762 ὅτι
2535 2709 2756 2764 πάντων
2801 2710 3191 2780 κρατήσουσιν.
3245 2707 3396 2761 Ἐκεῖ
3441 2704 3500 2760 δὲ
3547 2706 3608 2760 ἐν

2027 2800 2381 2873 αἰχμαλωσίᾳ
2411 2798 2554 2872 ἦσαν
2596 2800 2801 2854 πολλοί.
2837 2798 3113 2854 Πάντοθεν
3139 2799 3318 2852 τοίνυν
3372 2799 3405 2868 ἠ
3458 2814 3606 2867 μαρ·

2023 2891 2190 2960 τυρία
2244 2890 2724 2962 παράκτιολιτῶν,
2765 2891 2918 2962 παρὰ
2973 2891 3161 2955 ξένων,
3229 2887 3382 2960 παρὰ
3429 2903 3611 2958 προσ,-

2023 2977 2260 3048 ηλύτων.

1778 3074 2148 3144 Cretensium,
2215 3074 2458 3131 Arabum
2529 3084 2583 3130 et
2629 3074 2918 3157 aliorumz.
2952 3082 3116 3144 atque
3194 3073 3298 3128 hoc
3389 3072 3615 3142 signum

347 3171 488 3230 erat,
529 3165 677 3234 quod
732 3165 977 3219 omnium
1037 3167 1276 3223 victores
1327 3176 1488 3224 erant
1545 3169 1738 3225 futuri.
1795 3169 1914 3224 Illic
1985 3176 2168 3225 autem
2235 3168 2400 3224 multi
2460 3174 2618 3224 erant
2669 3166 2727 3222 in
2793 3166 3129 3238 captivitate.
3219 3165 3300 3219 Ex
3346 3164 3608 3221 omnibus

348 3257 516 3325 igitur
549 3257 830 3326 partibus,
852 3256 1229 3315 testimonium
1259 3262 1580 3330 perhibetur
1622 3261 1904 3327 acivibus,
1949 3259 2018 3320 ab
2052 3261 2377 3332 peregrinis,
2438 3259 2822 3332 ajproselytis,
2854 3259 2909 3314 id
2951 3267 3036 3314 est
3097 3257 3323 3314 advenis
3387 3255 3608 3313 Judais-

350 3365 496 3402 tuum
528 3349 815 3418 professis.

423 3441 585 3496 Vnus.
621 3443 670 3495 7.
709 3442 946 3497 Perculsi
970 3451 1143 3498 autem
1171 3452 1221 3499 et
1243 3445 1457 3499 attoniti
1477 3446 1693 3502 stabant
1721 3459 1922 3512 omnes,

2114 3439 2468 3505 ’EElo'tae-ro
2490 3439 2559 3492 δὲ
2582 3438 2804 3504 πάντες
2825 3436 2924 3492 καὶ
2946 3435 3295 3506 ἐθαύμαζον,
3325 3436 3612 3506 λέγοντες

350 3545 395 3587 et
418 3532 743 3588 admirantes
789 3535 937 3589 aliud
966 3534 1036 3589 ad
1059 3536 1224 3590 alium
1265 3538 1549 3594 dicebant:
1581 3538 1772 3596 Annon
1811 3555 1926 3594 ecce

352 3641 530 3678 omnes
554 3626 666 3692 isti,
689 3628 791 3696 qui
811 3626 1116 3695 loquuntur,
1142 3627 1354 3684 Galilei
1377 3639 1502 3685 sunt
1518 3631 1544 3684 Ρ

425 3733 583 3790 Vens.
608 3736 660 3791 8.
691 3736 758 3791 Et
789 3739 880 3808 qui
902 3740 967 3809 ﬁt
995 3755 1087 3793 nos
1111 3739 1393 3794 audiamus
1417 3757 1502 3796 eos
1534 3741 1749 3810 propria
1775 3743 1922 3812 quis-

351 3843 448 3895 que
474 3827 656 3898 lingua
681 3845 800 3894 sua,
824 3833 892 3884 in-
919 3847 1023 3902 qua
1063 3833 1177 3885 nati
1199 3847 1403 3898 sumus,
1430 3833 1677 3887 utentes?

426 3915 592 3974 Vens.
619 3919 673 3974 9.
710 3919 902 3975 Parthi
924 3931 976 3977 et
1005 3921 1174 3987 Medi,
1203 3932 1254 3977 et
1298 3921 1567 3989 Elamitw,
1597 3931 1647 3976 et
1667 3923 1758 3993 qui
1777 3923 1924 3979 inco-

353 4010 507 4062 limus
528 4010 984 4083 Mesopotamiam,
1004 4013 1253 4070 Judteam
1279 4023 1329 4070 et
1345 4013 1756 4084 Cappadociam,
1785 4013 1928 4069 Pon-

354 4112 465 4154 tum
481 4111 533 4155 et
561 4103 768 4167 Asiam,

431 4190 592 4246 Vlns.
627 4191 713 4246 10-.
755 4192 1046 4263 Phrygiam
1089 4204 1139 4248 et
1192 4193 1595 4266 Pamphyliam,
1628 4195 1926 4269 ﬁggptum

355 4294 403 4337 et
429 4292 605 4350 partes
634 4282 839 4353 Libyas,
877 4299 994 4356 qua:
1036 4286 1260 4354 pertinet
1291 4285 1359 4340 ad
1393 4284 1650 4357 Cyrenas,
1683 4297 1734 4343 et
1768 4285 1927 4343 adee-

355 4391 438 4429 ηπ
465 4373 709 4441 Romani,
740 4373 923 4430 Ιιιὰαιί
953 4386 1112 4448 atque
1141 4379 1417 4450 proselgti,

436 4549 596 4606 Vsus.
634 4553 718 4608 ll.
755 4553 1030 4610 Cretenses
1052 4564 1101 4612 et
1121 4556 1326 4612 Arabes
1353 4556 1600 4613 audimus
1625 4573 1712 4614 eos
1729 4558 1927 4614 nostris

357 4644 552 4714 linguis
575 4645 842 4718 loquentes
869 4649 1157 4720 magniﬁca
1183 4665 1342 4720 opera
1373 4650 1487 4706 Dei.

428 4817 596 4876 Vsus.
631 4820 719 4876 12.
755 4822 944 4894 Itaque
990 4829 1204 4882 attoniti
1242 4839 1400 4899 atque
1443 4830 1673 4900 perculsi
1713 4830 1930 4884 stabant

357 4925 534 4965 omnes
581 4921 632 4966 et
661 4916 1006 4986 ambigentes,
1028 4916 1348 4990 causamque
1377 4920 1518 4975 alius
1561 4935 1628 4975 ex
1649 4919 1756 4975 alio
1781 4936 1927 4992 qua:-

359 5009 528 5056 reates
557 5001 800 5058 dicebant
833 5023 852 5059 :
891 5007 1033 5074 Quid
1061 5011 1157 5065 hoc
1182 5010 1286 5067 sibi
1317 5011 1471 5068 uult?

431 5093 600 5150 Vens.
635 5096 727 5152 υ.
747 5098 858 5154 Alii
887 5102 1195 5159 cavillantes
1216 5103 1503 5159 dicebant:
1534 5103 1714 5160 Musto
1749 5105 1936 5175 repleti

358 5196 500 5242 sunt

437 5277 650 5352 Ubique
678 5284 866 5340 virtuti
905 5287 1147 5356 nequitia
1189 5289 1448 5359 adjuncta
1478 5301 1583 5347 est.
1616 5289 1680 5345 lii
1711 5290 1933 5362 quidem

363 5370 705 5429 mirabantur
734 5415 750 5440 ,
795 5375 874 5430 illi
923 5391 1050 5432 vero
1081 5379 1480 5438 cavillabantur
1511 5390 1565 5437 et
1607 5381 1932 5437 irridebant.

363 5455 570 5514 Revera
598 5462 689 5530 illi.
729 5465 971 5535 religiosi
1016 5477 1203 5525 erant.
1234 5469 1446 5528 Etenim
1479 5473 1686 5529 idcirco
1718 5473 1934 5528 habita—

2028 3533 2177 3602 πρὸς
2207 3531 2524 3600 ἀλλήλους
2546 3544 2560 3558 ⁸
2596 3531 2718 3583 Ούκ
2752 3528 2883 3584 ἰδοὺ
2910 3527 3134 3594 πάντες
3162 3523 3332 3584 οὗτοι
3356 3531 3517 3584 εἰσιν
3545 3531 3603 3584 οι

2025 3622 2362 3687 λαλοῦντες
2392 3619 2705 3675 Γαλιλαῖοι
2724 3633 2745 3684 ;

2097 3734 2206 3791 Kal
2236 3734 2362 3801 πῶς
2401 3731 2575 3805 ἡμεῖς
2604 3733 2904 3803 ἀκούομεν
2930 3731 3190 3799 ἕκαστος
3213 3731 3288 3801 τῇ
3322 3731 3441 3800 ίδίςι
3480 3731 3608 3788 δια-

1922 3847 1928 3855 ’
2029 3827 2220 3894 λέκτφ
2253 3825 2444 3896 ἡμῶν,
2471 3827 2539 3880 ἐν
2568 3819 2610 3897 ᾖ
2637 3825 3081 3895 ἑγεννήθημεν;

2099 3918 2315 3988 Πάρθοι
2342 3918 2440 3972 καί
2465 3917 2678 3986 Μῆδοι,
2703 3916 2802 3970 καί
2841 3915 3160 3986 Ἐλαμῖται,
3186 3914 3283 3969 καί
3310 3918 3365 3969 ot
3413 3931 3609 3969 κατοι-

2029 4012 2282 4077 κοῦντες
2323 4009 2442 4080 τὴν
2496 4009 2963 4078 Μεσοποταμίαν
2993 4008 3038 4040 ¹⁰
3063 4023 3127 4062 τε
3160 4007 3258 4061 καί
3288 4005 3610 4062 Καππαδοο

2027 4105 2188 4172 κίαν,
2223 4103 2454 4158 Πόντον
2479 4101 2580 4156 καὶ
2611 4100 2725 4169 τὴν
2763 4101 2986 4163 ἎσΙαν,

2101 4195 2366 4265 φρυτίαν
2417 4210 2481 4247 τε
2527 4191 2627 4246 καὶ
2659 4191 3043 4260 Παμφυλίαν,
3069 4189 3378 4254 Αιγυπτον
3412 4187 3509 4243 καί
3537 4189 3618 4243 τὰ

2023 4286 2175 4355 μέρη
2206 4283 2316 4351 τῆς
2353 4283 2598 4350 Λιϐύης,
2636 4279 2748 4349 τῆς
2778 4282 2930 4334 κατὰ
2955 4279 3260 4348 Κυρήνην,
3291 4279 3391 4332 καί
3416 4280 3469 4332 ol
3494 4278 3611 4331 ἑπι-

1925 4395 1928 4402 ·
2029 4375 2362 4445 δημοῦντες
2433 4372 2699 4443 Ῥωμαῖοι
2727 4411 2744 4438 ,

2829 4370 3097 4427 Ἰουδαῖοι
3153 4389 3218 4425 τε
3274 4371 3372 4426 καὶ
3425 4385 3611 4436 προσ-

2028 4469 2264 4534 ήλυτοι.

2102 4555 2333 4626 Κρῆτες
2379 4555 2480 4610 καὶ
2506 4554 2787 4624 Ἀρῤαϐες
2821 4555 2862 4588 ¹¹
2912 4555 3213 4623 ἀκούομεν
3260 4555 3613 4609 λαλούντων

2031 4649 2232 4706 αὐτῶν
2260 4648 2390 4713 ταῖς
2421 4645 2732 4717 ἡμετέραις
2756 4645 3069 4716 γλώσσαις
3094 4647 3167 4700 τὰ
3187 4645 3476 4716 μεγαλεῖα
3505 4648 3612 4702 τοῦ

1961 4779 2012 4839 D
2037 4742 2212 4797 Θεοῦ.

2121 4834 2468 4900 Ἐξίσταντο
2504 4831 2572 4886 δὲ
2594 4831 2812 4899 πάντες
2833 4831 2928 4886 καὶ
2946 4831 3299 4900 διηπόρουν,
3333 4831 3484 4899 πρὸς
3501 4831 3612 4885 ἀλ-

2039 4927 2275 4994 λήλους
2310 4927 2355 4958 ¹²
2391 4925 2677 4994 λέγοντες
2698 4942 2714 4958 ο
2754 4924 2815 4979 Tl
2875 4924 2952 4978 ἂν
2999 4923 3164 4978 θέλοι
3213 4923 3391 4978 τοῦτο
3425 4923 3614 4986 εἷναι;

2112 5109 2344 5180 Ἕτεροι
2381 5109 2450 5164 δὲ
2485 5107 2876 5180 χλευάζοντες
2903 5110 3140 5178 ἔλεγον,
3181 5109 3270 5163 ὅτι
3303 5109 3626 5176 Γλεύκους·

2039 5203 2486 5273 μεμεστωμένοι
2525 5201 2667 5257 εισι.

2117 5291 2399 5361 Πανταχοῦ
2426 5289 2566 5362 μετὰ
2599 5289 2698 5360 τῆς
2752 5289 2953 5359 ἀρετῆς
2987 5290 3022 5360 ἡ
3049 5287 3340 5360 μοχθηρία.
3397 5288 3461 5341 Οἱ
3517 5287 3617 5356 μὲν

2043 5381 2396 5454 ἐθαύμαζον,
2437 5382 2485 5435 οἱ
2549 5381 2606 5435 δὲ
2663 5378 2994 5450 ἐχλεύαζονο
3061 5378 3218 5442 ὅντες
3278 5379 3322 5412 ⁸³
3367 5377 3626 5440 εὐλαϐεῖς

2043 5476 2243 5530 ἐκεῖνοι
2285 5471 2462 5546 ἦσαν·
2516 5473 2611 5528 καὶ
2657 5472 2766 5541 γὰρ
2800 5473 2889 5526 διὰ
2935 5471 3097 5526 τοῦτο
3144 5470 3323 5542 ᾤκουν
3358 5471 3496 5536 ἐκεῖ,
3527 5467 3618 5522 ἵνα

1560 5628 1763 5690 Variae
1794 5628 2107 5693 lectiones
2133 5635 2196 5691 et
2224 5637 2413 5692 notae.

443 5733 492 5813 ξ’
528 5735 595 5791 In
630 5738 955 5816 inligatis/tie
981 5751 1340 5816 interpositum
1388 5760 1483 5816 est,
1525 5750 1806 5808 Ἰουδαίαν.

372 5801 550 5860 ἄλλον.
629 5807 671 5839 ¹⁸
689 5801 796 5877 ίᾶη
833 5810 1019 5876 ὅντως.

1909 5754 1948 5787 “
1984 5752 2051 5807 In
2083 5753 2307 5824 vulgatis
2334 5752 2588 5823 Ἄραϐες.

2709 5751 2829 5808 “In
2855 5751 3076 5822 vulgatis
3129 5760 3228 5817 est,
3281 5751 3438 5818 ἄλλος
3476 5751 3612 5824 πρὸς
