4044 6412
323 443 414 506 5'37

1022 439 1430 502 EXPOSITIO
1469 438 1552 501 IN
1593 440 1783 502 ACTA
1823 439 2399 506 APOSTOLORUM.
2435 468 2502 480 -
2541 444 2702 506 CAP.
2749 446 2834 506 Il.

3468 445 3572 510 538

324 553 410 621 ἐξῇ
441 551 628 614 αὐτοῖς
648 550 794 604 κατά
814 549 906 604 τὸν
935 549 1101 620 νόμον
1131 551 1253 620 τρὶς
1296 549 1390 602 τοῦ
1423 549 1677 604 ἐνιαυτοῦ
1707 549 1918 619 φαίνει

2017 557 2128 604 iant
2172 552 2307 619 illic,
2347 561 2405 608 ut
2451 553 2640 611 liceret
2687 555 2793 610 sibi
2835 555 2992 624 juxta
3028 553 3165 624 legis
3196 558 3570 628 praeeriptuui

326 644 443 697 σθαι
469 644 526 696 έν
555 642 633 713 τῷ
679 642 811 712 ναῷ.
846 641 988 713 Ὅρα
1015 641 1073 695 δέ
1109 641 1220 694 τῶν
1250 641 1426 698 ἀλλων
1464 641 1564 713 τὴν
1610 641 1893 696 ἀπόνοιαν.

326 735 610 802 Γλεύκους,
643 735 802 805 φησὶ,
828 733 1236 804 μεμεστωμένοι
1265 735 1403 788 είσί·
1443 734 1618 789 καίτοι
1640 733 1760 788 οὐδὲ
1778 753 1898 789 και‹

325 829 413 898 ρος
437 823 505 896 ἦν
537 825 800 888 τοιοῦτος,
827 825 1179 894 Πεντηκοστη
1196 827 1305 896 γὰρ
1324 820 1416 896 ἦν,
1443 824 1536 880 καὶ
1556 824 1676 897 ὥρᾳ
1704 824 1862 896 τρίτη
1881 841 1893 855 ο

323 918 438 970 ἀλλ’
463 917 617 970 οὐδὲν
666 916 818 970 όκνεϊ
856 917 888 984 ἡ
924 915 1073 970 οἰκία
1117 917 1183 969 ¹¹⁵.
1235 916 1310 968 Τὸ
1349 917 1404 970 δὲ
1443 916 1768 986 δεινότερον,
1816 917 1898 970 ὅτι

324 1008 548 1061 ἐκείνων
591 1006 988 1077 θαυμαζόντων
1042 1008 1140 1060 καὶ
1183 1006 1591 1077 ὁμολογούντων
1625 1007 1901 1062 Ἰουδαίων

321 1100 512 1162 ὄντων,
556 1098 847 1168 Ῥωμαίων
900 1098 1090 1164 ὄντων,
1154 1098 1512 1170 προσηλύτων
1563 1099 1754 1164 ὄντων,
1789 1099 1899 1152 τῶν

324 1191 758 1259 σταυρωσάντων
821 1187 976 1254 ἴσως,
1022 1189 1082 1254 ἐξ
1133 1189 1302 1243 ἐθνῶν
1355 1191 1543 1260 σχεδὸν
1603 1191 1896 1254 ἁπάντων,

320 1281 530 1334 τούτων
563 1282 951 1352 κηρυττόντων
989 1281 1071 1336 ὅτι
1115 1283 1234 1345 ταῖς
1285 1282 1558 1350 γλώσσαις
1591 1282 1771 1336 αὐτῶν
1806 1282 1900 1336 λα-

322 1373 526 1438 λοῦσιν,
562 1373 864 1444 εὑρέθησαν
892 1374 1042 1443 ὅμως
1079 1373 1227 1437 τινὲς
1254 1373 1629 1444 χλευάζοντες.
1664 1373 1902 1444 Πότερον

321 1463 378 1516 δὲ
406 1463 457 1515 οἱ
474 1462 828 1532 χλευάζοντες
846 1462 1098 1516 συνίεσαν
1142 1461 1448 1516 λαλούντων
1490 1462 1764 1530 γλώσσαις
1791 1461 1902 1514 τῶν

323 1555 660 1618 ἀποστόλων,
712 1555 746 1626 ἢ
795 1553 943 1624 οὐχί;
1001 1555 1066 1608 Et
1096 1553 1195 1624 μὲν
1234 1555 1345 1623 γὰρ
1387 1556 1449 1608 οὐ
1477 1555 1752 1618 συνίεσαν,
1785 1552 1905 1617 πῶς

325 1647 530 1710 πάσαις
556 1643 830 1714 γλώσσαις
867 1645 1091 1699 ἐλάλουν
1123 1647 1173 1699 οἱ
1227 1646 1547 1712 ἀπόστολοις
1593 1647 1653 1700 El
1681 1647 1738 1700 δὲ
1773 1663 1903 1699 συν-

327 1739 501 1799 ίεσαν,
559 1736 678 1804 πῶς
757 1736 1075 1809 ἐθάρρησαν
1112 1737 1290 1808 μέθην
1346 1737 1715 1802 αἰτιάσασθαι,
1751 1736 1904 1805 παρὰ

325 1829 492 1890 πόδας
517 1828 734 1898 ἔχοντες
763 1829 890 1892 τοὺς
917 1828 1196 1899 ἐλέγχους,
1223 1828 1422 1892 αὐτοὺς
1450 1829 1577 1893 τοὺς
1604 1827 1902 1893 ἀκούοντας

326 1921 426 1974 καὶ
450 1920 732 1984 συνιέντας
764 1921 848 1974 ὅτι
878 1920 1152 1987 γλώσσαις
1193 1921 1416 1975 λαλοῦσι
1451 1921 1546 1975 καὶ
1580 1921 1640 1975 οὐ
1675 1921 1906 1992 μεθύου-

328 2030 447 2079 σιν;
479 2011 638 2065 Οὕτω
671 2012 771 2082 μὲν
793 2011 859 2066 ἄν
887 2029 970 2074 τις
993 2011 1397 2082 διαπορήσειεν.
1431 2012 1573 2082 Ἐγώ
1599 2013 1656 2067 δὲ
1685 2013 1908 2066 τούναν-

326 2103 444 2152 τίον
471 2101 635 2169 φημὶ,
667 2100 744 2163 ώς
773 2102 821 2154 εί
852 2101 928 2171 μὴ
977 2102 1255 2167 συνίεσαν,
1288 2101 1397 2155 οὐδ’
1429 2102 1497 2156 ἂν
1529 2103 1608 2164 είς
1637 2103 1808 2173 μέθην
1845 2103 1906 2156 rb

328 2192 517 2262 θαῦμα
553 2192 861 2246 διέϐαλλοψ
893 2193 946 2246 ri
975 2193 1084 2264 γὰρ
1120 2191 1184 2247 ἄν
1219 2211 1303 2258 τις
1328 2193 1422 2248 καὶ
1450 2193 1756 2249 διαϐάλλειν
1783 2197 1906 2248 ἐπι-

329 2285 565 2357 χειροίη,
609 2286 747 2356 ὅπερ
797 2283 948 2337 οὐδὲν
1000 2284 1162 2337 αὑτὸν
1235 2285 1581 2352 παραλυπεϊ;
1623 2285 1716 2338 Διὸ
1760 2286 1852 2338 καὶ
1879 2287 1908 2340 ὁ

328 2378 568 2442 Λουκᾶς,
605 2376 1183 2447 χλευάζοντες,φησὶν,
1209 2371 1322 2431 οἷον
1344 2377 1712 2448 διασύροντες,
1729 2378 1906 2432 ἐνδια-

329 2468 642 2527 6άλλοντες.
696 2467 984 2522 Διέδαλλον
1049 2467 1140 2520 οῦν
1194 2469 1270 2532 ώς
1325 2468 1598 2532 συνιέντες
1633 2468 1770 2538 ξμέν,
1833 2468 1907 2539 μὴ

330 2559 695 2628 ἀρεσκόμενοι
723 2558 779 2612 δὲ
816 2560 929 2620 τοῖς
988 2558 1304 2629 λεγομένοις
1326 2573 1340 2588 ·
1393 2559 1462 2614 τά
1503 2560 1612 2631 γὰρ
1647 2560 1908 2631 μεγαλεῖα

330 2651 523 2719 έλεγον
571 2651 770 2704 ἐκεῖνοι
827 2649 921 2702 τοῦ
979 2649 1138 2705 Θεοῦ.
1193 2649 1320 2714 Πῶς
1363 2646 1458 2704 οῦν
1512 2651 1789 2715 συνιέντες
1829 2655 1909 2716 είς

333 2741 511 2811 μέθην
557 2742 819 2812 ἀνέφερον
856 2741 922 2793 τά
970 2739 1278 2810 λεγόμενα;
1317 2741 1453 2795 Ἀπὸ
1521 2742 1724 2812 πολλῆς
1769 2744 1910 2796 ἀπο-

329 2835 508 2900 νοίας,
567 2832 627 2899 ἐξ
679 2831 1128 2904 ὑπερϐαλλούσης
1196 2832 1498 2903 ὠμότητος.
1584 2834 1747 2896 Ἐθος
1803 2834 1910 2905 γάρ

329 2928 455 2980 ἐστι
489 2927 600 2988 τοῖς
631 2923 868 2988 πολλοῖς,
903 2923 971 2978 ἂν
1000 2926 1076 2994 μὴ
1121 2923 1463 2996 ἀρέσκωνται
1501 2925 1544 2957 ⁸⁸
1590 2927 1704 2988 τοῖς
1756 2925 1913 2994 λεγο-

335 3019 546 3088 μένοις,
581 3017 843 3087 δαιμονᾷν
906 3016 940 3086 ἢ
982 3016 1316 3086 παραπαίειν
1375 3017 1628 3086 ἡγεῖσθαι
1683 3018 1774 3071 τὸν
1826 3016 1913 3071 λέ-

333 3126 540 3179 γοντα,
572 3109 604 3180 ἢ
645 3107 816 3179 μέθην
851 3107 1132 3161 αἰτιᾶσθαι
1167 3109 1262 3162 καὶ
1288 3107 1365 3178 μὴ
1389 3109 1631 3162 συνιέναι
1653 3107 1688 3164 ἃ
1721 3108 1872 3176 λέγει
1893 3126 1908 3143 ο

2001 649 2082 694 ter
2123 645 2418 712 quatannis
2473 661 2794 717 comparere
2844 647 2899 701 in
2949 647 3172 717 templo.
3212 648 3344 704 Vide
3393 659 3572 704 autem

2000 731 2229 787 aliorum
2253 735 2606 793 dementiam.
2640 737 2820 793 Musto
2863 739 3140 808 inquiunt,
3185 740 3374 809 repleti
3423 748 3572 801 sunt;

2001 829 2154 896 atqui
2179 844 2248 883 ne
2280 839 2494 898 tempus
2526 828 2744 898 quidem
2778 828 2906 882 anni
2938 828 3042 882 tale
3073 836 3211 882 erat.
3250 827 3578 884 Pentecoste

1999 923 2143 977 enim
2181 929 2322 987 erat,
2358 929 2413 976 et
2441 921 2575 975 hora
2607 921 2788 975 tertia.
2823 917 2931 974 Sed
2971 919 3105 974 nihil
3141 934 3247 973 non
3281 919 3444 974 audet
3483 934 3582 974 ne-

2001 1011 2193 1082 quitia.
2253 1011 2319 1065 Et
2351 1009 2495 1081 quod
2555 1010 2774 1079 gravius
2823 1015 2964 1072 erat,
2999 1009 3109 1063 illis
3160 1008 3488 1062 mirantibus
3524 1017 3580 1061 ct

1999 1102 2416 1179 conﬁtentibus,
2444 1101 2537 1172 qui
2575 1101 2749 1157 Judaei
2776 1109 2956 1166 erant,
2986 1101 3078 1170 qui
3117 1098 3352 1153 Romani
3395 1106 3575 1159 erant,

2001 1195 2094 1265 qui
2129 1195 2390 1264 proselyti
2426 1202 2604 1256 erant,
2637 1193 2730 1263 qui
2767 1193 3002 1248 fortasse
3033 1191 3444 1250 crucitirerant.
3482 1190 3574 1259 qui

2002 1302 2067 1341 ex
2101 1286 2356 1342 omnibus
2387 1285 2499 1340 fere
2531 1285 2847 1340 nationibus
2876 1293 3072 1338 erant:
3105 1283 3215 1337 illis
3269 1282 3579 1352 pratdican-

2003 1379 2175 1444 tibns,
2206 1377 2348 1446 quod
2381 1391 2570 1430 eorum
2601 1375 2783 1446 lingua
2807 1376 3161 1444 loquerentur
3185 1414 3201 1439 ,
3237 1375 3575 1428 exstiterunt

2003 1482 2186 1526 tamen
2237 1469 2508 1528 nonnulli.
2553 1467 2644 1537 qui
2709 1467 3095 1522 cavillarentur
3148 1473 3202 1519 et
3259 1464 3574 1520 irriderent.

2003 1558 2196 1616 Utrum
2214 1567 2393 1613 autem
2413 1558 2512 1623 illi,
2532 1556 3064 1627 qui'cavillabanlur,
3087 1552 3585 1624 24inte|ligebant

2003 1652 2206 1724 linguis
2230 1653 2517 1720 loquentes
2569 1647 2867 1718 apostolos,
2901 1644 3122 1699 annon?
3147 1641 3280 1696 Nam
3313 1642 3579 1711 siquidem

2005 1761 2110 1800 non
2163 1744 2555 1814 intelligebant,
2590 1741 2683 1812 qui
2722 1741 2922 1810 linguis
2975 1736 3236 1792 omnibus
3287 1735 3583 1789 utebantur

2009 1834 2280 1906 apostoli?
2331 1831 2426 1887 Sin
2459 1839 2644 1887 autem
2680 1829 3077 1899 intelligebant,
3113 1843 3220 1897 qua
3250 1827 3579 1881 conﬁdentia

2009 1926 2284 1982 audebant
2319 1926 2374 1979 in
2414 1925 2733 1980 ebrietatem
2779 1935 3000 1975 causam
3039 1918 3323 1979 conferre,
3362 1933 3484 1972 cum
3515 1915 3584 1970 ad

2005 2017 2171 2089 pedes
2220 2016 2484 2072 haberent
2533 2029 2629 2071 eos
2656 2029 2688 2068 a
2717 2011 2917 2084 quibus
2961 2009 3336 2064 refutarentur
3362 2015 3417 2062 et
3446 2022 3584 2062 cou-

2007 2107 2377 2170 vincerentur,
2413 2119 2610 2173 nempe
2641 2103 2788 2166 illos,
2841 2099 2935 2168 qui
2977 2097 3270 2154 audiebant
3297 2105 3350 2149 et
3383 2093 3585 2148 intelli-

2009 2196 2233 2266 gebaut,
2261 2193 2409 2264 quod
2443 2193 2644 2264 linguis
2677 2192 3034 2260 loquerentur
3078 2194 3133 2242 et
3178 2201 3286 2240 non
3322 2185 3461 2240 ebrii
3499 2199 3587 2239 es—

2009 2289 2168 2343 sent?
2197 2286 2378 2356 Atque
2406 2283 2484 2338 ita
2507 2281 2730 2352 quidem
2762 2278 2962 2348 aliquis
2993 2275 3351 2345 disceptando
3385 2274 3586 2343 quaesi—

2009 2377 2171 2434 verit.
2219 2377 2334 2446 Ego
2370 2389 2502 2429 vero
2550 2370 2898 2427 contrarium
2959 2356 3276 2423 dico.‘Nam
3318 2365 3587 2435 siquidem

2011 2486 2120 2527 non
2157 2466 2555 2536 intelligebant,
2581 2477 2685 2518 nec
2706 2461 3029 2517 ebrietatem
3063 2457 3284 2528 quidem
3319 2455 3588 2524 objicien-

2014 2572 2095 2618 tes
2140 2559 2408 2616 miracqu
2459 2555 2838 2628 detrahebant.
2884 2549 3019 2605 Nam
3050 2565 3152 2604 cur
3183 2549 3346 2603 etiam
3388 2547 3589 2615 aliquis

2011 2650 2396 2713 calumnietur,
2421 2661 2452 2701 a
2469 2659 2577 2716 quo
2602 2644 2750 2699 nulla
2773 2642 3025 2696 molestia
3047 2638 3354 2692 afﬁciatur?
3383 2638 3592 2703 Quam-

2012 2743 2199 2799 obrem
2263 2739 2428 2794 etiam
2493 2734 2708 2800 Lucas,
2765 2731 3122 2792 cavillantes.
3181 2728 3382 2797 inquit,
3428 2725 3588 2796 quasi

2014 2834 2408 2893 obtrectames,
2435 2827 2816 2883 criminantes.
2861 2822 3361 2879 Calumniabantur
3420 2819 3591 2888 igitur

2011 2923 2170 2997 quasi
2211 2921 2574 2990 intelligentes
2600 2916 2844 2988 quidem,
2872 2915 2969 2971 sed
3009 2929 3071 2970 ea
3109 2953 3125 2978 ,
3153 2928 3276 2984 quae
3326 2912 3590 2966 diceban—

2014 3025 2123 3081 tur,
2154 3029 2262 3068 non
2297 3010 2626 3081 probantes.
2664 3005 2955 3077 magniﬁca
2995 3018 3230 3073 namque
3279 3015 3446 3071 opera
3497 2999 3592 3054 Dei

2015 3107 2092 3162 illi
2111 3098 2598 3174 exponebant.‘Qui
2621 3111 2752 3168 ergo
2777 3111 2902 3152 cum
2928 3095 3315 3165 intelligerent,
3341 3093 3397 3146 in
3419 3090 3598 3148 ebrie-

334 3201 521 3255 καίτοι
585 3200 842 3254 κάκείνου
901 3199 1163 3269 ἀσφαλῶς
1218 3199 1622 3271 φθεγγομένου,
1681 3203 1776 3255 καὶ
1815 3200 1912 3256 τοῦ

2017 3206 2184 3254 tatem
2215 3193 2570 3250 conferebant
2601 3205 2687 3256 ea,
2723 3203 2847 3260 quae
2881 3185 3247 3243 dicebantur?
3294 3183 3596 3252 Permagna

335 3291 695 3364 χλευάζοντος
741 3291 1067 3362 αἰτιωμένου
1119 3291 1270 3361 ὅμως
1328 3291 1624 3356 ἀκούοντος
1653 3293 1748 3346 καὶ
1792 3311 1920 3348 συνο

339 3385 536 3444 ιέντος.
575 3381 803 3434 Ἐκεῖνοι
839 3380 896 3432 δὲ
949 3381 1044 3434 καὶ
1110 3381 1314 3449 μᾶλλον
1347 3379 1616 3455 ἐθάρρουν
1663 3383 1919 3452 ἐγκαλεῖν

340 3473 519 3544 μέθην
538 3514 553 3539 ,
583 3474 666 3526 ὅτι
692 3473 786 3526 καὶ
817 3474 880 3543 τῇ
917 3471 1023 3543 ίὸίᾳ
1042 3472 1264 3546 γλώσσῃ
1289 3473 1604 3540 ἀκούοντες,
1660 3476 1754 3530 καὶ
1793 3475 1920 3540 τοὺς

337 3566 537 3629 ἀλλους
562 3563 639 3634 μὴ
653 3564 892 3617 συνιέναι
909 3563 1241 3633 νομίζοντες,
1271 3563 1368 3618 ἅτε
1385 3564 1452 3636 δὴ
1481 3565 1922 3634 ἐτερογλώσσους

337 3653 525 3716 ὂντας.
567 3653 732 3706 Αὐτοὶ
763 3651 864 3721 μὲν
915 3651 1023 3720 γὰρ
1073 3653 1326 3708 συνίεσαν
1353 3653 1422 3707 τὰ
1465 3654 1769 3726 λεγόμενα·
1798 3657 1923 3719 τοὺς

339 3746 399 3799 δὲ
441 3744 660 3807 λοιποὺς
687 3783 701 3808 ,
724 3743 794 3796 δι’
825 3741 918 3806 οὒς
941 3743 1036 3796 καὶ
1070 3743 1240 3813 μέθην
1270 3743 1586 3813 ἐχλεύαζον,
1622 3745 1684 3798 rb
1735 3745 1923 3814 θαῦμα

340 3838 447 3891 οὐκ
499 3835 750 3906 ἐνόμιζον
802 3835 1055 3890 συνιέναι.
1086 3835 1300 3905 Ὥσπερ
1343 3837 1453 3907 γὰρ
1495 3836 1580 3890 ὅτε
1612 3834 1864 3902 ἐξέϐαλεν
1894 3835 1924 3888 ό

341 3927 625 3998 Δεσπότης
668 3927 738 3980 τά
783 3926 1059 3997 δαιμόνια,
1084 3925 1335 3978 συνίεσαν
1367 3927 1464 3996 μὲν
1485 3928 1578 3980 καὶ
1605 3925 1834 3979 ἔϐλεπον
1855 3925 1924 3980 τὰ

343 4017 882 4087 τερατουργήματα,
938 4014 1058 4069 δέον
1104 4015 1160 4068 δὲ
1210 4016 1420 4087 ὑμνεῖν,
1473 4017 1552 4080 είς
1597 4015 1926 4080 Βεελζεὸοὺλ

343 4111 689 4180 ἐνδιέσυρον,
731 4108 826 4162 καὶ
878 4108 1069 4172 νόσους
1123 4108 1304 4172 πάσας
1357 4109 1456 4162 καὶ
1505 4107 1653 4180 πάθη
1691 4109 1926 4180 ὁρῶντες

345 4200 786 4273 θεραπευόμενα,
811 4198 911 4263 τὰς
937 4198 1382 4271 θαυματουργίας
1413 4199 1610 4267 φθόνου
1632 4202 1728 4254 κοιλ⁹
1761 4217 1926 4255 συκο-

349 4291 583 4363 φαντίας
610 4293 708 4344 καὶ
775 4289 938 4360 φόνου
992 4288 1126 4358 ὓλην
1154 4289 1460 4343 ἐποιοῦντο.
1495 4288 1652 4343 Οὕτω
1682 4289 1778 4342 καὶ
1807 4289 1927 4356 νῦν,

347 4382 694 4454 ἀρνήσασθαι
729 4381 805 4453 μὴ
837 4380 1054 4452 ἔχοντες
1074 4380 1136 4433 rb
1189 4380 1494 4450 παράδοξον
1522 4382 1615 4436 καί
1650 4382 1930 4453 ὑπερφυὲς

271 4545 278 4552 ο
347 4475 462 4528 τῶν
490 4472 777 4542 γλωσσῶν,
829 4474 982 4544 ὅμως
1009 4473 1090 4536 είς
1123 4471 1296 4543 μέθην
1333 4471 1394 4525 rb
1428 4470 1614 4542 θαῦμα
1649 4472 1931 4545 διασύρειν

2019 3288 2292 3346 amentia:
2320 3291 2543 3355 propter
2579 3281 2857 3352 ingentem
2892 3277 3302 3334 crudelitatem.
3348 3272 3466 3328 llos
3507 3279 3594 3328 est

2018 3380 2163 3436 enim
2198 3374 2558 3439 multitudini,
2591 3383 2676 3439 ut,
2709 3371 2889 3427 sinon
2912 3369 3110 3440 probet
3137 3381 3222 3430 ea,
3246 3380 3370 3435 qua:
3398 3365 3597 3418 dicun-

2017 3479 2128 3537 tur,
2160 3467 2430 3524 dzemonio
2461 3470 2775 3534 correptum
2797 3477 2924 3517 esse
2957 3469 3012 3516 et
3045 3457 3290 3514 insanire
3313 3467 3476 3526 atque
3503 3454 3597 3509 de-

2018 3563 2185 3626 lirare
2222 3568 2373 3631 putet
2403 3558 2699 3622 dicentem,
2748 3562 2842 3608 aut
2888 3554 2944 3607 in
2998 3551 3323 3606 ebrietatem
3369 3562 3596 3603 causam

2024 3654 2298 3720 conferat,
2328 3662 2383 3708 et
2409 3667 2467 3706 se
2491 3665 2600 3705 non
2639 3647 2941 3717 intelligere
2971 3644 3216 3708 simulet,
3251 3656 3375 3712 quae
3405 3641 3598 3694 dican-

2023 3755 2158 3801 tur:
2199 3742 2418 3798 tametsi
2475 3749 2531 3794 et
2569 3739 2659 3794 ille
2691 3747 2837 3792 recte
2866 3744 2920 3790 et
2955 3736 3166 3803 integre
3217 3734 3496 3802 loquatur,
3533 3739 3590 3785 et

2021 3835 2306 3892 cavillator
2332 3831 2548 3886 etiamsi
2584 3827 2933 3888 criminetur,
2971 3831 3155 3878 tamen
3207 3822 3396 3876 audiat
3430 3827 3483 3874 et
3513 3821 3602 3874 in-

2023 3927 2248 3993 telligat.
2281 3920 2360 3975 llli
2390 3934 2516 3975 vero
2544 3917 2714 3988 magis
2741 3917 2908 3971 etiam
2938 3912 3211 3967 audebant
3275 3909 3600 3967 ebrietatem

2025 4016 2286 4086 objicere,
2309 4010 2455 4082 quod
2484 4017 2538 4065 et
2561 4024 2660 4064 sna
2694 4006 2878 4075 lingua
2908 4002 3227 4066 audiebant,
3250 4009 3308 4056 et
3335 3999 3497 4063 alios,
3532 4008 3597 4054 ut

2027 4107 2280 4164 homines
2313 4103 2574 4159 nimirum
2608 4101 2842 4156 diversa:
2876 4099 3099 4168 linguae,
3144 4109 3253 4150 non
3299 4093 3604 4161 intelligere

2028 4197 2318 4270 putabant.
2351 4191 2488 4248 Nam
2537 4191 2640 4262 ipsi
2684 4189 2906 4261 quidem
2951 4185 3332 4257 intelligebant
3369 4197 3436 4238 ea
3482 4197 3606 4250 quae

2028 4288 2390 4355 dicebantur;
2427 4285 2673 4354 reliquos
2726 4289 2936 4345 autem,
2983 4287 3210 4350 propter
3255 4290 3399 4348 quos
3434 4275 3602 4331 etiam

2029 4382 2348 4438 ebrietatem
2373 4376 2694 4432 cavillantes
2721 4371 3034 4444 (apostolis)
3055 4368 3413 4438 objiciebant,
3435 4367 3606 4420 mira-

2032 4455 2580 4538 culum'intelligere
2625 4479 2736 4520 non
2783 4462 3067 4532 putabant.
3130 4455 3604 4522 Quemadmodum

351 4564 765 4634 ἀπετόλμησαν.
812 4563 957 4635 Ὅρα
1011 4562 1069 4616 δὲ
1129 4563 1226 4618 καὶ
1287 4561 1650 4635 κακουργίαν.
1705 4567 1918 4638 Ἐπειδὴ

2032 4565 2356 4628 enim,cum
2395 4556 2661 4614 Dominus
2711 4552 2938 4622 ejiceret
2985 4547 3278 4612 daemonia,
3332 4545 3607 4613 intellige-

350 4656 618 4710 ἀπίθανον
642 4649 712 4726 ἦν
732 4653 792 4708 rb
807 4654 1026 4725 μεθύειν
1055 4655 1115 4708 ἐν
1145 4653 1266 4726 ὥρᾳ
1287 4655 1544 4728 τοιαύτῃ,
1573 4657 1666 4711 καὶ
1699 4658 1935 4728 μάλιστα

351 4747 675 4819 ἀνθρώπους
699 4747 757 4800 ἐν
785 4745 1053 4811 κινδύνοις
1069 4747 1163 4800 καὶ
1182 4747 1368 4815 φόϐοις
1391 4745 1835 4818 ἐξεταζομένους,
1864 4751 1933 4822 τῇ

356 4838 607 4907 ποιότητι
640 4836 702 4890 rb
735 4837 843 4889 πᾶν
893 4836 1281 4908 ἐπιγράφουσι,
1321 4839 1612 4904 Γλεύκους,
1657 4838 1931 4909 λέγοντες,

358 4926 774 4998 μεμεστωμένοι
830 4925 988 4983 είσίν.
1015 4927 1184 4981 Ἔνθα
1215 4927 1325 4998 γὰρ
1374 4929 1656 5001 ίταμότης,
1697 4929 1756 4984 ἓν
1782 4930 1938 5002 ζητεῖ

359 5021 522 5090 μόνον
548 5021 745 5085 εἰπεῖν,
776 5019 858 5071 ὅτι
885 5018 1109 5087 δήποτε,
1156 5021 1255 5091 οὐχ
1285 5022 1433 5086 ὅπως
1465 5039 1517 5076 τι
1545 5022 1707 5091 λόγου
1739 5024 1936 5094 ἐχόμε-

357 5129 450 5165 νον
477 5112 625 5165 εἴποι
647 5127 662 5142 ο
701 5111 789 5166 διὰ
813 5110 973 5166 τοῦτο
1004 5112 1100 5166 καὶ
1127 5112 1156 5166 ὃ
1176 5113 1392 5167 δοκοῦσι
1426 5115 1937 5185 περιεσκιασμένως

357 5206 556 5269 εἰπεῖν,
593 5203 798 5273 πολλῆς
846 5204 1038 5270 ἀνοίας
1086 5206 1250 5276 γέμει
1300 5206 1394 5260 καὶ
1433 5206 1658 5277 μανίας.
1697 5206 1841 5276 Ὅρα
1877 5205 1937 5260 δὲ

356 5298 458 5368 τὴν
496 5296 702 5350 κακίαν
733 5297 830 5349 καὶ
848 5295 957 5350 ἀπὸ
979 5295 1074 5350 τοῦ
1105 5297 1299 5368 χρόνου
1351 5298 1447 5353 καὶ
1483 5297 1584 5368 τῆς
1607 5297 1757 5368 ὥρας
1779 5296 1935 5366 ἐλεγ-

360 5387 620 5458 χομένην.
655 5386 746 5439 Ἐν
773 5387 842 5458 τῇ
868 5387 1221 5459 Πεντηκοστῇ
1268 5388 1434 5443 πόθεν
1461 5387 1728 5458 γλεῦκος;
1768 5387 1935 5442 Γλεῦ-

360 5495 457 5544 κος
474 5479 583 5550 γὰρ
606 5478 827 5548 λέγεται
857 5479 885 5532 ὁ
912 5479 1032 5544 νέος
1057 5475 1220 5545 οίνος.
1267 5477 1406 5535 Εἶτα
1457 5481 1598 5553 μέθη
1638 5480 1932 5554 διαφόρους

365 5568 612 5639 γλώσσας
629 5569 866 5635 δίδωσιν,
885 5569 921 5641 ἢ
954 5572 1050 5626 καὶ
1073 5575 1173 5643 τὴν
1210 5572 1433 5628 οῦσαν¹⁶
1460 5571 1750 5644 ἀφανίζεις
1786 5572 1931 5642 Ὅρα

2035 4655 2167 4710 bant
2189 4652 2412 4724 quidem
2454 4655 2508 4706 et
2533 4644 2793 4702 videbant
2816 4639 3090 4712 prodigia,
3111 4652 3232 4707 quae
3261 4635 3484 4699 ﬁebant,
3511 4633 3608 4690 sed

2034 4761 2158 4804 cum
2205 4742 2430 4800 laudare
2473 4738 2758 4798 deberent,
2794 4729 3080 4788 Beelzebul
3113 4728 3188 4783 illi
3247 4724 3608 4793 objieiebant,

2035 4839 2255 4894 morbos
2293 4837 2421 4892 item
2456 4845 2650 4888 omnes
2678 4836 2734 4883 et
2768 4824 3086 4881 aﬁectiones
3117 4835 3244 4877 cum
3287 4817 3471 4874 curari
3528 4817 3610 4870 vi-

2033 4932 2249 4994 derent,
2294 4943 2360 4982 ex
2405 4922 2657 4980 miriﬁcis
2686 4917 2946 4989 operibus
2976 4912 3195 4970 invidia:
3236 4919 3292 4967 et
3318 4908 3613 4966 calumnia:

2032 5031 2089 5080 et
2117 5019 2285 5078 caedis
2316 5017 2602 5073 materiam
2641 5009 2952 5067 sumebant.
3003 5006 3082 5060 Ita
3115 5005 3282 5061 etiam
3330 5017 3502 5067 nunc,
3525 5009 3612 5057 et-

2035 5116 2084 5174 si
2104 5129 2213 5172 non
2240 5117 2495 5184 poterant
2529 5120 2730 5179 negare
2751 5104 3099 5174 inopinatum
3149 5098 3305 5164 illud,
3355 5096 3611 5166 quodque

2033 5216 2289 5262 naturam
2311 5201 2608 5272 superabat
2624 5197 2830 5252 donum
2847 5196 3188 5266 linguarum,
3215 5197 3396 5242 tamen
3429 5188 3612 5240 ebrie-

2037 5305 2202 5352 tatem
2263 5293 2592 5364 objicientes
2632 5286 2903 5342 miraculo
2949 5284 3259 5340 obtrectare
3306 5274 3604 5330 audebant.

2039 5387 2426 5442 Animadverte
2489 5389 2668 5438 autem
2745 5378 2910 5434 etiam
2986 5371 3276 5429 malitiam.
3337 5366 3607 5434 Quoniam

2037 5479 2185 5534 enim
2219 5477 2368 5534 dictu
2397 5473 2695 5532 absurdum
2723 5478 2778 5526 et
2805 5483 2916 5525 non
2947 5461 3231 5537 probabile
3261 5467 3380 5515 erat
3410 5457 3464 5513 in
3509 5457 3607 5511 tali

2039 5573 2173 5627 liora
2205 5571 2388 5627 ebrios
2411 5583 2556 5637 esse,
2612 5561 2916 5638 przesertim
2957 5556 3228 5623 homines,
3261 5565 3398 5624 quos
3426 5550 3486 5606 in
3515 5564 3612 5623 pe-

1553 5732 1754 5794 Variae
1788 5731 2099 5794 lectiones
2130 5733 2190 5790 et
2217 5736 2405 5792 noue.

449 5859 492 5892 “
517 5863 600 5917 ίσ.
637 5861 876 5927 ἡκακία.
955 5861 996 5892 ⁸⁸
1030 5860 1381 5928 ἀρέσκεσθαι,
1414 5871 1548 5918 erat.
1631 5861 1674 5893 ¹⁶
1695 5857 1904 5925 οὐσὲαν,
1929 5865 2070 5912 erat.
