4044 6430
371 353 503 453 ’539
1323 397 1906 470 THEOPHYLACTI
1943 397 2352 460 BULGARl/E
2393 397 2745 462 ARCHIEP.
3548 394 3655 460 5&0

399 503 576 559 riculo
620 517 685 559 ac
731 512 876 557 metu
927 504 1135 559 versari
1189 513 1490 569 constaret,
1546 507 1798 575 qualitati
1856 521 1972 560 rem

2077 506 2133 559 δὲ
2175 507 2229 561 τί
2277 507 2678 572 κατασκευάζει
2709 506 2839 570 Θεὸς
2865 522 2880 538 ο
2924 505 2971 560 εί
3004 506 3094 577 μὴν
3119 507 3395 574 Mavoan
3423 506 3651 578 ὴχὶεύη,

398 610 616 648 omnem
649 594 972 650 ascribunt:
1021 594 1218 660 Musto,
1250 595 1527 665 inquiunt,
1562 596 1756 666 repleti
1816 605 1966 651 sunt.

2080 597 2429 668 παρῃτοῦντο
2497 601 2545 652 οἱ
2612 597 2852 651 Ἰουδαῖοι
2906 596 3170 656 είσελθείν
3242 597 3337 652 καὶ
3399 596 3649 655 ἀκοῦσαι.

402 687 724 756 Ubicunque
782 687 926 742 enim
982 689 1283 758 petulantia
1331 698 1435 751 est,
1483 703 1652 742 unum
1707 688 1974 744 duntaxat

2079 688 2465 762 Συνεχώρησεν
2499 691 2527 742 ὁ
2570 687 2736 756 Θεὸς,
2800 687 2889 740 ἵνα
2941 687 2976 758 η
3011 685 3179 757 χλεύη
3243 685 3470 750 πολλοὺς
3524 703 3652 740 συν-

401 779 594 848 qiimrit
624 778 771 848 quod
804 779 973 842 dicat,
1003 779 1371 850 quodcunque
1400 780 1618 834 tandem
1650 778 1832 834 fuerit:
1859 796 1970 835 non

695 778 771 833 χοᾶ
804 779 973 842 dicat,
1003 779 1371 850 quodcunque
1400 780 1618 834 tandem
1650 778 1832 834 fuerit:
1859 796 1970 835 non
2082 781 2292 852 αγάγῃ.

400 883 464 928 ut
490 873 696 941 aliquid
746 873 912 934 dicat,
951 873 1094 942 quod
1143 873 1354 928 ratione
1399 875 1650 927 nitatur:
1682 881 1967 944 propterea
2008 876 2176 930 etiam
2213 875 2266 929 id
2287 872 2436 943 quod
2461 872 2715 928 videnlur
2745 871 3073 936 obumlirate
3103 886 3168 930 ac
3227 879 3368 928 tecte
3423 872 3651 938 dixisse,

400 965 588 1018 multas
616 964 866 1018 amentiae
889 973 1051 1034 atque
1093 965 1230 1018 adeo
1258 964 1460 1020 furoris
1501 967 1720 1035 plenum
1750 975 1855 1026 est.
1883 966 2016 1023 Vide
2054 976 2236 1022 autem
2269 967 2555 1034 malitiam,
2583 981 2705 1035 qua!
2727 975 2779 1022 et
2806 981 2838 1022 a
2879 973 3126 1036 tempore
3153 965 3309 1029 anni,
3331 974 3386 1017 et
3419 965 3486 1019 ab
3518 966 3653 1018 hora

405 1057 759 1112 convincitur
801 1056 907 1132 25
942 1065 996 1111 et
1048 1056 1340 1112 refutatur.
1391 1059 1450 1113 In
1504 1061 1592 1115 die
1623 1059 1978 1118 Pentecostes
2019 1063 2166 1117 unde
2229 1059 2508 1116 mustum?
2555 1059 2794 1118 Muslum
2862 1059 3009 1120 enim
3047 1058 3252 1118 dicitur
3323 1073 3522 1113 novum
3564 1059 3654 1112 vi-

405 1161 557 1201 num.
590 1145 796 1201 Deinde
827 1148 1066 1202 ebrietas
1109 1159 1292 1204 utrum
1345 1149 1590 1206 diversas
1637 1151 1855 1224 linguas
1887 1155 2138 1224 largitur,
2187 1169 2256 1209 an
2292 1155 2458 1218 etiam
2491 1168 2634 1218 eam,
2709 1167 2833 1222 quae
2911 1153 3173 1230 suppetit,
3229 1153 3534 1220 corrtunpit
3603 1163 3657 1214 et

406 1237 904 1295 labefactat?Vide
958 1252 1138 1296 autem
1191 1243 1322 1314 quid
1362 1246 1619 1300 moliatur
1673 1245 1834 1308 Deus.
1867 1245 1980 1305 Nisi
2023 1250 2299 1310 cavillatio
2347 1256 2602 1319 suspecta
2658 1245 2876 1310 luisset,
2923 1242 3100 1302 Judaei
3167 1249 3516 1300 recusassent
3575 1241 3657 1295 in.

404 1341 553 1387 trare
577 1340 632 1385 et
666 1329 875 1387 audire.
917 1331 1168 1388 Permisit
1205 1335 1369 1400 Deus,
1404 1345 1460 1389 ut
1491 1339 1771 1396 cavillatio
1801 1341 2001 1398 multos
2039 1349 2418 1412 congregaret.

474 1439 640 1494 Vsus.
683 1440 771 1498 14.
801 1440 961 1504 Stans
987 1453 1159 1497 autem
1191 1443 1378 1506 Petrus
1407 1463 1512 1501 una
1547 1465 1666 1504 cum
1691 1450 1799 1505 illis
1824 1452 1987 1506 unde-

2155 1453 2402 1518 Σταθεὶς
2423 1451 2493 1505 δὲ
2520 1449 2736 1520 Πέτρος
2769 1449 2892 1504 σὺν
2913 1449 3037 1516 τοῖς
3066 1448 3304 1510 ἕνδεκα,
3332 1445 3524 1514 ἐπῆρε
3545 1445 3659 1513 τὴν

405 1531 530 1596 cim,
568 1532 679 1587 alta
697 1549 818 1589 voce
853 1531 992 1588 dixit
1027 1537 1095 1588 ad
1127 1553 1212 1590 eos
1239 1553 1258 1591 :
1290 1539 1394 1592 Viri
1415 1539 1616 1609 Judaei,
1661 1552 1710 1597 et
1751 1545 1987 1601 universi

2085 1543 2302 1612 φωνὴν
2329 1541 2540 1606 αὐτοῦ,
2571 1542 2670 1596 καί
2702 1540 3118 1611 ἀπεφθέγξατο
3147 1539 3382 1606 αὐτοῖς·
3409 1539 3659 1607 ’Ἄνδρες

407 1621 732 1679 habitatores
776 1625 1288 1702 Hierosolymorum,
1326 1631 1422 1687 hoc
1457 1633 1600 1690 vobis
1657 1647 1840 1692 uotum
1889 1640 1981 1704 sit,

2095 1635 2362 1691 Ἰουδαῖοι
2390 1635 2490 1702 καί
2513 1638 2568 1690 οι
2593 1633 3016 1698 κατοικοῦντες
3045 1632 3443 1702 Ἰερουσαλὴμ
3466 1632 3657 1688 ἅπαν-

404 1722 456 1766 et
484 1714 702 1769 auribus
731 1717 981 1785 percipite
1013 1718 1166 1773 verba
1197 1737 1337 1786 mea.

2085 1744 2184 1802 rec
2204 1767 2220 1793 ,
2251 1727 2428 1782 τοῦτο
2464 1727 2608 1796 ὑμῖν
2632 1727 2906 1795 γνωστὸν
2935 1725 3094 1792 ἔστι.)
3121 1762 3137 1790 ,
3167 1723 3266 1778 καί
3292 1724 3661 1781 ἐνωτίσασθε

2086 1819 2160 1880 τὰ
2178 1817 2424 1887 ῥήματά
2443 1836 2586 1889 μου.

478 1909 644 1968 Vsus.
678 1914 766 1969 15.
801 1913 942 1970 Nam
968 1917 1060 1974 isti
1085 1935 1210 1985 non,
1242 1929 1302 1973 ut
1333 1936 1422 1975 uos
1461 1924 1829 1993 suspicamiui,
1849 1927 1984 1984 ebrii

2161 1929 2243 1983 Οὐ
2276 1928 2406 1997 γὰρ,
2427 1928 2512 1994 ὡς
2533 1928 2702 1997 ὑμεῖς
2721 1926 3197 1996 ὑπολαμϐάνετε,
3217 1922 3384 1983 οὗτοι
3406 1929 3660 1998 μεθύου-

407 2011 565 2057 sunt:
590 2014 666 2060 est
695 2006 832 2060 enim
860 2007 990 2062 liora
1021 2009 1127 2070 diei
1144 2013 1323 2065 tertia.

2082 2033 2194 2074 σιν
2212 2035 2226 2049 ’
2253 2019 2387 2074 ἔστι
2416 2021 2528 2089 γὰρ
2548 2019 2669 2088 ὥρα
2696 2020 2862 2087 τρίτη
2894 2019 3004 2088 τῆς
3034 2018 3277 2088 ἡμέρας.

480 2113 676 2172 Vidisti
705 2117 815 2172 illic
844 2120 1244 2189 providentiam
1283 2133 1340 2178 et
1368 2126 1795 2184 sollicitudinem
1820 2144 1840 2183 :
1864 2131 1988 2189 vide

2160 2125 2319 2195 Εῐδες
2365 2133 2486 2185 ἐκεῖ
2531 2130 2886 2203 κηδεμονίανο
2918 2131 3019 2201 ὅρα
3065 2131 3246 2202 δὲτὴν
3279 2131 3527 2203 ἀνδρείαν
3571 2135 3661 2187 ὲν-

409 2209 538 2264 item
591 2207 969 2268 fortitudinem
1015 2213 1122 2270 hic.
1185 2215 1321 2272 Nam
1376 2219 1421 2273 si
1461 2235 1656 2276 omnes
1702 2223 1987 2281 auditores

2089 2221 2282 2276 ταῦθα.
2341 2223 2404 2276 Ei
2458 2221 2567 2294 γὰρ
2621 2221 2998 2292 θαυμάζοντας
3044 2217 3158 2292 εἶχε
3206 2223 3334 2287 τοὺς
3389 2224 3663 2294 ἀκροατὰς

408 2297 744 2362 admirantes
771 2301 1072 2369 habuisset,
1108 2319 1290 2360 annon
1329 2309 1494 2364 etiam
1517 2312 1598 2366 sic
1626 2313 1875 2370 miranda
1901 2331 1988 2372 res

2093 2313 2324 2377 πάντας,
2359 2313 2480 2386 οὐχὶ
2513 2313 2609 2367 καὶ
2657 2311 2799 2366 οὕτω
2842 2313 3152 2381 θαυμαστὸν
3189 2309 3257 2383 ἦν
3297 2313 3499 2384 μεταξὺ
3540 2333 3664 2368 τοσ-

411 2388 632 2455 l‘uisset,
663 2395 709 2447 si
751 2393 916 2448 homo
947 2394 1255 2451 litterarum
1303 2399 1590 2469 imperitus
1639 2413 1694 2458 et
1735 2405 1901 2463 idiota
1932 2409 1988 2464 in

2091 2404 2267 2459 ούτων
2317 2403 2476 2477 ῥῆξαι
2541 2395 2726 2477 φωνὴν
2796 2405 3086 2475 ἄνθρωπον
3143 2406 3505 2476 ἀγράμματον
3572 2409 3667 2461 καὶ

412 2489 562 2535 tanta
587 2481 936 2540 multitudine
964 2499 1149 2541 vocem
1192 2489 1475 2558 rupisset?
1506 2493 1613 2548 Sed
1641 2509 1770 2550 cum
1809 2497 1985 2552 etiam

2096 2495 2315 2567 ίδιὼτην
2339 2514 2354 2564 ;
2384 2495 2472 2550 ὅτε
2498 2495 2553 2549 δὲ
2585 2495 2680 2550 καὶ
2709 2494 2986 2565 γελῶντας
3024 2496 3119 2550 καὶ
3148 2494 3430 2565 φανῶντας
3457 2496 3523 2560 ¹⁷,
3556 2497 3665 2562 πῶς

412 2570 712 2632 irridentes
734 2583 788 2630 et
817 2576 883 2629 ad
915 2571 1117 2633 cte'tlem
1150 2595 1452 2652 propensos
1485 2584 1710 2641 haberet
1760 2589 1983 2644 audito-

2093 2587 2216 2659 ούχὶ
2259 2587 2399 2658 ὑπὲρ
2453 2586 2775 2658 ᾶνθρωπον;
2833 2587 2973 2650 Ἀλλ’
3001 2587 3123 2656 ὅρα,
3151 2586 3354 2650 εὐθέως
3409 2587 3515 2642 ἀπὸ
3566 2588 3665 2658 τῆς

410 2679 522 2731 res,
547 2667 642 2735 qui
671 2668 846 2736 potuit
873 2683 963 2724 res
993 2685 1101 2726 non
1133 2686 1257 2728 esse
1303 2689 1467 2744 super
1506 2675 1800 2732 humanam
1855 2693 1990 2735 con-

2094 2680 2282 2750 φωνῆς
2329 2677 2542 2749 ἐλέγχει
2569 2676 2668 2748 τὴν
2713 2676 3100 2747 συκοφαντίαν,
3136 2677 3218 2732 ὃτι
3263 2677 3322 2730 ού
3357 2676 3665 2748 μεθύουσιν.

410 2758 708 2820 ditionem?
733 2760 838 2817 Sed
871 2763 1016 2831 vide,
1042 2771 1102 2819 ut
1133 2767 1317 2822 statim
1349 2769 1512 2824 simul
1557 2785 1622 2826 ac
1653 2786 1843 2828 vocem
1871 2773 1990 2829 edi-

2107 2769 2250 2823 Ἀλλ’
2287 2768 2408 2823 οὐδὲ
2437 2770 2517 2824 δτι
2554 2768 2903 2840 ὲξεστήκασι,
2935 2768 3186 2838 καθάπερ
3217 2769 3266 2821 oi
3300 2769 3578 2839 μανέντες.
3601 2769 3669 2820 Τί

408 2851 511 2915 dit,
531 2851 864 2909 calumniam
894 2854 1118 2921 refutet,
1144 2865 1197 2913 et
1212 2860 1510 2918 ostendens
1531 2861 1660 2919 illos
1675 2878 1784 2918 non
1807 2863 1991 2919 ebrios

2095 2859 2152 2915 δέ
2186 2862 2323 2928 ἐστι,
2355 2861 2453 2914 σὺν
2473 2861 2585 2925 τοῖς
2609 2859 2830 2924 ἕνδεκας
2859 2860 3062 2932 Κοινὴν
3082 2859 3418 2932 προεσάλετο
3441 2858 3672 2931 γνώμην

412 2959 559 3013 esse,
603 2960 668 3000 ac
695 2961 765 3002 ne
795 2948 1028 3003 alienata
1055 2950 1277 3019 quidem
1314 2968 1437 3010 esse
1467 2963 1674 3026 mente,
1722 2955 1992 3026 quemad-

2098 2952 2191 3007 xa‘t
2223 2955 2410 3024 φωνήν
2433 2966 2448 2982 ο
2498 2950 2594 3004 καὶ
2629 2951 2845 3005 πάντων
2880 2948 3044 3013 αὐτὸς
3077 2945 3146 3022 ἧν
3191 2949 3253 3002 τὸ
3293 2949 3485 3021 στόμα.
3518 2949 3671 3023 Παρ-

412 3036 632 3092 modum
692 3038 909 3095 furiosi.
963 3039 1106 3108 Quid
1138 3050 1224 3098 est
1265 3054 1475 3110 autem,
1534 3061 1641 3100 una
1695 3063 1820 3102 cum
1883 3049 1991 3106 illis

2096 3043 2443 3116 ειστήκεισαν
2479 3041 2536 3096 δὲ
2585 3041 2637 3095 oi
2693 3041 2909 3109 ἕνδεκα,
2936 3042 3050 3104 τοῖς
3097 3041 3410 3111 λεγομένοις
3460 3058 3671 3113 μαρτυ-

415 3128 704 3185 undecim?
725 3129 1083 3186 Communem
1125 3135 1410 3204 proposuit
1443 3138 1768 3192 sententiam
1801 3147 1858 3194 et
1886 3155 1985 3198 vo-

2095 3135 2340 3210 ροῢντες.
2369 3133 2555 3207 rest,
2590 3131 2766 3204 ἐπῆρε
2811 3131 2910 3204 τὴν
2942 3133 3126 3203 φωνὴν
3153 3131 3352 3200 αὑτοῦ,
3395 3133 3666 3198 τουτέστι,

414 3236 530 3277 cem
557 3241 571 3277 :
601 3230 655 3279 et
685 3224 931 3280 omnium
973 3224 1090 3296 ipse
1121 3236 1312 3282 orator
1334 3236 1474 3283 erat.
1505 3229 1855 3288 Assistebam
1884 3249 1985 3288 au-

2098 3225 2240 3298 μετὰ
2289 3221 2493 3293 πολλῆς
2540 3221 2889 3294 παρρησίας·
2939 3221 3028 3275 ῐνα
3085 3220 3286 3285 εὐθέως
3339 3221 3666 3293 ἀρχομένου,

414 3321 523 3367 tem
557 3313 752 3385 reliqui
785 3315 1065 3383 undecim,
1101 3331 1164 3373 ea
1203 3333 1326 3386 quae
1358 3318 1704 3387 dicebantur,
1735 3323 1990 3378 testimoc

2098 3317 2312 3388 μάθωσι
2368 3313 2463 3369 τοῦ
2540 3313 2860 3385 Πνεύματος
2919 3313 3022 3383 τὴν
3079 3312 3259 3385 χάριν.
3313 3313 3371 3367 '0
3427 3313 3536 3385 γὰρ
3593 3314 3671 3386 μὴ

416 3405 510 3462 nio
537 3420 641 3461 suo
657 3407 1098 3478 comprobantes.
1121 3408 1277 3476 Quod
1309 3416 1489 3466 autem
1511 3413 1666 3477 dicit,
1700 3414 1810 3468 alta
1829 3429 1988 3481 voce,

2095 3409 2335 3479 ἐνεγκὼν
2357 3407 2628 3480 ἐρώτησιν
2654 3405 2917 3480 κορασίου
2948 3405 3220 3472 εὐτελοῦς,
3243 3401 3397 3470 οὗτος
3427 3407 3486 3460 ὲν
3519 3406 3674 3478 μέσῳ

413 3495 469 3551 id
499 3503 608 3562 est,
633 3512 758 3552 cum
788 3499 958 3553 multa
983 3499 1215 3554 ﬁducia:
1243 3508 1302 3555 ut
1321 3502 1501 3555 statim
1533 3501 1588 3556 in
1609 3503 1763 3558 initio
1787 3504 1994 3558 scirent

2095 3504 2286 3575 δήμων
2320 3502 2607 3573 φονώντων
2651 3501 2790 3572 μετὰ
2821 3499 3092 3570 τοσαύτης
3125 3499 3428 3568 διαλέγεται
3455 3502 3675 3571 παρρη-

415 3585 646 3655 gratiam
673 3585 931 3656 Spiritus.
953 3586 1058 3655 Qui
1086 3588 1227 3644 enim
1254 3605 1360 3645 non
1387 3592 1724 3646 sustinuerat
1755 3591 1994 3648 interro-

2098 3592 2238 3654 σίας.
2271 3589 2793 3664 [ΣΕΥΗΡΙΑΝΟΥ.]
2823 3589 2937 3662 Πρὸ
2965 3587 3062 3642 τοῦ
3094 3587 3349 3654 δέξασθαι
3377 3590 3474 3653 τὰς
3501 3588 3678 3658 γλώσ-

415 3678 690 3750 gationem
722 3678 845 3734 vilis
873 3679 1088 3749 puellae,
1135 3680 1224 3737 hic
1253 3681 1308 3737 in
1347 3682 1526 3737 medio
1573 3683 1991 3738 multitudinum

2102 3698 2224 3746 σας.
2264 3682 2294 3734 ὁ
2345 3681 2553 3752 Πέτρος
2596 3681 2701 3734 ύπδ
2751 3681 2882 3751 μιᾶς
2922 3669 3214 3749 παιδίσκης
3255 3676 3607 3752 ἐρωτώμενος
3633 3677 3677 3709 ts

417 3770 486 3826 ad
519 3771 720 3826 caedem
747 3769 1142 3826 inclinatarum
1164 3787 1288 3828 cum
1309 3779 1459 3828 tanta
1493 3773 1691 3828 nducia
1718 3769 1884 3828 verba
1916 3773 1997 3828 fa-

2097 3771 2381 3844 ὲφοὸήθη,
2452 3771 2549 3827 καὶ
2626 3771 2799 3841 λέγει’
2860 3770 2975 3824 Οὐκ
3031 3765 3150 3824 οἶδα
3212 3767 3305 3822 τὸν
3369 3767 3675 3840 ἄνθρωπον.

414 3861 509 3916 cit.
533 3863 837 3934 Antequam
869 3863 1172 3932 accepisset
1196 3862 1401 3919 donum
1425 3864 1758 3936 linguarum,
1782 3863 1984 3923 Petrus

2108 3863 2256 3918 Ἐκεῖ
2289 3864 2388 3935 μία
2432 3863 2694 3932 παιδίσκη
2737 3863 2832 3919 καὶ
2867 3863 3040 3918 δειλία
3070 3861 3242 3932 πολλή
3265 3877 3280 3894 ⁸
3325 3856 3428 3916 ὧδε
3473 3862 3678 3940 πλῆθος

415 3967 540 4007 eum
588 3953 658 4008 ab
711 3966 821 4008 una
875 3952 1054 4022 puella
1104 3953 1562 4025 interrogaretur,
1608 3955 1836 4011 territus
1867 3964 1992 4022 est,

2103 3954 2350 4028 ἄπειρον,
2386 3955 2483 4010 καὶ
2523 3956 2674 4025 φωνὴ
2712 3949 3209 4026 εὐπαρρησίαστος.
3239 3951 3355 4016 Ούκ
3382 3949 3502 4005 εἷπε
3527 3951 3584 4004 δὲ
3606 3952 3677 4018 η,

417 4057 480 4096 ac
509 4041 680 4097 dixit:
712 4041 830 4098 Non
854 4043 982 4098 novi
1009 4043 1310 4099 hominem.
1343 4044 1462 4100 llllc
1486 4061 1594 4100 una
1620 4045 1800 4115 puella
1828 4054 1995 4116 atque

2128 4049 2201 4111 Ως
2225 4049 2382 4119 ὑμεῖς
2400 4047 2707 4120 χλευάζετε,
2744 4043 2892 4100 οὗτοι
2924 4045 3213 4122 μεθύουσιν
3233 4059 3247 4074 ·
3285 4043 3420 4111 ἀλλ’,
3443 4043 3518 4106 ὡς
3541 4043 3680 4096 ὑπο·
3713 4031 3725 4084 ί

416 4132 684 4188 timiditas
726 4134 932 4200 multa;
964 4134 1055 4188 hic
1086 4134 1299 4188 inﬁnita
1333 4135 1648 4200 multitudo,
1674 4144 1730 4192 et
1758 4150 1860 4189 vos
1912 4136 1996 4190 in-

2100 4141 2452 4208 λαμϐάνετε,
2509 4138 2917 4210 ἐπιεικέστερον
2967 4137 3381 4209 φθεγγόμενος,
3436 4136 3534 4189 καὶ
3579 4135 3680 4188 ούκ

419 4223 632 4294 trepida
670 4233 836 4292 atque
887 4223 1100 4278 ﬁduciae
1140 4224 1322 4293 plena.
1350 4223 1472 4280 Non
1501 4225 1639 4280 dixit
1682 4236 1862 4282 autem
1885 4268 1900 4294 ,
1936 4235 1997 4282 ut

2099 4232 2354 4304 ἐπίτηδες
2373 4230 2480 4286 ἀπὸ
2503 4229 2842 4301 κακουργίας
2872 4227 3194 4300 βουλόμενος
3223 4227 3270 4259 ⁸⁸
3293 4226 3491 4288 αὐτοὺς
3511 4222 3681 4288 δείξαι

415 4328 518 4367 vos
549 4312 898 4378 eavillamini,
930 4313 1020 4367 isti
1049 4313 1184 4368 ebrii
1227 4329 1332 4367 non
1357 4323 1524 4368 sunt:
1567 4314 1685 4380 sed,
1723 4322 1782 4368 ut
1819 4316 1998 4385 suspi-

2099 4323 2260 4379 τοῦτο
2329 4324 2618 4393 λέγονταςο
2668 4323 2807 4384 ἀλλὰ
2879 4322 3017 4385 τέως
3087 4318 3429 4391 περιτίθησιν
3495 4317 3681 4379 αὐτοῖς

418 4409 649 4464 camini:
693 4409 883 4464 mitius
908 4409 1054 4464 enim
1079 4408 1406 4480 loquebatur
1425 4451 1440 4475 ,
1467 4417 1522 4464 et
1549 4411 1766 4482 nolebat
1796 4420 1985 4468 osten-

2091 4415 2337 4484 ἄγνοιαν,
2381 4415 2443 4469 οὐ
2477 4415 2747 4486 πονηρίας
2778 4413 3052 4486 ἔγκλημα,
3097 4411 3469 4482 πρωδοποιῶν
3497 4411 3682 4473 αὐτοῖς

417 4499 568 4566 dere,
603 4498 785 4554 dedita
819 4513 986 4569 opera
1017 4507 1182 4570 atque
1208 4499 1443 4571 maligne
1470 4500 1593 4556 illos
1623 4501 1727 4556 hoc
1749 4501 1976 4557 dicere:

2094 4506 2194 4577 τὴν
2223 4507 2582 4578 ἐπιστροφήν.
2623 4507 2735 4561 Καὶ
2786 4507 2840 4564 τί
2877 4504 3057 4570 τοῦτο,
3085 4505 3198 4560 Ούκ
3230 4504 3309 4557 ἔνι
3344 4503 3464 4576 ὥρᾳ
3511 4503 3681 4574 τρίτῃ

417 4592 512 4648 sed
555 4591 714 4647 initio
745 4591 1113 4661 ignorantiam
1147 4590 1255 4647 illis
1276 4591 1548 4658 attribuit,
1585 4608 1695 4648 non
1728 4593 1990 4664 improbi-

2100 4595 2359 4666 μεθύειν;
2398 4595 2537 4649 Ἀλλ’
2570 4597 2670 4650 οὐκ
2712 4597 2864 4656 ἔσται
2893 4599 2935 4628 ²¹
2986 4594 3123 4666 πρὸς
3164 4595 3356 4648 τοῦτο·
3402 4595 3524 4648 οὐδὲ
3573 4595 3680 4667 γὰρ

413 4688 546 4744 tatis
585 4686 788 4760 arguit,
818 4687 962 4742 viam
996 4687 1364 4756 praemuniens
1396 4687 1508 4743 illis
1555 4688 1622 4743 ad
1662 4691 1989 4745 conversio-

2106 4691 2307 4742 ἐκεῖνοι
2336 4687 2509 4752 οὕτως
2541 4686 2686 4760 εἶχον
2731 4689 2862 4760 περὶ
2897 4688 3106 4742 αὐτῶν
3152 4687 3286 4742 ἀλλὰ
3335 4686 3683 4757 διασύροντες

416 4792 564 4832 nem.
612 4779 676 4832 Et
716 4777 846 4847 quid
902 4778 1005 4832 hoc
1041 4788 1300 4854 est,rnon
1349 4779 1529 4833 solent
1579 4780 1828 4837 homines
1856 4781 1994 4836 ebrii

1424 4779 1529 4833 lent
1579 4780 1828 4837 homines
1856 4781 1994 4836 ebrii
2104 4782 2199 4836 καὶ
2232 4781 2586 4852 χλευάζοντες
2619 4781 2791 4846 οὕτως
2815 4781 3021 4850 ἔλεγον.

418 4883 544 4926 esse
571 4869 708 4923 hora
739 4869 940 4925 tertia?
962 4868 1069 4926 Sed
1111 4869 1166 4925 in
1194 4871 1301 4926 hoc
1331 4885 1440 4926 non
1477 4871 1826 4928 immoratur.
1855 4870 2044 4944 Neque
2069 4872 2214 4930 enim
2255 4874 2334 4940 illi
2369 4876 2442 4930 ita
2473 4874 2783 4936 sentiebant
2815 4871 2884 4929 de
2921 4872 2987 4928 iis
3015 4888 3028 4925 :
3067 4871 3164 4928 sed
3192 4870 3569 4938 obtrectantcs
3625 4865 3680 4927 οῖ

417 4960 738 5020 cavillantes
766 4963 839 5018 ita
869 4964 1143 5031 dicebant.

487 5056 657 5111 Vsus.
691 5055 777 5113 16.
813 5054 917 5113 Sed
947 5057 1042 5112 hoc
1061 5066 1162 5127 est,
1194 5059 1332 5129 quod
1373 5058 1574 5115 dictum
1619 5068 1696 5113 est
1718 5072 1811 5126 per
1871 5074 1996 5129 pro-

2188 5054 2374 5110 Ἀλλὰ
2408 5053 2587 5108 τοῦτό
2633 5052 2764 5106 ἐστι
2811 5049 2878 5113 τὸ
2917 5049 3234 5122 είρημένον
3270 5047 3369 5106 διὰ
3403 5048 3509 5103 τοῦ
3536 5061 3682 5117 προσ

416 5147 627 5216 phetam
647 5144 849 5202 Joelem
876 5164 897 5204 :

2121 5147 2300 5219 ρήτου
2342 5144 2519 5212 Ἰωήλ
2540 5161 2554 5176 ·
3714 5145 3718 5194 ἶ

488 5259 655 5315 Vsus.
692 5259 779 5315 i7.
807 5259 875 5316 Et
899 5262 1101 5320 accidet
1126 5263 1180 5316 ia
1203 5263 1449 5318 extremis
1480 5261 1688 5328 diebus,
1727 5261 1855 5315 dicit
1887 5259 1993 5316 Do-

2177 5258 2286 5313 Kal
2317 5258 2492 5322 ἔσται
2525 5255 2597 5322 ἐν
2633 5254 2764 5321 ταῖς
2801 5251 3088 5323 ἐσχάταις
3135 5252 3403 5328 ἡμέραις,
3434 5251 3596 5321 λέγει
3646 5253 3682 5305 ὀ

420 5353 614 5418 minus,
636 5354 906 5426 eﬂ'undam
920 5355 984 5410 de
997 5355 1204 5422 Spiritu
1221 5373 1332 5411 meo
1347 5372 1502 5425 super
1517 5371 1720 5409 omnem
1740 5368 1987 5408 carnem:

2098 5347 2263 5414 Θεὸς,
2301 5347 2494 5418 ,ἐκχεῶ
2547 5345 2665 5400 ἀπὸ
2697 5344 2802 5405 τοῦ
2847 5344 3194 5415 Πνεύματές
3209 5361 3331 5414 μου
3359 5341 3682 5398 ἐπὶπᾶσαν

418 5452 467 5496 et
497 5443 879 5512 propltetabutu
901 5445 1002 5514 ﬁlii
1029 5446 1207 5516 vestri,
1229 5456 1280 5506 et
1303 5446 1431 5514 ﬁlia:
1461 5454 1666 5508 vestrm,
1699 5453 1750 5498 et
1764 5444 1984 5514 juvenes

2096 5439 2312 5511 σάρκα,
2339 5439 2437 5504 καὶ
2469 5438 3002 5508 προφητεύσουσιν
3039 5438 3093 5492 οὶ
3126 5435 3243 5502 υἱοί
3281 5434 3448 5506 ὑμῶν
3481 5435 3577 5492 καί
3618 5437 3682 5489 αι

1607 5622 1808 5684 Variae
1831 5621 2144 5685 lectiones
2182 5629 2245 5683 et
2272 5627 2467 5684 notas.

426 5740 888 5881 ιϐζςηᾳηυνιῖλντας,
937 5757 1070 5804 erat.
1176 5751 1219 5784 "
1262 5750 1656 5822 ἐρωτιιινινως,
1704 5760 1838 5806 crat.
1948 5750 1990 5782 "

2077 5747 2250 5804 idetur
2294 5745 2610 5811 desiderari,
2640 5741 2759 5814 οὐχ.
2863 5743 2908 5775 ³ο
2937 5738 3252 5811 βαλόμενος,
3293 5745 3428 5792 erat.
3507 5735 3548 5767 “
3583 5733 3671 5788 l'a'.
