4070 6456
383 411 490 475 5ίὸ

1101 416 1508 477 EXPO’SITIO
1551 415 1627 474 IN
1660 415 1850 474 ACTA
1894 414 2471 476 APOSTOLORUM.
2511 442 2574 450 -
2601 416 2758 478 CAP.
2804 419 2892 478 Il.

3545 426 3648 488 5w

389 525 550 579 πάλιν
573 526 685 580 ἀπὸ
711 527 1002 597 προοιμίου
1039 530 1268 600 ἄρχεται
1289 568 1304 591 ,
1337 530 1426 582 ἵνα
1454 530 1528 598 μὴ
1557 527 1963 600 θορυϐηθῶσιν·

2082 536 2188 590 tur,
2225 543 2289 581 ac
2321 542 2511 583 rursus
2561 528 2753 597 incipit
2788 543 2816 581 a
2851 530 3145 598 prommio,
3202 547 3268 586 ne
3303 534 3648 589 tumultuen-

389 616 578 685 ἐπειδὴ
625 615 852 686 ἔμελλεν
883 618 1081 682 αὐτοὺς
1124 619 1217 672 τοῦ
1282 618 1456 688 Ἰησοῦ
1514 620 1972 689 ἀναμιμνήσκειν.

403 709 688 777 Ἀνωτὲρω
725 709 825 778 μὲν
857 711 967 781 γὰρ
1002 711 1103 765 οὐκ
1157 712 1224 765 ἂν
1266 710 1676 782 ἐθορυϐήθησαν
1708 709 1800 763 τοῦ
1840 711 1974 782 Προ-

2077 627 2184 686 tur,
2218 620 2478 689 quoniam
2509 620 2575 673 de
2606 617 2738 674 Jesu
2770 620 2894 675 illos
2926 621 3467 679 comtnoncl'acturus
3506 638 3646 681 erat.
3699 641 3703 645 '

2073 711 2208 766 Nam
2243 712 2409 781 paulo
2447 718 2594 777 ante,
2630 725 2754 766 cum
2787 712 3106 782 prophetam
3139 713 3415 779 audirem,
3441 717 3642 771 nullam

389 802 563 870 φήτου
592 799 887 865 ἀκούοντες
912 801 978 855 ³³.
1027 803 1138 856 Καὶ
1183 803 1286 874 ὅρα
1325 801 1442 865 πῶς
1487 801 1643 856 οὐδὲν
1683 801 1831 870 λέγει
1862 801 1963 854 τῶν

2072 817 2297 857 causam
2330 802 2658 864 habuerunt.
2715 818 2814 857 cur
2851 805 3346 860 tumultuarentur.
3393 810 3470 862 Ac
3500 809 3643 877 vide,

387 891 609 960 ὑψηλῶν
634 931 650 954 ,
692 892 807 947 ἀλλ’
837 894 948 947 ἀπὸ
998 893 1108 947 τῶν
1148 895 1355 964 σφόδρα
1411 895 1685 949 ταπεινῶν
1720 895 1968 966 ἄρχεται.

387 983 492 1035 Τὸν
517 983 863 1052 Ναζωραῖον,
893 983 1079 1054 φησιν·
1114 985 1223 1039 ἀπὸ
1249 985 1352 1055 τῆς
1381 986 1636 1056 πατρίδος
1665 986 1968 1056 ὀνομάζων,

385 1075 506 1143 ἥτις
556 1074 784 1145 εὐτελὴς
833 1077 1010 1130 ὲδόκει
1054 1073 1214 1132 εἶναι.
1243 1078 1455 1148 Ὠσπερ
1494 1077 1604 1149 γὰρ
1667 1079 1697 1132 δ
1735 1079 1969 1151 Χριστὸς

384 1164 462 1217 ὅτ’
494 1165 563 1219 ἂν
592 1167 820 1236 λέγηται
863 1167 1096 1238 δύναμις
1128 1169 1286 1234 Θεοῦ,
1319 1172 1416 1224 καὶ
1455 1169 1590 1224 Θεοῦ
1616 1172 1799 1242 σοφία,
1838 1174 1968 1242 περὶ

382 1259 485 1326 τῆς
535 1257 789 1326 θεότητος
840 1257 1006 1311 αὐτοῦ
1065 1259 1136 1312 τὰ
1188 1259 1460 1330 λεγόμένα
1511 1261 1963 1334 ὲκλαμὸἀνομεν,

385 1346 581 1412 οὕτως,
638 1348 766 1402 ὅταν
801 1347 1030 1419 λέγηται
1055 1350 1195 1422 ἀνὴρ
1219 1351 1315 1404 καὶ
1361 1351 1639 1421 τεθνηκὼς
1689 1354 1825 1425 ὑπὲρ
1856 1355 1966 1408 τῶν

388 1439 680 1508 ἁμαρτιῶν
723 1441 900 1511 ἡμῶν,
937 1441 1068 1513 περὶ
1112 1443 1213 1513 τῆς
1255 1443 1457 1515 σαρκὸς
1506 1445 1671 1498 αὐτοῦ
1705 1445 1767 1499 τὸ
1807 1446 1964 1516 λεγόο

389 1549 550 1602 μενον
590 1532 1027 1602 ὲκλαμϐάνομεν.
1063 1534 1207 1604 Ὅρα
1238 1533 1348 1606 γὰρ
1385 1537 1482 1589 καλ⁸
1507 1537 1670 1590 αὐτὸν
1701 1538 1830 1591 ποτὲ
1866 1539 1964 1607 μὲν

399 1621 648 1690 λέγοντα·
683 1623 904 1691 Ζητείτέ
943 1640 1010 1693 με
1063 1627 1384 1679 ἀποκτεῖναι
1427 1626 1734 1696 ἄνθρωπον,
1775 1628 1834 1690 ὃς
1863 1629 1965 1698 τὴν

386 1712 647 1783 ἀληθειαν
675 1714 802 1784 ὑμῖν
827 1713 1125 1784 λελάληκα·
1153 1715 1284 1768 ποτὲ
1309 1715 1388 1780 δὲ,
1420 1715 1563 1785 Ἐγὼ
1601 1716 1696 1770 καὶ
1724 1718 1752 1770 ὁ
1772 1717 1962 1788 Πατὴρ

386 1804 444 1857 ἕν
477 1807 668 1874 ἐσμεν.
713 1805 998 1858 Ἐντεῦθεν
1046 1807 1308 1876 μανέντες
1353 1807 1402 1861 οἱ
1451 1809 1562 1861 ἀπὸ
1607 1808 1851 1879 Ἀρτεμᾶ
1878 1805 1961 1874 οἷς

385 1894 764 1966 ἠκολούθησαν
786 1897 881 1950 καὶ
905 1899 953 1950 oi
981 1898 1090 1950 ἀπὸ
1120 1899 1476 1968 Σαμοσάτων,
1502 1901 1705 1953 οἴονται
1733 1900 1960 1970 ³⁸ιψιλδν

383 1987 672 2057 ἄνθρωπον
704 1987 797 2041 τὸν
839 1987 1073 2060 Ἰησοῦν,
1115 1989 1206 2043 διά
1239 1989 1338 2059 τὴν
1381 1990 1755 2062 προκειμένην
1783 1993 1959 2056 τάξιν.

384 2077 658 2144 Δυνάμεσι
704 2078 798 2130 καὶ
828 2079 1022 2146 τέρασι
1059 2077 1156 2130 καὶ
1196 2079 1468 2147 σημείοις.
1513 2077 1657 2147 Πρὸς
1680 2077 1888 2148 ταύτην
1915 2078 1961 2110 ³⁸

384 2167 481 2236 τὴν
508 2167 750 2220 διάνοιαν
806 2169 972 2221 τείνει
1021 2169 1118 2222 καὶ
1177 2168 1238 2222 τδ
1279 2169 1571 2239 εἰρημένον
1612 2169 1672 2222 ἐν
1721 2171 1787 2238 τῇ
1824 2167 1962 2240 πρὸς

397 2254 702 2326 Ῥωμαίους
725 2256 1018 2328 Ἐπιστολῇ
1035 2272 1048 2286 ·
1078 2257 1172 2310 τοῦ
1194 2257 1503 2328 ὁρισθέντος
1529 2256 1660 2310 Υίοῦ
1699 2255 1793 2308 τοῦ
1823 2256 1960 2310 Θεοῦ

383 2349 440 2400 ἐν
462 2348 724 2418 δυνάμει·
759 2348 1028 2414 τουτέστι,
1053 2349 1146 2402 τοῦ
1167 2348 1255 2402 διὰ
1278 2348 1388 2402 τῶν
1418 2348 1594 2420 ἔργων
1621 2347 1963 2420 ἀποδειχθένο

382 2455 475 2502 τος
523 2439 620 2492 καὶ.
678 2441 778 2510 τῆς
822 2438 1108 2508 δυνάμεως
1161 2440 1272 2494 τῶν
1331 2439 1660 2510 θαυμάτων·
1695 2439 1770 2502 ὡς
1811 2438 1961 2492 ἔστιν

385 2527 604 2596 ἀληθῶς
634 2529 761 2591 Υἱὸς
802 2528 898 2581 τοῦ
930 2531 1162 2600 Πατρός.
1201 2530 1335 2584 Κατ’
1371 2529 1522 2583 οὐδὲν
1551 2529 1660 2601 γάρ
1709 2531 1960 2600 διαφέρει

383 2620 443 2670 τὺ
480 2621 678 2684 εἰπεῖν,
727 2620 1014 2689 ὁρισθῆναι
1070 2621 1235 2674 αὐτὸν
1267 2620 1392 2674 Υἱδν
1417 2620 1558 2675 Θεοῦ
1606 2624 1664 2674 ἐν
1693 2622 1956 2692 δυνάμει,

384 2711 480 2763 καὶ
530 2711 593 2763 τὸ
645 2711 855 2778 είπεῖν,
889 2711 1277 2784 ἀποδειχθῆναι
1327 2713 1491 2767 αὐτὸν
1549 2713 1835 2785 δυνάμεσι,
1864 2715 1959 2768 καὶ

382 2799 592 2868 τέρασι,
647 2801 742 2852 καὶ
801 2802 1086 2870 σημείοις,
1153 2795 1235 2864 οἷς
1293 2801 1520 2872 ἐποίησε
1580 2803 1648 2856 δι’
1705 2803 1873 2857 αὐτοῦ
1929 2805 1960 2860 ὁ

379 2889 514 2952 Θεὸς
547 2891 608 2943 ὲν
633 2891 784 2960 μέσῳ
815 2890 991 2960 ὑμῶν.
1031 2891 1181 2954 Τέως
1210 2894 1238 2946 ὁ
1268 2893 1400 2956 Θεὸς
1427 2893 1676 2966 καθάπερ
1697 2894 1766 2948 δι’
1801 2894 1956 2950 Υίοῦ.

375 2981 460 3035 Δι’
486 2980 651 3034 αὐτοῦ
681 2983 791 3051 γὰρ
836 2981 1156 3052 θεοπρεπῶς
1189 2983 1281 3036 καὶ
1317 2985 1442 3047 τοὺς
1473 2983 1676 3048 αίῶνας
1709 2986 1958 3056 ἐποίησε.

380 3074 480 3127 Διά
516 3073 576 3126 δὲ
608 3073 702 3126 τοῦ
725 3091 739 3103 ·
782 3075 870 3129 Ἐν
897 3074 1048 3146 μέσῳ
1079 3074 1256 3145 ὑμῶν,
1300 3075 1584 3147 μάρτυρας
1617 3077 1828 3148 αὑτοὺςζ
1852 3079 1961 3132 τῶν

379 3165 690 3236 λεγομένων
715 3167 868 3221 καλεί
888 3184 902 3198 '
931 3168 976 3201 ³⁸
1003 3169 1064 3221 οὐ
1099 3153 1298 3236 λάθρα,
1339 3170 1460 3223 οὐδὲ
1505 3171 1564 3223 ἐν
1601 3170 1795 3241 γωνίᾳ.
1822 3166 1959 3225 Εἶτα

379 3259 638 3326 ἐμπεσὼν
678 3261 760 3322 είς
789 3258 851 3311 τὺ
898 3260 1156 3330 τόλμημα
1197 3261 1402 3324 αὐτῶν,
1443 3263 1706 3331 πειρᾶται
1762 3262 1960 3326 αὐτοὺς

379 3350 746 3403 ἀπαλλάττειν
774 3351 963 3416 αὐτοῦ,
1016 3352 1110 3405 καί
1145 3369 1308 3422 φησι·
1341 3353 1420 3423 Τῇ
1453 3353 1734 3428 ὡρισμένῃ
1771 3354 1957 3426 βουλῇ,

377 3441 595 3504 δεικνὺς
611 3442 695 3495 ὅτι
723 3442 785 3495 οὐ
808 3444 875 3512 τῇ
911 3442 1094 3496 αὐτῶν
1127 3442 1272 3512 ἰσχύϊ
1299 3442 1544 3512 ἔπραξαν
1573 3444 1708 3514 ὅπερ
1732 3445 1962 3516 ἐτόλμη-

381 3550 509 3596 σαν,
561 3533 676 3586 ἀλλ’
710 3533 794 3586 ὅτι
837 3532 1056 3598 ἑκόντος
1086 3534 1296 3587 ἐκείνου
1316 3575 1332 3598 ,
1359 3535 1452 3587 καὶ
1480 3536 1562 3588 ὅτι
1597 3534 1802 3589 ἄνωθεν
1829 3537 1962 3606 ὠρι-

381 3625 582 3693 σμένον
609 3619 700 3695 ἦν.
745 3620 900 3688 Εἶτα,
939 3624 1026 3677 ῖνα
1078 3623 1154 3696 μὴ
1211 3623 1376 3679 πάλιν
1415 3623 1584 3678 ἀθῶοι
1613 3624 1839 3691 δόξωσιν
1864 3642 1880 3657 ο
1913 3627 1963 3679 εί

379 3716 492 3785 γάρ
528 3716 622 3769 καὶ
672 3715 1004 3786 ὡρισμένον,
1037 3716 1189 3784 ὅμως
1237 3716 1393 3770 οὐδὲν
1436 3711 1602 3788 ἦττον
1653 3718 1852 3770 ἐκεῖνοι
1877 3719 1965 3773 ἀν-

379 3806 633 3877 δροφόνοι
660 3804 703 3836 ³⁷
736 3801 897 3876 ἦσαν·
936 3806 1164 3872 ἐπάγει·
1189 3806 1292 3859 Διά
1317 3805 1519 3877 χειρῶν
1551 3806 1775 3875 ἀνόμων
1797 3821 1811 3837 ⁸
1843 3807 1965 3876 ἦτοι

379 3899 470 3952 διὰ
496 3897 591 3950 τοῦ
621 3898 952 3967 παραδόντος
983 3895 1153 3950 Ἰούδα
1173 3913 1188 3927 ·
1213 3895 1246 3965 ἦ
1271 3895 1362 3951 διὰ
1390 3895 1500 3951 τῶν
1527 3896 1964 3966 σταυρωσάντων

383 3989 756 4060 στρατιωτῶν.
799 3985 862 4040 Εἰ
889 3986 947 4040 δὲ
989 3986 1182 4057 ἄνομοι
1219 3987 1270 4039 oi
1311 3985 1752 4058 προσπήξαντες,
1787 3986 1884 4038 καὶ
1910 3985 1963 4038 οι

378 4081 663 4142 ἀνελόντες
711 4077 904 4146 δῆλον*
969 4076 1106 4140 τέως
1167 4075 1227 4129 δὲ
1287 4074 1769 4146 συνεσκιασμένως
1830 4075 1963 4129 αὐτὸ

378 4173 560 4240 λέγει,
598 4171 684 4223 ἵνα
722 4168 798 4240 μὴ
830 4167 1031 4230 αὐτοὺς
1071 4169 1154 4232 είς
1184 4167 1496 4235 ἀπόγνωσιν
1522 4166 1759 4237 ἐμϐάλῃ.
1798 4167 1894 4220 Ὃν
1934 4167 1963 4220 ό

378 4263 515 4326 Θεὸς
548 4253 834 4330 ἀνέστησε.
868 4258 1041 4313 Βασαὶ
1073 4255 1186 4314 οἷον
1215 4259 1518 4329 ἐτόλμησεν
1549 4260 1724 4312 εἰπεῖν
1757 4257 1962 4328 μεταξὺ

378 4353 492 4406 τῶν
523 4351 833 4422 φονώντων,
873 4351 956 4405 ὃτι
1005 4349 1228 4419 ἀνέστη.
1262 4350 1335 4402 Τὸ
1363 4349 1418 4402 δὲ
1453 4349 1754 4421 ὲγηγὲρθαι
1801 4349 1964 4404 αὑτὸν

381 4447 490 4498 ὑπὸ
540 4445 637 4498 τοῦ
693 4443 906 4514 Πατρὺς
955 4441 1244 4510 λέγεσθαι,
1285 4441 1376 4495 διὰ
1401 4441 1510 4494 τῶν
1564 4441 1874 4494 ἀκουόντων
1903 4441 1964 4494 τὺ

379 4536 648 4598 ἀσθενές·
715 4535 774 4588 ἐν
819 4535 926 4587 τίνι
978 4533 1088 4604 γὰρ
1134 4535 1163 4586 ὁ
1217 4532 1409 4602 Πατὴρ
1465 4533 1718 4602 ὲνεργεῐ;
1767 4531 1854 4583 Ἐν
1895 4533 1961 4602 τῇ

2071 4543 2126 4596 in
2151 4541 2618 4611 desperationem.
2653 4537 2826 4600 Quem
2859 4534 3004 4588 Deus
3043 4531 3428 4589 exsuscitavit.
3462 4528 3644 4599 Papae,
3751 4585 3760 4594 ι

380 4627 562 4699 οἰκείᾳ
601 4627 831 4697 δυνάμει
873 4625 1152 4696 δηλονότι·
1196 4625 1427 4695 δύναμις
1462 4624 1518 4678 δὲ
1547 4624 1642 4677 τοῦ
1674 4623 1904 4687 Πατρὺς,
1939 4624 1968 4676 ὁ

378 4717 642 4788 Χριστός.
685 4715 899 4769 Οὐκοῦν
954 4715 1145 4769 ἑαυτὸν
1199 4713 1503 4788 ἀνέστησε,
1562 4713 1658 4767 καὶ
1719 4712 1824 4766 ὑπὸ
1870 4711 1966 4764 τοῦ

379 4809 596 4881 Ila-cpe;
627 4807 928 4878 ὲγηγέρθαι
951 4807 1264 4878 λεγόμενος.
1304 4806 1488 4871 Λύσας
1518 4805 1617 4867 τάς
1647 4803 1842 4866 ὠδῖνας
1870 4801 1965 4856 τοῦ

379 4903 641 4957 θανάτου.
663 4901 953 4954 Δείκνυσιν
976 4901 1058 4954 ὃτι
1080 4900 1174 4952 καὶ
1198 4900 1227 4952 ό
1267 4899 1496 4960 θάνατος
1526 4896 1684 4953 ὤδινε
1720 4897 1967 4967 κατέχων

380 4995 549 5048 αὐτὸν
591 4994 688 5048 καὶ¹
729 4994 799 5046 τὰ
829 4992 979 5045 δεινά
1026 4990 1258 5060 ἔπασχε.
1298 4991 1477 5043 Ὠδῖνα
1520 4988 1632 5058 γὰρ
1669 4987 1899 5041 θανάτου
1935 4988 1964 5056 ἡ

380 5085 591 5140 παλαιά
636 5085 880 5140 κίνδυνον
920 5084 1017 5137 καλ⁸
1089 5080 1376 5152 συμφοράν
1425 5097 1612 5150 φησιν.
1652 5079 1714 5133 ’0
1762 5077 1968 5133 ὠδίνων

377 5179 443 5233 οὐ
479 5179 708 5248 κατέχει
731 5176 794 5230 τὸ
839 5175 1232 5246 κατεχόμενον,
1267 5172 1392 5226 οὐδὲ
1426 5171 1529 5243 δρᾷ
1550 5211 1566 5237 ,
1600 5169 1736 5225 άλλά
1767 5171 1968 5240 πάσχει

381 5271 481 5324 καὶ
519 5269 676 5341 ῥίψαι
703 5267 950 5322 σπεύδει.
976 5262 1049 5320 Εὖ
1077 5266 1134 5320 δὲ
1178 5265 1334 5318 λύσιν
1361 5263 1569 5317 ὠδίνων
1593 5261 1690 5316 τοῦ
1735 5261 1967 5316 θανάτου

377 5363 485 5431 τὴν
532 5361 835 5416 ἀνάστασιν
874 5357 1346 5432 προσηγόρευσεν,
1385 5356 1476 5410 ἵνα
1525 5355 1688 5427 εἴπῃ·
1723 5353 1963 5426 Ἐρρηξε

383 5453 481 5525 καὶ
534 5451 806 5522 ἀνέρρηξε
846 5450 946 5522 τὴν
994 5449 1193 5519 ἔγκυον
1239 5448 1284 5481 ³⁸
1341 5449 1434 5502 καὶ
1482 5446 1809 5517 όγκωμένην
1865 5444 1962 5499 καὶ

2075 907 2134 949 ιιι
2157 894 2468 950 nihildic-at
2502 895 2805 958 excelsum,
2839 897 2935 952 sed
2970 911 3000 950 a
3030 898 3388 953 vehementer
3422 900 3642 954 humili-

2065 985 2175 1042 bus
2196 985 2504 1040 exorditur.
2540 983 2882 1041 Nazarenum
2912 986 3066 1052 dicit,
3096 1003 3402 1058 cognomen
3429 1005 3652 1045 sumens

2069 1092 2100 1130 a
2137 1075 2336 1145 patria,
2395 1092 2518 1147 qua:
2543 1077 2668 1133 vilis
2691 1092 2814 1133 esse
2836 1077 3145 1133 videbatur.
3172 1078 3648 1144 Quemadmodum

2068 1167 2242 1234 enim,
2279 1180 2404 1221 cum
2466 1167 2724 1224 Christus
2773 1169 2978 1241 dicitur
3021 1171 3269 1239 potentia
3314 1170 3408 1226 Dei
3449 1182 3502 1226 et
3556 1171 3651 1226 Dei

2069 1260 2366 1330 sapientia,
2411 1259 2480 1314 de
2523 1258 2728 1315 deitate
2781 1260 2930 1316 illius
2974 1277 3038 1316 ea
3079 1263 3242 1316 verba
3290 1262 3595 1331 accipimus
3632 1285 3646 1318 :

2067 1349 2386 1418 italquando
2417 1347 2639 1414 dicitur,
2685 1351 2770 1403 vir
2799 1365 2862 1404 ac
2890 1361 3134 1405 mortuus
3155 1367 3252 1421 pro
3280 1352 3521 1421 peccatis
3547 1366 3647 1406 no-

2067 1439 2230 1504 stris,
2278 1438 2347 1494 de
2401 1453 2568 1494 carne
2622 1439 2770 1495 illius
2829 1439 2977 1510 quod
3031 1440 3258 1505 dicitur,
3322 1443 3649 1512 accipimus.

2067 1530 2205 1585 Vide
2227 1532 2376 1585 enim
2409 1531 2572 1584 etiam
2627 1531 2780 1586 illum
2825 1533 3003 1602 ipsum
3039 1533 3177 1588 alias
3210 1533 3428 1602 quidem
3459 1535 3649 1589 dicen-

2065 1631 2171 1676 tem
2237 1622 2594 1677 :Conamini
2652 1638 2740 1678 me
2823 1624 3075 1679 occidere
3155 1625 3456 1690 hominem,
3545 1629 3658 1694 qui’

2063 1711 2348 1767 veritatem
2399 1713 2558 1768 vobis
2608 1713 2721 1768 dixi
2758 1734 2770 1768 :
2811 1713 2948 1769 alias
2988 1722 3170 1769 autem
3208 1732 3224 1769 :
3257 1715 3372 1784 Ego
3397 1726 3453 1770 et
3482 1715 3645 1770 Pater

2065 1819 2236 1857 unum
2296 1820 2512 1859 sumus.
2582 1803 2720 1859 iiinc
2773 1806 3113 1860 insanientes
3158 1807 3254 1874 qui
3295 1807 3365 1860 ab
3418 1808 3646 1861 Artema

2065 1894 2292 1966 profecti
2326 1901 2456 1950 sunt
2496 1895 2655 1964 (quos
2709 1893 3126 1952 Samosatenses
3150 1911 3373 1968 quoque
3398 1912 3644 1967 sequun-

2073 1985 2208 2056 tur),
2245 1985 2449 2040 nudum
2481 1986 2758 2041 hominem
2787 2001 2913 2042 esse
2943 1997 3138 2056 putant
3181 1987 3391 2054 .Iesum,
3425 1997 3649 2057 propter

2062 2077 2402 2147 propositum
2424 2077 2629 2130 loeum.
2643 2075 2976 2141 Virtutibus,
2996 2084 3050 2131 et
3068 2077 3357 2148 prodigiis,
3375 2085 3430 2132 et
3452 2078 3644 2146 signis.

2061 2167 2143 2223 Ad
2181 2169 2324 2222 hanc
2352 2168 2684 2223 sententiam
2718 2168 2955 2238 pertinet
2985 2170 3148 2222 etiam
3183 2169 3319 2228 illud
3345 2170 3554 2225 dictum
3581 2171 3637 2223 in

2061 2258 2308 2329 Epistola
2339 2259 2404 2314 ad
2424 2255 2723 2323 Romanos,
2745 2256 3022 2312 declarato
3042 2256 3184 2312 Filio
3214 2258 3305 2312 Dei
3331 2274 3428 2328 per
3454 2265 3645 2329 poten-

2063 2349 2216 2413 tiam,
2272 2349 2375 2403 hoc
2409 2356 2514 2414 est,
2551 2363 2648 2417 per
2681 2361 2847 2416 opera
2903 2357 3068 2418 atque
3105 2348 3419 2403 facultatem
3480 2349 3617 2401 mira

2062 2440 2312 2496 culorum
2350 2439 2750 2500 demonstrato,
2777 2447 2942 2494 utest
2991 2453 3177 2493 revera
3238 2436 3409 2492 Filius
3439 2439 3644 2494 Patris.

2061 2531 2196 2585 Nam
2253 2531 2402 2584 nulla
2454 2529 2666 2583 ratione
2703 2529 2979 2584 diversum
3020 2537 3134 2592 est,
3170 2529 3287 2583 sive
3318 2529 3443 2598 quis
3476 2529 3646 2593 dit-at,

2061 2621 2216 2676 illum
2260 2620 2597 2675 declaratum
2635 2634 2766 2687 esse
2789 2617 2986 2672 Filium
3029 2615 3122 2672 Dei
3158 2632 3252 2686 per
3291 2618 3591 2686 potentiam
3626 2656 3643 2682 ,

2060 2715 2175 2769 sive
2203 2713 2636 2768 demonstratum
2661 2725 2784 2766 esse
2816 2711 2970 2764 illum
3005 2709 3303 2764 virtutibus
3336 2724 3434 2763 seu
3466 2709 3646 2764 facul-

2064 2805 2278 2859 tatibus
2307 2812 2362 2858 et
2391 2801 2660 2872 prodigiis
2691 2816 2757 2855 ac
2783 2802 2977 2871 signis,
3013 2814 3135 2870 quae
3173 2815 3268 2868 per
3297 2800 3450 2852 illum
3508 2798 3640 2853 fecit

2062 2897 2207 2952 Deus
2237 2896 2292 2951 in
2324 2895 2504 2949 medio
2535 2902 2800 2949 vestrum.
2842 2895 3049 2947 ltevera
3089 2891 3235 2946 Deus
3259 2898 3517 2961 tanquam
3546 2904 3646 2960 per

2062 2989 2283 3044 Filium.
2307 2987 2582 3054 Perillum
2613 2987 2760 3040 enim
2788 2985 3048 3040 divinitus
3076 2985 3239 3038 etiam
3271 2985 3469 3038 saecula
3496 2982 3641 3035 fecit.

2063 3079 2235 3134 Porro
2257 3095 2353 3149 per
2383 3077 2460 3144 id,
2497 3077 2644 3148 quod
2682 3076 2818 3130 dicit
2858 3093 2872 3130 :
2911 3076 2966 3129 in
3005 3075 3186 3130 medio
3245 3075 3437 3136 vestri,
3477 3083 3644 3129 testes

2062 3171 2302 3225 illosmet
2327 3171 2476 3240 ipsos
2509 3169 2749 3238 appellat
2772 3182 2986 3231 eorum,
3015 3183 3137 3237 qua:
3161 3166 3315 3224 dicit.
3348 3166 3642 3224 lnmedio:

2066 3278 2177 3319 non
2209 3264 2372 3328 clam,
2404 3275 2583 3332 neque
2617 3261 2670 3314 in
2699 3259 2921 3329 angulo.
2956 3258 3161 3313 Deinde
3199 3273 3325 3312 eum
3356 3257 3642 3313 incidisset

2064 3355 2120 3410 in
2150 3354 2501 3410 temerarium
2532 3351 2667 3407 illud
2696 3351 2912 3406 facinus
2933 3363 3147 3416 eorum,
3184 3357 3418 3404 conatur
3444 3362 3540 3403 eos
3571 3349 3639 3402 ab

2063 3446 2160 3501 illo
2215 3446 2504 3500 absolvere
2560 3455 2725 3513 atque
2786 3442 3042 3508 liberare,
3077 3447 3133 3495 et
3196 3441 3274 3494 ait
3310 3456 3325 3493 :
3358 3439 3643 3494 destinato

2059 3546 2328 3606 certoque
2359 3535 2594 3591 consilio
2629 3553 2644 3590 :
2685 3541 2741 3590 et
2775 3533 3016 3589 ostendit
3049 3533 3171 3587 illos
3202 3546 3312 3586 non
3342 3531 3458 3586 suis
3493 3529 3641 3600 ipso-

2068 3645 2187 3685 rum
2217 3628 2430 3683 viribus
2459 3627 2659 3696 egisse,
2698 3625 2846 3694 quod
2877 3625 2996 3680 ausi
3041 3633 3192 3688 sunt,
3256 3621 3355 3678 sed
3408 3622 3501 3676 illo
3549 3635 3643 3673 vo-

2064 3720 2232 3784 lente,
2268 3726 2323 3772 ct
2356 3717 2500 3787 quod
2555 3716 2859 3784 antiquitus
2900 3715 2974 3769 ita
3014 3713 3351 3768 destinatum
3403 3721 3474 3767 et-
3510 3725 3645 3764 con-

2065 3811 2324 3866 stitutum
2389 3814 2530 3862 erat.
2595 3806 2816 3869 Postea,
2887 3818 2958 3858 ne
3037 3817 3237 3857 rursus
3321 3802 3644 3856 innocentes

2063 3901 2385 3957 viderentur
2415 3915 2428 3951 :
2482 3911 2606 3950 nam
2635 3895 2852 3968 etiamsi
2881 3902 3148 3950 statutum
3190 3907 3256 3946 ac
3307 3890 3644 3944 destinatqu

2065 3999 2202 4056 erat,
2257 3987 2620 4044 nihilominus
2645 3986 2722 4039 illi
2754 3984 3041 4039 homicida:
3077 3989 3258 4048 erant,
3305 3979 3590 4049 subjuugit
3624 3995 3642 4032 :

2064 4099 2161 4154 per
2198 4095 2391 4136 manus
2419 4078 2814 4132 sceleratorum
2849 4094 2863 4130 :
2903 4075 3018 4130 sive
3043 4089 3137 4143 per
3165 4071 3500 4144 proditorem
3541 4068 3642 4122 Ju-

2065 4176 2215 4241 dam,
2270 4183 2366 4227 aut
2399 4186 2496 4240 per
2523 4169 2748 4232 milites,
2795 4169 2890 4238 qui
2949 4166 3364 4221 cruciﬁxerunt.
3404 4160 3560 4228 Quod
3595 4161 3644 4216 si

2069 4267 2319 4324 scelerati
2354 4273 2508 4329 sunt,
2533 4263 2626 4334 qui
2652 4261 2964 4326 alﬁxerunt,
2995 4273 3156 4315 nemo
3186 4257 3481 4322 dubitabit,
3511 4254 3646 4324 quin

2065 4361 2230 4415 etiam
2271 4357 2373 4425 illi,
2403 4355 2500 4426 qui
2550 4353 2892 4410 sustulerunt
2923 4359 2978 4407 et
3009 4348 3423 4406 interfecerunt.
3467 4347 3649 4416 Atque

2069 4452 2122 4505 id
2145 4449 2360 4504 interim
2395 4447 2506 4517 29
2542 4448 2596 4502 in
2628 4447 2787 4500 initio
2814 4452 2956 4499 tecte
2977 4443 3134 4508 dicit,
3196 4458 3263 4496 ne
3290 4439 3649 4509 illosiniiciat

2071 4633 2233 4702 quale
2281 4631 2511 4690 verbum
2565 4627 2708 4682 inter
2759 4624 2927 4680 caedis
2971 4623 3164 4678 avidos
3197 4636 3368 4676 ausus
3397 4629 3483 4675 est
3518 4634 3649 4689 pro-

2067 4725 2244 4787 lerre,
2277 4721 2432 4774 illum
2453 4717 2713 4774 videlicet
2738 4713 3143 4772 resurrexisse.
3190 4711 3358 4765 Porro
3385 4709 3530 4780 quod
3561 4709 3646 4768 di-

2072 4815 2219 4870 citur
2243 4829 2272 4867 a
2305 4812 2468 4866 Patre
2516 4807 2892 4864 exsuscitatus
2925 4819 3071 4871 esse,
3103 4802 3159 4858 id
3205 4802 3266 4856 iit
3294 4809 3516 4870 propter
3551 4815 3648 4852 au-

2070 4902 2336 4960 dientium
2397 4897 2797 4952 inﬁrmitatem.
2856 4893 2960 4948 Per
3035 4906 3200 4961 quem
3277 4889 3425 4944 enim
3485 4886 3649 4940 Pater

2067 4989 2368 5064 cperatur?
2399 4988 2500 5042 Per
2526 4986 2802 5056 propriam
2823 4982 3079 5038 videlicet
3112 4979 3434 5050 potentiam.
3477 4977 3649 5047 Porro

2069 5083 2308 5155 potentia
2341 5079 2520 5134 Patris
2552 5086 2639 5133 est
2694 5075 2974 5131 Christus.
3004 5072 3176 5144 Igitur
3215 5071 3456 5142 seipsum
3499 5068 3650 5124 exci-

2068 5175 2224 5239 tavit,
2278 5170 2496 5228 etiamsi
2527 5183 2557 5222 a
2592 5167 2754 5222 Patre
2786 5166 3163 5222 exsuscitatus
3227 5177 3351 5218 esse
3404 5161 3645 5215 dicatur.

2074 5264 2283 5321 Salutis
2305 5259 2644 5317 cruciatibus
2674 5258 2891 5314 mortis.
2922 5253 3177 5312 Ostendit
3203 5253 3369 5309 etiam
3393 5259 3647 5314 mortem,

2071 5373 2196 5413 eum
2231 5354 2382 5412 illum
2413 5351 2704 5415 detineret,
2737 5349 2898 5419 quasi
2934 5346 3274 5418 parturiisse
3303 5351 3360 5398 et
3403 5341 3649 5397 acerbos

2071 5449 2292 5504 dolores
2342 5444 2697 5502 sustinuisse.
2738 5441 3029 5497 Parturam
3059 5438 3229 5504 enim,
3263 5447 3363 5492 seu
3396 5432 3647 5489 dolorem

1580 5629 1782 5694 Variae
1824 5626 2136 5691 lectiones
2167 5633 2227 5690 et
2256 5636 2446 5690 notae.

485 5787 530 5817 ⁸³
564 5781 876 5846 ἀκούοντος,
901 5791 1038 5835 erat.
1115 5781 1158 5813 ³³
1181 5774 1293 5833 οἷόν
1329 5802 1408 5850 τε,
1433 5793 1566 5840 erat.
1644 5785 1687 5817 ³⁸
1710 5782 1900 5846 ταῦτα,
1929 5795 1963 5834 e.

2143 5781 2188 5814 at
2209 5778 2440 5848 fortasse
2474 5773 2828 5848 repetendum,
2857 5773 2916 5826 ἐν
2961 5769 3113 5840 μέσῳ
3140 5767 3315 5841 ὑμῶν,
3391 5768 3435 5802 ιτ
3465 5766 3653 5838 am

387 5859 581 5928 φόνιοι,
609 5868 746 5908 erat.
852 5854 895 5884 ⁸⁸
926 5855 1141 5922 ἔγγυον,
1174 5861 1309 5918 erat.
