4070 6406
361 389 473 454 553

1186 393 1592 455 EXPOSITIO
1625 393 1708 452 ΙΝ
1743 394 1932 453 ACTA
1968 393 2540 459 APOSTOLORUM.
2567 424 2633 433 --
2668 401 2827 463 CAP.
2870 403 2951 463 II.

3497 369 3504 378 ’
3556 402 3659 469 55L

348 511 550 560 νατοςο
593 496 679 551 ὅτι
716 500 812 551 καὶ
847 499 1053 569 Κύριον
1101 503 1264 555 αὐτὸν
1307 503 1404 556 καὶ
1450 498 1685 571 Χριστὸν
1735 501 1764 551 ὁ
1813 501 1929 563 Θεὸς

2048 501 2203 565 dicit,
2234 500 2367 557 Sede
2401 520 2434 557 a
2469 505 2670 560 dextris
2695 509 2844 574 meis,
2872 509 3237 580 aequalitatem
3272 511 3655 580 intelligimus,

347 590 596 661 ἐποίησε.
616 589 713 652 Τὸ,
742 591 1020 663 ἐποίησεν,
1053 593 1173 647 ἀντὶ
1201 594 1316 657 τοῦ,
1348 594 1703 662 κατέστησεν.
1731 592 1808 646 Οὐ
1840 591 1951 662 γάρ

349 685 522 745 ἐστιν,
554 684 659 738 οὐκ
698 684 816 739 ἔστι
846 688 976 756 περὶ
1008 685 1320 750 οὐσιὼσεως
1354 686 1450 739 καὶ⁵
1490 683 1844 747 ὑποστάσεως
1869 700 1951 746 τις

346 774 532 841 λόγος.
563 770 696 829 Elea
716 777 872 837 οὔπω
896 777 1006 831 τῶν
1030 778 1306 832 ταπεινῶν
1332 778 1650 848 ἀφίσταται.
1677 778 1807 829 Δέον
1832 774 1943 846 γὰρ

347 867 658 933 ἐπαγαγεῖν
681 882 699 898 ο
731 868 995 936 ἀσφαλῶς
1022 868 1340 936 γινωσκέτω
1366 870 1474 930 πᾶς
1507 864 1657 932 οἶκος
1702 866 1943 937 Ἰσραὴλ,

2060 598 2113 645 et
2163 608 2345 661 parem
2381 592 2502 650 Filii
2550 610 2604 651 et
2650 597 2829 654 Patris
2867 600 3258 658 conditionem.
3313 601 3448 658 Nam
3483 604 3536 657 in
3566 606 3653 660 in-

2060 696 2328 750 corporea
2368 694 2562 739 natura
2602 703 2708 741 non
2765 696 2945 758 potest
2978 691 3205 763 intelligi
3260 693 3512 749 dextrum
3558 707 3655 752 aut

2061 774 2370 831 sinistrum.
2414 776 2649 844 Quinam
2681 789 2861 835 autem
2907 787 3019 837 sint
3066 784 3298 851 inimici,
3348 790 3650 859 Apostolus

2058 864 2333 934 signiﬁcat
2361 869 2451 923 ubi
2480 870 2714 924 clamat:
2750 870 2888 927 Cum
2922 874 3221 930 aboleverit
3245 892 3462 934 onmem
3494 880 3652 951 prin-

342 957 426 1009 ὅτι
455 960 521 1010 ὲκ
558 957 750 1025 δεξιῶν
772 959 1007 1028 κάθηται
1026 975 1043 992 σ
1073 958 1236 1013 τοῦτο
1279 960 1389 1030 γὰρ
1418 961 1480 1012 ὲκ
1513 958 1621 1013 τῶν
1643 957 1929 1028 εἰρημένω

2051 957 2303 1027 cipatum
2354 969 2408 1015 et
2468 976 2686 1017 omnem
2726 973 3076 1034 potestatem,
3118 968 3343 1026 ultimus
3392 972 3651 1030 inimicus

345 1048 774 1117 συνεπεραίνετο
803 1051 865 1103 οὐ
890 1049 1052 1103 τοῦτό
1077 1067 1243 1121 φησιν
1262 1066 1277 1082 ο
1309 1048 1443 1104 ἀλλὰ
1477 1050 1540 1102 τὸ
1566 1048 1702 1102 πολὺ
1734 1065 1931 1101 tranat-

346 1138 603 1208 νότερονο
635 1142 721 1194 ὅτι
767 1143 864 1195 καὶ
896 1141 1104 1214 Κύριον
1137 1143 1234 1194 καὶ
1264 1141 1502 1212 Χριστὸν
1540 1140 1704 1194 αὐτὸν
1744 1139 1774 1191 ὁ
1812 1138 1947 1203 Θεὸς

2054 1051 2308 1105 aboletur
2356 1067 2526 1108 mors.
2586 1055 2652 1110 Et
2685 1055 2999 1125 Dominum,
3042 1071 3090 1116 et
3127 1061 3408 1119 Christum
3463 1080 3492 1120 a
3528 1048 3648 1122 Deo

2067 1141 2302 1207 factum,
2345 1159 2469 1199 esse
2523 1144 2671 1202 hunc
2704 1148 2906 1218 ipsum.
2950 1150 3179 1206 Factum
3230 1170 3374 1220 esse,
3423 1172 3523 1227 pro
3557 1173 3647 1212 eo:

346 1231 655 1300 κατέστησε
678 1249 693 1263 ο
726 1231 886 1286 τοῦτο
912 1234 1023 1304 γὰρ
1051 1234 1204 1304 δηλοί
1225 1233 1309 1297 τὸ,
1342 1235 1621 1301 ἐποίησεν.
1656 1230 1813 1286 Οὕτω
1837 1230 1929 1301 χρῦ

2048 1234 2193 1304 quod
2222 1243 2305 1290 est
2336 1237 2697 1292 constitutum
2731 1256 2873 1296 esse.
2905 1241 3098 1299 Nullus
3122 1246 3268 1299 enim
3302 1262 3528 1317 prorsus
3562 1259 3651 1304 est

348 1325 630 1395 πανταχοῦ
683 1329 932 1394 σκοπεῖν,
979 1327 1048 1381 δι’
1090 1321 1165 1381 ὧν
1210 1329 1323 1390 τοῖς
1370 1327 1672 1397 ἀκροαταῖς
1702 1323 1941 1391 ὠφέλεια

341 1419 582 1484 γίνεται.

348 1508 556 1563 Deinde
579 1510 822 1565 nondum
845 1512 1143 1567 humilibus
1166 1486 1668 1582 supersedetatque
1698 1510 1934 1565 desistit.
1971 1510 2109 1565 Nam
2154 1528 2279 1568 cum
2333 1523 2614 1584 Oporteret
2655 1486 2990 1590 subiungere
3040 1539 3053 1575 :

2055 1340 2241 1380 sermo
2295 1329 2365 1381 de
2415 1329 2630 1396 usiosi,
2678 1331 2732 1386 id
2772 1342 2857 1390 est
2914 1335 2982 1392 de
3022 1338 3485 1396 substantiatione
3549 1357 3651 1403 seu

2047 1419 2444 1476 essentiatione
2511 1431 2565 1477 et
2617 1423 2921 1495 bypostasi,
2977 1428 3033 1483 id
3085 1441 3191 1494 est,
3252 1431 3635 1487 subsistentia.

3120 1520 3285 1577 Certo
3332 1524 3471 1579 sciat
3530 1536 3645 1586 tota

342 1602 543 1657 domus
576 1602 821 1670 lsraelis,
847 1607 1000 1661 illum
1033 1622 1062 1660 a
1104 1607 1316 1664 dextris
1384 1607 1573 1663 sedere
1611 1625 1624 1660 :
1680 1607 1784 1662 hoc
1820 1606 1966 1662 enim
2009 1622 2076 1661 ex
2111 1610 2409 1666 antedictis
2444 1612 2850 1682 colligebatur:
2904 1629 3012 1670 non
3046 1618 3147 1672 hoc
3176 1618 3272 1685 ait,
3331 1623 3425 1675 sed
3496 1622 3647 1691 quod

345 1697 518 1750 multo
547 1696 810 1754 humilius
855 1708 909 1755 et
936 1701 1203 1771 abjectius
1241 1712 1345 1763 est.
1379 1718 1573 1773 nempe
1617 1701 1908 1758 Dominum
1969 1702 2122 1757 illttm
2177 1713 2232 1760 et
2268 1704 2548 1762 Christum
2600 1724 2631 1763 a
2679 1708 2789 1765 Deo
2837 1713 3195 1769 constitutum
3273 1732 3395 1775 esse

3454 1738 3469 1773 :
3540 1723 3647 1778 hec

342 1789 488 1842 enim
542 1788 816 1858 signiﬁcat
884 1795 1136 1859 verbum,
1182 1794 1385 1850 factum
1434 1810 1576 1850 esse.
1626 1793 1703 1848 lta
1759 1804 1974 1865 Oportet
2033 1795 2236 1866 ubique
2282 1798 2553 1869 dispicere
2604 1810 2768 1871 atque
2834 1804 3210 1874 considerare,
3267 1825 3376 1881 qua
3431 1815 3645 1878 ratione

342 1881 624 1937 auditores
656 1884 873 1952 capiant
912 1885 1219 1942 utilitatem.

426 1975 829 2043 Ἀκούσαντες
870 1978 940 2031 δὲ
986 1981 1406 2049 κατενύγησαν
1426 1981 1473 2012 ⁵⁸
1537 1980 1613 2051 τῇ
1677 1980 1891 2049 καρδίᾳ
1914 2021 1929 2047 ,

2108 1976 2272 2034 Vens.
2306 1979 2395 2033 57.
2430 1976 2531 2033 His
2563 1988 2738 2033 autem
2767 1978 2852 2033 illi
2880 1980 3098 2043 auditis,
3136 1984 3291 2037 corde
3341 1990 3639 2052 compuncti

340 2064 517 2121 εἶπόν
570 2085 634 2121 τε
682 2070 834 2139 πρὸς
885 2070 991 2123 τὸν
1042 2070 1268 2139 Πέτρον
1329 2071 1433 2145 καὶ,
1494 2074 1637 2139 τοὺς
1682 2073 1938 2137 λοιποὺς

341 2163 731 2228 ἀποστόλους
754 2180 768 2194 ·
818 2164 878 2218 Τί
912 2167 1266 2234 ποιήσομεν,
1295 2165 1513 2234 ἄνδρες
1543 2166 1821 2237 (lauisset;

410 2254 638 2322 Πέτρος
658 2254 726 2306 δὲ
749 2255 794 2286 ’ν
824 2255 941 2325 ἔφη
992 2256 1144 2323 πρὸς
1195 2256 1454 2322 αὐτούς·
1487 2258 1934 2325 Μετανοήσατε,

340 2346 438 2398 καὶ
467 2345 867 2414 βαπτισθήτω
914 2346 1176 2415 ἕκαστος
1206 2347 1374 2418 ὑμῶν
1406 2349 1505 2403 ἐπὶ
1553 2349 1635 2416 τῷ
1686 2350 1937 2421 ὀνόματι

360 2438 563 2504 Ἰησοῦ
593 2437 876 2507 Χριστοῦ,
925 2442 1013 2506 εἰς
1066 2440 1290 2509 ἄφεσιν
1317 2441 1620 2509 ἁμαρτιῶν
1639 2457 1652 2471 ⁸
1696 2443 1792 2496 καὶ
1822 2443 1933 2513 λή-

341 2531 533 2598 ψεσθε
558 2529 676 2597 τὴν
707 2529 935 2598 δωρεὰν
963 2529 1071 2585 τοῦ
1100 2531 1276 2600 ἁγίου
1307 2532 1673 2601 Πνεύματος.

424 2638 595 2709 Ὑμῖν
624 2639 736 2709 γάρ
765 2641 939 2695 ἐστιν
966 2643 1004 2710 ἡ
1027 2642 1379 2712 ἐπαγγελία,
1407 2645 1507 2699 καὶ
1538 2645 1666 2711 τοῖς
1698 2644 1934 2711 τέκνοις

340 2729 529 2800 ὑμῶν,
567 2734 663 2785 καὶ
689 2730 842 2812 πᾶσι
869 2733 994 2801 τοῖς
1023 2738 1110 2802 εἷς
1127 2737 1388 2805 μακρὰν,
1420 2736 1611 2804 ὅσους
1634 2736 1714 2792 ἂν
1740 2752 1930 2807 προσ-

339 2824 674 2891 καλέσηται
702 2827 920 2894 Κύριος
960 2831 993 2881 ό
1028 2827 1172 2895 Θεὸς
1197 2828 1385 2898 ἡμῶν.

420 2937 682 3006 Ἑτέρως
735 2954 801 2992 τε
843 2940 1052 3007 λόγοις
1114 2940 1357 2994 πλείοσι
1402 2939 1831 3010 διεμαρτύρατο
1848 2940 1929 3006 ⁵⁸,

335 3029 436 3084 καὶ
467 3029 801 3099 παρεκάλει
832 3031 1050 3101 λέγων’
1075 3032 1313 3098 Σώθητε
1329 3034 1374 3065 ⁸⁸
1404 3032 1524 3086 ἀπὸ
1576 3030 1688 3100 τῆς
1721 3028 1932 3102 γενεᾶς

336 3119 450 3190 τῆς
481 3122 739 3188 σκολιᾶς
767 3122 1014 3191 ταύτης.

426 3326 594 3399 Ὁρᾷς
621 3329 747 3381 ὅσον
776 3329 926 3382 ἐστὶν
969 3327 1243 3382 ἐπιείκεια
1263 3344 1276 3357 ·
1310 3329 1387 3392 ὡς
1419 3328 1561 3401 αὕτη
1597 3329 1799 3399 μᾶλλον
1826 3332 1926 3399 τῆς

340 3418 703 3491 σφοδρότητος
732 3419 833 3482 τὰς
860 3419 1089 3490 καρδίας
1117 3419 1225 3473 τῶν
1253 3420 1560 3488 ἀνθρώπων
1618 3421 1928 3491 κατακεντᾷ

337 3513 436 3567 καὶ
465 3510 767 3583 μαλάττειο
802 3512 899 3566 καὶ
924 3512 1036 3584 γὰρ
1068 3512 1303 3567 ἐνταῦθα
1340 3515 1369 3567 ὁ
1409 3513 1681 3584 μακάριος
1717 3513 1927 3583 Πέτρος

338 3603 612 3673 ἀνέμνησε
635 3602 738 3674 μὲν
765 3602 966 3664 αὐτοὺς
987 3602 1096 3656 τῶν
1120 3603 1338 3656 οἰκείων
1375 3603 1764 3673 τολμημάτων,
1790 3603 1931 3656 ἀλλὰ

337 3693 549 3763 πράως,
580 3697 677 3747 uni.
707 3695 864 3748 οὐδὲν
882 3695 1153 3766 τιμωρίας
1185 3694 1545 3766 προσέθηκεν.
1593 3695 1929 3767 ᾚδέσθησαν

336 3780 430 3834 οὖν
455 3782 551 3836 τοῦ
577 3783 790 3854 Πέτρου
810 3785 910 3856 τὴν
941 3784 1265 3849 ἐπιείκειαν,
1294 3786 1376 3839 ὅτι
1406 3785 1633 3848 τοῖςτδν
1648 3786 1928 3854 Δεσπότην

339 3875 507 3929 αὐτοῦ
564 3878 781 3949 θανάτῳ
833 3879 1242 3950 παραδεδωκόσι
1263 3896 1276 3910 ·
1308 3880 1405 3933 καὶ
1456 3881 1537 3931 ἔτι
1582 3878 1705 3932 κατ’
1748 3879 1928 3932 αὐτῶν

335 3970 566 4024 ἐκείνων
589 3971 796 4039 φονῶσι
823 3973 918 4025 καὶ
946 3972 1157 4025 ἀνελεῖν
1178 3972 1558 4042 ἐπιθυμοῦσιν,
1591 3971 1752 4034 αὐτὸς
1779 3972 1927 4041 ὅμως

334 4063 394 4114 ἑν
422 4061 580 4127 τάξει
615 4064 825 4133 πατρὸς
858 4065 950 4116 καὶ
979 4063 1301 4118 διδασκάλου
1333 4062 1707 4134 κηδεμονικῶς
1740 4063 1927 4126 αὐτοῖς

330 4150 626 4219 διελέγετο.
657 4151 1047 4223 Κατενύγησαν
1066 4153 1200 4223 γὰρ,
1227 4153 1415 4222 φησιν·
1431 4154 1544 4224 Οὐχ
1564 4152 1751 4215 ἁπλῶς
1772 4151 1926 4206 ἐπεί-

338 4245 570 4311 σθησαν,
604 4243 744 4297 ἀλλά
785 4245 1148 4313 καταγνόντες
1207 4247 1441 4300 ἑαυτῶν.
1496 4246 1609 4301 Καὶ
1635 4249 1741 4317 γάρ
1766 4262 1923 4317 φησι.

333 4333 402 4389 τί
433 4337 756 4405 ποιήσομεν,
795 4336 1011 4405 ἀδελφοί
1029 4355 1045 4403 ;
1065 4337 1139 4401 ὡς
1161 4337 1515 4408 ἀποροῦντες,
1536 4339 1612 4401 ὡς
1640 4336 1925 4407 ὲναγώνιοι

332 4428 485 4490 ὅντες
520 4427 663 4496 ὑπὲρ
712 4421 788 4481 ὧν
813 4428 1234 4501 τετολμηκασιν.
1272 4429 1377 4494 Οὓς
1425 4431 1482 4484 δὲ
1527 4430 1762 4494 πλάνους
1791 4431 1926 4484 ὲκά-

333 4518 481 4580 λουν,
507 4518 773 4587 ἀδελφοὺς
789 4518 1038 4585 καλοῦσι,
1070 4521 1166 4575 καὶ
1208 4521 1363 4574 τοῦτο
1393 4523 1515 4592 οὐχὶ
1536 4523 1580 4554 ⁶⁰
1613 4525 1924 4595 παρρησια-

333 4606 555 4676 ζόμενοι
605 4609 791 4671 αὐτοῖς
830 4608 918 4662 διὰ
963 4608 1063 4680 τῆς
1092 4610 1347 4679 τοιαύτης
1372 4610 1637 4680 κλήσεως,
1666 4613 1803 4666 ἀλλὰ
1826 4613 1925 4683 τὴν

2044 2081 2188 2137 sunt,
2223 2071 2574 2141 dixeruntque
2603 2071 2673 2124 ad
2697 2070 2915 2125 Petrum
2947 2084 2997 2127 et
3035 2073 3105 2126 ad
3146 2076 3373 2146 reliquos
3417 2089 3637 2148 aposta-

2042 2165 2121 2218 los
2155 2180 2175 2218 :
2229 2162 2372 2229 Quid
2403 2180 2642 2235 agemus,
2667 2166 2767 2219 viri
2790 2164 2985 2233 fratres
3010 2169 3036 2221 ?
3339 2156 3353 2167 ’

2108 2254 2217 2327 33
2242 2254 2410 2310 Vnus.
2443 2255 2533 2311 58.
2554 2256 2621 2308 At
2646 2256 2835 2311 Petrus
2868 2258 2938 2309 ad
2967 2258 3087 2312 illos
3111 2274 3132 2314 :
3166 2258 3492 2315 Delictorum
3518 2278 3634 2329 vos,

2037 2348 2230 2418 inquit,
2267 2348 2540 2415 paeniteat,
2603 2359 2653 2402 et
2691 2349 2992 2417 baptizatur
3020 2351 3377 2421 unusquisque
3403 2361 3632 2407 vestrum

2037 2442 2088 2495 in
2127 2443 2336 2497 nomine
2364 2440 2496 2496 Iesu
2526 2441 2730 2497 Christi
2762 2445 2815 2497 in
2841 2444 3207 2498 remissionem
3247 2457 3579 2513 peccatorum
3610 2463 3633 2500 :

2038 2545 2084 2588 et
2113 2535 2382 2600 accipietis
2410 2536 2605 2588 donum
2631 2532 2864 2602 Spiritus
2894 2537 3086 2591 sancti.

2109 2644 2274 2701 Vens.
2301 2644 2388 2701 59.
2415 2644 2497 2698 Ad
2511 2662 2596 2700 vos
2631 2648 2769 2700 enim
2787 2658 2837 2700 et
2864 2648 2933 2700 ad
2965 2647 3156 2701 liberos
3184 2656 3382 2703 vestros
3409 2650 3634 2719 pertinet

2033 2734 2409 2803 promissio,et
2454 2735 2524 2788 ad
2552 2753 2729 2790 omnes
2768 2737 3077 2808 longinquos
3105 2754 3439 2809 quoscunque
3470 2747 3634 2795 advo-

2035 2822 2234 2880 Eaverit
2271 2827 2535 2881 Dominus
2566 2827 2706 2881 Deus
2732 2836 2931 2882 noster.

2115 2938 2286 2996 Vens.
2315 2939 2408 2995 40.
2438 2939 2544 2995 His
2575 2940 2668 2994 ille
2696 2941 2923 3011 aliisque
2952 2942 3123 2997 verbis
3154 2943 3510 3013 compluribus
3539 2959 3631 2999 eos

2032 3034 2188 3105 quasi
2208 3042 2516 3099 protestans
2546 3035 2863 3089 admonebat
2905 3046 2957 3088 et
3004 3035 3402 3089 cohortabatur.
3439 3035 3631 3091 Serra-

2034 3126 2166 3181 mini
2214 3134 2264 3179 et
2319 3125 2543 3194 evadite,
2594 3127 2858 3196 inquiens,
2901 3144 2966 3181 ea:
3003 3128 3106 3182 isto
3137 3128 3408 3183 hominum
3445 3146 3629 3201 genere

2031 3233 2214 3285 pravo.

2108 3328 2270 3387 Vides
2355 3321 2561 3402 quanta
2621 3345 2726 3407 ires
2785 3331 2857 3385 sit
2935 3331 3249 3388 humanitas
3314 3341 3370 3388 et
3425 3333 3612 3388 animo

2037 3422 2325 3478 moderato
2386 3423 2582 3494 magis,
2632 3437 2795 3493 quam
2842 3425 3114 3494 asperitas
3143 3432 3197 3479 et
3232 3425 3529 3491 acerbitas,
3562 3434 3629 3481 ut

2035 3513 2153 3569 haec
2190 3515 2359 3569 corda
2396 3516 2679 3570 hominum
2700 3523 3033 3585 compungat
3061 3525 3116 3571 et
3145 3516 3376 3570 molliat.
3412 3515 3627 3571 Etenim

2033 3608 2090 3660 in
2142 3607 2249 3662 hoc
2308 3608 2426 3660 loco
2476 3607 2670 3661 beatus
2728 3603 2925 3660 Petrus
2985 3605 3193 3676 redegit
3234 3606 3454 3675 quidem
3516 3606 3627 3662 illis

2031 3698 2275 3767 ipsorum
2335 3697 2580 3752 facinora
2643 3697 2698 3750 in
2738 3697 3084 3762 memoriam,
3130 3697 3226 3752 sed
3277 3700 3380 3752 hoc
3429 3696 3629 3753 leuiter

2030 3792 2182 3859 fecit,
2216 3806 2279 3846 ac
2312 3791 2517 3846 nullam
2554 3805 2730 3860 poenae
2757 3791 3090 3846 mentionem
3123 3790 3347 3860 adjecit.
3382 3789 3626 3846 Beveriti

2029 3891 2160 3939 sunt
2211 3881 2381 3952 igitur
2428 3881 2825 3934 humanitatem
2874 3890 2931 3935 et
2983 3879 3261 3936 lenitatem
3307 3881 3475 3947 Petri,
3525 3882 3623 3953 qui

2029 3987 2154 4028 cum
2215 3973 2303 4037 iis,
2373 3971 2466 4041 qui
2526 3969 2821 4024 Dominum
2868 3971 2937 4025 ad
2977 3980 3211 4026 mortem
3255 3972 3620 4037 tradiderant,

2030 4073 2196 4135 atque
2225 4063 2392 4118 etiam
2423 4061 2642 4116 illorum
2674 4064 2811 4117 adeo
2850 4062 3093 4132 ipsorum
3146 4064 3346 4120 eadem
3399 4073 3623 4135 appete-

2027 4156 2185 4219 bant,
2217 4169 2283 4210 ac
2311 4156 2377 4208 de
2408 4153 2587 4209 medio
2630 4154 2822 4208 tollere
2861 4169 2958 4209 eos
2994 4154 3311 4225 cupiebant,
3354 4164 3619 4227 tanquam

2029 4256 2182 4319 pater
2219 4261 2283 4301 ac
2314 4247 2597 4317 magister,
2635 4254 2690 4301 et
2738 4246 2958 4301 illorum
2996 4248 3280 4304 studiosus
3325 4257 3381 4304 et
3425 4265 3620 4305 curam

2027 4354 2251 4409 gerens,
2294 4336 2785 4394 sermocinaretur.
2815 4337 3149 4409 Compuncti
3176 4349 3305 4394 sunt
3329 4341 3500 4404 enim,
3532 4342 3619 4394 in-

2026 4429 2146 4498 quit
2175 4447 2189 4482 :
2223 4442 2331 4483 non
2355 4425 2680 4497 simpliciter
2701 4425 3002 4483 orationem
3031 4427 3264 4482 dicentis
3293 4429 3618 4497 probarunt,

2026 4521 2121 4576 sed
2157 4532 2268 4575 tum
2304 4521 2549 4586 demum,
2577 4520 2934 4588 cumseipsos
2969 4519 3344 4574 damnassent.
3376 4519 3616 4588 Etenim,

2026 4611 2189 4679 Quid,
2228 4612 2504 4681 inquiunt,
2539 4627 2792 4681 agemus,
2820 4610 3022 4665 lratres
3052 4609 3255 4680 ?quasi
3294 4611 3615 4667 haasitantes

336 4698 746 4769 φιλοστοργίαν,
803 4700 898 4752 καὶ
932 4700 1066 4763 ¹ὅσον
1120 4702 1256 4771 πρὸς
1314 4702 1513 4766 αὐτοὺς
1563 4700 1920 4771 ᾠκειὼθησαν

2038 4713 2078 4759 et
2102 4704 2287 4759 animo
2314 4703 2642 4759 ﬂuctuantes
2656 4711 2822 4772 atque
2865 4702 3128 4770 perplexi,
3162 4710 3426 4770 tanquam
3454 4704 3612 4757 solli-

335 4788 765 4858 ἐνδεικνύμενοι.
796 4790 941 4843 Διότι
979 4791 1074 4845 καὶ
1120 4792 1275 4844 αὐτοὶ
1336 4792 1385 4845 οἱ
1430 4793 1716 4846 ἀπόστολοι
1752 4792 1922 4857 οὕτως

337 4882 542 4943 αὐτοὺς
593 4884 883 4950 ἐκάλεσαν,
932 4884 1240 4954 ἀρχομένου
1291 4884 1391 4954 τῆς
1428 4884 1774 4957 δημηγορίας
1815 4886 1920 4938 Πέ-

333 4992 489 5047 τρου.
524 4976 749 5029 Πάντων
777 4976 834 5028 δὲ
858 4975 1268 5046 ἐρωτηθέντων,
1299 4976 1462 5029 πάλιν
1493 4980 1522 5030 ὁ
1551 4978 1754 5048 Πέτρος
1783 4979 1920 5032 ἁπο-

334 5070 605 5137 κρὶνεται.
649 5069 822 5119 Αὐτοῦ
846 5068 889 5098 ⁸³
914 5068 1026 5138 γὰρ
1077 5068 1232 5121 αὐτοὶ
1262 5068 1665 5139 προὺἅὶλλοντο
1717 5071 1915 5141 στόμα,

334 5160 430 5213 καί
477 5176 612 5230 φησι
644 5175 658 5190 ⁸
710 5161 1115 5231 Μετανοήσατε,
1152 5160 1247 5213 καὶ
1306 5151 1657 5232 βαπτισθήτω
1690 5162 1919 5227 ἕκαστος

334 5251 491 5321 ὑμῶν
524 5253 622 5305 ἐπὶ
660 5251 738 5322 τῷ
788 5252 1013 5321 ὀνόματι
1062 5252 1234 5321 Ἰησοῦ
1285 5252 1546 5323 Χριστοῦ.
1585 5254 1659 5305 Οὐ
1688 5255 1920 5325 μάχεται

335 5344 393 5395 δὲ
424 5343 585 5397 τοῦτο
632 5344 732 5413 τῷ,
767 5345 1129 5408 Βαπτίζοντες
1166 5345 1363 5407 αὐτοὺς
1405 5346 1483 5407 εἰς
1530 5344 1592 5397 τὸ
1622 5345 1793 5414 ὄνομα
1823 5347 1918 5399 τοῦ

334 5436 553 5507 Πατρὸς
612 5437 706 5488 καὶ
745 5439 838 5490 τοῦ
876 5436 1008 5489 Υἱοῦ
1052 5437 1146 5488 καὶ
1195 5435 1288 5489 τοῦ
1341 5436 1500 5504 ἁγίου
1558 5436 1913 5507 Πνεύματος·

2033 4798 2122 4852 citi
2154 4806 2208 4853 et
2236 4797 2549 4851 laborantes
2587 4810 2687 4867 pro
2716 4797 2833 4850 suis
2865 4793 3225 4849 facinoribus.
3250 4795 3399 4861 Quos
3428 4810 3609 4853 autem

2029 4898 2190 4944 antea
2215 4890 2544 4960 impostores
2582 4894 2934 4951 vocaverant,
2978 4902 3125 4941 nunc
3159 4885 3361 4953 fratres
3388 4900 3607 4953 vocant,

2025 4990 2080 5037 et
2116 4981 2170 5036 id
2223 4980 2437 5036 faciunt
2467 4996 2575 5034 non
2609 4989 2795 5049 aperte
2847 4994 2911 5032 ac
2960 4980 3131 5034 libere
3165 4980 3231 5032 ad
3270 4995 3365 5035 eos
3393 4982 3485 5035 tali
3515 4997 3613 5049 ap-

2027 5074 2321 5144 pellatione
2351 5083 2591 5137 utentes,
2634 5074 2728 5128 sed
2765 5088 3005 5126 amorem
3042 5072 3608 5141 benevolentiamque,

2026 5182 2090 5221 ac
2116 5174 2455 5235 quantopere
2476 5165 2755 5220 conciliati
2785 5181 2850 5219 ac
2899 5163 3038 5219 bene
3059 5162 3236 5219 allecti
3265 5169 3450 5219 csScnt
3479 5184 3610 5235 erga

2029 5258 2178 5325 illos,
2221 5259 2594 5313 ostendentes.
2627 5257 2763 5312 1\atn
2804 5258 2966 5311 etiam
3000 5258 3101 5326 ipsi
3140 5258 3391 5326 apostoli,
3445 5257 3608 5312 Petro

2024 5351 2348 5404 concionem
2373 5349 2713 5413 exordiente,
2740 5349 2814 5401 ita
2866 5349 2988 5401 illos
3037 5357 3385 5401 vocaverant.
3438 5348 3608 5403 Porro

2022 5456 2149 5495 cum
2178 5457 2367 5496 omnes
2399 5444 2887 5511 interrogarentur,
2930 5440 3120 5494 Petrus
3157 5455 3350 5495 rursus
3381 5457 3608 5512 respon-

1540 5642 1742 5704 Varim
1772 5642 2085 5704 lectiones
2110 5652 2171 5705 ct
2211 5653 2403 5705 notae.

403 5764 1041 5842 "xuznvoynaav,_erat.
1116 5767 1160 5796 ⁸⁷
1199 5766 1259 5819 lu
1292 5767 1515 5834 vulgatis
1546 5784 1647 5820 non
1687 5777 1762 5821 cst
1796 5768 1874 5821 δὲ.

2038 5768 2084 5822 ’n
2109 5771 2334 5839 vulgatis
2391 5781 2489 5834 est,
2560 5770 2975 5842 διεμαρτύρετο.

332 5836 377 5870 ⁸³
402 5839 520 5907 οὐχ,
548 5848 693 5890 erat.
770 5835 810 5862 "
849 5837 1032 5898 αὑτὸν,
1062 5848 1196 5890 erat.

651 5927 929 5987 ΡΑτιιοι..
964 5929 1079 5989 Gn.
1116 5928 1346 5992 CXXV.

3078 5768 3124 5799 "
3158 5767 3410 5839 σύνϐητε,
3463 5781 3598 5827 erat.

3164 5931 3239 5995 18
