4070 6420
441 373 549 437 555

1365 362 1937 425 THEOPIIYLACTI
1972 362 2378 424 BUI.G.\l{l.E
2430 363 2786 428 ARCIIIEP.

3605 358 3714 428 556

442 486 566 549 det;
603 483 723 555 ejus
770 482 914 538 enim
946 495 1040 536 ore
1078 478 1153 534 illi
1207 494 1264 534 se
1316 479 1455 535 tueri
1496 477 1792 543 volebant;
1827 485 1881 530 et
1904 475 1979 529 ait
2014 495 2029 529 ι

2141 478 2440 548 ἀδιαίρετον
2465 479 2577 550 γὰρ
2608 482 2641 549 ἡ
2691 480 2990 550 Ἐκκλησία
3020 479 3133 532 νοεῖ
3156 478 3253 547 τὴν
3280 476 3444 547 ἁγίαν
3479 477 3714 548 Τριοὶδα,

433 579 777 645 ,Βεῑίειονυιη
845 590 941 629 vos
978 573 1261 643 pamiteat,
1309 579 1364 627 et
1411 570 1480 625 ad
1516 571 1802 624 sanitatem
1837 568 2032 635 redite,

445 670 749 738 baptizetur
811 666 1188 735 unusquisque
1234 670 1477 718 vestrum
1524 662 1578 716 in
1636 661 1856 715 nomine
1904 658 2035 717 Jesu

441 761 669 817 Christi.
711 757 829 814 Non
879 767 1084 829 pugnat
1135 765 1316 810 autem
1351 754 1455 809 hoc
1486 768 1611 808 cum
1655 752 1749 808 illo
1786 770 1802 811 :
1855 753 2037 824 Bapti-

443 862 632 909 zantes
653 866 746 908 eos
767 852 820 907 in
838 850 1057 904 nomine
1072 848 1249 903 Patris
1265 855 1316 901 et
1340 845 1460 899 Filii
1485 855 1540 900 ct
1562 843 1805 919 Spiritus
1833 844 2031 900 sancti.

446 944 783 1000 lndividuam
818 944 963 999 enim
997 939 1255 1011 intelligit
1288 937 1538 994 Ecclesia
1571 946 1821 994 sanclant
1847 935 2036 991 Triui-

442 1047 633 1099 tatem,
659 1035 794 1091 adeo
809 1042 888 1095 ut,
911 1040 1133 1103 propter
1154 1031 1455 1085 unitionem
1483 1028 2035 1093 consubstantialem,

443 1135 558 1184 sive
609 1129 872 1183 unitatem
926 1125 1173 1195 ejusdem
1222 1124 1480 1178 essentia:
1514 1130 1680 1192 atque
1729 1128 1945 1174 natura:
1977 1120 2035 1175 in

442 1222 621 1275 tribus
659 1218 1043 1291 hypostasibus
1066 1216 1182 1273 sive
1215 1215 1487 1287 personis,
1524 1213 1698 1284 is,qui
1725 1212 2036 1283 baptizatur

2034 1271 2101 1308 δ

2140 567 2216 631 ὡς
2244 567 2332 622 διὰ
2370 568 2470 638 τὴν
2498 569 2696 622 ἕνωσιν
2728 569 2828 640 τὴν
2856 571 3146 642 ὁμοούσιον
3185 572 3243 623 ὲν
3271 572 3452 640 τρισῖν
3484 570 3719 623 ὑποστά-

2139 676 2282 725 σεσι,
2310 662 2401 714 τὸν
2443 661 2839 732 βαπτιζόμενον
2888 664 2967 725 εἰς
3011 662 3073 715 τὺ
3114 661 3288 731 ὄνομα
3336 661 3431 715 τοῦ
3464 661 3728 731 Χριστοῦ,

2136 753 2217 814 εἰς
2247 752 2456 822 Τριάδα
2512 752 2907 822 βαπτίζεσθαι,
2949 755 3051 807 οὐκ
3095 753 3576 823 ἀπομεριζομένου
3632 753 3731 805 τοῦ

2139 844 2353 917 Πατρὸς
2397 845 2494 898 nat
2541 845 2637 899 τοῦ
2668 846 2801 900 Υίοῦ
2833 848 2930 901 καὶ
2964 845 3058 900 τοῦ
3083 847 3244 915 ἁγίου
3272 846 3629 916 Πνεῦματος.
3662 845 3732 899 Ei

2137 937 2246 1007 γὰρ
2269 936 2345 1008 μὴ
2376 931 2443 1008 ἦν
2464 937 2525 991 τδ
2550 937 2723 1008 ὄνομα
2743 937 2839 991 τοῦ
2866 937 3101 1006 Πατρδς,
3128 937 3262 1000 Oed;
3279 953 3292 966 ·
3326 936 3419 991 καὶ
3447 934 3543 990 τοῦ
3563 936 3726 999 Υίοῦ,

2137 1028 2292 1092 Θεὸς,
2318 1027 2526 1082 καὶτοῦ
2558 1029 2718 1097 ἁγίου
2749 1026 3090 1097 ῐινεύματος,
3119 1027 3279 1093 Θεὸς,
3311 1027 3476 1098 ἐχρῆν
3530 1027 3729 1089 εἰπεῖν,

2136 1119 2231 1183 Εἰς
2274 1120 2335 1173 τὸ
2368 1119 2542 1190 ὗνομα
2572 1119 2667 1173 τοῦ
2700 1118 2837 1173 Θεοῦ
2892 1118 3067 1191 Ἰησοῦ
3122 1119 3362 1191 Χριστοῦ
3383 1136 3397 1149 ’
3428 1120 3463 1191 ἢ
3495 1121 3608 1181 καὶ,
3647 1121 3734 1181 είς

2135 1214 2227 1267 τὸν
2255 1214 2386 1268 Υίὸν
2420 1214 2603 1284 μόνον.
2652 1212 2813 1278 Ἀλλ’,
2835 1214 2916 1278 εἰς
2946 1212 3008 1267 τδ
3034 1213 3208 1282 ὄνομα
3239 1211 3416 1282 Ἰησοῦ
3462 1211 3730 1283 Χριστοῦ,

442 1314 497 1366 in
534 1310 755 1365 nomine
784 1308 1014 1373 Christi,
1033 1308 1088 1362 iu
1116 1306 1445 1361 Trinitatem
1477 1305 1807 1375 baptizetur,
1831 1302 2037 1372 quippe

2141 1306 2328 1376 φησὶν,
2383 1306 2542 1371 εἰδὼς
2599 1308 2681 1361 ὃτι
2738 1311 2801 1360 τὸ
2857 1306 3030 1378 ὄνομα
3066 1306 3263 1376 Ἰησοῦ,
3300 1307 3329 1358 ὁ
3366 1305 3502 1369 Θεός
3540 1307 3690 1358 ἐστιν
3714 1320 3729 1334 ο

442 1418 568 1455 cum
598 1416 708 1454 non
757 1408 1084 1469 separentur
1117 1397 1260 1454 alius
1310 1397 1378 1452 ab
1416 1396 1546 1462 alio,
1579 1409 1683 1450 nec
1720 1393 2037 1449 dividantur

443 1495 587 1547 inter
618 1506 740 1547 sese
770 1489 933 1545 Pater
954 1497 1009 1545 et
1050 1487 1225 1545 Filius
1256 1496 1310 1544 et
1349 1486 1591 1557 Spiritus
1637 1493 1884 1541 sanctus.
1916 1482 2035 1540 Nisi

440 1587 588 1638 enim
646 1599 845 1637 nomen
890 1582 1068 1635 Patris
1109 1588 1252 1637 esset
1305 1578 1490 1633 Deus:
1551 1587 1607 1632 et
1637 1590 1835 1630 nomen
1888 1572 2034 1639 Filii,

446 1677 588 1732 Deus
622 1686 716 1742 ;ct
759 1690 955 1729 nomen
999 1671 1241 1743 Spiritus
1278 1671 1481 1735 sancti,
1524 1668 1714 1735 Deus;
1756 1676 2034 1738 oporteret

2137 1398 2327 1469 ὥσπερ
2364 1400 2459 1453 καὶ
2488 1400 2585 1454 τοῦ
2636 1401 2873 1471 Πατρδς,
2937 1400 3035 1454 καὶ
3087 1397 3182 1453 τοῦ
3241 1398 3579 1468 Πνεύματος.
3615 1396 3730 1452 Καὶ

2136 1492 2373 1564 λήψεσθε
2407 1493 2505 1564 τὴν
2536 1491 2743 1563 δωρεὰν
2765 1492 2860 1546 τοῦ
2888 1492 3044 1561 ἁγίου
3068 1489 3410 1562 Dudum-0;.
3437 1490 3585 1560 Ὅρα
3607 1489 3727 1551 πῶς

2141 1596 2271 1654 μιαν
2295 1584 2509 1656 δωρεὰν
2547 1585 2786 1651 ἀνέδειξε
2816 1587 2912 1640 τοῦ
2943 1584 3181 1658 Χριστοῦ
3209 1585 3305 1638 καὶ
3338 1582 3433 1637 τοῦ
3467 1580 3729 1650 Πνεῦμα-

2136 1687 2250 1735 τος.
2283 1671 2361 1734 ὡς
2389 1672 2522 1742 μιᾶς
2555 1671 2724 1744 οὔσης
2750 1675 2851 1744 τῆς
2883 1675 3038 1741 ἀξίας
3060 1691 3075 1705 ο
3102 1676 3169 1746 ἣν
3194 1669 3349 1728 εἶπεν
3378 1671 3720 1740 ἐπαγγελίαν

444 1772 632 1825 dicere
666 1785 678 1822 :
714 1769 768 1821 in
798 1782 997 1821 nomen
1030 1765 1123 1820 Dei
1158 1763 1291 1819 Jesu
1329 1782 1341 1818 :
1394 1772 1488 1817 aut
1521 1762 1709 1825 etiam,
1744 1760 1799 1814 in
1830 1755 2030 1813 Filium

2141 1764 2253 1819 ἄνω
2301 1765 2713 1835 διαλεγόμενος.
2755 1766 2889 1822 Εἶτα
2950 1768 3047 1822 καὶ
3100 1769 3214 1831 τοῖς
3278 1765 3493 1828 τέκνοις
3547 1764 3729 1835 ὑμῶν.

443 1865 733 1917 duntaxat.
768 1858 988 1924 Verum,
1025 1859 1079 1912 in
1108 1857 1330 1911 nomine
1358 1854 1489 1911 Jesu
1520 1854 1747 1917 Christi,
1789 1852 1885 1917 ait,
1907 1850 2039 1921 quia

444 1970 552 2007 non
591 1954 880 2023 ignorabat
929 1965 1128 2004 nomen
1160 1946 1292 2004 Jcsu
1340 1947 1511 2003 Demn
1575 1963 1720 2011 esse,
1767 1943 2037 2015 quemad-

445 2049 663 2103 modum
692 2043 803 2116 34
827 2044 989 2098 etiam
1025 2040 1206 2096 Patris
1240 2049 1292 2095 et
1321 2038 1559 2108 Spiritus
1600 2037 1779 2091 sancti
1815 2051 2036 2099 nomen,

445 2145 589 2195 Deus
624 2150 725 2194 est;
766 2138 832 2192 Et
866 2132 1279 2203 consequemiui
1312 2133 1516 2188 donum
1558 2129 1735 2186 sancti
1774 2130 2036 2200 Spiritus.

446 2232 603 2299 Vide,
628 2240 687 2285 ut
711 2246 878 2284 unum
910 2243 1032 2284 esse
1060 2229 1263 2281 donum
1294 2225 1549 2280 ostendat
1578 2222 1784 2278 Christi
1813 2231 1869 2277 et
1911 2236 2041 2276 san-

445 2322 520 2376 cti
577 2319 840 2389 Spiritus,
860 2315 1062 2385 quippe
1105 2328 1232 2368 cum
1283 2327 1390 2367 una
1434 2312 1506 2368 sit
1550 2310 1790 2382 dignitas
1826 2329 1839 2365 :
1892 2309 2038 2380 quod

444 2425 614 2480 supra
657 2408 822 2463 verba
867 2407 1099 2469 iaciens,
1131 2404 1363 2459 Edixerat
1394 2406 1753 2475 promissum.
1811 2401 2037 2467 Deinde,

444 2504 613 2557 etiam
648 2499 840 2556 liberis
869 2497 1088 2554 vestris.
1120 2494 1297 2565 Maius
1326 2495 1469 2551 enim
1504 2492 1713 2549 donum
1749 2501 1833 2550 est
1857 2534 1872 2559 ,
1908 2509 2035 2548 cum

2144 1855 2366 1921 Μείξων
2405 1857 2516 1929 γὰρ
2566 1860 2599 1928 ἡ
2640 1858 2842 1930 δωρεὰ,
2879 1859 3007 1913 ὅταν
3032 1858 3126 1913 καὶ
3162 1858 3533 1930 κληρονόμους
3564 1856 3735 1925 ἔχευα.

2144 1945 2253 1998 τῶν
2296 1947 2541 2015 ἀγαθῶν.
2582 1950 2690 2001 Καὶ
2722 1949 2857 2003 πᾶσι
2898 1953 3016 2011 τοῖς
3057 1951 3137 2013 είς
3169 1951 3406 2021 μακρὰν.
3450 1948 3587 2000 Εὶδὲ
3616 1948 3733 2009 τοῖς

2144 2039 2225 2100 εἰς
2251 2040 2489 2110 μακρὰν,
2523 2040 2705 2112 πελλῷ
2733 2042 2936 2110 μᾶλλον
2969 2041 3098 2111 ὑμῖν
3126 2044 3237 2104 τοῖς
3267 2040 3457 2108 ἐγγύς.
3502 2040 3645 2109 Ὅρα
3669 2037 3732 2090 δὲ

2147 2129 2279 2181 πότε
2337 2129 2439 2200 τὴν
2497 2131 2692 2201 κλῆσιν
2725 2132 2834 2184 τῶν
2865 2131 3037 2186 ὲονῶν
3086 2134 3255 2202 αὐτὴν
3309 2134 3352 2163 ⁶¹
3379 2130 3600 2202 ᾐνίξατο
3639 2128 3737 2182 διὰ

2147 2221 2240 2274 τοῦ
2267 2223 2465 2290 εἰπεῖν,
2487 2225 2600 2287 τοῖς
2629 2224 2708 2288 είς
2742 2226 2978 2297 μακράν.
3009 2226 3166 2291 Hbss;
3202 2224 3333 2279 Ὅτε
3350 2218 3511 2295 εὗρεν
3534 2222 3739 2287 αὐτοὺς

2148 2316 2657 2386 κατανενυγμένους
2701 2317 2797 2370 καὶ
2844 2318 3260 2387 κατεγνωκότας
3304 2316 3538 2371 ἑαυτῶν.
3568 2316 3738 2386 Ψυχὴ

2147 2408 2255 2476 γὰρ
2284 2408 2413 2460 ὃταν
2442 2407 2642 2478 ἑαυτὴν
2675 2410 3041 2484 καταδικάσῃ,
3075 2410 3263 2464 οὐκέτι
3320 2410 3537 2479 φθονεῖν
3568 2408 3739 2463 δύνα-

2145 2512 2259 2548 ται.

448 2597 686 2650 habeant
740 2592 904 2647 etiam
968 2589 1214 2644 lncredes
1273 2588 1565 2642 bonorum.
1640 2586 1708 2640 Et
1775 2587 2034 2643 omnibus
2075 2588 2408 2660 longinquis.
2436 2588 2591 2655 Quod
2623 2591 2670 2646 si
2699 2590 3033 2663 longinquis,
3074 2592 3247 2647 multo
3324 2591 3496 2663 magis
3555 2590 3740 2649 vobis.

443 2687 792 2763 pr0pinquis.
842 2683 981 2740 Vide
1024 2693 1235 2748 autem,
1308 2682 1533 2753 quando
1603 2682 1947 2738 vocationem
2022 2684 2267 2754 gentium
2305 2684 2414 2741 illis
2450 2694 2598 2742 recte
2648 2687 2916 2758 signiticet
2957 2703 3054 2759 per
3086 2687 3163 2753 id,
3213 2686 3356 2757 quod
3397 2684 3553 2752 dicit,
3611 2685 3739 2739 Ιοιι-

445 2780 684 2854 ginquis.
739 2776 1018 2843 Quando?
1063 2774 1284 2846 quando
1337 2771 1711 2843 comperiebat
1761 2787 1859 2828 eos
1886 2783 2251 2845 compunctus
2325 2790 2454 2832 esse
2534 2792 2601 2832 ac
2654 2779 2981 2851 Semetipsos
3031 2778 3344 2837 damnasse.
3394 2779 3531 2836 Cum
3582 2782 3737 2836 enim

444 2878 664 2933 animus
709 2875 950 2943 seipsqu
998 2868 1469 2933 condemnaverit,
1512 2882 1621 2921 non
1672 2867 1837 2922 etiam
1893 2884 2042 2925 nunc
2082 2870 2318 2940 amplius
2343 2872 2587 2927 invidere
2610 2882 2809 2943 potest.

523 2969 691 3025 Vsus.
715 2968 805 3021 41.
853 2965 1021 3034 Atque
1051 2962 1132 3015 illi
1159 2960 1301 3015 haud
1320 2970 1655 3027 cunctanter,
1677 2963 1903 3029 probata
1933 2961 2038 3030 ejui

2222 2967 2290 3017 Ol
2314 2966 2433 3034 μὲν
2450 2961 2564 3021 οὖν
2586 2966 2865 3036 ἀσμένως
2891 2966 3331 3038 ὑποδεξάμενοι
3353 2970 3404 3001 ⁸⁸
3425 2968 3739 3041 τὸνλόγον

447 3064 710 3125 oratione,
743 3059 1002 3127 baptizati
1041 3063 1187 3116 sunt,
1220 3061 1269 3107 et
1296 3050 1569 3120 adjunctte
1598 3061 1720 3106 sunt
1752 3053 1808 3107 in
1831 3052 1917 3107 die
1949 3053 2038 3106 illa

2145 3058 2338 3112 αὑτοῦ
2424 3058 2918 3127 ἐϐαπτίσθησαν,
2978 3060 3077 3114 καὶ
3148 3060 3607 3130 προσετέθησαν
3656 3061 3737 3131 τῇ

449 3157 644 3211 anima:
675 3153 886 3204 circiter
940 3159 1018 3202 ter
1050 3146 1211 3200 mille.

526 3250 691 3305 Vsus.
730 3246 819 3301 42.
882 3243 1154 3299 Vacabant
1196 3251 1374 3297 autent
1415 3252 1462 3296 et
1506 3239 1778 3295 assiduam
1833 3253 2045 3301 operam

2144 3147 2336 3218 ἡμέρᾳ
2357 3148 2404 3180 ⁸³⁵
2439 3150 2647 3220 ἐκείνῃ
2680 3150 2874 3220 ψυχαὶ
2898 3151 3042 3206 ὡσεὶ
3077 3154 3428 3222 τρισχίλιαι.

2219 3232 2423 3291 Ἷισαν
2472 3237 2540 3291 δὲ
2578 3240 3178 3310 προσκαρτεροῦντες
3234 3239 3310 3309 τῇ
3366 3240 3583 3313 διδαχῇ
3613 3242 3738 3299 τῶν

449 3345 648 3401 dabant
685 3337 1330 3405 doctrinw'apostolorum
1360 3333 1402 3403 1,
1427 3332 1804 3395 communioni,
1830 3330 2038 3399 fractio-

2144 3330 2527 3396 ἀποστόλων,
2569 3332 2669 3385 καὶ
2701 3329 2776 3400 τῇ
2815 3332 3122 3400 κοινωνίᾳ,
3151 3333 3254 3387 καί
3274 3331 3350 3402 τῇ
3378 3336 3593 3389 κλάσει
3622 3335 3737 3391 τοῦ

451 3433 506 3485 ni
530 3430 684 3498 panis
722 3444 785 3479 ac
814 3423 1227 3495 precationibus.

527 3519 693 3576 Vsus.
725 3518 814 3573 43.
846 3517 1015 3587 Atque
1057 3516 1293 3569 omnium
1323 3514 1593 3569 hominum
1642 3515 1848 3567 animos
1881 3512 2042 3566 timor

442 3613 647 3666 invasit
675 3625 693 3663 :
723 3610 995 3679 multaque
1045 3606 1290 3677 piadigia
1344 3614 1393 3660 et
1444 3606 1601 3675 signa
1639 3619 1731 3673 per
1771 3602 2041 3672 apostolos

455 3704 773 3759 edebantur.

525 3796 692 3850 Vsus.
722 3795 811 3849 44.
878 3792 1071 3848 Omnes
1103 3800 1278 3845 autem
1306 3790 1397 3861 qui
1426 3786 1705 3844 credebant
1731 3802 1839 3841 una
1866 3794 2039 3851 erant,

444 3890 730 3958 omniaque
759 3887 1060 3939 communia
1098 3881 1385 3936 habebant.

526 3979 695 4034 Vsus.
728 3977 904 4033 45.131
944 3976 1150 4047 prazdia
1175 3974 1564 4044 facultatesque
1587 3989 1715 4027 suas
1749 3971 2040 4027 vendebant

452 4091 516 4129 ac
566 4071 956 4127 distribuebant
998 4068 1241 4123 omnibus
1298 4083 1387 4143 ea,
1444 4075 1600 4135 prout
1670 4067 1857 4136 cuique
1912 4081 2040 4134 opus

448 4177 589 4222 erat.

530 4257 695 4311 Vsus.
728 4255 817 4310 46.
852 4254 928 4307 Ac
957 4251 1192 4323 quotidie
1216 4250 1431 4305 assidue
1456 4250 1509 4304 in
1539 4249 1732 4319 templo
1766 4258 1805 4281 ¹¹¹
1848 4254 2071 4328 ιιιιαηίοο

454 4355 612 4407 utier
640 4358 925 4413 versantes,
958 4358 985 4384 η
1007 4363 1069 4400 ac
1087 4347 1140 4399 in
1170 4348 1281 4400 cede
1310 4361 1497 4415 panem
1523 4345 1847 4416 frangentes,
1869 4362 2043 4398 sume-

450 4451 577 4499 bant
602 4447 799 4506 cibum,
826 4457 941 4494 cum
970 4440 1323 4493 exsultatione
1348 4446 1397 4492 et
1431 4439 1597 4495 animi
1621 4438 1924 4507 integritate
1953 4446 2042 4489 at-

452 4555 550 4610 que
584 4540 813 4591 candore
835 4534 1115 4587 laudantes
1151 4532 1339 4596 Deum,

535 4632 700 4686 Vens.
755 4630 844 4682 47.
890 4627 961 4679 Et
998 4628 1142 4693 apud
1186 4641 1393 4679 omnem
1441 4626 1641 4694 plebem
1700 4625 1881 4694 gratia
1927 4626 2040 4692 pol-

2144 3421 2352 3488 ἄρτου,
2380 3420 2482 3473 καί
2516 3420 2647 3486 ταῖς
2673 3423 3065 3491 προσευχαῖς.

2229 3512 2494 3582 Ἐγένετο
2522 3512 2592 3565 δὲ
2623 3513 2795 3583 πάσῃ
2828 3514 3003 3583 ψυχῇ
3029 3514 3216 3585 φόϐος
3235 3532 3252 3549 ο
3288 3515 3494 3570 πολλά
3530 3533 3595 3571 τε
3638 3516 3737 3570 τέ-

2134 3621 2293 3673 ρατα
2325 3606 2422 3661 καί
2455 3606 2675 3677 σημεῖα
2707 3606 2807 3661 διὰ
2834 3605 2956 3661 τῶν
2987 3608 3352 3663 ἀποστόλων
3377 3610 3606 3680 ἐγίνετο
3624 3609 3694 3662 ⁸⁸.

2217 3791 2453 3858 Πάντες
2490 3792 2558 3846 δὲ
2586 3794 2643 3846 ot
2681 3792 3076 3858 πιστεύοντες
3121 3788 3284 3863 ἦσαν
3311 3792 3410 3846 ἐπὶ
3442 3793 3509 3845 τὸ
3546 3791 3736 3858 ain},

2143 3885 2245 3943 καί
2272 3883 2441 3956 εἶχον
2471 3886 2711 3942 ἅπαντα
2738 3886 2932 3942 κοινά.

2216 3978 2326 4035 Καὶ
2354 3982 2427 4035 τὰ
2455 3978 2727 4049 κτήματα
2752 3978 2852 4033 καὶ
2873 3979 2977 4045 τὰς
3000 3976 3295 4048 ὑπάρξεις
3316 3978 3735 4049 ἐπίπρασκον,

2143 4071 2242 4126 καί
2271 4071 2593 4142 διεμέριζον
2619 4074 2775 4127 αὐτὰ
2800 4069 2973 4137 πᾶσι,
3002 4073 3131 4127 καθ’
3158 4071 3194 4125 ὅ
3218 4088 3275 4126 τι
3303 4069 3382 4126 ἄν
3407 4089 3498 4138 τις
3520 4073 3735 4142 χρείαν

2142 4163 2288 4235 εἶχε.

2214 4258 2356 4312 Καθ’
2380 4257 2611 4327 ἡμέραν
2640 4274 2703 4311 τε
2734 4258 3327 4328 προσκαρτεροῦντες
3351 4256 3735 4328 ὁμοθυμαδὸν

2141 4351 2213 4404 ἐν
2250 4351 2331 4415 τῷ
2355 4350 2511 4419 ιερῷ,
2547 4350 2809 4416 κλῶντές
2853 4368 2918 4405 τε
2968 4353 3097 4407 κατ’
3126 4349 3299 4408 οἷκον
3362 4355 3567 4421 ἄρτον,
3590 4368 3734 4421 μετ-

2143 4441 2485 4509 ελάμϐανον
2510 4439 2759 4510 τροφῆς,
2784 4442 2855 4495 ἐν
2875 4441 3235 4512 ἀγαλλιάσει
3273 4444 3370 4498 καί
3405 4443 3732 4512 ἀφελότητι

2144 4534 2417 4601 καρδίας,

2216 4626 2538 4693 Αίνοῦντες
2565 4627 2677 4681 τὸν
2705 4628 2874 4693 Θεὸν,
2913 4629 3013 4682 καὶ
3060 4628 3309 4699 ἔχοντες
3363 4632 3540 4702 χάριν
3581 4634 3735 4703 πρὸς

458 4726 640 4778 lentes.
692 4722 947 4774 Dominus
978 4729 1152 4771 autem
1179 4717 1416 4786 quotidie
1446 4715 1696 4770 Ecclesiae
1730 4717 1821 4784 qui
1859 4731 2036 4770 serva-

2147 4720 2295 4772 ὅλον
2325 4721 2434 4773 τὸν
2460 4719 2644 4773 λαόν·
2673 4722 2705 4774 ό
2728 4719 2798 4773 δὲ
2831 4722 3045 4790 Κύριος
3072 4723 3412 4790 προσετίθει
3443 4725 3585 4792 τοὺς
3611 4742 3734 4781 σω-

457 4825 659 4875 rentur,
690 4811 995 4879 adjiciebat.

530 4906 629 4960 ilic
661 4904 916 4972 impletur
952 4903 1258 4973 prophetia,
1289 4915 1413 4969 quae
1441 4900 1574 4954 dicit
1606 4918 1621 4954 :
1668 4898 1804 4966 Quis
1833 4902 2044 4957 audivit

458 4998 610 5052 tale?
638 4996 831 5065 ecquis
868 4994 1004 5049 vidit
1043 4995 1151 5049 tale
1182 4996 1261 5048 sic
1292 4993 1315 5045 ?
1362 5008 1431 5045 an
1462 4993 1753 5061 parturivit
1804 5000 1950 5048 terra
1988 4996 2041 5047 in

459 5110 569 5146 uno
597 5092 685 5144 die
713 5091 735 5141 ’ί
772 5104 839 5141 an
871 5090 1035 5143 etiam
1071 5097 1199 5141 nata
1228 5095 1311 5141 est
1338 5101 1470 5157 gens
1510 5087 1675 5140 semel
1699 5086 1723 5138 ?
1744 5085 1872 5155 quia
1917 5102 2042 5155 par-

2146 4813 2430 4883 (opérovc
2450 4814 2581 4867 καθ’
2610 4814 2839 4883 ἡμέραν
2870 4813 2944 4883 τῇ
2983 4816 3341 4885 Ἐκκλησία.

2228 4902 2495 4958 Ἐνταῦθα
2551 4902 2855 4975 πληροῦται
2909 4906 2943 4973 ἡ
2994 4905 3303 4975 προφητεία
3337 4945 3352 4970 ,
3383 4906 3417 4975 ἡ
3460 4904 3731 4975 λέγουσα·

2143 4997 2239 5060 Τίς
2271 4998 2472 5068 ἤκουσε
2528 4995 2806 5063 τοιοῦτον,
2846 4999 2940 5050 καὶ
2975 4985 3061 5059 τίς
3107 4996 3320 5068 ἑώρακε
3364 4999 3606 5053 τοιοῦτον
3637 4999 3735 5054 οῦ-

2144 5107 2279 5158 τως;
2309 5090 2373 5143 Εί
2402 5087 2558 5142 ὢδινε
2586 5087 2659 5157 γῆ
2688 5090 2746 5140 ὲν
2780 5090 2879 5158 μιᾷ
2904 5088 3088 5159 ἡμέρᾳ
3112 5104 3126 5154 ;
3152 5088 3211 5141 Et
3239 5088 3333 5142 καὶ
3353 5089 3547 5161 ἐτέχθη
3582 5091 3735 5156 ἔθνς

458 5186 650 5239 ιιιιὶγιι
678 5198 729 5237 et
774 5183 981 5250 peperit
1016 5178 1149 5233 Sion
1197 5193 1396 5247 parvos
1426 5177 1629 5233 liberos
1668 5193 1820 5233 suos.
1862 5180 2038 5247 Atque

2148 5184 2229 5244 είς
2260 5182 2443 5248 ἆπαξ;
2480 5181 2604 5232 Ὅτι
2636 5178 2793 5235 (obuia
2825 5183 2917 5233 καὶ
2961 5179 3115 5234 ἔτεκε
3149 5180 3287 5236 Σιὼν
3313 5185 3383 5237 τὰ
3414 5185 3603 5237 παιδία
3630 5186 3732 5238 αὑ-

455 5268 701 5332 omnimu
742 5275 1023 5329 hominum
1059 5272 1273 5327 animos
1304 5273 1465 5326 timor
1496 5272 1715 5325 invasit.
1751 5270 1870 5326 Non
1895 5288 2042 5326 enim

2156 5277 2273 5346 τῆς.
2312 5275 2561 5341 Ἐγένετο
2584 5271 2640 5325 δὲ
2672 5272 2820 5343 πάσῃ
2860 5271 3006 5344 ψυχῇ
3050 5272 3236 5341 φὸδος.
3277 5276 3353 5327 Οὐ
3384 5276 3494 5346 γὰρ
3531 5276 3607 5339 ὡς
3636 5294 3732 5329 τυ-

1660 5434 1859 5497 Varia:
1890 5436 2199 5499 lectiones
2220 5443 2281 5496 et
2319 5442 2508 5497 notae.

533 5568 577 5597 "
596 5583 689 5634 pro
731 5569 899 5637 αὐτὴν
926 5568 1036 5637 lego
1072 5567 1275 5628 αὐτοῖς.

464 5639 692 5705 vulgatis
731 5648 829 5701 cst,
854 5642 1092 5706 εγενετο.

1387 5566 1432 5598 ⁸³
1464 5564 1529 5619 In
1551 5566 1777 5637 vulgatis
1801 5581 1901 5632 est,
1930 5566 2344 5636 ἀποδεξάμενοι.

2448 5564 2493 5595 °"
2521 5562 2590 5618 In
2648 5566 2876 5635 vulgatis
2944 5566 3132 5630 est,év
3186 5569 3252 5637 τῇ
3286 5568 3490 5640 ἡμέρᾳ.
3568 5573 3617 5603 ⁸⁸
3658 5570 3724 5625 In

547 5747 567 5827 ί,
598 5747 673 5827 γ.Δ
711 5748 877 5800 Erunt
922 5762 1097 5827 autem
1141 5759 1529 5827 perseverantes
1560 5749 1611 5800 in
1639 5749 1883 5827 doctrina
1937 5750 2322 5815 at‘oslaloruitt.
2402 5759 2440 5780 ’³
2484 5748 2549 5808 ν,
2629 5749 2989 5807 Perdurautes
3052 5755 3380 5810 unanimiter
3423 5758 3476 5809 in
3511 5761 3730 5827 templo.

462 5827 493 5853 n
521 5817 635 5870 AUC
660 5824 769 5869 bLCt‘

810 5837 993 5886 sequor
1046 5822 1527 5891 interpretationem
1564 5836 1678 5886 qmc
1714 5820 1993 5885 subjictur
2033 5824 2275 5888 pri-xime
2323 5822 2543 5876 scholia.
