4070 6406
393 371 505 440 557
1155 376 1558 438 EXPOSITIO
1589 375 1669 436 IN
1698 372 1883 434 ACTA
1913 373 2482 436 APGSTOLORUM.
2521 397 2584 408 ·-
2620 374 2778 436 CAP.
2825 375 2940 436 III.
3547 380 3652 444 5E8

388 485 598 556 χόντων
651 481 1046 554 κατεφρόνουν.
1092 482 1311 555 Ἐπειδὴ
1341 485 1448 555 γάρ
1475 485 1676 538 ἄνωθεν
1705 480 1773 556 ἦν
1811 485 1971 548 πολὺς

2084 493 2340 555 tanquam
2368 487 2502 542 viles
2525 485 2918 556 despiciebant.
2945 485 3217 554 Quoniam
3241 489 3388 544 enim
3422 505 3657 560 superne

394 579 538 647 ῥέων
574 579 602 630 ὁ
633 577 859 648 Πέτρος,
891 578 984 631 καὶ
1009 577 1222 632 ἐδείκνυ
1253 582 1350 643 τὰς
1378 580 1713 648 ἐπαγγελίας
1763 582 1858 634 καὶ
1907 579 1971 631 τά

2082 591 2276 645 magna
2309 577 2488 648 gratia
2518 577 2714 634 Petrus
2739 579 3072 647 abundabat,
3107 589 3160 635 et
3184 582 3503 636 ostendebat
3531 598 3660 652 pro-

405 671 668 741 μέλλοντα
688 710 703 733 ,
757 671 984 735 είκότως
1031 673 1327 742 ἐξέστησαν
1365 673 1444 742 τῷ
1468 673 1618 744 φόϐῳ
1636 690 1649 703 ο
1677 670 1971 742 ἐμαρτύρει

2079 666 2372 722 missiones
2397 675 2450 722 et
2481 684 2570 724 res
2593 668 2808 723 futuras
2828 711 2844 735 ,
2879 669 3021 724 haud
3053 671 3325 725 immerito
3355 683 3500 727 metu
3530 688 3658 742 per-

390 764 500 831 γάρ
543 767 655 826 τοῖς
701 762 1021 832 λεγομένοις
1074 765 1168 817 καὶ
1212 765 1280 818 τά
1310 765 1608 832 τελούμενα
1646 765 1847 835 τέρατα
1883 764 1971 814 καὶ

2077 757 2216 812 culsi
2251 766 2401 812 sunt.
2433 757 2580 827 _Natn
2613 768 2666 814 et
2709 775 2864 830 signa
2893 769 3059 830 atque
3087 762 3358 832 prodigia,
3391 778 3512 830 qua:
3530 764 3658 818 ede-

396 855 624 924 σημεῖα.
673 853 944 926 Καθάπερ
993 855 1101 923 γὰρ
1137 857 1230 908 ἐπὶ
1275 856 1369 908 τοῦ
1403 855 1665 926 Χριστοῦ,
1711 855 1971 924 πρότερον

2079 850 2298 915 bantur,
2333 849 2477 905 dicta
2512 851 2964 921 comprobabant.
2997 851 3469 918 Quemadmodum
3509 855 3654 908 enim

410 947 636 1014 σημεῖα,
671 939 789 998 εἶτα
828 945 1170 1011 διδασκαλία,
1206 944 1326 1000 εἶτα
1383 946 1637 1012 θαύματα
1661 963 1676 978 ·
1707 945 1848 999 οὕτω
1880 945 1974 998 καὶ

392 1038 511 1087 νῦν.
549 1036 753 1098 Πάντες
781 1035 838 1089 δὲ
867 1037 916 1087 οἱ
946 1036 1293 1100 πιστεύοντες
1333 1033 1474 1108 ἦσαν
1501 1039 1592 1089 ἐπὶ
1625 1037 1683 1089 τὸ
1713 1037 1844 1091 αὑτό
1867 1056 1881 1068 ·
1909 1038 1972 1090 οὐ

389 1128 566 1196 τόπῳ,
612 1126 745 1179 ἀλλὰ
780 1126 1016 1180 διαθέσει
1047 1125 1140 1180 καὶ
1171 1129 1387 1200 γνώμῃ,
1418 1129 1509 1180 καὶ
1540 1130 1605 1198 τῇ
1636 1126 1772 1198 πρὸς
1805 1126 1970 1197 ἀλλή-

388 1217 518 1280 λους
566 1218 877 1286 ἁδιαστάτῳ
911 1218 1136 1285 ὁμονοία
1171 1220 1268 1271 καὶ
1325 1222 1552 1290 στοργῇ,
1581 1219 1654 1271 Τδ
1675 1219 1755 1281 δὲ.
1790 1219 1915 1273 καθ’
1943 1221 1972 1273 ὃ

388 1307 454 1358 ἄν
475 1323 560 1369 τις
575 1308 764 1377 χρείαν
783 1306 928 1376 εἶχεν
952 1348 966 1371 ,
991 1307 1088 1376 οὐχ
1113 1307 1296 1370 ἁπλῶς
1319 1324 1485 1375 φησιν
1504 1349 1518 1371 ,
1547 1308 1664 1360 ἀλλ’
1691 1310 1936 1379 οἱκονομι
1952 1340 1967 1351 ο

387 1397 535 1460 κῶς·
587 1398 746 1450 τοῦτο
790 1399 920 1467 γὰρ,
955 1398 1078 1451 καθ’
1135 1397 1162 1450 ὃ
1205 1398 1270 1452 ἄν
1299 1415 1384 1462 τις
1432 1399 1620 1469 χρείας
1674 1396 1837 1470 εἶχεν.
1893 1401 1967 1454 Οὐ

389 1488 643 1561 καθάπερ
663 1489 718 1541 δὲ
753 1491 800 1541 οἱ
842 1489 972 1560 παρ’
1004 1489 1230 1560 Ἕλλησι
1283 1491 1472 1558 σοφοι’
1505 1491 1555 1544 οἱ
1607 1491 1706 1561 μὲν
1759 1493 1968 1563 ἀνῆκαν

385 1585 486 1654 τὴν
530 1584 656 1653 γῆν,
690 1585 740 1636 οἱ
787 1585 842 1637 ίὲ
883 1587 962 1647 εἰς
996 1585 1272 1639 θάλασσαν
1302 1587 1541 1656 ἔρριψαν
1566 1589 1698 1642 πολὺ
1723 1589 1965 1660 χρυσίον.

390 1672 560 1727 Τοῦτο
602 1675 659 1726 δὲ
696 1669 764 1746 ἦν
802 1676 901 1744 οὐχ
940 1675 1210 1744 ὑπεροψία
1241 1681 1557 1746 χρημάτων,
1616 1679 1751 1732 ἀλλὰ
1787 1678 1966 1748 μωρία

2078 951 2321 1009 tempore
2369 939 2596 1008 Christi,
2650 942 2804 1012 prius
2845 941 3000 1013 signa
3052 942 3381 1006 edebantur,
3459 944 3657 999 deinde

2074 1032 2349 1098 doctrina,
2380 1044 2568 1104 postea
2599 1035 2862 1089 miracula
2880 1045 3177 1090 consecuta
3197 1045 3358 1100 sunt;
3388 1037 3461 1090 ita
3491 1038 3654 1091 etiam

2075 1139 2244 1178 nunc.
2287 1123 2490 1180 Omnes
2535 1133 2739 1190 autem,
2781 1126 2874 1194 qui
2926 1127 3244 1192 credebant,
3288 1143 3397 1181 una
3444 1137 3654 1183 erant:

2076 1231 2182 1268 non
2229 1217 2348 1270 loco
2381 1253 2396 1278 ,
2431 1217 2524 1271 sed
2559 1217 2757 1272 aﬂ'ectu
2799 1229 2853 1272 et
2881 1219 3066 1273 animo
3108 1221 3476 1289 continuaque
3511 1221 3655 1274 inter

2075 1308 2224 1375 ipsos
2251 1307 2546 1361 concordia
2573 1317 2740 1378 atque
2767 1323 2953 1362 amore
2981 1323 3046 1362 ac
3074 1309 3475 1363 benevolentia.
3506 1308 3647 1363 Illud

2074 1409 2278 1464 autem,
2333 1411 2496 1471 prout
2544 1403 2744 1471 cuique
2794 1415 2933 1471 opus
2957 1410 3116 1466 erat,
3167 1418 3274 1456 non
3327 1403 3655 1473 simpliciter

2071 1492 2224 1556 dicit,
2257 1492 2351 1547 sed
2384 1492 2627 1547 adhibita
2665 1493 2878 1546 ratione
2903 1493 3322 1548 administrandi
3349 1509 3411 1548 ac
3429 1495 3653 1564 dispen-

2073 1585 2228 1638 sandi
2261 1603 2274 1638 :
2317 1585 2420 1639 hoc
2451 1585 2598 1640 enim
2633 1595 2738 1654 est,
2770 1598 2931 1656 prout
2960 1588 3193 1657 quisque
3218 1604 3357 1657 opus
3380 1588 3650 1642 habebat:

2069 1677 2176 1748 35
2205 1692 2312 1732 non
2357 1688 2539 1734 autem
2580 1681 3041 1750 quemadmodum
3106 1681 3382 1750 sapientes
3435 1680 3655 1736 Graeco-

391 1764 486 1814 καὶ
514 1761 694 1816 ἄνοια.
752 1761 1092 1814 Ἑσποῦδασε
1121 1762 1231 1832 γὰρ
1265 1762 1293 1814 ὁ
1324 1762 1569 1826 διάϐολος
1603 1763 1696 1817 τοῦ
1735 1763 1869 1817 Θεοῦ
1897 1763 1965 1816 τὰ

2073 1787 2217 1829 rum.
2237 1772 2327 1826 alii
2347 1772 2566 1842 quidem
2598 1783 2796 1828 terram
2823 1774 3157 1843 reliquerunt
3189 1785 3242 1829 et
3289 1789 3448 1845 agros
3475 1775 3656 1829 colere

392 1853 667 1923 κτίσματα
698 1852 1030 1915 διαϐάλλειν,
1081 1853 1140 1904 οὐ
1195 1853 1354 1907 κενὸν
1379 1857 1424 1887 ⁸⁸
1451 1857 1631 1920 καλῶς
1657 1857 1968 1928 χρήσασθαι

2073 1861 2447 1930 destiterunt,
2501 1863 2591 1916 alii
2621 1878 2751 1918 vero
2792 1879 3043 1934 magnam
3095 1865 3201 1920 vim
3245 1865 3365 1919 auri
3416 1866 3470 1920 in
3503 1881 3656 1923 mare

394 1948 659 2015 χρήμασι·
707 1947 844 2000 Καθ’
883 1950 1098 2019 ἡμέραν
1145 1969 1206 2004 τε
1260 1949 1839 2021 προσκαρτεροῦντες
1905 1951 1967 2002 οὐ

393 2038 524 2106 μίαν
558 2039 792 2108 ἡμέραν,
826 2039 859 2108 ἢ
891 2039 1060 2110 δύο,ἢ
1093 2044 1240 2111 τρεῖς
1261 2081 1275 2104 ,
1307 2042 1440 2094 ἀλλὰ
1467 2041 1851 2112 καθ’ήμέραν·
1875 2041 1969 2092 καὶ

391 2129 758 2199 ὁμοθυμαδὸν,
823 2131 899 2194 ὼς
942 2133 999 2185 ὲν
1021 2137 1122 2204 μιᾷ
1151 2136 1324 2205 ψυχῇ.
1356 2134 1557 2187 Σκόπει
1584 2134 1638 2186 δὲ
1667 2134 1784 2196 πῶς
1816 2134 1969 2186 οὐδὲν

389 2223 576 2290 ἕτερον
607 2222 824 2276 ἐποίουν
862 2225 911 2276 οἱ
951 2223 1200 2279 Ἰουδαῖοι
1232 2228 1282 2279 οἱ
1322 2226 1696 2291 πιστεύοντες,
1727 2226 1863 2279 ἀλλὰ
1891 2226 1969 2295 τῷ

393 2311 526 2381 ἱερῴ
578 2312 953 2383 προσήδρευον
985 2329 998 2341 ·
1039 2314 1134 2367 an
1177 2314 1240 2386 δὴ
1277 2312 1686 2386 σπουδαιότεροι
1741 2333 1968 2385 γεγενη-

394 2403 546 2470 μένοι
568 2444 581 2461 ,
627 2404 722 2455 καὶ
757 2403 887 2474 περὶ
919 2403 1013 2457 τὸν
1041 2405 1204 2457 τόπον
1234 2405 1525 2460 εὐλάϐειαν
1556 2406 1774 2460 πλείονα
1801 2403 1966 2478 εἶχον.

393 2496 502 2548 Καὶ
537 2494 588 2546 οἱ
620 2495 911 2548 ἀπόστολοι
938 2495 1038 2549 οὐκ
1076 2497 1339 2550 ἀπέσπων
1361 2498 1404 2530 ⁸⁷
1435 2499 1631 2559 αὐτοὺς
1659 2498 1795 2560 τέως
1824 2501 1966 2551 ἐκεῖ·

392 2585 491 2639 θεν
525 2586 666 2640 ὥστε
707 2589 780 2658 μὴ
824 2589 1048 2659 βλάψαι.
1107 2593 1360 2655 Κλωντες
1407 2592 1529 2645 κατ’
1578 2588 1725 2646 οἷκον
1769 2592 1967 2663 ἄρτον·

389 2675 541 2733 οἷκον
573 2683 636 2733 τὸ
673 2681 818 2751 ἱερὸν
857 2684 954 2736 καὶ
985 2683 1078 2736 νῦν
1107 2684 1278 2753 λέγει.
1327 2686 1415 2737 Ἐν
1445 2685 1597 2755 αὐτῷ
1628 2687 1734 2755 γὰρ
1763 2685 1967 2756 ῆσθιον.

388 2771 464 2823 Τὸ
490 2770 570 2835 δὲ,
601 2770 839 2834 κλῶντες
863 2773 1050 2843 ἄρτον,
1081 2773 1180 2843 τὴν
1209 2773 1412 2843 πολλὴν
1434 2773 1618 2827 αὐτῶν
1642 2775 1970 2844 ἐγκράτειαν

389 2865 482 2915 καὶ
516 2863 773 2931 λιτότητα
804 2863 958 2934 δηλοῖ
989 2864 1088 2934 τῆς
1121 2866 1352 2936 τροφῆς.
1383 2865 1815 2931 Μετελάμϐανον
1838 2865 1968 2936 γὰρ,

389 2956 546 3024 φησὶ,
577 2955 804 3025 τροφῆς,
836 2956 952 3010 ἀλλ’
976 2958 1078 3010 οὐκ
1122 2957 1392 3028 ἐτρύφων.
1428 2957 1586 3010 Οὓτω
1612 2959 1706 3012 καὶ
1732 2957 1824 3010 τὸν
1856 2957 1970 3027 βίον

385 3047 498 3098 ἀπὸ
536 3046 634 3114 τῆς
675 3047 914 3111 πίστεως
940 3048 1036 3100 ἐπὶ
1059 3047 1118 3100 τὸ
1141 3049 1392 3117 κρεῖττον
1418 3047 1880 3118 μετερυθμιζοντο
1899 3046 1966 3100 ⁸⁸.

387 3139 513 3202 Πῶς
545 3139 602 3191 δὲ
633 3134 780 3209 εἶχον
815 3139 975 3210 χάριν
1006 3141 1140 3210 πρὸς
1171 3142 1292 3194 ὅλον
1329 3140 1420 3230 τὸν
1445 3140 1608 3230 λαόνς
1643 3139 1962 3230 Λέγει
1992 3171 2035 3230 C

2073 1955 2446 2025 proiecerunt.
2484 1954 2597 2010 lloc
2632 1971 2762 2016 vero
2793 1971 2902 2009 non
2945 1966 3064 2010 erat
3095 1967 3444 2028 contemptus
3484 1972 3652 2028 per»

2073 2047 2314 2112 niarum,
2348 2048 2443 2101 sed
2516 2048 2750 2102 stultitia
2798 2057 2962 2116 atque
3007 2049 3260 2102 amentia.
3297 2051 3536 2106 Conatus
3566 2062 3652 2109 est

2071 2133 2217 2189 enim
2249 2133 2502 2190 diabolus
2531 2143 2814 2189 creaturas
2846 2133 2939 2189 Dei
2972 2136 3298 2191 calumniari
3344 2146 3399 2192 et
3444 2139 3649 2194 invisas

2072 2225 2320 2281 reddere.
2345 2224 2462 2281 Non
2502 2227 2648 2280 enim
2682 2235 2769 2280 est
2813 2241 2901 2282 res
2929 2242 3066 2282 vana
3094 2229 3230 2284 bene
3260 2231 3508 2297 pecuniis
3545 2234 3645 2285 uti.

2072 2315 2150 2368 Ac
2174 2314 2420 2384 quotidie
2441 2313 2663 2369 assidue
2689 2323 2992 2380 versantes,
3015 2330 3126 2369 non
3150 2331 3318 2370 unum
3353 2316 3519 2382 diem,
3554 2328 3648 2370 aut

2072 2407 2231 2470 duos,
2257 2415 2350 2460 aut
2391 2413 2523 2470 tres,
2561 2405 2657 2460 sed
2685 2405 2950 2476 quotidie,
2989 2415 3042 2462 et
3100 2407 3455 2474 unanimiter,
3488 2411 3646 2478 quasi

2074 2513 2181 2553 uno
2205 2499 2410 2553 animo.
2444 2497 2744 2553 Considera
2776 2508 2983 2563 autem,
3031 2507 3091 2552 ut
3121 2500 3256 2554 nihil
3294 2499 3440 2554 aliud
3471 2499 3650 2555 iacie—

2071 2591 2202 2646 bant
2234 2589 2426 2654 Judaei,
2475 2589 2601 2659 quia
2637 2588 2955 2650 credebant,
2985 2588 3090 2645 nisi
3116 2597 3174 2642 ut
3224 2591 3432 2645 assidui
3468 2605 3649 2644 versa-

2071 2688 2265 2736 rentur
2296 2682 2346 2734 in
2381 2680 2604 2749 templo,
2637 2687 2696 2732 ut
2720 2679 2814 2748 qui
2843 2680 3102 2734 nimirum
3138 2681 3500 2736 studiosiores
3527 2696 3649 2735 eva-

2071 2771 2294 2833 sissent,
2354 2769 2520 2823 etiam
2571 2784 2700 2838 erga
2758 2769 2938 2821 locum
2964 2768 3120 2823 illum
3159 2769 3353 2839 majori
3382 2771 3650 2840 religione

2073 2861 2419 2916 tenebantur.
2451 2860 2631 2929 Atque
2659 2858 2896 2929 apostoli
2919 2857 3053 2913 villos
3083 2858 3137 2914 in
3169 2859 3325 2916 initio
3357 2860 3508 2915 illinc
3536 2874 3646 2913 non

2070 2953 2375 3009 avellebant
2423 2957 2480 3005 et
2515 2949 2838 3013 avocabant,
2886 2964 2953 3004 ne
3000 2951 3107 3005 illis
3155 2961 3417 3006 nocerent
3471 2962 3526 3006 et
3563 2952 3649 3006 in-

2070 3045 2497 3101 commodarent.
2553 3040 2614 3095 In
2654 3041 2768 3095 aede
2821 3053 3017 3109 panem
3059 3041 3394 3111 frangentes.
3449 3041 3644 3096 Aidem

2073 3139 2332 3210 templum
2364 3151 2509 3190 nunc
2535 3148 2753 3204 quoque
2798 3132 2951 3186 dicit.
2990 3132 3050 3185 In
3088 3131 3181 3186 illo
3209 3133 3354 3187 enim
3394 3131 3649 3187 comede—

387 3229 500 3282 Καὶ
528 3230 743 3298 ἔχοντες
772 3233 932 3300 χάριν
966 3231 1099 3302 πρὸς
1121 3229 1241 3284 ὅλον
1266 3230 1356 3283 τὸν
1397 3229 1549 3284 λαόν.
1603 3230 1760 3295 Πῶς;
1788 3229 1864 3281 Δι’
1894 3223 1968 3282 ὧν

2073 3241 2219 3294 bant.
2269 3229 2404 3283 Illud
2459 3237 2666 3290 autem,
2741 3223 2942 3279 Panem
2998 3224 3328 3294 frangentes,
3396 3239 3647 3294 magnam

386 3321 657 3392 ἔπραττον
679 3339 694 3352 ο
749 3323 848 3374 Διὰ
905 3323 1005 3388 τῆς
1047 3322 1416 3393 ἐλεημοσύνης
1441 3337 1454 3352 °
1489 3322 1579 3376 διὰ
1602 3321 1700 3392 τῆς
1725 3323 1971 3392 καθαρᾶς

2073 3329 2284 3383 illorum
2307 3318 2719 3390 temperantiam
2739 3317 3012 3387 signiﬁcat
3037 3327 3090 3371 et
3111 3319 3286 3372 victus
3305 3317 3645 3372 tenuitatem.

385 3411 754 3481 ἀναστροφῆς.
821 3411 882 3464 El
933 3411 1044 3480 γὰρ
1106 3412 1200 3464 καὶ
1259 3413 1424 3481 ἱερεῖς
1463 3412 1571 3464 ἀπὸ
1631 3412 1829 3480 φθόνου
1877 3414 1971 3467 καὶ

2073 3415 2373 3473 Sumebant
2402 3410 2572 3474 enim,
2603 3407 3034 3477 inquit,.cibum,
3065 3420 3171 3460 non
3208 3415 3388 3461 autem
3419 3404 3651 3460 delicate

388 3501 690 3570 βασκανίας
737 3503 1048 3574 ἐπέστησαν
1083 3504 1290 3570 αὐτοῖς,
1339 3501 1479 3556 ἀλλὰ
1528 3502 1668 3573 πρὸς
1718 3504 1812 3556 τὸν
1846 3503 1971 3559 λαὸν

2073 3506 2352 3568 vivebant,
2389 3517 2453 3556 ac
2479 3500 2643 3572 genio
2670 3498 3048 3568 indulgebant.
3083 3497 3232 3552 Adeo
3281 3497 3446 3551 etiam
3481 3497 3647 3550 vitam

387 3593 548 3662 χάριν
577 3587 746 3664 εἶχον.
2073 3613 2103 3652 a
2138 3602 2392 3665 suscepta
2417 3593 2520 3647 ﬁde
2544 3591 2601 3646 in
2619 3591 2813 3645 melius
2827 3589 3262 3644 emendabantet
3281 3589 3650 3659 corrigebant.

388 3686 495 3740 Sed
527 3687 618 3755 qui
651 3689 826 3754 gratia
857 3686 1111 3741 valebant
1148 3685 1290 3755 apud
1307 3701 1521 3742 omnem
1549 3686 1758 3757 plebem
1783 3687 1806 3741 ?
1834 3686 1966 3742 dicit
2001 3691 2146 3744 enim
2183 3707 2197 3744 :
2249 3686 2315 3740 Et
2347 3683 2524 3755 gratia
2601 3682 2870 3751 pollentes
2916 3680 3060 3750 apud
3104 3695 3321 3734 omnem
3389 3681 3648 3749 plebem;

383 3797 498 3850 quo
564 3790 726 3850 pacto
781 3779 806 3833 ἲ
855 3779 1080 3848 Propter
1107 3793 1170 3832 ea
1201 3817 1216 3841 ,
1272 3795 1393 3847 qua:
1445 3779 1681 3850 agebant
1713 3795 1728 3833 :
1780 3787 2006 3850 propter
2037 3781 2464 3847 eleetnosynam,
2504 3781 2726 3842 propter
2762 3785 2951 3839 puram
2985 3772 3476 3826 conversationem.
3510 3770 3646 3826 Nam

386 3877 604 3930 etiamsi
632 3873 973 3937 sacerdotes,
1019 3871 1227 3926 invidia
1261 3881 1422 3938 atque
1460 3873 1812 3929 aemulatione
1862 3873 2018 3938 moti,
2076 3873 2198 3928 illos
2247 3874 2639 3941 oppresserunt
2694 3873 2748 3920 et
2801 3864 3144 3928 invaserunt,
3198 3873 3440 3920 attamen
3502 3868 3646 3937 apud

388 3968 601 4038 plebem
629 3967 803 4036 gratia
834 3965 1133 4036 pollebant.

993 4059 1244 4112 ΚΕΦΑΛ.
1290 4057 1364 4110 Γ’.

474 4151 599 4203 Ἐπὶ
640 4148 708 4202 τὸ
739 4149 885 4202 αὐτὸ
919 4149 986 4201 δὲ
1007 4151 1230 4217 Πέτρος
1268 4150 1368 4202 καὶ
1414 4147 1700 4216 Ἰωάννης
1734 4147 1968 4202 ἀνέϐαι-

385 4260 502 4296 νον
547 4245 636 4308 εὶς
685 4241 749 4293 τὸ
795 4241 958 4309 ἱερὸν
1001 4239 1100 4293 ἐπὶ
1141 4239 1253 4307 τὴν
1287 4240 1449 4308 ὤραν
1487 4239 1592 4308 τῆς
1623 4239 1970 4308 προσευχῆς

387 4332 508 4400 τὴν
532 4331 875 4398 erratur".

463 4425 578 4479 Καί
606 4440 695 4489 τις
725 4422 883 4490 ἀνὴρ
928 4422 1126 4490 χωλὸς
1149 4422 1216 4476 ἐκ
1245 4423 1479 4486 κοιλίας
1521 4424 1750 4494 μητρὸς
1782 4423 1971 4480 αὑτοῦ

391 4515 683 4582 ὑπάρχων
733 4509 1121 4569 ἐϐαστάζετο’
1174 4511 1246 4564 ὃν
1293 4513 1534 4566 ἐτίθουν
1572 4513 1702 4566 καθ’
1743 4512 1973 4582 ἡμέραν

390 4607 544 4672 πρὸς
559 4603 672 4671 τὴν
701 4604 887 4669 θύραν
906 4600 1012 4654 τοῦ
1034 4599 1215 4670 ἱεροῦ,
1238 4600 1351 4668 τὴν
1371 4602 1971 4670 λεγομένηνὩραιάν,

393 4696 502 4748 τοῦ
536 4693 726 4748 αἰτεῖν
761 4692 1186 4761 ἐλεημοσύνην
1211 4691 1370 4759 παρὰ
1409 4692 1526 4744 τῶν
1551 4691 1970 4758 εὶοτιρο,ιοεπ,νο,ιλέ⁴

388 4803 513 4840 νυν
539 4788 626 4850 εἰς
652 4784 717 4836 τὸ
750 4785 931 4852 ἱερόν.

467 4878 574 4940 ’ος
616 4873 759 4928 ιὸὼν
790 4873 1016 4942 Πέτρον
1039 4873 1140 4927 καὶ
1182 4872 1462 4939 Ἰωάννην
1482 4871 1822 4940 μέλλοντας
1849 4876 1974 4926 εἱσ-

390 4966 544 5020 ιέναι
567 4967 654 5032 εις
687 4965 753 5018 τὸ
779 4966 959 5032 ἱερὸν,
991 4963 1185 5032 ἠρώτα
1212 4965 1633 5030 ἐλεημοσύνην
1651 4963 1719 5019 "°.

477 5058 786 5121 Ἀτενίσας
818 5055 887 5108 δὲ
913 5054 1139 5122 Πέτρος
1163 5054 1250 5118 εὶς
1287 5054 1474 5106 αὐτὸν
1503 5053 1626 5106 σὺν
1652 5051 1732 5117 τῷ
1776 5052 1972 5107 Ἰωάν-

393 5168 494 5217 rp,
520 5145 695 5202 εἷπον
715 5149 757 5179 ⁷⁸
781 5163 794 5176 ·
836 5147 1083 5214 Βλέψον
1109 5147 1198 5210 εις
1225 5143 1404 5213 ἡμᾶς.

477 5243 544 5296 '0
573 5241 640 5295 δὲ
666 5239 900 5308 ἐπεῖχεν
918 5239 1023 5292 αὐτ
1033 5237 1144 5302 οἷς,
1165 5235 1520 5304 προσδοκῶν
1543 5252 1594 5287 τι
1615 5234 1750 5303 παρ’
1769 5236 1966 5288 αὐτῶν

391 5333 626 5390 λαϐεῖν.

465 5418 619 5476 Εἶπε
669 5419 738 5473 δὲ
779 5420 1035 5488 Πέτρος*
1084 5418 1271 5487 Ἁργύ]
1291 5434 1383 5470 ιον
1411 5418 1508 5468 καὶ
1547 5417 1803 5484 χρυσίον
1852 5417 1963 5484 οὐχ

2667 4043 2897 4101 CAPUT
2968 4043 3056 4098 lll.

2141 4143 2305 4198 Vens.
2329 4143 2378 4195 Ι.
2402 4141 2520 4196 Una
2550 4151 2727 4194 autem
2755 4139 2946 4192 Petrus
2972 4148 3020 4192 et
3041 4135 3275 4190 Joannes
3298 4136 3646 4193 ascendebant

2070 4239 2124 4292 in
2163 4234 2414 4304 templum
2441 4234 2510 4286 ad
2539 4234 2722 4287 Itoram
2743 4232 3059 4301 precationis
3092 4247 3283 4284 nouant
3311 4246 3328 4284 .'

2147 4419 2312 4475 VERS.
2346 4421 2402 4472 2.
2431 4419 2494 4471 Et
2518 4420 2601 4473 vir
2637 4417 2880 4487 quidam,
2911 4416 3000 4484 qui
3024 4429 3087 4466 ex
3116 4431 3222 4482 quo
3253 4415 3424 4467 editus
3449 4423 3562 4466 erat
3584 4427 3650 4464 ea:

2076 4523 2224 4566 utero
2282 4514 2468 4565 matris
2524 4527 2655 4574 sunt,
2710 4509 2936 4562 claudus
2994 4515 3284 4569 manserat,
3325 4508 3530 4572 portari
3587 4522 3649 4557 ac

2080 4605 2339 4658 collocari
2385 4602 2626 4672 quotidie
2681 4600 2892 4654 solebat
2946 4597 3014 4650 nti
3038 4609 3246 4664 portam
3295 4597 3496 4664 templi,
3529 4613 3648 4666 quw

2079 4694 2279 4746 dicitur
2307 4692 2581 4761 Speciosa,
2609 4699 2666 4742 ut
2691 4697 2886 4758 peteret
2910 4687 3293 4754 eleetnosynam
3326 4685 3389 4737 ab
3449 4685 3515 4738 iis
3557 4701 3644 4754 qut

2073 4788 2351 4840 introirent
2382 4785 2438 4838 in
2473 4782 2766 4851 templum:

2149 4876 2314 4930 Vens.
2378 4876 2430 4927 5.
2468 4873 2572 4938 Qui
2639 4873 2973 4941 conspicatus
3035 4867 3247 4922 Petrum
3278 4880 3327 4921 et
3384 4867 3644 4922 Joannem

2071 4969 2405 5036 ingressuros
2435 4966 2490 5018 in
2519 4963 2794 5034 templum,
2833 4961 3052 5030 rogabat
3085 4961 3498 5029 eleenwsynam.

2147 5053 2311 5110 Vens.
2338 5054 2392 5106 4.
2431 5053 2668 5107 Intuitus
2709 5060 2884 5104 autent
2907 5048 3101 5103 Petrus
3139 5050 3190 5101 in
3223 5065 3339 5102 eum
3372 5065 3475 5101 una
3526 5063 3644 5099 cum

2067 5143 2279 5199 Joanne
2314 5143 2449 5196 dixit
2475 5159 2493 5196 :
2516 5143 2696 5209 Aspice
2719 5141 2788 5193 ad
2818 5157 2934 5193 nos.

2150 5237 2312 5292 Vens.
2435 5235 2499 5287 At
2534 5233 2624 5287 ille
2648 5234 2945 5284 intendebat
2970 5231 3148 5285 oculos
3177 5233 3230 5282 in
3287 5247 3396 5294 eos,
3427 5245 3644 5296 sperans

2073 5347 2126 5385 se
2149 5330 2350 5398 aliquid
2387 5340 2718 5396 accepturum
2749 5325 2814 5378 ab
2836 5326 2935 5378 eis.

2150 5420 2312 5474 Vtatts.
2346 5418 2398 5473 6.
2425 5417 2616 5472 Petrus
2648 5427 2819 5469 autem
2847 5416 3022 5468 dixit:
3054 5415 3333 5484 Argentum
3373 5425 3420 5467 et
3455 5431 3644 5468 aurum

1583 5597 1779 5657 Varia:
1816 5597 2130 5658 lectiones
2161 5602 2223 5658 et
2259 5605 2448 5657 noue.

460 5709 505 5737 “
532 5706 640 5776 γὰρ
665 5705 957 5758 desiderari
989 5704 1216 5757 videtur.
1293 5705 1337 5776 ⁶Ῐ
1370 5701 1816 5763 ἁπέσπουνμται.
1897 5705 1941 5733 ⁸³

2080 5703 2424 5774 ερυθμέζετο,
2469 5713 2602 5754 erat.

391 5772 620 5849 rttlgtttis
657 5778 892 5837 additur,
924 5777 1128 5829 ὶαέέεῐι.
1207 5775 1246 5803 τ’
1287 5772 1431 5834 εἷπε,
1461 5783 1535 5824 est
1572 5791 1619 5823 ιη
1652 5777 1894 5841 ιιιίεμιίίδ.

2683 5703 2725 5732 Μ
2760 5700 2981 5768 ἐηλνάτην
3001 5710 3074 5752 οδε
3111 5701 3159 5752 in
3186 5702 3430 5770 τηιυαιὶε.
3508 5701 3552 5732 η
3575 5699 3644 5753 [ῃ
