4070 6412
390 360 516 426 ⁵559

1326 349 1905 410 ΤΙΙΕΟΡΙΙὶἸ.ΜΣΤΙ
1951 347 2359 408 BULGABUE
2399 348 2601 408 ARCH
2617 348 2755 409 [ΕΡ.

3571 347 3687 414 560

410 473 539 528 mihi
570 488 670 525 non
732 468 997 536 suppetit:
1051 465 1139 519 sed
1163 472 1301 535 quod
1332 466 1519 527 habeo,
1541 465 1634 517 hoc
1677 463 1769 516 tibi
1799 463 1888 515 de.
1926 460 1986 515 In

2101 460 2349 531 ὑπάρχει
2384 482 2483 532 μοι
2507 481 2519 495 ·
2558 464 2589 518 ὃ
2620 465 2687 517 δὲ
2716 464 2854 532 ἔχω.
2882 462 3064 517 τοῦτό
3102 478 3201 517 σοι
3233 462 3438 534 δίδωμι
3466 480 3478 493 ·
3509 463 3581 518 ἐν
3605 464 3687 531 τῷ

413 566 620 620 nomine
639 562 768 616 Jcsu
803 561 1002 613 Christi
1044 557 1319 612 Nazareni
1352 574 1502 626 surge
1532 570 1579 611 et
1616 556 1853 609 ambula.

481 748 644 804 Vens.
679 747 731 802 7.
785 746 850 799 Et
894 746 1219 815 apprehensa
1264 743 1378 812 ejus
1420 745 1608 795 dextra
1632 780 1646 805 ,
1684 739 1837 795 illuni
1876 756 1989 794 ere—

410 844 509 895 xit.

488 931 705 1003 Ubique
761 931 918 985 valde
965 930 1056 983 isti
1089 928 1344 981 videntur
1369 927 1514 981 inter
1535 940 1657 982 sese
1686 941 1811 981 esse
1858 940 1994 981 eon-

413 1023 815 1079 t~mdes:huic
872 1020 1057 1074 innuit
1105 1017 1326 1084 Petrus,
1393 1034 1499 1072 una
1560 1018 1625 1072 ad
1678 1017 1990 1088 sepulcrum

411 1122 702 1177 venerunt,
728 1112 795 1168 de
819 1113 919 1166 hoc
944 1112 1020 1165 ait
1037 1111 1147 1183 36
1162 1110 1412 1165 Christo:
1433 1108 1534 1164 llic
1554 1118 1734 1164 autem
1759 1108 1889 1177 quid
1906 1108 1995 1161 '1'?

411 1209 586 1276 Atque
622 1205 725 1259 alia
783 1205 1008 1274 quidem
1055 1204 1210 1273 signa
1248 1210 1442 1256 auctor
1509 1202 1633 1257 libri
1675 1200 1991 1272 singulatim

411 1309 685 1364 exponere
744 1293 1153 1363 praetermittit:
1233 1292 1328 1347 sed
1408 1291 1540 1345 illud
1596 1293 1834 1361 signum,
1886 1303 1999 1359 quo

413 1401 607 1440 omnes
660 1386 793 1438 moti
851 1392 1006 1450 sunt,
1074 1399 1182 1438 non
1244 1382 1771 1453 prietermittendum
1817 1381 1994 1435 duxit.

410 1474 797 1532 Ascendebant
858 1483 1040 1529 autem
1087 1474 1140 1527 in
1209 1473 1495 1543 templum,
1552 1472 1696 1527 cur?
1750 1470 1996 1540 nunquid

409 1568 591 1623 adhuc
629 1583 781 1623 more
806 1565 1040 1621 Judaico
1068 1564 1373 1621 vivebant?
1396 1565 1560 1620 absit.
1593 1564 1729 1618 Nam
1760 1565 1995 1630 utiliter,

408 1668 464 1713 et
497 1661 565 1714 ad
594 1658 867 1713 hominem
891 1672 949 1712 se
969 1666 1186 1727 captum
1217 1656 1720 1721 accommodantes,
1749 1668 1812 1708 ac
1841 1655 1997 1725 quasi

413 1750 1061 1805 roudesccndcuteshoc
1097 1748 1399 1805 faciebant.
1470 1746 1601 1801 Vide
1664 1756 1869 1809 autem,
1941 1756 1997 1800 ut

2095 553 2337 620 ἐνὸμίιτι
2382 555 2584 622 Ἰησοῦ
2615 554 2876 624 Χριστοῦ
2935 555 3041 609 τοῦ
3098 554 3435 624 Νειᾷῳαίου
3466 555 3686 627 ἐγείραι

2094 642 2190 694 καὶ
2230 647 2562 712 περιπάτει.

2176 737 2281 789 Καὶ
2313 738 2540 804 πιάσας
2556 740 2602 769 ⁷⁸
2633 738 2821 793 αὐτὸν
2851 738 2958 807 τῆς
2982 738 3189 806 δεξιᾶς
3227 738 3429 810 χειρὸς
3457 739 3681 810 ἤγειρε.

2175 922 2459 993 Πανταχοῦ
2493 923 2777 992 φαίνονται
2826 915 2975 975 οὗτοι
3033 918 3234 991 πολλὴν
3281 918 3379 991 τὴν
3428 920 3687 991 ὁμόνοιαν

2095 1027 2329 1094 ἔχοντες.
2356 1021 2546 1088 Τούτῳ
2589 1016 2734 1070 νεύει
2766 1018 2793 1069 6
2831 1015 3038 1086 Πέτρος
3058 1032 3071 1045 ⁵
3104 1013 3241 1082 ὁμοῦ
3271 1016 3352 1078 εἰς
3396 1014 3486 1068 τὸν
3513 1015 3684 1084 τάφον

2094 1114 2291 1187 ἦλθον·
2331 1114 2457 1182 περὶ
2500 1108 2664 1162 αὐτοῦ
2716 1125 2850 1178 φησι
2902 1107 2980 1177 τῷ
3030 1106 3287 1178 Χριστῴ’
3317 1101 3486 1169 Οὗτος
3519 1106 3573 1159 δὲ
3594 1107 3684 1173 τίς

2096 1209 2178 1263 Τὰ
2219 1206 2317 1278 μὲν
2364 1204 2457 1258 οὖν
2488 1202 2623 1256 ἄλλα
2657 1202 2860 1271 σημεῖα
2889 1199 3228 1270 παρατρέχει
3272 1201 3392 1252 κατ’
3428 1199 3558 1262 ἔπος
3602 1201 3684 1251 εἰ·

2098 1304 2221 1354 πεῖν
2268 1298 2433 1352 ὅτιτὸ
2469 1293 2740 1365 βιϐλίον⁷³
2770 1294 3031 1364 γράφων·
3069 1294 3248 1346 ἐκεῖνο
3312 1291 3368 1345 δὲ
3426 1291 3575 1359 λέγει
3622 1292 3687 1343 τδ

2100 1393 2348 1463 σημεῖον,
2381 1390 2475 1457 ἀφ’
2509 1381 2569 1441 οὗ
2611 1385 2810 1448 πάντες
2843 1383 3199 1454 ἐκινήθησαν.
3234 1383 3497 1455 Ἀνῄεσαν
3525 1382 3582 1435 δὲ
3604 1385 3686 1446 εἰς

2096 1483 2157 1534 τδ
2218 1481 2392 1550 ἱερόν·
2435 1479 2534 1532 Διὰ
2584 1475 2673 1539 τίς
2726 1470 2835 1544 ἆρα
2891 1472 2971 1526 ἔτι
3027 1472 3334 1534 Ἰουδαϊκῶς
3394 1471 3686 1541 ἐζωνςΜὴ

2099 1572 2331 1640 γένοιτο.
2386 1570 2547 1623 Ἀλλὰ
2569 1567 2853 1639 χρησίμως
2878 1565 2971 1617 καὶ
3001 1563 3493 1631 συγκαταὸατικῶς
3528 1562 3689 1617 τοῦτο

2101 1666 2340 1719 ἐποίουν.
2372 1664 2516 1734 Ὀρα
2542 1662 2601 1715 δὲ
2636 1660 2751 1722 πῶς
2779 1661 2898 1719 ταῖς
2921 1658 3253 1728 προσευχαῖς
3311 1656 3685 1725 προσεκαρτέ-

2102 1774 2260 1828 ρουν,
2321 1756 2416 1807 καὶ
2469 1752 2567 1824 τὴν
2611 1750 2839 1820 ὲννάτην
2887 1749 3034 1818 ὤραν
3069 1747 3205 1819 ὁμοῦ
3263 1749 3380 1800 ἐκεῖ
3435 1746 3689 1817 ηῠχοντο.

412 1843 639 1899 assidue
699 1843 958 1910 precibus
1015 1842 1325 1895 vacabant:
1394 1847 1450 1895 et
1478 1840 1613 1894 liora
1648 1853 1793 1892 nona
1836 1838 1997 1893 simul

2101 1848 2395 1917 Μέμνηται
2446 1844 2501 1897 δὲ
2550 1842 2642 1896 καὶ
2680 1839 2776 1893 τοῦ
2827 1841 2995 1891 τόπου
3043 1839 3136 1890 καὶ
3169 1837 3368 1907 χρόνου
3416 1836 3686 1905 ἀκριϐῶς,

413 1936 524 1989 illic
581 1935 970 2004 precabantur.
1000 1932 1247 1985 Meminit
1312 1942 1494 1985 autem
1552 1944 1808 1984 accurate
1835 1928 2001 1983 ctiam

419 2027 522 2081 loci
551 2036 607 2082 et
637 2025 928 2093 temporis,
954 2024 1346 2079 demonstrans
1370 2039 1457 2089 ea,
1486 2038 1607 2093 quae
1645 2021 1858 2077 scribit.
1893 2020 1997 2086 Qui

416 2120 474 2173 tit
526 2118 713 2188 igitur,
772 2125 832 2172 ut
890 2130 999 2170 non
1056 2115 1181 2169 edat
1223 2130 1422 2170 nomen
1483 2113 1860 2183 claudi?quia
1901 2127 2001 2167 nec

415 2212 517 2280 ipsi
545 2209 767 2279 quidem
801 2207 1033 2279 apostoli
1076 2216 1342 2262 noverant
1381 2208 1534 2263 illud.
1565 2206 1800 2265 Prorsus
1853 2210 1998 2265 enim

416 2306 508 2358 ille
542 2305 706 2358 homo
738 2301 876 2375 ipsis
936 2309 1053 2355 erat
1115 2300 1363 2370 ignotus,
1403 2309 1568 2369 atque
1607 2299 1711 2354 hoc
1743 2301 2003 2367 fortasse,

415 2410 487 2450 ne
554 2392 857 2465 gratiﬁcari
913 2399 967 2446 et
1026 2408 1096 2446 cx
1152 2391 1442 2445 aﬂ’ectione
1471 2406 1668 2447 sanare
1717 2393 1995 2448 viderent:

422 2502 535 2543 ncu
560 2484 687 2557 quis
720 2484 1094 2554 suspicionem
1135 2482 1375 2552 aliquam
1406 2481 1805 2548 simulationis,
1824 2484 1907 2538 vel
1932 2485 2001 2538 ab

419 2574 918 2646 impudentissimis
983 2574 1286 2642 exciperet,
1318 2572 1615 2627 nonnullos
1647 2573 1899 2629 videlicet
1933 2590 2002 2630 ex

416 2668 488 2725 iis
546 2667 641 2739 qui
702 2666 968 2736 apostolis
1019 2666 1135 2720 noti
1195 2673 1402 2729 essent,
1430 2665 1482 2719 in
1517 2667 1749 2735 gratiam
1807 2681 1998 2732 eorum

414 2762 740 2817 sanatioues
769 2759 823 2811 in
856 2773 975 2812 sese
1000 2756 1176 2812 factas
1211 2771 1333 2811 esse
1366 2756 1571 2825 (iugere
1630 2766 1795 2826 atque
1822 2757 1998 2813 simu-

417 2852 558 2906 lare.
625 2849 734 2915 Qui
800 2850 859 2902 ﬁt
915 2848 1106 2919 igitur,
1167 2857 1224 2901 ut
1258 2856 1380 2917 post
1420 2847 1765 2902 sanationem
1799 2862 1997 2904 nomen

420 2955 528 2995 non
558 2940 831 2995 sciscitati
860 2935 1170 3002 siutiQuia
1196 2952 1301 2991 non
1338 2948 1455 2990 erat
1486 2938 1598 2992 illis
1633 2939 1831 3004 otium,
1858 2952 1915 2992 ut
1943 2941 1997 2994 in

423 3032 591 3088 rebus
627 3030 765 3084 nihil
791 3028 1051 3083 utilitatis
1084 3038 1137 3082 et
1168 3026 1443 3082 commodi
1482 3029 1734 3083 allaturis
1757 3045 1998 3100 occupa-

421 3134 630 3180 rentur.
704 3121 840 3175 Mihi
892 3136 1024 3175 vero
1078 3136 1146 3174 ne
1175 3120 1369 3189 vulgus
1396 3119 1616 3190 quidem
1646 3136 1846 3177 nomen
1896 3124 1994 3177 viri

417 3218 652 3274 scivissc
681 3215 918 3278 videtur,
947 3214 1043 3268 sed
1081 3228 1110 3267 a
1143 3214 1276 3267 vitio
1304 3213 1561 3268 claudum
1593 3213 1745 3268 illum
1796 3215 1995 3271 dunta-

419 3324 511 3368 xat
545 3311 844 3366 vocabant.
879 3311 1030 3364 Adeo
1062 3326 1295 3379 namque
1328 3318 1518 3364 uotum
1560 3318 1615 3364 et
1650 3310 1864 3381 insigne
1919 3311 1997 3363 vi-

421 3405 553 3458 tium
587 3402 867 3457 universis
889 3409 1028 3466 erat,
1062 3411 1122 3456 ut
1148 3402 1488 3471 simulatque
1518 3404 1723 3472 aliquis
1743 3402 1998 3457 claudum

417 3494 693 3552 nominari
725 3493 1024 3548 audivisset
1055 3511 1071 3547 :
1104 3494 1207 3548 etsi
1234 3491 1468 3548 fortasse
1489 3494 1655 3549 etiam
1690 3494 1784 3548 alii
1820 3492 1998 3547 claudi

416 3596 613 3641 erant:
647 3585 834 3639 statim
862 3584 1009 3638 hunc
1038 3583 1332 3651 acciperet.
1370 3582 1525 3638 Unde
1560 3598 1693 3654 ergo
1727 3582 2001 3646 sciebant,

416 3678 595 3742 illum,
624 3691 690 3730 ex
730 3689 839 3745 quo
864 3676 932 3728 de
964 3684 1121 3728 utero
1146 3673 1338 3728 matris
1366 3673 1548 3727 editus
1569 3678 1709 3738 erat,
1741 3672 1998 3727 claudum

315 3827 320 3832 ,
417 3769 735 3826 mansisse?
765 3769 851 3822 Ab
880 3768 1158 3821 communi
1193 3767 1439 3820 omnium
1472 3780 1605 3820 voce
1630 3779 1695 3819 ac
1725 3763 1868 3818 fama
1890 3783 1905 3820 :
1931 3766 2001 3821 ab

414 3865 662 3918 omnium
723 3862 1042 3917 testimonio
1129 3860 1450 3917 communi:
1534 3860 1790 3914 omnibus
1852 3859 1998 3914 enim

417 3964 581 4013 notus
606 3962 748 4020 erat,
775 3968 925 4011 exeo
963 3953 1109 4023 quod
1170 3952 1374 4022 templo
1399 3952 1643 4009 assidere
1692 3967 1999 4008 consueve—

415 4049 700 4119 rattquin
730 4047 895 4101 etiam
930 4046 999 4099 ab
1044 4044 1137 4097 illo
1190 4045 1332 4113 ipso,
1364 4046 1456 4114 qui
1522 4051 1751 4101 sanatus
1769 4053 1907 4108 erat,
1945 4043 2001 4098 id

419 4142 722 4198 resciscere
773 4143 1046 4207 poterant.
1079 4135 1181 4200 Qui
1213 4150 1344 4204 ergo
1401 4138 1552 4190 illum
1613 4137 1680 4191 ad
1713 4136 1997 4191 Christum

417 4246 526 4286 non
553 4231 917 4291 adduxerant,
948 4238 1007 4279 ut
1055 4224 1381 4280 saltaretur?
1436 4224 1690 4281 Forsitan
1735 4226 1999 4281 increduli

422 4321 649 4392 quidam
676 4328 856 4385 erant,
888 4320 981 4388 qui
1014 4318 1217 4385 templo
1239 4317 1485 4371 assidere
1512 4318 1801 4371 solebant:
1827 4333 2001 4387 quan-

416 4411 708 4482 doquidem
723 4426 823 4465 nec
842 4410 909 4464 ad
923 4411 1206 4480 apostolos
1218 4407 1437 4480 quidem
1460 4409 1611 4463 illum
1630 4409 1999 4475 adduxerunt,

2022 3163 2072 3224 C

2102 1940 2325 2009 ἔλεγχον
2353 1937 2531 2000 διξοὺς
2545 1929 2621 1989 ὦν
2644 1934 2869 2005 γράφει.
2904 1933 3026 1996 Πῶς
3056 1929 3150 1985 οὖν
3179 1928 3240 1983 οὔ
3270 1948 3405 2001 φησι
3434 1930 3493 1984 τὸ
3518 1931 3690 2000 ὄνομα

2101 2034 2195 2087 τοῦ
2224 2030 2434 2103 χωλοῦ;
2468 2030 2592 2083 Ὀτι
2619 2028 2741 2081 οὐδὲ
2781 2027 3069 2080 ἀπόστολοι
3101 2025 3323 2097 ⁴ᾔδεισαν
3353 2024 3518 2078 αὑτό·
3549 2043 3690 2079 παν-

2100 2125 2270 2189 τελῶς
2328 2124 2438 2195 γὰρ
2487 2124 2515 2175 6
2547 2121 2836 2191 ἄνθρωπος
2892 2120 3173 2187 ἄγνωστος
3226 2112 3295 2187 ἦν
3344 2118 3564 2181 αὐτοῖς’
3596 2119 3693 2171 καὶ

2102 2218 2263 2272 τοῦτο
2323 2217 2454 2279 ἴσως
2518 2215 2653 2284 μήτε
2676 2213 2723 2244 ⁷⁸
2771 2211 3128 2282 χαριζόμενοι
3188 2209 3492 2278 φαίνωνται
3515 2210 3561 2243 ⁷⁵
3595 2213 3694 2264 καὶ

2106 2312 2245 2366 κατὰ
2286 2308 2670 2380 προσπάθειαν
2720 2304 3037 2375 ποιούμενοι
3066 2302 3166 2366 τὰς
3210 2302 3403 2367 ἰάσεις,
3437 2306 3577 2375 μήτε
3608 2320 3694 2367 τις

2104 2404 2359 2456 ὑπόνοιαν
2405 2398 2748 2470 ὑποκρίσεως
2789 2396 2925 2466 μηδὲ
2974 2396 3126 2466 παρὰ
3183 2395 3288 2449 τῶν
3329 2397 3694 2466 αἰσχυντοτά-

2103 2513 2212 2549 των
2230 2495 2277 2527 ⁷⁵
2306 2490 2797 2562 ύπολαμὸἀνηται·
2832 2490 2917 2542 ὅτι
2986 2488 3123 2556 πρὸς
3171 2488 3335 2559 χάριν
3384 2488 3532 2552 τινὲς
3582 2489 3697 2542 τῶν

2103 2584 2423 2639 ἀποστόλων
2477 2585 2542 2635 ὲκ
2572 2581 2682 2635 τῶν
2713 2581 2898 2641 αὐτοῖς
2953 2579 3250 2650 γνωρίμων
3290 2578 3388 2642 τὰς
3430 2579 3559 2650 περὶ
3589 2580 3697 2633 αὖ-

2102 2676 2225 2739 τοὺς
2260 2674 2430 2737 ἰάσεις
2482 2671 2863 2742 ὑπεκρίνοντο.
2899 2670 3023 2734 Πῶς
3049 2669 3142 2723 οὖν
3180 2670 3282 2723 οὐκ
3317 2670 3520 2740 ἔμαθον
3552 2672 3693 2741 μετὰ

2100 2767 2199 2839 τὴν
2219 2769 2363 2820 ἴασιν
2388 2766 2448 2818 τὸ
2464 2765 2675 2832 δνομα;
2708 2764 2836 2815 Ὀτι
2864 2756 3046 2833 ούκῆν
3073 2762 3254 2823 αὐτοῖς
3271 2760 3435 2831 σχολὴ
3466 2762 3593 2829 περὶ
3621 2760 3696 2815 τὰ

2104 2859 2273 2930 μηδὲν
2302 2855 2683 2911 λυσιτελοῦντα
2715 2851 3187 2924 κατασχολεῐσθαι.
3247 2851 3403 2922 Ἐμοὶ
3432 2852 3488 2905 δὲ
3521 2851 3696 2918 δοκεῖ,

2107 2951 2243 3022 μηδὲ
2306 2951 2435 3012 τοὺς
2496 2946 2726 3007 πολλοὺς
2784 2940 2986 2998 είδέναι
3022 2943 3085 2996 τὸ
3116 2943 3288 3013 ὄνομα
3323 2942 3415 2995 τοῦ
3450 2942 3644 3011 ἀνδρὸς
3672 2958 3687 2973 ⁸

2103 3044 2238 3099 ἀλλὰ
2267 3044 2439 3114 χωλὸν
2471 3042 2636 3112 μόνον
2670 3040 2833 3093 αὐτὴν
2866 3037 3120 3102 ἐκάλουν,
3163 3036 3272 3090 ἀπὸ
3303 3036 3399 3089 τοῦ
3455 3037 3688 3093 πάθους.

2102 3136 2259 3189 Οὖτω
2306 3135 2415 3205 γὰρ
2464 3129 2534 3205 ἦν
2578 3131 2849 3202 ἐπίσημον
2880 3131 2972 3184 καὶ
2999 3128 3343 3199 ἐγνωσμένον
3388 3130 3450 3183 τὸ
3479 3129 3692 3200 νόσημα

2102 3230 2327 3287 ἅπασιν,
2359 3226 2498 3279 ὥστε
2545 3224 2771 3278 ἐπειδάν
2800 3239 2882 3286 τις
2910 3221 3082 3292 χωλὸν
3141 3221 3363 3292 ἢκουσε,
3398 3222 3573 3275 καίτοι
3595 3222 3694 3277 κιὶ

2103 3319 2278 3371 ἄλλων
2311 3319 2442 3379 ἴσως
2475 3317 2671 3379 ὄντων,
2721 3312 2924 3376 εὐθέως
2978 3315 3154 3365 ἐκεῖνο
3174 3312 3217 3344 ’⁷
3250 3312 3473 3365 ἐνενόει.
3520 3312 3695 3365 Πόθεν

2100 3408 2193 3462 οὖν
2223 3408 2465 3479 ᾔδεισαν,
2497 3407 2579 3459 ὄτι
2610 3406 2672 3458 ὲκ
2694 3403 2900 3467 κοιλίας
2935 3403 3142 3474 μητρὸς
3177 3402 3350 3473 χωλὸς
3382 3398 3451 3474 ἦν
3487 3419 3502 3467 ;
3555 3404 3695 3457 Ἀπὸ

2099 3488 2223 3570 τῆξ
2254 3500 2474 3552 πάντων
2513 3497 2732 3567 φωνῆς’
2788 3495 2897 3549 ἀπὸ
2928 3498 3027 3564 τῆς
3072 3495 3291 3550 πάντων
3358 3496 3687 3567 μαρτυρίας.

2104 3592 2313 3653 Πάντες
2368 3589 2478 3658 γὰρ
2529 3587 2691 3642 αὑτὸν
2726 3586 3027 3654 ἐγίνωσκον
3079 3586 3188 3639 ἀπὸ
3220 3586 3319 3654 τῆς
3350 3588 3408 3639 ὲν
3444 3587 3523 3657 τῷ
3559 3587 3691 3658 ἱερῷ

2104 3681 2482 3752 προσεδρείας,
2518 3679 2656 3732 ἀλλὰ
2687 3677 2785 3732 καὶ
2819 3677 2918 3732 ἀπ’
2949 3676 3117 3733 αὑτοῦ
3151 3679 3362 3732 ἐκείνου
3389 3682 3482 3732 τοῦ
3513 3679 3694 3733 ίαθέν-

2101 3792 2214 3836 τος.
2248 3774 2371 3835 Πῶς
2402 3767 2497 3826 οὖν
2530 3769 2694 3824 αὑτὸν
2717 3770 2777 3822 οὐ
2810 3768 3163 3839 προσήγαγον
3199 3767 3415 3837 ῑαθῆναι
3443 3768 3521 3838 τῷ
3555 3770 3691 3840 Χριο

2104 3865 2249 3937 στῷς
2280 3864 2441 3929 Ἴσως
2476 3861 2623 3926 τινες
2681 3858 2825 3933 ἦσαν
2875 3858 3100 3912 ἄπιστοι
3149 3859 3199 3912 οἱ
3234 3859 3689 3931 προσεδρεύοντες

2101 3957 2180 4029 τῷ
2224 3956 2355 4027 ἱερῷ
2380 3969 2394 3986 ⁸
2431 3956 2635 4021 ὄπουγε
2665 3952 2789 4005 οὐδὲ
2817 3954 2929 4015 τοῖς
2954 3949 3275 4013 ἀποστόλοις
3313 3951 3479 4004 αὑτὸν
3518 3966 3691 4022 προσ-

2109 4052 2343 4120 ήγαγον,
2379 4048 2580 4109 ἰδόντες
2620 4044 2819 4106 αὐτοὺς
2850 4042 3141 4108 εἰσιόντας,
3169 4042 3261 4095 καὶ
3297 4040 3553 4112 θαύματα
3591 4058 3689 4094 πε-

2103 4139 2404 4208 ποιηκότας
2428 4132 2993 4205 τοιαῦτα..Ἀργύριον
3023 4133 3116 4187 καὶ
3143 4132 3367 4204 χρυσίον
3386 4133 3484 4203 οὐχ
3513 4133 3693 4201 ύπάρο

2098 4248 2187 4304 χει
2221 4247 2333 4301 μοι.
2360 4230 2474 4283 Ούκ
2533 4222 2685 4279 εἶπεν
2718 4242 2731 4257 ·
2767 4226 2880 4303 Ούκ
2941 4224 3050 4295 ἔχω
3082 4222 3343 4278 ἐνταῦθα*
3400 4219 3488 4276 οἶα
3528 4225 3689 4295 ἡμεῖς

2103 4324 2335 4394 λέγομεν
2357 4337 2369 4349 ·
2403 4319 2538 4374 ἀλλὰ
2564 4319 2699 4381 ὅλως
2729 4318 2828 4372 οὐκ
2861 4318 2990 4387 ἔχω.
3017 4319 3158 4388 Ὅρα
3187 4315 3245 4369 δὲ
3274 4315 3390 4379 πῶς
3433 4315 3462 4367 ὁ
3501 4316 3689 4368 Ἰωάνα

2103 4433 2203 4485 νης
2259 4411 2537 4482 πανταχοῦ
2604 4411 2733 4480 σιγᾷ
2755 4426 2768 4439 ·
2804 4409 2833 4462 6
2863 4409 2919 4461 δὲ
2952 4408 3156 4481 Πέτρος
3207 4410 3302 4460 καὶ
3348 4406 3489 4478 ὑπὲρ
3519 4403 3686 4460 αὐτοῦ

418 4522 545 4562 eum
581 4505 832 4561 viderent
894 4505 1019 4560 illos
1076 4504 1440 4569 introeuntes,
1472 4512 1526 4559 et
1569 4502 1832 4557 miracula
1862 4505 1990 4558 talia

2101 4508 2468 4574 ἀπολογεῖται.
2501 4504 2566 4556 Τί
2598 4497 2728 4565 οὗν;
2778 4501 3032 4571 Παρορᾷς
3073 4499 3166 4552 τὸν
3199 4499 3386 4566 ἱκέτην
3409 4499 3476 4530 ’⁷⁸
3510 4496 3686 4566 ἀργύ-

417 4601 616 4655 iecisse
647 4598 771 4653 illos
806 4596 952 4652 haud
995 4597 1335 4667 ignorarent.
1372 4596 1676 4665 Argentum
1710 4607 1763 4651 et
1793 4611 1990 4650 aurum

416 4690 547 4746 mihi
584 4706 693 4744 non
748 4696 854 4745 cst.
883 4689 1003 4743 Non
1062 4687 1233 4742 dixit:
1273 4688 1386 4740 Non
1424 4687 1598 4742 habeo
1623 4687 1713 4740 hic
1747 4704 1762 4740 :
1815 4687 1996 4755 qualia

421 4798 523 4835 nos
552 4776 742 4835 dicere
758 4778 1043 4834 solemus:
1078 4777 1203 4840 sed,
1233 4791 1457 4846 prorsus
1488 4792 1595 4832 non
1632 4777 1826 4831 habeo.
1868 4775 1999 4830 Vide

419 4886 626 4936 autem,
687 4880 746 4925 ut
807 4870 1048 4925 Joannes
1098 4870 1302 4939 ubique
1361 4870 1807 4924 taceat:Petrus
1871 4884 2001 4923 vero

417 4964 582 5020 etiam
618 4978 715 5033 pro
748 4964 842 5017 illo
874 4965 1153 5033 loquatur.
1182 4961 1326 5028 Quid
1357 4960 1521 5031 ergo?
1553 4960 1795 5032 Negligis
1823 4968 1987 5030 atque

420 5057 694 5113 aversaris
743 5058 1067 5125 supplicem,
1098 5056 1243 5125 quod
1271 5065 1380 5109 non
1437 5055 1637 5108 habeas
1670 5050 1997 5121 pecuniam?

418 5151 535 5206 Non
569 5167 583 5205 :
611 5148 704 5205 sed
730 5149 875 5219 quod
905 5149 1099 5212 habeo,
1129 5149 1325 5217 inquit,
1362 5150 1462 5200 hoc
1495 5147 1585 5199 do.
1644 5144 1717 5199 Ita
1744 5144 1999 5198 Christus

418 5260 635 5315 quoque
670 5243 922 5304 faciebat,
954 5254 1332 5310 saepenumero
1382 5239 1547 5292 verbo
1606 5239 1724 5292 solo
1772 5252 1994 5301 curans,

2099 4613 2215 4667 ριον
2272 4594 2347 4663 μὴ
2408 4591 2586 4661 ἔχωνς
2627 4588 2796 4659 Οὐχί·
2850 4586 2967 4640 ἀλλ’
3023 4587 3051 4639 ὃ
3101 4584 3419 4655 ἔχω,τοῦτο
3468 4585 3688 4653 δίδωμι,

2099 4686 2252 4756 φησι.
2281 4684 2443 4738 Οὕτω
2470 4684 2564 4737 καὶ
2595 4684 2623 4735 6
2661 4680 2901 4752 Χριστὸς
2959 4677 3138 4732 ἐποίει
3161 4719 3175 4743 ,
3212 4675 3477 4737 πολλάκις
3537 4675 3685 4743 λόγῳ

2103 4781 2251 4850 μόνῳ
2305 4775 2663 4847 θεραπεύων*
2719 4774 2982 4834 πολλάκις
3037 4771 3129 4825 καὶ
3183 4768 3513 4836 ἁπτόμενος,
3554 4767 3685 4821 ἔνθα.

2103 4871 2245 4923 κατὰ
2275 4869 2376 4939 τὴν
2422 4868 2610 4920 πίστιν
2662 4865 3046 4934 ἀσθενέστεροι
3096 4860 3433 4930 ἐτύγχανον·
3476 4859 3562 4912 ἵνα
3606 4859 3684 4930 μὴ

2105 4962 2234 5035 δόξῃ
2267 4960 2375 5014 ἀπὸ
2412 4958 2760 5028 ταυτομάτου
2816 4953 3062 5023 γίνεσθαι
3124 4951 3194 5005 τὰ
3246 4950 3533 5020 γενόμενα.
3577 4950 3689 5003 Καὶ

2110 5055 2308 5114 πιάσας
2331 5053 2423 5084 ⁷⁷⁸⁵
2447 5049 2629 5113 αὐτὸν,
2648 5046 2806 5117 φησὶ,
2824 5044 3013 5098 τοῦτον
3030 5044 3241 5114 ἤγειρε.
3262 5040 3436 5095 Τοῦτο
3459 5040 3685 5111 ἐποίησε

2105 5146 2272 5215 δήλην
2305 5144 2404 5213 τὴν
2425 5142 2742 5195 ἀνάστασιν.
2778 5135 3152 5197 Ἀναστάσεως
3185 5134 3292 5205 γὰρ
3319 5134 3483 5187 εἰκὼν
3516 5128 3583 5205 ἦν
3623 5132 3689 5186 τὸ

2107 5236 2415 5305 γινόμενον.

420 5351 562 5403 smpe
594 5335 756 5389 etiam
790 5341 1037 5401 tangens,
1070 5330 1242 5383 sicubi
1272 5330 1411 5384 forte
1459 5330 1561 5385 lidc
1622 5330 2009 5385 imbecilliores
2046 5336 2253 5392 essent,
2286 5342 2356 5381 ne
2387 5326 2611 5380 fortuito
2644 5323 2758 5377 ﬁeri
2783 5323 3121 5385 viderentur,
3150 5334 3271 5389 qua:
3330 5318 3551 5373 fiebant.
3621 5318 3687 5374 Et

1624 5475 1815 5535 Varia:
1852 5475 2159 5537 lectiones
2185 5481 2242 5535 cl
2266 5482 2453 5534 notas.

499 5605 542 5631 ⁷¹
579 5603 639 5655 1η
673 5601 895 5669 vulgatis
933 5609 1029 5662 est,
1061 5598 1359 5670 κρατήσας.
1453 5601 1494 5632 *³
1523 5600 1607 5652 ἴσ.
1664 5602 1691 5653 6
1730 5601 1790 5652 τὸ
1824 5600 2045 5670 βιόλίον,
2090 5600 2143 5670 ἢ,
2192 5600 2219 5650 6
2256 5597 2413 5650 τοῦτο
2454 5596 2515 5648 τὸ
2556 5592 2778 5662 βιϐλίον.
2844 5589 3018 5670 -τχλῖνα
3041 5589 3198 5670 μήτε,
3225 5586 3309 5638 ἵσ.
3349 5585 3562 5670 μήπως,
3592 5583 3684 5637 τσο

423 5676 468 5706 ⁷⁵
502 5656 780 5739 φαίνονταί
806 5681 938 5721 erat.
1015 5656 1057 5697 θη
1086 5656 1175 5722 ῗσ.
1212 5656 1713 5739 ἀναισχυντοτάτων
1790 5656 1833 5702 ’θ
1867 5671 1950 5724 Ζσ.
1990 5675 1997 5721 i

2101 5656 2195 5721 ιω
2272 5670 2336 5697 ⁷⁷⁸
2367 5656 2607 5734 οἰκέτην,
2633 5672 2768 5716 eral.
2844 5661 2930 5690 '7“
2961 5656 3281 5720 πιστεύσας,
3311 5664 3449 5707 erat.

498 5791 540 5822 ιδ’
577 5783 716 5837 Juan
776 5798 891 5859 sm,
921 5783 1009 5835 Ἡ.
