4070 6446
414 398 519 464 553

1322 391 1903 455 THEOPHYLACTI
1960 388 2372 450 BULGARI/E
2436 393 2814 457 ARCHIEP.'

3582 386 3690 455 564

482 514 595 585 38
617 516 757 584 Quid
794 518 897 572 sibi
950 517 1065 571 vult
1105 517 1180 585 id,
1202 517 1347 587 quod
1381 518 1516 571 dicit
1555 532 1570 571 :
1610 516 1747 571 Cum
1779 522 1991 569 teneret

2166 509 2231 562 Τί
2261 511 2378 564 ἐστι
2406 511 2487 578 τὸ,
2521 511 2867 583 Κρατοῦντος
2913 509 3009 564 τοῦ
3070 508 3315 571 ίαθέντος
3369 505 3544 579 χωλοῦ
3595 506 3689 561 τδν

415 607 486 669 is,
519 609 610 678 qui
660 608 893 663 claudus
926 624 1052 663 eum
1098 608 1314 672 fuisset,
1341 618 1568 664 sanatus
1616 624 1679 663 ac
1712 607 1998 663 restitutus

416 710 554 760 erat,
588 698 808 754 Petrum
842 708 896 755 et
918 700 1183 755 Joannem
1206 702 1229 754 ἲ
1257 699 1554 765 Metuebat,
1578 715 1646 755 ue
1671 699 1998 754 avelleretur

418 792 487 846 ab
521 791 649 847 illis.
684 791 1074 847 Arbitrabatur
1102 792 1244 846 enim
1304 790 1570 861 tantisper
1629 806 1689 846 se
1736 791 1870 845 vitio
1903 790 1999 845 illo

415 883 715 939 liberatum
748 898 893 945 esse,
920 883 1049 938 dum
1083 882 1207 936 illos
1234 881 1506 936 detineret
1532 890 1585 936 et
1618 882 1996 951 contingeret:

416 975 630 1028 ilcirco
688 976 926 1029 maxime
981 974 1125 1044 quod
1166 974 1331 1027 etiam
1376 972 1569 1030 Petrus
1600 989 1821 1043 quoque
1873 987 1999 1028 eum

418 1067 868 1134 apprehendisset
897 1075 951 1122 et
975 1066 1245 1122 erexisset
1276 1066 1453 1131 illum,
1488 1067 1561 1120 ita
1591 1066 1809 1122 demum
1843 1079 2003 1120 sana-

413 1167 587 1214 verat.
624 1158 681 1212 lu
711 1158 924 1226 porticu
952 1173 1072 1228 qua:
1096 1168 1348 1221 vocatur,
1388 1166 1497 1213 etc.
1532 1157 1664 1212 Haec
1712 1156 1830 1212 sola
1873 1172 1998 1225 por-

419 1250 562 1324 ticus
609 1250 855 1305 restabat
886 1250 954 1305 de
979 1260 1257 1306 structura
1278 1252 1611 1306 Salomonis.
1638 1250 1999 1307 Nabuchodo-

417 1354 588 1392 nosor
626 1341 771 1394 enim
811 1342 1070 1410 templum
1104 1342 1450 1405 incenderat,
1497 1342 1642 1412 quod
1673 1341 1852 1413 Cyrus
1902 1356 1997 1395 rex

417 1430 709 1487 Persarum
773 1433 1112 1489 restituerat.
1150 1433 1263 1488 Viri
1308 1433 1593 1496 lsraelitte.
1626 1449 1725 1489 cnr
1768 1435 1883 1489 haec
1915 1450 2002 1490 res

413 1523 572 1577 vobis
595 1533 680 1578 est
712 1523 1110 1579 admirationi?
1142 1523 1331 1594 Majori
1376 1526 1576 1580 referta
1608 1535 1693 1581 est
1723 1527 1835 1582 haec
1865 1541 2001 1580 con-

418 1616 507 1669 cio
542 1616 757 1670 dicendi
789 1617 1041 1671 libertate
1075 1635 1089 1670 :
1124 1633 1232 1672 non
1270 1617 1416 1688 quod
1447 1618 1500 1672 iu
1562 1620 1737 1687 prima
1788 1628 2001 1675 metue-

415 1715 522 1771 ret,
562 1705 659 1761 sed
726 1709 855 1776 qufa
888 1707 991 1772 illi,
1042 1716 1232 1777 utpote
1277 1709 1627 1766 cavillatores
1656 1727 1721 1767 ac
1751 1713 1999 1781 petulan-

421 1809 530 1861 tes,
561 1799 803 1853 nondum
846 1797 991 1854 ferre
1031 1815 1151 1854 eam
1186 1801 1493 1856 libertatem
1533 1804 1864 1871 potuissent.
1903 1803 2003 1859 Ita-

412 1900 522 1953 que
545 1885 690 1938 illam
717 1887 1039 1942 concionem
1065 1888 1381 1956 exordiens,
1414 1894 1601 1945 statim
1632 1907 1727 1947 eos
1757 1893 1811 1947 in
1844 1895 1997 1963 prin-

2101 599 2311 671 Πέτρον
2366 601 2464 654 καὶ
2537 601 2837 671 Ἰωάννην;
2894 599 3188 655 Ἐδεδοίκει
3260 598 3689 668 ἀποσπασθῆναι

2100 692 2306 747 αὐτῶν.
2372 692 2620 762 Ἐνόμιζε
2676 692 2787 763 γάρ
2845 691 3008 763 μέχρι
3058 691 3252 745 τούτου
3285 690 3480 746 ἑαυτὸν
3511 690 3689 757 ἀπηλ-

2099 784 2299 856 λάχθαι
2332 784 2428 839 τοῦ
2459 785 2687 849 πάθους,
2728 784 2927 856 μέχρις
2975 783 3043 838 ἀν
3081 784 3291 856 κατέχῃ
3341 782 3539 846 αὐτοὺς
3592 781 3689 836 καὶ

2101 880 2413 951 ἐφάπτηται
2433 878 2615 933 αὐτῶν
2648 894 2663 909 ο
2697 878 2934 949 μάλιστα
2960 878 3042 931 ὅτι
3074 878 3172 930 καὶ
3211 879 3240 930 ὁ
3286 875 3497 946 Πέτρος
3553 890 3690 945 κρα-

2100 974 2276 1041 τήσας
2306 971 2469 1025 αὑτὸν
2503 971 2600 1026 κιιῖ¹
2626 971 2964 1042 ἀναστήσας,
2996 969 3173 1032 οὔτως
3216 968 3430 1023 ἰάσατο.
3496 966 3587 1019 Ἐν
3618 969 3687 1036 τῇ

2103 1065 2235 1134 στοᾷ
2301 1062 2377 1117 δέ.
2443 1062 2592 1133 Αὕτη
2652 1063 2790 1133 μόνη
2863 1063 2897 1133 ἡ
2928 1060 3060 1116 στοά
3137 1060 3327 1114 ίστατο
3424 1057 3535 1112 ἀπὸ
3586 1057 3691 1127 τῆς

2103 1155 2461 1224 κατασκευῆς
2508 1154 2605 1208 τοῦ
2672 1153 3042 1227 Σολομῶντος.
3114 1152 3415 1223 Ἐνέπρησε
3466 1150 3576 1222 γὰρ
3627 1149 3690 1204 τὸ

2104 1247 2250 1318 ἱερὸν
2285 1249 2313 1301 ό
2338 1247 2835 1320 Ναυουχοδονὸσορ,
2888 1248 2987 1303 καὶ
3038 1247 3357 1318 ᾠκοδόμησε
3424 1244 3606 1316 Κῦρος
3659 1244 3690 1295 ὁ

2102 1338 2347 1411 Πέρσης.
2407 1340 2638 1411 ’Ἄνδρες
2711 1340 3067 1412 Ἰσραηλῖται,
3122 1339 3177 1392 τί
3232 1336 3543 1408 θαυμάζετε
3597 1332 3691 1388 ἐπὶ

2102 1431 2319 1504 τούτῳ;
2353 1433 2608 1496 Πλείονος
2631 1432 2772 1505 αὕτη
2800 1433 2963 1504 γέμει
2992 1431 3306 1504 παρρησίας
3359 1432 3395 1500 ἠ
3445 1430 3690 1499 δημηγο-

2105 1523 2226 1590 ρίαο
2285 1522 2385 1575 οὐκ
2436 1522 2627 1592 ἐπειδὴ
2675 1524 2731 1576 ἐν
2783 1525 2849 1593 τῇ
2925 1523 3168 1592 προτέρᾳ
3253 1520 3523 1589 ἐφοϐεῖτο,
3569 1515 3689 1571 ἀλλ’

2102 1613 2294 1684 ἐπειδὴ
2321 1613 2534 1666 οὐδέπω
2559 1613 2847 1684 ἤνεγκονΜ
2871 1612 2938 1668 ἂν
2966 1614 3170 1676 ἐκεῖνο,
3203 1611 3503 1681 χλευασταὶ
3533 1611 3689 1669 δντες

2102 1707 2197 1761 καὶ
2225 1707 2426 1777 ἱταμοί.
2467 1705 2631 1760 Ὅθεν
2653 1705 2867 1775 ἐκείνης
2920 1704 3019 1775 μὲν
3067 1703 3368 1774 ἀρχόμενος
3412 1700 3507 1754 καὶ
3569 1702 3691 1752 ἐπι-

2109 1803 2333 1873 στρέφει
2368 1800 2566 1862 αὐτοὺς
2592 1798 2680 1851 διά
2725 1796 2819 1850 τοῦ
2874 1794 3164 1866 προοιμίου
3236 1793 3412 1860 λέγων
3438 1808 3452 1823 ·
3506 1791 3690 1847 Τοῦτο

2104 1891 2250 1961 ὑμῖν
2275 1888 2551 1959 γνωστὸν
2578 1888 2734 1942 ἔστω
2770 1901 2784 1915 ⁸
2817 1885 2915 1939 καὶ
2961 1884 3332 1937 ἐνωτίσασθε
3360 1882 3432 1936 τὰ
3450 1878 3693 1949 ῥήματά

411 1976 558 2045 cipio
598 1976 777 2033 reddit
827 1987 1068 2034 attentos
1104 1981 1189 2036 his
1216 1982 1444 2037 verbis:
1496 1984 1608 2038 [loc
1635 1985 1778 2040 vobis
1814 1998 1996 2041 uotum

2101 2003 2214 2055 μου
2235 2001 2250 2017 ⁸
2290 1981 2557 2037 Ἐνταῦθα
2583 1980 2639 2032 δὲ
2663 1979 2725 2032 οὐ
2743 1978 2914 2032 δεῖται
2938 1975 3145 2045 ταύτης
3171 1975 3274 2044 τῆς
3313 1973 3684 2041 κατασκευῆς.

412 2068 507 2133 sit,
549 2078 595 2122 et
632 2069 851 2124 auribus
900 2072 1152 2140 percipite
1197 2075 1355 2128 verba
1399 2090 1552 2140 mea;
1595 2076 1685 2133 hie
1731 2094 1860 2133 vero
1889 2095 1997 2134 non

413 2176 553 2229 opus
581 2162 745 2217 habet
779 2163 883 2221 hoc
919 2165 1177 2220 artiﬁcio.
1206 2166 1324 2222 Non
1366 2170 1513 2224 enim
1556 2172 1864 2241 torpebant,
1898 2190 2000 2231 nec

416 2255 657 2321 segniter
694 2263 748 2308 et
779 2256 1084 2312 oscitanter
1128 2259 1517 2315 auscultabant
1549 2278 1564 2316 :
1612 2264 1707 2319 sed
1738 2267 1999 2335 quoniam

413 2343 635 2413 signum
663 2346 955 2402 universos
989 2361 1086 2404 eos
1127 2357 1478 2404 converterat
1516 2360 1571 2405 et
1605 2360 1846 2411 attentos
1876 2356 2001 2410 red-

416 2434 652 2501 diderat,
685 2437 851 2492 etiam
893 2438 1037 2508 pleni
1096 2439 1313 2496 timoris
1355 2450 1514 2497 erant
1560 2450 1615 2498 et
1645 2445 1816 2500 animi
1870 2461 2002 2503 eon-

415 2528 793 2584 steruationis.
828 2528 965 2585 Vide
987 2543 1189 2597 autem,
1246 2544 1304 2586 ut
1332 2534 1799 2592 existimationem
1841 2538 1908 2593 de
1941 2554 2001 2594 se

415 2620 807 2690 reiiciatatque
834 2622 1138 2692 propulset.
1180 2622 1323 2677 Nihil
1343 2624 1489 2678 enim
1513 2632 1623 2680 tam
1650 2626 1873 2697 prodest
1905 2643 2003 2683 au-

412 2712 708 2777 ditoribus,
737 2728 924 2782 quam,
957 2715 1001 2769 si
1031 2714 1099 2778 is,
1132 2715 1226 2784 qui
1251 2714 1407 2783 dicit,
1429 2731 1541 2771 non
1575 2719 1737 2772 modo
1773 2719 1909 2773 nihil
1935 2720 2002 2776 de

413 2805 858 2874 se-magnilieum
889 2806 1059 2872 dicat,
1096 2824 1284 2863 verum
1313 2809 1478 2865 etiam
1512 2809 1697 2867 dicere
1729 2812 2000 2868 volentem

414 2899 724 2966 prohibeat.
755 2900 936 2970 Atque
958 2900 1009 2954 hi
1043 2909 1227 2969 spreta
1252 2901 1447 2971 gloria,
1467 2917 1633 2973 quam
1666 2905 1733 2959 ab
1764 2905 2002 2960 homini-

410 2989 519 3044 bus
548 2989 812 3058 consequi
853 2999 1130 3060 poterant,
1178 2993 1442 3061 majorem
1489 2994 1595 3050 sibi
1638 2995 1867 3065 gloriam
1909 3011 2003 3067 pe-

411 3087 678 3147 pererunt
709 3095 725 3132 :
759 3094 886 3133 cum
909 3081 1287 3137 ostendissent
1317 3082 1395 3147 id,
1435 3082 1580 3152 quod
1619 3083 1822 3139 factum
1857 3094 1998 3153 erat,

2100 2077 2177 2131 Οὐ
2214 2075 2325 2145 γὰρ
2373 2072 2721 2145 ἐρᾳθύμουν·
2771 2069 2886 2123 ἀλλ’
2913 2068 3038 2121 ἐπεὶ
3097 2067 3159 2120 τὸ
3224 2068 3453 2138 σημεῖον
3490 2066 3691 2127 αὐτοὺς

2099 2166 2436 2237 ἐπέστρεψεν
2466 2164 2734 2224 ἅπαντας,
2759 2161 2852 2214 καὶ⁵
2881 2160 3033 2223 δέους
3061 2159 3156 2214 καὶ
3184 2155 3505 2227 ἐκπλήξεως
3549 2152 3690 2226 ἦσαν

2106 2258 2318 2330 μεστοί.
2350 2258 2494 2329 Ὅρα
2515 2256 2572 2310 δὲ
2609 2254 2728 2318 πῶς
2759 2252 3111 2324 διακρούεται
3134 2252 3235 2321 τὴν
3262 2249 3421 2314 δόξαν
3445 2247 3544 2321 τὴν
3559 2249 3692 2317 περὶ

2101 2351 2309 2405 αὐτῶν.
2344 2349 2513 2404 Οὐδὲν
2549 2347 2660 2418 γὰρ
2708 2345 2883 2409 οὕτως
2931 2344 3134 2414 ὠφελεῖ
3190 2342 3317 2404 τοὺς
3365 2340 3689 2403 ἀκούοντας,

2102 2440 2248 2496 ὥστε
2300 2440 2345 2472 ⁸³
2378 2437 2546 2510 μηδὲν
2571 2437 2701 2508 περὶ
2736 2432 2932 2489 ἐαυτοῦ
2960 2435 3142 2501 λέγειν
3199 2431 3365 2502 μέγα,
3425 2428 3563 2484 ἀλλά
3594 2426 3692 2483 καὶ

2101 2532 2195 2587 τὸν
2254 2529 2583 2601 βουλόμενον
2614 2527 2795 2597 λέγειν
2854 2524 3111 2579 κωλύειν.
3157 2523 3691 2595 Καιαφρονήσαντες

2100 2625 2159 2679 δέ
2186 2621 2335 2681 οὗτοι
2374 2622 2476 2691 τῆς
2508 2622 2661 2693 παρά
2712 2620 2822 2672 τῶν
2869 2616 3176 2689 ἀνθρώπων
3247 2613 3430 2685 δόξης,
3489 2612 3692 2685 μᾶλλον

2105 2713 2335 2775 ἑαυτοὺς
2364 2711 2633 2778 ἐδόξασαν
2663 2725 2678 2738 ·
2702 2708 2981 2771 δείξαντες
3013 2707 3115 2761 οὐκ
3147 2704 3516 2776 ἀνθρώπινον,
3554 2705 3694 2759 ἀλλά

2105 2806 2249 2860 θεῖον
2284 2804 2346 2856 τὸ
2383 2801 2625 2872 γεγονός.
2670 2800 2731 2852 '0
2763 2800 2896 2862 Θεὸς
2935 2799 3044 2852 τῶν
3086 2796 3340 2867 πατέρων
3387 2795 3549 2866 ἡμῶν
3579 2794 3694 2874 ἐδότ

2107 2897 2236 2964 ξασε
2266 2896 2360 2950 τὸν
2392 2894 2558 2948 παῖδα
2588 2892 2755 2947 αὑτοῦ
2782 2889 3018 2961 Ἰησοῦν.
3073 2890 3197 2943 Ἐτι
3225 2888 3336 2943 τῶν
3367 2889 3691 2941 ταπεινοτέο

2107 3007 2218 3063 ρων
2254 2988 2459 3060 ἔχεται,
2482 2986 2633 3056 ὅμως
2659 2985 2722 3037 τὸ
2760 2983 3019 3052 τόλμημα
3062 2981 3244 3036 αὐτῶν
3299 2979 3539 3050 ἐπαίρει,
3591 2977 3694 3048 οὐχ

2104 3081 2182 3142 ὡς
2217 3078 2484 3149 πρότερον
2511 3072 2822 3138 συσκιὰζει.
2859 3075 3009 3127 Ποιεί
3037 3073 3095 3126 δὲ
3133 3071 3294 3125 τοῦτο
3341 3069 3543 3140 μᾶλλον
3587 3068 3691 3121 αύ-

412 3179 523 3218 uon
564 3179 686 3222 esse
710 3165 1038 3221 beneﬁcium
1063 3168 1389 3233 humanum,
1422 3169 1519 3226 sed
1552 3170 1821 3227 divinum.
1856 3171 1996 3228 Deus

2102 3173 2229 3235 τοὺς
2260 3169 2643 3241 ἐπαγαγέσθαι
2697 3168 3046 3239 βουλόμενος.
3104 3166 3258 3237 Ὀσῳ
3319 3164 3432 3235 γὰρ
3478 3163 3691 3263 ἐδείκνυ

414 3265 628 3326 patrum
664 3267 977 3313 nostrorum
1032 3259 1327 3314 illustravit
1359 3259 1558 3316 Filium
1599 3277 1759 3317 suum
1787 3262 1999 3321 Jesum.

416 3348 612 3403 Adhuc
640 3348 1030 3404 humilioribus
1055 3349 1285 3414 insistit,
1310 3351 1525 3408 facinus
1566 3361 1750 3408 tamen
1783 3354 2000 3411 illorum

413 3446 727 3507 exaggerat,
763 3452 893 3502 non,
919 3446 979 3498 ut
1004 3439 1179 3508 pr-ius,
1213 3441 1478 3496 obvolvit.
1529 3440 1586 3497 id
1618 3454 1799 3497 autem
1851 3444 1999 3514 facit,

412 3541 526 3597 quo
562 3528 736 3598 magis
764 3528 887 3585 illos
934 3531 1143 3585 alliciat
1190 3542 1247 3587 et
1298 3534 1556 3590 adducat.
1603 3536 1818 3602 Quanto
1852 3538 1997 3594 enim

414 3619 589 3690 magis
620 3620 745 3676 illos
774 3621 991 3676 crimini
1026 3622 1296 3679 obnoxios
1320 3634 1378 3680 et
1429 3636 1618 3682 sontes
1646 3627 1995 3695 ostendebat,

413 3719 570 3764 tanto
599 3710 775 3780 magis
824 3710 876 3765 id
904 3712 1211 3768 eveniebat.
1247 3714 1424 3780 Quem
1457 3730 1556 3770 vos
1588 3715 1911 3786 prodidistis
1945 3725 2002 3771 et

411 3802 731 3870 ubuegastis
772 3817 956 3857 curant
984 3801 1182 3869 Pilato,
1206 3818 1331 3859 cum
1378 3805 1471 3861 ille
1523 3808 1829 3875 iudicasset
1872 3824 1998 3863 eum

408 3908 535 3950 esse
560 3895 977 3952 absolvendum.
1031 3895 1150 3952 Duo
1180 3899 1412 3953 crimina
1438 3910 1826 3970 proponuntur
1858 3921 1870 3957 :
1905 3901 1998 3956 Pi-

408 3987 558 4042 latus
589 3986 755 4041 homo
788 3988 1015 4044 Graecus
1045 3998 1101 4044 et
1130 3991 1372 4058 gentilis,
1403 3991 1497 4061 qui
1527 3993 1736 4047 nullum
1783 3994 1997 4049 viderat

415 4079 659 4148 signum,
704 4076 800 4148 qui
880 4080 1151 4135 nemiuem
1187 4083 1581 4151 pr0phetarum
1637 4094 1992 4153 cognoverat,

413 4169 700 4224 absolvere
737 4179 792 4224 et
826 4170 1109 4226 dimittere
1135 4173 1386 4229 volebat:
1416 4183 1474 4228 et
1513 4189 1631 4243 vos,
1663 4177 1811 4245 quod
1861 4179 1996 4234 estis

414 4262 482 4315 ad
511 4259 732 4315 taedium
769 4276 946 4330 usque
997 4261 1316 4327 assuefacti,
1351 4265 1445 4332 qui
1502 4266 1556 4318 in
1609 4267 1906 4336 prophetiis
1927 4269 1995 4324 de

410 4352 636 4408 Christo
661 4354 1034 4423 occupamini,
1068 4353 1161 4409 illo
1190 4355 1477 4411 absolvere
1507 4357 1743 4436 volente,
1779 4374 1874 4414 vos
1895 4374 1991 4415 no-

408 4446 616 4502 luistis.
658 4444 921 4501 Sanctum
946 4454 1002 4502 et
1041 4447 1250 4517 justum
1279 4447 1631 4518 repudiastis,
1671 4461 1727 4505 et
1746 4453 1997 4521 postula-

2107 3263 2464 3328 ὑπευθύνους,
2526 3259 2767 3329 τοσούτῳ
2838 3259 3040 3329 μᾶλλον
3097 3257 3259 3311 τοῦτο
3307 3256 3535 3325 ἐγίνετο.
3592 3254 3692 3309 Ὃν

2106 3357 2264 3427 ὑμεῖς
2294 3351 2646 3424 παρεδώκατε
2672 3353 2764 3407 καὶ
2788 3349 3101 3424 ἠρνήσασθε
3149 3349 3314 3404 αὐτὸν
3346 3348 3488 3403 κατὰ
3518 3348 3694 3417 πρόσ-

2103 3465 2253 3502 ωπον
2294 3447 2531 3500 Πιλάτου
2586 3444 2876 3516 κρίναντος
2904 3445 3115 3497 ἐκείνου
3170 3440 3453 3496 ἀπολύειν.
3485 3438 3591 3492 Δύο
3621 3436 3692 3491 τὰ

2103 3541 2452 3610 ἐγκλήματα·
2487 3539 2568 3590 ὅτι
2600 3537 2831 3599 Πιλάτος
2860 3535 3053 3607 ἢθελεν
3086 3532 3369 3597 ἀπολύειν,
3398 3531 3692 3600 ἅνθρωπος

2104 3631 2328 3701 Ἕλλην,
2363 3629 2531 3702 μηδὲν
2563 3631 2789 3698 σημεῖον
2836 3624 2979 3691 ἰδὼν,
3024 3626 3226 3697 μηδένα
3257 3624 3366 3677 τῶν
3391 3620 3692 3695 προφητῶν

2102 3723 2358 3793 ἐγνωκώς
2385 3723 2504 3777 ’καὶ
2520 3723 2602 3777 ὅτι
2620 3723 2799 3792 ὑμεῖς,
2817 3720 3059 3773 Ἰουδαῖοι
3088 3719 3262 3781 ὄντες,
3294 3718 3404 3778 τοῖς
3437 3715 3691 3786 σημείοις

2101 3815 2757 3887 ἐγκατατριόέντες,ταῖς
2790 3811 2884 3865 τοῦ
2923 3810 3157 3883 Χριστοῦ
3190 3807 3548 3881 προφητείαις
3565 3806 3691 3858 ἐνα-

2103 3908 2296 3980 σχολού
2304 3925 2453 3979 μενοι
2463 3906 2691 3973 ,ἐκείνου
2704 3905 2951 3967 θέλοντος
2963 3902 3243 3966 ἀπολύειν,
3257 3905 3354 3954 οὐκ
3372 3899 3528 3971 ἐθελή
3536 3913 3684 3953 σατε.

2100 3999 2205 4053 Τὸν
2232 3998 2388 4066 ἅγιον
2409 3999 2505 4051 καὶ
2525 3997 2730 4049 δίκαιον
2749 3996 2887 4066 ὴρνή
2897 3995 3083 4059 σασθε,
3101 3994 3195 4046 καὶ
3219 3990 3497 4063 ᾐτήσασθε
3515 3989 3690 4058 ἄνδρα

2100 4089 2265 4158 φονέα
2292 4102 2306 4119 ⁶
2346 4085 2517 4141 εἰπὼν
2539 4086 2616 4154 δέ,
2645 4086 2728 4139 ὅτι
2767 4085 2909 4138 Ἀπ’
2942 4083 3107 4137 αὑτοῦ
3149 4081 3354 4154 λῃστὴν
3381 4077 3682 4151 ᾐτήσασθε,

2099 4182 2307 4251 σφόδρα
2335 4180 2574 4251 ἐδήλωσε
2603 4178 2665 4230 τὸ
2696 4179 2931 4248 πρᾶγμα
2955 4193 2971 4209 ·
3000 4175 3253 4229 Δείκνυσι
3310 4172 3420 4242 γὰρ
3462 4173 3547 4225 ὅτι
3588 4168 3686 4224 καὶ

2099 4271 2363 4341 ἠδύναντο
2401 4269 2681 4323 ἀπολύειν.
2710 4266 2773 4320 ΕΞ
2798 4269 2908 4338 γὰρ
2934 4267 3026 4319 τὸν
3058 4266 3286 4338 λῃστὴν,
3331 4263 3513 4331 πολλῷ
3546 4260 3685 4332 μᾶλα

2103 4363 2194 4415 λον
2217 4361 2309 4415 τὸν
2333 4361 2596 4413 ἀναίτιονο
2629 4360 2678 4412 οἱ
2713 4359 2771 4413 δὲ
2795 4360 2887 4412 τὸν
2904 4359 3215 4429 κακοῦργον
3243 4355 3405 4427 μόνον
3431 4354 3645 4425 ἠθὼουν
3665 4367 3681 4383 ⁸

2098 4452 2192 4507 τὸν
2225 4452 2284 4504 δέ
2311 4450 2615 4520 εὐεργέτην
2644 4448 2995 4502 ἀπέκτειναν.
3043 4448 3147 4500 Τὸν
3181 4446 3290 4517 γάρ
3336 4445 3386 4478 ⁸⁸
3441 4441 3685 4515 ἀρχηγὸν

406 4541 509 4593 stis
530 4539 705 4593 virum
763 4538 1113 4594 homicidam.
1145 4540 1281 4594 Cum
1331 4540 1562 4597 dixisset
1614 4550 1796 4596 autem
1833 4561 1846 4596 :
1888 4543 1994 4598 Pro

2101 4548 2199 4616 τῆς
2228 4543 2393 4613 ζωῆς.
2427 4543 2489 4595 Ei
2519 4542 2629 4612 γὰρ
2658 4540 2901 4613 ἀρχηγὸς
2935 4540 3034 4610 τῆς
3062 4538 3229 4608 ζωῆς,
3271 4537 3434 4595 αὐτὸς
3489 4532 3682 4588 ἐαυτὸν

407 4633 507 4683 illo
539 4630 871 4685 homicidam
905 4631 1163 4700 petiistis,
1192 4646 1303 4685 rem
1332 4634 1478 4688 clare
1495 4633 1992 4702 patefecit.0sten-

410 4722 494 4777 dit
521 4723 691 4788 enim,
741 4726 908 4777 etiam
958 4723 1203 4792 potuisse
1253 4725 1378 4779 illos
1431 4725 1752 4792 absolvere;
1791 4741 1915 4780 nam
1945 4729 1991 4782 si

410 4816 702 4876 latronem,
730 4814 902 4869 multo
931 4819 1106 4886 magis
1130 4816 1398 4872 insontem
1429 4833 1443 4870 :
1477 4826 1534 4872 at
1577 4817 1653 4871 illi
1682 4818 1989 4875 malelicum

407 4906 587 4961 solum
641 4906 963 4974 liberarunt,
1026 4908 1430 4964 benel'actorem
1466 4917 1648 4964 autem
1695 4910 1990 4967 interfece-

403 5008 559 5056 runt.
588 4999 881 5055 Auctorem
918 5011 1100 5061 autem
1135 5002 1277 5057 vitae.
1320 5002 1374 5058 Si
1404 5004 1549 5057 enim
1575 5012 1770 5059 auctor
1796 5018 1878 5060 ρει
1911 5006 1991 5060 vi-

404 5100 494 5154 tm,
530 5090 647 5159 ipse
670 5106 792 5146 sese
825 5092 1198 5159 resuscitavit,
1234 5094 1436 5163 quippe
1476 5095 1527 5147 in
1584 5110 1705 5149 sese
1735 5097 1901 5150 vitam
1935 5107 1989 5152 et

411 5183 538 5237 vitae
574 5198 799 5238 causam
828 5185 1059 5240 habens.
1094 5185 1266 5253 Cuius
1300 5186 1376 5240 rei
1408 5201 1507 5241 nos
1533 5194 1703 5241 testes
1759 5187 1870 5257 39
1893 5205 1981 5243 su-

408 5290 553 5329 mus.
606 5274 752 5337 Non,
811 5280 955 5331 sicut
997 5279 1170 5347 prius,
1198 5279 1263 5332 ad
1325 5279 1666 5348 prophetiam
1695 5281 1935 5350 confugit
1970 5299 1983 5335 :

409 5362 529 5428 sed,
566 5367 824 5433 quoniam
870 5367 917 5420 ei
948 5368 1058 5435 jam
1092 5368 1250 5421 iidem
1287 5367 1581 5432 habebant,
1618 5378 1819 5423 cretum
1853 5386 1986 5440 apo-

407 5454 672 5509 stolorum
717 5468 885 5512 testes
940 5458 1233 5527 producit:
1270 5460 1443 5526 Cujus
1491 5461 1566 5516 rei
1601 5476 1722 5525 nos,
1779 5462 1983 5531 inquit,

406 5557 600 5598 sumus
633 5553 817 5601 testes.
850 5548 1209 5603 Contirmavit
1234 5566 1297 5603 ae
1321 5550 1579 5617 restituit,
1617 5549 1860 5620 inquam,
1892 5568 1987 5607 uo-

2102 4638 2419 4707 ἀνέστησεν,
2439 4636 2515 4698 ὡς
2529 4636 2587 4689 ἐν
2616 4633 2796 4705 ἐαυτῷ
2816 4633 2956 4704 ἔχων
2978 4634 3076 4705 τὴν
3109 4632 3253 4703 ζωὴν
3270 4632 3366 4685 καὶ
3380 4631 3481 4699 τὴν
3501 4629 3684 4684 αἰτίαν

2100 4733 2199 4801 τῆς
2239 4723 2499 4798 ζωῆς.οὗ
2545 4729 2706 4798 ἡμεῖς
2746 4726 3025 4796 μάρτυρές
3057 4726 3243 4792 ἐσμεν.
3285 4722 3686 4792 υύκέτιῶσπερ

2103 4822 2369 4893 πρότερον
2398 4823 2479 4883 είς
2528 4818 2868 4890 προφητείαν
2898 4816 3235 4886 καταφεύγει
3261 4832 3275 4843 ·
3308 4814 3426 4870 ἀλλ’
3491 4811 3680 4883 ἐπειδὴ

2102 4917 2415 4982 ἀξιόπιστος
2446 4917 2629 4978 αὐτοῖς
2648 4909 2739 4984 ἦν,
2787 4913 2880 4966 τὸν
2913 4912 3073 4983 χορὸν
3129 4911 3372 4981 παράγει
3403 4908 3511 4962 τῶν
3539 4909 3679 4960 ἀπο-

2099 5010 2304 5064 στόλων
2323 5025 2339 5040 ·
2368 5002 2430 5063 οὗ
2457 5010 2641 5078 ἡμεῖς,
2679 5006 2866 5077 φησὶν,
2892 5003 3062 5074 ἐσμὲν
3118 5003 3394 5073 μάρτυρές
3420 5017 3434 5032 ·
3497 4999 3683 5052 Ἐστε-

2105 5103 2277 5172 ρέωσε
2326 5102 2388 5154 τὸ
2419 5101 2590 5169 ὄνομα
2620 5097 2810 5152 αὐτοῦ.
2840 5095 3047 5163 Εἰπὼν,
3072 5094 3173 5147 ἐπὶ
3201 5093 3276 5163 τῇ
3307 5095 3509 5146 ,πίστει
3569 5090 3681 5145 τοῦ

2099 5194 2387 5262 ὀνόματος
2413 5190 2601 5245 αὑτοῦ
2625 5207 2640 5221 ο
2677 5188 2868 5267 ἐπειδὴ
2898 5188 3044 5241 οὕτω
3065 5187 3363 5249 πιστεύσας
3386 5182 3454 5258 ἦν
3505 5184 3534 5237 ὁ
3583 5185 3679 5253 ὀρ-

2098 5284 2316 5349 θωθεὶς,
2348 5281 2826 5351 ἐπιδιορθούμενος
2850 5280 2943 5334 τὸν
2975 5279 3136 5348 λόγον
3181 5279 3337 5348 φησὶ,
3389 5278 3451 5329 τὸ
3501 5276 3677 5345 ὄνομα

2096 5372 2263 5427 αὑτοῦ
2295 5372 2630 5443 ἐστερέωσεν
2654 5370 2838 5425 αὐτόν.
2879 5369 3164 5432 Τουτέστι,
3210 5367 3263 5420 τί
3306 5366 3451 5435 λέγω
3478 5365 3560 5418 ὅτι
3587 5380 3679 5417 πι-

2101 5464 2335 5523 στεύσας
2362 5463 2455 5515 ἐπὶ
2492 5461 2556 5513 τὸ
2582 5461 2758 5530 ὄνομα
2780 5458 2948 5515 αὐτοῦ
2977 5456 3286 5529 ἐστερεώθη
3324 5473 3340 5523 ;
3378 5456 3488 5509 Καὶ
3536 5454 3671 5523 πρὶν

2095 5556 2128 5623 ἢ
2168 5555 2464 5617 πιστεύσας
2492 5554 2537 5586 ⁸⁷
2578 5553 2639 5605 τὸ
2660 5552 2833 5623 ὄνομα
2875 5553 3037 5623 μόνον
3098 5547 3395 5618 ἐπικληθὲν
3449 5544 3676 5615 ἐστερέ-

1592 5686 1792 5747 Variae
1822 5687 2134 5750 lectiones
2172 5694 2233 5749 et
2278 5696 2466 5749 noue.

485 5825 529 5857 ⁸³
565 5827 808 5894 ἥνῖγκξν,
885 5833 928 5864 ⁸⁵
961 5832 1069 5897 Ῐσ,,
1100 5832 1170 5895 ὡς
1204 5832 1279 5885 τὸ.
1357 5832 1401 5863 ⁸⁵
1427 5833 1635 5900 ἴση,δῇ

1712 5837 1757 5868 ⁵⁷
1792 5838 2081 5891 πιστεῦσαι
2096 5878 2109 5902 ,
2138 5838 2226 5893 7σ.
