  <div class='ocr_page' id='page_1' title='image "/cluster/home/n/w/nwhite01/storage/ocr_20150623/125:no.3/coo.31924054870302/290.png"; bbox 0 0 4070 6412; ppageno 0'>
   <div class='ocr_carea' id='block_1_1' title="bbox 347 391 453 456">
    <p class='ocr_par' dir='ltr' id='par_1_1' title="bbox 347 391 453 456">
     <span class='ocr_line' id='line_1_1' title="bbox 347 391 453 456; baseline 0.009 -1"><span class='ocrx_word' id='word_1_1' title='bbox 347 391 453 456; x_wconf 77' lang='grc'>535</span> 
     </span>
    </p>
   </div>
   <div class='ocr_carea' id='block_1_2' title="bbox 1064 395 2874 464">
    <p class='ocr_par' dir='ltr' id='par_1_2' title="bbox 1064 395 2874 464">
     <span class='ocr_line' id='line_1_2' title="bbox 1064 395 2874 464; baseline 0.004 -8"><span class='ocrx_word' id='word_1_2' title='bbox 1064 395 1473 457; x_wconf 81' lang='lat' dir='ltr'><strong>EXPOSITIO</strong></span> <span class='ocrx_word' id='word_1_3' title='bbox 1508 397 1584 457; x_wconf 79' lang='lat' dir='ltr'><strong>IN</strong></span> <span class='ocrx_word' id='word_1_4' title='bbox 1627 397 1811 457; x_wconf 75' lang='lat' dir='ltr'><strong>ACTA</strong></span> <span class='ocrx_word' id='word_1_5' title='bbox 1854 396 2430 461; x_wconf 75' lang='lat' dir='ltr'><strong>APOSTOLORUM.</strong></span> <span class='ocrx_word' id='word_1_6' title='bbox 2468 402 2713 463; x_wconf 79' lang='lat' dir='ltr'><strong>—CAP.</strong></span> <span class='ocrx_word' id='word_1_7' title='bbox 2763 402 2874 464; x_wconf 88' lang='grc' dir='ltr'><strong>[ΙΙ.</strong></span> 
     </span>
    </p>
   </div>
   <div class='ocr_carea' id='block_1_3' title="bbox 3515 400 3627 465">
    <p class='ocr_par' dir='ltr' id='par_1_3' title="bbox 3515 400 3627 465">
     <span class='ocr_line' id='line_1_3' title="bbox 3515 400 3627 465; baseline 0.018 -2"><span class='ocrx_word' id='word_1_8' title='bbox 3515 400 3627 465; x_wconf 68' lang='lat'><strong>566</strong></span> 
     </span>
    </p>
   </div>
   <div class='ocr_carea' id='block_1_4' title="bbox 349 503 1949 584">
    <p class='ocr_par' dir='ltr' id='par_1_4' title="bbox 349 503 1932 579">
     <span class='ocr_line' id='line_1_4' title="bbox 349 503 1932 579; baseline 0.001 -22"><span class='ocrx_word' id='word_1_9' title='bbox 349 522 493 558; x_wconf 88' lang='grc' dir='ltr'><strong>ωσεν</strong></span> <span class='ocrx_word' id='word_1_10' title='bbox 522 505 711 559; x_wconf 66' lang='grc' dir='ltr'><strong>αὐτόν.</strong></span> <span class='ocrx_word' id='word_1_11' title='bbox 754 503 1039 578; x_wconf 81' lang='grc' dir='ltr'><strong>Τοσαύτην</strong></span> <span class='ocrx_word' id='word_1_12' title='bbox 1073 506 1188 578; x_wconf 77' lang='grc' dir='ltr'><strong>ἔχει</strong></span> <span class='ocrx_word' id='word_1_13' title='bbox 1219 506 1316 579; x_wconf 79' lang='grc' dir='ltr'><strong>τὴν</strong></span> <span class='ocrx_word' id='word_1_14' title='bbox 1352 507 1505 577; x_wconf 78' lang='grc' dir='ltr'><strong>ἰσχὺν</strong></span> <span class='ocrx_word' id='word_1_15' title='bbox 1551 507 1646 563; x_wconf 77' lang='grc' dir='ltr'><strong>καὶ</strong></span> <span class='ocrx_word' id='word_1_16' title='bbox 1694 508 1932 579; x_wconf 78' lang='grc' dir='ltr'><strong>πηγάζει</strong></span> 
     </span>
    </p>
   </div>
   <div class='ocr_carea' id='block_1_5' title="bbox 2051 503 3620 584">
    <p class='ocr_par' dir='ltr' id='par_1_5' title="bbox 2051 509 3620 584">
     <span class='ocr_line' id='line_1_5' title="bbox 2051 509 3620 584; baseline 0.008 -26"><span class='ocrx_word' id='word_1_17' title='bbox 2051 525 2160 563; x_wconf 85' lang='lat' dir='ltr'><strong>non</strong></span> <span class='ocrx_word' id='word_1_18' title='bbox 2196 509 2361 566; x_wconf 84' lang='lat' dir='ltr'><strong>illius.</strong></span> <span class='ocrx_word' id='word_1_19' title='bbox 2399 511 2533 565; x_wconf 87' lang='lat' dir='ltr'><strong>Cum</strong></span> <span class='ocrx_word' id='word_1_20' title='bbox 2589 513 2837 577; x_wconf 61' lang='lat' dir='ltr'><strong>dixisset,</strong></span> <span class='ocrx_word' id='word_1_21' title='bbox 2912 513 3135 580; x_wconf 79' lang='lat' dir='ltr'><strong>Propter</strong></span> <span class='ocrx_word' id='word_1_22' title='bbox 3187 516 3345 584; x_wconf 79' lang='lat' dir='ltr'><strong>ﬁdem</strong></span> <span class='ocrx_word' id='word_1_23' title='bbox 3393 517 3620 570; x_wconf 83' lang='lat' dir='ltr'><strong>nominis</strong></span> 
     </span>
    </p>
   </div>
   <div class='ocr_carea' id='block_1_6' title="bbox 351 596 1936 673">
    <p class='ocr_par' dir='ltr' id='par_1_6' title="bbox 351 596 1936 673">
     <span class='ocr_line' id='line_1_6' title="bbox 351 596 1936 673; baseline 0.003 -24"><span class='ocrx_word' id='word_1_24' title='bbox 351 596 451 667; x_wconf 75' lang='grc' dir='ltr'><strong>τὴν</strong></span> <span class='ocrx_word' id='word_1_25' title='bbox 474 596 655 667; x_wconf 60' lang='grc' dir='ltr'><strong>χὲριν.</strong></span> <span class='ocrx_word' id='word_1_26' title='bbox 688 599 797 650; x_wconf 80' lang='grc' dir='ltr'><strong>Καὶ</strong></span> <span class='ocrx_word' id='word_1_27' title='bbox 826 599 860 669; x_wconf 75' lang='grc' dir='ltr'><strong>ἡ</strong></span> <span class='ocrx_word' id='word_1_28' title='bbox 895 598 1079 662; x_wconf 79' lang='grc' dir='ltr'><strong>πίστις</strong></span> <span class='ocrx_word' id='word_1_29' title='bbox 1125 600 1159 670; x_wconf 82' lang='grc' dir='ltr'><strong>ὴ</strong></span> <span class='ocrx_word' id='word_1_30' title='bbox 1191 599 1259 651; x_wconf 83' lang='grc' dir='ltr'><strong>δι’</strong></span> <span class='ocrx_word' id='word_1_31' title='bbox 1288 599 1478 653; x_wconf 77' lang='grc' dir='ltr'><strong>αὑτοῦ.</strong></span> <span class='ocrx_word' id='word_1_32' title='bbox 1510 601 1607 663; x_wconf 86' lang='grc' dir='ltr'><strong>Τίς</strong></span> <span class='ocrx_word' id='word_1_33' title='bbox 1630 600 1688 654; x_wconf 84' lang='grc' dir='ltr'><strong>δέ</strong></span> <span class='ocrx_word' id='word_1_34' title='bbox 1720 606 1869 654; x_wconf 74' lang='grc' dir='ltr'><strong>ἐστιν</strong></span> <span class='ocrx_word' id='word_1_35' title='bbox 1901 604 1936 673; x_wconf 82' lang='grc' dir='ltr'><strong>ή</strong></span> 
     </span>
    </p>
   </div>
   <div class='ocr_carea' id='block_1_7' title="bbox 352 687 1932 763">
    <p class='ocr_par' dir='ltr' id='par_1_7' title="bbox 352 687 1932 763">
     <span class='ocr_line' id='line_1_7' title="bbox 352 687 1932 763; baseline 0.004 -24"><span class='ocrx_word' id='word_1_36' title='bbox 352 688 559 751; x_wconf 78' lang='grc' dir='ltr'><strong>πίστις.</strong></span> <span class='ocrx_word' id='word_1_37' title='bbox 587 689 620 757; x_wconf 83' lang='grc' dir='ltr'><strong>ἡ</strong></span> <span class='ocrx_word' id='word_1_38' title='bbox 652 688 722 740; x_wconf 78' lang='grc' dir='ltr'><strong>δι’</strong></span> <span class='ocrx_word' id='word_1_39' title='bbox 760 687 923 742; x_wconf 80' lang='grc' dir='ltr'><strong>αὐτὸν</strong></span> <span class='ocrx_word' id='word_1_40' title='bbox 954 688 1313 760; x_wconf 84' lang='grc' dir='ltr'><strong>κηρυχθεῖσα,</strong></span> <span class='ocrx_word' id='word_1_41' title='bbox 1373 690 1537 753; x_wconf 79' lang='grc' dir='ltr'><strong>αὐτὸς</strong></span> <span class='ocrx_word' id='word_1_42' title='bbox 1591 691 1887 763; x_wconf 83' lang='grc' dir='ltr'><strong>ὲρμηνεύει</strong></span> <span class='ocrx_word' id='word_1_43' title='bbox 1917 709 1932 724; x_wconf 80' lang='lat'><strong><em>°</em></strong></span> 
     </span>
    </p>
   </div>
   <div class='ocr_carea' id='block_1_8' title="bbox 353 776 1936 851">
    <p class='ocr_par' dir='ltr' id='par_1_8' title="bbox 353 776 1936 851">
     <span class='ocr_line' id='line_1_8' title="bbox 353 776 1936 851; baseline 0.003 -20"><span class='ocrx_word' id='word_1_44' title='bbox 353 779 442 831; x_wconf 85' lang='grc' dir='ltr'><strong>ἴνα</strong></span> <span class='ocrx_word' id='word_1_45' title='bbox 470 776 783 846; x_wconf 75' lang='grc' dir='ltr'><strong>γινώσκωσί</strong></span> <span class='ocrx_word' id='word_1_46' title='bbox 814 797 874 832; x_wconf 89' lang='grc' dir='ltr'><strong>σε</strong></span> <span class='ocrx_word' id='word_1_47' title='bbox 893 779 986 832; x_wconf 72' lang='grc' dir='ltr'><strong>τὸν</strong></span> <span class='ocrx_word' id='word_1_48' title='bbox 1012 780 1174 851; x_wconf 82' lang='grc' dir='ltr'><strong>μόνον</strong></span> <span class='ocrx_word' id='word_1_49' title='bbox 1204 779 1459 851; x_wconf 84' lang='grc' dir='ltr'><strong>ἀληθινὸν</strong></span> <span class='ocrx_word' id='word_1_50' title='bbox 1488 780 1622 834; x_wconf 82' lang='grc' dir='ltr'><strong>Θεὸν</strong></span> <span class='ocrx_word' id='word_1_51' title='bbox 1648 798 1662 812; x_wconf 92' lang='grc'><strong>·</strong></span> <span class='ocrx_word' id='word_1_52' title='bbox 1721 782 1819 836; x_wconf 69' lang='grc' dir='ltr'><strong>καὶ</strong></span> <span class='ocrx_word' id='word_1_53' title='bbox 1875 782 1936 835; x_wconf 87' lang='grc' dir='ltr'><strong>ὃν</strong></span> 
     </span>
    </p>
   </div>
   <div class='ocr_carea' id='block_1_9' title="bbox 350 868 1938 944">
    <p class='ocr_par' dir='ltr' id='par_1_9' title="bbox 350 868 1938 944">
     <span class='ocr_line' id='line_1_9' title="bbox 350 868 1938 944; baseline 0.003 -23"><span class='ocrx_word' id='word_1_54' title='bbox 350 868 684 931; x_wconf 71' lang='grc' dir='ltr'><strong>ἀπέστειλας</strong></span> <span class='ocrx_word' id='word_1_55' title='bbox 728 868 961 941; x_wconf 73' lang='grc' dir='ltr'><strong>Ἰησοῦν.</strong></span> <span class='ocrx_word' id='word_1_56' title='bbox 995 870 1116 924; x_wconf 84' lang='grc' dir='ltr'><strong>Ἵνα</strong></span> <span class='ocrx_word' id='word_1_57' title='bbox 1138 870 1250 941; x_wconf 83' lang='grc' dir='ltr'><strong>γὰρ</strong></span> <span class='ocrx_word' id='word_1_58' title='bbox 1286 870 1360 940; x_wconf 85' lang='grc' dir='ltr'><strong>μή</strong></span> <span class='ocrx_word' id='word_1_59' title='bbox 1393 889 1476 933; x_wconf 88' lang='grc' dir='ltr'><strong>τις</strong></span> <span class='ocrx_word' id='word_1_60' title='bbox 1506 873 1636 944; x_wconf 78' lang='grc' dir='ltr'><strong>εἴπῃ</strong></span> <span class='ocrx_word' id='word_1_61' title='bbox 1662 888 1677 905; x_wconf 87' lang='grc'><strong>·</strong></span> <span class='ocrx_word' id='word_1_62' title='bbox 1742 872 1938 927; x_wconf 81' lang='grc' dir='ltr'><strong>οὐκοῦν</strong></span> 
     </span>
    </p>
   </div>
   <div class='ocr_carea' id='block_1_10' title="bbox 351 960 1938 1035">
    <p class='ocr_par' dir='ltr' id='par_1_10' title="bbox 351 960 1938 1035">
     <span class='ocr_line' id='line_1_10' title="bbox 351 960 1938 1035; baseline 0.004 -22"><span class='ocrx_word' id='word_1_63' title='bbox 351 961 455 1013; x_wconf 69' lang='grc' dir='ltr'><strong>κᾶν</strong></span> <span class='ocrx_word' id='word_1_64' title='bbox 476 960 704 1025; x_wconf 76' lang='grc' dir='ltr'><strong>ἄπιστος</strong></span> <span class='ocrx_word' id='word_1_65' title='bbox 728 962 1121 1032; x_wconf 72' lang='grc' dir='ltr'><strong>ἐπικαλέσηται</strong></span> <span class='ocrx_word' id='word_1_66' title='bbox 1162 964 1224 1018; x_wconf 77' lang='grc' dir='ltr'><strong>τὸ</strong></span> <span class='ocrx_word' id='word_1_67' title='bbox 1250 965 1419 1035; x_wconf 82' lang='grc' dir='ltr'><strong>δνομα</strong></span> <span class='ocrx_word' id='word_1_68' title='bbox 1450 964 1637 1032; x_wconf 84' lang='grc' dir='ltr'><strong>αὑτοῦ,</strong></span> <span class='ocrx_word' id='word_1_69' title='bbox 1690 966 1795 1020; x_wconf 79' lang='grc' dir='ltr'><strong>κᾶν</strong></span> <span class='ocrx_word' id='word_1_70' title='bbox 1845 967 1938 1021; x_wconf 74' lang='grc' dir='ltr'><strong>ὲπὶ</strong></span> 
     </span>
    </p>
   </div>
   <div class='ocr_carea' id='block_1_11' title="bbox 350 1049 1937 1129">
    <p class='ocr_par' dir='ltr' id='par_1_11' title="bbox 350 1049 1937 1129">
     <span class='ocr_line' id='line_1_11' title="bbox 350 1049 1937 1129; baseline 0.004 -24"><span class='ocrx_word' id='word_1_71' title='bbox 350 1050 623 1123; x_wconf 73' lang='grc' dir='ltr'><strong>θεραπείᾳ</strong></span> <span class='ocrx_word' id='word_1_72' title='bbox 674 1052 936 1117; x_wconf 76' lang='grc' dir='ltr'><strong>ἀπίστους</strong></span> <span class='ocrx_word' id='word_1_73' title='bbox 960 1054 1011 1085; x_wconf 76' lang='grc'><strong>’⁸³</strong></span> <span class='ocrx_word' id='word_1_74' title='bbox 1034 1054 1189 1108; x_wconf 78' lang='grc' dir='ltr'><strong>οὐδὲν</strong></span> <span class='ocrx_word' id='word_1_75' title='bbox 1244 1049 1407 1127; x_wconf 81' lang='grc' dir='ltr'><strong>ἧττον</strong></span> <span class='ocrx_word' id='word_1_76' title='bbox 1453 1058 1602 1120; x_wconf 75' lang='grc' dir='ltr'><strong>’ἴασις</strong></span> <span class='ocrx_word' id='word_1_77' title='bbox 1646 1061 1937 1129; x_wconf 85' lang='grc' dir='ltr'><strong>προχωρὴ-</strong></span> 
     </span>
    </p>
   </div>
   <div class='ocr_carea' id='block_1_12' title="bbox 353 1142 1937 1220">
    <p class='ocr_par' dir='ltr' id='par_1_12' title="bbox 353 1142 1937 1220">
     <span class='ocr_line' id='line_1_12' title="bbox 353 1142 1937 1220; baseline 0.006 -26"><span class='ocrx_word' id='word_1_78' title='bbox 353 1158 459 1205; x_wconf 84' lang='grc' dir='ltr'><strong>σει,</strong></span> <span class='ocrx_word' id='word_1_79' title='bbox 485 1142 645 1212; x_wconf 83' lang='grc' dir='ltr'><strong>ετπερ</strong></span> <span class='ocrx_word' id='word_1_80' title='bbox 667 1145 701 1214; x_wconf 75' lang='grc' dir='ltr'><strong>ἡ</strong></span> <span class='ocrx_word' id='word_1_81' title='bbox 733 1145 1026 1217; x_wconf 76' lang='grc' dir='ltr'><strong>ἐπίκλησις</strong></span> <span class='ocrx_word' id='word_1_82' title='bbox 1060 1146 1196 1216; x_wconf 85' lang='grc' dir='ltr'><strong>μόνη</strong></span> <span class='ocrx_word' id='word_1_83' title='bbox 1227 1146 1320 1200; x_wconf 83' lang='grc' dir='ltr'><strong>τοῦ</strong></span> <span class='ocrx_word' id='word_1_84' title='bbox 1347 1148 1615 1219; x_wconf 77' lang='grc' dir='ltr'><strong>ὀνόματος</strong></span> <span class='ocrx_word' id='word_1_85' title='bbox 1667 1150 1937 1220; x_wconf 79' lang='grc' dir='ltr'><strong>ἐστερέω-</strong></span> 
     </span>
    </p>
   </div>
   <div class='ocr_carea' id='block_1_13' title="bbox 355 1230 1938 1310">
    <p class='ocr_par' dir='ltr' id='par_1_13' title="bbox 355 1230 1938 1310">
     <span class='ocr_line' id='line_1_13' title="bbox 355 1230 1938 1310; baseline 0.008 -25"><span class='ocrx_word' id='word_1_86' title='bbox 355 1248 467 1286; x_wconf 74' lang='grc' dir='ltr'><strong>σεν*</strong></span> <span class='ocrx_word' id='word_1_87' title='bbox 511 1233 599 1287; x_wconf 71' lang='grc' dir='ltr'><strong>ἵνα</strong></span> <span class='ocrx_word' id='word_1_88' title='bbox 620 1230 715 1289; x_wconf 73' lang='grc' dir='ltr'><strong>οὖν</strong></span> <span class='ocrx_word' id='word_1_89' title='bbox 760 1236 835 1309; x_wconf 70' lang='grc' dir='ltr'><strong>μή</strong></span> <span class='ocrx_word' id='word_1_90' title='bbox 863 1255 946 1301; x_wconf 89' lang='grc' dir='ltr'><strong>τις</strong></span> <span class='ocrx_word' id='word_1_91' title='bbox 969 1236 1128 1292; x_wconf 79' lang='grc' dir='ltr'><strong>τοῦτο</strong></span> <span class='ocrx_word' id='word_1_92' title='bbox 1149 1239 1301 1310; x_wconf 79' lang='grc' dir='ltr'><strong>εἴπῃ,</strong></span> <span class='ocrx_word' id='word_1_93' title='bbox 1333 1241 1602 1310; x_wconf 76' lang='grc' dir='ltr'><strong>ἐπήγαγε,</strong></span> <span class='ocrx_word' id='word_1_94' title='bbox 1636 1240 1736 1295; x_wconf 77' lang='grc' dir='ltr'><strong>καὶ</strong></span> <span class='ocrx_word' id='word_1_95' title='bbox 1771 1242 1810 1309; x_wconf 73' lang='grc' dir='ltr'>ἡ</span> <span class='ocrx_word' id='word_1_96' title='bbox 1840 1243 1938 1296; x_wconf 79' lang='grc' dir='ltr'><strong>πί-</strong></span> 
     </span>
    </p>
   </div>
   <div class='ocr_carea' id='block_1_14' title="bbox 352 1325 1940 1405">
    <p class='ocr_par' dir='ltr' id='par_1_14' title="bbox 352 1325 1940 1405">
     <span class='ocr_line' id='line_1_14' title="bbox 352 1325 1940 1405; baseline 0.008 -30"><span class='ocrx_word' id='word_1_97' title='bbox 352 1338 492 1390; x_wconf 85' lang='grc' dir='ltr'><strong>στις</strong></span> <span class='ocrx_word' id='word_1_98' title='bbox 518 1325 558 1392; x_wconf 76' lang='grc' dir='ltr'>ἡ</span> <span class='ocrx_word' id='word_1_99' title='bbox 583 1325 659 1380; x_wconf 81' lang='grc' dir='ltr'><strong>δι’</strong></span> <span class='ocrx_word' id='word_1_100' title='bbox 682 1328 891 1393; x_wconf 78' lang='grc' dir='ltr'><strong>αὐτοῦ,</strong></span> <span class='ocrx_word' id='word_1_101' title='bbox 920 1330 1170 1383; x_wconf 83' lang='grc' dir='ltr'><strong>τουτέστι</strong></span> <span class='ocrx_word' id='word_1_102' title='bbox 1191 1348 1206 1362; x_wconf 88' lang='grc'><strong>·</strong></span> <span class='ocrx_word' id='word_1_103' title='bbox 1230 1334 1377 1401; x_wconf 86' lang='grc' dir='ltr'><strong>μέγα</strong></span> <span class='ocrx_word' id='word_1_104' title='bbox 1405 1332 1505 1403; x_wconf 86' lang='grc' dir='ltr'><strong>μέν</strong></span> <span class='ocrx_word' id='word_1_105' title='bbox 1536 1332 1657 1386; x_wconf 72' lang='grc' dir='ltr'><strong>ἐστι</strong></span> <span class='ocrx_word' id='word_1_106' title='bbox 1684 1333 1744 1386; x_wconf 82' lang='grc' dir='ltr'><strong>τὸ</strong></span> <span class='ocrx_word' id='word_1_107' title='bbox 1767 1332 1940 1405; x_wconf 77' lang='grc' dir='ltr'><strong>ὄνομα</strong></span> 
     </span>
    </p>
   </div>
   <div class='ocr_carea' id='block_1_15' title="bbox 356 1415 1940 1492">
    <p class='ocr_par' dir='ltr' id='par_1_15' title="bbox 356 1415 1940 1492">
     <span class='ocr_line' id='line_1_15' title="bbox 356 1415 1940 1492; baseline 0.008 -25"><span class='ocrx_word' id='word_1_108' title='bbox 356 1415 453 1467; x_wconf 63' lang='grc' dir='ltr'><strong>καὶ</strong></span> <span class='ocrx_word' id='word_1_109' title='bbox 479 1417 713 1486; x_wconf 67' lang='grc' dir='ltr'><strong>φοϐερὸν</strong></span> <span class='ocrx_word' id='word_1_110' title='bbox 734 1419 828 1471; x_wconf 75' lang='grc' dir='ltr'><strong>καὶ</strong></span> <span class='ocrx_word' id='word_1_111' title='bbox 852 1419 1004 1490; x_wconf 73' lang='grc' dir='ltr'><strong>βρύει</strong></span> <span class='ocrx_word' id='word_1_112' title='bbox 1039 1421 1213 1485; x_wconf 82' lang='grc' dir='ltr'><strong>ίάσεις</strong></span> <span class='ocrx_word' id='word_1_113' title='bbox 1238 1438 1252 1453; x_wconf 76' lang='grc'><strong>’</strong></span> <span class='ocrx_word' id='word_1_114' title='bbox 1277 1421 1414 1477; x_wconf 85' lang='grc' dir='ltr'><strong>ἀλλὰ</strong></span> <span class='ocrx_word' id='word_1_115' title='bbox 1463 1424 1634 1478; x_wconf 83' lang='grc' dir='ltr'><strong>δεῖται</strong></span> <span class='ocrx_word' id='word_1_116' title='bbox 1690 1427 1784 1479; x_wconf 69' lang='grc' dir='ltr'><strong>καὶ</strong></span> <span class='ocrx_word' id='word_1_117' title='bbox 1834 1426 1940 1492; x_wconf 79' lang='grc' dir='ltr'><strong>ψυ-</strong></span> 
     </span>
    </p>
   </div>
   <div class='ocr_carea' id='block_1_16' title="bbox 356 1505 1940 1589">
    <p class='ocr_par' dir='ltr' id='par_1_16' title="bbox 356 1505 1940 1589">
     <span class='ocr_line' id='line_1_16' title="bbox 356 1505 1940 1589; baseline 0.009 -32"><span class='ocrx_word' id='word_1_118' title='bbox 356 1505 466 1575; x_wconf 75' lang='grc' dir='ltr'><strong>χῶν</strong></span> <span class='ocrx_word' id='word_1_119' title='bbox 486 1507 808 1576; x_wconf 77' lang='grc' dir='ltr'>δυναμένων</span> <span class='ocrx_word' id='word_1_120' title='bbox 838 1510 1136 1582; x_wconf 77' lang='grc' dir='ltr'><strong>ἀξιωθῆναι</strong></span> <span class='ocrx_word' id='word_1_121' title='bbox 1163 1512 1260 1582; x_wconf 85' lang='grc' dir='ltr'><strong>τῆς</strong></span> <span class='ocrx_word' id='word_1_122' title='bbox 1291 1514 1533 1584; x_wconf 84' lang='grc' dir='ltr'><strong>χάριτος,</strong></span> <span class='ocrx_word' id='word_1_123' title='bbox 1550 1517 1646 1570; x_wconf 75' lang='grc' dir='ltr'><strong>καὶ</strong></span> <span class='ocrx_word' id='word_1_124' title='bbox 1667 1519 1940 1589; x_wconf 80' lang='grc' dir='ltr'><strong>πρεσὸευ-</strong></span> 
     </span>
    </p>
   </div>
   <div class='ocr_carea' id='block_1_17' title="bbox 353 1596 1936 1676">
    <p class='ocr_par' dir='ltr' id='par_1_17' title="bbox 353 1596 1936 1676">
     <span class='ocr_line' id='line_1_17' title="bbox 353 1596 1936 1676; baseline 0.009 -27"><span class='ocrx_word' id='word_1_125' title='bbox 353 1596 466 1650; x_wconf 75' lang='grc' dir='ltr'><strong>τῶν</strong></span> <span class='ocrx_word' id='word_1_126' title='bbox 490 1599 700 1651; x_wconf 68' lang='grc' dir='ltr'><strong>ἱκανῶν</strong></span> <span class='ocrx_word' id='word_1_127' title='bbox 726 1600 1063 1656; x_wconf 74' lang='grc' dir='ltr'><strong>ἱλεὼσασθαι</strong></span> <span class='ocrx_word' id='word_1_128' title='bbox 1124 1604 1218 1657; x_wconf 79' lang='grc' dir='ltr'><strong>τὸν</strong></span> <span class='ocrx_word' id='word_1_129' title='bbox 1247 1605 1481 1676; x_wconf 83' lang='grc' dir='ltr'><strong>χορηγὸν</strong></span> <span class='ocrx_word' id='word_1_130' title='bbox 1543 1608 1653 1660; x_wconf 90' lang='grc' dir='ltr'><strong>τῶν</strong></span> <span class='ocrx_word' id='word_1_131' title='bbox 1721 1608 1936 1663; x_wconf 84' lang='grc' dir='ltr'><strong>ίὰσεων.</strong></span> 
     </span>
    </p>
   </div>
   <div class='ocr_carea' id='block_1_18' title="bbox 368 1688 1939 1771">
    <p class='ocr_par' dir='ltr' id='par_1_18' title="bbox 368 1688 1939 1771">
     <span class='ocr_line' id='line_1_18' title="bbox 368 1688 1939 1771; baseline 0.01 -30"><span class='ocrx_word' id='word_1_132' title='bbox 368 1688 631 1744; x_wconf 77' lang='grc' dir='ltr'><strong>’Ᾱπίστου</strong></span> <span class='ocrx_word' id='word_1_133' title='bbox 660 1693 771 1762; x_wconf 77' lang='grc' dir='ltr'><strong>γὰρ</strong></span> <span class='ocrx_word' id='word_1_134' title='bbox 825 1694 1113 1763; x_wconf 88' lang='grc' dir='ltr'><strong>μέλλοντος</strong></span> <span class='ocrx_word' id='word_1_135' title='bbox 1197 1698 1383 1767; x_wconf 86' lang='grc' dir='ltr'><strong>μένειν</strong></span> <span class='ocrx_word' id='word_1_136' title='bbox 1440 1698 1535 1753; x_wconf 82' lang='grc' dir='ltr'><strong>τοῦ</strong></span> <span class='ocrx_word' id='word_1_137' title='bbox 1585 1702 1683 1771; x_wconf 83' lang='grc' dir='ltr'><strong>τῆς</strong></span> <span class='ocrx_word' id='word_1_138' title='bbox 1742 1702 1939 1766; x_wconf 74' lang='grc' dir='ltr'><strong>ἰάσεως</strong></span> 
     </span>
    </p>
   </div>
   <div class='ocr_carea' id='block_1_19' title="bbox 353 1778 1938 1854">
    <p class='ocr_par' dir='ltr' id='par_1_19' title="bbox 353 1778 1938 1854">
     <span class='ocr_line' id='line_1_19' title="bbox 353 1778 1938 1854; baseline 0.009 -24"><span class='ocrx_word' id='word_1_139' title='bbox 353 1778 636 1848; x_wconf 76' lang='grc' dir='ltr'><strong>δεομένου,</strong></span> <span class='ocrx_word' id='word_1_140' title='bbox 679 1782 780 1835; x_wconf 79' lang='grc' dir='ltr'><strong>οὐκ</strong></span> <span class='ocrx_word' id='word_1_141' title='bbox 808 1784 873 1836; x_wconf 85' lang='grc' dir='ltr'><strong>ἂν</strong></span> <span class='ocrx_word' id='word_1_142' title='bbox 915 1784 1089 1849; x_wconf 75' lang='grc' dir='ltr'><strong>οὕτως</strong></span> <span class='ocrx_word' id='word_1_143' title='bbox 1147 1787 1341 1852; x_wconf 85' lang='grc' dir='ltr'><strong>ἁπλῶς</strong></span> <span class='ocrx_word' id='word_1_144' title='bbox 1395 1790 1537 1854; x_wconf 75' lang='grc' dir='ltr'><strong>ἴασις</strong></span> <span class='ocrx_word' id='word_1_145' title='bbox 1597 1791 1790 1846; x_wconf 77' lang='grc' dir='ltr'><strong>ἔσται·</strong></span> <span class='ocrx_word' id='word_1_146' title='bbox 1843 1795 1938 1847; x_wconf 77' lang='grc' dir='ltr'><strong>καὶ</strong></span> 
     </span>
    </p>
   </div>
   <div class='ocr_carea' id='block_1_20' title="bbox 354 1850 2012 1949">
    <p class='ocr_par' dir='ltr' id='par_1_20' title="bbox 354 1850 2012 1949">
     <span class='ocr_line' id='line_1_20' title="bbox 354 1850 2012 1949; baseline 0.008 -26"><span class='ocrx_word' id='word_1_147' title='bbox 354 1868 463 1924; x_wconf 71' lang='grc' dir='ltr'><strong>ὑπὸ</strong></span> <span class='ocrx_word' id='word_1_148' title='bbox 484 1871 730 1925; x_wconf 81' lang='grc' dir='ltr'><strong>ἀπίστων</strong></span> <span class='ocrx_word' id='word_1_149' title='bbox 760 1874 821 1926; x_wconf 82' lang='grc' dir='ltr'><strong>τὸ</strong></span> <span class='ocrx_word' id='word_1_150' title='bbox 862 1874 1035 1947; x_wconf 74' lang='grc' dir='ltr'><strong>ὄνομα</strong></span> <span class='ocrx_word' id='word_1_151' title='bbox 1097 1850 1555 1949; x_wconf 76' lang='grc' dir='ltr'><strong>ἐπικαλούμενον,</strong></span> <span class='ocrx_word' id='word_1_152' title='bbox 1594 1882 1696 1937; x_wconf 77' lang='grc' dir='ltr'><strong>οὐκ</strong></span> <span class='ocrx_word' id='word_1_153' title='bbox 1761 1884 1828 1938; x_wconf 87' lang='grc' dir='ltr'><strong>ἂν</strong></span> <span class='ocrx_word' id='word_1_154' title='bbox 1878 1884 1940 1937; x_wconf 78' lang='grc' dir='ltr'><strong>τὸ</strong></span> <span class='ocrx_word' id='word_1_155' title='bbox 1973 1850 2012 1904; x_wconf 66' lang='grc' dir='ltr'><strong>Β</strong></span> 
     </span>
    </p>
   </div>
   <div class='ocr_carea' id='block_1_21' title="bbox 355 1962 1942 2046">
    <p class='ocr_par' dir='ltr' id='par_1_21' title="bbox 355 1962 1942 2046">
     <span class='ocr_line' id='line_1_21' title="bbox 355 1962 1942 2046; baseline 0.011 -33"><span class='ocrx_word' id='word_1_156' title='bbox 355 1962 560 2016; x_wconf 68' lang='grc' dir='ltr'><strong>οἰκεῖον</strong></span> <span class='ocrx_word' id='word_1_157' title='bbox 606 1966 882 2038; x_wconf 76' lang='grc' dir='ltr'><strong>ὲνεργήσῃ</strong></span> <span class='ocrx_word' id='word_1_158' title='bbox 908 1981 923 1998; x_wconf 77' lang='grc'><strong><em>⁸</em></strong></span> <span class='ocrx_word' id='word_1_159' title='bbox 965 1970 1059 2023; x_wconf 67' lang='grc' dir='ltr'><strong>καὶ¹</strong></span> <span class='ocrx_word' id='word_1_160' title='bbox 1097 1970 1208 2041; x_wconf 80' lang='grc' dir='ltr'><strong>μὴν</strong></span> <span class='ocrx_word' id='word_1_161' title='bbox 1244 1973 1293 2025; x_wconf 75' lang='lat' dir='ltr'><strong>oi</strong></span> <span class='ocrx_word' id='word_1_162' title='bbox 1349 1974 1455 2027; x_wconf 79' lang='grc' dir='ltr'><strong>υἱοὶ</strong></span> <span class='ocrx_word' id='word_1_163' title='bbox 1491 1974 1672 2028; x_wconf 80' lang='grc' dir='ltr'>Σκευᾶ</span> <span class='ocrx_word' id='word_1_164' title='bbox 1693 1977 1753 2029; x_wconf 81' lang='grc' dir='ltr'>οὐ</span> <span class='ocrx_word' id='word_1_165' title='bbox 1783 1976 1942 2046; x_wconf 79' lang='grc' dir='ltr'><strong>μόνον</strong></span> 
     </span>
    </p>
   </div>
   <div class='ocr_carea' id='block_1_22' title="bbox 359 2052 1940 2138">
    <p class='ocr_par' dir='ltr' id='par_1_22' title="bbox 359 2052 1940 2138">
     <span class='ocr_line' id='line_1_22' title="bbox 359 2052 1940 2138; baseline 0.009 -31"><span class='ocrx_word' id='word_1_166' title='bbox 359 2052 549 2118; x_wconf 72' lang='grc' dir='ltr'><strong>ἄλλους</strong></span> <span class='ocrx_word' id='word_1_167' title='bbox 574 2057 675 2109; x_wconf 79' lang='grc' dir='ltr'><strong>οὒκ</strong></span> <span class='ocrx_word' id='word_1_168' title='bbox 707 2058 1021 2129; x_wconf 79' lang='grc' dir='ltr'><strong>ὠφέλησαν,</strong></span> <span class='ocrx_word' id='word_1_169' title='bbox 1050 2061 1185 2116; x_wconf 82' lang='grc' dir='ltr'><strong>ἀλλὰ</strong></span> <span class='ocrx_word' id='word_1_170' title='bbox 1213 2064 1309 2118; x_wconf 72' lang='grc' dir='ltr'><strong>καὶ</strong></span> <span class='ocrx_word' id='word_1_171' title='bbox 1341 2065 1569 2130; x_wconf 74' lang='grc' dir='ltr'><strong>ἑαυτοὺς</strong></span> <span class='ocrx_word' id='word_1_172' title='bbox 1607 2064 1940 2138; x_wconf 77' lang='grc' dir='ltr'><strong>ἐζημίωσαν.</strong></span> 
     </span>
    </p>
   </div>
   <div class='ocr_carea' id='block_1_23' title="bbox 358 2144 1938 2231">
    <p class='ocr_par' dir='ltr' id='par_1_23' title="bbox 358 2144 1938 2231">
     <span class='ocr_line' id='line_1_23' title="bbox 358 2144 1938 2231; baseline 0.01 -33"><span class='ocrx_word' id='word_1_173' title='bbox 358 2144 519 2201; x_wconf 82' lang='grc' dir='ltr'><strong>υῦτω</strong></span> <span class='ocrx_word' id='word_1_174' title='bbox 550 2148 649 2220; x_wconf 82' lang='grc' dir='ltr'><strong>μὲν</strong></span> <span class='ocrx_word' id='word_1_175' title='bbox 694 2152 878 2220; x_wconf 65' lang='grc' dir='ltr'><strong>ἡμεῖς.</strong></span> <span class='ocrx_word' id='word_1_176' title='bbox 934 2153 1150 2225; x_wconf 83' lang='grc' dir='ltr'><strong>Ἕτεροι</strong></span> <span class='ocrx_word' id='word_1_177' title='bbox 1200 2155 1258 2210; x_wconf 83' lang='grc' dir='ltr'><strong>δὲ</strong></span> <span class='ocrx_word' id='word_1_178' title='bbox 1328 2156 1501 2221; x_wconf 72' lang='grc' dir='ltr'><strong>οὕτως</strong></span> <span class='ocrx_word' id='word_1_179' title='bbox 1557 2159 1938 2231; x_wconf 72' lang='grc' dir='ltr'><strong>ἐξηγήσαντο·</strong></span> 
     </span>
    </p>
   </div>
   <div class='ocr_carea' id='block_1_24' title="bbox 353 2238 1942 2325">
    <p class='ocr_par' dir='ltr' id='par_1_24' title="bbox 353 2238 1942 2325">
     <span class='ocr_line' id='line_1_24' title="bbox 353 2238 1942 2325; baseline 0.009 -34"><span class='ocrx_word' id='word_1_180' title='bbox 353 2238 466 2292; x_wconf 72' lang='grc' dir='ltr'><strong>Καὶ</strong></span> <span class='ocrx_word' id='word_1_181' title='bbox 493 2240 602 2310; x_wconf 74' lang='grc' dir='ltr'><strong>μὴν</strong></span> <span class='ocrx_word' id='word_1_182' title='bbox 622 2243 655 2311; x_wconf 81' lang='grc' dir='ltr'>ἠ</span> <span class='ocrx_word' id='word_1_183' title='bbox 684 2242 865 2308; x_wconf 81' lang='grc' dir='ltr'><strong>πίστις</strong></span> <span class='ocrx_word' id='word_1_184' title='bbox 900 2246 933 2315; x_wconf 75' lang='grc' dir='ltr'>ἡ</span> <span class='ocrx_word' id='word_1_185' title='bbox 963 2246 1099 2317; x_wconf 80' lang='grc' dir='ltr'><strong>αὐτή</strong></span> <span class='ocrx_word' id='word_1_186' title='bbox 1130 2248 1277 2302; x_wconf 79' lang='grc' dir='ltr'><strong>ἐστιν</strong></span> <span class='ocrx_word' id='word_1_187' title='bbox 1311 2250 1344 2308; x_wconf 82' lang='grc' dir='ltr'><strong>ἡ</strong></span> <span class='ocrx_word' id='word_1_188' title='bbox 1374 2249 1532 2305; x_wconf 81' lang='grc' dir='ltr'><strong>τοῦτο</strong></span> <span class='ocrx_word' id='word_1_189' title='bbox 1561 2251 1942 2325; x_wconf 78' lang='grc' dir='ltr'><strong>ἐργασαμένη⁶</strong></span> 
     </span>
    </p>
   </div>
   <div class='ocr_carea' id='block_1_25' title="bbox 357 2330 1941 2414">
    <p class='ocr_par' dir='ltr' id='par_1_25' title="bbox 357 2330 1941 2414">
     <span class='ocr_line' id='line_1_25' title="bbox 357 2330 1941 2414; baseline 0.01 -32"><span class='ocrx_word' id='word_1_190' title='bbox 357 2331 421 2383; x_wconf 80' lang='grc' dir='ltr'><strong>οὐ</strong></span> <span class='ocrx_word' id='word_1_191' title='bbox 448 2333 552 2403; x_wconf 78' lang='grc' dir='ltr'><strong>γὰρ</strong></span> <span class='ocrx_word' id='word_1_192' title='bbox 604 2330 745 2399; x_wconf 81' lang='grc' dir='ltr'><strong>εἷπε,</strong></span> <span class='ocrx_word' id='word_1_193' title='bbox 781 2336 881 2389; x_wconf 82' lang='grc' dir='ltr'><strong>Διὰ</strong></span> <span class='ocrx_word' id='word_1_194' title='bbox 900 2335 994 2390; x_wconf 77' lang='grc' dir='ltr'><strong>τοῦ</strong></span> <span class='ocrx_word' id='word_1_195' title='bbox 1020 2338 1304 2408; x_wconf 83' lang='grc' dir='ltr'><strong>ὀνόματος,</strong></span> <span class='ocrx_word' id='word_1_196' title='bbox 1339 2341 1454 2397; x_wconf 82' lang='grc' dir='ltr'><strong>ἀλλ’</strong></span> <span class='ocrx_word' id='word_1_197' title='bbox 1483 2343 1541 2395; x_wconf 83' lang='grc' dir='ltr'><strong>ὲν</strong></span> <span class='ocrx_word' id='word_1_198' title='bbox 1568 2343 1646 2412; x_wconf 80' lang='grc' dir='ltr'><strong>τῷ</strong></span> <span class='ocrx_word' id='word_1_199' title='bbox 1675 2344 1900 2414; x_wconf 82' lang='grc' dir='ltr'><strong>ὀνόματι</strong></span> <span class='ocrx_word' id='word_1_200' title='bbox 1929 2361 1941 2373; x_wconf 91' lang='grc'><strong>·</strong></span> 
     </span>
    </p>
   </div>
   <div class='ocr_carea' id='block_1_26' title="bbox 356 2423 1943 2500">
    <p class='ocr_par' dir='ltr' id='par_1_26' title="bbox 356 2423 1943 2500">
     <span class='ocr_line' id='line_1_26' title="bbox 356 2423 1943 2500; baseline 0.009 -25"><span class='ocrx_word' id='word_1_201' title='bbox 356 2423 647 2478; x_wconf 73' lang='grc' dir='ltr'><strong>ἁλλόῦπω</strong></span> <span class='ocrx_word' id='word_1_202' title='bbox 692 2426 961 2500; x_wconf 71' lang='grc' dir='ltr'><strong>ἐθάρρουν</strong></span> <span class='ocrx_word' id='word_1_203' title='bbox 994 2432 1206 2484; x_wconf 80' lang='grc' dir='ltr'><strong>εἰπεῖν·</strong></span> <span class='ocrx_word' id='word_1_204' title='bbox 1252 2433 1321 2486; x_wconf 84' lang='grc' dir='ltr'><strong><em>Ἦ</em></strong></span> <span class='ocrx_word' id='word_1_205' title='bbox 1370 2435 1450 2497; x_wconf 79' lang='grc' dir='ltr'><strong>είς</strong></span> <span class='ocrx_word' id='word_1_206' title='bbox 1507 2434 1666 2488; x_wconf 72' lang='grc' dir='ltr'><strong>αὐτὸν</strong></span> <span class='ocrx_word' id='word_1_207' title='bbox 1723 2436 1943 2499; x_wconf 79' lang='grc' dir='ltr'><strong>πίστις·</strong></span> 
     </span>
    </p>
   </div>
   <div class='ocr_carea' id='block_1_27' title="bbox 359 2515 1947 2601">
    <p class='ocr_par' dir='ltr' id='par_1_27' title="bbox 359 2515 1947 2601">
     <span class='ocr_line' id='line_1_27' title="bbox 359 2515 1947 2601; baseline 0.011 -34"><span class='ocrx_word' id='word_1_208' title='bbox 359 2515 447 2568; x_wconf 77' lang='grc' dir='ltr'><strong>ἵνα</strong></span> <span class='ocrx_word' id='word_1_209' title='bbox 501 2517 557 2570; x_wconf 82' lang='grc' dir='ltr'><strong>δὲ</strong></span> <span class='ocrx_word' id='word_1_210' title='bbox 619 2518 695 2590; x_wconf 81' lang='grc' dir='ltr'><strong>μὴ</strong></span> <span class='ocrx_word' id='word_1_211' title='bbox 718 2521 799 2588; x_wconf 77' lang='grc' dir='ltr'><strong>τὸ,</strong></span> <span class='ocrx_word' id='word_1_212' title='bbox 823 2521 893 2574; x_wconf 87' lang='grc' dir='ltr'><strong>δι’</strong></span> <span class='ocrx_word' id='word_1_213' title='bbox 922 2523 1112 2590; x_wconf 75' lang='grc' dir='ltr'><strong>αὑτοῦ,</strong></span> <span class='ocrx_word' id='word_1_214' title='bbox 1143 2526 1426 2590; x_wconf 83' lang='grc' dir='ltr'><strong>παντελῶς</strong></span> <span class='ocrx_word' id='word_1_215' title='bbox 1537 2530 1814 2595; x_wconf 65' lang='grc' dir='ltr'><strong>ταπεινὸν,</strong></span> <span class='ocrx_word' id='word_1_216' title='bbox 1849 2533 1947 2584; x_wconf 82' lang='grc' dir='ltr'><strong>ὲπ-</strong></span> 
     </span>
    </p>
   </div>
   <div class='ocr_carea' id='block_1_28' title="bbox 362 2610 1948 2695">
    <p class='ocr_par' dir='ltr' id='par_1_28' title="bbox 362 2610 1948 2695">
     <span class='ocr_line' id='line_1_28' title="bbox 362 2610 1948 2695; baseline 0.011 -34"><span class='ocrx_word' id='word_1_217' title='bbox 362 2610 565 2680; x_wconf 71' lang='grc' dir='ltr'><strong>ήγαγεσ</strong></span> <span class='ocrx_word' id='word_1_218' title='bbox 593 2613 689 2665; x_wconf 76' lang='grc' dir='ltr'><strong>καὶ</strong></span> <span class='ocrx_word' id='word_1_219' title='bbox 719 2614 781 2667; x_wconf 78' lang='grc' dir='ltr'><strong>τὸ</strong></span> <span class='ocrx_word' id='word_1_220' title='bbox 792 2615 970 2686; x_wconf 75' lang='grc' dir='ltr'><strong>δνομα</strong></span> <span class='ocrx_word' id='word_1_221' title='bbox 984 2617 1150 2670; x_wconf 83' lang='grc' dir='ltr'><strong>αὐτοῦ</strong></span> <span class='ocrx_word' id='word_1_222' title='bbox 1171 2619 1502 2689; x_wconf 80' lang='grc' dir='ltr'><strong>ἐστερέωσεν</strong></span> <span class='ocrx_word' id='word_1_223' title='bbox 1528 2622 1709 2676; x_wconf 78' lang='grc' dir='ltr'><strong>αὐτόν.</strong></span> <span class='ocrx_word' id='word_1_224' title='bbox 1727 2622 1948 2695; x_wconf 76' lang='grc' dir='ltr'><strong>Ἐπειδὴ</strong></span> 
     </span>
    </p>
   </div>
   <div class='ocr_carea' id='block_1_29' title="bbox 356 2702 1950 2784">
    <p class='ocr_par' dir='ltr' id='par_1_29' title="bbox 356 2702 1950 2784">
     <span class='ocr_line' id='line_1_29' title="bbox 356 2702 1950 2784; baseline 0.008 -29"><span class='ocrx_word' id='word_1_225' title='bbox 356 2702 416 2755; x_wconf 73' lang='grc' dir='ltr'><strong>δὲ</strong></span> <span class='ocrx_word' id='word_1_226' title='bbox 448 2703 730 2758; x_wconf 78' lang='grc' dir='ltr'><strong>καὶτοῦτο</strong></span> <span class='ocrx_word' id='word_1_227' title='bbox 775 2706 939 2760; x_wconf 85' lang='grc' dir='ltr'><strong>πάλιν</strong></span> <span class='ocrx_word' id='word_1_228' title='bbox 974 2707 1179 2778; x_wconf 79' lang='grc' dir='ltr'><strong>ὑψηλὸν</strong></span> <span class='ocrx_word' id='word_1_229' title='bbox 1223 2711 1316 2761; x_wconf 79' lang='grc' dir='ltr'><strong>καὶ</strong></span> <span class='ocrx_word' id='word_1_230' title='bbox 1352 2710 1560 2765; x_wconf 79' lang='grc' dir='ltr'><strong>τέλειον</strong></span> <span class='ocrx_word' id='word_1_231' title='bbox 1612 2707 1699 2784; x_wconf 80' lang='grc' dir='ltr'><strong>ἦν.</strong></span> <span class='ocrx_word' id='word_1_232' title='bbox 1738 2712 1950 2784; x_wconf 76' lang='grc' dir='ltr'><strong>ἐκύρω-</strong></span> 
     </span>
    </p>
   </div>
   <div class='ocr_carea' id='block_1_30' title="bbox 357 2795 1945 2872">
    <p class='ocr_par' dir='ltr' id='par_1_30' title="bbox 357 2795 1945 2872">
     <span class='ocr_line' id='line_1_30' title="bbox 357 2795 1945 2872; baseline 0.006 -25"><span class='ocrx_word' id='word_1_233' title='bbox 357 2810 452 2847; x_wconf 86' lang='grc' dir='ltr'><strong>σεν</strong></span> <span class='ocrx_word' id='word_1_234' title='bbox 514 2795 646 2850; x_wconf 71' lang='grc' dir='ltr'><strong>αὐτὸ</strong></span> <span class='ocrx_word' id='word_1_235' title='bbox 674 2796 971 2867; x_wconf 73' lang='grc' dir='ltr'><strong>ἐπαγαγών</strong></span> <span class='ocrx_word' id='word_1_236' title='bbox 997 2817 1010 2831; x_wconf 93' lang='grc'><strong>·</strong></span> <span class='ocrx_word' id='word_1_237' title='bbox 1042 2800 1162 2855; x_wconf 78' lang='grc' dir='ltr'><strong>’Καὶ</strong></span> <span class='ocrx_word' id='word_1_238' title='bbox 1198 2802 1237 2870; x_wconf 78' lang='grc' dir='ltr'><strong>ἠ</strong></span> <span class='ocrx_word' id='word_1_239' title='bbox 1272 2802 1478 2867; x_wconf 80' lang='grc' dir='ltr'><strong>πίστις</strong></span> <span class='ocrx_word' id='word_1_240' title='bbox 1538 2804 1577 2872; x_wconf 70' lang='grc' dir='ltr'><strong>’ἡ</strong></span> <span class='ocrx_word' id='word_1_241' title='bbox 1618 2804 1692 2858; x_wconf 85' lang='grc' dir='ltr'><strong>δι’</strong></span> <span class='ocrx_word' id='word_1_242' title='bbox 1736 2806 1945 2870; x_wconf 84' lang='grc' dir='ltr'><strong>αὐτοῦ,</strong></span> 
     </span>
    </p>
   </div>
   <div class='ocr_carea' id='block_1_31' title="bbox 352 2887 1950 2965">
    <p class='ocr_par' dir='ltr' id='par_1_31' title="bbox 352 2887 1950 2965">
     <span class='ocr_line' id='line_1_31' title="bbox 352 2887 1950 2965; baseline 0.008 -29"><span class='ocrx_word' id='word_1_243' title='bbox 352 2888 593 2939; x_wconf 67' lang='grc' dir='ltr'><strong>ταπεινὰ</strong></span> <span class='ocrx_word' id='word_1_244' title='bbox 643 2887 871 2956; x_wconf 77' lang='grc' dir='ltr'><strong>ὑψηλοῖς</strong></span> <span class='ocrx_word' id='word_1_245' title='bbox 902 2891 1210 2962; x_wconf 79' lang='grc' dir='ltr'><strong>ἀναμιγνύς</strong></span> <span class='ocrx_word' id='word_1_246' title='bbox 1237 2907 1252 2922; x_wconf 77' lang='grc' dir='ltr'><strong>ο</strong></span> <span class='ocrx_word' id='word_1_247' title='bbox 1279 2891 1348 2945; x_wconf 85' lang='grc' dir='ltr'><strong>τὰ</strong></span> <span class='ocrx_word' id='word_1_248' title='bbox 1380 2894 1479 2963; x_wconf 81' lang='grc' dir='ltr'><strong>μὲν</strong></span> <span class='ocrx_word' id='word_1_249' title='bbox 1501 2896 1567 2965; x_wconf 80' lang='grc' dir='ltr'><strong>τῇ</strong></span> <span class='ocrx_word' id='word_1_250' title='bbox 1599 2893 1761 2962; x_wconf 81' lang='grc' dir='ltr'><strong>φύσει</strong></span> <span class='ocrx_word' id='word_1_251' title='bbox 1792 2895 1838 2926; x_wconf 80' lang='grc'><strong>⁸⁸</strong></span> <span class='ocrx_word' id='word_1_252' title='bbox 1860 2895 1950 2948; x_wconf 82' lang='grc' dir='ltr'><strong>νέ-</strong></span> 
     </span>
    </p>
   </div>
   <div class='ocr_carea' id='block_1_32' title="bbox 357 2975 1946 3055">
    <p class='ocr_par' dir='ltr' id='par_1_32' title="bbox 357 2975 1946 3055">
     <span class='ocr_line' id='line_1_32' title="bbox 357 2975 1946 3055; baseline 0.006 -27"><span class='ocrx_word' id='word_1_253' title='bbox 357 2993 479 3045; x_wconf 84' lang='grc' dir='ltr'><strong>μων</strong></span> <span class='ocrx_word' id='word_1_254' title='bbox 518 2975 612 3030; x_wconf 80' lang='grc' dir='ltr'><strong>τοῦ</strong></span> <span class='ocrx_word' id='word_1_255' title='bbox 650 2980 997 3050; x_wconf 65' lang='grc' dir='ltr'><strong>πράγματος,</strong></span> <span class='ocrx_word' id='word_1_256' title='bbox 1036 2981 1105 3035; x_wconf 82' lang='grc' dir='ltr'><strong>τὰ</strong></span> <span class='ocrx_word' id='word_1_257' title='bbox 1149 2981 1206 3035; x_wconf 79' lang='grc' dir='ltr'><strong>δὲ</strong></span> <span class='ocrx_word' id='word_1_258' title='bbox 1233 2984 1299 3054; x_wconf 83' lang='grc' dir='ltr'><strong>τῇ</strong></span> <span class='ocrx_word' id='word_1_259' title='bbox 1325 2982 1567 3037; x_wconf 80' lang='grc' dir='ltr'><strong>διαθέσει</strong></span> <span class='ocrx_word' id='word_1_260' title='bbox 1598 2985 1693 3038; x_wconf 81' lang='grc' dir='ltr'><strong>καὶ</strong></span> <span class='ocrx_word' id='word_1_261' title='bbox 1744 2988 1812 3055; x_wconf 78' lang='grc' dir='ltr'><strong>τῇ</strong></span> <span class='ocrx_word' id='word_1_262' title='bbox 1856 2985 1946 3038; x_wconf 88' lang='grc' dir='ltr'><strong>δυ-</strong></span> 
     </span>
    </p>
   </div>
   <div class='ocr_carea' id='block_1_33' title="bbox 358 3040 2016 3148">
    <p class='ocr_par' dir='ltr' id='par_1_33' title="bbox 358 3040 2016 3148">
     <span class='ocr_line' id='line_1_33' title="bbox 358 3040 2016 3148; baseline 0.006 -29"><span class='ocrx_word' id='word_1_263' title='bbox 358 3040 525 3135; x_wconf 67' lang='grc' dir='ltr'><strong>νάμει</strong></span> <span class='ocrx_word' id='word_1_264' title='bbox 551 3069 659 3122; x_wconf 77' lang='grc' dir='ltr'><strong>τῶν</strong></span> <span class='ocrx_word' id='word_1_265' title='bbox 693 3040 1017 3140; x_wconf 44' lang='grc' dir='ltr'><strong>’ἀκροατόλῆ</strong></span> <span class='ocrx_word' id='word_1_266' title='bbox 1044 3040 1316 3127; x_wconf 66' lang='grc' dir='ltr'><strong>Ταπεινδν</strong></span> <span class='ocrx_word' id='word_1_267' title='bbox 1340 3074 1440 3143; x_wconf 82' lang='grc' dir='ltr'><strong>μὲν</strong></span> <span class='ocrx_word' id='word_1_268' title='bbox 1481 3073 1588 3145; x_wconf 79' lang='grc' dir='ltr'><strong>γὰρ</strong></span> <span class='ocrx_word' id='word_1_269' title='bbox 1614 3074 1696 3141; x_wconf 81' lang='grc' dir='ltr'><strong>τὸ,</strong></span> <span class='ocrx_word' id='word_1_270' title='bbox 1746 3040 1840 3131; x_wconf 68' lang='grc' dir='ltr'><strong>ιέἑι</strong></span> <span class='ocrx_word' id='word_1_271' title='bbox 1877 3080 1944 3148; x_wconf 75' lang='grc' dir='ltr'><strong>τῇ</strong></span> <span class='ocrx_word' id='word_1_272' title='bbox 1972 3040 2016 3099; x_wconf 76' lang='lat' dir='ltr'>c</span> 
     </span>
    </p>
   </div>
   <div class='ocr_carea' id='block_1_34' title="bbox 360 3158 1949 3235">
    <p class='ocr_par' dir='ltr' id='par_1_34' title="bbox 360 3158 1949 3235">
     <span class='ocr_line' id='line_1_34' title="bbox 360 3158 1949 3235; baseline 0.008 -25"><span class='ocrx_word' id='word_1_273' title='bbox 360 3158 658 3213; x_wconf 80' lang='grc' dir='ltr'><strong>πίστειτοῦ</strong></span> <span class='ocrx_word' id='word_1_274' title='bbox 690 3162 956 3232; x_wconf 77' lang='grc' dir='ltr'><strong>ὀνόματος</strong></span> <span class='ocrx_word' id='word_1_275' title='bbox 989 3163 1157 3218; x_wconf 80' lang='grc' dir='ltr'><strong>αὐτοῦ</strong></span> <span class='ocrx_word' id='word_1_276' title='bbox 1181 3180 1196 3195; x_wconf 89' lang='grc'><strong>·</strong></span> <span class='ocrx_word' id='word_1_277' title='bbox 1233 3166 1330 3219; x_wconf 78' lang='grc' dir='ltr'><strong>καὶ</strong></span> <span class='ocrx_word' id='word_1_278' title='bbox 1357 3167 1439 3231; x_wconf 78' lang='grc' dir='ltr'><strong>τὸ,</strong></span> <span class='ocrx_word' id='word_1_279' title='bbox 1481 3166 1520 3232; x_wconf 75' lang='grc' dir='ltr'><strong><em>ἠ</em></strong></span> <span class='ocrx_word' id='word_1_280' title='bbox 1564 3168 1772 3233; x_wconf 81' lang='grc' dir='ltr'><strong>πίστις</strong></span> <span class='ocrx_word' id='word_1_281' title='bbox 1800 3168 1839 3235; x_wconf 74' lang='grc' dir='ltr'>ἡ</span> <span class='ocrx_word' id='word_1_282' title='bbox 1873 3168 1949 3222; x_wconf 85' lang='grc' dir='ltr'><strong>δι’</strong></span> 
     </span>
    </p>
   </div>
   <div class='ocr_carea' id='block_1_35' title="bbox 356 3253 1948 3324">
    <p class='ocr_par' dir='ltr' id='par_1_35' title="bbox 356 3253 1948 3324">
     <span class='ocr_line' id='line_1_35' title="bbox 356 3253 1948 3324; baseline 0.005 -19"><span class='ocrx_word' id='word_1_283' title='bbox 356 3253 587 3307; x_wconf 84' lang='grc' dir='ltr'><strong>αὑτοῦ·</strong></span> <span class='ocrx_word' id='word_1_284' title='bbox 661 3253 868 3324; x_wconf 74' lang='grc' dir='ltr'><strong>ὑψηλὸν</strong></span> <span class='ocrx_word' id='word_1_285' title='bbox 930 3256 985 3310; x_wconf 86' lang='grc' dir='ltr'><strong>δὲ</strong></span> <span class='ocrx_word' id='word_1_286' title='bbox 1040 3258 1134 3311; x_wconf 79' lang='grc' dir='ltr'><strong>καὶ</strong></span> <span class='ocrx_word' id='word_1_287' title='bbox 1197 3256 1406 3311; x_wconf 87' lang='grc' dir='ltr'><strong>τέλειον</strong></span> <span class='ocrx_word' id='word_1_288' title='bbox 1471 3257 1532 3310; x_wconf 84' lang='grc' dir='ltr'><strong>τὸ</strong></span> <span class='ocrx_word' id='word_1_289' title='bbox 1586 3260 1762 3311; x_wconf 75' lang='grc' dir='ltr'><strong>εἰπεῖν</strong></span> <span class='ocrx_word' id='word_1_290' title='bbox 1793 3274 1807 3288; x_wconf 77' lang='grc'><strong><em>⁸</em></strong></span> <span class='ocrx_word' id='word_1_291' title='bbox 1873 3260 1948 3313; x_wconf 78' lang='grc' dir='ltr'>Τὸ</span> 
     </span>
    </p>
   </div>
   <div class='ocr_carea' id='block_1_36' title="bbox 359 3343 1947 3424">
    <p class='ocr_par' dir='ltr' id='par_1_36' title="bbox 359 3343 1947 3424">
     <span class='ocr_line' id='line_1_36' title="bbox 359 3343 1947 3424; baseline 0.005 -28"><span class='ocrx_word' id='word_1_292' title='bbox 359 3343 532 3414; x_wconf 77' lang='grc' dir='ltr'><strong>δνομα</strong></span> <span class='ocrx_word' id='word_1_293' title='bbox 563 3344 731 3399; x_wconf 79' lang='grc' dir='ltr'><strong>αὑτοῦ</strong></span> <span class='ocrx_word' id='word_1_294' title='bbox 766 3347 1100 3418; x_wconf 75' lang='grc' dir='ltr'><strong>ἐστερέωσεν</strong></span> <span class='ocrx_word' id='word_1_295' title='bbox 1139 3349 1302 3402; x_wconf 71' lang='grc' dir='ltr'><strong>αὐτόν</strong></span> <span class='ocrx_word' id='word_1_296' title='bbox 1328 3366 1341 3378; x_wconf 88' lang='grc'><strong>·</strong></span> <span class='ocrx_word' id='word_1_297' title='bbox 1383 3350 1519 3419; x_wconf 82' lang='grc' dir='ltr'><strong>ὅπερ</strong></span> <span class='ocrx_word' id='word_1_298' title='bbox 1548 3351 1754 3420; x_wconf 73' lang='grc' dir='ltr'><strong>γυμνὸν</strong></span> <span class='ocrx_word' id='word_1_299' title='bbox 1781 3350 1947 3424; x_wconf 74' lang='grc' dir='ltr'><strong>ῥηθὲν</strong></span> 
     </span>
    </p>
   </div>
   <div class='ocr_carea' id='block_1_37' title="bbox 362 3436 1945 3508">
    <p class='ocr_par' dir='ltr' id='par_1_37' title="bbox 362 3436 1945 3508">
     <span class='ocr_line' id='line_1_37' title="bbox 362 3436 1945 3508; baseline 0.003 -18"><span class='ocrx_word' id='word_1_300' title='bbox 362 3436 660 3508; x_wconf 75' lang='grc' dir='ltr'><strong>ἐτράχυνεν</strong></span> <span class='ocrx_word' id='word_1_301' title='bbox 697 3437 761 3491; x_wconf 78' lang='grc' dir='ltr'><strong>ἂν</strong></span> <span class='ocrx_word' id='word_1_302' title='bbox 784 3439 925 3502; x_wconf 71' lang='grc' dir='ltr'><strong>τοὺς⁹</strong></span> <span class='ocrx_word' id='word_1_303' title='bbox 954 3438 1236 3502; x_wconf 78' lang='grc' dir='ltr'><strong>Ἰουδαίους</strong></span> <span class='ocrx_word' id='word_1_304' title='bbox 1263 3457 1277 3473; x_wconf 74' lang='grc'><strong><em>⁸</em></strong></span> <span class='ocrx_word' id='word_1_305' title='bbox 1326 3443 1436 3503; x_wconf 84' lang='grc' dir='ltr'><strong>τοῖς</strong></span> <span class='ocrx_word' id='word_1_306' title='bbox 1470 3441 1527 3493; x_wconf 79' lang='grc' dir='ltr'><strong>δὲ</strong></span> <span class='ocrx_word' id='word_1_307' title='bbox 1576 3441 1759 3506; x_wconf 74' lang='grc' dir='ltr'><strong>ἄλλοις</strong></span> <span class='ocrx_word' id='word_1_308' title='bbox 1816 3459 1945 3495; x_wconf 84' lang='grc' dir='ltr'><strong>συν-</strong></span> 
     </span>
    </p>
   </div>
   <div class='ocr_carea' id='block_1_38' title="bbox 358 3530 1729 3605">
    <p class='ocr_par' dir='ltr' id='par_1_38' title="bbox 358 3530 1729 3605">
     <span class='ocr_line' id='line_1_38' title="bbox 358 3530 1729 3605; baseline 0.007 -25"><span class='ocrx_word' id='word_1_309' title='bbox 358 3530 525 3597; x_wconf 69' lang='grc' dir='ltr'><strong>τατὲν</strong></span> <span class='ocrx_word' id='word_1_310' title='bbox 559 3532 653 3583; x_wconf 77' lang='grc' dir='ltr'><strong>καὶ</strong></span> <span class='ocrx_word' id='word_1_311' title='bbox 681 3530 993 3603; x_wconf 74' lang='grc' dir='ltr'><strong>παρατεθὲν</strong></span> <span class='ocrx_word' id='word_1_312' title='bbox 1025 3533 1439 3603; x_wconf 78' lang='grc' dir='ltr'><strong>εὐπαρὰδεκτον</strong></span> <span class='ocrx_word' id='word_1_313' title='bbox 1469 3534 1729 3605; x_wconf 83' lang='grc' dir='ltr'><strong>κατέστη.</strong></span> 
     </span>
    </p>
   </div>
   <div class='ocr_carea' id='block_1_39' title="bbox 2042 601 3619 677">
    <p class='ocr_par' dir='ltr' id='par_1_39' title="bbox 2042 601 3619 677">
     <span class='ocr_line' id='line_1_39' title="bbox 2042 601 3619 677; baseline 0.003 -23"><span class='ocrx_word' id='word_1_314' title='bbox 2042 601 2203 671; x_wconf 88' lang='lat' dir='ltr'><strong>ejus:</strong></span> <span class='ocrx_word' id='word_1_315' title='bbox 2236 602 2361 672; x_wconf 91' lang='lat' dir='ltr'><strong>quia</strong></span> <span class='ocrx_word' id='word_1_316' title='bbox 2422 604 2493 659; x_wconf 90' lang='lat' dir='ltr'><strong>ita</strong></span> <span class='ocrx_word' id='word_1_317' title='bbox 2543 605 2851 660; x_wconf 90' lang='lat' dir='ltr'><strong>crediderat</strong></span> <span class='ocrx_word' id='word_1_318' title='bbox 2897 605 2967 671; x_wconf 90' lang='lat' dir='ltr'><strong>is,</strong></span> <span class='ocrx_word' id='word_1_319' title='bbox 3019 606 3113 677; x_wconf 89' lang='lat' dir='ltr'><strong>qui</strong></span> <span class='ocrx_word' id='word_1_320' title='bbox 3144 606 3427 662; x_wconf 86' lang='lat' dir='ltr'><strong>restitutus</strong></span> <span class='ocrx_word' id='word_1_321' title='bbox 3478 616 3619 669; x_wconf 89' lang='lat' dir='ltr'><strong>erat,</strong></span> 
     </span>
    </p>
   </div>
   <div class='ocr_carea' id='block_1_40' title="bbox 2045 695 3625 767">
    <p class='ocr_par' dir='ltr' id='par_1_40' title="bbox 2045 695 3625 767">
     <span class='ocr_line' id='line_1_40' title="bbox 2045 695 3625 767; baseline 0.001 -19"><span class='ocrx_word' id='word_1_322' title='bbox 2045 695 2328 764; x_wconf 84' lang='lat' dir='ltr'><strong>corrigens</strong></span> <span class='ocrx_word' id='word_1_323' title='bbox 2356 696 2682 763; x_wconf 91' lang='lat' dir='ltr'><strong>orationem,</strong></span> <span class='ocrx_word' id='word_1_324' title='bbox 2717 696 2950 763; x_wconf 86' lang='lat' dir='ltr'><strong>Nomen,</strong></span> <span class='ocrx_word' id='word_1_325' title='bbox 2993 698 3189 767; x_wconf 90' lang='lat' dir='ltr'><strong>inquit,</strong></span> <span class='ocrx_word' id='word_1_326' title='bbox 3244 698 3396 753; x_wconf 80' lang='lat' dir='ltr'><strong>iilius</strong></span> <span class='ocrx_word' id='word_1_327' title='bbox 3424 697 3625 751; x_wconf 79' lang='lat' dir='ltr'><strong>conﬁr-</strong></span> 
     </span>
    </p>
   </div>
   <div class='ocr_carea' id='block_1_41' title="bbox 2044 786 3621 859">
    <p class='ocr_par' dir='ltr' id='par_1_41' title="bbox 2044 786 3621 859">
     <span class='ocr_line' id='line_1_41' title="bbox 2044 786 3621 859; baseline 0.003 -20"><span class='ocrx_word' id='word_1_328' title='bbox 2044 786 2230 850; x_wconf 86' lang='lat' dir='ltr'><strong>mavit,</strong></span> <span class='ocrx_word' id='word_1_329' title='bbox 2264 795 2319 840; x_wconf 78' lang='lat' dir='ltr'><strong>et</strong></span> <span class='ocrx_word' id='word_1_330' title='bbox 2351 787 2587 842; x_wconf 89' lang='lat' dir='ltr'><strong>restituit</strong></span> <span class='ocrx_word' id='word_1_331' title='bbox 2616 805 2763 844; x_wconf 89' lang='lat' dir='ltr'><strong>eum.</strong></span> <span class='ocrx_word' id='word_1_332' title='bbox 2798 789 2913 845; x_wconf 88' lang='lat' dir='ltr'><strong>lloe</strong></span> <span class='ocrx_word' id='word_1_333' title='bbox 2935 798 3021 846; x_wconf 89' lang='lat' dir='ltr'><strong>est</strong></span> <span class='ocrx_word' id='word_1_334' title='bbox 3058 809 3071 845; x_wconf 91' lang='lat'><strong>:</strong></span> <span class='ocrx_word' id='word_1_335' title='bbox 3100 790 3240 857; x_wconf 85' lang='lat' dir='ltr'><strong>Quid</strong></span> <span class='ocrx_word' id='word_1_336' title='bbox 3278 790 3404 845; x_wconf 83' lang='lat' dir='ltr'><strong>dico</strong></span> <span class='ocrx_word' id='word_1_337' title='bbox 3439 809 3451 844; x_wconf 90' lang='lat'>:</span> <span class='ocrx_word' id='word_1_338' title='bbox 3495 806 3621 859; x_wconf 91' lang='lat' dir='ltr'><strong>pro-</strong></span> 
     </span>
    </p>
   </div>
   <div class='ocr_carea' id='block_1_42' title="bbox 2042 878 3624 948">
    <p class='ocr_par' dir='ltr' id='par_1_42' title="bbox 2042 878 3624 948">
     <span class='ocr_line' id='line_1_42' title="bbox 2042 878 3624 948; baseline 0.003 -17"><span class='ocrx_word' id='word_1_339' title='bbox 2042 887 2225 947; x_wconf 87' lang='lat' dir='ltr'><strong>pterea</strong></span> <span class='ocrx_word' id='word_1_340' title='bbox 2259 878 2404 948; x_wconf 91' lang='lat' dir='ltr'><strong>quod</strong></span> <span class='ocrx_word' id='word_1_341' title='bbox 2430 878 2589 935; x_wconf 88' lang='lat' dir='ltr'><strong>ﬁdem</strong></span> <span class='ocrx_word' id='word_1_342' title='bbox 2622 890 2675 936; x_wconf 92' lang='lat' dir='ltr'><strong>et</strong></span> <span class='ocrx_word' id='word_1_343' title='bbox 2708 880 2963 937; x_wconf 90' lang='lat' dir='ltr'><strong>ﬁduciam</strong></span> <span class='ocrx_word' id='word_1_344' title='bbox 3010 882 3267 938; x_wconf 80' lang='lat' dir='ltr'><strong>habuerit</strong></span> <span class='ocrx_word' id='word_1_345' title='bbox 3313 882 3368 935; x_wconf 93' lang='lat' dir='ltr'><strong>in</strong></span> <span class='ocrx_word' id='word_1_346' title='bbox 3402 881 3624 935; x_wconf 88' lang='lat' dir='ltr'><strong>nomine</strong></span> 
     </span>
    </p>
   </div>
   <div class='ocr_carea' id='block_1_43' title="bbox 2043 966 3625 1038">
    <p class='ocr_par' dir='ltr' id='par_1_43' title="bbox 2043 966 3625 1038">
     <span class='ocr_line' id='line_1_43' title="bbox 2043 966 3625 1038; baseline -0.001 -17"><span class='ocrx_word' id='word_1_347' title='bbox 2043 967 2210 1033; x_wconf 91' lang='lat' dir='ltr'><strong>illius,</strong></span> <span class='ocrx_word' id='word_1_348' title='bbox 2240 983 2364 1022; x_wconf 89' lang='lat' dir='ltr'><strong>eum</strong></span> <span class='ocrx_word' id='word_1_349' title='bbox 2420 969 2733 1025; x_wconf 89' lang='lat' dir='ltr'><strong>restitutum</strong></span> <span class='ocrx_word' id='word_1_350' title='bbox 2800 971 2968 1026; x_wconf 85' lang='lat' dir='ltr'><strong>esse?</strong></span> <span class='ocrx_word' id='word_1_351' title='bbox 2996 972 3159 1025; x_wconf 88' lang='lat' dir='ltr'><strong>etiam</strong></span> <span class='ocrx_word' id='word_1_352' title='bbox 3226 978 3518 1038; x_wconf 82' lang='lat' dir='ltr'><strong>antequam</strong></span> <span class='ocrx_word' id='word_1_353' title='bbox 3570 966 3625 1021; x_wconf 86' lang='lat' dir='ltr'><strong>ﬁ-</strong></span> 
     </span>
    </p>
   </div>
   <div class='ocr_carea' id='block_1_44' title="bbox 2043 1052 3620 1131">
    <p class='ocr_par' dir='ltr' id='par_1_44' title="bbox 2043 1052 3620 1131">
     <span class='ocr_line' id='line_1_44' title="bbox 2043 1052 3620 1131; baseline -0.001 -18"><span class='ocrx_word' id='word_1_354' title='bbox 2043 1059 2166 1113; x_wconf 90' lang='lat' dir='ltr'><strong>dem</strong></span> <span class='ocrx_word' id='word_1_355' title='bbox 2190 1052 2477 1116; x_wconf 75' lang='lat' dir='ltr'><strong>habuisset</strong></span> <span class='ocrx_word' id='word_1_356' title='bbox 2532 1069 2586 1115; x_wconf 90' lang='lat' dir='ltr'><strong>et</strong></span> <span class='ocrx_word' id='word_1_357' title='bbox 2622 1060 2879 1116; x_wconf 86' lang='lat' dir='ltr'><strong>ﬁduciam</strong></span> <span class='ocrx_word' id='word_1_358' title='bbox 2908 1061 3164 1131; x_wconf 89' lang='lat' dir='ltr'><strong>cepisset,</strong></span> <span class='ocrx_word' id='word_1_359' title='bbox 3195 1061 3374 1115; x_wconf 90' lang='lat' dir='ltr'><strong>solum</strong></span> <span class='ocrx_word' id='word_1_360' title='bbox 3418 1073 3620 1112; x_wconf 91' lang='lat' dir='ltr'><strong>nomen</strong></span> 
     </span>
    </p>
   </div>
   <div class='ocr_carea' id='block_1_45' title="bbox 2043 1148 3624 1206">
    <p class='ocr_par' dir='ltr' id='par_1_45' title="bbox 2043 1148 3624 1206">
     <span class='ocr_line' id='line_1_45' title="bbox 2043 1148 3624 1206; baseline -0.002 -2"><span class='ocrx_word' id='word_1_361' title='bbox 2043 1151 2356 1206; x_wconf 77' lang='lat' dir='ltr'><strong>invocatum</strong></span> <span class='ocrx_word' id='word_1_362' title='bbox 2413 1166 2536 1205; x_wconf 89' lang='lat' dir='ltr'><strong>eum</strong></span> <span class='ocrx_word' id='word_1_363' title='bbox 2585 1150 2951 1206; x_wconf 84' lang='lat' dir='ltr'><strong>conﬁrmavit.</strong></span> <span class='ocrx_word' id='word_1_364' title='bbox 3009 1150 3215 1206; x_wconf 86' lang='lat' dir='ltr'><strong>Tantas</strong></span> <span class='ocrx_word' id='word_1_365' title='bbox 3267 1148 3433 1204; x_wconf 84' lang='lat' dir='ltr'><strong>habet</strong></span> <span class='ocrx_word' id='word_1_366' title='bbox 3480 1148 3624 1202; x_wconf 75' lang='lat' dir='ltr'><strong>viros</strong></span> 
     </span>
    </p>
   </div>
   <div class='ocr_carea' id='block_1_46' title="bbox 2043 1242 3629 1317">
    <p class='ocr_par' dir='ltr' id='par_1_46' title="bbox 2043 1242 3629 1317">
     <span class='ocr_line' id='line_1_46' title="bbox 2043 1242 3629 1317; baseline 0.002 -22"><span class='ocrx_word' id='word_1_367' title='bbox 2043 1255 2308 1317; x_wconf 89' lang='lat' dir='ltr'><strong>tantaque</strong></span> <span class='ocrx_word' id='word_1_368' title='bbox 2362 1246 2536 1317; x_wconf 80' lang='lat' dir='ltr'><strong>gratia</strong></span> <span class='ocrx_word' id='word_1_369' title='bbox 2597 1261 2661 1302; x_wconf 87' lang='lat' dir='ltr'><strong>ac</strong></span> <span class='ocrx_word' id='word_1_370' title='bbox 2714 1246 2981 1302; x_wconf 86' lang='lat' dir='ltr'><strong>beneﬁcio</strong></span> <span class='ocrx_word' id='word_1_371' title='bbox 3042 1245 3332 1300; x_wconf 87' lang='lat' dir='ltr'><strong>redundat.</strong></span> <span class='ocrx_word' id='word_1_372' title='bbox 3403 1242 3470 1297; x_wconf 85' lang='lat' dir='ltr'><strong>Et</strong></span> <span class='ocrx_word' id='word_1_373' title='bbox 3491 1244 3629 1298; x_wconf 21' lang='lat' dir='ltr'><strong>ﬁdes.</strong></span> 
     </span>
    </p>
   </div>
   <div class='ocr_carea' id='block_1_47' title="bbox 2041 1337 3619 1408">
    <p class='ocr_par' dir='ltr' id='par_1_47' title="bbox 2041 1337 3619 1408">
     <span class='ocr_line' id='line_1_47' title="bbox 2041 1337 3619 1408; baseline -0.001 -18"><span class='ocrx_word' id='word_1_374' title='bbox 2041 1353 2163 1407; x_wconf 70' lang='lat' dir='ltr'><strong>qute</strong></span> <span class='ocrx_word' id='word_1_375' title='bbox 2196 1353 2296 1408; x_wconf 86' lang='lat' dir='ltr'><strong>per</strong></span> <span class='ocrx_word' id='word_1_376' title='bbox 2349 1353 2474 1393; x_wconf 90' lang='lat' dir='ltr'><strong>eum</strong></span> <span class='ocrx_word' id='word_1_377' title='bbox 2509 1337 2801 1408; x_wconf 80' lang='lat' dir='ltr'><strong>praedicata</strong></span> <span class='ocrx_word' id='word_1_378' title='bbox 2830 1346 2933 1401; x_wconf 90' lang='lat' dir='ltr'><strong>est,</strong></span> <span class='ocrx_word' id='word_1_379' title='bbox 2980 1346 3087 1394; x_wconf 92' lang='lat' dir='ltr'><strong>etc.</strong></span> <span class='ocrx_word' id='word_1_380' title='bbox 3122 1337 3383 1405; x_wconf 52' lang='lat' dir='ltr'><strong>Quaenam</strong></span> <span class='ocrx_word' id='word_1_381' title='bbox 3438 1346 3619 1389; x_wconf 89' lang='lat' dir='ltr'><strong>autem</strong></span> 
     </span>
    </p>
   </div>
   <div class='ocr_carea' id='block_1_48' title="bbox 2039 1429 3623 1500">
    <p class='ocr_par' dir='ltr' id='par_1_48' title="bbox 2039 1429 3623 1500">
     <span class='ocr_line' id='line_1_48' title="bbox 2039 1429 3623 1500; baseline -0.007 -14"><span class='ocrx_word' id='word_1_382' title='bbox 2039 1432 2110 1486; x_wconf 85' lang='lat' dir='ltr'><strong>sit</strong></span> <span class='ocrx_word' id='word_1_383' title='bbox 2150 1429 2303 1495; x_wconf 91' lang='lat' dir='ltr'><strong>ﬁdes,</strong></span> <span class='ocrx_word' id='word_1_384' title='bbox 2337 1446 2459 1499; x_wconf 75' lang='lat' dir='ltr'><strong>qua:</strong></span> <span class='ocrx_word' id='word_1_385' title='bbox 2490 1444 2589 1500; x_wconf 87' lang='lat' dir='ltr'><strong>per</strong></span> <span class='ocrx_word' id='word_1_386' title='bbox 2623 1430 2774 1483; x_wconf 85' lang='lat' dir='ltr'><strong>illum</strong></span> <span class='ocrx_word' id='word_1_387' title='bbox 2814 1429 3107 1499; x_wconf 67' lang='lat' dir='ltr'><strong>praedicata</strong></span> <span class='ocrx_word' id='word_1_388' title='bbox 3140 1441 3239 1493; x_wconf 85' lang='lat' dir='ltr'><strong>cst,</strong></span> <span class='ocrx_word' id='word_1_389' title='bbox 3283 1429 3399 1499; x_wconf 85' lang='lat' dir='ltr'><strong>ipse</strong></span> <span class='ocrx_word' id='word_1_390' title='bbox 3452 1429 3623 1481; x_wconf 78' lang='lat' dir='ltr'><strong>inier-</strong></span> 
     </span>
    </p>
   </div>
   <div class='ocr_carea' id='block_1_49' title="bbox 2041 1518 3624 1592">
    <p class='ocr_par' dir='ltr' id='par_1_49' title="bbox 2041 1518 3624 1592">
     <span class='ocr_line' id='line_1_49' title="bbox 2041 1518 3624 1592; baseline -0.004 -15"><span class='ocrx_word' id='word_1_391' title='bbox 2041 1530 2288 1592; x_wconf 88' lang='lat' dir='ltr'><strong>pretatur</strong></span> <span class='ocrx_word' id='word_1_392' title='bbox 2318 1537 2333 1575; x_wconf 90' lang='lat'><strong>:</strong></span> <span class='ocrx_word' id='word_1_393' title='bbox 2366 1520 2436 1575; x_wconf 92' lang='lat' dir='ltr'><strong>Ut</strong></span> <span class='ocrx_word' id='word_1_394' title='bbox 2460 1530 2801 1591; x_wconf 82' lang='lat' dir='ltr'><strong>cognoscant</strong></span> <span class='ocrx_word' id='word_1_395' title='bbox 2824 1528 2897 1581; x_wconf 88' lang='lat' dir='ltr'><strong>te.</strong></span> <span class='ocrx_word' id='word_1_396' title='bbox 2929 1520 3203 1591; x_wconf 86' lang='lat' dir='ltr'><strong>inquiens,</strong></span> <span class='ocrx_word' id='word_1_397' title='bbox 3235 1520 3326 1588; x_wconf 85' lang='lat' dir='ltr'><strong>qui</strong></span> <span class='ocrx_word' id='word_1_398' title='bbox 3362 1518 3510 1573; x_wconf 86' lang='lat' dir='ltr'><strong>solus</strong></span> <span class='ocrx_word' id='word_1_399' title='bbox 3534 1535 3624 1571; x_wconf 87' lang='lat' dir='ltr'><strong>ve-</strong></span> 
     </span>
    </p>
   </div>
   <div class='ocr_carea' id='block_1_50' title="bbox 2042 1611 3626 1684">
    <p class='ocr_par' dir='ltr' id='par_1_50' title="bbox 2042 1611 3626 1684">
     <span class='ocr_line' id='line_1_50' title="bbox 2042 1611 3626 1684; baseline -0.003 -16"><span class='ocrx_word' id='word_1_400' title='bbox 2042 1630 2137 1669; x_wconf 90' lang='lat' dir='ltr'><strong>rus</strong></span> <span class='ocrx_word' id='word_1_401' title='bbox 2168 1630 2229 1670; x_wconf 89' lang='lat' dir='ltr'><strong>es</strong></span> <span class='ocrx_word' id='word_1_402' title='bbox 2250 1613 2420 1680; x_wconf 82' lang='lat' dir='ltr'><strong>Deus,</strong></span> <span class='ocrx_word' id='word_1_403' title='bbox 2455 1624 2508 1670; x_wconf 92' lang='lat' dir='ltr'><strong>ct</strong></span> <span class='ocrx_word' id='word_1_404' title='bbox 2533 1629 2693 1684; x_wconf 87' lang='lat' dir='ltr'><strong>quem</strong></span> <span class='ocrx_word' id='word_1_405' title='bbox 2723 1613 2922 1669; x_wconf 87' lang='lat' dir='ltr'><strong>misisti</strong></span> <span class='ocrx_word' id='word_1_406' title='bbox 2972 1612 3181 1668; x_wconf 70' lang='lat' dir='ltr'><strong>Iesum.</strong></span> <span class='ocrx_word' id='word_1_407' title='bbox 3231 1611 3362 1665; x_wconf 84' lang='lat' dir='ltr'><strong>Nam</strong></span> <span class='ocrx_word' id='word_1_408' title='bbox 3404 1626 3473 1666; x_wconf 91' lang='lat' dir='ltr'><strong>ne</strong></span> <span class='ocrx_word' id='word_1_409' title='bbox 3503 1611 3626 1680; x_wconf 85' lang='lat' dir='ltr'><strong>quis</strong></span> 
     </span>
    </p>
   </div>
   <div class='ocr_carea' id='block_1_51' title="bbox 2041 1703 3625 1775">
    <p class='ocr_par' dir='ltr' id='par_1_51' title="bbox 2041 1703 3625 1775">
     <span class='ocr_line' id='line_1_51' title="bbox 2041 1703 3625 1775; baseline -0.006 -14"><span class='ocrx_word' id='word_1_410' title='bbox 2041 1706 2188 1761; x_wconf 87' lang='lat' dir='ltr'><strong>dicat</strong></span> <span class='ocrx_word' id='word_1_411' title='bbox 2234 1722 2248 1761; x_wconf 89' lang='lat'><strong>:</strong></span> <span class='ocrx_word' id='word_1_412' title='bbox 2281 1703 2448 1775; x_wconf 80' lang='lat' dir='ltr'><strong>Ergo,</strong></span> <span class='ocrx_word' id='word_1_413' title='bbox 2483 1707 2647 1761; x_wconf 85' lang='lat' dir='ltr'><strong>etiam</strong></span> <span class='ocrx_word' id='word_1_414' title='bbox 2679 1705 2726 1759; x_wconf 88' lang='lat' dir='ltr'><strong>si</strong></span> <span class='ocrx_word' id='word_1_415' title='bbox 2759 1704 2995 1760; x_wconf 90' lang='lat' dir='ltr'><strong>inﬁdelis</strong></span> <span class='ocrx_word' id='word_1_416' title='bbox 3049 1703 3381 1759; x_wconf 83' lang='lat' dir='ltr'><strong>invocaverit</strong></span> <span class='ocrx_word' id='word_1_417' title='bbox 3431 1717 3625 1755; x_wconf 77' lang='lat' dir='ltr'><strong>nomen</strong></span> 
     </span>
    </p>
   </div>
   <div class='ocr_carea' id='block_1_52' title="bbox 2044 1790 3624 1865">
    <p class='ocr_par' dir='ltr' id='par_1_52' title="bbox 2044 1790 3624 1865">
     <span class='ocr_line' id='line_1_52' title="bbox 2044 1790 3624 1865; baseline -0.003 -17"><span class='ocrx_word' id='word_1_418' title='bbox 2044 1795 2214 1861; x_wconf 86' lang='lat' dir='ltr'><strong>illius,</strong></span> <span class='ocrx_word' id='word_1_419' title='bbox 2274 1793 2493 1850; x_wconf 89' lang='lat' dir='ltr'><strong>etiamsi</strong></span> <span class='ocrx_word' id='word_1_420' title='bbox 2525 1802 2746 1865; x_wconf 87' lang='lat' dir='ltr'><strong>propter</strong></span> <span class='ocrx_word' id='word_1_421' title='bbox 2781 1792 3126 1848; x_wconf 81' lang='lat' dir='ltr'><strong>curationem</strong></span> <span class='ocrx_word' id='word_1_422' title='bbox 3158 1792 3383 1847; x_wconf 88' lang='lat' dir='ltr'><strong>alterius</strong></span> <span class='ocrx_word' id='word_1_423' title='bbox 3434 1790 3624 1844; x_wconf 88' lang='lat' dir='ltr'><strong>inﬁde-</strong></span> 
     </span>
    </p>
   </div>
   <div class='ocr_carea' id='block_1_53' title="bbox 2041 1880 3625 1954">
    <p class='ocr_par' dir='ltr' id='par_1_53' title="bbox 2041 1880 3625 1954">
     <span class='ocr_line' id='line_1_53' title="bbox 2041 1880 3625 1954; baseline -0.006 -13"><span class='ocrx_word' id='word_1_424' title='bbox 2041 1886 2146 1951; x_wconf 91' lang='lat' dir='ltr'><strong>lis,</strong></span> <span class='ocrx_word' id='word_1_425' title='bbox 2189 1885 2360 1939; x_wconf 87' lang='lat' dir='ltr'><strong>nihilo</strong></span> <span class='ocrx_word' id='word_1_426' title='bbox 2411 1884 2592 1939; x_wconf 89' lang='lat' dir='ltr'><strong>minus</strong></span> <span class='ocrx_word' id='word_1_427' title='bbox 2651 1887 2866 1940; x_wconf 84' lang='lat' dir='ltr'><strong>sanatio</strong></span> <span class='ocrx_word' id='word_1_428' title='bbox 2907 1897 3169 1954; x_wconf 87' lang='lat' dir='ltr'><strong>prospere</strong></span> <span class='ocrx_word' id='word_1_429' title='bbox 3229 1880 3524 1944; x_wconf 84' lang='lat' dir='ltr'><strong>succedet,</strong></span> <span class='ocrx_word' id='word_1_430' title='bbox 3583 1882 3625 1934; x_wconf 90' lang='lat' dir='ltr'><strong>si</strong></span> 
     </span>
    </p>
   </div>
   <div class='ocr_carea' id='block_1_54' title="bbox 2047 1969 3624 2044">
    <p class='ocr_par' dir='ltr' id='par_1_54' title="bbox 2047 1969 3624 2044">
     <span class='ocr_line' id='line_1_54' title="bbox 2047 1969 3624 2044; baseline -0.004 -15"><span class='ocrx_word' id='word_1_431' title='bbox 2047 1976 2266 2044; x_wconf 83' lang='lat' dir='ltr'><strong>quidem</strong></span> <span class='ocrx_word' id='word_1_432' title='bbox 2320 1974 2557 2029; x_wconf 88' lang='lat' dir='ltr'><strong>nominis</strong></span> <span class='ocrx_word' id='word_1_433' title='bbox 2604 1974 2877 2028; x_wconf 81' lang='lat' dir='ltr'><strong>invocatio</strong></span> <span class='ocrx_word' id='word_1_434' title='bbox 2934 1974 3049 2028; x_wconf 89' lang='lat' dir='ltr'><strong>sola</strong></span> <span class='ocrx_word' id='word_1_435' title='bbox 3082 1969 3421 2026; x_wconf 71' lang='lat' dir='ltr'><strong>conﬁrmavit</strong></span> <span class='ocrx_word' id='word_1_436' title='bbox 3455 1985 3576 2024; x_wconf 88' lang='lat' dir='ltr'><strong>cum</strong></span> <span class='ocrx_word' id='word_1_437' title='bbox 3611 1987 3624 2022; x_wconf 88' lang='lat'><strong>:</strong></span> 
     </span>
    </p>
   </div>
   <div class='ocr_carea' id='block_1_55' title="bbox 2046 2059 3630 2137">
    <p class='ocr_par' dir='ltr' id='par_1_55' title="bbox 2046 2059 3630 2137">
     <span class='ocr_line' id='line_1_55' title="bbox 2046 2059 3630 2137; baseline -0.004 -16"><span class='ocrx_word' id='word_1_438' title='bbox 2046 2082 2116 2121; x_wconf 85' lang='lat' dir='ltr'><strong>ne</strong></span> <span class='ocrx_word' id='word_1_439' title='bbox 2146 2066 2270 2136; x_wconf 88' lang='lat' dir='ltr'><strong>quis</strong></span> <span class='ocrx_word' id='word_1_440' title='bbox 2301 2065 2465 2137; x_wconf 78' lang='lat' dir='ltr'><strong>igitur</strong></span> <span class='ocrx_word' id='word_1_441' title='bbox 2506 2066 2609 2119; x_wconf 90' lang='lat' dir='ltr'><strong>hoc</strong></span> <span class='ocrx_word' id='word_1_442' title='bbox 2654 2064 2820 2130; x_wconf 66' lang='lat' dir='ltr'><strong>dicat,</strong></span> <span class='ocrx_word' id='word_1_443' title='bbox 2869 2062 3151 2132; x_wconf 76' lang='lat' dir='ltr'><strong>subjunxit</strong></span> <span class='ocrx_word' id='word_1_444' title='bbox 3186 2059 3292 2114; x_wconf 86' lang='lat' dir='ltr'><strong>:Et</strong></span> <span class='ocrx_word' id='word_1_445' title='bbox 3332 2060 3481 2127; x_wconf 79' lang='lat' dir='ltr'><strong>ﬁdes,</strong></span> <span class='ocrx_word' id='word_1_446' title='bbox 3512 2076 3630 2131; x_wconf 72' lang='lat' dir='ltr'><strong>qua:</strong></span> 
     </span>
    </p>
   </div>
   <div class='ocr_carea' id='block_1_56' title="bbox 2046 2151 3633 2225">
    <p class='ocr_par' dir='ltr' id='par_1_56' title="bbox 2046 2151 3633 2225">
     <span class='ocr_line' id='line_1_56' title="bbox 2046 2151 3633 2225; baseline -0.004 -14"><span class='ocrx_word' id='word_1_447' title='bbox 2046 2173 2137 2225; x_wconf 85' lang='lat' dir='ltr'><strong>per</strong></span> <span class='ocrx_word' id='word_1_448' title='bbox 2166 2173 2287 2212; x_wconf 87' lang='lat' dir='ltr'><strong>eum</strong></span> <span class='ocrx_word' id='word_1_449' title='bbox 2316 2155 2605 2223; x_wconf 70' lang='lat' dir='ltr'><strong>pra&#39;dicata</strong></span> <span class='ocrx_word' id='word_1_450' title='bbox 2645 2164 2723 2210; x_wconf 88' lang='lat' dir='ltr'><strong>est</strong></span> <span class='ocrx_word' id='word_1_451' title='bbox 2753 2171 2771 2209; x_wconf 91' lang='lat'><em>:</em></span> <span class='ocrx_word' id='word_1_452' title='bbox 2803 2154 2904 2209; x_wconf 92' lang='lat' dir='ltr'><strong>hoc</strong></span> <span class='ocrx_word' id='word_1_453' title='bbox 2938 2162 3023 2209; x_wconf 91' lang='lat' dir='ltr'><strong>est</strong></span> <span class='ocrx_word' id='word_1_454' title='bbox 3056 2171 3069 2206; x_wconf 87' lang='lat'><strong>:</strong></span> <span class='ocrx_word' id='word_1_455' title='bbox 3108 2151 3362 2222; x_wconf 76' lang='lat' dir='ltr'><strong>Magnum</strong></span> <span class='ocrx_word' id='word_1_456' title='bbox 3408 2151 3633 2222; x_wconf 85' lang='lat' dir='ltr'><strong>quidem</strong></span> 
     </span>
    </p>
   </div>
   <div class='ocr_carea' id='block_1_57' title="bbox 2051 2244 3629 2311">
    <p class='ocr_par' dir='ltr' id='par_1_57' title="bbox 2051 2244 3629 2311">
     <span class='ocr_line' id='line_1_57' title="bbox 2051 2244 3629 2311; baseline -0.004 -7"><span class='ocrx_word' id='word_1_457' title='bbox 2051 2264 2247 2304; x_wconf 86' lang='lat' dir='ltr'><strong>nomen</strong></span> <span class='ocrx_word' id='word_1_458' title='bbox 2280 2263 2343 2301; x_wconf 90' lang='lat' dir='ltr'><strong>ac</strong></span> <span class='ocrx_word' id='word_1_459' title='bbox 2370 2247 2710 2302; x_wconf 77' lang='lat' dir='ltr'><strong>formidabile</strong></span> <span class='ocrx_word' id='word_1_460' title='bbox 2731 2256 2836 2311; x_wconf 86' lang='lat' dir='ltr'><strong>est,</strong></span> <span class='ocrx_word' id='word_1_461' title='bbox 2869 2256 2923 2302; x_wconf 92' lang='lat' dir='ltr'><strong>et</strong></span> <span class='ocrx_word' id='word_1_462' title='bbox 2951 2247 3194 2301; x_wconf 87' lang='lat' dir='ltr'><strong>abundat</strong></span> <span class='ocrx_word' id='word_1_463' title='bbox 3224 2244 3629 2311; x_wconf 65' lang='lat' dir='ltr'><strong>saltationibus,</strong></span> 
     </span>
    </p>
   </div>
   <div class='ocr_carea' id='block_1_58' title="bbox 2051 2336 3630 2410">
    <p class='ocr_par' dir='ltr' id='par_1_58' title="bbox 2051 2336 3630 2410">
     <span class='ocr_line' id='line_1_58' title="bbox 2051 2336 3630 2410; baseline -0.004 -14"><span class='ocrx_word' id='word_1_464' title='bbox 2051 2341 2144 2396; x_wconf 86' lang='lat' dir='ltr'><strong>sed</strong></span> <span class='ocrx_word' id='word_1_465' title='bbox 2177 2354 2317 2410; x_wconf 92' lang='lat' dir='ltr'><strong>opus</strong></span> <span class='ocrx_word' id='word_1_466' title='bbox 2346 2339 2510 2394; x_wconf 85' lang='lat' dir='ltr'><strong>habet</strong></span> <span class='ocrx_word' id='word_1_467' title='bbox 2537 2346 2592 2394; x_wconf 90' lang='lat' dir='ltr'><strong>et</strong></span> <span class='ocrx_word' id='word_1_468' title='bbox 2630 2339 2852 2403; x_wconf 86' lang='lat' dir='ltr'><strong>animis,</strong></span> <span class='ocrx_word' id='word_1_469' title='bbox 2882 2339 2974 2408; x_wconf 90' lang='lat' dir='ltr'><strong>qui</strong></span> <span class='ocrx_word' id='word_1_470' title='bbox 3016 2339 3229 2409; x_wconf 89' lang='lat' dir='ltr'><strong>possint</strong></span> <span class='ocrx_word' id='word_1_471' title='bbox 3258 2353 3322 2390; x_wconf 91' lang='lat' dir='ltr'><strong>eo</strong></span> <span class='ocrx_word' id='word_1_472' title='bbox 3356 2336 3630 2390; x_wconf 79' lang='lat' dir='ltr'><strong>beneficio</strong></span> 
     </span>
    </p>
   </div>
   <div class='ocr_carea' id='block_1_59' title="bbox 2050 2428 3626 2501">
    <p class='ocr_par' dir='ltr' id='par_1_59' title="bbox 2050 2428 3626 2501">
     <span class='ocr_line' id='line_1_59' title="bbox 2050 2428 3626 2501; baseline -0.005 -14"><span class='ocrx_word' id='word_1_473' title='bbox 2050 2432 2198 2501; x_wconf 80' lang='lat' dir='ltr'><strong>digni</strong></span> <span class='ocrx_word' id='word_1_474' title='bbox 2225 2431 2466 2496; x_wconf 87' lang='lat' dir='ltr'><strong>censeri,</strong></span> <span class='ocrx_word' id='word_1_475' title='bbox 2495 2437 2550 2486; x_wconf 85' lang='lat' dir='ltr'><strong>et</strong></span> <span class='ocrx_word' id='word_1_476' title='bbox 2582 2430 3032 2500; x_wconf 76' lang='lat' dir='ltr'><strong>deprecatoribus</strong></span> <span class='ocrx_word' id='word_1_477' title='bbox 3060 2429 3269 2485; x_wconf 88' lang='lat' dir='ltr'><strong>idoneis</strong></span> <span class='ocrx_word' id='word_1_478' title='bbox 3300 2428 3365 2482; x_wconf 88' lang='lat' dir='ltr'><strong>ad</strong></span> <span class='ocrx_word' id='word_1_479' title='bbox 3392 2442 3626 2483; x_wconf 80' lang='lat' dir='ltr'><strong>exoran-</strong></span> 
     </span>
    </p>
   </div>
   <div class='ocr_carea' id='block_1_60' title="bbox 2051 2519 3647 2592">
    <p class='ocr_par' dir='ltr' id='par_1_60' title="bbox 2051 2519 3647 2592">
     <span class='ocr_line' id='line_1_60' title="bbox 2051 2519 3647 2592; baseline -0.004 -12"><span class='ocrx_word' id='word_1_480' title='bbox 2051 2524 2180 2580; x_wconf 90' lang='lat' dir='ltr'><strong>dum</strong></span> <span class='ocrx_word' id='word_1_481' title='bbox 2216 2524 2566 2578; x_wconf 87' lang='lat' dir='ltr'><strong>sanationum</strong></span> <span class='ocrx_word' id='word_1_482' title='bbox 2606 2521 3089 2592; x_wconf 86' lang='lat' dir='ltr'><strong>suppeditatorcm.</strong></span> <span class='ocrx_word' id='word_1_483' title='bbox 3131 2519 3264 2574; x_wconf 88' lang='lat' dir='ltr'><strong>Nam</strong></span> <span class='ocrx_word' id='word_1_484' title='bbox 3297 2521 3344 2576; x_wconf 90' lang='lat' dir='ltr'><strong>si</strong></span> <span class='ocrx_word' id='word_1_485' title='bbox 3393 2520 3647 2574; x_wconf 75' lang='lat' dir='ltr'><strong>inﬁdelis-</strong></span> 
     </span>
    </p>
   </div>
   <div class='ocr_carea' id='block_1_61' title="bbox 2051 2612 3631 2683">
    <p class='ocr_par' dir='ltr' id='par_1_61' title="bbox 2051 2612 3631 2683">
     <span class='ocr_line' id='line_1_61' title="bbox 2051 2612 3631 2683; baseline -0.004 -12"><span class='ocrx_word' id='word_1_486' title='bbox 2051 2630 2352 2672; x_wconf 87' lang='lat' dir='ltr'><strong>mansnrus</strong></span> <span class='ocrx_word' id='word_1_487' title='bbox 2405 2615 2477 2669; x_wconf 87' lang='lat' dir='ltr'><strong>sit</strong></span> <span class='ocrx_word' id='word_1_488' title='bbox 2522 2613 2590 2676; x_wconf 86' lang='lat' dir='ltr'><strong>is,</strong></span> <span class='ocrx_word' id='word_1_489' title='bbox 2623 2614 2731 2683; x_wconf 88' lang='lat' dir='ltr'><strong>qui</strong></span> <span class='ocrx_word' id='word_1_490' title='bbox 2771 2613 3080 2669; x_wconf 86' lang='lat' dir='ltr'><strong>sanationis</strong></span> <span class='ocrx_word' id='word_1_491' title='bbox 3113 2612 3341 2682; x_wconf 79' lang='lat' dir='ltr'><strong>indiget,</strong></span> <span class='ocrx_word' id='word_1_492' title='bbox 3393 2626 3501 2665; x_wconf 89' lang='lat' dir='ltr'><strong>non</strong></span> <span class='ocrx_word' id='word_1_493' title='bbox 3556 2612 3631 2665; x_wconf 78' lang='lat' dir='ltr'><strong>ita</strong></span> 
     </span>
    </p>
   </div>
   <div class='ocr_carea' id='block_1_62' title="bbox 2053 2701 3632 2777">
    <p class='ocr_par' dir='ltr' id='par_1_62' title="bbox 2053 2701 3632 2777">
     <span class='ocr_line' id='line_1_62' title="bbox 2053 2701 3632 2777; baseline -0.004 -15"><span class='ocrx_word' id='word_1_494' title='bbox 2053 2706 2382 2777; x_wconf 77' lang='lat' dir='ltr'><strong>simpliciter</strong></span> <span class='ocrx_word' id='word_1_495' title='bbox 2410 2704 2628 2761; x_wconf 88' lang='lat' dir='ltr'><strong>sanatio</strong></span> <span class='ocrx_word' id='word_1_496' title='bbox 2655 2704 2915 2773; x_wconf 88' lang='lat' dir='ltr'><strong>procedet</strong></span> <span class='ocrx_word' id='word_1_497' title='bbox 2944 2721 2957 2756; x_wconf 90' lang='lat'><strong>:</strong></span> <span class='ocrx_word' id='word_1_498' title='bbox 2992 2707 3231 2773; x_wconf 85' lang='lat' dir='ltr'><strong>itemque</strong></span> <span class='ocrx_word' id='word_1_499' title='bbox 3263 2703 3309 2755; x_wconf 91' lang='lat' dir='ltr'><strong>si</strong></span> <span class='ocrx_word' id='word_1_500' title='bbox 3341 2701 3409 2756; x_wconf 89' lang='lat' dir='ltr'><strong>ab</strong></span> <span class='ocrx_word' id='word_1_501' title='bbox 3440 2701 3632 2755; x_wconf 86' lang='lat' dir='ltr'><strong>inlide-</strong></span> 
     </span>
    </p>
   </div>
   <div class='ocr_carea' id='block_1_63' title="bbox 2053 2792 3626 2861">
    <p class='ocr_par' dir='ltr' id='par_1_63' title="bbox 2053 2792 3626 2861">
     <span class='ocr_line' id='line_1_63' title="bbox 2053 2792 3626 2861; baseline -0.004 -7"><span class='ocrx_word' id='word_1_502' title='bbox 2053 2800 2197 2855; x_wconf 88' lang='lat' dir='ltr'><strong>Iibns</strong></span> <span class='ocrx_word' id='word_1_503' title='bbox 2224 2814 2421 2854; x_wconf 87' lang='lat' dir='ltr'><strong>nomen</strong></span> <span class='ocrx_word' id='word_1_504' title='bbox 2456 2799 2760 2859; x_wconf 84' lang='lat' dir='ltr'><strong>invocetur,</strong></span> <span class='ocrx_word' id='word_1_505' title='bbox 2793 2811 2894 2850; x_wconf 87' lang='lat' dir='ltr'><strong>suo</strong></span> <span class='ocrx_word' id='word_1_506' title='bbox 2926 2810 3152 2849; x_wconf 78' lang='lat' dir='ltr'><strong>munere</strong></span> <span class='ocrx_word' id='word_1_507' title='bbox 3210 2809 3316 2848; x_wconf 91' lang='lat' dir='ltr'><strong>non</strong></span> <span class='ocrx_word' id='word_1_508' title='bbox 3350 2792 3626 2861; x_wconf 79' lang='lat' dir='ltr'><strong>fungetur.</strong></span> 
     </span>
    </p>
   </div>
   <div class='ocr_carea' id='block_1_64' title="bbox 2053 2881 3653 2951">
    <p class='ocr_par' dir='ltr' id='par_1_64' title="bbox 2053 2881 3653 2951">
     <span class='ocr_line' id='line_1_64' title="bbox 2053 2881 3653 2951; baseline -0.004 -8"><span class='ocrx_word' id='word_1_509' title='bbox 2053 2889 2344 2944; x_wconf 82' lang='lat' dir='ltr'><strong>Enimvero</strong></span> <span class='ocrx_word' id='word_1_510' title='bbox 2374 2887 2469 2942; x_wconf 90' lang='lat' dir='ltr'><strong>ﬁlii</strong></span> <span class='ocrx_word' id='word_1_511' title='bbox 2521 2887 2709 2942; x_wconf 80' lang='lat' dir='ltr'><strong>Scevae</strong></span> <span class='ocrx_word' id='word_1_512' title='bbox 2742 2902 2850 2941; x_wconf 92' lang='lat' dir='ltr'><strong>non</strong></span> <span class='ocrx_word' id='word_1_513' title='bbox 2894 2886 3053 2939; x_wconf 76' lang='lat' dir='ltr'><strong>nimio</strong></span> <span class='ocrx_word' id='word_1_514' title='bbox 3102 2883 3224 2939; x_wconf 86' lang='lat' dir='ltr'><strong>aliis</strong></span> <span class='ocrx_word' id='word_1_515' title='bbox 3260 2898 3369 2937; x_wconf 87' lang='lat' dir='ltr'><strong>non</strong></span> <span class='ocrx_word' id='word_1_516' title='bbox 3415 2881 3653 2951; x_wconf 48' lang='lat' dir='ltr'><strong>profuem</strong></span> 
     </span>
    </p>
   </div>
   <div class='ocr_carea' id='block_1_65' title="bbox 2053 2974 3632 3048">
    <p class='ocr_par' dir='ltr' id='par_1_65' title="bbox 2053 2974 3632 3048">
     <span class='ocr_line' id='line_1_65' title="bbox 2053 2974 3632 3048; baseline -0.007 -11"><span class='ocrx_word' id='word_1_517' title='bbox 2053 2991 2203 3048; x_wconf 85' lang='lat' dir='ltr'><strong>runt,</strong></span> <span class='ocrx_word' id='word_1_518' title='bbox 2251 2996 2436 3036; x_wconf 85' lang='lat' dir='ltr'><strong>verum</strong></span> <span class='ocrx_word' id='word_1_519' title='bbox 2489 2981 2654 3035; x_wconf 85' lang='lat' dir='ltr'><strong>etiam</strong></span> <span class='ocrx_word' id='word_1_520' title='bbox 2690 2978 2795 3034; x_wconf 88' lang='lat' dir='ltr'><strong>sibi</strong></span> <span class='ocrx_word' id='word_1_521' title='bbox 2831 2978 2967 3048; x_wconf 87' lang='lat' dir='ltr'><strong>ipsis</strong></span> <span class='ocrx_word' id='word_1_522' title='bbox 3008 2984 3335 3031; x_wconf 86' lang='lat' dir='ltr'><strong>nocuerunt.</strong></span> <span class='ocrx_word' id='word_1_523' title='bbox 3375 2974 3467 3029; x_wconf 91' lang='lat' dir='ltr'><strong>Sic</strong></span> <span class='ocrx_word' id='word_1_524' title='bbox 3506 2976 3632 3043; x_wconf 86' lang='lat' dir='ltr'><strong>qui-</strong></span> 
     </span>
    </p>
   </div>
   <div class='ocr_carea' id='block_1_66' title="bbox 2049 3064 3637 3139">
    <p class='ocr_par' dir='ltr' id='par_1_66' title="bbox 2049 3064 3637 3139">
     <span class='ocr_line' id='line_1_66' title="bbox 2049 3064 3637 3139; baseline -0.006 -11"><span class='ocrx_word' id='word_1_525' title='bbox 2049 3073 2173 3129; x_wconf 84' lang='lat' dir='ltr'><strong>dem</strong></span> <span class='ocrx_word' id='word_1_526' title='bbox 2211 3088 2358 3128; x_wconf 83' lang='lat' dir='ltr'><strong>nos:</strong></span> <span class='ocrx_word' id='word_1_527' title='bbox 2404 3071 2495 3126; x_wconf 90' lang='lat' dir='ltr'><strong>alii</strong></span> <span class='ocrx_word' id='word_1_528' title='bbox 2548 3086 2674 3126; x_wconf 76' lang='lat' dir='ltr'><strong>vero</strong></span> <span class='ocrx_word' id='word_1_529' title='bbox 2710 3070 2788 3125; x_wconf 90' lang='lat' dir='ltr'><strong>sic</strong></span> <span class='ocrx_word' id='word_1_530' title='bbox 2841 3077 3239 3139; x_wconf 78' lang='lat' dir='ltr'><strong>exposuerunt.</strong></span> <span class='ocrx_word' id='word_1_531' title='bbox 3296 3066 3459 3136; x_wconf 83' lang='lat' dir='ltr'><strong>Atqui</strong></span> <span class='ocrx_word' id='word_1_532' title='bbox 3501 3064 3637 3119; x_wconf 85' lang='lat' dir='ltr'><strong>ﬁdes</strong></span> 
     </span>
    </p>
   </div>
   <div class='ocr_carea' id='block_1_67' title="bbox 2048 3158 3634 3235">
    <p class='ocr_par' dir='ltr' id='par_1_67' title="bbox 2048 3158 3634 3235">
     <span class='ocr_line' id='line_1_67' title="bbox 2048 3158 3634 3235; baseline -0.006 -14"><span class='ocrx_word' id='word_1_533' title='bbox 2048 3165 2242 3221; x_wconf 85' lang='lat' dir='ltr'><strong>eadem</strong></span> <span class='ocrx_word' id='word_1_534' title='bbox 2272 3172 2378 3230; x_wconf 85' lang='lat' dir='ltr'><strong>est,</strong></span> <span class='ocrx_word' id='word_1_535' title='bbox 2418 3179 2542 3235; x_wconf 71' lang='lat' dir='ltr'><strong>quae</strong></span> <span class='ocrx_word' id='word_1_536' title='bbox 2567 3163 2670 3218; x_wconf 86' lang='lat' dir='ltr'><strong>hoc</strong></span> <span class='ocrx_word' id='word_1_537' title='bbox 2698 3161 2897 3219; x_wconf 81' lang='lat' dir='ltr'><strong>eﬁ&#39;ecit.</strong></span> <span class='ocrx_word' id='word_1_538' title='bbox 2928 3159 3046 3216; x_wconf 85' lang='lat' dir='ltr'><strong>Non</strong></span> <span class='ocrx_word' id='word_1_539' title='bbox 3078 3161 3223 3215; x_wconf 91' lang='lat' dir='ltr'><strong>enim</strong></span> <span class='ocrx_word' id='word_1_540' title='bbox 3250 3159 3501 3215; x_wconf 79' lang='lat' dir='ltr'><strong>dixerat:</strong></span> <span class='ocrx_word' id='word_1_541' title='bbox 3533 3158 3634 3212; x_wconf 73' lang='lat' dir='ltr'><strong>l’er</strong></span> 
     </span>
    </p>
   </div>
   <div class='ocr_carea' id='block_1_68' title="bbox 2051 3240 3635 3324">
    <p class='ocr_par' dir='ltr' id='par_1_68' title="bbox 2051 3240 3635 3324">
     <span class='ocr_line' id='line_1_68' title="bbox 2051 3240 3635 3324; baseline -0.006 -10"><span class='ocrx_word' id='word_1_542' title='bbox 2051 3273 2249 3315; x_wconf 89' lang='lat' dir='ltr'><strong>nomen</strong></span> <span class='ocrx_word' id='word_1_543' title='bbox 2285 3277 2297 3311; x_wconf 94' lang='lat'><strong>:</strong></span> <span class='ocrx_word' id='word_1_544' title='bbox 2329 3258 2448 3324; x_wconf 90' lang='lat' dir='ltr'><strong>sed,</strong></span> <span class='ocrx_word' id='word_1_545' title='bbox 2492 3257 2547 3312; x_wconf 91' lang='lat' dir='ltr'><strong>in</strong></span> <span class='ocrx_word' id='word_1_546' title='bbox 2594 3255 2837 3312; x_wconf 88' lang='lat' dir='ltr'><strong>nomine.</strong></span> <span class='ocrx_word' id='word_1_547' title='bbox 2894 3253 3000 3310; x_wconf 89' lang='lat' dir='ltr'><strong>Sed</strong></span> <span class='ocrx_word' id='word_1_548' title='bbox 3046 3252 3289 3311; x_wconf 90' lang='lat' dir='ltr'><strong>nondum</strong></span> <span class='ocrx_word' id='word_1_549' title='bbox 3359 3240 3635 3307; x_wconf 74' lang='lat' dir='ltr'><strong>audebant</strong></span> 
     </span>
    </p>
   </div>
   <div class='ocr_carea' id='block_1_69' title="bbox 2051 3343 3633 3407">
    <p class='ocr_par' dir='ltr' id='par_1_69' title="bbox 2051 3343 3633 3407">
     <span class='ocr_line' id='line_1_69' title="bbox 2051 3343 3633 3407; baseline -0.007 0"><span class='ocrx_word' id='word_1_550' title='bbox 2051 3352 2233 3407; x_wconf 89' lang='lat' dir='ltr'><strong>dicere</strong></span> <span class='ocrx_word' id='word_1_551' title='bbox 2264 3348 2465 3405; x_wconf 85' lang='lat' dir='ltr'><strong>:Fides</strong></span> <span class='ocrx_word' id='word_1_552' title='bbox 2501 3364 2595 3405; x_wconf 85' lang='lat' dir='ltr'><strong>seu</strong></span> <span class='ocrx_word' id='word_1_553' title='bbox 2635 3348 2835 3404; x_wconf 85' lang='lat' dir='ltr'><strong>ﬁducia</strong></span> <span class='ocrx_word' id='word_1_554' title='bbox 2873 3349 2925 3403; x_wconf 93' lang='lat' dir='ltr'><strong>in</strong></span> <span class='ocrx_word' id='word_1_555' title='bbox 2966 3346 3142 3401; x_wconf 89' lang='lat' dir='ltr'><strong>illum.</strong></span> <span class='ocrx_word' id='word_1_556' title='bbox 3174 3344 3253 3401; x_wconf 82' lang='lat' dir='ltr'><strong>Ne</strong></span> <span class='ocrx_word' id='word_1_557' title='bbox 3287 3355 3467 3400; x_wconf 89' lang='lat' dir='ltr'><strong>autem</strong></span> <span class='ocrx_word' id='word_1_558' title='bbox 3500 3343 3633 3398; x_wconf 86' lang='lat' dir='ltr'><strong>illud</strong></span> 
     </span>
    </p>
   </div>
   <div class='ocr_carea' id='block_1_70' title="bbox 2051 3436 3634 3513">
    <p class='ocr_par' dir='ltr' id='par_1_70' title="bbox 2051 3436 3634 3513">
     <span class='ocr_line' id='line_1_70' title="bbox 2051 3436 3634 3513; baseline -0.006 -15"><span class='ocrx_word' id='word_1_559' title='bbox 2051 3444 2258 3499; x_wconf 90' lang='lat' dir='ltr'><strong>dictum</strong></span> <span class='ocrx_word' id='word_1_560' title='bbox 2304 3461 2317 3497; x_wconf 90' lang='lat'><strong>:</strong></span> <span class='ocrx_word' id='word_1_561' title='bbox 2348 3458 2468 3513; x_wconf 74' lang='lat' dir='ltr'><strong>qua:</strong></span> <span class='ocrx_word' id='word_1_562' title='bbox 2499 3458 2594 3511; x_wconf 85' lang='lat' dir='ltr'><strong>per</strong></span> <span class='ocrx_word' id='word_1_563' title='bbox 2626 3441 2775 3495; x_wconf 89' lang='lat' dir='ltr'><strong>illum</strong></span> <span class='ocrx_word' id='word_1_564' title='bbox 2811 3439 3107 3511; x_wconf 64' lang='lat' dir='ltr'><strong>praedicata</strong></span> <span class='ocrx_word' id='word_1_565' title='bbox 3133 3444 3239 3504; x_wconf 90' lang='lat' dir='ltr'><strong>est,</strong></span> <span class='ocrx_word' id='word_1_566' title='bbox 3274 3452 3500 3507; x_wconf 82' lang='lat' dir='ltr'><strong>prorsus</strong></span> <span class='ocrx_word' id='word_1_567' title='bbox 3531 3436 3634 3490; x_wconf 87' lang='lat' dir='ltr'><strong>hu-</strong></span> 
     </span>
    </p>
   </div>
   <div class='ocr_carea' id='block_1_71' title="bbox 2049 3528 3643 3604">
    <p class='ocr_par' dir='ltr' id='par_1_71' title="bbox 2049 3528 3643 3604">
     <span class='ocr_line' id='line_1_71' title="bbox 2049 3528 3643 3604; baseline -0.006 -14"><span class='ocrx_word' id='word_1_568' title='bbox 2049 3536 2176 3592; x_wconf 89' lang='lat' dir='ltr'><strong>mile</strong></span> <span class='ocrx_word' id='word_1_569' title='bbox 2206 3542 2375 3600; x_wconf 87' lang='lat' dir='ltr'><strong>esset,</strong></span> <span class='ocrx_word' id='word_1_570' title='bbox 2435 3533 2718 3604; x_wconf 77' lang='lat' dir='ltr'><strong>subjunxit</strong></span> <span class='ocrx_word' id='word_1_571' title='bbox 2751 3554 2766 3587; x_wconf 88' lang='lat'><strong>-.</strong></span> <span class='ocrx_word' id='word_1_572' title='bbox 2800 3532 2865 3587; x_wconf 85' lang='lat' dir='ltr'><strong>Et</strong></span> <span class='ocrx_word' id='word_1_573' title='bbox 2887 3546 3085 3586; x_wconf 89' lang='lat' dir='ltr'><strong>nomen</strong></span> <span class='ocrx_word' id='word_1_574' title='bbox 3120 3530 3268 3585; x_wconf 88' lang='lat' dir='ltr'><strong>illius</strong></span> <span class='ocrx_word' id='word_1_575' title='bbox 3292 3528 3643 3585; x_wconf 85' lang='lat' dir='ltr'><strong>conﬁrmavit</strong></span> 
     </span>
    </p>
   </div>
   <div class='ocr_carea' id='block_1_72' title="bbox 358 3619 3636 3700">
    <p class='ocr_par' dir='ltr' id='par_1_72' title="bbox 358 3619 3636 3700">
     <span class='ocr_line' id='line_1_72' title="bbox 358 3619 3636 3700; baseline -0.001 -25"><span class='ocrx_word' id='word_1_576' title='bbox 358 3637 510 3675; x_wconf 87' lang='lat' dir='ltr'><strong>eum.</strong></span> <span class='ocrx_word' id='word_1_577' title='bbox 549 3621 654 3677; x_wconf 75' lang='lat' dir='ltr'><strong>Sed</strong></span> <span class='ocrx_word' id='word_1_578' title='bbox 713 3625 971 3692; x_wconf 83' lang='lat' dir='ltr'><strong>quoniam</strong></span> <span class='ocrx_word' id='word_1_579' title='bbox 1006 3626 1171 3679; x_wconf 86' lang='lat' dir='ltr'><strong>etiam</strong></span> <span class='ocrx_word' id='word_1_580' title='bbox 1224 3627 1329 3680; x_wconf 89' lang='lat' dir='ltr'><strong>hoc</strong></span> <span class='ocrx_word' id='word_1_581' title='bbox 1357 3628 1593 3683; x_wconf 87' lang='lat' dir='ltr'><strong>sublime</strong></span> <span class='ocrx_word' id='word_1_582' title='bbox 1626 3643 1690 3684; x_wconf 90' lang='lat' dir='ltr'><strong>ac</strong></span> <span class='ocrx_word' id='word_1_583' title='bbox 1734 3628 2037 3700; x_wconf 78' lang='lat' dir='ltr'><strong>perfectura</strong></span> <span class='ocrx_word' id='word_1_584' title='bbox 2105 3639 2243 3692; x_wconf 86' lang='lat' dir='ltr'><strong>erat,</strong></span> <span class='ocrx_word' id='word_1_585' title='bbox 2299 3627 2586 3683; x_wconf 87' lang='lat' dir='ltr'><strong>conﬁrmat</strong></span> <span class='ocrx_word' id='word_1_586' title='bbox 2659 3627 2709 3681; x_wconf 89' lang='lat' dir='ltr'><strong>id</strong></span> <span class='ocrx_word' id='word_1_587' title='bbox 2763 3624 3109 3693; x_wconf 88' lang='lat' dir='ltr'><strong>snbjiciens:</strong></span> <span class='ocrx_word' id='word_1_588' title='bbox 3175 3619 3244 3676; x_wconf 86' lang='lat' dir='ltr'><strong>Et</strong></span> <span class='ocrx_word' id='word_1_589' title='bbox 3299 3621 3451 3690; x_wconf 81' lang='lat' dir='ltr'><strong>ﬁdes,</strong></span> <span class='ocrx_word' id='word_1_590' title='bbox 3518 3633 3636 3690; x_wconf 65' lang='lat' dir='ltr'><strong>quia</strong></span> 
     </span>
    </p>
   </div>
   <div class='ocr_carea' id='block_1_73' title="bbox 358 3709 3639 3785">
    <p class='ocr_par' dir='ltr' id='par_1_73' title="bbox 358 3709 3639 3785">
     <span class='ocr_line' id='line_1_73' title="bbox 358 3709 3639 3785; baseline -0.001 -21"><span class='ocrx_word' id='word_1_591' title='bbox 358 3730 452 3780; x_wconf 80' lang='lat' dir='ltr'><strong>per</strong></span> <span class='ocrx_word' id='word_1_592' title='bbox 490 3729 608 3768; x_wconf 83' lang='lat' dir='ltr'><strong>eum</strong></span> <span class='ocrx_word' id='word_1_593' title='bbox 643 3715 937 3784; x_wconf 76' lang='lat' dir='ltr'><strong>prwdicata</strong></span> <span class='ocrx_word' id='word_1_594' title='bbox 970 3727 1072 3780; x_wconf 78' lang='lat' dir='ltr'><strong>est,</strong></span> <span class='ocrx_word' id='word_1_595' title='bbox 1106 3717 1331 3771; x_wconf 86' lang='lat' dir='ltr'><strong>humilia</strong></span> <span class='ocrx_word' id='word_1_596' title='bbox 1361 3717 1692 3773; x_wconf 84' lang='lat' dir='ltr'><strong>sublimibus</strong></span> <span class='ocrx_word' id='word_1_597' title='bbox 1730 3719 1963 3773; x_wconf 81' lang='lat' dir='ltr'><strong>invicem</strong></span> <span class='ocrx_word' id='word_1_598' title='bbox 1994 3719 2391 3773; x_wconf 89' lang='lat' dir='ltr'><strong>commiseens:</strong></span> <span class='ocrx_word' id='word_1_599' title='bbox 2424 3717 2528 3770; x_wconf 86' lang='lat' dir='ltr'><strong>alia</strong></span> <span class='ocrx_word' id='word_1_600' title='bbox 2563 3715 2784 3785; x_wconf 89' lang='lat' dir='ltr'><strong>quidem</strong></span> <span class='ocrx_word' id='word_1_601' title='bbox 2815 3712 2891 3767; x_wconf 89' lang='lat' dir='ltr'><strong>rei</strong></span> <span class='ocrx_word' id='word_1_602' title='bbox 2922 3719 3133 3766; x_wconf 63' lang='lat' dir='ltr'><strong>natura;</strong></span> <span class='ocrx_word' id='word_1_603' title='bbox 3193 3711 3442 3765; x_wconf 82' lang='lat' dir='ltr'><strong>tribuens</strong></span> <span class='ocrx_word' id='word_1_604' title='bbox 3477 3727 3491 3762; x_wconf 88' lang='lat'><strong>:</strong></span> <span class='ocrx_word' id='word_1_605' title='bbox 3523 3709 3639 3763; x_wconf 84' lang='lat' dir='ltr'><strong>alia.</strong></span> 
     </span>
    </p>
   </div>
   <div class='ocr_carea' id='block_1_74' title="bbox 359 3802 3636 3877">
    <p class='ocr_par' dir='ltr' id='par_1_74' title="bbox 359 3802 3636 3877">
     <span class='ocr_line' id='line_1_74' title="bbox 359 3802 3636 3877; baseline -0.002 -15"><span class='ocrx_word' id='word_1_606' title='bbox 359 3822 495 3863; x_wconf 75' lang='lat' dir='ltr'><strong>vero</strong></span> <span class='ocrx_word' id='word_1_607' title='bbox 522 3806 796 3861; x_wconf 83' lang='lat' dir='ltr'><strong>aﬁ‘cetiuni</strong></span> <span class='ocrx_word' id='word_1_608' title='bbox 832 3818 887 3862; x_wconf 89' lang='lat' dir='ltr'><strong>et</strong></span> <span class='ocrx_word' id='word_1_609' title='bbox 926 3807 1137 3861; x_wconf 86' lang='lat' dir='ltr'><strong>viribus</strong></span> <span class='ocrx_word' id='word_1_610' title='bbox 1183 3807 1520 3863; x_wconf 89' lang='lat' dir='ltr'><strong>auditorum.</strong></span> <span class='ocrx_word' id='word_1_611' title='bbox 1593 3807 1808 3864; x_wconf 80' lang='lat' dir='ltr'><strong>llumile</strong></span> <span class='ocrx_word' id='word_1_612' title='bbox 1845 3810 1989 3864; x_wconf 90' lang='lat' dir='ltr'><strong>enim</strong></span> <span class='ocrx_word' id='word_1_613' title='bbox 2029 3817 2151 3864; x_wconf 86' lang='lat' dir='ltr'><strong>erat</strong></span> <span class='ocrx_word' id='word_1_614' title='bbox 2182 3808 2315 3863; x_wconf 90' lang='lat' dir='ltr'><strong>illud</strong></span> <span class='ocrx_word' id='word_1_615' title='bbox 2338 3807 2557 3877; x_wconf 88' lang='lat' dir='ltr'><strong>quidem</strong></span> <span class='ocrx_word' id='word_1_616' title='bbox 2590 3824 2605 3860; x_wconf 88' lang='lat'><strong>:</strong></span> <span class='ocrx_word' id='word_1_617' title='bbox 2650 3805 2878 3875; x_wconf 79' lang='lat' dir='ltr'><strong>Propter</strong></span> <span class='ocrx_word' id='word_1_618' title='bbox 2911 3804 3071 3859; x_wconf 88' lang='lat' dir='ltr'><strong>ﬁdem</strong></span> <span class='ocrx_word' id='word_1_619' title='bbox 3105 3803 3346 3858; x_wconf 87' lang='lat' dir='ltr'><strong>nominis</strong></span> <span class='ocrx_word' id='word_1_620' title='bbox 3390 3802 3531 3871; x_wconf 85' lang='lat' dir='ltr'><strong>ejus,</strong></span> <span class='ocrx_word' id='word_1_621' title='bbox 3579 3811 3636 3857; x_wconf 83' lang='lat' dir='ltr'><strong>et</strong></span> 
     </span>
    </p>
   </div>
   <div class='ocr_carea' id='block_1_75' title="bbox 364 3897 3637 3972">
    <p class='ocr_par' dir='ltr' id='par_1_75' title="bbox 364 3897 3637 3972">
     <span class='ocr_line' id='line_1_75' title="bbox 364 3897 3637 3972; baseline -0 -17"><span class='ocrx_word' id='word_1_622' title='bbox 364 3901 504 3957; x_wconf 73' lang='lat' dir='ltr'><strong>illud</strong></span> <span class='ocrx_word' id='word_1_623' title='bbox 540 3919 555 3955; x_wconf 89' lang='lat'><strong>:</strong></span> <span class='ocrx_word' id='word_1_624' title='bbox 594 3900 756 3956; x_wconf 83' lang='lat' dir='ltr'><strong>Fides</strong></span> <span class='ocrx_word' id='word_1_625' title='bbox 786 3918 902 3972; x_wconf 81' lang='lat' dir='ltr'><strong>qua:</strong></span> <span class='ocrx_word' id='word_1_626' title='bbox 932 3919 1024 3971; x_wconf 81' lang='lat' dir='ltr'><strong>per</strong></span> <span class='ocrx_word' id='word_1_627' title='bbox 1053 3902 1206 3957; x_wconf 68' lang='lat' dir='ltr'><strong>ilium</strong></span> <span class='ocrx_word' id='word_1_628' title='bbox 1261 3904 1555 3970; x_wconf 79' lang='lat' dir='ltr'><strong>prwdicata</strong></span> <span class='ocrx_word' id='word_1_629' title='bbox 1581 3913 1657 3957; x_wconf 84' lang='lat' dir='ltr'><strong>est</strong></span> <span class='ocrx_word' id='word_1_630' title='bbox 1690 3917 1708 3955; x_wconf 92' lang='lat'><strong><em>:</em></strong></span> <span class='ocrx_word' id='word_1_631' title='bbox 1742 3902 1979 3959; x_wconf 85' lang='lat' dir='ltr'><strong>sublime</strong></span> <span class='ocrx_word' id='word_1_632' title='bbox 2018 3911 2199 3958; x_wconf 86' lang='lat' dir='ltr'><strong>autem</strong></span> <span class='ocrx_word' id='word_1_633' title='bbox 2231 3912 2396 3972; x_wconf 89' lang='lat' dir='ltr'><strong>atque</strong></span> <span class='ocrx_word' id='word_1_634' title='bbox 2424 3898 2723 3972; x_wconf 81' lang='lat' dir='ltr'><strong>perfectum</strong></span> <span class='ocrx_word' id='word_1_635' title='bbox 2758 3898 2813 3953; x_wconf 90' lang='lat' dir='ltr'><strong>id</strong></span> <span class='ocrx_word' id='word_1_636' title='bbox 2867 3897 3014 3968; x_wconf 83' lang='lat' dir='ltr'><strong>quod</strong></span> <span class='ocrx_word' id='word_1_637' title='bbox 3051 3898 3185 3953; x_wconf 84' lang='lat' dir='ltr'><strong>dixit</strong></span> <span class='ocrx_word' id='word_1_638' title='bbox 3217 3916 3230 3952; x_wconf 89' lang='lat'><strong>:</strong></span> <span class='ocrx_word' id='word_1_639' title='bbox 3305 3898 3511 3955; x_wconf 85' lang='lat' dir='ltr'><strong>Nomen</strong></span> <span class='ocrx_word' id='word_1_640' title='bbox 3570 3900 3637 3954; x_wconf 90' lang='lat' dir='ltr'><strong>il-</strong></span> 
     </span>
    </p>
   </div>
   <div class='ocr_carea' id='block_1_76' title="bbox 365 3989 3639 4065">
    <p class='ocr_par' dir='ltr' id='par_1_76' title="bbox 365 3989 3639 4065">
     <span class='ocr_line' id='line_1_76' title="bbox 365 3989 3639 4065; baseline -0 -20"><span class='ocrx_word' id='word_1_641' title='bbox 365 3993 477 4049; x_wconf 79' lang='lat' dir='ltr'><strong>lius</strong></span> <span class='ocrx_word' id='word_1_642' title='bbox 516 4009 641 4049; x_wconf 80' lang='lat' dir='ltr'><strong>eum</strong></span> <span class='ocrx_word' id='word_1_643' title='bbox 665 3995 1029 4059; x_wconf 80' lang='lat' dir='ltr'><strong>continuavit,</strong></span> <span class='ocrx_word' id='word_1_644' title='bbox 1062 4010 1125 4049; x_wconf 89' lang='lat' dir='ltr'><strong>ac</strong></span> <span class='ocrx_word' id='word_1_645' title='bbox 1161 3994 1403 4056; x_wconf 79' lang='lat' dir='ltr'><strong>restituit</strong></span> <span class='ocrx_word' id='word_1_646' title='bbox 1444 4010 1460 4048; x_wconf 91' lang='lat'><strong>:</strong></span> <span class='ocrx_word' id='word_1_647' title='bbox 1492 3995 1637 4064; x_wconf 81' lang='lat' dir='ltr'><strong>quod</strong></span> <span class='ocrx_word' id='word_1_648' title='bbox 1668 3994 1714 4050; x_wconf 88' lang='lat' dir='ltr'><strong>si</strong></span> <span class='ocrx_word' id='word_1_649' title='bbox 1746 3995 1952 4049; x_wconf 90' lang='lat' dir='ltr'><strong>nudum</strong></span> <span class='ocrx_word' id='word_1_650' title='bbox 1989 3995 2261 4065; x_wconf 89' lang='lat' dir='ltr'><strong>prolatum</strong></span> <span class='ocrx_word' id='word_1_651' title='bbox 2312 3993 2529 4056; x_wconf 87' lang='lat' dir='ltr'><strong>fuisset,</strong></span> <span class='ocrx_word' id='word_1_652' title='bbox 2584 3998 2965 4061; x_wconf 76' lang='lat' dir='ltr'><strong>exasperasset</strong></span> <span class='ocrx_word' id='word_1_653' title='bbox 2995 3989 3213 4046; x_wconf 67' lang='lat' dir='ltr'><strong>Judaeos</strong></span> <span class='ocrx_word' id='word_1_654' title='bbox 3246 4005 3262 4044; x_wconf 90' lang='lat'><strong>:</strong></span> <span class='ocrx_word' id='word_1_655' title='bbox 3323 3990 3448 4047; x_wconf 87' lang='lat' dir='ltr'><strong>aliis</strong></span> <span class='ocrx_word' id='word_1_656' title='bbox 3508 4007 3639 4048; x_wconf 74' lang='lat' dir='ltr'><strong>vero</strong></span> 
     </span>
    </p>
   </div>
   <div class='ocr_carea' id='block_1_77' title="bbox 367 4084 2909 4158">
    <p class='ocr_par' dir='ltr' id='par_1_77' title="bbox 367 4084 2909 4158">
     <span class='ocr_line' id='line_1_77' title="bbox 367 4084 2909 4158; baseline -0.002 -18"><span class='ocrx_word' id='word_1_657' title='bbox 367 4084 726 4155; x_wconf 71' lang='lat' dir='ltr'><strong>coniunctum</strong></span> <span class='ocrx_word' id='word_1_658' title='bbox 755 4096 809 4141; x_wconf 89' lang='lat' dir='ltr'><strong>et</strong></span> <span class='ocrx_word' id='word_1_659' title='bbox 856 4087 1189 4156; x_wconf 79' lang='lat' dir='ltr'><strong>appositum,</strong></span> <span class='ocrx_word' id='word_1_660' title='bbox 1239 4092 1521 4158; x_wconf 85' lang='lat' dir='ltr'><strong>acceptum</strong></span> <span class='ocrx_word' id='word_1_661' title='bbox 1561 4086 1663 4140; x_wconf 87' lang='lat' dir='ltr'><strong>fuit</strong></span> <span class='ocrx_word' id='word_1_662' title='bbox 1706 4094 1760 4142; x_wconf 92' lang='lat' dir='ltr'><strong>et</strong></span> <span class='ocrx_word' id='word_1_663' title='bbox 1796 4085 1951 4141; x_wconf 80' lang='lat' dir='ltr'><strong>facile</strong></span> <span class='ocrx_word' id='word_1_664' title='bbox 1988 4084 2288 4142; x_wconf 88' lang='lat' dir='ltr'><strong>admissum</strong></span> <span class='ocrx_word' id='word_1_665' title='bbox 2317 4097 2480 4156; x_wconf 89' lang='lat' dir='ltr'><strong>atque</strong></span> <span class='ocrx_word' id='word_1_666' title='bbox 2525 4084 2909 4155; x_wconf 86' lang='lat' dir='ltr'><strong>approbatum.</strong></span> 
     </span>
    </p>
   </div>
   <div class='ocr_carea' id='block_1_78' title="bbox 437 4174 1952 4247">
    <p class='ocr_par' dir='ltr' id='par_1_78' title="bbox 437 4174 1952 4247">
     <span class='ocr_line' id='line_1_78' title="bbox 437 4174 1952 4247; baseline 0 -16"><span class='ocrx_word' id='word_1_667' title='bbox 437 4179 548 4231; x_wconf 75' lang='grc' dir='ltr'><strong>Καὶ</strong></span> <span class='ocrx_word' id='word_1_668' title='bbox 572 4178 713 4244; x_wconf 75' lang='grc' dir='ltr'><strong>νῦν,</strong></span> <span class='ocrx_word' id='word_1_669' title='bbox 738 4177 1012 4247; x_wconf 67' lang='grc' dir='ltr'><strong>ἀδελφοὶ,</strong></span> <span class='ocrx_word' id='word_1_670' title='bbox 1039 4174 1171 4232; x_wconf 79' lang='grc' dir='ltr'><strong>οῖδα</strong></span> <span class='ocrx_word' id='word_1_671' title='bbox 1197 4175 1285 4231; x_wconf 86' lang='grc' dir='ltr'><strong>ὅτι</strong></span> <span class='ocrx_word' id='word_1_672' title='bbox 1301 4178 1453 4232; x_wconf 85' lang='grc' dir='ltr'><strong>κατὰ</strong></span> <span class='ocrx_word' id='word_1_673' title='bbox 1501 4176 1752 4246; x_wconf 75' lang='grc' dir='ltr'><strong>ἄγνοιαν</strong></span> <span class='ocrx_word' id='word_1_674' title='bbox 1773 4177 1952 4246; x_wconf 81' lang='grc' dir='ltr'><strong>ἐπρά-</strong></span> 
     </span>
    </p>
   </div>
   <div class='ocr_carea' id='block_1_79' title="bbox 371 4270 1486 4341">
    <p class='ocr_par' dir='ltr' id='par_1_79' title="bbox 371 4270 1486 4341">
     <span class='ocr_line' id='line_1_79' title="bbox 371 4270 1486 4341; baseline 0.001 -16"><span class='ocrx_word' id='word_1_675' title='bbox 371 4271 519 4337; x_wconf 79' lang='grc' dir='ltr'><strong>ξατε</strong></span> <span class='ocrx_word' id='word_1_676' title='bbox 538 4270 742 4340; x_wconf 83' lang='grc' dir='ltr'><strong>ὥσπερ</strong></span> <span class='ocrx_word' id='word_1_677' title='bbox 769 4272 866 4325; x_wconf 78' lang='grc' dir='ltr'><strong>καὶ</strong></span> <span class='ocrx_word' id='word_1_678' title='bbox 891 4273 946 4325; x_wconf 76' lang='grc' dir='ltr'><strong>οὶ</strong></span> <span class='ocrx_word' id='word_1_679' title='bbox 982 4270 1276 4341; x_wconf 72' lang='grc' dir='ltr'><strong>ἄρχοντες</strong></span> <span class='ocrx_word' id='word_1_680' title='bbox 1299 4271 1486 4341; x_wconf 80' lang='grc' dir='ltr'><strong>ὑμῶν.</strong></span> 
     </span>
    </p>
   </div>
   <div class='ocr_carea' id='block_1_80' title="bbox 453 4450 1956 4523">
    <p class='ocr_par' dir='ltr' id='par_1_80' title="bbox 453 4450 1956 4523">
     <span class='ocr_line' id='line_1_80' title="bbox 453 4450 1956 4523; baseline 0.002 -17"><span class='ocrx_word' id='word_1_681' title='bbox 453 4456 521 4506; x_wconf 85' lang='grc'><strong>’0</strong></span> <span class='ocrx_word' id='word_1_682' title='bbox 538 4452 608 4505; x_wconf 82' lang='grc' dir='ltr'><strong>δὲ</strong></span> <span class='ocrx_word' id='word_1_683' title='bbox 642 4453 786 4519; x_wconf 85' lang='grc' dir='ltr'><strong>Θεὸς</strong></span> <span class='ocrx_word' id='word_1_684' title='bbox 809 4450 849 4507; x_wconf 81' lang='lat' dir='ltr'><strong>d</strong></span> <span class='ocrx_word' id='word_1_685' title='bbox 881 4452 1350 4523; x_wconf 71' lang='grc' dir='ltr'><strong>προκατήγγειλε</strong></span> <span class='ocrx_word' id='word_1_686' title='bbox 1362 4453 1458 4508; x_wconf 81' lang='grc' dir='ltr'><strong>διὰ</strong></span> <span class='ocrx_word' id='word_1_687' title='bbox 1483 4454 1780 4522; x_wconf 84' lang='grc' dir='ltr'><strong>στόματος</strong></span> <span class='ocrx_word' id='word_1_688' title='bbox 1804 4454 1956 4510; x_wconf 78' lang='grc' dir='ltr'><strong>πάν-</strong></span> 
     </span>
    </p>
   </div>
   <div class='ocr_carea' id='block_1_81' title="bbox 369 4542 1956 4614">
    <p class='ocr_par' dir='ltr' id='par_1_81' title="bbox 369 4542 1956 4614">
     <span class='ocr_line' id='line_1_81' title="bbox 369 4542 1956 4614; baseline 0.001 -17"><span class='ocrx_word' id='word_1_689' title='bbox 369 4560 492 4598; x_wconf 75' lang='grc' dir='ltr'><strong>των</strong></span> <span class='ocrx_word' id='word_1_690' title='bbox 504 4542 837 4612; x_wconf 59' lang='grc' dir='ltr'><strong>προφητῶν</strong></span> <span class='ocrx_word' id='word_1_691' title='bbox 856 4543 1069 4609; x_wconf 85' lang='grc' dir='ltr'><strong>αὑτοῦ,</strong></span> <span class='ocrx_word' id='word_1_692' title='bbox 1087 4543 1302 4608; x_wconf 58' lang='lat' dir='ltr'><strong>omasi»:</strong></span> <span class='ocrx_word' id='word_1_693' title='bbox 1325 4544 1433 4598; x_wconf 84' lang='grc' dir='ltr'><strong>τὸν</strong></span> <span class='ocrx_word' id='word_1_694' title='bbox 1462 4546 1743 4613; x_wconf 71' lang='grc' dir='ltr'><strong>Χριστὸν,</strong></span> <span class='ocrx_word' id='word_1_695' title='bbox 1770 4544 1956 4614; x_wconf 78' lang='grc' dir='ltr'><strong>ἐπλή-</strong></span> 
     </span>
    </p>
   </div>
   <div class='ocr_carea' id='block_1_82' title="bbox 363 4634 803 4701">
    <p class='ocr_par' dir='ltr' id='par_1_82' title="bbox 363 4634 803 4701">
     <span class='ocr_line' id='line_1_82' title="bbox 363 4634 803 4701; baseline 0.005 -15"><span class='ocrx_word' id='word_1_696' title='bbox 363 4646 569 4701; x_wconf 80' lang='grc' dir='ltr'><strong>ρωσεν</strong></span> <span class='ocrx_word' id='word_1_697' title='bbox 594 4634 803 4698; x_wconf 85' lang='grc' dir='ltr'><strong>οὕτως.</strong></span> 
     </span>
    </p>
   </div>
   <div class='ocr_carea' id='block_1_83' title="bbox 458 4723 1954 4798">
    <p class='ocr_par' dir='ltr' id='par_1_83' title="bbox 458 4723 1954 4798">
     <span class='ocr_line' id='line_1_83' title="bbox 458 4723 1954 4798; baseline -0.001 -19"><span class='ocrx_word' id='word_1_698' title='bbox 458 4725 684 4798; x_wconf 82' lang='grc' dir='ltr'><strong>Ἐπειδὴ</strong></span> <span class='ocrx_word' id='word_1_699' title='bbox 709 4725 917 4796; x_wconf 75' lang='grc' dir='ltr'><strong>σφόδρα</strong></span> <span class='ocrx_word' id='word_1_700' title='bbox 954 4725 1139 4780; x_wconf 82' lang='grc' dir='ltr'><strong>αὐτῶν</strong></span> <span class='ocrx_word' id='word_1_701' title='bbox 1163 4723 1473 4796; x_wconf 75' lang='grc' dir='ltr'><strong>καθήψατο,</strong></span> <span class='ocrx_word' id='word_1_702' title='bbox 1508 4725 1670 4780; x_wconf 81' lang='grc' dir='ltr'><strong>πάλιν</strong></span> <span class='ocrx_word' id='word_1_703' title='bbox 1709 4726 1893 4797; x_wconf 85' lang='grc' dir='ltr'><strong>ἀνίησι</strong></span> <span class='ocrx_word' id='word_1_704' title='bbox 1909 4726 1954 4758; x_wconf 82' lang='grc'>⁹⁰</span> 
     </span>
    </p>
   </div>
   <div class='ocr_carea' id='block_1_84' title="bbox 370 4821 1956 4894">
    <p class='ocr_par' dir='ltr' id='par_1_84' title="bbox 370 4821 1956 4894">
     <span class='ocr_line' id='line_1_84' title="bbox 370 4821 1956 4894; baseline -0.001 -17"><span class='ocrx_word' id='word_1_705' title='bbox 370 4825 549 4888; x_wconf 73' lang='grc' dir='ltr'><strong>διδοὺς</strong></span> <span class='ocrx_word' id='word_1_706' title='bbox 578 4824 767 4887; x_wconf 79' lang='grc' dir='ltr'><strong>αὐτοῖς</strong></span> <span class='ocrx_word' id='word_1_707' title='bbox 797 4821 1051 4888; x_wconf 77' lang='grc' dir='ltr'><strong>ἐξουσίαν</strong></span> <span class='ocrx_word' id='word_1_708' title='bbox 1111 4823 1447 4893; x_wconf 78' lang='grc' dir='ltr'><strong>μετανοίας·</strong></span> <span class='ocrx_word' id='word_1_709' title='bbox 1510 4823 1606 4876; x_wconf 73' lang='grc' dir='ltr'><strong>καὶ</strong></span> <span class='ocrx_word' id='word_1_710' title='bbox 1671 4824 1801 4894; x_wconf 84' lang='grc' dir='ltr'><strong>μίαν</strong></span> <span class='ocrx_word' id='word_1_711' title='bbox 1855 4823 1956 4892; x_wconf 83' lang='grc' dir='ltr'><strong>μὲν</strong></span> 
     </span>
    </p>
   </div>
   <div class='ocr_carea' id='block_1_85' title="bbox 373 4913 1952 4987">
    <p class='ocr_par' dir='ltr' id='par_1_85' title="bbox 373 4913 1952 4987">
     <span class='ocr_line' id='line_1_85' title="bbox 373 4913 1952 4987; baseline -0.003 -17"><span class='ocrx_word' id='word_1_712' title='bbox 373 4918 561 4980; x_wconf 78' lang='grc' dir='ltr'><strong>αὐτοῖς</strong></span> <span class='ocrx_word' id='word_1_713' title='bbox 589 4916 895 4984; x_wconf 75' lang='grc' dir='ltr'><strong>ἀπολογίας</strong></span> <span class='ocrx_word' id='word_1_714' title='bbox 926 4916 1184 4987; x_wconf 75' lang='grc' dir='ltr'><strong>ἀφορμὴν</strong></span> <span class='ocrx_word' id='word_1_715' title='bbox 1217 4913 1528 4986; x_wconf 79' lang='grc' dir='ltr'><strong>χαρίζεται,</strong></span> <span class='ocrx_word' id='word_1_716' title='bbox 1554 4913 1655 4986; x_wconf 82' lang='grc' dir='ltr'><strong>τὴν</strong></span> <span class='ocrx_word' id='word_1_717' title='bbox 1685 4915 1912 4982; x_wconf 77' lang='grc' dir='ltr'><strong>ἄγνοιαν</strong></span> <span class='ocrx_word' id='word_1_718' title='bbox 1939 4930 1952 4943; x_wconf 74' lang='grc' dir='ltr'><strong>ο</strong></span> 
     </span>
    </p>
   </div>
   <div class='ocr_carea' id='block_1_86' title="bbox 370 5001 1962 5078">
    <p class='ocr_par' dir='ltr' id='par_1_86' title="bbox 370 5001 1962 5078">
     <span class='ocr_line' id='line_1_86' title="bbox 370 5001 1962 5078; baseline -0.003 -15"><span class='ocrx_word' id='word_1_719' title='bbox 370 5008 635 5078; x_wconf 77' lang='grc' dir='ltr'><strong>δευτέραν</strong></span> <span class='ocrx_word' id='word_1_720' title='bbox 680 5007 760 5071; x_wconf 83' lang='grc' dir='ltr'><strong>δὲ,</strong></span> <span class='ocrx_word' id='word_1_721' title='bbox 787 5009 871 5062; x_wconf 81' lang='grc' dir='ltr'><strong>ὅτι</strong></span> <span class='ocrx_word' id='word_1_722' title='bbox 919 5008 1014 5062; x_wconf 77' lang='grc' dir='ltr'><strong>καὶ</strong></span> <span class='ocrx_word' id='word_1_723' title='bbox 1046 5007 1575 5078; x_wconf 82' lang='grc' dir='ltr'><strong>προκατηγγελμένα</strong></span> <span class='ocrx_word' id='word_1_724' title='bbox 1600 5001 1742 5077; x_wconf 80' lang='grc' dir='ltr'><strong>ἦσαν</strong></span> <span class='ocrx_word' id='word_1_725' title='bbox 1772 5006 1841 5060; x_wconf 84' lang='grc' dir='ltr'><strong>τὰ</strong></span> <span class='ocrx_word' id='word_1_726' title='bbox 1877 5005 1962 5059; x_wconf 84' lang='grc' dir='ltr'><strong>λε-</strong></span> 
     </span>
    </p>
   </div>
   <div class='ocr_carea' id='block_1_87' title="bbox 374 5097 1960 5174">
    <p class='ocr_par' dir='ltr' id='par_1_87' title="bbox 374 5097 1960 5174">
     <span class='ocr_line' id='line_1_87' title="bbox 374 5097 1960 5174; baseline -0.001 -21"><span class='ocrx_word' id='word_1_727' title='bbox 374 5101 604 5173; x_wconf 78' lang='grc' dir='ltr'><strong>χθέντα·</strong></span> <span class='ocrx_word' id='word_1_728' title='bbox 626 5101 744 5165; x_wconf 80' lang='grc' dir='ltr'><strong>πῶς</strong></span> <span class='ocrx_word' id='word_1_729' title='bbox 766 5101 825 5154; x_wconf 78' lang='grc' dir='ltr'><strong>δὲ</strong></span> <span class='ocrx_word' id='word_1_730' title='bbox 855 5101 915 5154; x_wconf 77' lang='grc' dir='ltr'><strong>οὐ</strong></span> <span class='ocrx_word' id='word_1_731' title='bbox 940 5100 1129 5174; x_wconf 81' lang='grc' dir='ltr'><strong>τίθησι</strong></span> <span class='ocrx_word' id='word_1_732' title='bbox 1156 5101 1284 5170; x_wconf 66' lang='grc' dir='ltr'><strong>περὶ</strong></span> <span class='ocrx_word' id='word_1_733' title='bbox 1303 5102 1400 5170; x_wconf 81' lang='grc' dir='ltr'><strong>τῆς</strong></span> <span class='ocrx_word' id='word_1_734' title='bbox 1420 5099 1777 5170; x_wconf 79' lang='grc' dir='ltr'><strong>σταυρώσεως</strong></span> <span class='ocrx_word' id='word_1_735' title='bbox 1795 5097 1960 5153; x_wconf 78' lang='grc' dir='ltr'><strong>αὑτοῦ</strong></span> 
     </span>
    </p>
   </div>
   <div class='ocr_carea' id='block_1_88' title="bbox 380 5189 1963 5264">
    <p class='ocr_par' dir='ltr' id='par_1_88' title="bbox 380 5189 1963 5264">
     <span class='ocr_line' id='line_1_88' title="bbox 380 5189 1963 5264; baseline -0.001 -21"><span class='ocrx_word' id='word_1_736' title='bbox 380 5192 693 5264; x_wconf 74' lang='grc' dir='ltr'><strong>μαρτυρίαν</strong></span> <span class='ocrx_word' id='word_1_737' title='bbox 758 5191 1084 5264; x_wconf 78' lang='grc' dir='ltr'><strong>Γραφικήν·</strong></span> <span class='ocrx_word' id='word_1_738' title='bbox 1144 5190 1281 5246; x_wconf 79' lang='grc' dir='ltr'><strong>ἀλλὰ</strong></span> <span class='ocrx_word' id='word_1_739' title='bbox 1330 5192 1426 5245; x_wconf 58' lang='grc' dir='ltr'><strong>καλ¹</strong></span> <span class='ocrx_word' id='word_1_740' title='bbox 1487 5189 1800 5261; x_wconf 71' lang='grc' dir='ltr'><strong>ἔμπροσθεν</strong></span> <span class='ocrx_word' id='word_1_741' title='bbox 1862 5189 1963 5261; x_wconf 82' lang='grc' dir='ltr'><strong>μέν</strong></span> 
     </span>
    </p>
   </div>
   <div class='ocr_carea' id='block_1_89' title="bbox 376 5278 1967 5357">
    <p class='ocr_par' dir='ltr' id='par_1_89' title="bbox 376 5278 1967 5357">
     <span class='ocr_line' id='line_1_89' title="bbox 376 5278 1967 5357; baseline -0.005 -17"><span class='ocrx_word' id='word_1_742' title='bbox 376 5303 543 5356; x_wconf 80' lang='grc' dir='ltr'><strong>φησι,</strong></span> <span class='ocrx_word' id='word_1_743' title='bbox 573 5288 638 5357; x_wconf 78' lang='grc' dir='ltr'><strong>τῇ</strong></span> <span class='ocrx_word' id='word_1_744' title='bbox 658 5284 945 5356; x_wconf 83' lang='grc' dir='ltr'><strong>ὡρισμένη</strong></span> <span class='ocrx_word' id='word_1_745' title='bbox 967 5283 1133 5355; x_wconf 78' lang='grc' dir='ltr'><strong>βουλῇ</strong></span> <span class='ocrx_word' id='word_1_746' title='bbox 1177 5283 1273 5337; x_wconf 89' lang='grc' dir='ltr'><strong>καὶ</strong></span> <span class='ocrx_word' id='word_1_747' title='bbox 1297 5281 1606 5351; x_wconf 82' lang='grc' dir='ltr'><strong>προγνώσει</strong></span> <span class='ocrx_word' id='word_1_748' title='bbox 1636 5280 1852 5334; x_wconf 74' lang='grc' dir='ltr'><strong>ἔκδοτον</strong></span> <span class='ocrx_word' id='word_1_749' title='bbox 1874 5278 1967 5332; x_wconf 87' lang='grc' dir='ltr'><strong>λα-</strong></span> 
     </span>
    </p>
   </div>
   <div class='ocr_carea' id='block_1_90' title="bbox 378 5372 1965 5445">
    <p class='ocr_par' dir='ltr' id='par_1_90' title="bbox 378 5372 1965 5445">
     <span class='ocr_line' id='line_1_90' title="bbox 378 5372 1965 5445; baseline -0.004 -15"><span class='ocrx_word' id='word_1_750' title='bbox 378 5378 592 5440; x_wconf 78' lang='grc' dir='ltr'><strong>ϐόντες.</strong></span> <span class='ocrx_word' id='word_1_751' title='bbox 615 5379 726 5430; x_wconf 81' lang='grc' dir='ltr'><strong>Καὶ</strong></span> <span class='ocrx_word' id='word_1_752' title='bbox 751 5377 847 5430; x_wconf 81' lang='grc' dir='ltr'><strong>νῦν</strong></span> <span class='ocrx_word' id='word_1_753' title='bbox 883 5376 941 5430; x_wconf 83' lang='grc' dir='ltr'><strong>δὲ</strong></span> <span class='ocrx_word' id='word_1_754' title='bbox 976 5374 1318 5445; x_wconf 86' lang='grc' dir='ltr'><strong>πλατύτερον</strong></span> <span class='ocrx_word' id='word_1_755' title='bbox 1354 5372 1627 5429; x_wconf 72' lang='grc' dir='ltr'><strong>ἐκτίθεται</strong></span> <span class='ocrx_word' id='word_1_756' title='bbox 1658 5373 1832 5441; x_wconf 85' lang='grc' dir='ltr'><strong>λέγων</strong></span> <span class='ocrx_word' id='word_1_757' title='bbox 1854 5387 1868 5401; x_wconf 70' lang='grc' dir='ltr'><strong>ο</strong></span> <span class='ocrx_word' id='word_1_758' title='bbox 1897 5372 1965 5424; x_wconf 85' lang='lat' dir='ltr'><strong>&quot;A</strong></span> 
     </span>
    </p>
   </div>
   <div class='ocr_carea' id='block_1_91' title="bbox 379 5462 1968 5541">
    <p class='ocr_par' dir='ltr' id='par_1_91' title="bbox 379 5462 1968 5541">
     <span class='ocr_line' id='line_1_91' title="bbox 379 5462 1968 5541; baseline -0.006 -18"><span class='ocrx_word' id='word_1_759' title='bbox 379 5468 823 5541; x_wconf 74' lang='grc' dir='ltr'><strong>προκατήγγειλε</strong></span> <span class='ocrx_word' id='word_1_760' title='bbox 838 5468 925 5522; x_wconf 82' lang='grc' dir='ltr'><strong>διὰ</strong></span> <span class='ocrx_word' id='word_1_761' title='bbox 952 5468 1218 5539; x_wconf 75' lang='grc' dir='ltr'><strong>στόματος</strong></span> <span class='ocrx_word' id='word_1_762' title='bbox 1263 5466 1485 5520; x_wconf 73' lang='grc' dir='ltr'><strong>πάντων</strong></span> <span class='ocrx_word' id='word_1_763' title='bbox 1535 5463 1643 5517; x_wconf 85' lang='grc' dir='ltr'><strong>τῶν</strong></span> <span class='ocrx_word' id='word_1_764' title='bbox 1670 5462 1968 5535; x_wconf 81' lang='grc' dir='ltr'><strong>προφητῶν</strong></span> 
     </span>
    </p>
   </div>
   <div class='ocr_carea' id='block_1_92' title="bbox 2132 4171 3637 4243">
    <p class='ocr_par' dir='ltr' id='par_1_92' title="bbox 2132 4171 3637 4243">
     <span class='ocr_line' id='line_1_92' title="bbox 2132 4171 3637 4243; baseline -0.001 -12"><span class='ocrx_word' id='word_1_765' title='bbox 2132 4174 2299 4234; x_wconf 74' lang='lat' dir='ltr'><strong>Vens.</strong></span> <span class='ocrx_word' id='word_1_766' title='bbox 2346 4176 2432 4230; x_wconf 78' lang='lat' dir='ltr'><strong>i7.</strong></span> <span class='ocrx_word' id='word_1_767' title='bbox 2463 4173 2532 4228; x_wconf 85' lang='lat' dir='ltr'><strong>Et</strong></span> <span class='ocrx_word' id='word_1_768' title='bbox 2564 4189 2721 4239; x_wconf 85' lang='lat' dir='ltr'><strong>nunc,</strong></span> <span class='ocrx_word' id='word_1_769' title='bbox 2761 4171 2980 4242; x_wconf 75' lang='lat' dir='ltr'><strong>fratres,</strong></span> <span class='ocrx_word' id='word_1_770' title='bbox 3017 4173 3124 4227; x_wconf 87' lang='lat' dir='ltr'><strong>scio</strong></span> <span class='ocrx_word' id='word_1_771' title='bbox 3160 4188 3247 4226; x_wconf 77' lang='lat' dir='ltr'><strong>vos</strong></span> <span class='ocrx_word' id='word_1_772' title='bbox 3278 4172 3637 4243; x_wconf 75' lang='lat' dir='ltr'><strong>imprudentes</strong></span> 
     </span>
    </p>
   </div>
   <div class='ocr_carea' id='block_1_93' title="bbox 2053 4266 3637 4337">
    <p class='ocr_par' dir='ltr' id='par_1_93' title="bbox 2053 4266 3637 4337">
     <span class='ocr_line' id='line_1_93' title="bbox 2053 4266 3637 4337; baseline -0.001 -13"><span class='ocrx_word' id='word_1_773' title='bbox 2053 4273 2151 4326; x_wconf 80' lang='lat' dir='ltr'><strong>hoc</strong></span> <span class='ocrx_word' id='word_1_774' title='bbox 2180 4270 2524 4334; x_wconf 80' lang='lat' dir='ltr'><strong>commisisse,</strong></span> <span class='ocrx_word' id='word_1_775' title='bbox 2561 4268 2697 4323; x_wconf 82' lang='lat' dir='ltr'><strong>sicut</strong></span> <span class='ocrx_word' id='word_1_776' title='bbox 2725 4275 2774 4320; x_wconf 89' lang='lat' dir='ltr'><strong>et</strong></span> <span class='ocrx_word' id='word_1_777' title='bbox 2808 4266 3156 4336; x_wconf 77' lang='lat' dir='ltr'><strong>magistratus</strong></span> <span class='ocrx_word' id='word_1_778' title='bbox 3180 4276 3228 4320; x_wconf 81' lang='lat' dir='ltr'><strong>et</strong></span> <span class='ocrx_word' id='word_1_779' title='bbox 3255 4267 3518 4337; x_wconf 85' lang='lat' dir='ltr'><strong>principes</strong></span> <span class='ocrx_word' id='word_1_780' title='bbox 3549 4283 3637 4322; x_wconf 80' lang='lat' dir='ltr'><strong>ue-</strong></span> 
     </span>
    </p>
   </div>
   <div class='ocr_carea' id='block_1_94' title="bbox 1981 4340 2223 4422">
    <p class='ocr_par' dir='ltr' id='par_1_94' title="bbox 1981 4340 2223 4422">
     <span class='ocr_line' id='line_1_94' title="bbox 1981 4340 2223 4422; baseline -0.017 0"><span class='ocrx_word' id='word_1_781' title='bbox 1981 4340 2028 4398; x_wconf 82' lang='lat' dir='ltr'><strong>D</strong></span> <span class='ocrx_word' id='word_1_782' title='bbox 2058 4375 2223 4422; x_wconf 71' lang='grc' dir='ltr'><strong>ειτοδ.</strong></span> 
     </span>
    </p>
   </div>
   <div class='ocr_carea' id='block_1_95' title="bbox 2115 4441 3636 4521">
    <p class='ocr_par' dir='ltr' id='par_1_95' title="bbox 2115 4441 3636 4521">
     <span class='ocr_line' id='line_1_95' title="bbox 2115 4441 3636 4521; baseline -0.005 -8"><span class='ocrx_word' id='word_1_783' title='bbox 2115 4441 2296 4513; x_wconf 56' lang='grc' dir='ltr'><strong>Ὗιιιιε.</strong></span> <span class='ocrx_word' id='word_1_784' title='bbox 2335 4457 2422 4513; x_wconf 82' lang='lat' dir='ltr'><strong>i8.</strong></span> <span class='ocrx_word' id='word_1_785' title='bbox 2460 4454 2564 4511; x_wconf 87' lang='lat' dir='ltr'><strong>Sed</strong></span> <span class='ocrx_word' id='word_1_786' title='bbox 2599 4454 2929 4521; x_wconf 70' lang='lat' dir='ltr'><strong>Deus,\qutr</strong></span> <span class='ocrx_word' id='word_1_787' title='bbox 2954 4468 3044 4519; x_wconf 88' lang='lat' dir='ltr'><strong>per</strong></span> <span class='ocrx_word' id='word_1_788' title='bbox 3060 4467 3116 4505; x_wconf 87' lang='lat' dir='ltr'><strong>os</strong></span> <span class='ocrx_word' id='word_1_789' title='bbox 3149 4452 3384 4505; x_wconf 83' lang='lat' dir='ltr'><strong>omnium</strong></span> <span class='ocrx_word' id='word_1_790' title='bbox 3408 4451 3636 4520; x_wconf 83' lang='lat' dir='ltr'><strong>prophe-</strong></span> 
     </span>
    </p>
   </div>
   <div class='ocr_carea' id='block_1_96' title="bbox 2064 4543 3641 4622">
    <p class='ocr_par' dir='ltr' id='par_1_96' title="bbox 2064 4543 3641 4622">
     <span class='ocr_line' id='line_1_96' title="bbox 2064 4543 3641 4622; baseline -0.004 -19"><span class='ocrx_word' id='word_1_791' title='bbox 2064 4562 2242 4605; x_wconf 81' lang='lat' dir='ltr'><strong>tarum</strong></span> <span class='ocrx_word' id='word_1_792' title='bbox 2266 4549 2377 4622; x_wconf 70' lang='grc' dir='ltr'>ω</span> <span class='ocrx_word' id='word_1_793' title='bbox 2397 4564 2612 4605; x_wconf 87' lang='lat' dir='ltr'><strong>suorum</strong></span> <span class='ocrx_word' id='word_1_794' title='bbox 2639 4546 3139 4616; x_wconf 70' lang='lat' dir='ltr'><strong>praesigniﬁeat&#39;erat</strong></span> <span class='ocrx_word' id='word_1_795' title='bbox 3177 4553 3221 4608; x_wconf 73' lang='grc' dir='ltr'><strong>τ,</strong></span> <span class='ocrx_word' id='word_1_796' title='bbox 3256 4544 3370 4611; x_wconf 78' lang='lat' dir='ltr'><strong>{ore</strong></span> <span class='ocrx_word' id='word_1_797' title='bbox 3405 4543 3641 4598; x_wconf 83' lang='lat' dir='ltr'><strong>videlicet</strong></span> 
     </span>
    </p>
   </div>
   <div class='ocr_carea' id='block_1_97' title="bbox 2066 4631 3636 4706">
    <p class='ocr_par' dir='ltr' id='par_1_97' title="bbox 2066 4631 3636 4706">
     <span class='ocr_line' id='line_1_97' title="bbox 2066 4631 3636 4706; baseline -0.006 -13"><span class='ocrx_word' id='word_1_798' title='bbox 2066 4650 2122 4693; x_wconf 84' lang='lat' dir='ltr'><strong>ut</strong></span> <span class='ocrx_word' id='word_1_799' title='bbox 2157 4639 2400 4693; x_wconf 81' lang='lat' dir='ltr'><strong>Christus</strong></span> <span class='ocrx_word' id='word_1_800' title='bbox 2431 4635 2688 4706; x_wconf 81' lang='lat' dir='ltr'><strong>supplicio</strong></span> <span class='ocrx_word' id='word_1_801' title='bbox 2711 4633 3020 4702; x_wconf 69' lang='lat' dir='ltr'><strong>aﬁiceretur,</strong></span> <span class='ocrx_word' id='word_1_802' title='bbox 3061 4634 3158 4685; x_wconf 74' lang='lat' dir='ltr'><strong>hoc</strong></span> <span class='ocrx_word' id='word_1_803' title='bbox 3191 4631 3343 4684; x_wconf 86' lang='lat' dir='ltr'><strong>modo</strong></span> <span class='ocrx_word' id='word_1_804' title='bbox 3385 4631 3636 4700; x_wconf 79' lang='lat' dir='ltr'><strong>implerit.</strong></span> 
     </span>
    </p>
   </div>
   <div class='ocr_carea' id='block_1_98' title="bbox 2135 4723 3641 4799">
    <p class='ocr_par' dir='ltr' id='par_1_98' title="bbox 2135 4723 3641 4799">
     <span class='ocr_line' id='line_1_98' title="bbox 2135 4723 3641 4799; baseline -0.006 -14"><span class='ocrx_word' id='word_1_805' title='bbox 2135 4731 2497 4799; x_wconf 88' lang='lat' dir='ltr'><strong>Posteaquam</strong></span> <span class='ocrx_word' id='word_1_806' title='bbox 2528 4740 2623 4782; x_wconf 90' lang='lat' dir='ltr'><strong>eos</strong></span> <span class='ocrx_word' id='word_1_807' title='bbox 2648 4725 2996 4780; x_wconf 82' lang='lat' dir='ltr'><strong>vehementer</strong></span> <span class='ocrx_word' id='word_1_808' title='bbox 3043 4723 3486 4790; x_wconf 83' lang='lat' dir='ltr'><strong>reprehenderat,</strong></span> <span class='ocrx_word' id='word_1_809' title='bbox 3518 4738 3641 4777; x_wconf 86' lang='lat' dir='ltr'><strong>rur-</strong></span> 
     </span>
    </p>
   </div>
   <div class='ocr_carea' id='block_1_99' title="bbox 2067 4813 3643 4892">
    <p class='ocr_par' dir='ltr' id='par_1_99' title="bbox 2067 4813 3643 4892">
     <span class='ocr_line' id='line_1_99' title="bbox 2067 4813 3643 4892; baseline -0.008 -14"><span class='ocrx_word' id='word_1_810' title='bbox 2067 4837 2161 4878; x_wconf 90' lang='lat' dir='ltr'><strong>sus</strong></span> <span class='ocrx_word' id='word_1_811' title='bbox 2192 4819 2422 4892; x_wconf 76' lang='lat' dir='ltr'><strong>mitigat,</strong></span> <span class='ocrx_word' id='word_1_812' title='bbox 2459 4818 2597 4873; x_wconf 84' lang='lat' dir='ltr'><strong>dans</strong></span> <span class='ocrx_word' id='word_1_813' title='bbox 2626 4814 2709 4871; x_wconf 86' lang='lat' dir='ltr'><strong>eis</strong></span> <span class='ocrx_word' id='word_1_814' title='bbox 2752 4821 3076 4885; x_wconf 84' lang='lat' dir='ltr'><strong>potestatem</strong></span> <span class='ocrx_word' id='word_1_815' title='bbox 3120 4813 3501 4883; x_wconf 75' lang='lat' dir='ltr'><strong>resipisccndi,</strong></span> <span class='ocrx_word' id='word_1_816' title='bbox 3560 4822 3643 4866; x_wconf 78' lang='lat' dir='ltr'><strong>at-</strong></span> 
     </span>
    </p>
   </div>
   <div class='ocr_carea' id='block_1_100' title="bbox 2066 4908 3641 4982">
    <p class='ocr_par' dir='ltr' id='par_1_100' title="bbox 2066 4908 3641 4982">
     <span class='ocr_line' id='line_1_100' title="bbox 2066 4908 3641 4982; baseline -0.003 -17"><span class='ocrx_word' id='word_1_817' title='bbox 2066 4929 2171 4982; x_wconf 86' lang='lat' dir='ltr'><strong>que</strong></span> <span class='ocrx_word' id='word_1_818' title='bbox 2208 4927 2376 4967; x_wconf 89' lang='lat' dir='ltr'><strong>unum</strong></span> <span class='ocrx_word' id='word_1_819' title='bbox 2413 4911 2482 4967; x_wconf 90' lang='lat' dir='ltr'><strong>iis</strong></span> <span class='ocrx_word' id='word_1_820' title='bbox 2509 4909 2846 4966; x_wconf 79' lang='lat' dir='ltr'><strong>defensionis</strong></span> <span class='ocrx_word' id='word_1_821' title='bbox 2879 4908 3184 4963; x_wconf 86' lang='lat' dir='ltr'><strong>subsidium</strong></span> <span class='ocrx_word' id='word_1_822' title='bbox 3209 4908 3456 4977; x_wconf 77' lang='lat' dir='ltr'><strong>largitur,</strong></span> <span class='ocrx_word' id='word_1_823' title='bbox 3489 4908 3641 4978; x_wconf 78' lang='lat' dir='ltr'><strong>igno-</strong></span> 
     </span>
    </p>
   </div>
   <div class='ocr_carea' id='block_1_101' title="bbox 2067 5001 3643 5073">
    <p class='ocr_par' dir='ltr' id='par_1_101' title="bbox 2067 5001 3643 5073">
     <span class='ocr_line' id='line_1_101' title="bbox 2067 5001 3643 5073; baseline -0.005 -12"><span class='ocrx_word' id='word_1_824' title='bbox 2067 5006 2302 5061; x_wconf 86' lang='lat' dir='ltr'><strong>rantiam</strong></span> <span class='ocrx_word' id='word_1_825' title='bbox 2338 5006 2608 5060; x_wconf 87' lang='lat' dir='ltr'><strong>:alterum</strong></span> <span class='ocrx_word' id='word_1_826' title='bbox 2648 5004 2799 5071; x_wconf 90' lang='lat' dir='ltr'><strong>item,</strong></span> <span class='ocrx_word' id='word_1_827' title='bbox 2827 5003 2972 5073; x_wconf 90' lang='lat' dir='ltr'><strong>quod</strong></span> <span class='ocrx_word' id='word_1_828' title='bbox 3004 5016 3068 5057; x_wconf 90' lang='lat' dir='ltr'><strong>ea</strong></span> <span class='ocrx_word' id='word_1_829' title='bbox 3099 5016 3220 5070; x_wconf 74' lang='lat' dir='ltr'><strong>quae</strong></span> <span class='ocrx_word' id='word_1_830' title='bbox 3254 5001 3468 5056; x_wconf 79' lang='lat' dir='ltr'><strong>dixerat</strong></span> <span class='ocrx_word' id='word_1_831' title='bbox 3506 5014 3643 5069; x_wconf 72' lang='lat' dir='ltr'><strong>pra:-</strong></span> 
     </span>
    </p>
   </div>
   <div class='ocr_carea' id='block_1_102' title="bbox 2065 5088 3644 5168">
    <p class='ocr_par' dir='ltr' id='par_1_102' title="bbox 2065 5088 3644 5168">
     <span class='ocr_line' id='line_1_102' title="bbox 2065 5088 3644 5168; baseline -0.006 -15"><span class='ocrx_word' id='word_1_832' title='bbox 2065 5097 2370 5168; x_wconf 77' lang='lat' dir='ltr'><strong>signiﬁcata</strong></span> <span class='ocrx_word' id='word_1_833' title='bbox 2420 5105 2623 5151; x_wconf 82' lang='lat' dir='ltr'><strong>essent.</strong></span> <span class='ocrx_word' id='word_1_834' title='bbox 2660 5091 2769 5149; x_wconf 89' lang='lat' dir='ltr'><strong>Sed</strong></span> <span class='ocrx_word' id='word_1_835' title='bbox 2819 5092 2911 5163; x_wconf 89' lang='lat' dir='ltr'><strong>qui</strong></span> <span class='ocrx_word' id='word_1_836' title='bbox 2954 5092 3033 5157; x_wconf 92' lang='lat' dir='ltr'><strong>ﬁt,</strong></span> <span class='ocrx_word' id='word_1_837' title='bbox 3099 5100 3159 5146; x_wconf 92' lang='lat' dir='ltr'><strong>ut</strong></span> <span class='ocrx_word' id='word_1_838' title='bbox 3210 5108 3317 5145; x_wconf 89' lang='lat' dir='ltr'><strong>non</strong></span> <span class='ocrx_word' id='word_1_839' title='bbox 3370 5099 3532 5158; x_wconf 87' lang='lat' dir='ltr'><strong>ponat</strong></span> <span class='ocrx_word' id='word_1_840' title='bbox 3574 5088 3644 5143; x_wconf 90' lang='lat' dir='ltr'><strong>de</strong></span> 
     </span>
    </p>
   </div>
   <div class='ocr_carea' id='block_1_103' title="bbox 2065 5183 3644 5258">
    <p class='ocr_par' dir='ltr' id='par_1_103' title="bbox 2065 5183 3644 5258">
     <span class='ocr_line' id='line_1_103' title="bbox 2065 5183 3644 5258; baseline -0.009 -11"><span class='ocrx_word' id='word_1_841' title='bbox 2065 5189 2423 5247; x_wconf 79' lang='lat' dir='ltr'><strong>cruciﬁxione</strong></span> <span class='ocrx_word' id='word_1_842' title='bbox 2444 5187 2565 5258; x_wconf 85' lang='lat' dir='ltr'><strong>ejus</strong></span> <span class='ocrx_word' id='word_1_843' title='bbox 2592 5185 2965 5242; x_wconf 87' lang='lat' dir='ltr'><strong>testimonium</strong></span> <span class='ocrx_word' id='word_1_844' title='bbox 3002 5183 3341 5254; x_wconf 63' lang='lat' dir='ltr'><strong>Scripturai?</strong></span> <span class='ocrx_word' id='word_1_845' title='bbox 3370 5197 3554 5236; x_wconf 81' lang='lat' dir='ltr'><strong>verum</strong></span> <span class='ocrx_word' id='word_1_846' title='bbox 3587 5192 3644 5234; x_wconf 90' lang='lat' dir='ltr'><strong>et</strong></span> 
     </span>
    </p>
   </div>
   <div class='ocr_carea' id='block_1_104' title="bbox 2067 5270 3642 5350">
    <p class='ocr_par' dir='ltr' id='par_1_104' title="bbox 2067 5270 3642 5350">
     <span class='ocr_line' id='line_1_104' title="bbox 2067 5270 3642 5350; baseline -0.008 -13"><span class='ocrx_word' id='word_1_847' title='bbox 2067 5292 2194 5337; x_wconf 90' lang='lat' dir='ltr'><strong>ante</strong></span> <span class='ocrx_word' id='word_1_848' title='bbox 2223 5282 2444 5350; x_wconf 87' lang='lat' dir='ltr'><strong>quidem</strong></span> <span class='ocrx_word' id='word_1_849' title='bbox 2476 5280 2688 5334; x_wconf 82' lang='lat' dir='ltr'><strong>dixerat</strong></span> <span class='ocrx_word' id='word_1_850' title='bbox 2726 5296 2740 5332; x_wconf 91' lang='lat'><strong>:</strong></span> <span class='ocrx_word' id='word_1_851' title='bbox 2773 5285 2925 5333; x_wconf 88' lang='lat' dir='ltr'><strong>certo</strong></span> <span class='ocrx_word' id='word_1_852' title='bbox 2952 5275 3183 5332; x_wconf 90' lang='lat' dir='ltr'><strong>consilio</strong></span> <span class='ocrx_word' id='word_1_853' title='bbox 3209 5283 3263 5329; x_wconf 89' lang='lat' dir='ltr'><strong>et</strong></span> <span class='ocrx_word' id='word_1_854' title='bbox 3298 5270 3642 5342; x_wconf 85' lang='lat' dir='ltr'><strong>praescicntia</strong></span> 
     </span>
    </p>
   </div>
   <div class='ocr_carea' id='block_1_105' title="bbox 2070 5359 3644 5436">
    <p class='ocr_par' dir='ltr' id='par_1_105' title="bbox 2070 5359 3644 5436">
     <span class='ocr_line' id='line_1_105' title="bbox 2070 5359 3644 5436; baseline -0.009 -10"><span class='ocrx_word' id='word_1_855' title='bbox 2070 5369 2315 5426; x_wconf 91' lang='lat' dir='ltr'><strong>deditum</strong></span> <span class='ocrx_word' id='word_1_856' title='bbox 2351 5383 2474 5423; x_wconf 90' lang='lat' dir='ltr'><strong>cum</strong></span> <span class='ocrx_word' id='word_1_857' title='bbox 2513 5364 2869 5436; x_wconf 88' lang='lat' dir='ltr'><strong>accepissetis</strong></span> <span class='ocrx_word' id='word_1_858' title='bbox 2904 5382 2917 5417; x_wconf 90' lang='lat'><strong>:</strong></span> <span class='ocrx_word' id='word_1_859' title='bbox 2951 5373 3006 5419; x_wconf 94' lang='lat' dir='ltr'><strong>ct</strong></span> <span class='ocrx_word' id='word_1_860' title='bbox 3037 5377 3179 5418; x_wconf 92' lang='lat' dir='ltr'><strong>nunc</strong></span> <span class='ocrx_word' id='word_1_861' title='bbox 3214 5362 3343 5415; x_wconf 89' lang='lat' dir='ltr'><strong>item</strong></span> <span class='ocrx_word' id='word_1_862' title='bbox 3374 5359 3424 5412; x_wconf 87' lang='lat' dir='ltr'><strong>id</strong></span> <span class='ocrx_word' id='word_1_863' title='bbox 3478 5359 3644 5412; x_wconf 84' lang='lat' dir='ltr'><strong>latins</strong></span> 
     </span>
    </p>
   </div>
   <div class='ocr_carea' id='block_1_106' title="bbox 2074 5453 3657 5533">
    <p class='ocr_par' dir='ltr' id='par_1_106' title="bbox 2074 5453 3657 5533">
     <span class='ocr_line' id='line_1_106' title="bbox 2074 5453 3657 5533; baseline -0.009 -15"><span class='ocrx_word' id='word_1_864' title='bbox 2074 5460 2314 5533; x_wconf 79' lang='lat' dir='ltr'><strong>exponit,</strong></span> <span class='ocrx_word' id='word_1_865' title='bbox 2346 5460 2475 5515; x_wconf 87' lang='lat' dir='ltr'><strong>dum</strong></span> <span class='ocrx_word' id='word_1_866' title='bbox 2508 5457 2644 5513; x_wconf 90' lang='lat' dir='ltr'><strong>dicit</strong></span> <span class='ocrx_word' id='word_1_867' title='bbox 2694 5475 2707 5512; x_wconf 89' lang='lat'>:</span> <span class='ocrx_word' id='word_1_868' title='bbox 2746 5472 2867 5533; x_wconf 67' lang='lat' dir='ltr'><strong>qua:</strong></span> <span class='ocrx_word' id='word_1_869' title='bbox 2911 5468 3008 5527; x_wconf 85' lang='lat' dir='ltr'><strong>per</strong></span> <span class='ocrx_word' id='word_1_870' title='bbox 3036 5471 3096 5511; x_wconf 87' lang='lat' dir='ltr'><strong>os</strong></span> <span class='ocrx_word' id='word_1_871' title='bbox 3138 5453 3381 5510; x_wconf 89' lang='lat' dir='ltr'><strong>omnium</strong></span> <span class='ocrx_word' id='word_1_872' title='bbox 3425 5465 3657 5506; x_wconf 78' lang='lat' dir='ltr'><strong>SUOI&#39;IIIIL</strong></span> 
     </span>
    </p>
   </div>
   <div class='ocr_carea' id='block_1_107' title="bbox 1584 5598 2470 5662">
    <p class='ocr_par' dir='ltr' id='par_1_107' title="bbox 1584 5598 2470 5662">
     <span class='ocr_line' id='line_1_107' title="bbox 1584 5598 2470 5662; baseline -0.007 -2"><span class='ocrx_word' id='word_1_873' title='bbox 1584 5599 1783 5662; x_wconf 66' lang='lat' dir='ltr'><strong>Varia:</strong></span> <span class='ocrx_word' id='word_1_874' title='bbox 1831 5598 2141 5662; x_wconf 86' lang='lat' dir='ltr'><strong>lectiones</strong></span> <span class='ocrx_word' id='word_1_875' title='bbox 2185 5604 2245 5659; x_wconf 86' lang='lat' dir='ltr'><strong>et</strong></span> <span class='ocrx_word' id='word_1_876' title='bbox 2285 5603 2470 5659; x_wconf 62' lang='lat' dir='ltr'><strong>notae.</strong></span> 
     </span>
    </p>
   </div>
   <div class='ocr_carea' id='block_1_108' title="bbox 458 5701 1889 5781">
    <p class='ocr_par' dir='ltr' id='par_1_108' title="bbox 458 5701 1889 5781">
     <span class='ocr_line' id='line_1_108' title="bbox 458 5701 1889 5781; baseline 0.002 -26"><span class='ocrx_word' id='word_1_877' title='bbox 458 5702 505 5735; x_wconf 78' lang='grc'><strong><em>⁸⁸</em></strong></span> <span class='ocrx_word' id='word_1_878' title='bbox 535 5703 623 5759; x_wconf 74' lang='grc' dir='ltr'><strong>ἴον.</strong></span> <span class='ocrx_word' id='word_1_879' title='bbox 656 5701 909 5757; x_wconf 70' lang='grc' dir='ltr'><strong>ἀπίστου.</strong></span> <span class='ocrx_word' id='word_1_880' title='bbox 1009 5704 1054 5736; x_wconf 64' lang='grc' dir='ltr'><strong>δ’</strong></span> <span class='ocrx_word' id='word_1_881' title='bbox 1085 5704 1181 5781; x_wconf 71' lang='grc' dir='ltr'><strong>φῦ,</strong></span> <span class='ocrx_word' id='word_1_882' title='bbox 1207 5712 1340 5760; x_wconf 86' lang='lat' dir='ltr'><strong>erat.</strong></span> <span class='ocrx_word' id='word_1_883' title='bbox 1450 5704 1494 5737; x_wconf 86' lang='grc'><strong>⁹⁰</strong></span> <span class='ocrx_word' id='word_1_884' title='bbox 1514 5701 1733 5773; x_wconf 74' lang='grc' dir='ltr'><strong>ἀνύησι,</strong></span> <span class='ocrx_word' id='word_1_885' title='bbox 1755 5711 1889 5758; x_wconf 84' lang='lat' dir='ltr'><strong>erat.</strong></span> 
     </span>
    </p>
   </div>
   <div class='ocr_carea' id='block_1_109' title="bbox 480 5813 1107 5880">
    <p class='ocr_par' dir='ltr' id='par_1_109' title="bbox 480 5813 1107 5880">
     <span class='ocr_line' id='line_1_109' title="bbox 480 5813 1107 5880; baseline -0.008 -8"><span class='ocrx_word' id='word_1_886' title='bbox 480 5824 506 5857; x_wconf 70' lang='grc' dir='ltr'><strong><em>π</em></strong></span> <span class='ocrx_word' id='word_1_887' title='bbox 539 5815 603 5871; x_wconf 78' lang='grc' dir='ltr'><strong>ν.</strong></span> <span class='ocrx_word' id='word_1_888' title='bbox 640 5813 1107 5880; x_wconf 67' lang='grc' dir='ltr'><strong>ργαίιιιηιὶιιιιεται.</strong></span> 
     </span>
    </p>
   </div>
  </div>
