4070 6412
424 346 538 411 567

1331 344 1432 404 ΤΙΙ
1448 344 1907 404 EOPHYLACTI
1944 340 2356 401 BULGARUE
2400 340 2755 400 ARCHIEP.

3593 334 3699 399 568

419 456 809 526 prephctarunt
872 456 1408 525 prwsigniticmcrat.
1468 452 1585 507 Non
1624 455 1777 523 ponit
1823 462 1997 505 autem

2112 450 2304 503 αὑτοῦ.
2358 450 2432 502 Οὐ
2464 448 2647 515 τίθησι
2685 449 2741 502 δὲ
2800 449 2943 501 οὕτω
2993 446 3157 517 ψιλὴν
3181 446 3278 517 τὴν
3349 445 3696 516 μαρτυρίαν·

420 551 493 601 ita
523 546 730 602 nudum
770 546 1151 601 testimonium
1187 563 1199 597 :
1239 546 1365 615 quia
1414 543 1843 614 unumquodque
1879 544 2003 597 ilio-

420 655 543 693 tum
606 654 727 693 cum
786 638 972 694 multis
1032 639 1356 693 criminibus
1404 654 1466 691 ac
1517 637 1692 705 poenis
1738 635 2004 690 adversus

421 731 546 785 illos
572 731 795 787 statutis
832 733 1105 802 prolatum
1141 739 1226 785 est
1264 750 1275 783 :
1317 730 1460 784 sicut
1489 739 1539 783 et
1567 730 1708 783 hoc:
1765 729 1834 783 Et
1865 727 2001 781 dabo

416 823 685 893 improbos
734 840 831 893 pro
872 823 1146 892 sepultura
1186 824 1322 891 ejus,
1373 833 1420 877 et
1473 822 1659 877 divites
1709 837 1806 891 pro
1838 833 2004 876 morte

416 917 554 985 ejus.
585 914 893 970 Consulans
920 925 1102 970 autem
1131 930 1224 970 eos
1281 933 1293 967 :
1340 913 1463 968 Non
1518 924 1767 978 vestrum,
1800 914 1999 983 inqttit,

417 1009 627 1077 [acinus
663 1020 740 1062 est
770 1025 790 1063 :
818 1008 909 1063 sed
941 1008 1081 1062 Deus
1130 1009 1211 1061 ita
1245 1007 1408 1061 voluit
1456 1025 1473 1061 :
1528 1025 1591 1062 ac
1640 1007 1803 1061 simul
1836 1008 1999 1061 etiam

414 1101 600 1156 verbis
642 1101 751 1155 illis
789 1115 1110 1165 occurrens,
1137 1116 1258 1171 qua:
1302 1101 1465 1157 etiam
1520 1100 1916 1171 exprobrantes
1946 1099 1998 1153 in

416 1208 580 1248 cruce
609 1193 866 1259 pendenti
898 1193 1149 1249 dicebant
1184 1210 1199 1250 :
1233 1193 1290 1246 Si
1326 1194 1434 1247 vult
1485 1210 1627 1258 eum,
1663 1202 1824 1246 seruet
1857 1209 1997 1254 eum,

413 1293 468 1338 et
493 1301 507 1337 :
534 1283 595 1339 Si
624 1282 802 1338 Filius
830 1285 926 1338 Dei
946 1297 1045 1350 est,
1092 1285 1375 1340 descendat
1419 1288 1481 1339 de
1509 1301 1685 1349 cruce,
1717 1292 1770 1338 et
1802 1283 1999 1338 similia

416 1381 627 1427 tantum
661 1391 770 1429 non
799 1376 1024 1431 dicens:
1051 1373 1215 1443 Nugae
1247 1376 1348 1429 ista
1376 1381 1556 1439 erant,
1585 1390 1618 1426 ο
1653 1373 1830 1427 stulti.
1861 1371 1996 1425 Nam

412 1465 461 1518 si
495 1466 566 1520 ita
617 1465 730 1521 ﬁeri
789 1467 1096 1537 oportebat,
1152 1480 1315 1534 atque
1361 1483 1550 1523 onmes
1614 1466 1666 1521 id
1710 1481 1810 1521 suo
1841 1467 1998 1520 testi-

411 1557 599 1612 monio
626 1559 906 1629 propheta:
937 1560 1296 1631 comprobant
1324 1575 1339 1612 ε
1369 1560 1720 1631 perspicuum
1766 1568 1848 1617 est
1874 1574 1996 1614 eum

412 1649 1165 1719 nonprOpterinﬁrmitatem
1223 1651 1702 1714 condesccndisse,
1758 1650 1852 1706 sed
1906 1667 2000 1719 po-

411 1740 525 1795 tius
557 1752 776 1811 propter
830 1740 1154 1796 ineffabilem
1193 1744 1488 1812 potentiam
1519 1750 1683 1813 atque
1720 1741 1997 1797 excellen-

410 1840 519 1884 tem
552 1840 870 1901 potestatem
905 1844 956 1887 et
991 1833 1445 1887 innumerabilem
1473 1835 1890 1888 humanitatem.

482 2033 652 2091 Vnus.
680 2035 766 2089 i9.
787 2034 1098 2104 Resipiscite
1122 2035 1305 2103 igitur,
1330 2044 1379 2089 et
1405 2035 1567 2089 redite
1592 2037 1660 2088 ad
1690 2035 1997 2094 sanitatem,

411 2144 515 2199 quo
535 2136 752 2198 peccata
777 2125 1273 2191 uestra'deleantur,
1320 2136 1377 2178 ut
1422 2127 1469 2180 si
1501 2126 1729 2180 venerint
1766 2136 1999 2194 tempora

411 2221 753 2280 recreationis
787 2237 817 2272 a
840 2224 1123 2288 conspectu
1150 2218 1407 2283 Domini;

482 2404 652 2460 Vsus.
687 2401 779 2455 20.
810 2399 877 2453 Et
904 2399 1106 2453 miserit
1135 2414 1274 2462 eum,
1305 2398 1395 2466 qui
1424 2397 1563 2450 vobis
1591 2404 1997 2463 reprwsentatus

416 2506 497 2552 est
529 2493 797 2551 Christum
829 2491 1015 2546 Iesum
1039 2508 1057 2545 :

498 2604 663 2660 Vens.
722 2603 812 2658 21.
873 2603 1040 2669 Quem
1080 2612 1281 2669 oportet
1316 2603 1502 2670 cretum
1543 2603 1749 2672 quidem
1788 2617 1996 2670 capere,

411 2713 576 2768 usque
607 2696 675 2750 ad
698 2705 929 2764 tempora
950 2695 1299 2750 restitutionis
1315 2706 1364 2751 et
1388 2698 1858 2751 consummationis
1884 2712 1998 2751 om-

410 2789 580 2851 nium,
612 2803 728 2856 qua:
757 2786 959 2840 locutus
994 2796 1071 2839 est
1107 2785 1244 2840 Deus
1273 2804 1364 2856 per
1392 2805 1450 2841 os
1507 2788 1745 2841 omnium
1787 2798 1998 2842 sancto-

408 2893 529 2932 rum
563 2891 781 2930 suorum
807 2893 839 2927 a
868 2874 1064 2929 swculo
1092 2876 1488 2943 praphetarum.

481 2990 605 3056 Quo
635 2997 858 3056 peccata
891 2997 1089 3050 vestra,
1114 2996 1219 3042 etc.
1250 2986 1371 3043 Non
1401 2990 1468 3044 de
1506 3006 1572 3045 eo
1596 2990 1845 3060 loquitur
1871 3007 2001 3061 pec-

411 3089 555 3145 cato,
592 3082 735 3150 quod
769 3080 823 3132 in
853 3094 1016 3134 cruce
1052 3077 1266 3134 Domini
1290 3081 1630 3138 committere
1663 3084 1780 3138 ausi
1815 3093 1993 3147 eram,

410 3186 540 3226 nam
575 3186 738 3242 supra
768 3170 983 3225 dixerat
1012 3189 1026 3225 :
1066 3170 1135 3225 Et
1185 3189 1323 3225 nunc
1358 3174 1467 3227 scio
1498 3190 1587 3228 vos
1638 3175 1995 3241 imprudentes
2023 3202 2068 3261 ρ

411 3273 463 3318 et
488 3263 768 3317 inscientes
800 3262 896 3317 hoc
928 3264 1274 3327 commisisse,
1298 3266 1435 3318 sicut
1461 3275 1509 3319 et
1533 3267 1795 3335 principes
1817 3269 1994 3322 vestri.

412 3354 556 3421 Quid
590 3363 770 3409 autem
800 3364 943 3420 erat,
987 3355 1133 3424 quod
1180 3355 1319 3410 dixit
1349 3358 1460 3410 illic
1492 3377 1505 3412 :
1547 3359 1609 3412 Et
1642 3376 1787 3414 nunc
1840 3362 1998 3415 scio?

412 3447 569 3501 Nunc
590 3446 730 3510 scio,
755 3446 954 3516 inquit.
993 3447 1068 3500 Ita
1103 3449 1285 3502 dicere
1304 3448 1545 3519 expedit,
1574 3461 1634 3505 ut
1661 3451 1994 3511 lucrifaciam

414 3544 655 3591 vestram
688 3536 945 3591 salutem.
970 3540 1116 3591 Aut:
1150 3535 1305 3591 Nunc
1330 3540 1466 3604 scio,
1496 3555 1597 3597 vos
1624 3541 1994 3613 imprudentes

415 3627 635 3689 fecisse,
658 3628 787 3698 quia
815 3628 1014 3682 multos
1040 3644 1103 3682 ex
1134 3630 1286 3684 vobis
1314 3631 1473 3687 video
1505 3634 1570 3698 ad
1597 3635 1885 3689 sanitatem
1919 3652 1998 3690 re-

414 3719 532 3773 dire
564 3730 727 3790 atque
753 3720 983 3776 servari.
1016 3719 1189 3787 Nam,
1228 3732 1285 3776 ut
1313 3725 1612 3781 verisimile
1645 3736 1749 3791 est,
1782 3730 1845 3781 az!
1876 3744 1993 3797 eos,

413 3812 505 3881 qui
535 3812 646 3880 jam
702 3828 766 3868 ex
821 3814 929 3869 illis
985 3815 1052 3871 ad
1113 3816 1401 3871 sanitatem
1459 3828 1795 3874 reverterant
1835 3831 1997 3892 atque

413 3903 780 3971 crediderant,
833 3906 939 3962 hoc
983 3909 1076 3963 ait.
1131 3909 1235 3964 Sed
1291 3911 1386 3980 qui
1446 3910 1550 3967 hoc
1618 3914 1997 3983 imprudentes

411 3996 841 4053 commiserant?
918 3999 1052 4055 Nam
1125 4001 1270 4069 quod
1318 4003 1582 4059 latronem
1640 4005 1745 4060 sibi
1791 4009 1998 4061 condo-

410 4089 535 4143 nari
576 4090 1037 4159 postulaverunt;
1076 4092 1220 4160 quod
1286 4107 1410 4147 cum
1457 4096 1550 4164 qui
1587 4095 1798 4164 judicio
1838 4097 1993 4152 Pilati

411 4180 623 4234 absolvi
665 4179 935 4246 debebat,
987 4184 1235 4252 accipere
1268 4185 1598 4241 noluerunt:
1654 4189 1798 4257 quod
1841 4191 1994 4245 illum

411 4270 517 4342 41
579 4270 757 4340 ipsum
824 4273 1046 4341 insuper
1121 4274 1431 4330 interﬁcere
1492 4276 1837 4334 voluerunt:
1898 4296 1996 4334 cu-

348 4429 355 4435 .
409 4364 632 4431 jusuam
666 4364 992 4434 ignorantia:
1012 4366 1142 4420 est?
1177 4365 1379 4422 Verum
1414 4370 1487 4423 ita
1524 4369 1742 4427 dicebat
1776 4383 1836 4429 ut
1864 4390 1996 4446 ape-

410 4454 547 4507 riret
581 4454 663 4509 eis
685 4452 915 4522 januam‘
964 4457 1356 4523 resipiscentiaa
1400 4466 1454 4513 ct
1486 4460 1554 4514 ad
1582 4465 1871 4518 sanitatem
1906 4482 1993 4521 re—

2109 541 2189 592 ὅτι
2232 538 2438 609 ἑκάστη
2505 539 2685 591 αὐτῶν
2717 537 2855 608 μετὰ
2912 535 3124 590 πολλῶν
3190 536 3558 606 ἐγκλημάτων
3607 539 3705 589 καὶ

2107 635 2208 701 τῆς
2274 631 2552 694 κολάσεως
2611 630 2710 699 τῆς
2777 630 2900 682 κατ’
2954 627 3134 682 αὐτῶν
3188 627 3446 697 εἴρηται·
3514 626 3704 696 ὥσπερ

2108 726 2204 778 καὶ
2266 724 2440 791 αὕτη·
2501 724 2610 778 Kal
2670 722 2842 776 δώσω
2895 721 3039 789 τοὺς
3079 721 3387 789 πονηροὺς
3425 719 3560 775 ἀντὶ
3589 721 3702 789 τῆς

2106 817 2303 886 ταφῆς
2338 817 2525 871 αὑτοῦ
2552 856 2566 879 ,
2599 814 2698 869 καὶ
2742 815 2877 881 τοὺς
2907 816 3250 881 πλουσίους
3283 813 3421 868 ἀντὶ
3459 813 3567 868 τοῦ
3596 816 3700 868 θα-

2104 910 2292 964 νάτου
2322 909 2534 973 αὑτοῦ,
2583 908 3090 979 Παραμυθούμενος
3144 907 3199 960 δὲ
3251 907 3471 969 αὐτοὺς.
3504 906 3693 977 φησὶν,

2103 1002 2186 1054 ὅτι
2231 1003 2356 1069 Οὐχ
2402 999 2571 1069 ὑμῶν
2600 999 2811 1070 γέγονε
2854 999 2917 1052 τὸ
2968 1001 3243 1066 τόλμημα
3271 1015 3285 1028 ·
3335 998 3473 1052 ἀλλ’
3519 999 3698 1066 ἠϐου-

2103 1094 2261 1161 λήθη
2309 1097 2343 1147 ὁ
2399 1094 2543 1159 Θεὸς
2597 1093 2794 1146 οὕτω·
2848 1092 2965 1161 ἅμα
3015 1092 3071 1144 δὲ
3124 1092 3216 1143 καὶ
3267 1092 3404 1162 πρὸς
3462 1090 3532 1143 τὰ
3595 1092 3693 1162 ῥή-

2109 1202 2255 1253 ματα
2313 1184 2593 1238 ἀπαντῶν.
2673 1184 2740 1236 "A
2802 1182 2900 1236 καὶ
2985 1181 3343 1246 ὀνειδίζοντες
3422 1182 3517 1234 ἐπὶ
3597 1183 3693 1236 τοῦ

2106 1275 2343 1348 σταυροῦ
2388 1273 3103 1344 ελεγονοΕὶθέλειαύτὸν,
3165 1273 3425 1328 σωσάτω
3468 1275 3694 1328 αὐτόν·

2101 1371 2217 1431 καὶ,
2245 1370 2310 1424 El
2342 1368 2471 1434 Υἱός
2499 1367 2632 1422 ἐστι
2671 1368 2779 1422 τοῦ
2816 1367 2989 1432 Θεοῦ,
3053 1365 3360 1422 καταϐάτω
3427 1367 3546 1421 ἀπὸ
3590 1366 3697 1420 τοῦ

2105 1462 2398 1531 σταυροῦ,
2449 1461 2544 1514 καὶ
2609 1461 2678 1515 τά
2737 1461 2930 1532 ὅμοια·
3000 1461 3285 1530 μονονουχὶ
3348 1460 3521 1528 λέγων
3551 1477 3564 1491 ·
3614 1460 3697 1513 ὅτι

2098 1553 2279 1621 Λῆρος
2306 1547 2396 1621 ἦν,
2432 1545 2476 1605 ὧ
2498 1551 2739 1618 ἀνόητοι,
2770 1550 2944 1604 ταῦτα
2973 1566 2987 1581 ·
3020 1551 3069 1603 εί
3112 1549 3220 1622 γάρ
3273 1548 3417 1604 οὕτω
3443 1548 3698 1619 γενέσθαι

2099 1643 2240 1696 ἔδει·
2305 1643 2402 1697 καὶ
2470 1642 2671 1706 πάντες
2700 1643 2749 1696 οἱ
2794 1642 3067 1713 προφῆται
3118 1640 3277 1696 τοῦτο
3327 1639 3696 1712 μαρτυροῦσιν

2099 1733 2334 1802 φανερὸν
2370 1733 2451 1785 ὅτι
2487 1732 2550 1784 οὐ
2617 1732 2768 1807 παρὰ
2826 1730 3114 1785 ἀσθένειαν
3170 1730 3506 1802 συγκατεδη,
3560 1729 3700 1784 ἀλλὰ

2025 1824 2068 1882 Β
2099 1826 2301 1897 μᾶλλον
2344 1827 2495 1896 παρὰ
2555 1824 2789 1893 δύναμιν
2850 1823 3059 1892 ἄφατον
3093 1824 3191 1877 καὶ
3224 1824 3476 1888 ἐξουσίαν
3530 1824 3701 1895 ὑπερ-

2103 1919 2403 1974 ϐάλλουσαν
2432 1919 2526 1970 καὶ
2557 1915 2969 1987 φιλανθρωπίαν
3000 1915 3402 1986 ἀναρίθμητον.

2175 2033 2611 2102 Μετανοήσατε
2692 2027 2809 2086 οὖν
2851 2031 2951 2085 καὶ
3026 2028 3438 2099 ἐπιστρέψατε
3489 2032 3577 2096 είς
3629 2030 3696 2084 τὸ

2101 2124 2532 2196 ἐξαλειφθῆναι
2560 2124 2730 2193 ὑμῶν
2766 2124 2874 2190 τὰς
2898 2123 3190 2193 ἁμαρτίας
3221 2137 3235 2151 ·
3268 2123 3420 2189 ὅπως
3465 2122 3545 2177 ἂν
3582 2125 3694 2177 ἐλ-

2103 2223 2251 2272 θωσι
2329 2214 2525 2284 καιροὶ
2586 2213 2977 2283 ἀναψύξεως,
3044 2213 3166 2267 ἀπὸ
3215 2211 3546 2281 προσώπου
3589 2213 3699 2267 τοῦ

2103 2307 2324 2375 Κυρίου
2348 2322 2364 2337 ·

2174 2398 2279 2452 Kal
2319 2397 2658 2463 ἀποστείλῃ
2712 2395 2819 2449 τὸν
2876 2394 3457 2463 προκεχειρισμένον
3476 2395 3518 2425 ’ί
3553 2394 3699 2464 ὑμῖν

2110 2493 2373 2564 Χριστὸν
2417 2492 2669 2561 Ἰησοῦν
2700 2509 2715 2525 ·
3483 2493 3493 2501 ”

2176 2608 2286 2658 Ὃν
2314 2604 2409 2659 δεῖ
2449 2602 2715 2671 οὐρανὸν
2754 2602 2872 2672 μὲν
2905 2595 3196 2668 δέξασθαι
3259 2601 3398 2670 ἄχρι
3458 2600 3700 2670 χρόνων

2098 2695 2651 2759 ἀποκαταστάσεως
2680 2694 2945 2756 πάντων,
2967 2689 3055 2749 ὧν
3099 2693 3416 2760 ἐλάλησεν
3464 2696 3496 2747 δ
3548 2692 3698 2759 Θεὸς

2098 2791 2197 2844 διὰ
2216 2791 2516 2857 στόματος
2538 2787 2780 2841 πάντων
2801 2785 2919 2840 τῶν
2945 2787 3135 2857 άτίων
3162 2787 3350 2841 αὑτοῦ
3368 2783 3699 2855 προφητῶν

2099 2880 2201 2934 ἀπ’
2223 2876 2462 2942 αἰῶνος.

2169 2994 2241 3046 Οὐ
2274 2992 2425 3061 λέγει
2475 2991 2579 3062 τὴν,
2634 2994 2693 3045 ὲν
2757 2992 2836 3063 τῷ
2886 2990 3105 3060 σταυρῷ
3153 2990 3565 3061 τετολμημένης)
3609 2991 3684 3054 ⁸³,

2099 3084 2286 3156 ἐπειδὴ
2317 3086 2579 3155 προεῖπεν
2612 3084 2727 3138 ἄνω
2754 3100 2768 3114 ·
2793 3085 2900 3138 Kal
2942 3081 3062 3138 νῦν
3082 3080 3214 3138 οῖδα
3256 3083 3347 3137 ὅτι
3399 3086 3549 3138 κατὰ
3589 3084 3668 3152 (ir

2099 3194 2275 3232 νοιαν
2321 3176 2644 3246 ἐπράξατε,
2686 3175 2893 3245 ὥσπερ
2915 3176 3011 3229 καὶ
3062 3178 3117 3230 οἱ
3165 3175 3457 3246 ἄρχοντες
3502 3172 3692 3244 ὑμῶν.

2101 3271 2240 3324 Τίδὲ
2299 3266 2368 3339 ἦν
2396 3268 2424 3322 ὂ
2460 3265 2613 3322 εἶπεν
2665 3269 2783 3322 ἐκεῖ
2811 3287 2825 3299 ·
2881 3268 2993 3322 Καὶ
3052 3266 3149 3321 νῦν
3189 3263 3307 3321 οἴδα
3338 3285 3351 3298 ο
3393 3265 3510 3321 Νῦν
3542 3262 3684 3330 οἴδα,

2100 3363 2266 3433 φησίν
2293 3381 2307 3397 ·
2332 3362 2477 3417 οὕτω
2507 3361 2784 3434 συμφέρον
2816 3363 3015 3422 εἰπεῖν,
3051 3361 3141 3414 ἵνα
3166 3359 3422 3432 κερδήσω
3454 3361 3553 3426 τὴν
3586 3377 3695 3412 σω-

2098 3454 2298 3525 τηρίαν
2336 3455 2522 3525 ὑμῶν·
2573 3453 2724 3523 ἢότι
2772 3452 2888 3507 Νῦν
2944 3449 3086 3515 οἶδα,
3145 3453 3229 3506 ὅτι
3280 3452 3424 3505 κατὰ
3472 3452 3696 3518 ἄγνοιαν

2098 3547 2377 3617 ἐπράξατε
2401 3563 2415 3578 ο
2441 3545 2500 3611 ἐξ
2521 3539 2596 3600 ὧν
2622 3545 2733 3615 ὁρῶ
2785 3545 3012 3609 πολλοὺς
3054 3544 3211 3615 ὑμῶν
3261 3543 3696 3616 ἐπιστρέφοντας

2100 3641 2191 3691 καὶ
2221 3637 2585 3708 σωζομένους.
2624 3637 2787 3700 Εἰκὸς
2814 3637 2925 3705 γὰρ
2964 3638 3103 3707 πρὸς
3130 3636 3257 3698 τοὺς
3315 3630 3693 3704 ἐπιστρέψαν-

2097 3746 2198 3792 τας
2228 3730 2327 3799 ἤδη
2372 3730 2430 3794 ἐξ
2468 3728 2652 3782 αὐτῶν
2717 3728 2813 3780 καὶ
2857 3726 3260 3789 πιστεύσαντας
3305 3723 3462 3778 τοῦτῦ
3519 3739 3690 3792 φησι.

2100 3820 2226 3883 Πῶς
2273 3819 2332 3872 δὲ
2399 3821 2543 3874 κατὰ
2603 3819 2826 3888 ἄγνοιαν
2883 3814 3174 3887 ἐπραξαν;
3264 3814 3338 3869 Τδ
3415 3814 3526 3885 γὰρ
3595 3813 3694 3885 λῃ-

2103 3910 2235 3981 στὴν
2277 3911 2523 3981 αἰτῆσαι,
2552 3912 2614 3963 τὸ
2676 3912 2749 3980 μὴ
2820 3907 3008 3964 λαϐεῖν
3076 3908 3167 3963 τὸν
3240 3906 3500 3977 κριθέντα
3555 3908 3693 3959 ἀπο.

2099 4003 2351 4072 λυθῆναι,
2382 4003 2444 4057 τὸ
2483 4004 2577 4058 καὶ
2627 4003 2858 4072 θελῆσαι
2893 4003 3124 4064 ἀνελεῖν,
3194 4000 3354 4063 ποίας
3415 3998 3639 4065 ἀγνοίας
3672 4016 3688 4065 ;

2114 4096 2267 4167 Ἀλλί
2323 4096 2498 4159 οὕτως
2581 4095 2710 4167 ἔφη,
2772 4094 2943 4165 θύραν
3015 4094 3201 4156 αὐτοῖς
3259 4092 3490 4159 ἀνοίγων
3566 4092 3689 4144 ἐπι-

2102 4190 2363 4260 στροφῆς·
2404 4189 2492 4243 διὰ
2525 4188 2686 4242 τοῦτο
2753 4189 2815 4241 οὐ
2868 4187 3064 4240 λέγει·
3113 4185 3507 4240 Μετανοήσατε
3562 4183 3689 4254 περὶ

2095 4281 2205 4332 τῶν
2257 4282 2315 4332 ὲν
2366 4297 2444 4350 τῳ
2492 4277 2712 4349 σταυρῷ
2755 4277 3180 4349 τετολμημένων
3221 4276 3387 4346 ὑμῖν·
3438 4273 3575 4339 ἀλλ’,
3607 4274 3689 4336 είς

2099 4372 2159 4427 τὸ
2196 4372 2585 4442 ἐξαλειφθῆναι
2620 4371 2756 4435 τέως
2783 4370 2883 4430 τὰς
2947 4370 3143 4441 ἑτέρας
3179 4369 3335 4439 ὑμῶν
3385 4367 3684 4438 ἁμαρτίας.

2098 4466 2481 4535 Μετανοησατε
2538 4481 2651 4528 ουν,
2684 4480 2885 4534 φησιν,
2942 4462 3092 4525 ὃπως
3133 4461 3200 4515 ἂν
3266 4459 3460 4514 ἔλθωσι
3501 4457 3687 4527 καιροὶ

411 4547 705 4623 versionjs.
733 4544 942 4602 Idcirco
971 4564 1082 4602 non
1113 4548 1247 4603 dicit
1280 4569 1293 4604 :
1334 4549 1681 4619 Resipiscite,
1717 4571 1782 4611 ac
1812 4559 1993 4627 pecni‘
2026 4553 2070 4607 Ι)
2099 4554 2440 4625 ἀναψύξεως.
2468 4554 2719 4609 Δείκνυσι
2750 4555 2806 4608 δὲ
2843 4554 3077 4608 ἐνταῦθα
3130 4554 3531 4624 ταλαιπωρίαις
3555 4551 3686 4605 πολ-

412 4645 526 4690 tcat
548 4654 642 4694 vos
671 4652 883 4704 eorum,
903 4642 1093 4709 quaain
1114 4657 1278 4696 cruce
1308 4646 1654 4700 committere
1682 4649 1801 4704 ausi
1819 4652 1992 4705 estis:

411 4726 504 4782 sed
540 4737 597 4781 ut
625 4728 945 4784 :tboleantur
972 4733 1189 4787 interim
1218 4733 1322 4788 alia
1352 4745 1531 4790 vestra
1559 4748 1805 4808 peccata.
1832 4740 1991 4798 Resi-

409 4819 607 4887 piscite
638 4821 822 4891 igitur,
851 4822 1047 4892 inquit,
1080 4835 1139 4880 ut
1167 4822 1389 4881 veniant
1422 4834 1666 4898 tempora
1694 4834 1990 4888 recreatio-

411 4912 502 4965 uis
534 4921 700 4981 atque
733 4913 1167 4972 relocillationis.
1200 4916 1455 4974 Ostendit
1498 4930 1679 4977 autem
1728 4923 1816 4978 hic
1850 4940 1990 4978 acru-

410 5003 559 5060 mnis
601 5019 664 5059 ac
703 5006 939 5063 miseriis
982 5009 1169 5065 multis
1223 5026 1319 5066 cos
1372 5028 1493 5067 esse
1541 5016 1987 5082 conﬂictaturos;

410 5113 538 5152 nam
574 5098 663 5153 hic
701 5115 883 5155 sermo
913 5117 1036 5157 cum
1064 5117 1148 5169 eo,
1182 5104 1277 5175 qui
1313 5105 1366 5158 in
1398 5103 1524 5161 ﬂetu
1554 5122 1618 5161 ac
1666 5107 1814 5161 luctu
1844 5107 1989 5162 iutu-

410 5199 508 5240 rus
538 5187 630 5253 sit,
663 5197 715 5242 et
749 5191 1150 5248 consolationis
1205 5195 1459 5249 nonnihil
1508 5195 1803 5263 desideret,
1842 5210 1989 5254 recte

407 5274 598 5333 haberi
660 5281 858 5352 possit.
904 5281 1041 5338 Vide
1064 5295 1264 5351 autem,
1319 5295 1379 5339 ut
1419 5285 1501 5339 via
1556 5286 1789 5355 quadam
1839 5298 1987 5343 certa

2096 4646 2216 4709 λαῖς
2257 4645 2552 4715 μέλλοντας
2600 4647 2800 4710 αὐτοὺς
2830 4646 3221 4717 περιπίπτειν·
3264 4645 3399 4715 πρὸς
3432 4649 3542 4716 γὰρ
3595 4645 3686 4697 τὸν

2100 4737 2363 4808 μέλλοντα
2397 4739 2609 4794 κλαίειν
2633 4740 2728 4793 καὶ
2753 4740 3109 4810 παραμυθίας
3133 4739 3280 4802 τινὸς
3309 4738 3682 4808 ἐπιθυμοῦντα

2096 4833 2124 4885 ὁ
2157 4831 2316 4900 λόγος
2353 4830 2420 4887 ἂν
2459 4824 2615 4894 οὗτος
2652 4831 2965 4901 ἁρμόσειεν.
2988 4832 3131 4903 Ὅρα
3160 4830 3217 4885 δὲ
3248 4831 3365 4893 πῶς
3405 4828 3511 4900 ὁδῷ
3552 4847 3684 4900 προ-

2095 4922 2291 4979 ϐαίνει.
2310 4925 2400 4977 Ἐν
2421 4925 2519 4995 μὲν
2545 4927 2610 4996 τῇ
2636 4923 2826 4995 πρώτῃ
2844 4924 2908 4994 δη
2917 4923 3159 4994 μηγορίᾳ
3188 4924 3287 4994 τὴν
3307 4923 3621 4976 ἀνάπαυσιν
3637 4923 3685 4954 ³³

2094 5016 2191 5070 καὶ
2214 5016 2312 5088 τὴν
2352 5019 2433 5080 είς
2478 5018 2742 5089 οὐρανοὺς
2779 5015 3003 5086 ᾐνίξατο
3035 5015 3256 5070 κάθισιν
3280 5032 3293 5045 ·
3339 5013 3577 5068 ἐνταῦθα
3625 5015 3684 5067 δὲ

2092 5110 2187 5163 καὶ
2216 5109 2314 5180 τὴν
2349 5109 2567 5180 ἐμφανῆ
2592 5108 2914 5181 παρουσίαν.
2932 5109 3036 5161 Ἦν
3070 5109 3284 5179 καιρὸν,
3317 5108 3506 5178 φησὶν,
3551 5109 3682 5160 ἁνα-

2092 5200 2335 5271 ψύξεως·
2361 5201 2505 5265 τίνες
2532 5201 2643 5270 γὰρ
2673 5197 2786 5254 εἷεν
2809 5202 2859 5252 οξ
2894 5202 3078 5271 καιροὶ
3107 5200 3210 5270 τῆς
3257 5200 3578 5265 ἀναψύξεως
3601 5216 3614 5229 ·
3644 5197 3678 5269 ἢ

2098 5295 2145 5346 oi
2177 5296 2279 5363 τῆς
2301 5292 2653 5357 ἀναστάσεως
2675 5311 2688 5359 ;
2716 5291 2824 5356 Οὓς
2845 5294 2940 5347 καὶ
2967 5291 3180 5357 Παῦλος
3197 5293 3449 5365 ἐπιζητεί
3468 5291 3645 5359 λέγων
3664 5306 3679 5321 ·

1611 5429 1813 5491 Vaer
1856 5430 2163 5495 lectiones
2207 5442 2267 5494 ct
2302 5434 2490 5496 notae.

484 5557 1172 5649 illirvttlgattsplerisque
1203 5576 1301 5649 est,
1366 5571 1910 5649 προκεκηρυγμένον.
1964 5573 1997 5626 li

2098 5591 2150 5627 se
2201 5574 2407 5649 aliquid
2472 5576 2707 5649 videtur
2741 5581 2973 5633 orationi
3024 5581 3375 5649 supplendum
3410 5598 3427 5635 :
3462 5597 3671 5649 nempe,

416 5635 958 5718 f‘l’lefsff‘lfitttrepidi
989 5646 1037 5688 et
1070 5635 1578 5718 cutttﬁducia'l’tene
1596 5635 1741 5694 uobis
1772 5645 2129 5718 consciistare
2158 5635 2552 5718 anle'trt’bunal
2585 5645 2805 5712 Christi,
2842 5669 2859 5700 ι
2886 5662 2978 5704 ant
3010 5635 3186 5705 simile
3204 5653 3354 5718 quid.
3381 5635 3677 5705 Erasmus}

416 5715 443 5788 1tu
481 5694 959 5788 uenerint
992 5723 1038 5769 ι,
1061 5715 1159 5788 etc.
1197 5694 1308 5788 Ego
1344 5708 1550 5788 malim,
1584 5725 1603 5757 ι
1638 5694 1997 5788 υίμυςιιίααιέιι

2133 5716 2293 5768 etiam
2321 5716 2590 5771 inscholio
2619 5694 2896 5773 transtuli.
2971 5723 3016 5755 θ’
3044 5722 3129 5775 ῖσ.
3173 5694 3241 5775 τά
3274 5722 3676 5788 τετολμημένα,

363 5763 1328 5846 ’ἦτὴντετολμημένηνςδῆλονὸτι,
1366 5763 1603 5831 statim.
1681 5763 2584 5848 νεῖσ,,ά.;άσςάσξ,ρςηη
3184 5763 3241 5775 -η
