  <div class='ocr_page' id='page_1' title='image "/cluster/home/n/w/nwhite01/storage/ocr_20150623/125:no.3/coo.31924054870302/292.png"; bbox 0 0 4070 6408; ppageno 0'>
   <div class='ocr_carea' id='block_1_1' title="bbox 294 343 403 412">
    <p class='ocr_par' dir='ltr' id='par_1_1' title="bbox 294 343 403 412">
     <span class='ocr_line' id='line_1_1' title="bbox 294 343 403 412; baseline 0 0"><span class='ocrx_word' id='word_1_1' title='bbox 294 343 403 412; x_wconf 78' lang='lat'><strong>569</strong></span> 
     </span>
    </p>
   </div>
   <div class='ocr_carea' id='block_1_2' title="bbox 1052 346 2882 416">
    <p class='ocr_par' dir='ltr' id='par_1_2' title="bbox 1052 346 2882 416">
     <span class='ocr_line' id='line_1_2' title="bbox 1052 346 2882 416; baseline 0.004 -9"><span class='ocrx_word' id='word_1_2' title='bbox 1052 349 1465 408; x_wconf 80' lang='lat' dir='ltr'><strong>EXPOSITIO</strong></span> <span class='ocrx_word' id='word_1_3' title='bbox 1498 346 1576 411; x_wconf 77' lang='grc' dir='ltr'><strong>[Ν</strong></span> <span class='ocrx_word' id='word_1_4' title='bbox 1617 350 1808 409; x_wconf 73' lang='lat' dir='ltr'><strong>ACTA</strong></span> <span class='ocrx_word' id='word_1_5' title='bbox 1847 349 2435 411; x_wconf 72' lang='lat' dir='ltr'><strong>APOSTOLORUM.</strong></span> <span class='ocrx_word' id='word_1_6' title='bbox 2470 378 2536 386; x_wconf 84' lang='lat'><strong>—-</strong></span> <span class='ocrx_word' id='word_1_7' title='bbox 2570 353 2728 412; x_wconf 82' lang='lat' dir='ltr'><strong>CAP.</strong></span> <span class='ocrx_word' id='word_1_8' title='bbox 2767 355 2882 416; x_wconf 81' lang='lat' dir='ltr'><strong>HI.</strong></span> 
     </span>
    </p>
   </div>
   <div class='ocr_carea' id='block_1_3' title="bbox 3485 362 3594 426">
    <p class='ocr_par' dir='ltr' id='par_1_3' title="bbox 3485 362 3594 426">
     <span class='ocr_line' id='line_1_3' title="bbox 3485 362 3594 426; baseline 0 0"><span class='ocrx_word' id='word_1_9' title='bbox 3485 362 3594 426; x_wconf 83' lang='lat'><strong>570</strong></span> 
     </span>
    </p>
   </div>
   <div class='ocr_carea' id='block_1_4' title="bbox 297 456 1891 533">
    <p class='ocr_par' dir='ltr' id='par_1_4' title="bbox 297 456 1860 530">
     <span class='ocr_line' id='line_1_4' title="bbox 297 456 1860 530; baseline -0.001 -18"><span class='ocrx_word' id='word_1_10' title='bbox 297 457 407 512; x_wconf 74' lang='grc' dir='ltr'><strong>Καὶ</strong></span> <span class='ocrx_word' id='word_1_11' title='bbox 430 456 669 529; x_wconf 75' lang='grc' dir='ltr'>ἡμεῐςοὶ</span> <span class='ocrx_word' id='word_1_12' title='bbox 702 457 764 513; x_wconf 84' lang='grc' dir='ltr'>ὲν</span> <span class='ocrx_word' id='word_1_13' title='bbox 788 456 867 528; x_wconf 83' lang='grc' dir='ltr'><strong>τῷ</strong></span> <span class='ocrx_word' id='word_1_14' title='bbox 908 458 1100 530; x_wconf 77' lang='grc' dir='ltr'><strong>σκήνει</strong></span> <span class='ocrx_word' id='word_1_15' title='bbox 1130 459 1306 529; x_wconf 83' lang='grc' dir='ltr'>τούτῳ</span> <span class='ocrx_word' id='word_1_16' title='bbox 1328 458 1662 528; x_wconf 77' lang='grc' dir='ltr'><strong>στενάζομεν</strong></span> <span class='ocrx_word' id='word_1_17' title='bbox 1692 456 1860 529; x_wconf 77' lang='grc' dir='ltr'>βαροό</span> 
     </span>
    </p>
   </div>
   <div class='ocr_carea' id='block_1_5' title="bbox 1994 456 3595 533">
    <p class='ocr_par' dir='ltr' id='par_1_5' title="bbox 1998 458 3595 533">
     <span class='ocr_line' id='line_1_5' title="bbox 1998 458 3595 533; baseline 0.009 -22"><span class='ocrx_word' id='word_1_18' title='bbox 1998 460 2399 529; x_wconf 74' lang='lat' dir='ltr'><strong>progrediatur.</strong></span> <span class='ocrx_word' id='word_1_19' title='bbox 2454 458 2510 514; x_wconf 93' lang='lat' dir='ltr'><strong>In</strong></span> <span class='ocrx_word' id='word_1_20' title='bbox 2566 463 2742 531; x_wconf 84' lang='lat' dir='ltr'><strong>prima</strong></span> <span class='ocrx_word' id='word_1_21' title='bbox 2788 465 3007 533; x_wconf 87' lang='lat' dir='ltr'><strong>quidem</strong></span> <span class='ocrx_word' id='word_1_22' title='bbox 3038 468 3307 525; x_wconf 79' lang='lat' dir='ltr'><strong>concione</strong></span> <span class='ocrx_word' id='word_1_23' title='bbox 3345 484 3595 527; x_wconf 89' lang='lat' dir='ltr'><strong>resurre-</strong></span> 
     </span>
    </p>
   </div>
   <div class='ocr_carea' id='block_1_6' title="bbox 306 547 1895 622">
    <p class='ocr_par' dir='ltr' id='par_1_6' title="bbox 306 547 1895 622">
     <span class='ocr_line' id='line_1_6' title="bbox 306 547 1895 622; baseline 0.007 -20"><span class='ocrx_word' id='word_1_24' title='bbox 306 565 478 622; x_wconf 83' lang='grc' dir='ltr'>μενοι.</span> <span class='ocrx_word' id='word_1_25' title='bbox 513 548 584 604; x_wconf 77' lang='lat' dir='ltr'><strong>Et</strong></span> <span class='ocrx_word' id='word_1_26' title='bbox 612 547 675 603; x_wconf 76' lang='grc' dir='ltr'><strong>δέ</strong></span> <span class='ocrx_word' id='word_1_27' title='bbox 715 566 804 614; x_wconf 87' lang='grc' dir='ltr'><strong>τις</strong></span> <span class='ocrx_word' id='word_1_28' title='bbox 833 550 929 604; x_wconf 73' lang='grc' dir='ltr'>καὶ</span> <span class='ocrx_word' id='word_1_29' title='bbox 951 547 1094 621; x_wconf 75' lang='grc' dir='ltr'>μετὰ</span> <span class='ocrx_word' id='word_1_30' title='bbox 1119 550 1218 621; x_wconf 81' lang='grc' dir='ltr'>τὴν</span> <span class='ocrx_word' id='word_1_31' title='bbox 1243 550 1447 605; x_wconf 78' lang='grc' dir='ltr'>ἅλωσιν</span> <span class='ocrx_word' id='word_1_32' title='bbox 1481 550 1634 618; x_wconf 76' lang='grc' dir='ltr'>λέγει</span> <span class='ocrx_word' id='word_1_33' title='bbox 1664 551 1895 620; x_wconf 78' lang='grc' dir='ltr'>καιροὺς</span> 
     </span>
    </p>
   </div>
   <div class='ocr_carea' id='block_1_7' title="bbox 303 641 1895 713">
    <p class='ocr_par' dir='ltr' id='par_1_7' title="bbox 303 641 1895 713">
     <span class='ocr_line' id='line_1_7' title="bbox 303 641 1895 713; baseline -0.002 -16"><span class='ocrx_word' id='word_1_34' title='bbox 303 641 647 713; x_wconf 70' lang='grc' dir='ltr'>ἀναψύξεως,</span> <span class='ocrx_word' id='word_1_35' title='bbox 681 642 835 697; x_wconf 80' lang='grc' dir='ltr'>οὐδὲν</span> <span class='ocrx_word' id='word_1_36' title='bbox 861 642 1082 696; x_wconf 83' lang='grc' dir='ltr'>κωλύει.</span> <span class='ocrx_word' id='word_1_37' title='bbox 1127 642 1240 697; x_wconf 72' lang='grc' dir='ltr'><strong>Καὶ</strong></span> <span class='ocrx_word' id='word_1_38' title='bbox 1268 643 1378 712; x_wconf 80' lang='grc' dir='ltr'><strong>γὰρ</strong></span> <span class='ocrx_word' id='word_1_39' title='bbox 1407 643 1536 706; x_wconf 78' lang='grc' dir='ltr'>τοὺς</span> <span class='ocrx_word' id='word_1_40' title='bbox 1575 643 1676 712; x_wconf 82' lang='grc' dir='ltr'>τῆς</span> <span class='ocrx_word' id='word_1_41' title='bbox 1706 642 1895 696; x_wconf 80' lang='grc' dir='ltr'>κακὼο</span> 
     </span>
    </p>
   </div>
   <div class='ocr_carea' id='block_1_8' title="bbox 307 733 1895 805">
    <p class='ocr_par' dir='ltr' id='par_1_8' title="bbox 307 733 1895 805">
     <span class='ocr_line' id='line_1_8' title="bbox 307 733 1895 805; baseline 0 -17"><span class='ocrx_word' id='word_1_42' title='bbox 307 752 442 799; x_wconf 80' lang='grc' dir='ltr'>σεως</span> <span class='ocrx_word' id='word_1_43' title='bbox 489 733 673 788; x_wconf 77' lang='grc' dir='ltr'>αὐτῶν</span> <span class='ocrx_word' id='word_1_44' title='bbox 716 734 814 788; x_wconf 66' lang='grc' dir='ltr'><strong>καὶ¹</strong></span> <span class='ocrx_word' id='word_1_45' title='bbox 866 733 1249 805; x_wconf 79' lang='grc' dir='ltr'><strong>αἰχμαλωσίας</strong></span> <span class='ocrx_word' id='word_1_46' title='bbox 1299 733 1388 789; x_wconf 83' lang='grc' dir='ltr'><strong>διὰ</strong></span> <span class='ocrx_word' id='word_1_47' title='bbox 1424 734 1555 798; x_wconf 78' lang='grc' dir='ltr'>τοὺς</span> <span class='ocrx_word' id='word_1_48' title='bbox 1599 733 1895 797; x_wconf 80' lang='grc' dir='ltr'>ἐκλεκτοὺς</span> 
     </span>
    </p>
   </div>
   <div class='ocr_carea' id='block_1_9' title="bbox 305 824 1895 897">
    <p class='ocr_par' dir='ltr' id='par_1_9' title="bbox 305 824 1895 897">
     <span class='ocr_line' id='line_1_9' title="bbox 305 824 1895 897; baseline 0.001 -20"><span class='ocrx_word' id='word_1_49' title='bbox 305 824 640 879; x_wconf 73' lang='grc' dir='ltr'>ἐκολόϐωσεν</span> <span class='ocrx_word' id='word_1_50' title='bbox 670 829 697 880; x_wconf 83' lang='grc' dir='ltr'><strong>ὁ</strong></span> <span class='ocrx_word' id='word_1_51' title='bbox 746 825 917 888; x_wconf 79' lang='grc' dir='ltr'>Θεός·</span> <span class='ocrx_word' id='word_1_52' title='bbox 964 827 1055 880; x_wconf 85' lang='grc' dir='ltr'>ἶνα</span> <span class='ocrx_word' id='word_1_53' title='bbox 1114 827 1164 879; x_wconf 91' lang='grc' dir='ltr'><strong>οί</strong></span> <span class='ocrx_word' id='word_1_54' title='bbox 1235 827 1629 890; x_wconf 76' lang='grc' dir='ltr'><strong>πιστεύσαντες</strong></span> <span class='ocrx_word' id='word_1_55' title='bbox 1658 827 1895 897; x_wconf 81' lang='grc' dir='ltr'>εὕρωσιν</span> 
     </span>
    </p>
   </div>
   <div class='ocr_carea' id='block_1_10' title="bbox 305 915 1895 990">
    <p class='ocr_par' dir='ltr' id='par_1_10' title="bbox 305 915 1895 990">
     <span class='ocr_line' id='line_1_10' title="bbox 305 915 1895 990; baseline -0.001 -19"><span class='ocrx_word' id='word_1_56' title='bbox 305 916 595 987; x_wconf 64' lang='grc' dir='ltr'>ἀνάψυξιν,</span> <span class='ocrx_word' id='word_1_57' title='bbox 639 917 737 971; x_wconf 77' lang='grc' dir='ltr'><strong>καὶ</strong></span> <span class='ocrx_word' id='word_1_58' title='bbox 760 915 1100 972; x_wconf 82' lang='grc' dir='ltr'>διασωθῶσιν</span> <span class='ocrx_word' id='word_1_59' title='bbox 1130 917 1240 972; x_wconf 76' lang='grc' dir='ltr'><strong>ἀπὸ</strong></span> <span class='ocrx_word' id='word_1_60' title='bbox 1275 919 1375 990; x_wconf 83' lang='grc' dir='ltr'>τῆς</span> <span class='ocrx_word' id='word_1_61' title='bbox 1412 918 1650 989; x_wconf 77' lang='grc' dir='ltr'>σφοδρᾶς</span> <span class='ocrx_word' id='word_1_62' title='bbox 1675 918 1895 982; x_wconf 78' lang='grc' dir='ltr'>ἐκείνης</span> 
     </span>
    </p>
   </div>
   <div class='ocr_carea' id='block_1_11' title="bbox 304 1008 1894 1082">
    <p class='ocr_par' dir='ltr' id='par_1_11' title="bbox 304 1008 1894 1082">
     <span class='ocr_line' id='line_1_11' title="bbox 304 1008 1894 1082; baseline -0.001 -19"><span class='ocrx_word' id='word_1_63' title='bbox 304 1008 576 1077; x_wconf 70' lang='grc' dir='ltr'>ἀνάγκης.</span> <span class='ocrx_word' id='word_1_64' title='bbox 606 1011 720 1063; x_wconf 74' lang='grc' dir='ltr'><strong>Καὶ</strong></span> <span class='ocrx_word' id='word_1_65' title='bbox 742 1011 1040 1082; x_wconf 75' lang='grc' dir='ltr'><strong>ἀποστείλῃ</strong></span> <span class='ocrx_word' id='word_1_66' title='bbox 1081 1010 1173 1065; x_wconf 76' lang='grc' dir='ltr'>τὸν</span> <span class='ocrx_word' id='word_1_67' title='bbox 1206 1010 1731 1082; x_wconf 79' lang='grc' dir='ltr'>προκεχειρισμένον</span> <span class='ocrx_word' id='word_1_68' title='bbox 1762 1011 1894 1080; x_wconf 82' lang='grc' dir='ltr'>ὑμῖν</span> 
     </span>
    </p>
   </div>
   <div class='ocr_carea' id='block_1_12' title="bbox 304 1101 1892 1177">
    <p class='ocr_par' dir='ltr' id='par_1_12' title="bbox 304 1101 1892 1177">
     <span class='ocr_line' id='line_1_12' title="bbox 304 1101 1892 1177; baseline 0.001 -22"><span class='ocrx_word' id='word_1_69' title='bbox 304 1102 541 1173; x_wconf 67' lang='grc' dir='ltr'>Χριστὸν</span> <span class='ocrx_word' id='word_1_70' title='bbox 575 1102 806 1172; x_wconf 74' lang='grc' dir='ltr'>Ἰησοῦν.</span> <span class='ocrx_word' id='word_1_71' title='bbox 849 1104 996 1158; x_wconf 69' lang='grc' dir='ltr'>Ἀντὶ</span> <span class='ocrx_word' id='word_1_72' title='bbox 1029 1104 1146 1172; x_wconf 79' lang='grc' dir='ltr'>τοῦ,</span> <span class='ocrx_word' id='word_1_73' title='bbox 1192 1105 1431 1177; x_wconf 80' lang='grc' dir='ltr'><strong>Ἀνάγκη</strong></span> <span class='ocrx_word' id='word_1_74' title='bbox 1485 1105 1602 1157; x_wconf 72' lang='grc' dir='ltr'>ἐστὶ</span> <span class='ocrx_word' id='word_1_75' title='bbox 1636 1101 1892 1169; x_wconf 75' lang='grc' dir='ltr'>δέξασθαι</span> 
     </span>
    </p>
   </div>
   <div class='ocr_carea' id='block_1_13' title="bbox 304 1195 1893 1269">
    <p class='ocr_par' dir='ltr' id='par_1_13' title="bbox 304 1195 1893 1269">
     <span class='ocr_line' id='line_1_13' title="bbox 304 1195 1893 1269; baseline 0.001 -20"><span class='ocrx_word' id='word_1_76' title='bbox 304 1196 489 1261; x_wconf 73' lang='grc' dir='ltr'>αὑτὸν,</span> <span class='ocrx_word' id='word_1_77' title='bbox 549 1195 647 1251; x_wconf 74' lang='grc' dir='ltr'>ἅτε</span> <span class='ocrx_word' id='word_1_78' title='bbox 680 1197 745 1267; x_wconf 79' lang='grc' dir='ltr'><strong>δὴ</strong></span> <span class='ocrx_word' id='word_1_79' title='bbox 786 1197 919 1251; x_wconf 81' lang='grc' dir='ltr'>Θεὸν</span> <span class='ocrx_word' id='word_1_80' title='bbox 974 1199 1322 1269; x_wconf 79' lang='grc' dir='ltr'>ὑπάρχοντα,</span> <span class='ocrx_word' id='word_1_81' title='bbox 1374 1198 1468 1251; x_wconf 77' lang='grc' dir='ltr'>καὶ</span> <span class='ocrx_word' id='word_1_82' title='bbox 1512 1197 1893 1267; x_wconf 74' lang='grc' dir='ltr'>συνεδριάζειν</span> 
     </span>
    </p>
   </div>
   <div class='ocr_carea' id='block_1_14' title="bbox 302 1287 1891 1362">
    <p class='ocr_par' dir='ltr' id='par_1_14' title="bbox 302 1287 1891 1362">
     <span class='ocr_line' id='line_1_14' title="bbox 302 1287 1891 1362; baseline 0.001 -20"><span class='ocrx_word' id='word_1_83' title='bbox 302 1288 390 1342; x_wconf 78' lang='grc' dir='ltr'>ἀεὶ</span> <span class='ocrx_word' id='word_1_84' title='bbox 416 1287 708 1357; x_wconf 61' lang='grc' dir='ltr'>ὀφείλοντα</span> <span class='ocrx_word' id='word_1_85' title='bbox 740 1287 818 1360; x_wconf 82' lang='grc' dir='ltr'><strong>τῷ</strong></span> <span class='ocrx_word' id='word_1_86' title='bbox 849 1290 1047 1362; x_wconf 87' lang='grc' dir='ltr'>Πατρί.</span> <span class='ocrx_word' id='word_1_87' title='bbox 1077 1292 1174 1344; x_wconf 89' lang='grc' dir='ltr'>Ὃν</span> <span class='ocrx_word' id='word_1_88' title='bbox 1204 1290 1286 1344; x_wconf 84' lang='grc' dir='ltr'><strong>δεῖ</strong></span> <span class='ocrx_word' id='word_1_89' title='bbox 1332 1290 1566 1362; x_wconf 78' lang='grc' dir='ltr'>οὐρανὸν</span> <span class='ocrx_word' id='word_1_90' title='bbox 1600 1290 1702 1359; x_wconf 81' lang='grc' dir='ltr'>μὲν</span> <span class='ocrx_word' id='word_1_91' title='bbox 1732 1289 1891 1355; x_wconf 76' lang='grc' dir='ltr'><strong>δέξα-</strong></span> 
     </span>
    </p>
   </div>
   <div class='ocr_carea' id='block_1_15' title="bbox 307 1381 1892 1454">
    <p class='ocr_par' dir='ltr' id='par_1_15' title="bbox 307 1381 1892 1454">
     <span class='ocr_line' id='line_1_15' title="bbox 307 1381 1892 1454; baseline 0.001 -18"><span class='ocrx_word' id='word_1_92' title='bbox 307 1383 431 1436; x_wconf 84' lang='grc' dir='ltr'>σθαι</span> <span class='ocrx_word' id='word_1_93' title='bbox 464 1383 597 1454; x_wconf 76' lang='grc' dir='ltr'>ἄχρι</span> <span class='ocrx_word' id='word_1_94' title='bbox 628 1381 863 1453; x_wconf 83' lang='grc' dir='ltr'>χρόνων.</span> <span class='ocrx_word' id='word_1_95' title='bbox 897 1382 1011 1454; x_wconf 80' lang='grc' dir='ltr'>Τὴν</span> <span class='ocrx_word' id='word_1_96' title='bbox 1038 1384 1219 1438; x_wconf 75' lang='grc' dir='ltr'>αἰτίαν</span> <span class='ocrx_word' id='word_1_97' title='bbox 1246 1383 1420 1453; x_wconf 82' lang='grc' dir='ltr'>δηλοῖ,</span> <span class='ocrx_word' id='word_1_98' title='bbox 1463 1383 1553 1437; x_wconf 77' lang='grc' dir='ltr'>διὰ</span> <span class='ocrx_word' id='word_1_99' title='bbox 1589 1384 1642 1437; x_wconf 92' lang='grc' dir='ltr'><strong>τί</strong></span> <span class='ocrx_word' id='word_1_100' title='bbox 1664 1384 1760 1439; x_wconf 81' lang='grc' dir='ltr'>νῦν</span> <span class='ocrx_word' id='word_1_101' title='bbox 1792 1385 1892 1438; x_wconf 78' lang='grc' dir='ltr'>οὐκ</span> 
     </span>
    </p>
   </div>
   <div class='ocr_carea' id='block_1_16' title="bbox 304 1478 1888 1548">
    <p class='ocr_par' dir='ltr' id='par_1_16' title="bbox 304 1478 1888 1548">
     <span class='ocr_line' id='line_1_16' title="bbox 304 1478 1888 1548; baseline 0.001 -18"><span class='ocrx_word' id='word_1_102' title='bbox 304 1478 544 1548; x_wconf 68' lang='grc' dir='ltr'>ἔρχεται.</span> <span class='ocrx_word' id='word_1_103' title='bbox 563 1478 1047 1548; x_wconf 79' lang='grc' dir='ltr'>’Λποκαταστῆναι</span> <span class='ocrx_word' id='word_1_104' title='bbox 1072 1478 1172 1546; x_wconf 85' lang='grc' dir='ltr'>δεῖ,</span> <span class='ocrx_word' id='word_1_105' title='bbox 1199 1478 1335 1548; x_wconf 77' lang='grc' dir='ltr'>φησὶ</span> <span class='ocrx_word' id='word_1_106' title='bbox 1355 1517 1369 1541; x_wconf 86' lang='grc'><strong>,</strong></span> <span class='ocrx_word' id='word_1_107' title='bbox 1407 1479 1501 1531; x_wconf 70' lang='grc' dir='ltr'>καὶ</span> <span class='ocrx_word' id='word_1_108' title='bbox 1515 1479 1594 1541; x_wconf 83' lang='grc' dir='ltr'><strong>είς</strong></span> <span class='ocrx_word' id='word_1_109' title='bbox 1607 1478 1783 1548; x_wconf 81' lang='grc' dir='ltr'><strong>πέρας</strong></span> <span class='ocrx_word' id='word_1_110' title='bbox 1800 1480 1888 1532; x_wconf 80' lang='grc' dir='ltr'><strong>ὲλ-</strong></span> 
     </span>
    </p>
   </div>
   <div class='ocr_carea' id='block_1_17' title="bbox 306 1569 1889 1640">
    <p class='ocr_par' dir='ltr' id='par_1_17' title="bbox 306 1569 1889 1640">
     <span class='ocr_line' id='line_1_17' title="bbox 306 1569 1889 1640; baseline 0 -17"><span class='ocrx_word' id='word_1_111' title='bbox 306 1569 420 1624; x_wconf 83' lang='grc' dir='ltr'>θεῖν</span> <span class='ocrx_word' id='word_1_112' title='bbox 438 1570 682 1637; x_wconf 78' lang='grc' dir='ltr'>ἅπαντα,</span> <span class='ocrx_word' id='word_1_113' title='bbox 717 1573 815 1625; x_wconf 80' lang='grc' dir='ltr'>καὶ</span> <span class='ocrx_word' id='word_1_114' title='bbox 844 1570 966 1624; x_wconf 81' lang='grc' dir='ltr'>τότε</span> <span class='ocrx_word' id='word_1_115' title='bbox 1001 1569 1309 1624; x_wconf 80' lang='grc' dir='ltr'>ἐλεύσεται.</span> <span class='ocrx_word' id='word_1_116' title='bbox 1351 1569 1515 1624; x_wconf 76' lang='grc' dir='ltr'>Ἀλλὰ</span> <span class='ocrx_word' id='word_1_117' title='bbox 1549 1569 1667 1634; x_wconf 85' lang='grc' dir='ltr'><strong>πῶς</strong></span> <span class='ocrx_word' id='word_1_118' title='bbox 1720 1587 1889 1640; x_wconf 79' lang='grc' dir='ltr'>φησιν</span> 
     </span>
    </p>
   </div>
   <div class='ocr_carea' id='block_1_18' title="bbox 304 1658 1893 1735">
    <p class='ocr_par' dir='ltr' id='par_1_18' title="bbox 304 1658 1893 1735">
     <span class='ocr_line' id='line_1_18' title="bbox 304 1658 1893 1735; baseline -0.002 -16"><span class='ocrx_word' id='word_1_119' title='bbox 304 1664 417 1719; x_wconf 76' lang='grc' dir='ltr'>ἄνω</span> <span class='ocrx_word' id='word_1_120' title='bbox 436 1681 452 1697; x_wconf 71' lang='grc'><strong>⁸</strong></span> <span class='ocrx_word' id='word_1_121' title='bbox 488 1665 587 1718; x_wconf 89' lang='grc' dir='ltr'>Ὃν</span> <span class='ocrx_word' id='word_1_122' title='bbox 613 1664 695 1718; x_wconf 76' lang='grc' dir='ltr'><strong>δεῖ</strong></span> <span class='ocrx_word' id='word_1_123' title='bbox 720 1665 955 1735; x_wconf 70' lang='grc' dir='ltr'>οὐρανὸν</span> <span class='ocrx_word' id='word_1_124' title='bbox 992 1662 1095 1734; x_wconf 79' lang='grc' dir='ltr'>μὲν</span> <span class='ocrx_word' id='word_1_125' title='bbox 1130 1663 1413 1727; x_wconf 80' lang='grc' dir='ltr'>δέξασθαι.</span> <span class='ocrx_word' id='word_1_126' title='bbox 1443 1658 1593 1733; x_wconf 65' lang='lat' dir='ltr'><strong>&#39;Apa</strong></span> <span class='ocrx_word' id='word_1_127' title='bbox 1643 1661 1798 1716; x_wconf 77' lang='grc' dir='ltr'>οὔπω</span> <span class='ocrx_word' id='word_1_128' title='bbox 1822 1658 1893 1734; x_wconf 81' lang='grc' dir='ltr'>ἦν</span> 
     </span>
    </p>
   </div>
   <div class='ocr_carea' id='block_1_19' title="bbox 304 1750 1891 1827">
    <p class='ocr_par' dir='ltr' id='par_1_19' title="bbox 304 1750 1891 1827">
     <span class='ocr_line' id='line_1_19' title="bbox 304 1750 1891 1827; baseline -0.002 -17"><span class='ocrx_word' id='word_1_129' title='bbox 304 1757 467 1810; x_wconf 78' lang='grc' dir='ltr'>αὑτὸν</span> <span class='ocrx_word' id='word_1_130' title='bbox 497 1755 826 1827; x_wconf 49' lang='grc' dir='ltr'>δεξάμενος</span> <span class='ocrx_word' id='word_1_131' title='bbox 858 1757 965 1809; x_wconf 77' lang='grc' dir='ltr'><strong>Καὶ</strong></span> <span class='ocrx_word' id='word_1_132' title='bbox 989 1755 1154 1812; x_wconf 80' lang='grc' dir='ltr'>πάνυ.</span> <span class='ocrx_word' id='word_1_133' title='bbox 1191 1754 1317 1818; x_wconf 84' lang='grc' dir='ltr'><strong>Πῶς</strong></span> <span class='ocrx_word' id='word_1_134' title='bbox 1364 1754 1459 1809; x_wconf 79' lang='grc' dir='ltr'>οὖν</span> <span class='ocrx_word' id='word_1_135' title='bbox 1489 1755 1591 1808; x_wconf 82' lang='grc' dir='ltr'>οὐκ</span> <span class='ocrx_word' id='word_1_136' title='bbox 1624 1750 1800 1821; x_wconf 73' lang='grc' dir='ltr'>εἶπεν,</span> <span class='ocrx_word' id='word_1_137' title='bbox 1831 1754 1891 1807; x_wconf 80' lang='grc' dir='ltr'>ὃν</span> 
     </span>
    </p>
   </div>
   <div class='ocr_carea' id='block_1_20' title="bbox 1997 550 3587 617">
    <p class='ocr_par' dir='ltr' id='par_1_20' title="bbox 1997 550 3587 617">
     <span class='ocr_line' id='line_1_20' title="bbox 1997 550 3587 617; baseline 0.008 -12"><span class='ocrx_word' id='word_1_138' title='bbox 1997 550 2234 608; x_wconf 89' lang='lat' dir='ltr'><strong>ctionem</strong></span> <span class='ocrx_word' id='word_1_139' title='bbox 2263 562 2318 607; x_wconf 90' lang='lat' dir='ltr'><strong>et</strong></span> <span class='ocrx_word' id='word_1_140' title='bbox 2350 553 2403 606; x_wconf 92' lang='lat' dir='ltr'><strong>in</strong></span> <span class='ocrx_word' id='word_1_141' title='bbox 2444 555 2599 609; x_wconf 70' lang='lat' dir='ltr'><strong>caelis</strong></span> <span class='ocrx_word' id='word_1_142' title='bbox 2647 557 2951 612; x_wconf 84' lang='lat' dir='ltr'><strong>sessionem</strong></span> <span class='ocrx_word' id='word_1_143' title='bbox 2995 557 3231 615; x_wconf 88' lang='lat' dir='ltr'><strong>latenter</strong></span> <span class='ocrx_word' id='word_1_144' title='bbox 3280 561 3539 617; x_wconf 80' lang='lat' dir='ltr'><strong>indicavit</strong></span> <span class='ocrx_word' id='word_1_145' title='bbox 3573 582 3587 617; x_wconf 90' lang='lat'><strong>:</strong></span> 
     </span>
    </p>
   </div>
   <div class='ocr_carea' id='block_1_21' title="bbox 1997 643 3592 722">
    <p class='ocr_par' dir='ltr' id='par_1_21' title="bbox 1997 643 3592 722">
     <span class='ocr_line' id='line_1_21' title="bbox 1997 643 3592 722; baseline 0.008 -26"><span class='ocrx_word' id='word_1_146' title='bbox 1997 643 2086 697; x_wconf 91' lang='lat' dir='ltr'><strong>hic</strong></span> <span class='ocrx_word' id='word_1_147' title='bbox 2110 644 2272 697; x_wconf 81' lang='lat' dir='ltr'><strong>etiam</strong></span> <span class='ocrx_word' id='word_1_148' title='bbox 2298 643 2567 698; x_wconf 86' lang='lat' dir='ltr'><strong>illustrem</strong></span> <span class='ocrx_word' id='word_1_149' title='bbox 2598 645 2916 711; x_wconf 83' lang='lat' dir='ltr'><strong>adventum,</strong></span> <span class='ocrx_word' id='word_1_150' title='bbox 2941 663 3102 719; x_wconf 86' lang='lat' dir='ltr'><strong>quem</strong></span> <span class='ocrx_word' id='word_1_151' title='bbox 3141 660 3358 722; x_wconf 85' lang='lat' dir='ltr'><strong>tempus</strong></span> <span class='ocrx_word' id='word_1_152' title='bbox 3375 667 3592 708; x_wconf 87' lang='lat' dir='ltr'><strong>recrea-</strong></span> 
     </span>
    </p>
   </div>
   <div class='ocr_carea' id='block_1_22' title="bbox 1996 733 3590 812">
    <p class='ocr_par' dir='ltr' id='par_1_22' title="bbox 1996 733 3590 812">
     <span class='ocr_line' id='line_1_22' title="bbox 1996 733 3590 812; baseline 0.006 -27"><span class='ocrx_word' id='word_1_153' title='bbox 1996 733 2164 788; x_wconf 72' lang='lat' dir='ltr'><strong>tionis</strong></span> <span class='ocrx_word' id='word_1_154' title='bbox 2217 748 2341 789; x_wconf 88' lang='lat' dir='ltr'><strong>esse</strong></span> <span class='ocrx_word' id='word_1_155' title='bbox 2393 734 2549 790; x_wconf 90' lang='lat' dir='ltr'><strong>dicit.</strong></span> <span class='ocrx_word' id='word_1_156' title='bbox 2593 734 2725 789; x_wconf 84' lang='lat' dir='ltr'><strong>Nam</strong></span> <span class='ocrx_word' id='word_1_157' title='bbox 2774 752 3025 806; x_wconf 64' lang='lat' dir='ltr'><strong>quaenam</strong></span> <span class='ocrx_word' id='word_1_158' title='bbox 3087 739 3291 795; x_wconf 82' lang='lat' dir='ltr'><strong>fuerint</strong></span> <span class='ocrx_word' id='word_1_159' title='bbox 3345 751 3590 812; x_wconf 89' lang='lat' dir='ltr'><strong>tempora</strong></span> 
     </span>
    </p>
   </div>
   <div class='ocr_carea' id='block_1_23' title="bbox 1994 824 3589 902">
    <p class='ocr_par' dir='ltr' id='par_1_23' title="bbox 1994 824 3589 902">
     <span class='ocr_line' id='line_1_23' title="bbox 1994 824 3589 902; baseline 0.007 -24"><span class='ocrx_word' id='word_1_160' title='bbox 1994 824 2357 880; x_wconf 89' lang='lat' dir='ltr'><strong>recreationis</strong></span> <span class='ocrx_word' id='word_1_161' title='bbox 2391 826 2496 879; x_wconf 88' lang='lat' dir='ltr'><strong>alia</strong></span> <span class='ocrx_word' id='word_1_162' title='bbox 2533 836 2696 897; x_wconf 90' lang='lat' dir='ltr'><strong>atque</strong></span> <span class='ocrx_word' id='word_1_163' title='bbox 2720 830 3183 886; x_wconf 84' lang='lat' dir='ltr'><strong>resurrectionis?</strong></span> <span class='ocrx_word' id='word_1_164' title='bbox 3228 848 3349 902; x_wconf 84' lang='lat' dir='ltr'><strong>quae</strong></span> <span class='ocrx_word' id='word_1_165' title='bbox 3384 834 3589 889; x_wconf 79' lang='lat' dir='ltr'><strong>Paulus</strong></span> 
     </span>
    </p>
   </div>
   <div class='ocr_carea' id='block_1_24' title="bbox 1998 916 3586 995">
    <p class='ocr_par' dir='ltr' id='par_1_24' title="bbox 1998 916 3586 995">
     <span class='ocr_line' id='line_1_24' title="bbox 1998 916 3586 995; baseline 0.006 -25"><span class='ocrx_word' id='word_1_166' title='bbox 1998 918 2165 970; x_wconf 89' lang='lat' dir='ltr'><strong>etiam</strong></span> <span class='ocrx_word' id='word_1_167' title='bbox 2195 916 2448 987; x_wconf 88' lang='lat' dir='ltr'><strong>requirit,</strong></span> <span class='ocrx_word' id='word_1_168' title='bbox 2481 919 2574 973; x_wconf 89' lang='lat' dir='ltr'><strong>ubi</strong></span> <span class='ocrx_word' id='word_1_169' title='bbox 2605 919 2739 974; x_wconf 88' lang='lat' dir='ltr'><strong>dicit</strong></span> <span class='ocrx_word' id='word_1_170' title='bbox 2771 939 2784 975; x_wconf 88' lang='lat'><strong>:</strong></span> <span class='ocrx_word' id='word_1_171' title='bbox 2822 921 2884 976; x_wconf 85' lang='lat' dir='ltr'><strong>Et</strong></span> <span class='ocrx_word' id='word_1_172' title='bbox 2913 940 3035 989; x_wconf 85' lang='lat' dir='ltr'><strong>nos,</strong></span> <span class='ocrx_word' id='word_1_173' title='bbox 3069 925 3162 995; x_wconf 87' lang='lat' dir='ltr'><strong>qui</strong></span> <span class='ocrx_word' id='word_1_174' title='bbox 3214 940 3502 981; x_wconf 76' lang='lat' dir='ltr'><strong>versamur</strong></span> <span class='ocrx_word' id='word_1_175' title='bbox 3533 927 3586 980; x_wconf 90' lang='lat' dir='ltr'><strong>in</strong></span> 
     </span>
    </p>
   </div>
   <div class='ocr_carea' id='block_1_25' title="bbox 1999 1013 3586 1087">
    <p class='ocr_par' dir='ltr' id='par_1_25' title="bbox 1999 1013 3586 1087">
     <span class='ocr_line' id='line_1_25' title="bbox 1999 1013 3586 1087; baseline 0.004 -20"><span class='ocrx_word' id='word_1_176' title='bbox 1999 1015 2103 1068; x_wconf 92' lang='lat' dir='ltr'><strong>hoc</strong></span> <span class='ocrx_word' id='word_1_177' title='bbox 2141 1013 2520 1078; x_wconf 86' lang='lat' dir='ltr'><strong>tabernaculo,</strong></span> <span class='ocrx_word' id='word_1_178' title='bbox 2582 1014 3018 1085; x_wconf 87' lang='lat' dir='ltr'><strong>iugemiscimus.</strong></span> <span class='ocrx_word' id='word_1_179' title='bbox 3069 1017 3199 1072; x_wconf 89' lang='lat' dir='ltr'><strong>dum</strong></span> <span class='ocrx_word' id='word_1_180' title='bbox 3269 1033 3586 1087; x_wconf 80' lang='lat' dir='ltr'><strong>gravamnr.</strong></span> 
     </span>
    </p>
   </div>
   <div class='ocr_carea' id='block_1_26' title="bbox 1991 1102 3589 1177">
    <p class='ocr_par' dir='ltr' id='par_1_26' title="bbox 1991 1102 3589 1177">
     <span class='ocr_line' id='line_1_26' title="bbox 1991 1102 3589 1177; baseline 0.004 -20"><span class='ocrx_word' id='word_1_181' title='bbox 1991 1102 2148 1169; x_wconf 79' lang='lat' dir='ltr'><strong>Quod</strong></span> <span class='ocrx_word' id='word_1_182' title='bbox 2194 1103 2240 1159; x_wconf 91' lang='lat' dir='ltr'><strong>si</strong></span> <span class='ocrx_word' id='word_1_183' title='bbox 2277 1103 2402 1172; x_wconf 79' lang='lat' dir='ltr'><strong>quis</strong></span> <span class='ocrx_word' id='word_1_184' title='bbox 2424 1105 2590 1158; x_wconf 82' lang='lat' dir='ltr'><strong>etiam</strong></span> <span class='ocrx_word' id='word_1_185' title='bbox 2623 1107 2771 1161; x_wconf 84' lang='lat' dir='ltr'><strong>dicat</strong></span> <span class='ocrx_word' id='word_1_186' title='bbox 2810 1122 2874 1161; x_wconf 90' lang='lat' dir='ltr'><strong>ea</strong></span> <span class='ocrx_word' id='word_1_187' title='bbox 2909 1115 3158 1177; x_wconf 86' lang='lat' dir='ltr'><strong>tempora</strong></span> <span class='ocrx_word' id='word_1_188' title='bbox 3201 1123 3324 1164; x_wconf 88' lang='lat' dir='ltr'><strong>esse</strong></span> <span class='ocrx_word' id='word_1_189' title='bbox 3371 1124 3589 1164; x_wconf 75' lang='lat' dir='ltr'><strong>recrea-</strong></span> 
     </span>
    </p>
   </div>
   <div class='ocr_carea' id='block_1_27' title="bbox 1994 1194 3589 1268">
    <p class='ocr_par' dir='ltr' id='par_1_27' title="bbox 1994 1194 3589 1268">
     <span class='ocr_line' id='line_1_27' title="bbox 1994 1194 3589 1268; baseline 0.004 -20"><span class='ocrx_word' id='word_1_190' title='bbox 1994 1194 2158 1250; x_wconf 87' lang='lat' dir='ltr'><strong>lionis</strong></span> <span class='ocrx_word' id='word_1_191' title='bbox 2187 1210 2309 1265; x_wconf 72' lang='lat' dir='ltr'><strong>quae</strong></span> <span class='ocrx_word' id='word_1_192' title='bbox 2354 1196 2817 1266; x_wconf 80' lang='lat' dir='ltr'><strong>expugnationem</strong></span> <span class='ocrx_word' id='word_1_193' title='bbox 2883 1196 3348 1268; x_wconf 77' lang='lat' dir='ltr'><strong>Jerosolymorum</strong></span> <span class='ocrx_word' id='word_1_194' title='bbox 3398 1214 3589 1255; x_wconf 89' lang='lat' dir='ltr'><strong>conse-</strong></span> 
     </span>
    </p>
   </div>
   <div class='ocr_carea' id='block_1_28' title="bbox 1991 1286 3589 1362">
    <p class='ocr_par' dir='ltr' id='par_1_28' title="bbox 1991 1286 3589 1362">
     <span class='ocr_line' id='line_1_28' title="bbox 1991 1286 3589 1362; baseline 0.004 -21"><span class='ocrx_word' id='word_1_195' title='bbox 1991 1297 2119 1341; x_wconf 89' lang='lat' dir='ltr'><strong>cuta</strong></span> <span class='ocrx_word' id='word_1_196' title='bbox 2148 1298 2299 1353; x_wconf 86' lang='lat' dir='ltr'><strong>sunt,</strong></span> <span class='ocrx_word' id='word_1_197' title='bbox 2331 1286 2469 1341; x_wconf 89' lang='lat' dir='ltr'><strong>nihil</strong></span> <span class='ocrx_word' id='word_1_198' title='bbox 2505 1295 2668 1342; x_wconf 82' lang='lat' dir='ltr'><strong>vetat.</strong></span> <span class='ocrx_word' id='word_1_199' title='bbox 2712 1288 2925 1344; x_wconf 88' lang='lat' dir='ltr'><strong>Etenim</strong></span> <span class='ocrx_word' id='word_1_200' title='bbox 2987 1299 3232 1362; x_wconf 88' lang='lat' dir='ltr'><strong>tempora</strong></span> <span class='ocrx_word' id='word_1_201' title='bbox 3276 1291 3589 1349; x_wconf 82' lang='lat' dir='ltr'><strong>aﬂlictionis</strong></span> 
     </span>
    </p>
   </div>
   <div class='ocr_carea' id='block_1_29' title="bbox 1991 1379 3586 1451">
    <p class='ocr_par' dir='ltr' id='par_1_29' title="bbox 1991 1379 3586 1451">
     <span class='ocr_line' id='line_1_29' title="bbox 1991 1379 3586 1451; baseline 0.003 -17"><span class='ocrx_word' id='word_1_202' title='bbox 1991 1388 2046 1434; x_wconf 94' lang='lat' dir='ltr'><strong>et</strong></span> <span class='ocrx_word' id='word_1_203' title='bbox 2083 1379 2422 1449; x_wconf 82' lang='lat' dir='ltr'><strong>captivitatis</strong></span> <span class='ocrx_word' id='word_1_204' title='bbox 2473 1395 2664 1434; x_wconf 91' lang='lat' dir='ltr'><strong>eorum</strong></span> <span class='ocrx_word' id='word_1_205' title='bbox 2725 1391 2947 1451; x_wconf 91' lang='lat' dir='ltr'><strong>propter</strong></span> <span class='ocrx_word' id='word_1_206' title='bbox 3009 1384 3211 1439; x_wconf 88' lang='lat' dir='ltr'><strong>electos</strong></span> <span class='ocrx_word' id='word_1_207' title='bbox 3265 1384 3409 1441; x_wconf 88' lang='lat' dir='ltr'><strong>Deus</strong></span> <span class='ocrx_word' id='word_1_208' title='bbox 3453 1400 3586 1441; x_wconf 86' lang='lat' dir='ltr'><strong>con-</strong></span> 
     </span>
    </p>
   </div>
   <div class='ocr_carea' id='block_1_30' title="bbox 1991 1470 3585 1545">
    <p class='ocr_par' dir='ltr' id='par_1_30' title="bbox 1991 1470 3585 1545">
     <span class='ocr_line' id='line_1_30' title="bbox 1991 1470 3585 1545; baseline 0.004 -21"><span class='ocrx_word' id='word_1_209' title='bbox 1991 1472 2160 1525; x_wconf 79' lang='lat' dir='ltr'><strong>traxit</strong></span> <span class='ocrx_word' id='word_1_210' title='bbox 2181 1479 2242 1525; x_wconf 86' lang='lat' dir='ltr'><strong>et</strong></span> <span class='ocrx_word' id='word_1_211' title='bbox 2272 1470 2615 1526; x_wconf 83' lang='lat' dir='ltr'><strong>abbreviavit</strong></span> <span class='ocrx_word' id='word_1_212' title='bbox 2646 1489 2661 1526; x_wconf 91' lang='lat'><strong>:</strong></span> <span class='ocrx_word' id='word_1_213' title='bbox 2696 1483 2756 1526; x_wconf 87' lang='lat' dir='ltr'><strong>ut</strong></span> <span class='ocrx_word' id='word_1_214' title='bbox 2794 1473 2867 1527; x_wconf 89' lang='lat' dir='ltr'><strong>illi</strong></span> <span class='ocrx_word' id='word_1_215' title='bbox 2903 1474 2996 1545; x_wconf 87' lang='lat' dir='ltr'><strong>qui</strong></span> <span class='ocrx_word' id='word_1_216' title='bbox 3042 1475 3400 1539; x_wconf 84' lang='lat' dir='ltr'><strong>crediderint.</strong></span> <span class='ocrx_word' id='word_1_217' title='bbox 3465 1477 3585 1530; x_wconf 88' lang='lat' dir='ltr'><strong>adi-</strong></span> 
     </span>
    </p>
   </div>
   <div class='ocr_carea' id='block_1_31' title="bbox 1990 1563 3583 1633">
    <p class='ocr_par' dir='ltr' id='par_1_31' title="bbox 1990 1563 3583 1633">
     <span class='ocr_line' id='line_1_31' title="bbox 1990 1563 3583 1633; baseline 0.005 -16"><span class='ocrx_word' id='word_1_218' title='bbox 1990 1563 2281 1633; x_wconf 90' lang='lat' dir='ltr'><strong>piscantur</strong></span> <span class='ocrx_word' id='word_1_219' title='bbox 2310 1564 2732 1633; x_wconf 89' lang='lat' dir='ltr'><strong>rccreationem,</strong></span> <span class='ocrx_word' id='word_1_220' title='bbox 2769 1581 2834 1621; x_wconf 88' lang='lat' dir='ltr'><strong>ac</strong></span> <span class='ocrx_word' id='word_1_221' title='bbox 2866 1578 3156 1624; x_wconf 81' lang='lat' dir='ltr'><strong>serventur</strong></span> <span class='ocrx_word' id='word_1_222' title='bbox 3190 1569 3260 1625; x_wconf 87' lang='lat' dir='ltr'><strong>ab</strong></span> <span class='ocrx_word' id='word_1_223' title='bbox 3296 1570 3388 1624; x_wconf 90' lang='lat' dir='ltr'><strong>illa</strong></span> <span class='ocrx_word' id='word_1_224' title='bbox 3415 1570 3583 1625; x_wconf 84' lang='lat' dir='ltr'><strong>vehe-</strong></span> 
     </span>
    </p>
   </div>
   <div class='ocr_carea' id='block_1_32' title="bbox 1990 1653 3583 1731">
    <p class='ocr_par' dir='ltr' id='par_1_32' title="bbox 1990 1653 3583 1731">
     <span class='ocr_line' id='line_1_32' title="bbox 1990 1653 3583 1731; baseline 0.005 -23"><span class='ocrx_word' id='word_1_225' title='bbox 1990 1654 2162 1709; x_wconf 88' lang='lat' dir='ltr'><strong>menti</strong></span> <span class='ocrx_word' id='word_1_226' title='bbox 2194 1654 2550 1710; x_wconf 81' lang='lat' dir='ltr'><strong>necessitate.</strong></span> <span class='ocrx_word' id='word_1_227' title='bbox 2588 1653 2654 1709; x_wconf 84' lang='lat' dir='ltr'><strong>Et</strong></span> <span class='ocrx_word' id='word_1_228' title='bbox 2680 1656 2863 1711; x_wconf 85' lang='lat' dir='ltr'><strong>mittat</strong></span> <span class='ocrx_word' id='word_1_229' title='bbox 2894 1673 3041 1723; x_wconf 90' lang='lat' dir='ltr'><strong>eum,</strong></span> <span class='ocrx_word' id='word_1_230' title='bbox 3071 1659 3165 1730; x_wconf 90' lang='lat' dir='ltr'><strong>qui</strong></span> <span class='ocrx_word' id='word_1_231' title='bbox 3194 1659 3353 1716; x_wconf 80' lang='lat' dir='ltr'><strong>vobis</strong></span> <span class='ocrx_word' id='word_1_232' title='bbox 3381 1675 3583 1731; x_wconf 64' lang='lat' dir='ltr'><strong>reprac-</strong></span> 
     </span>
    </p>
   </div>
   <div class='ocr_carea' id='block_1_33' title="bbox 1993 1745 3582 1823">
    <p class='ocr_par' dir='ltr' id='par_1_33' title="bbox 1993 1745 3582 1823">
     <span class='ocr_line' id='line_1_33' title="bbox 1993 1745 3582 1823; baseline 0.005 -22"><span class='ocrx_word' id='word_1_233' title='bbox 1993 1754 2243 1803; x_wconf 88' lang='lat' dir='ltr'><strong>sentatus</strong></span> <span class='ocrx_word' id='word_1_234' title='bbox 2291 1755 2396 1813; x_wconf 89' lang='lat' dir='ltr'><strong>est,</strong></span> <span class='ocrx_word' id='word_1_235' title='bbox 2438 1745 2721 1803; x_wconf 84' lang='lat' dir='ltr'><strong>Christum</strong></span> <span class='ocrx_word' id='word_1_236' title='bbox 2754 1746 2964 1804; x_wconf 85' lang='lat' dir='ltr'><strong>Jesum.</strong></span> <span class='ocrx_word' id='word_1_237' title='bbox 3000 1749 3107 1806; x_wconf 83' lang='lat' dir='ltr'><strong>Pro</strong></span> <span class='ocrx_word' id='word_1_238' title='bbox 3153 1766 3240 1818; x_wconf 91' lang='lat' dir='ltr'><strong>eo,</strong></span> <span class='ocrx_word' id='word_1_239' title='bbox 3274 1753 3420 1823; x_wconf 88' lang='lat' dir='ltr'><strong>quod</strong></span> <span class='ocrx_word' id='word_1_240' title='bbox 3448 1762 3535 1809; x_wconf 88' lang='lat' dir='ltr'><strong>est</strong></span> <span class='ocrx_word' id='word_1_241' title='bbox 3566 1770 3582 1808; x_wconf 95' lang='lat'><strong>:</strong></span> 
     </span>
    </p>
   </div>
   <div class='ocr_carea' id='block_1_34' title="bbox 303 1833 1891 1918">
    <p class='ocr_par' dir='ltr' id='par_1_34' title="bbox 303 1845 1891 1918">
     <span class='ocr_line' id='line_1_34' title="bbox 303 1845 1891 1918; baseline -0.001 -17"><span class='ocrx_word' id='word_1_242' title='bbox 303 1849 533 1918; x_wconf 68' lang='grc' dir='ltr'>οὐρανὸς</span> <span class='ocrx_word' id='word_1_243' title='bbox 563 1849 816 1913; x_wconf 75' lang='grc' dir='ltr'>ἐδέξατο·</span> <span class='ocrx_word' id='word_1_244' title='bbox 862 1846 1043 1913; x_wconf 83' lang='grc' dir='ltr'>τοῦτο,</span> <span class='ocrx_word' id='word_1_245' title='bbox 1078 1845 1154 1910; x_wconf 85' lang='grc' dir='ltr'>ὡς</span> <span class='ocrx_word' id='word_1_246' title='bbox 1199 1845 1330 1917; x_wconf 72' lang='grc' dir='ltr'>περὶ</span> <span class='ocrx_word' id='word_1_247' title='bbox 1376 1845 1488 1900; x_wconf 83' lang='grc' dir='ltr'><strong>τῶν</strong></span> <span class='ocrx_word' id='word_1_248' title='bbox 1529 1845 1643 1901; x_wconf 79' lang='grc' dir='ltr'>ἄνω</span> <span class='ocrx_word' id='word_1_249' title='bbox 1679 1846 1891 1917; x_wconf 82' lang='grc' dir='ltr'>χρόνων</span> 
     </span>
    </p>
   </div>
   <div class='ocr_carea' id='block_1_35' title="bbox 1994 1833 3584 1918">
    <p class='ocr_par' dir='ltr' id='par_1_35' title="bbox 1995 1837 3584 1914">
     <span class='ocr_line' id='line_1_35' title="bbox 1995 1837 3584 1914; baseline 0.004 -21"><span class='ocrx_word' id='word_1_250' title='bbox 1995 1837 2234 1895; x_wconf 76' lang='lat' dir='ltr'><strong>Necesse</strong></span> <span class='ocrx_word' id='word_1_251' title='bbox 2265 1846 2373 1905; x_wconf 89' lang='lat' dir='ltr'><strong>est,</strong></span> <span class='ocrx_word' id='word_1_252' title='bbox 2408 1848 2468 1893; x_wconf 89' lang='lat' dir='ltr'><strong>ut</strong></span> <span class='ocrx_word' id='word_1_253' title='bbox 2521 1840 2703 1909; x_wconf 87' lang='lat' dir='ltr'><strong>capiat</strong></span> <span class='ocrx_word' id='word_1_254' title='bbox 2748 1855 2901 1907; x_wconf 88' lang='lat' dir='ltr'><strong>eum,</strong></span> <span class='ocrx_word' id='word_1_255' title='bbox 2941 1842 3143 1913; x_wconf 90' lang='lat' dir='ltr'><strong>quippe</strong></span> <span class='ocrx_word' id='word_1_256' title='bbox 3187 1844 3448 1899; x_wconf 86' lang='lat' dir='ltr'><strong>nimirum</strong></span> <span class='ocrx_word' id='word_1_257' title='bbox 3484 1844 3584 1914; x_wconf 89' lang='lat' dir='ltr'><strong>qui</strong></span> 
     </span>
    </p>
   </div>
   <div class='ocr_carea' id='block_1_36' title="bbox 304 1937 1889 2010">
    <p class='ocr_par' dir='ltr' id='par_1_36' title="bbox 304 1937 1889 2010">
     <span class='ocr_line' id='line_1_36' title="bbox 304 1937 1889 2010; baseline -0.002 -16"><span class='ocrx_word' id='word_1_258' title='bbox 304 1937 713 2008; x_wconf 77' lang='grc' dir='ltr'>διαλεγόμενος,</span> <span class='ocrx_word' id='word_1_259' title='bbox 767 1938 923 2008; x_wconf 79' lang='grc' dir='ltr'>φησί.</span> <span class='ocrx_word' id='word_1_260' title='bbox 953 1937 1027 1991; x_wconf 87' lang='grc' dir='ltr'><strong>Τὸ</strong></span> <span class='ocrx_word' id='word_1_261' title='bbox 1064 1937 1121 1990; x_wconf 78' lang='grc' dir='ltr'><strong>δὲ</strong></span> <span class='ocrx_word' id='word_1_262' title='bbox 1154 1938 1305 2009; x_wconf 84' lang='grc' dir='ltr'>ἄχρι,</span> <span class='ocrx_word' id='word_1_263' title='bbox 1331 1939 1423 1991; x_wconf 76' lang='grc' dir='ltr'>καὶ</span> <span class='ocrx_word' id='word_1_264' title='bbox 1451 1938 1534 2003; x_wconf 80' lang='grc' dir='ltr'><strong>τὸ,</strong></span> <span class='ocrx_word' id='word_1_265' title='bbox 1566 1938 1694 2002; x_wconf 80' lang='grc' dir='ltr'>ἓως,</span> <span class='ocrx_word' id='word_1_266' title='bbox 1736 1937 1889 2010; x_wconf 77' lang='grc' dir='ltr'>παρὰ</span> 
     </span>
    </p>
   </div>
   <div class='ocr_carea' id='block_1_37' title="bbox 306 2028 1884 2102">
    <p class='ocr_par' dir='ltr' id='par_1_37' title="bbox 306 2028 1884 2102">
     <span class='ocr_line' id='line_1_37' title="bbox 306 2028 1884 2102; baseline -0.001 -19"><span class='ocrx_word' id='word_1_267' title='bbox 306 2032 372 2102; x_wconf 79' lang='grc' dir='ltr'>τῇ</span> <span class='ocrx_word' id='word_1_268' title='bbox 409 2029 529 2101; x_wconf 83' lang='grc' dir='ltr'>θείᾳ</span> <span class='ocrx_word' id='word_1_269' title='bbox 557 2030 772 2100; x_wconf 78' lang='grc' dir='ltr'>Γραφῇ,</span> <span class='ocrx_word' id='word_1_270' title='bbox 791 2030 851 2081; x_wconf 84' lang='grc' dir='ltr'>οὐ</span> <span class='ocrx_word' id='word_1_271' title='bbox 885 2028 1078 2100; x_wconf 86' lang='grc' dir='ltr'>χρόνου</span> <span class='ocrx_word' id='word_1_272' title='bbox 1111 2030 1228 2084; x_wconf 71' lang='grc' dir='ltr'>ἐστὶ</span> <span class='ocrx_word' id='word_1_273' title='bbox 1246 2028 1607 2098; x_wconf 77' lang='grc' dir='ltr'>συμϐατικόν.</span> <span class='ocrx_word' id='word_1_274' title='bbox 1649 2028 1806 2082; x_wconf 78' lang='grc' dir='ltr'>Ἐπεὶ</span> <span class='ocrx_word' id='word_1_275' title='bbox 1837 2029 1884 2061; x_wconf 72' lang='grc'><strong>³⁵</strong></span> 
     </span>
    </p>
   </div>
   <div class='ocr_carea' id='block_1_38' title="bbox 308 2119 1887 2192">
    <p class='ocr_par' dir='ltr' id='par_1_38' title="bbox 308 2119 1887 2192">
     <span class='ocr_line' id='line_1_38' title="bbox 308 2119 1887 2192; baseline -0.002 -16"><span class='ocrx_word' id='word_1_276' title='bbox 308 2122 422 2192; x_wconf 79' lang='grc' dir='ltr'><strong>γὰρ</strong></span> <span class='ocrx_word' id='word_1_277' title='bbox 465 2122 687 2192; x_wconf 73' lang='grc' dir='ltr'>νοητέον</span> <span class='ocrx_word' id='word_1_278' title='bbox 719 2120 781 2174; x_wconf 80' lang='grc' dir='ltr'>τὸ</span> <span class='ocrx_word' id='word_1_279' title='bbox 813 2121 1107 2192; x_wconf 71' lang='grc' dir='ltr'>εἰρημένον</span> <span class='ocrx_word' id='word_1_280' title='bbox 1146 2120 1287 2191; x_wconf 84' lang='grc' dir='ltr'>πρὸς</span> <span class='ocrx_word' id='word_1_281' title='bbox 1314 2120 1405 2173; x_wconf 81' lang='grc' dir='ltr'>τὸν</span> <span class='ocrx_word' id='word_1_282' title='bbox 1451 2119 1606 2187; x_wconf 76' lang='grc' dir='ltr'>Θεὸν,</span> <span class='ocrx_word' id='word_1_283' title='bbox 1637 2120 1745 2185; x_wconf 75' lang='grc' dir='ltr'>ἕως</span> <span class='ocrx_word' id='word_1_284' title='bbox 1792 2120 1887 2173; x_wconf 78' lang='grc' dir='ltr'>τοῦ</span> 
     </span>
    </p>
   </div>
   <div class='ocr_carea' id='block_1_39' title="bbox 305 2211 1886 2285">
    <p class='ocr_par' dir='ltr' id='par_1_39' title="bbox 305 2211 1886 2285">
     <span class='ocr_line' id='line_1_39' title="bbox 305 2211 1886 2285; baseline -0.001 -17"><span class='ocrx_word' id='word_1_285' title='bbox 305 2215 502 2278; x_wconf 76' lang='grc' dir='ltr'>αἰῶνος</span> <span class='ocrx_word' id='word_1_286' title='bbox 536 2218 602 2269; x_wconf 72' lang='grc' dir='ltr'>σὺ</span> <span class='ocrx_word' id='word_1_287' title='bbox 649 2211 741 2282; x_wconf 74' lang='grc' dir='ltr'>εἷς</span> <span class='ocrx_word' id='word_1_288' title='bbox 785 2216 977 2270; x_wconf 82' lang='grc' dir='ltr'>Ἔστιν</span> <span class='ocrx_word' id='word_1_289' title='bbox 1008 2211 1100 2268; x_wconf 83' lang='grc' dir='ltr'>οὖν</span> <span class='ocrx_word' id='word_1_290' title='bbox 1131 2216 1159 2268; x_wconf 85' lang='grc' dir='ltr'><strong>ὁ</strong></span> <span class='ocrx_word' id='word_1_291' title='bbox 1198 2213 1322 2277; x_wconf 81' lang='grc' dir='ltr'>νοῦς</span> <span class='ocrx_word' id='word_1_292' title='bbox 1347 2212 1440 2266; x_wconf 82' lang='grc' dir='ltr'><strong>τοῦ</strong></span> <span class='ocrx_word' id='word_1_293' title='bbox 1479 2213 1846 2285; x_wconf 78' lang='grc' dir='ltr'>προκειμένου</span> <span class='ocrx_word' id='word_1_294' title='bbox 1871 2227 1886 2242; x_wconf 87' lang='grc'>⁶</span> 
     </span>
    </p>
   </div>
   <div class='ocr_carea' id='block_1_40' title="bbox 306 2306 1890 2380">
    <p class='ocr_par' dir='ltr' id='par_1_40' title="bbox 306 2306 1890 2380">
     <span class='ocr_line' id='line_1_40' title="bbox 306 2306 1890 2380; baseline 0 -18"><span class='ocrx_word' id='word_1_295' title='bbox 306 2307 508 2373; x_wconf 79' lang='grc' dir='ltr'>Πολλὰ,</span> <span class='ocrx_word' id='word_1_296' title='bbox 551 2306 884 2379; x_wconf 49' lang='lat' dir='ltr'><strong>mensium</strong></span> <span class='ocrx_word' id='word_1_297' title='bbox 906 2310 956 2363; x_wconf 88' lang='grc' dir='ltr'><strong>οί</strong></span> <span class='ocrx_word' id='word_1_298' title='bbox 1001 2309 1281 2380; x_wconf 83' lang='grc' dir='ltr'>προφῆται</span> <span class='ocrx_word' id='word_1_299' title='bbox 1343 2307 1612 2375; x_wconf 84' lang='grc' dir='ltr'>γίνεσθαι,</span> <span class='ocrx_word' id='word_1_300' title='bbox 1652 2307 1687 2362; x_wconf 78' lang='grc' dir='ltr'>ἃ</span> <span class='ocrx_word' id='word_1_301' title='bbox 1735 2306 1890 2362; x_wconf 71' lang='grc' dir='ltr'>οὔπω</span> 
     </span>
    </p>
   </div>
   <div class='ocr_carea' id='block_1_41' title="bbox 308 2401 1890 2474">
    <p class='ocr_par' dir='ltr' id='par_1_41' title="bbox 308 2401 1890 2474">
     <span class='ocr_line' id='line_1_41' title="bbox 308 2401 1890 2474; baseline -0.002 -18"><span class='ocrx_word' id='word_1_302' title='bbox 308 2401 496 2456; x_wconf 78' lang='grc' dir='ltr'>Πάντα</span> <span class='ocrx_word' id='word_1_303' title='bbox 545 2402 911 2474; x_wconf 81' lang='grc' dir='ltr'>πεπλήρωται</span> <span class='ocrx_word' id='word_1_304' title='bbox 938 2417 951 2431; x_wconf 82' lang='grc'><strong><em>⁸</em></strong></span> <span class='ocrx_word' id='word_1_305' title='bbox 978 2402 1094 2457; x_wconf 77' lang='grc' dir='ltr'>ἀλλ’</span> <span class='ocrx_word' id='word_1_306' title='bbox 1119 2401 1202 2456; x_wconf 77' lang='grc' dir='ltr'>ἔτι</span> <span class='ocrx_word' id='word_1_307' title='bbox 1237 2402 1479 2471; x_wconf 76' lang='grc' dir='ltr'>γίνονται</span> <span class='ocrx_word' id='word_1_308' title='bbox 1509 2401 1604 2454; x_wconf 75' lang='grc' dir='ltr'>καὶ</span> <span class='ocrx_word' id='word_1_309' title='bbox 1632 2401 1890 2471; x_wconf 82' lang='grc' dir='ltr'>γενήσον-</span> 
     </span>
    </p>
   </div>
   <div class='ocr_carea' id='block_1_42' title="bbox 306 2487 1889 2560">
    <p class='ocr_par' dir='ltr' id='par_1_42' title="bbox 306 2487 1889 2560">
     <span class='ocr_line' id='line_1_42' title="bbox 306 2487 1889 2560; baseline 0.002 -20"><span class='ocrx_word' id='word_1_310' title='bbox 306 2505 396 2541; x_wconf 73' lang='grc' dir='ltr'><strong>ται</strong></span> <span class='ocrx_word' id='word_1_311' title='bbox 422 2487 527 2553; x_wconf 73' lang='grc' dir='ltr'>ἕως</span> <span class='ocrx_word' id='word_1_312' title='bbox 556 2489 657 2558; x_wconf 83' lang='grc' dir='ltr'>τῆς</span> <span class='ocrx_word' id='word_1_313' title='bbox 683 2489 1016 2553; x_wconf 77' lang='grc' dir='ltr'>συντελείας.</span> <span class='ocrx_word' id='word_1_314' title='bbox 1058 2489 1418 2560; x_wconf 64' lang='grc' dir='ltr'>Ἀναληιξθεὶς</span> <span class='ocrx_word' id='word_1_315' title='bbox 1451 2490 1558 2559; x_wconf 84' lang='grc' dir='ltr'><strong>γὰρ</strong></span> <span class='ocrx_word' id='word_1_316' title='bbox 1593 2491 1621 2543; x_wconf 88' lang='grc' dir='ltr'>ὁ</span> <span class='ocrx_word' id='word_1_317' title='bbox 1652 2489 1889 2559; x_wconf 74' lang='grc' dir='ltr'>Χριστὸς</span> 
     </span>
    </p>
   </div>
   <div class='ocr_carea' id='block_1_43' title="bbox 306 2579 1893 2652">
    <p class='ocr_par' dir='ltr' id='par_1_43' title="bbox 306 2579 1893 2652">
     <span class='ocr_line' id='line_1_43' title="bbox 306 2579 1893 2652; baseline 0.002 -20"><span class='ocrx_word' id='word_1_318' title='bbox 306 2579 386 2642; x_wconf 82' lang='grc' dir='ltr'><strong>εἰς</strong></span> <span class='ocrx_word' id='word_1_319' title='bbox 416 2580 703 2650; x_wconf 69' lang='grc' dir='ltr'>οὐρανοὺς,</span> <span class='ocrx_word' id='word_1_320' title='bbox 740 2580 895 2652; x_wconf 81' lang='grc' dir='ltr'>μένει</span> <span class='ocrx_word' id='word_1_321' title='bbox 927 2582 1046 2635; x_wconf 84' lang='grc' dir='ltr'>ἐκεῖ</span> <span class='ocrx_word' id='word_1_322' title='bbox 1072 2580 1176 2645; x_wconf 76' lang='grc' dir='ltr'>ἕως</span> <span class='ocrx_word' id='word_1_323' title='bbox 1204 2581 1300 2650; x_wconf 80' lang='grc' dir='ltr'>τῆς</span> <span class='ocrx_word' id='word_1_324' title='bbox 1336 2580 1429 2634; x_wconf 76' lang='grc' dir='ltr'>τοῦ</span> <span class='ocrx_word' id='word_1_325' title='bbox 1464 2581 1671 2651; x_wconf 76' lang='grc' dir='ltr'>κόσμου</span> <span class='ocrx_word' id='word_1_326' title='bbox 1705 2598 1893 2635; x_wconf 85' lang='grc' dir='ltr'>συντε-</span> 
     </span>
    </p>
   </div>
   <div class='ocr_carea' id='block_1_44' title="bbox 305 2670 1891 2744">
    <p class='ocr_par' dir='ltr' id='par_1_44' title="bbox 305 2670 1891 2744">
     <span class='ocr_line' id='line_1_44' title="bbox 305 2670 1891 2744; baseline 0.003 -20"><span class='ocrx_word' id='word_1_327' title='bbox 305 2670 478 2736; x_wconf 73' lang='grc' dir='ltr'>λείας,</span> <span class='ocrx_word' id='word_1_328' title='bbox 531 2674 888 2744; x_wconf 78' lang='grc' dir='ltr'>ὲλευσόμενος</span> <span class='ocrx_word' id='word_1_329' title='bbox 919 2674 1042 2728; x_wconf 83' lang='grc' dir='ltr'>τότε</span> <span class='ocrx_word' id='word_1_330' title='bbox 1074 2673 1215 2744; x_wconf 84' lang='grc' dir='ltr'>μετὰ</span> <span class='ocrx_word' id='word_1_331' title='bbox 1259 2674 1568 2744; x_wconf 75' lang='grc' dir='ltr'>δυνάμεως,</span> <span class='ocrx_word' id='word_1_332' title='bbox 1606 2676 1891 2728; x_wconf 82' lang='grc' dir='ltr'>ἀποκατα-</span> 
     </span>
    </p>
   </div>
   <div class='ocr_carea' id='block_1_45' title="bbox 307 2761 1890 2841">
    <p class='ocr_par' dir='ltr' id='par_1_45' title="bbox 307 2761 1890 2841">
     <span class='ocr_line' id='line_1_45' title="bbox 307 2761 1890 2841; baseline -0.001 -22"><span class='ocrx_word' id='word_1_333' title='bbox 307 2767 550 2821; x_wconf 75' lang='grc' dir='ltr'>στᾰντων</span> <span class='ocrx_word' id='word_1_334' title='bbox 572 2765 791 2820; x_wconf 73' lang='grc' dir='ltr'>πάντων</span> <span class='ocrx_word' id='word_1_335' title='bbox 821 2765 1008 2821; x_wconf 77' lang='grc' dir='ltr'>λοιπὸν</span> <span class='ocrx_word' id='word_1_336' title='bbox 1044 2761 1120 2823; x_wconf 80' lang='grc' dir='ltr'>ὧν</span> <span class='ocrx_word' id='word_1_337' title='bbox 1140 2765 1549 2841; x_wconf 80' lang='grc' dir='ltr'>προεθέσπισαν</span> <span class='ocrx_word' id='word_1_338' title='bbox 1583 2767 1634 2820; x_wconf 77' lang='grc' dir='ltr'>οἱ</span> <span class='ocrx_word' id='word_1_339' title='bbox 1669 2766 1890 2837; x_wconf 81' lang='grc' dir='ltr'>προφῆ-</span> 
     </span>
    </p>
   </div>
   <div class='ocr_carea' id='block_1_46' title="bbox 304 2855 1893 2926">
    <p class='ocr_par' dir='ltr' id='par_1_46' title="bbox 304 2855 1893 2926">
     <span class='ocr_line' id='line_1_46' title="bbox 304 2855 1893 2926; baseline 0 -17"><span class='ocrx_word' id='word_1_340' title='bbox 304 2872 426 2911; x_wconf 83' lang='grc' dir='ltr'>ται·</span> <span class='ocrx_word' id='word_1_341' title='bbox 478 2856 600 2924; x_wconf 73' lang='grc' dir='ltr'>ἦτοι</span> <span class='ocrx_word' id='word_1_342' title='bbox 650 2857 779 2925; x_wconf 79' lang='grc' dir='ltr'>ὅταν</span> <span class='ocrx_word' id='word_1_343' title='bbox 819 2857 881 2910; x_wconf 83' lang='grc' dir='ltr'>τὸ</span> <span class='ocrx_word' id='word_1_344' title='bbox 916 2856 1068 2919; x_wconf 80' lang='grc' dir='ltr'>τέλος</span> <span class='ocrx_word' id='word_1_345' title='bbox 1125 2858 1310 2926; x_wconf 75' lang='grc' dir='ltr'>ἐνστῇ,</span> <span class='ocrx_word' id='word_1_346' title='bbox 1348 2857 1444 2908; x_wconf 77' lang='grc' dir='ltr'>καὶ</span> <span class='ocrx_word' id='word_1_347' title='bbox 1492 2855 1771 2926; x_wconf 81' lang='grc' dir='ltr'>παύσηται</span> <span class='ocrx_word' id='word_1_348' title='bbox 1824 2856 1893 2909; x_wconf 80' lang='grc' dir='ltr'><strong>τὰ</strong></span> 
     </span>
    </p>
   </div>
   <div class='ocr_carea' id='block_1_47' title="bbox 307 2946 1895 3021">
    <p class='ocr_par' dir='ltr' id='par_1_47' title="bbox 307 2946 1895 3021">
     <span class='ocr_line' id='line_1_47' title="bbox 307 2946 1895 3021; baseline -0.003 -18"><span class='ocrx_word' id='word_1_349' title='bbox 307 2949 564 3018; x_wconf 71' lang='grc' dir='ltr'>αἰσθητὰ,</span> <span class='ocrx_word' id='word_1_350' title='bbox 591 2949 714 3002; x_wconf 82' lang='grc' dir='ltr'>τότε</span> <span class='ocrx_word' id='word_1_351' title='bbox 741 2951 771 3002; x_wconf 85' lang='grc' dir='ltr'>ὁ</span> <span class='ocrx_word' id='word_1_352' title='bbox 804 2949 1039 3021; x_wconf 74' lang='grc' dir='ltr'>Χριστὸς</span> <span class='ocrx_word' id='word_1_353' title='bbox 1059 2947 1212 3003; x_wconf 78' lang='grc' dir='ltr'>ἔσται</span> <span class='ocrx_word' id='word_1_354' title='bbox 1268 2947 1378 3001; x_wconf 84' lang='grc' dir='ltr'><strong>τῶν</strong></span> <span class='ocrx_word' id='word_1_355' title='bbox 1416 2947 1666 3018; x_wconf 77' lang='grc' dir='ltr'>οὐρανῶν</span> <span class='ocrx_word' id='word_1_356' title='bbox 1693 2946 1895 3017; x_wconf 66' lang='grc' dir='ltr'>ὑψηλό-</span> 
     </span>
    </p>
   </div>
   <div class='ocr_carea' id='block_1_48' title="bbox 306 3059 485 3111">
    <p class='ocr_par' dir='ltr' id='par_1_48' title="bbox 306 3059 485 3111">
     <span class='ocr_line' id='line_1_48' title="bbox 306 3059 485 3111; baseline 0.011 -17"><span class='ocrx_word' id='word_1_357' title='bbox 306 3059 485 3111; x_wconf 84' lang='grc' dir='ltr'>τερος.</span> 
     </span>
    </p>
   </div>
   <div class='ocr_carea' id='block_1_49' title="bbox 307 3127 2480 3208">
    <p class='ocr_par' dir='ltr' id='par_1_49' title="bbox 307 3127 2480 3208">
     <span class='ocr_line' id='line_1_49' title="bbox 307 3127 2480 3208; baseline -0.006 -15"><span class='ocrx_word' id='word_1_358' title='bbox 307 3137 382 3193; x_wconf 85' lang='lat' dir='ltr'><strong>tia</strong></span> <span class='ocrx_word' id='word_1_359' title='bbox 425 3137 693 3207; x_wconf 85' lang='lat' dir='ltr'><strong>propositi</strong></span> <span class='ocrx_word' id='word_1_360' title='bbox 734 3136 839 3191; x_wconf 89' lang='lat' dir='ltr'><strong>loci</strong></span> <span class='ocrx_word' id='word_1_361' title='bbox 874 3154 887 3190; x_wconf 90' lang='lat'><strong>:</strong></span> <span class='ocrx_word' id='word_1_362' title='bbox 928 3134 1118 3200; x_wconf 82' lang='lat' dir='ltr'><strong>Multa,</strong></span> <span class='ocrx_word' id='word_1_363' title='bbox 1174 3135 1376 3206; x_wconf 91' lang='lat' dir='ltr'><strong>inquit,</strong></span> <span class='ocrx_word' id='word_1_364' title='bbox 1425 3136 1705 3208; x_wconf 67' lang='lat' dir='ltr'><strong>prephetaa</strong></span> <span class='ocrx_word' id='word_1_365' title='bbox 1746 3134 2003 3189; x_wconf 79' lang='lat' dir='ltr'><strong>dixerunt</strong></span> <span class='ocrx_word' id='word_1_366' title='bbox 2033 3144 2157 3185; x_wconf 89' lang='lat' dir='ltr'><strong>esse</strong></span> <span class='ocrx_word' id='word_1_367' title='bbox 2220 3127 2405 3182; x_wconf 77' lang='lat' dir='ltr'><strong>futura</strong></span> <span class='ocrx_word' id='word_1_368' title='bbox 2465 3144 2480 3180; x_wconf 90' lang='lat'><strong>:</strong></span> 
     </span>
    </p>
   </div>
   <div class='ocr_carea' id='block_1_50' title="bbox 1999 1930 3574 2003">
    <p class='ocr_par' dir='ltr' id='par_1_50' title="bbox 1999 1930 3574 2003">
     <span class='ocr_line' id='line_1_50' title="bbox 1999 1930 3574 2003; baseline 0.004 -19"><span class='ocrx_word' id='word_1_369' title='bbox 1999 1930 2142 1986; x_wconf 86' lang='lat' dir='ltr'><strong>Deus</strong></span> <span class='ocrx_word' id='word_1_370' title='bbox 2173 1931 2267 1996; x_wconf 87' lang='lat' dir='ltr'><strong>sit,</strong></span> <span class='ocrx_word' id='word_1_371' title='bbox 2298 1940 2354 1986; x_wconf 91' lang='lat' dir='ltr'><strong>et</strong></span> <span class='ocrx_word' id='word_1_372' title='bbox 2396 1945 2502 1985; x_wconf 87' lang='lat' dir='ltr'><strong>una</strong></span> <span class='ocrx_word' id='word_1_373' title='bbox 2534 1947 2658 1987; x_wconf 88' lang='lat' dir='ltr'><strong>cum</strong></span> <span class='ocrx_word' id='word_1_374' title='bbox 2706 1931 2869 1988; x_wconf 84' lang='lat' dir='ltr'><strong>Patre</strong></span> <span class='ocrx_word' id='word_1_375' title='bbox 2899 1947 3116 2003; x_wconf 83' lang='lat' dir='ltr'><strong>semper</strong></span> <span class='ocrx_word' id='word_1_376' title='bbox 3144 1934 3341 1989; x_wconf 84' lang='lat' dir='ltr'><strong>debeat</strong></span> <span class='ocrx_word' id='word_1_377' title='bbox 3361 1935 3574 1990; x_wconf 88' lang='lat' dir='ltr'><strong>sedere.</strong></span> 
     </span>
    </p>
   </div>
   <div class='ocr_carea' id='block_1_51' title="bbox 1995 2021 3583 2095">
    <p class='ocr_par' dir='ltr' id='par_1_51' title="bbox 1995 2021 3583 2095">
     <span class='ocr_line' id='line_1_51' title="bbox 1995 2021 3583 2095; baseline 0.002 -20"><span class='ocrx_word' id='word_1_378' title='bbox 1995 2021 2165 2087; x_wconf 82' lang='lat' dir='ltr'><strong>Quem</strong></span> <span class='ocrx_word' id='word_1_379' title='bbox 2187 2028 2403 2090; x_wconf 88' lang='lat' dir='ltr'><strong>oportet</strong></span> <span class='ocrx_word' id='word_1_380' title='bbox 2431 2021 2635 2078; x_wconf 76' lang='lat' dir='ltr'><strong>ctelum</strong></span> <span class='ocrx_word' id='word_1_381' title='bbox 2666 2023 2888 2094; x_wconf 88' lang='lat' dir='ltr'><strong>quidem</strong></span> <span class='ocrx_word' id='word_1_382' title='bbox 2910 2038 3111 2094; x_wconf 90' lang='lat' dir='ltr'><strong>capere</strong></span> <span class='ocrx_word' id='word_1_383' title='bbox 3141 2040 3314 2095; x_wconf 90' lang='lat' dir='ltr'><strong>usque</strong></span> <span class='ocrx_word' id='word_1_384' title='bbox 3343 2023 3410 2079; x_wconf 85' lang='lat' dir='ltr'><strong>ad</strong></span> <span class='ocrx_word' id='word_1_385' title='bbox 3441 2034 3583 2079; x_wconf 87' lang='lat' dir='ltr'><strong>tem-</strong></span> 
     </span>
    </p>
   </div>
   <div class='ocr_carea' id='block_1_52' title="bbox 1992 2112 3584 2192">
    <p class='ocr_par' dir='ltr' id='par_1_52' title="bbox 1992 2112 3584 2192">
     <span class='ocr_line' id='line_1_52' title="bbox 1992 2112 3584 2192; baseline 0.003 -25"><span class='ocrx_word' id='word_1_386' title='bbox 1992 2128 2148 2183; x_wconf 89' lang='lat' dir='ltr'><strong>pora.</strong></span> <span class='ocrx_word' id='word_1_387' title='bbox 2184 2112 2418 2168; x_wconf 84' lang='lat' dir='ltr'><strong>Causam</strong></span> <span class='ocrx_word' id='word_1_388' title='bbox 2453 2112 2718 2180; x_wconf 88' lang='lat' dir='ltr'><strong>declarat,</strong></span> <span class='ocrx_word' id='word_1_389' title='bbox 2753 2128 2852 2192; x_wconf 82' lang='lat' dir='ltr'><strong>cur</strong></span> <span class='ocrx_word' id='word_1_390' title='bbox 2891 2130 3038 2170; x_wconf 91' lang='lat' dir='ltr'><strong>nunc</strong></span> <span class='ocrx_word' id='word_1_391' title='bbox 3070 2131 3179 2171; x_wconf 92' lang='lat' dir='ltr'><strong>non</strong></span> <span class='ocrx_word' id='word_1_392' title='bbox 3218 2117 3439 2171; x_wconf 79' lang='lat' dir='ltr'><strong>veniat:</strong></span> <span class='ocrx_word' id='word_1_393' title='bbox 3476 2116 3584 2172; x_wconf 79' lang='lat' dir='ltr'><strong>Re-</strong></span> 
     </span>
    </p>
   </div>
   <div class='ocr_carea' id='block_1_53' title="bbox 1993 2206 3583 2278">
    <p class='ocr_par' dir='ltr' id='par_1_53' title="bbox 1993 2206 3583 2278">
     <span class='ocr_line' id='line_1_53' title="bbox 1993 2206 3583 2278; baseline 0.001 -16"><span class='ocrx_word' id='word_1_394' title='bbox 1993 2206 2169 2274; x_wconf 90' lang='lat' dir='ltr'><strong>stitui,</strong></span> <span class='ocrx_word' id='word_1_395' title='bbox 2205 2207 2406 2276; x_wconf 91' lang='lat' dir='ltr'><strong>inquit,</strong></span> <span class='ocrx_word' id='word_1_396' title='bbox 2437 2215 2671 2278; x_wconf 85' lang='lat' dir='ltr'><strong>oportet,</strong></span> <span class='ocrx_word' id='word_1_397' title='bbox 2695 2218 2751 2262; x_wconf 90' lang='lat' dir='ltr'><strong>et</strong></span> <span class='ocrx_word' id='word_1_398' title='bbox 2777 2207 2843 2263; x_wconf 90' lang='lat' dir='ltr'><strong>ad</strong></span> <span class='ocrx_word' id='word_1_399' title='bbox 2864 2207 3026 2262; x_wconf 81' lang='lat' dir='ltr'><strong>ﬁnem</strong></span> <span class='ocrx_word' id='word_1_400' title='bbox 3054 2209 3280 2278; x_wconf 90' lang='lat' dir='ltr'><strong>perduci</strong></span> <span class='ocrx_word' id='word_1_401' title='bbox 3305 2209 3583 2271; x_wconf 86' lang='lat' dir='ltr'><strong>universa.</strong></span> 
     </span>
    </p>
   </div>
   <div class='ocr_carea' id='block_1_54' title="bbox 1993 2297 3583 2371">
    <p class='ocr_par' dir='ltr' id='par_1_54' title="bbox 1993 2297 3583 2371">
     <span class='ocr_line' id='line_1_54' title="bbox 1993 2297 3583 2371; baseline 0.001 -17"><span class='ocrx_word' id='word_1_402' title='bbox 1993 2307 2048 2354; x_wconf 86' lang='lat' dir='ltr'><strong>et</strong></span> <span class='ocrx_word' id='word_1_403' title='bbox 2083 2307 2215 2353; x_wconf 87' lang='lat' dir='ltr'><strong>tunc</strong></span> <span class='ocrx_word' id='word_1_404' title='bbox 2249 2298 2451 2353; x_wconf 80' lang='lat' dir='ltr'><strong>veniet.</strong></span> <span class='ocrx_word' id='word_1_405' title='bbox 2490 2297 2598 2354; x_wconf 81' lang='lat' dir='ltr'><strong>Sed</strong></span> <span class='ocrx_word' id='word_1_406' title='bbox 2623 2312 2735 2368; x_wconf 92' lang='lat' dir='ltr'><strong>quo</strong></span> <span class='ocrx_word' id='word_1_407' title='bbox 2770 2300 2956 2363; x_wconf 89' lang='lat' dir='ltr'><strong>modo,</strong></span> <span class='ocrx_word' id='word_1_408' title='bbox 2994 2315 3162 2371; x_wconf 87' lang='lat' dir='ltr'><strong>supra</strong></span> <span class='ocrx_word' id='word_1_409' title='bbox 3194 2300 3333 2355; x_wconf 91' lang='lat' dir='ltr'><strong>dicit</strong></span> <span class='ocrx_word' id='word_1_410' title='bbox 3367 2320 3380 2355; x_wconf 91' lang='lat'>:</span> <span class='ocrx_word' id='word_1_411' title='bbox 3409 2301 3583 2368; x_wconf 87' lang='lat' dir='ltr'><strong>Quem</strong></span> 
     </span>
    </p>
   </div>
   <div class='ocr_carea' id='block_1_55' title="bbox 1992 2389 3585 2462">
    <p class='ocr_par' dir='ltr' id='par_1_55' title="bbox 1992 2389 3585 2462">
     <span class='ocr_line' id='line_1_55' title="bbox 1992 2389 3585 2462; baseline 0.001 -17"><span class='ocrx_word' id='word_1_412' title='bbox 1992 2399 2209 2460; x_wconf 89' lang='lat' dir='ltr'><strong>oportet</strong></span> <span class='ocrx_word' id='word_1_413' title='bbox 2237 2389 2441 2444; x_wconf 67' lang='lat' dir='ltr'><strong>caelum</strong></span> <span class='ocrx_word' id='word_1_414' title='bbox 2469 2390 2693 2460; x_wconf 85' lang='lat' dir='ltr'><strong>quidem</strong></span> <span class='ocrx_word' id='word_1_415' title='bbox 2725 2407 2943 2460; x_wconf 82' lang='lat' dir='ltr'><strong>capere.</strong></span> <span class='ocrx_word' id='word_1_416' title='bbox 2972 2392 3053 2446; x_wconf 79' lang='lat' dir='ltr'><strong>An</strong></span> <span class='ocrx_word' id='word_1_417' title='bbox 3086 2392 3330 2447; x_wconf 88' lang='lat' dir='ltr'><strong>nondum</strong></span> <span class='ocrx_word' id='word_1_418' title='bbox 3364 2406 3585 2462; x_wconf 90' lang='lat' dir='ltr'><strong>recepe-</strong></span> 
     </span>
    </p>
   </div>
   <div class='ocr_carea' id='block_1_56' title="bbox 1991 2481 3585 2555">
    <p class='ocr_par' dir='ltr' id='par_1_56' title="bbox 1991 2481 3585 2555">
     <span class='ocr_line' id='line_1_56' title="bbox 1991 2481 3585 2555; baseline 0.001 -19"><span class='ocrx_word' id='word_1_419' title='bbox 1991 2492 2083 2536; x_wconf 88' lang='lat' dir='ltr'><strong>rat</strong></span> <span class='ocrx_word' id='word_1_420' title='bbox 2129 2482 2294 2537; x_wconf 85' lang='lat' dir='ltr'><strong>eum?</strong></span> <span class='ocrx_word' id='word_1_421' title='bbox 2340 2481 2597 2538; x_wconf 76' lang='lat' dir='ltr'><strong>Maxime.</strong></span> <span class='ocrx_word' id='word_1_422' title='bbox 2650 2483 2756 2549; x_wconf 84' lang='lat' dir='ltr'><strong>Qui</strong></span> <span class='ocrx_word' id='word_1_423' title='bbox 2805 2482 2864 2538; x_wconf 80' lang='lat' dir='ltr'><strong>ﬁt</strong></span> <span class='ocrx_word' id='word_1_424' title='bbox 2899 2485 3087 2555; x_wconf 77' lang='lat' dir='ltr'><strong>igitur,</strong></span> <span class='ocrx_word' id='word_1_425' title='bbox 3135 2495 3194 2540; x_wconf 90' lang='lat' dir='ltr'><strong>ut</strong></span> <span class='ocrx_word' id='word_1_426' title='bbox 3238 2500 3347 2540; x_wconf 91' lang='lat' dir='ltr'><strong>non</strong></span> <span class='ocrx_word' id='word_1_427' title='bbox 3387 2485 3585 2540; x_wconf 87' lang='lat' dir='ltr'><strong>dicat:</strong></span> 
     </span>
    </p>
   </div>
   <div class='ocr_carea' id='block_1_57' title="bbox 1994 2574 3587 2647">
    <p class='ocr_par' dir='ltr' id='par_1_57' title="bbox 1994 2574 3587 2647">
     <span class='ocr_line' id='line_1_57' title="bbox 1994 2574 3587 2647; baseline 0.001 -19"><span class='ocrx_word' id='word_1_428' title='bbox 1994 2591 2156 2645; x_wconf 90' lang='lat' dir='ltr'><strong>quem</strong></span> <span class='ocrx_word' id='word_1_429' title='bbox 2183 2577 2382 2631; x_wconf 68' lang='lat' dir='ltr'><strong>malum</strong></span> <span class='ocrx_word' id='word_1_430' title='bbox 2416 2574 2666 2647; x_wconf 77' lang='lat' dir='ltr'><strong>recepit?</strong></span> <span class='ocrx_word' id='word_1_431' title='bbox 2703 2577 2846 2641; x_wconf 87' lang='lat' dir='ltr'><strong>Hoc,</strong></span> <span class='ocrx_word' id='word_1_432' title='bbox 2880 2586 3142 2646; x_wconf 88' lang='lat' dir='ltr'><strong>tanquam</strong></span> <span class='ocrx_word' id='word_1_433' title='bbox 3183 2577 3252 2633; x_wconf 90' lang='lat' dir='ltr'><strong>de</strong></span> <span class='ocrx_word' id='word_1_434' title='bbox 3282 2576 3587 2646; x_wconf 86' lang='lat' dir='ltr'><strong>superiori-</strong></span> 
     </span>
    </p>
   </div>
   <div class='ocr_carea' id='block_1_58' title="bbox 1995 2668 3584 2739">
    <p class='ocr_par' dir='ltr' id='par_1_58' title="bbox 1995 2668 3584 2739">
     <span class='ocr_line' id='line_1_58' title="bbox 1995 2668 3584 2739; baseline 0 -14"><span class='ocrx_word' id='word_1_435' title='bbox 1995 2669 2100 2725; x_wconf 91' lang='lat' dir='ltr'><strong>bus</strong></span> <span class='ocrx_word' id='word_1_436' title='bbox 2132 2668 2474 2739; x_wconf 88' lang='lat' dir='ltr'><strong>temporibus</strong></span> <span class='ocrx_word' id='word_1_437' title='bbox 2530 2669 2698 2724; x_wconf 81' lang='lat' dir='ltr'><strong>verba</strong></span> <span class='ocrx_word' id='word_1_438' title='bbox 2749 2669 2983 2736; x_wconf 79' lang='lat' dir='ltr'><strong>faciens,</strong></span> <span class='ocrx_word' id='word_1_439' title='bbox 3014 2669 3168 2724; x_wconf 88' lang='lat' dir='ltr'><strong>dicit.</strong></span> <span class='ocrx_word' id='word_1_440' title='bbox 3212 2670 3283 2723; x_wconf 84' lang='lat' dir='ltr'><strong>At.</strong></span> <span class='ocrx_word' id='word_1_441' title='bbox 3311 2669 3584 2725; x_wconf 82' lang='lat' dir='ltr'><strong>dictiones</strong></span> 
     </span>
    </p>
   </div>
   <div class='ocr_carea' id='block_1_59' title="bbox 1996 2758 3583 2835">
    <p class='ocr_par' dir='ltr' id='par_1_59' title="bbox 1996 2758 3583 2835">
     <span class='ocr_line' id='line_1_59' title="bbox 1996 2758 3583 2835; baseline -0.003 -17"><span class='ocrx_word' id='word_1_442' title='bbox 1996 2763 2146 2835; x_wconf 72' lang='grc' dir='ltr'>ἄχρι,</span> <span class='ocrx_word' id='word_1_443' title='bbox 2178 2763 2229 2817; x_wconf 90' lang='lat' dir='ltr'><strong>id</strong></span> <span class='ocrx_word' id='word_1_444' title='bbox 2265 2771 2538 2831; x_wconf 81' lang='lat' dir='ltr'><strong>estusque</strong></span> <span class='ocrx_word' id='word_1_445' title='bbox 2569 2762 2662 2826; x_wconf 87' lang='lat' dir='ltr'><strong>ad,</strong></span> <span class='ocrx_word' id='word_1_446' title='bbox 2700 2760 2827 2826; x_wconf 74' lang='grc' dir='ltr'>ἕως,</span> <span class='ocrx_word' id='word_1_447' title='bbox 2872 2760 2926 2815; x_wconf 93' lang='lat' dir='ltr'><strong>id</strong></span> <span class='ocrx_word' id='word_1_448' title='bbox 2957 2770 3043 2815; x_wconf 87' lang='lat' dir='ltr'><strong>est</strong></span> <span class='ocrx_word' id='word_1_449' title='bbox 3071 2761 3259 2825; x_wconf 85' lang='lat' dir='ltr'><strong>donec,</strong></span> <span class='ocrx_word' id='word_1_450' title='bbox 3308 2760 3362 2813; x_wconf 93' lang='lat' dir='ltr'><strong>in</strong></span> <span class='ocrx_word' id='word_1_451' title='bbox 3399 2758 3583 2814; x_wconf 79' lang='lat' dir='ltr'><strong>divina</strong></span> 
     </span>
    </p>
   </div>
   <div class='ocr_carea' id='block_1_60' title="bbox 1998 2851 3572 2925">
    <p class='ocr_par' dir='ltr' id='par_1_60' title="bbox 1998 2851 3572 2925">
     <span class='ocr_line' id='line_1_60' title="bbox 1998 2851 3572 2925; baseline -0.005 -15"><span class='ocrx_word' id='word_1_452' title='bbox 1998 2854 2286 2925; x_wconf 89' lang='lat' dir='ltr'><strong>Scriptura</strong></span> <span class='ocrx_word' id='word_1_453' title='bbox 2346 2854 2485 2909; x_wconf 88' lang='lat' dir='ltr'><strong>certi</strong></span> <span class='ocrx_word' id='word_1_454' title='bbox 2545 2852 2809 2920; x_wconf 85' lang='lat' dir='ltr'><strong>temporis</strong></span> <span class='ocrx_word' id='word_1_455' title='bbox 2846 2851 3223 2923; x_wconf 64' lang='lat' dir='ltr'><strong>signiﬁcativaa</strong></span> <span class='ocrx_word' id='word_1_456' title='bbox 3279 2866 3389 2907; x_wconf 91' lang='lat' dir='ltr'><strong>non</strong></span> <span class='ocrx_word' id='word_1_457' title='bbox 3424 2860 3572 2907; x_wconf 85' lang='lat' dir='ltr'><strong>sunt.</strong></span> 
     </span>
    </p>
   </div>
   <div class='ocr_carea' id='block_1_61' title="bbox 1994 2940 3580 3013">
    <p class='ocr_par' dir='ltr' id='par_1_61' title="bbox 1994 2940 3580 3013">
     <span class='ocr_line' id='line_1_61' title="bbox 1994 2940 3580 3013; baseline -0.003 -15"><span class='ocrx_word' id='word_1_458' title='bbox 1994 2943 2132 2998; x_wconf 81' lang='lat' dir='ltr'><strong>Nam</strong></span> <span class='ocrx_word' id='word_1_459' title='bbox 2188 2943 2282 3013; x_wconf 91' lang='lat' dir='ltr'><strong>qni</strong></span> <span class='ocrx_word' id='word_1_460' title='bbox 2341 2942 2756 3012; x_wconf 76' lang='lat' dir='ltr'><strong>intelligendum</strong></span> <span class='ocrx_word' id='word_1_461' title='bbox 2817 2941 2979 2996; x_wconf 83' lang='lat' dir='ltr'><strong>fuerit</strong></span> <span class='ocrx_word' id='word_1_462' title='bbox 3046 2940 3182 2995; x_wconf 91' lang='lat' dir='ltr'><strong>illud</strong></span> <span class='ocrx_word' id='word_1_463' title='bbox 3252 2941 3462 2996; x_wconf 85' lang='lat' dir='ltr'><strong>dictum</strong></span> <span class='ocrx_word' id='word_1_464' title='bbox 3513 2941 3580 2994; x_wconf 87' lang='lat' dir='ltr'><strong>ad</strong></span> 
     </span>
    </p>
   </div>
   <div class='ocr_carea' id='block_1_62' title="bbox 1999 3029 3590 3102">
    <p class='ocr_par' dir='ltr' id='par_1_62' title="bbox 1999 3029 3590 3102">
     <span class='ocr_line' id='line_1_62' title="bbox 1999 3029 3590 3102; baseline -0.006 -13"><span class='ocrx_word' id='word_1_465' title='bbox 1999 3034 2207 3089; x_wconf 85' lang='lat' dir='ltr'><strong>Deum:</strong></span> <span class='ocrx_word' id='word_1_466' title='bbox 2237 3030 2424 3102; x_wconf 83' lang='lat' dir='ltr'><strong>Usque</strong></span> <span class='ocrx_word' id='word_1_467' title='bbox 2450 3032 2504 3087; x_wconf 92' lang='lat' dir='ltr'><strong>in</strong></span> <span class='ocrx_word' id='word_1_468' title='bbox 2532 3029 2793 3087; x_wconf 64' lang='lat' dir='ltr'><strong>saeculum</strong></span> <span class='ocrx_word' id='word_1_469' title='bbox 2829 3040 2889 3084; x_wconf 90' lang='lat' dir='ltr'><strong>tu</strong></span> <span class='ocrx_word' id='word_1_470' title='bbox 2919 3029 3020 3085; x_wconf 83' lang='lat' dir='ltr'><strong>es?</strong></span> <span class='ocrx_word' id='word_1_471' title='bbox 3049 3029 3144 3085; x_wconf 87' lang='lat' dir='ltr'><strong>Est</strong></span> <span class='ocrx_word' id='word_1_472' title='bbox 3177 3029 3342 3099; x_wconf 84' lang='lat' dir='ltr'><strong>igitur</strong></span> <span class='ocrx_word' id='word_1_473' title='bbox 3370 3038 3590 3084; x_wconf 83' lang='lat' dir='ltr'><strong>sentcn—</strong></span> 
     </span>
    </p>
   </div>
   <div class='ocr_carea' id='block_1_63' title="bbox 2551 3122 3589 3196">
    <p class='ocr_par' dir='ltr' id='par_1_63' title="bbox 2551 3122 3589 3196">
     <span class='ocr_line' id='line_1_63' title="bbox 2551 3122 3589 3196; baseline -0.006 -18"><span class='ocrx_word' id='word_1_474' title='bbox 2551 3139 2674 3196; x_wconf 71' lang='lat' dir='ltr'><strong>qua:</strong></span> <span class='ocrx_word' id='word_1_475' title='bbox 2729 3123 2977 3178; x_wconf 88' lang='lat' dir='ltr'><strong>nondum</strong></span> <span class='ocrx_word' id='word_1_476' title='bbox 3034 3122 3219 3180; x_wconf 89' lang='lat' dir='ltr'><strong>omnia</strong></span> <span class='ocrx_word' id='word_1_477' title='bbox 3289 3135 3589 3180; x_wconf 75' lang='lat' dir='ltr'><strong>evenerunt</strong></span> 
     </span>
    </p>
   </div>
   <div class='ocr_carea' id='block_1_64' title="bbox 306 3212 3580 3301">
    <p class='ocr_par' dir='ltr' id='par_1_64' title="bbox 306 3212 3580 3301">
     <span class='ocr_line' id='line_1_64' title="bbox 306 3212 3580 3301; baseline -0.006 -15"><span class='ocrx_word' id='word_1_478' title='bbox 306 3241 361 3286; x_wconf 87' lang='lat' dir='ltr'><strong>et</strong></span> <span class='ocrx_word' id='word_1_479' title='bbox 419 3230 641 3301; x_wconf 88' lang='lat' dir='ltr'><strong>impleta</strong></span> <span class='ocrx_word' id='word_1_480' title='bbox 693 3238 870 3285; x_wconf 87' lang='lat' dir='ltr'><strong>sunt:</strong></span> <span class='ocrx_word' id='word_1_481' title='bbox 906 3229 1003 3285; x_wconf 90' lang='lat' dir='ltr'><strong>sed</strong></span> <span class='ocrx_word' id='word_1_482' title='bbox 1045 3230 1211 3286; x_wconf 89' lang='lat' dir='ltr'><strong>etiam</strong></span> <span class='ocrx_word' id='word_1_483' title='bbox 1250 3246 1396 3286; x_wconf 91' lang='lat' dir='ltr'><strong>nunc</strong></span> <span class='ocrx_word' id='word_1_484' title='bbox 1446 3230 1605 3295; x_wconf 85' lang='lat' dir='ltr'><strong>ﬁunt,</strong></span> <span class='ocrx_word' id='word_1_485' title='bbox 1653 3236 1710 3283; x_wconf 91' lang='lat' dir='ltr'><strong>et</strong></span> <span class='ocrx_word' id='word_1_486' title='bbox 1760 3227 1891 3281; x_wconf 80' lang='lat' dir='ltr'><strong>ﬁent</strong></span> <span class='ocrx_word' id='word_1_487' title='bbox 1930 3237 2104 3293; x_wconf 89' lang='lat' dir='ltr'><strong>usque</strong></span> <span class='ocrx_word' id='word_1_488' title='bbox 2137 3222 2205 3276; x_wconf 89' lang='lat' dir='ltr'><strong>ad</strong></span> <span class='ocrx_word' id='word_1_489' title='bbox 2254 3233 2437 3275; x_wconf 90' lang='lat' dir='ltr'><strong>rerum</strong></span> <span class='ocrx_word' id='word_1_490' title='bbox 2513 3218 3082 3272; x_wconf 88' lang='lat' dir='ltr'><strong>consummationem.</strong></span> <span class='ocrx_word' id='word_1_491' title='bbox 3148 3212 3381 3269; x_wconf 88' lang='lat' dir='ltr'><strong>Sursum</strong></span> <span class='ocrx_word' id='word_1_492' title='bbox 3433 3212 3580 3267; x_wconf 90' lang='lat' dir='ltr'><strong>enim</strong></span> 
     </span>
    </p>
   </div>
   <div class='ocr_carea' id='block_1_65' title="bbox 308 3305 3589 3396">
    <p class='ocr_par' dir='ltr' id='par_1_65' title="bbox 308 3305 3589 3396">
     <span class='ocr_line' id='line_1_65' title="bbox 308 3305 3589 3396; baseline -0.005 -17"><span class='ocrx_word' id='word_1_493' title='bbox 308 3324 362 3379; x_wconf 92' lang='lat' dir='ltr'><strong>in</strong></span> <span class='ocrx_word' id='word_1_494' title='bbox 412 3325 582 3380; x_wconf 74' lang='lat' dir='ltr'><strong>ccelos</strong></span> <span class='ocrx_word' id='word_1_495' title='bbox 621 3323 871 3380; x_wconf 86' lang='lat' dir='ltr'><strong>Christus</strong></span> <span class='ocrx_word' id='word_1_496' title='bbox 899 3334 1183 3396; x_wconf 78' lang='lat' dir='ltr'><strong>exceptus,</strong></span> <span class='ocrx_word' id='word_1_497' title='bbox 1219 3332 1404 3380; x_wconf 90' lang='lat' dir='ltr'><strong>manet</strong></span> <span class='ocrx_word' id='word_1_498' title='bbox 1440 3324 1553 3379; x_wconf 90' lang='lat' dir='ltr'><strong>illlc</strong></span> <span class='ocrx_word' id='word_1_499' title='bbox 1603 3338 1779 3393; x_wconf 86' lang='lat' dir='ltr'><strong>usque</strong></span> <span class='ocrx_word' id='word_1_500' title='bbox 1812 3320 1880 3375; x_wconf 88' lang='lat' dir='ltr'><strong>ad</strong></span> <span class='ocrx_word' id='word_1_501' title='bbox 1919 3315 2107 3373; x_wconf 91' lang='lat' dir='ltr'><strong>mundi</strong></span> <span class='ocrx_word' id='word_1_502' title='bbox 2133 3312 2691 3379; x_wconf 85' lang='lat' dir='ltr'><strong>consummationem;</strong></span> <span class='ocrx_word' id='word_1_503' title='bbox 2728 3318 2859 3365; x_wconf 89' lang='lat' dir='ltr'><strong>tunc</strong></span> <span class='ocrx_word' id='word_1_504' title='bbox 2887 3316 3153 3364; x_wconf 85' lang='lat' dir='ltr'><strong>venturus</strong></span> <span class='ocrx_word' id='word_1_505' title='bbox 3222 3321 3349 3362; x_wconf 90' lang='lat' dir='ltr'><strong>cum</strong></span> <span class='ocrx_word' id='word_1_506' title='bbox 3410 3305 3589 3376; x_wconf 89' lang='lat' dir='ltr'><strong>copiis</strong></span> 
     </span>
    </p>
   </div>
   <div class='ocr_carea' id='block_1_66' title="bbox 307 3397 3586 3489">
    <p class='ocr_par' dir='ltr' id='par_1_66' title="bbox 307 3397 3586 3489">
     <span class='ocr_line' id='line_1_66' title="bbox 307 3397 3586 3489; baseline -0.006 -16"><span class='ocrx_word' id='word_1_507' title='bbox 307 3417 536 3485; x_wconf 75' lang='lat' dir='ltr'><strong>validis,</strong></span> <span class='ocrx_word' id='word_1_508' title='bbox 575 3417 851 3473; x_wconf 89' lang='lat' dir='ltr'><strong>restitutis</strong></span> <span class='ocrx_word' id='word_1_509' title='bbox 900 3428 1089 3488; x_wconf 84' lang='lat' dir='ltr'><strong>postea</strong></span> <span class='ocrx_word' id='word_1_510' title='bbox 1128 3418 1407 3484; x_wconf 90' lang='lat' dir='ltr'><strong>omnibus,</strong></span> <span class='ocrx_word' id='word_1_511' title='bbox 1452 3432 1576 3489; x_wconf 68' lang='lat' dir='ltr'><strong>qua:</strong></span> <span class='ocrx_word' id='word_1_512' title='bbox 1655 3415 2027 3488; x_wconf 68' lang='lat' dir='ltr'><strong>praedixerunt</strong></span> <span class='ocrx_word' id='word_1_513' title='bbox 2098 3408 2419 3481; x_wconf 69' lang='lat' dir='ltr'><strong>prophetas:</strong></span> <span class='ocrx_word' id='word_1_514' title='bbox 2466 3404 2720 3460; x_wconf 82' lang='lat' dir='ltr'><strong>videlicet</strong></span> <span class='ocrx_word' id='word_1_515' title='bbox 2769 3418 2894 3459; x_wconf 92' lang='lat' dir='ltr'><strong>cum</strong></span> <span class='ocrx_word' id='word_1_516' title='bbox 2975 3400 3100 3457; x_wconf 83' lang='lat' dir='ltr'><strong>ﬁnis</strong></span> <span class='ocrx_word' id='word_1_517' title='bbox 3154 3397 3448 3464; x_wconf 82' lang='lat' dir='ltr'><strong>exstiterit,</strong></span> <span class='ocrx_word' id='word_1_518' title='bbox 3529 3417 3586 3464; x_wconf 73' lang='grc' dir='ltr'><strong>ει</strong></span> 
     </span>
    </p>
   </div>
   <div class='ocr_carea' id='block_1_67' title="bbox 308 3496 3013 3581">
    <p class='ocr_par' dir='ltr' id='par_1_67' title="bbox 308 3496 3013 3581">
     <span class='ocr_line' id='line_1_67' title="bbox 308 3496 3013 3581; baseline -0.006 -15"><span class='ocrx_word' id='word_1_519' title='bbox 308 3515 465 3566; x_wconf 75' lang='lat' dir='ltr'><strong>lincunt</strong></span> <span class='ocrx_word' id='word_1_520' title='bbox 515 3510 808 3565; x_wconf 87' lang='lat' dir='ltr'><strong>habuerint</strong></span> <span class='ocrx_word' id='word_1_521' title='bbox 851 3526 937 3577; x_wconf 88' lang='lat' dir='ltr'><strong>ea,</strong></span> <span class='ocrx_word' id='word_1_522' title='bbox 989 3526 1112 3581; x_wconf 65' lang='lat' dir='ltr'><strong>quae</strong></span> <span class='ocrx_word' id='word_1_523' title='bbox 1166 3511 1422 3567; x_wconf 88' lang='lat' dir='ltr'><strong>sensibus</strong></span> <span class='ocrx_word' id='word_1_524' title='bbox 1489 3510 1887 3581; x_wconf 90' lang='lat' dir='ltr'><strong>percipiuntur,</strong></span> <span class='ocrx_word' id='word_1_525' title='bbox 1928 3519 2062 3561; x_wconf 91' lang='lat' dir='ltr'><strong>tunc</strong></span> <span class='ocrx_word' id='word_1_526' title='bbox 2081 3502 2339 3559; x_wconf 87' lang='lat' dir='ltr'><strong>Christus</strong></span> <span class='ocrx_word' id='word_1_527' title='bbox 2369 3499 2477 3555; x_wconf 87' lang='lat' dir='ltr'><strong>erit</strong></span> <span class='ocrx_word' id='word_1_528' title='bbox 2504 3496 2799 3554; x_wconf 89' lang='lat' dir='ltr'><strong>sublimior</strong></span> <span class='ocrx_word' id='word_1_529' title='bbox 2826 3496 3013 3551; x_wconf 64' lang='lat' dir='ltr'><strong>caelis.</strong></span> 
     </span>
    </p>
   </div>
   <div class='ocr_carea' id='block_1_68' title="bbox 376 3583 1891 3675">
    <p class='ocr_par' dir='ltr' id='par_1_68' title="bbox 376 3600 1883 3675">
     <span class='ocr_line' id='line_1_68' title="bbox 376 3600 1883 3675; baseline -0.003 -15"><span class='ocrx_word' id='word_1_530' title='bbox 376 3604 604 3674; x_wconf 79' lang='grc' dir='ltr'>Μωσῆς</span> <span class='ocrx_word' id='word_1_531' title='bbox 641 3605 686 3637; x_wconf 80' lang='grc'><strong>⁸⁵</strong></span> <span class='ocrx_word' id='word_1_532' title='bbox 709 3604 828 3672; x_wconf 79' lang='grc' dir='ltr'><strong>μὲν</strong></span> <span class='ocrx_word' id='word_1_533' title='bbox 880 3605 990 3675; x_wconf 76' lang='grc' dir='ltr'><strong>γὰρ</strong></span> <span class='ocrx_word' id='word_1_534' title='bbox 1028 3605 1179 3673; x_wconf 81' lang='grc' dir='ltr'>πρὸς</span> <span class='ocrx_word' id='word_1_535' title='bbox 1207 3604 1351 3671; x_wconf 86' lang='grc' dir='ltr'>τοὺς</span> <span class='ocrx_word' id='word_1_536' title='bbox 1379 3604 1643 3674; x_wconf 81' lang='grc' dir='ltr'>πατέρας</span> <span class='ocrx_word' id='word_1_537' title='bbox 1691 3600 1883 3667; x_wconf 76' lang='grc' dir='ltr'>εἶπεν,</span> 
     </span>
    </p>
   </div>
   <div class='ocr_carea' id='block_1_69' title="bbox 1994 3583 3587 3675">
    <p class='ocr_par' dir='ltr' id='par_1_69' title="bbox 2002 3583 3587 3661">
     <span class='ocr_line' id='line_1_69' title="bbox 2002 3583 3587 3661; baseline -0.01 -8"><span class='ocrx_word' id='word_1_538' title='bbox 2002 3612 2023 3619; x_wconf 80' lang='lat'>&quot;</span> <span class='ocrx_word' id='word_1_539' title='bbox 2065 3597 2232 3653; x_wconf 78' lang='lat' dir='ltr'><strong>Vsus.</strong></span> <span class='ocrx_word' id='word_1_540' title='bbox 2279 3593 2372 3651; x_wconf 69' lang='lat'><strong>22.</strong></span> <span class='ocrx_word' id='word_1_541' title='bbox 2415 3590 2561 3647; x_wconf 86' lang='lat' dir='ltr'><strong>Nam</strong></span> <span class='ocrx_word' id='word_1_542' title='bbox 2588 3589 2800 3661; x_wconf 81' lang='lat' dir='ltr'><strong>Moyses</strong></span> <span class='ocrx_word' id='word_1_543' title='bbox 2832 3587 3043 3657; x_wconf 79' lang='lat' dir='ltr'><strong>quidem</strong></span> <span class='ocrx_word' id='word_1_544' title='bbox 3076 3586 3146 3639; x_wconf 88' lang='lat' dir='ltr'><strong>ad</strong></span> <span class='ocrx_word' id='word_1_545' title='bbox 3173 3595 3351 3654; x_wconf 81' lang='lat' dir='ltr'><strong>patres</strong></span> <span class='ocrx_word' id='word_1_546' title='bbox 3404 3583 3587 3638; x_wconf 81' lang='lat' dir='ltr'><strong>dixit:</strong></span> 
     </span>
    </p>
   </div>
   <div class='ocr_carea' id='block_1_70' title="bbox 308 3677 1891 3762">
    <p class='ocr_par' dir='ltr' id='par_1_70' title="bbox 308 3690 1884 3762">
     <span class='ocr_line' id='line_1_70' title="bbox 308 3690 1884 3762; baseline -0.003 -15"><span class='ocrx_word' id='word_1_547' title='bbox 308 3693 393 3747; x_wconf 79' lang='grc' dir='ltr'>ὅτι</span> <span class='ocrx_word' id='word_1_548' title='bbox 422 3692 746 3761; x_wconf 55' lang='grc' dir='ltr'>Προφήτην</span> <span class='ocrx_word' id='word_1_549' title='bbox 781 3691 927 3762; x_wconf 73' lang='grc' dir='ltr'>ἡμῖν</span> <span class='ocrx_word' id='word_1_550' title='bbox 950 3693 997 3726; x_wconf 76' lang='grc'><strong>⁸⁸</strong></span> <span class='ocrx_word' id='word_1_551' title='bbox 1029 3692 1369 3758; x_wconf 80' lang='grc' dir='ltr'>ἀναστήσει</span> <span class='ocrx_word' id='word_1_552' title='bbox 1395 3693 1613 3761; x_wconf 83' lang='grc' dir='ltr'>Κύριος</span> <span class='ocrx_word' id='word_1_553' title='bbox 1660 3694 1694 3746; x_wconf 84' lang='grc' dir='ltr'><strong>ό</strong></span> <span class='ocrx_word' id='word_1_554' title='bbox 1738 3690 1884 3758; x_wconf 77' lang='grc' dir='ltr'><strong>Θεὸς</strong></span> 
     </span>
    </p>
   </div>
   <div class='ocr_carea' id='block_1_71' title="bbox 1994 3677 3591 3762">
    <p class='ocr_par' dir='ltr' id='par_1_71' title="bbox 1994 3677 3591 3759">
     <span class='ocr_line' id='line_1_71' title="bbox 1994 3677 3591 3759; baseline -0.009 -14"><span class='ocrx_word' id='word_1_555' title='bbox 1994 3691 2316 3759; x_wconf 80' lang='lat' dir='ltr'><strong>Prophetam</strong></span> <span class='ocrx_word' id='word_1_556' title='bbox 2355 3684 2506 3741; x_wconf 87' lang='lat' dir='ltr'><strong>nobis</strong></span> <span class='ocrx_word' id='word_1_557' title='bbox 2535 3681 2788 3738; x_wconf 70' lang='lat' dir='ltr'><strong>excitabit</strong></span> <span class='ocrx_word' id='word_1_558' title='bbox 2826 3681 3090 3734; x_wconf 80' lang='lat' dir='ltr'><strong>Dominus</strong></span> <span class='ocrx_word' id='word_1_559' title='bbox 3133 3679 3274 3732; x_wconf 87' lang='lat' dir='ltr'><strong>Deus</strong></span> <span class='ocrx_word' id='word_1_560' title='bbox 3319 3687 3498 3732; x_wconf 84' lang='lat' dir='ltr'><strong>noster</strong></span> <span class='ocrx_word' id='word_1_561' title='bbox 3524 3677 3591 3731; x_wconf 87' lang='lat' dir='ltr'><strong>de</strong></span> 
     </span>
    </p>
   </div>
   <div class='ocr_carea' id='block_1_72' title="bbox 307 3768 1891 3853">
    <p class='ocr_par' dir='ltr' id='par_1_72' title="bbox 307 3782 1886 3853">
     <span class='ocr_line' id='line_1_72' title="bbox 307 3782 1886 3853; baseline -0.001 -15"><span class='ocrx_word' id='word_1_562' title='bbox 307 3783 477 3853; x_wconf 78' lang='grc' dir='ltr'>ήμῶν</span> <span class='ocrx_word' id='word_1_563' title='bbox 537 3784 610 3838; x_wconf 84' lang='grc' dir='ltr'>ἐκ</span> <span class='ocrx_word' id='word_1_564' title='bbox 671 3782 791 3838; x_wconf 83' lang='grc' dir='ltr'><strong>τῶν</strong></span> <span class='ocrx_word' id='word_1_565' title='bbox 827 3782 1111 3853; x_wconf 70' lang='grc' dir='ltr'>ἀδελφῶν</span> <span class='ocrx_word' id='word_1_566' title='bbox 1149 3782 1340 3853; x_wconf 81' lang='grc' dir='ltr'>ήμῶν,</span> <span class='ocrx_word' id='word_1_567' title='bbox 1374 3784 1456 3851; x_wconf 88' lang='grc' dir='ltr'>ὡς</span> <span class='ocrx_word' id='word_1_568' title='bbox 1505 3783 1649 3853; x_wconf 82' lang='grc' dir='ltr'><strong>ἐμέ·</strong></span> <span class='ocrx_word' id='word_1_569' title='bbox 1698 3783 1886 3838; x_wconf 81' lang='grc' dir='ltr'>αὐτοῦ</span> 
     </span>
    </p>
   </div>
   <div class='ocr_carea' id='block_1_73' title="bbox 1994 3768 3590 3853">
    <p class='ocr_par' dir='ltr' id='par_1_73' title="bbox 1994 3768 3590 3852">
     <span class='ocr_line' id='line_1_73' title="bbox 1994 3768 3590 3852; baseline -0.011 -16"><span class='ocrx_word' id='word_1_570' title='bbox 1994 3780 2246 3852; x_wconf 73' lang='lat' dir='ltr'><strong>fratribus</strong></span> <span class='ocrx_word' id='word_1_571' title='bbox 2265 3776 2483 3841; x_wconf 77' lang='lat' dir='ltr'><strong>nostris,</strong></span> <span class='ocrx_word' id='word_1_572' title='bbox 2514 3782 2573 3826; x_wconf 89' lang='lat' dir='ltr'><strong>ut</strong></span> <span class='ocrx_word' id='word_1_573' title='bbox 2601 3789 2700 3826; x_wconf 84' lang='lat' dir='ltr'><strong>me.</strong></span> <span class='ocrx_word' id='word_1_574' title='bbox 2725 3770 2834 3843; x_wconf 62' lang='grc'><strong>42</strong></span> <span class='ocrx_word' id='word_1_575' title='bbox 2866 3768 2934 3822; x_wconf 85' lang='lat' dir='ltr'><strong>Ei</strong></span> <span class='ocrx_word' id='word_1_576' title='bbox 2960 3769 3103 3822; x_wconf 89' lang='lat' dir='ltr'><strong>dicto</strong></span> <span class='ocrx_word' id='word_1_577' title='bbox 3125 3768 3394 3821; x_wconf 81' lang='lat' dir='ltr'><strong>audientes</strong></span> <span class='ocrx_word' id='word_1_578' title='bbox 3422 3774 3590 3820; x_wconf 84' lang='lat' dir='ltr'><strong>estote</strong></span> 
     </span>
    </p>
   </div>
   <div class='ocr_carea' id='block_1_74' title="bbox 303 3861 1891 3946">
    <p class='ocr_par' dir='ltr' id='par_1_74' title="bbox 303 3874 1890 3946">
     <span class='ocr_line' id='line_1_74' title="bbox 303 3874 1890 3946; baseline -0.005 -13"><span class='ocrx_word' id='word_1_579' title='bbox 303 3876 604 3933; x_wconf 78' lang='grc' dir='ltr'>ἀκούεσθε</span> <span class='ocrx_word' id='word_1_580' title='bbox 616 3876 660 3908; x_wconf 87' lang='lat'><strong>&quot;’</strong></span> <span class='ocrx_word' id='word_1_581' title='bbox 707 3875 857 3931; x_wconf 81' lang='grc' dir='ltr'>κατὰ</span> <span class='ocrx_word' id='word_1_582' title='bbox 910 3874 1131 3943; x_wconf 79' lang='grc' dir='ltr'>πάντα,</span> <span class='ocrx_word' id='word_1_583' title='bbox 1192 3874 1312 3929; x_wconf 85' lang='grc' dir='ltr'>ὅσα</span> <span class='ocrx_word' id='word_1_584' title='bbox 1344 3875 1422 3929; x_wconf 82' lang='grc' dir='ltr'>ἂν</span> <span class='ocrx_word' id='word_1_585' title='bbox 1460 3874 1710 3946; x_wconf 77' lang='grc' dir='ltr'>λαλήσῃ</span> <span class='ocrx_word' id='word_1_586' title='bbox 1738 3875 1890 3943; x_wconf 79' lang='grc' dir='ltr'>πρὸς</span> 
     </span>
    </p>
   </div>
   <div class='ocr_carea' id='block_1_75' title="bbox 1994 3861 3158 3946">
    <p class='ocr_par' dir='ltr' id='par_1_75' title="bbox 1994 3861 3158 3936">
     <span class='ocr_line' id='line_1_75' title="bbox 1994 3861 3158 3936; baseline -0.012 -9"><span class='ocrx_word' id='word_1_587' title='bbox 1994 3875 2045 3928; x_wconf 88' lang='lat' dir='ltr'><strong>in</strong></span> <span class='ocrx_word' id='word_1_588' title='bbox 2081 3869 2345 3933; x_wconf 87' lang='lat' dir='ltr'><strong>omnibus,</strong></span> <span class='ocrx_word' id='word_1_589' title='bbox 2384 3881 2704 3936; x_wconf 77' lang='lat' dir='ltr'><strong>quwcunque</strong></span> <span class='ocrx_word' id='word_1_590' title='bbox 2734 3863 2924 3917; x_wconf 77' lang='lat' dir='ltr'><strong>dixerit</strong></span> <span class='ocrx_word' id='word_1_591' title='bbox 2956 3861 3026 3915; x_wconf 86' lang='lat' dir='ltr'><strong>ad</strong></span> <span class='ocrx_word' id='word_1_592' title='bbox 3049 3878 3158 3915; x_wconf 83' lang='lat' dir='ltr'><strong>vos.</strong></span> 
     </span>
    </p>
   </div>
   <div class='ocr_carea' id='block_1_76' title="bbox 303 3967 484 4025">
    <p class='ocr_par' dir='ltr' id='par_1_76' title="bbox 303 3967 484 4025">
     <span class='ocr_line' id='line_1_76' title="bbox 303 3967 484 4025; baseline 0 -1"><span class='ocrx_word' id='word_1_593' title='bbox 303 3967 484 4025; x_wconf 69' lang='grc' dir='ltr'><strong>ὑμᾶς.</strong></span> 
     </span>
    </p>
   </div>
   <div class='ocr_carea' id='block_1_77' title="bbox 338 3989 1891 4130">
    <p class='ocr_par' dir='ltr' id='par_1_77' title="bbox 338 3989 1887 4130">
     <span class='ocr_line' id='line_1_77' title="bbox 338 3989 484 4025; baseline 0 -1"><span class='ocrx_word' id='word_1_594' title='bbox 338 3989 424 4025; x_wconf 73' lang='grc' dir='ltr'>νια</span> <span class='ocrx_word' id='word_1_595' title='bbox 470 4010 484 4024; x_wconf 95' lang='grc'><strong>.</strong></span> 
     </span>
     <span class='ocr_line' id='line_1_78' title="bbox 338 3989 1887 4130; baseline -0.002 -16"><span class='ocrx_word' id='word_1_596' title='bbox 338 3989 364 4039; x_wconf 57' lang='grc'><strong><em>1</em></strong></span> <span class='ocrx_word' id='word_1_597' title='bbox 382 3990 595 4115; x_wconf 60' lang='grc' dir='ltr'>’ἔσται</span> <span class='ocrx_word' id='word_1_598' title='bbox 613 4061 703 4126; x_wconf 82' lang='grc' dir='ltr'>δὲ,</span> <span class='ocrx_word' id='word_1_599' title='bbox 735 4059 905 4117; x_wconf 82' lang='grc' dir='ltr'>πᾶσα</span> <span class='ocrx_word' id='word_1_600' title='bbox 938 4046 1134 4130; x_wconf 68' lang='grc' dir='ltr'><strong>ψυχὴ.</strong></span> <span class='ocrx_word' id='word_1_601' title='bbox 1164 4059 1298 4128; x_wconf 80' lang='grc' dir='ltr'>ἣτις</span> <span class='ocrx_word' id='word_1_602' title='bbox 1331 4058 1441 4113; x_wconf 81' lang='grc' dir='ltr'><strong>ἐὰν</strong></span> <span class='ocrx_word' id='word_1_603' title='bbox 1459 4059 1506 4092; x_wconf 77' lang='grc'>⁸⁸</span> <span class='ocrx_word' id='word_1_604' title='bbox 1523 4059 1608 4129; x_wconf 82' lang='grc' dir='ltr'>μὴ</span> <span class='ocrx_word' id='word_1_605' title='bbox 1648 4059 1887 4127; x_wconf 82' lang='grc' dir='ltr'>ἀκούσῃ</span> 
     </span>
    </p>
   </div>
   <div class='ocr_carea' id='block_1_78' title="bbox 1994 3989 3589 4130">
    <p class='ocr_par' dir='ltr' id='par_1_78' title="bbox 2062 4037 3589 4106">
     <span class='ocr_line' id='line_1_79' title="bbox 2062 4037 3589 4106; baseline -0.01 0"><span class='ocrx_word' id='word_1_606' title='bbox 2062 4050 2226 4106; x_wconf 71' lang='lat' dir='ltr'><strong>Vsus.</strong></span> <span class='ocrx_word' id='word_1_607' title='bbox 2269 4047 2363 4103; x_wconf 75' lang='lat'><strong>25.</strong></span> <span class='ocrx_word' id='word_1_608' title='bbox 2411 4045 2676 4100; x_wconf 83' lang='lat' dir='ltr'><strong>Futurum</strong></span> <span class='ocrx_word' id='word_1_609' title='bbox 2727 4049 2803 4099; x_wconf 83' lang='lat' dir='ltr'><strong>est</strong></span> <span class='ocrx_word' id='word_1_610' title='bbox 2846 4043 3006 4104; x_wconf 85' lang='lat' dir='ltr'><strong>enim.</strong></span> <span class='ocrx_word' id='word_1_611' title='bbox 3077 4048 3136 4094; x_wconf 88' lang='lat' dir='ltr'><strong>ut</strong></span> <span class='ocrx_word' id='word_1_612' title='bbox 3181 4039 3353 4093; x_wconf 87' lang='lat' dir='ltr'><strong>omnis</strong></span> <span class='ocrx_word' id='word_1_613' title='bbox 3405 4037 3589 4092; x_wconf 88' lang='lat' dir='ltr'><strong>anima</strong></span> 
     </span>
    </p>
   </div>
   <div class='ocr_carea' id='block_1_79' title="bbox 305 4128 1891 4224">
    <p class='ocr_par' dir='ltr' id='par_1_79' title="bbox 305 4128 1890 4224">
     <span class='ocr_line' id='line_1_80' title="bbox 305 4128 1890 4224; baseline -0.004 -15"><span class='ocrx_word' id='word_1_614' title='bbox 305 4153 417 4209; x_wconf 80' lang='grc' dir='ltr'>τοῦ</span> <span class='ocrx_word' id='word_1_615' title='bbox 449 4151 765 4224; x_wconf 74' lang='grc' dir='ltr'>προφήτου</span> <span class='ocrx_word' id='word_1_616' title='bbox 806 4128 1065 4213; x_wconf 74' lang='grc' dir='ltr'>ἐκείνοὺ,</span> <span class='ocrx_word' id='word_1_617' title='bbox 1093 4149 1668 4220; x_wconf 78' lang='grc' dir='ltr'>ἐξολοθρευθήσεται</span> <span class='ocrx_word' id='word_1_618' title='bbox 1688 4149 1757 4203; x_wconf 85' lang='grc' dir='ltr'>ἐκ</span> <span class='ocrx_word' id='word_1_619' title='bbox 1781 4147 1890 4203; x_wconf 86' lang='grc' dir='ltr'>τοῦ</span> 
     </span>
    </p>
   </div>
   <div class='ocr_carea' id='block_1_80' title="bbox 1994 4128 3591 4224">
    <p class='ocr_par' dir='ltr' id='par_1_80' title="bbox 1994 4128 3591 4215">
     <span class='ocr_line' id='line_1_81' title="bbox 1994 4128 3591 4215; baseline -0.009 -17"><span class='ocrx_word' id='word_1_620' title='bbox 1994 4158 2310 4215; x_wconf 66' lang='lat' dir='ltr'><strong>quascunque</strong></span> <span class='ocrx_word' id='word_1_621' title='bbox 2334 4157 2436 4195; x_wconf 85' lang='lat' dir='ltr'><strong>non</strong></span> <span class='ocrx_word' id='word_1_622' title='bbox 2466 4139 2747 4194; x_wconf 86' lang='lat' dir='ltr'><strong>obediuerit</strong></span> <span class='ocrx_word' id='word_1_623' title='bbox 2776 4137 2858 4192; x_wconf 82' lang='lat' dir='ltr'><strong>illi</strong></span> <span class='ocrx_word' id='word_1_624' title='bbox 2886 4136 3149 4208; x_wconf 69' lang='lat' dir='ltr'><strong>prophetis</strong></span> <span class='ocrx_word' id='word_1_625' title='bbox 3179 4133 3244 4187; x_wconf 89' lang='lat' dir='ltr'><strong>de</strong></span> <span class='ocrx_word' id='word_1_626' title='bbox 3273 4132 3465 4202; x_wconf 84' lang='lat' dir='ltr'><strong>populo</strong></span> <span class='ocrx_word' id='word_1_627' title='bbox 3486 4128 3591 4185; x_wconf 86' lang='lat' dir='ltr'><strong>tol-</strong></span> 
     </span>
    </p>
   </div>
   <div class='ocr_carea' id='block_1_81' title="bbox 428 4261 486 4297">
    <p class='ocr_par' dir='ltr' id='par_1_81' title="bbox 428 4261 486 4297">
     <span class='ocr_line' id='line_1_82' title="bbox 428 4261 486 4297; baseline 0.034 -2"><span class='ocrx_word' id='word_1_628' title='bbox 428 4261 486 4297; x_wconf 74' lang='grc' dir='ltr'><strong>υ.</strong></span> 
     </span>
    </p>
   </div>
   <div class='ocr_carea' id='block_1_82' title="bbox 305 4247 1890 4404">
    <p class='ocr_par' dir='ltr' id='par_1_82' title="bbox 305 4247 1890 4404">
     <span class='ocr_line' id='line_1_83' title="bbox 428 4261 486 4297; baseline 0.034 -2"><span class='ocrx_word' id='word_1_629' title='bbox 428 4261 486 4297; x_wconf 72' lang='grc' dir='ltr'><strong>υ.</strong></span> 
     </span>
     <span class='ocr_line' id='line_1_84' title="bbox 305 4247 1890 4404; baseline -0.002 -17"><span class='ocrx_word' id='word_1_630' title='bbox 305 4247 492 4388; x_wconf 44' lang='lat' dir='ltr'><strong>Julia!</strong></span> <span class='ocrx_word' id='word_1_631' title='bbox 520 4332 745 4398; x_wconf 79' lang='grc' dir='ltr'>πάντες</span> <span class='ocrx_word' id='word_1_632' title='bbox 779 4334 876 4389; x_wconf 78' lang='grc' dir='ltr'>καὶ</span> <span class='ocrx_word' id='word_1_633' title='bbox 904 4336 960 4388; x_wconf 81' lang='grc' dir='ltr'>οἱ</span> <span class='ocrx_word' id='word_1_634' title='bbox 987 4332 1291 4404; x_wconf 69' lang='grc' dir='ltr'>προφῆται</span> <span class='ocrx_word' id='word_1_635' title='bbox 1314 4332 1431 4388; x_wconf 83' lang='grc' dir='ltr'>ἀ.τύ</span> <span class='ocrx_word' id='word_1_636' title='bbox 1451 4331 1762 4401; x_wconf 79' lang='grc' dir='ltr'>Σαμουὴλ,</span> <span class='ocrx_word' id='word_1_637' title='bbox 1789 4329 1890 4385; x_wconf 77' lang='grc' dir='ltr'>καὶ</span> 
     </span>
    </p>
   </div>
   <div class='ocr_carea' id='block_1_83' title="bbox 308 4424 1893 4496">
    <p class='ocr_par' dir='ltr' id='par_1_83' title="bbox 308 4424 1893 4496">
     <span class='ocr_line' id='line_1_85' title="bbox 308 4424 1893 4496; baseline -0.003 -17"><span class='ocrx_word' id='word_1_638' title='bbox 308 4425 427 4479; x_wconf 82' lang='grc' dir='ltr'>τῶν</span> <span class='ocrx_word' id='word_1_639' title='bbox 456 4425 743 4494; x_wconf 80' lang='grc' dir='ltr'>καθεξῆς,</span> <span class='ocrx_word' id='word_1_640' title='bbox 770 4426 903 4481; x_wconf 84' lang='grc' dir='ltr'>ὅσοι</span> <span class='ocrx_word' id='word_1_641' title='bbox 951 4425 1291 4496; x_wconf 71' lang='grc' dir='ltr'>ἐλάλησαν,</span> <span class='ocrx_word' id='word_1_642' title='bbox 1337 4425 1435 4479; x_wconf 75' lang='grc' dir='ltr'>καὶ</span> <span class='ocrx_word' id='word_1_643' title='bbox 1481 4424 1893 4494; x_wconf 80' lang='grc' dir='ltr'>κατήγγειλαν</span> 
     </span>
    </p>
   </div>
   <div class='ocr_carea' id='block_1_84' title="bbox 309 4518 945 4586">
    <p class='ocr_par' dir='ltr' id='par_1_84' title="bbox 309 4518 945 4586">
     <span class='ocr_line' id='line_1_86' title="bbox 309 4518 945 4586; baseline 0.002 -15"><span class='ocrx_word' id='word_1_644' title='bbox 309 4519 419 4583; x_wconf 82' lang='grc' dir='ltr'>τὰς</span> <span class='ocrx_word' id='word_1_645' title='bbox 432 4518 662 4586; x_wconf 67' lang='grc' dir='ltr'>ἡμέρας</span> <span class='ocrx_word' id='word_1_646' title='bbox 700 4519 945 4584; x_wconf 84' lang='grc' dir='ltr'>ταύτας.</span> 
     </span>
    </p>
   </div>
   <div class='ocr_carea' id='block_1_85' title="bbox 392 4605 1896 4679">
    <p class='ocr_par' dir='ltr' id='par_1_85' title="bbox 392 4605 1896 4679">
     <span class='ocr_line' id='line_1_87' title="bbox 392 4605 1896 4679; baseline -0.003 -17"><span class='ocrx_word' id='word_1_647' title='bbox 392 4610 583 4679; x_wconf 80' lang='grc' dir='ltr'><strong>Ὑμεῖς</strong></span> <span class='ocrx_word' id='word_1_648' title='bbox 611 4610 753 4663; x_wconf 81' lang='grc' dir='ltr'>ἐστε</span> <span class='ocrx_word' id='word_1_649' title='bbox 786 4610 905 4664; x_wconf 77' lang='grc' dir='ltr'>υἱοὶ</span> <span class='ocrx_word' id='word_1_650' title='bbox 943 4609 1063 4664; x_wconf 85' lang='grc' dir='ltr'>τῶν</span> <span class='ocrx_word' id='word_1_651' title='bbox 1102 4607 1450 4679; x_wconf 69' lang='grc' dir='ltr'>προφητῶν,</span> <span class='ocrx_word' id='word_1_652' title='bbox 1500 4607 1600 4661; x_wconf 81' lang='grc' dir='ltr'>καὶ</span> <span class='ocrx_word' id='word_1_653' title='bbox 1623 4606 1736 4675; x_wconf 83' lang='grc' dir='ltr'><strong>τῆς</strong></span> <span class='ocrx_word' id='word_1_654' title='bbox 1764 4605 1896 4659; x_wconf 84' lang='grc' dir='ltr'>δια-</span> 
     </span>
    </p>
   </div>
   <div class='ocr_carea' id='block_1_86' title="bbox 1993 4234 3594 4388">
    <p class='ocr_par' dir='ltr' id='par_1_86' title="bbox 1993 4234 3594 4388">
     <span class='ocr_line' id='line_1_88' title="bbox 2159 4244 2206 4286; baseline 0 0"><span class='ocrx_word' id='word_1_655' title='bbox 2159 4244 2206 4286; x_wconf 73' lang='grc'><strong>³.</strong></span> 
     </span>
     <span class='ocr_line' id='line_1_89' title="bbox 1993 4234 3594 4388; baseline -0.008 -8"><span class='ocrx_word' id='word_1_656' title='bbox 1993 4234 2232 4380; x_wconf 38' lang='lat' dir='ltr'><strong>[alsit-ias.</strong></span> <span class='ocrx_word' id='word_1_657' title='bbox 2269 4324 2363 4380; x_wconf 63' lang='lat'><strong>24.</strong></span> <span class='ocrx_word' id='word_1_658' title='bbox 2407 4325 2474 4377; x_wconf 81' lang='lat' dir='ltr'><strong>Et</strong></span> <span class='ocrx_word' id='word_1_659' title='bbox 2507 4337 2686 4376; x_wconf 88' lang='lat' dir='ltr'><strong>omnes</strong></span> <span class='ocrx_word' id='word_1_660' title='bbox 2709 4322 2836 4376; x_wconf 88' lang='lat' dir='ltr'><strong>item</strong></span> <span class='ocrx_word' id='word_1_661' title='bbox 2874 4321 3139 4388; x_wconf 79' lang='lat' dir='ltr'><strong>propheta:</strong></span> <span class='ocrx_word' id='word_1_662' title='bbox 3164 4335 3197 4372; x_wconf 90' lang='lat' dir='ltr'><strong>a</strong></span> <span class='ocrx_word' id='word_1_663' title='bbox 3241 4314 3490 4372; x_wconf 85' lang='lat' dir='ltr'><strong>Samuele</strong></span> <span class='ocrx_word' id='word_1_664' title='bbox 3531 4329 3594 4367; x_wconf 87' lang='lat' dir='ltr'><strong>ac</strong></span> 
     </span>
    </p>
   </div>
   <div class='ocr_carea' id='block_1_87' title="bbox 1993 4409 3586 4487">
    <p class='ocr_par' dir='ltr' id='par_1_87' title="bbox 1993 4409 3586 4487">
     <span class='ocr_line' id='line_1_90' title="bbox 1993 4409 3586 4487; baseline -0.009 -14"><span class='ocrx_word' id='word_1_665' title='bbox 1993 4417 2234 4487; x_wconf 83' lang='lat' dir='ltr'><strong>deinceps</strong></span> <span class='ocrx_word' id='word_1_666' title='bbox 2257 4425 2509 4487; x_wconf 86' lang='lat' dir='ltr'><strong>quotquot</strong></span> <span class='ocrx_word' id='word_1_667' title='bbox 2539 4414 2817 4469; x_wconf 84' lang='lat' dir='ltr'><strong>vaticinati</strong></span> <span class='ocrx_word' id='word_1_668' title='bbox 2844 4423 2992 4477; x_wconf 89' lang='lat' dir='ltr'><strong>sunt,</strong></span> <span class='ocrx_word' id='word_1_669' title='bbox 3012 4414 3176 4466; x_wconf 88' lang='lat' dir='ltr'><strong>etiam</strong></span> <span class='ocrx_word' id='word_1_670' title='bbox 3207 4409 3301 4463; x_wconf 85' lang='lat' dir='ltr'><strong>Itos</strong></span> <span class='ocrx_word' id='word_1_671' title='bbox 3339 4409 3453 4462; x_wconf 86' lang='lat' dir='ltr'><strong>dies</strong></span> <span class='ocrx_word' id='word_1_672' title='bbox 3483 4423 3586 4459; x_wconf 87' lang='lat' dir='ltr'><strong>an-</strong></span> 
     </span>
    </p>
   </div>
   <div class='ocr_carea' id='block_1_88' title="bbox 1996 4510 2393 4565">
    <p class='ocr_par' dir='ltr' id='par_1_88' title="bbox 1996 4510 2393 4565">
     <span class='ocr_line' id='line_1_91' title="bbox 1996 4510 2393 4565; baseline -0.01 0"><span class='ocrx_word' id='word_1_673' title='bbox 1996 4510 2393 4565; x_wconf 82' lang='lat' dir='ltr'><strong>nuntiaverunt.</strong></span> 
     </span>
    </p>
   </div>
   <div class='ocr_carea' id='block_1_89' title="bbox 2073 4591 3594 4662">
    <p class='ocr_par' dir='ltr' id='par_1_89' title="bbox 2073 4591 3594 4662">
     <span class='ocr_line' id='line_1_92' title="bbox 2073 4591 3594 4662; baseline -0.007 -14"><span class='ocrx_word' id='word_1_674' title='bbox 2073 4597 2237 4653; x_wconf 72' lang='lat' dir='ltr'><strong>Vsus.</strong></span> <span class='ocrx_word' id='word_1_675' title='bbox 2293 4596 2384 4652; x_wconf 70' lang='lat'><strong>25.</strong></span> <span class='ocrx_word' id='word_1_676' title='bbox 2438 4593 2541 4650; x_wconf 85' lang='lat' dir='ltr'><strong>Vos</strong></span> <span class='ocrx_word' id='word_1_677' title='bbox 2578 4593 2705 4650; x_wconf 83' lang='lat' dir='ltr'><strong>estis</strong></span> <span class='ocrx_word' id='word_1_678' title='bbox 2741 4592 2844 4662; x_wconf 82' lang='lat' dir='ltr'><strong>[ilii</strong></span> <span class='ocrx_word' id='word_1_679' title='bbox 2885 4591 3263 4662; x_wconf 81' lang='lat' dir='ltr'><strong>prophetarum</strong></span> <span class='ocrx_word' id='word_1_680' title='bbox 3315 4596 3365 4641; x_wconf 90' lang='lat' dir='ltr'><strong>et</strong></span> <span class='ocrx_word' id='word_1_681' title='bbox 3423 4594 3594 4640; x_wconf 87' lang='lat' dir='ltr'><strong>testa-</strong></span> 
     </span>
    </p>
   </div>
   <div class='ocr_carea' id='block_1_90' title="bbox 310 4677 1891 4772">
    <p class='ocr_par' dir='ltr' id='par_1_90' title="bbox 310 4677 1888 4772">
     <span class='ocr_line' id='line_1_93' title="bbox 310 4677 1888 4772; baseline -0.002 -17"><span class='ocrx_word' id='word_1_682' title='bbox 310 4677 525 4769; x_wconf 75' lang='grc' dir='ltr'>θήκης,</span> <span class='ocrx_word' id='word_1_683' title='bbox 574 4695 651 4772; x_wconf 79' lang='grc' dir='ltr'>ἧς</span> <span class='ocrx_word' id='word_1_684' title='bbox 690 4699 918 4756; x_wconf 75' lang='grc' dir='ltr'>διέθετο</span> <span class='ocrx_word' id='word_1_685' title='bbox 967 4703 1000 4755; x_wconf 87' lang='grc' dir='ltr'><em>ό</em></span> <span class='ocrx_word' id='word_1_686' title='bbox 1051 4677 1395 4768; x_wconf 18' lang='grc' dir='ltr'>Θεάςήπρὸς</span> <span class='ocrx_word' id='word_1_687' title='bbox 1438 4697 1584 4764; x_wconf 82' lang='grc' dir='ltr'>τοὺς</span> <span class='ocrx_word' id='word_1_688' title='bbox 1635 4697 1888 4766; x_wconf 75' lang='grc' dir='ltr'>πατέρας</span> 
     </span>
    </p>
   </div>
   <div class='ocr_carea' id='block_1_91' title="bbox 1994 4677 3562 4772">
    <p class='ocr_par' dir='ltr' id='par_1_91' title="bbox 1999 4677 3562 4758">
     <span class='ocr_line' id='line_1_94' title="bbox 1999 4677 3562 4758; baseline -0.011 -13"><span class='ocrx_word' id='word_1_689' title='bbox 1999 4691 2181 4755; x_wconf 86' lang='lat' dir='ltr'><strong>menti,</strong></span> <span class='ocrx_word' id='word_1_690' title='bbox 2235 4688 2374 4758; x_wconf 87' lang='lat' dir='ltr'><strong>quod</strong></span> <span class='ocrx_word' id='word_1_691' title='bbox 2420 4686 2683 4741; x_wconf 85' lang='lat' dir='ltr'><strong>ordinauit</strong></span> <span class='ocrx_word' id='word_1_692' title='bbox 2740 4684 2877 4738; x_wconf 86' lang='lat' dir='ltr'><strong>Deus</strong></span> <span class='ocrx_word' id='word_1_693' title='bbox 2924 4698 3044 4736; x_wconf 87' lang='lat' dir='ltr'><strong>cum</strong></span> <span class='ocrx_word' id='word_1_694' title='bbox 3074 4678 3315 4750; x_wconf 83' lang='lat' dir='ltr'><strong>patribus</strong></span> <span class='ocrx_word' id='word_1_695' title='bbox 3360 4677 3562 4732; x_wconf 62' lang='lat' dir='ltr'><strong>nostris</strong></span> 
     </span>
    </p>
   </div>
   <div class='ocr_carea' id='block_1_92' title="bbox 307 4768 1891 4865">
    <p class='ocr_par' dir='ltr' id='par_1_92' title="bbox 307 4768 1891 4865">
     <span class='ocr_line' id='line_1_95' title="bbox 307 4768 1891 4865; baseline -0.004 -15"><span class='ocrx_word' id='word_1_696' title='bbox 307 4794 504 4865; x_wconf 75' lang='grc' dir='ltr'>ὑμῶν,</span> <span class='ocrx_word' id='word_1_697' title='bbox 538 4768 735 4862; x_wconf 65' lang='grc' dir='ltr'>λέγων</span> <span class='ocrx_word' id='word_1_698' title='bbox 761 4794 911 4862; x_wconf 85' lang='grc' dir='ltr'>πρὸς</span> <span class='ocrx_word' id='word_1_699' title='bbox 945 4792 1193 4863; x_wconf 77' lang='grc' dir='ltr'>Ἀϐραάμ</span> <span class='ocrx_word' id='word_1_700' title='bbox 1213 4809 1225 4822; x_wconf 93' lang='grc'>·</span> <span class='ocrx_word' id='word_1_701' title='bbox 1261 4790 1373 4846; x_wconf 76' lang='grc' dir='ltr'><strong>Καὶ</strong></span> <span class='ocrx_word' id='word_1_702' title='bbox 1412 4792 1483 4845; x_wconf 81' lang='grc' dir='ltr'>ἐν</span> <span class='ocrx_word' id='word_1_703' title='bbox 1511 4791 1592 4857; x_wconf 84' lang='grc' dir='ltr'>τῷ</span> <span class='ocrx_word' id='word_1_704' title='bbox 1627 4792 1891 4860; x_wconf 81' lang='grc' dir='ltr'>σπέρμα-</span> 
     </span>
    </p>
   </div>
   <div class='ocr_carea' id='block_1_93' title="bbox 1994 4768 3599 4865">
    <p class='ocr_par' dir='ltr' id='par_1_93' title="bbox 1998 4768 3599 4844">
     <span class='ocr_line' id='line_1_96' title="bbox 1998 4768 3599 4844; baseline -0.009 -9"><span class='ocrx_word' id='word_1_705' title='bbox 1998 4783 2124 4835; x_wconf 88' lang='lat' dir='ltr'><strong>dum</strong></span> <span class='ocrx_word' id='word_1_706' title='bbox 2151 4781 2287 4837; x_wconf 76' lang='lat' dir='ltr'><strong>dixit</strong></span> <span class='ocrx_word' id='word_1_707' title='bbox 2318 4781 2386 4833; x_wconf 88' lang='lat' dir='ltr'><strong>ad</strong></span> <span class='ocrx_word' id='word_1_708' title='bbox 2421 4777 2784 4831; x_wconf 79' lang='lat' dir='ltr'><strong>Abrahamum</strong></span> <span class='ocrx_word' id='word_1_709' title='bbox 2812 4774 2922 4829; x_wconf 90' lang='lat' dir='ltr'><strong>:Et</strong></span> <span class='ocrx_word' id='word_1_710' title='bbox 2946 4789 3041 4844; x_wconf 83' lang='lat' dir='ltr'><strong>per</strong></span> <span class='ocrx_word' id='word_1_711' title='bbox 3060 4786 3235 4827; x_wconf 88' lang='lat' dir='ltr'><strong>semen</strong></span> <span class='ocrx_word' id='word_1_712' title='bbox 3264 4779 3412 4824; x_wconf 80' lang='lat' dir='ltr'><strong>tuum</strong></span> <span class='ocrx_word' id='word_1_713' title='bbox 3446 4768 3599 4821; x_wconf 84' lang='lat' dir='ltr'><strong>bene-</strong></span> 
     </span>
    </p>
   </div>
   <div class='ocr_carea' id='block_1_94' title="bbox 307 4870 1891 5000">
    <p class='ocr_par' dir='ltr' id='par_1_94' title="bbox 307 4880 1891 4953">
     <span class='ocr_line' id='line_1_97' title="bbox 307 4880 1891 4953; baseline -0.005 -11"><span class='ocrx_word' id='word_1_714' title='bbox 307 4889 369 4947; x_wconf 77' lang='grc' dir='ltr'><strong>τί</strong></span> <span class='ocrx_word' id='word_1_715' title='bbox 426 4902 546 4942; x_wconf 91' lang='grc' dir='ltr'>σου</span> <span class='ocrx_word' id='word_1_716' title='bbox 598 4882 1192 4953; x_wconf 74' lang='grc' dir='ltr'>ἐνευλογηθήσονται</span> <span class='ocrx_word' id='word_1_717' title='bbox 1237 4883 1282 4915; x_wconf 84' lang='grc'><strong><em>⁹⁹</em></strong></span> <span class='ocrx_word' id='word_1_718' title='bbox 1317 4880 1509 4938; x_wconf 81' lang='grc' dir='ltr'>πᾶσαι</span> <span class='ocrx_word' id='word_1_719' title='bbox 1546 4883 1606 4935; x_wconf 81' lang='grc' dir='ltr'>αἱ</span> <span class='ocrx_word' id='word_1_720' title='bbox 1657 4880 1891 4949; x_wconf 64' lang='grc' dir='ltr'>πατριαὶ</span> 
     </span>
    </p>
   </div>
   <div class='ocr_carea' id='block_1_95' title="bbox 1994 4870 2923 5000">
    <p class='ocr_par' dir='ltr' id='par_1_95' title="bbox 2000 4870 2923 4943">
     <span class='ocr_line' id='line_1_98' title="bbox 2000 4870 2923 4943; baseline -0.007 -16"><span class='ocrx_word' id='word_1_721' title='bbox 2000 4875 2249 4928; x_wconf 82' lang='lat' dir='ltr'><strong>dicentur</strong></span> <span class='ocrx_word' id='word_1_722' title='bbox 2277 4888 2458 4927; x_wconf 87' lang='lat' dir='ltr'><strong>omnes</strong></span> <span class='ocrx_word' id='word_1_723' title='bbox 2492 4870 2718 4943; x_wconf 74' lang='lat' dir='ltr'><strong>familia:</strong></span> <span class='ocrx_word' id='word_1_724' title='bbox 2746 4880 2923 4922; x_wconf 67' lang='lat' dir='ltr'><strong>terra.</strong></span> 
     </span>
    </p>
   </div>
   <div class='ocr_carea' id='block_1_96' title="bbox 309 4995 1891 5136">
    <p class='ocr_par' dir='ltr' id='par_1_96' title="bbox 309 4995 1891 5136">
     <span class='ocr_line' id='line_1_99' title="bbox 309 4995 1891 5136; baseline -0.003 -17"><span class='ocrx_word' id='word_1_725' title='bbox 309 4995 573 5136; x_wconf 54' lang='grc' dir='ltr'><strong>τηςὶζῗῖῖ·</strong></span> <span class='ocrx_word' id='word_1_726' title='bbox 619 5064 856 5135; x_wconf 84' lang='grc' dir='ltr'>πρῶτον</span> <span class='ocrx_word' id='word_1_727' title='bbox 886 5066 920 5119; x_wconf 83' lang='grc' dir='ltr'><em>ὁ</em></span> <span class='ocrx_word' id='word_1_728' title='bbox 960 5064 1105 5130; x_wconf 79' lang='grc' dir='ltr'>Θεὸς</span> <span class='ocrx_word' id='word_1_729' title='bbox 1142 5061 1502 5128; x_wconf 81' lang='grc' dir='ltr'>ἀναστήσας</span> <span class='ocrx_word' id='word_1_730' title='bbox 1560 5061 1670 5115; x_wconf 84' lang='grc' dir='ltr'>τὸν</span> <span class='ocrx_word' id='word_1_731' title='bbox 1710 5061 1891 5115; x_wconf 79' lang='grc' dir='ltr'>παῖδα</span> 
     </span>
    </p>
   </div>
   <div class='ocr_carea' id='block_1_97' title="bbox 1994 4995 3598 5136">
    <p class='ocr_par' dir='ltr' id='par_1_97' title="bbox 2076 5046 3598 5126">
     <span class='ocr_line' id='line_1_100' title="bbox 2076 5046 3598 5126; baseline -0.009 -13"><span class='ocrx_word' id='word_1_732' title='bbox 2076 5057 2245 5114; x_wconf 73' lang='lat' dir='ltr'><strong>Vens.</strong></span> <span class='ocrx_word' id='word_1_733' title='bbox 2264 5055 2356 5113; x_wconf 70' lang='lat'><strong>26.</strong></span> <span class='ocrx_word' id='word_1_734' title='bbox 2392 5054 2548 5112; x_wconf 86' lang='lat' dir='ltr'><strong>Vobis</strong></span> <span class='ocrx_word' id='word_1_735' title='bbox 2569 5056 2799 5126; x_wconf 82' lang='lat' dir='ltr'><strong>primum</strong></span> <span class='ocrx_word' id='word_1_736' title='bbox 2826 5050 2968 5107; x_wconf 89' lang='lat' dir='ltr'><strong>Deus</strong></span> <span class='ocrx_word' id='word_1_737' title='bbox 3002 5050 3374 5105; x_wconf 84' lang='lat' dir='ltr'><strong>resuscitatum</strong></span> <span class='ocrx_word' id='word_1_738' title='bbox 3396 5046 3598 5101; x_wconf 82' lang='lat' dir='ltr'><strong>Filium</strong></span> 
     </span>
    </p>
   </div>
   <div class='ocr_carea' id='block_1_98' title="bbox 312 5140 1891 5224">
    <p class='ocr_par' dir='ltr' id='par_1_98' title="bbox 312 5151 1891 5224">
     <span class='ocr_line' id='line_1_101' title="bbox 312 5151 1891 5224; baseline -0.003 -13"><span class='ocrx_word' id='word_1_739' title='bbox 312 5156 506 5213; x_wconf 83' lang='grc' dir='ltr'>αὐτοῦ</span> <span class='ocrx_word' id='word_1_740' title='bbox 551 5155 817 5224; x_wconf 86' lang='grc' dir='ltr'>Ἰησοῦν,</span> <span class='ocrx_word' id='word_1_741' title='bbox 869 5154 1262 5210; x_wconf 77' lang='grc' dir='ltr'>ἀπέστειλενί</span> <span class='ocrx_word' id='word_1_742' title='bbox 1299 5153 1673 5222; x_wconf 73' lang='grc' dir='ltr'>εὐλογοῦντα</span> <span class='ocrx_word' id='word_1_743' title='bbox 1721 5151 1891 5222; x_wconf 77' lang='grc' dir='ltr'>ὑμᾶς,</span> 
     </span>
    </p>
   </div>
   <div class='ocr_carea' id='block_1_99' title="bbox 1994 5140 3596 5224">
    <p class='ocr_par' dir='ltr' id='par_1_99' title="bbox 2011 5140 3596 5219">
     <span class='ocr_line' id='line_1_102' title="bbox 2011 5140 3596 5219; baseline -0.009 -15"><span class='ocrx_word' id='word_1_744' title='bbox 2011 5167 2167 5205; x_wconf 88' lang='lat' dir='ltr'><strong>suum</strong></span> <span class='ocrx_word' id='word_1_745' title='bbox 2194 5149 2379 5204; x_wconf 81' lang='lat' dir='ltr'><strong>Jesum</strong></span> <span class='ocrx_word' id='word_1_746' title='bbox 2400 5149 2564 5213; x_wconf 84' lang='lat' dir='ltr'><strong>misit,</strong></span> <span class='ocrx_word' id='word_1_747' title='bbox 2594 5147 2685 5219; x_wconf 86' lang='lat' dir='ltr'><strong>qui</strong></span> <span class='ocrx_word' id='word_1_748' title='bbox 2708 5146 3030 5200; x_wconf 83' lang='lat' dir='ltr'><strong>benediceret</strong></span> <span class='ocrx_word' id='word_1_749' title='bbox 3064 5141 3233 5207; x_wconf 83' lang='lat' dir='ltr'><strong>vobis,</strong></span> <span class='ocrx_word' id='word_1_750' title='bbox 3267 5140 3343 5194; x_wconf 86' lang='lat' dir='ltr'><strong>ita</strong></span> <span class='ocrx_word' id='word_1_751' title='bbox 3369 5148 3424 5192; x_wconf 90' lang='lat' dir='ltr'><strong>ut</strong></span> <span class='ocrx_word' id='word_1_752' title='bbox 3464 5153 3596 5191; x_wconf 86' lang='lat' dir='ltr'><strong>con-</strong></span> 
     </span>
    </p>
   </div>
   <div class='ocr_carea' id='block_1_100' title="bbox 314 5232 1891 5317">
    <p class='ocr_par' dir='ltr' id='par_1_100' title="bbox 314 5242 1891 5317">
     <span class='ocr_line' id='line_1_103' title="bbox 314 5242 1891 5317; baseline -0.004 -14"><span class='ocrx_word' id='word_1_753' title='bbox 314 5249 386 5303; x_wconf 80' lang='grc' dir='ltr'>ἐν</span> <span class='ocrx_word' id='word_1_754' title='bbox 414 5247 499 5313; x_wconf 86' lang='grc' dir='ltr'>τῷ</span> <span class='ocrx_word' id='word_1_755' title='bbox 527 5246 937 5317; x_wconf 74' lang='grc' dir='ltr'>ἀποστρέφειν</span> <span class='ocrx_word' id='word_1_756' title='bbox 986 5247 1255 5301; x_wconf 77' lang='grc' dir='ltr'>ἕκαστον</span> <span class='ocrx_word' id='word_1_757' title='bbox 1307 5245 1427 5302; x_wconf 79' lang='grc' dir='ltr'>ἀπὸ</span> <span class='ocrx_word' id='word_1_758' title='bbox 1459 5242 1579 5299; x_wconf 86' lang='grc' dir='ltr'>τῶν</span> <span class='ocrx_word' id='word_1_759' title='bbox 1619 5242 1891 5313; x_wconf 71' lang='grc' dir='ltr'>πονηρῶν</span> 
     </span>
    </p>
   </div>
   <div class='ocr_carea' id='block_1_101' title="bbox 1994 5232 3596 5317">
    <p class='ocr_par' dir='ltr' id='par_1_101' title="bbox 2011 5232 3596 5312">
     <span class='ocr_line' id='line_1_104' title="bbox 2011 5232 3596 5312; baseline -0.011 -13"><span class='ocrx_word' id='word_1_760' title='bbox 2011 5254 2184 5299; x_wconf 77' lang='lat' dir='ltr'><strong>vertat</strong></span> <span class='ocrx_word' id='word_1_761' title='bbox 2209 5260 2264 5299; x_wconf 87' lang='lat' dir='ltr'><strong>se</strong></span> <span class='ocrx_word' id='word_1_762' title='bbox 2292 5241 2651 5312; x_wconf 85' lang='lat' dir='ltr'><strong>unusquisque</strong></span> <span class='ocrx_word' id='word_1_763' title='bbox 2694 5246 2923 5293; x_wconf 82' lang='lat' dir='ltr'><strong>vestrum</strong></span> <span class='ocrx_word' id='word_1_764' title='bbox 2961 5240 3027 5291; x_wconf 87' lang='lat' dir='ltr'><strong>ab</strong></span> <span class='ocrx_word' id='word_1_765' title='bbox 3056 5234 3393 5305; x_wconf 84' lang='lat' dir='ltr'><strong>improbitate</strong></span> <span class='ocrx_word' id='word_1_766' title='bbox 3421 5232 3441 5268; x_wconf 68' lang='grc' dir='ltr'><strong>ί</strong></span> <span class='ocrx_word' id='word_1_767' title='bbox 3475 5246 3596 5286; x_wconf 85' lang='lat' dir='ltr'><strong>sua.</strong></span> 
     </span>
    </p>
   </div>
   <div class='ocr_carea' id='block_1_102' title="bbox 316 5340 558 5411">
    <p class='ocr_par' dir='ltr' id='par_1_102' title="bbox 316 5340 558 5411">
     <span class='ocr_line' id='line_1_105' title="bbox 316 5340 558 5411; baseline 0 -16"><span class='ocrx_word' id='word_1_768' title='bbox 316 5340 489 5411; x_wconf 82' lang='grc' dir='ltr'><strong>ὑμῶν</strong></span> <span class='ocrx_word' id='word_1_769' title='bbox 514 5343 558 5395; x_wconf 79' lang='lat'><strong>’.</strong></span> 
     </span>
    </p>
   </div>
   <div class='ocr_carea' id='block_1_103' title="bbox 1520 5455 2430 5520">
    <p class='ocr_par' dir='ltr' id='par_1_103' title="bbox 1520 5455 2430 5520">
     <span class='ocr_line' id='line_1_106' title="bbox 1520 5455 2430 5520; baseline -0.003 -3"><span class='ocrx_word' id='word_1_770' title='bbox 1520 5455 1723 5518; x_wconf 74' lang='lat' dir='ltr'><strong>Variaa</strong></span> <span class='ocrx_word' id='word_1_771' title='bbox 1777 5455 2087 5520; x_wconf 88' lang='lat' dir='ltr'><strong>lectiones</strong></span> <span class='ocrx_word' id='word_1_772' title='bbox 2130 5462 2194 5518; x_wconf 88' lang='lat' dir='ltr'><strong>et</strong></span> <span class='ocrx_word' id='word_1_773' title='bbox 2238 5459 2430 5517; x_wconf 63' lang='lat' dir='ltr'><strong>nota.</strong></span> 
     </span>
    </p>
   </div>
   <div class='ocr_carea' id='block_1_104' title="bbox 395 5545 1891 5633">
    <p class='ocr_par' dir='ltr' id='par_1_104' title="bbox 395 5554 1891 5633">
     <span class='ocr_line' id='line_1_107' title="bbox 395 5554 1891 5633; baseline -0.019 -14"><span class='ocrx_word' id='word_1_774' title='bbox 395 5564 444 5596; x_wconf 75' lang='lat'><strong>”</strong></span> <span class='ocrx_word' id='word_1_775' title='bbox 476 5562 590 5633; x_wconf 74' lang='grc' dir='ltr'>ισ.,</span> <span class='ocrx_word' id='word_1_776' title='bbox 620 5557 775 5633; x_wconf 46' lang='grc' dir='ltr'>πῶςε</span> <span class='ocrx_word' id='word_1_777' title='bbox 810 5557 881 5633; x_wconf 45' lang='grc'><strong><em>-⁸⁸</em></strong></span> <span class='ocrx_word' id='word_1_778' title='bbox 911 5554 975 5611; x_wconf 83' lang='lat' dir='ltr'><strong>In</strong></span> <span class='ocrx_word' id='word_1_779' title='bbox 998 5554 1227 5633; x_wconf 72' lang='lat' dir='ltr'><strong>vulgatis</strong></span> <span class='ocrx_word' id='word_1_780' title='bbox 1254 5562 1350 5633; x_wconf 78' lang='lat' dir='ltr'><strong>est,</strong></span> <span class='ocrx_word' id='word_1_781' title='bbox 1409 5555 1670 5633; x_wconf 50' lang='grc' dir='ltr'>ῃωρςἦς,</span> <span class='ocrx_word' id='word_1_782' title='bbox 1706 5626 1725 5633; x_wconf 35' lang='grc' dir='ltr'><strong>Δ</strong></span> <span class='ocrx_word' id='word_1_783' title='bbox 1749 5556 1820 5633; x_wconf 32' lang='grc' dir='ltr'><strong>ὀε</strong></span> <span class='ocrx_word' id='word_1_784' title='bbox 1868 5557 1891 5610; x_wconf 59' lang='grc' dir='ltr'>ὕ</span> 
     </span>
    </p>
   </div>
   <div class='ocr_carea' id='block_1_105' title="bbox 1994 5545 3605 5633">
    <p class='ocr_par' dir='ltr' id='par_1_105' title="bbox 1994 5545 3605 5633">
     <span class='ocr_line' id='line_1_108' title="bbox 1994 5545 3605 5633; baseline -0.003 -22"><span class='ocrx_word' id='word_1_785' title='bbox 1994 5575 1998 5596; x_wconf 73' lang='grc' dir='ltr'><strong>ι</strong></span> <span class='ocrx_word' id='word_1_786' title='bbox 2027 5597 2043 5623; x_wconf 92' lang='grc'><strong>,</strong></span> <span class='ocrx_word' id='word_1_787' title='bbox 2091 5564 2170 5611; x_wconf 87' lang='lat' dir='ltr'><strong>est</strong></span> <span class='ocrx_word' id='word_1_788' title='bbox 2211 5556 2278 5633; x_wconf 84' lang='lat' dir='ltr'><strong>in_</strong></span> <span class='ocrx_word' id='word_1_789' title='bbox 2298 5552 2551 5633; x_wconf 66' lang='lat' dir='ltr'><strong>vulgatis,</strong></span> <span class='ocrx_word' id='word_1_790' title='bbox 2573 5562 2780 5633; x_wconf 46' lang='lat' dir='ltr'><strong>ecutos.</strong></span> <span class='ocrx_word' id='word_1_791' title='bbox 2798 5549 2975 5632; x_wconf 60' lang='grc' dir='ltr'>ᾥμῷν.</span> <span class='ocrx_word' id='word_1_792' title='bbox 3037 5629 3046 5633; x_wconf 74' lang='lat'>_</span> <span class='ocrx_word' id='word_1_793' title='bbox 3078 5548 3124 5579; x_wconf 75' lang='grc'><strong>³⁷</strong></span> <span class='ocrx_word' id='word_1_794' title='bbox 3158 5545 3475 5633; x_wconf 37' lang='lat' dir='ltr'><strong>ltt‘vulg-ut‘is</strong></span> <span class='ocrx_word' id='word_1_795' title='bbox 3503 5564 3605 5633; x_wconf 73' lang='lat' dir='ltr'><strong>est,</strong></span> 
     </span>
    </p>
   </div>
   <div class='ocr_carea' id='block_1_106' title="bbox 325 5621 1891 5772">
    <p class='ocr_par' dir='ltr' id='par_1_106' title="bbox 325 5621 1891 5772">
     <span class='ocr_line' id='line_1_109' title="bbox 325 5621 1891 5700; baseline -0.004 -12"><span class='ocrx_word' id='word_1_796' title='bbox 325 5621 651 5688; x_wconf 78' lang='grc' dir='ltr'>ἀκούσεσθε.</span> <span class='ocrx_word' id='word_1_797' title='bbox 728 5627 777 5661; x_wconf 75' lang='grc'><strong>’⁸</strong></span> <span class='ocrx_word' id='word_1_798' title='bbox 805 5627 893 5695; x_wconf 84' lang='grc' dir='ltr'>ἂν,</span> <span class='ocrx_word' id='word_1_799' title='bbox 925 5637 1003 5683; x_wconf 86' lang='lat' dir='ltr'><strong>est</strong></span> <span class='ocrx_word' id='word_1_800' title='bbox 1024 5621 1354 5697; x_wconf 47' lang='lat' dir='ltr'><strong>in&#39;vulgatis.</strong></span> <span class='ocrx_word' id='word_1_801' title='bbox 1429 5626 1475 5658; x_wconf 81' lang='lat'>&quot;</span> <span class='ocrx_word' id='word_1_802' title='bbox 1498 5621 1891 5700; x_wconf 75' lang='grc' dir='ltr'>εὐλογηθήσοντ</span> 
     </span>
     <span class='ocr_line' id='line_1_110' title="bbox 330 5702 716 5772; baseline -0.01 -15"><span class='ocrx_word' id='word_1_803' title='bbox 330 5705 352 5736; x_wconf 80' lang='grc'>⁸</span> <span class='ocrx_word' id='word_1_804' title='bbox 383 5702 716 5772; x_wconf 55' lang='lat' dir='ltr'><strong>ﬁnitimam.</strong></span> 
     </span>
    </p>
   </div>
   <div class='ocr_carea' id='block_1_107' title="bbox 1994 5621 3601 5772">
    <p class='ocr_par' dir='ltr' id='par_1_107' title="bbox 2000 5621 3601 5697">
     <span class='ocr_line' id='line_1_111' title="bbox 2000 5621 3601 5697; baseline -0.004 -14"><span class='ocrx_word' id='word_1_805' title='bbox 2000 5621 2078 5683; x_wconf 81' lang='lat' dir='ltr'><strong>est</strong></span> <span class='ocrx_word' id='word_1_806' title='bbox 2113 5630 2167 5681; x_wconf 85' lang='lat' dir='ltr'><strong>in</strong></span> <span class='ocrx_word' id='word_1_807' title='bbox 2192 5621 2450 5696; x_wconf 67' lang='lat' dir='ltr'><strong>vulgatis.</strong></span> <span class='ocrx_word' id='word_1_808' title='bbox 2528 5624 2544 5655; x_wconf 79' lang='grc'><strong>⁸</strong></span> <span class='ocrx_word' id='word_1_809' title='bbox 2581 5622 2745 5678; x_wconf 80' lang='grc' dir='ltr'>αὑτὸν</span> <span class='ocrx_word' id='word_1_810' title='bbox 2762 5621 2846 5675; x_wconf 83' lang='lat' dir='ltr'><strong>hic</strong></span> <span class='ocrx_word' id='word_1_811' title='bbox 2883 5622 3138 5675; x_wconf 86' lang='lat' dir='ltr'><strong>insertum</strong></span> <span class='ocrx_word' id='word_1_812' title='bbox 3162 5628 3241 5675; x_wconf 73' lang='lat' dir='ltr'><strong>est</strong></span> <span class='ocrx_word' id='word_1_813' title='bbox 3266 5622 3319 5676; x_wconf 83' lang='lat' dir='ltr'><strong>in</strong></span> <span class='ocrx_word' id='word_1_814' title='bbox 3349 5621 3601 5697; x_wconf 81' lang='lat' dir='ltr'><strong>vulgatis.</strong></span> 
     </span>
    </p>
   </div>
   <div class='ocr_carea' id='block_1_108' title="bbox 425 5720 716 5772">
    <p class='ocr_par' dir='ltr' id='par_1_108' title="bbox 425 5720 716 5772">
     <span class='ocr_line' id='line_1_112' title="bbox 425 5720 716 5772; baseline -0.014 -15"><span class='ocrx_word' id='word_1_815' title='bbox 425 5720 561 5772; x_wconf 78' lang='grc' dir='ltr'>μων,</span> <span class='ocrx_word' id='word_1_816' title='bbox 578 5720 716 5756; x_wconf 85' lang='lat' dir='ltr'><strong>erat.</strong></span> 
     </span>
    </p>
   </div>
   <div class='ocr_carea' id='block_1_109' title="bbox 404 5790 1446 5859">
    <p class='ocr_par' dir='ltr' id='par_1_109' title="bbox 404 5790 1446 5859">
     <span class='ocr_line' id='line_1_113' title="bbox 404 5790 1446 5859; baseline -0.013 -2"><span class='ocrx_word' id='word_1_817' title='bbox 404 5808 429 5841; x_wconf 75' lang='grc' dir='ltr'>ι</span> <span class='ocrx_word' id='word_1_818' title='bbox 467 5805 525 5856; x_wconf 80' lang='grc' dir='ltr'><strong>ν.</strong></span> <span class='ocrx_word' id='word_1_819' title='bbox 551 5793 949 5855; x_wconf 73' lang='lat' dir='ltr'><strong>exierminetur.</strong></span> <span class='ocrx_word' id='word_1_820' title='bbox 1034 5796 1050 5831; x_wconf 71' lang='grc' dir='ltr'><strong>ί</strong></span> <span class='ocrx_word' id='word_1_821' title='bbox 1086 5792 1151 5850; x_wconf 77' lang='grc' dir='ltr'>γ.</span> <span class='ocrx_word' id='word_1_822' title='bbox 1190 5790 1446 5859; x_wconf 86' lang='lat' dir='ltr'><strong>nequitia.</strong></span> 
     </span>
    </p>
   </div>
  </div>
