4070 6416
472 395 579 462 5Ἱ1

1360 404 1947 467 ΤΙΙΕΟΡΗΥΙΑΟΤΙ
1989 405 2403 468 BULGARl/E
2440 409 2799 473 ARCHIEP.

3646 401 3753 471 572

549 511 723 576 Dixit,
765 519 872 568 etc.
917 512 1237 582 Prophetam
1266 525 1321 567 ut
1362 531 1465 569 me.
1497 502 1768 570 Caeterum
1803 515 1949 584 quod
1983 515 2065 570 di-

2246 515 2675 592 [KYPIAAOIZ]
2698 517 2919 585 Ειπὼν,
2943 516 2963 549 ³
2993 517 3319 587 Προφήτην
3338 517 3418 585 ὠς
3437 512 3572 588 ἐμέο
3595 519 3656 573 τὸ
3672 518 3750 574 δὲ.

473 603 578 666 cit,
612 612 671 657 ut
704 618 809 666 me,
836 619 942 658 non
976 605 1043 659 de
1066 616 1286 669 natura,
1324 606 1418 661 sed
1443 606 1511 660 de
1544 608 1758 661 actione
1789 608 2067 677 accipien-

474 692 607 748 dum
640 703 694 749 et
724 696 1144 766 intelligendum
1190 707 1294 753 est.
1347 696 1464 752 Non
1506 698 1671 767 igitur
1705 707 1925 764 natura,
1968 701 2061 755 sed

481 785 649 841 rebus
679 788 876 856 gestis.
906 786 1040 843 Nam
1071 789 1117 843 si
1150 789 1389 843 essentia
1436 796 1603 858 atque
1639 798 1860 852 natura,
1888 790 2065 844 dixis-

481 885 589 939 set,
622 886 683 932 ut
708 894 834 933 me:
871 894 977 934 non
1008 896 1151 934 unus
1180 880 1540 945 surrexisset,
1583 883 1678 934 sed
1721 882 1897 934 multi.
1931 880 2069 935 Pro-

476 970 691 1036 phetam
738 970 993 1022 excitabit
1031 969 1173 1023 vobis
1226 969 1504 1034 Dominus,
1530 977 1635 1025 etc.
1669 971 1935 1036 PtOphcta
1967 989 2068 1026 no-

478 1059 724 1113 minatus
755 1068 837 1115 est
865 1060 1185 1115 Emmanuel
1209 1070 1432 1130 prepter
1458 1062 1750 1116 humanam
1778 1073 2063 1117 naturam.

476 1152 573 1221 qui
613 1156 869 1221 tanquam
900 1155 1019 1209 loco
1049 1153 1250 1225 Moysis
1275 1154 1368 1209 Dei
1396 1162 1450 1209 et
1483 1154 1765 1209 hominum
1804 1157 2070 1211 mediator

478 1252 535 1296 et
559 1243 896 1299 intercessor
915 1255 1018 1301 est.
1051 1246 1290 1301 Dixerim
1322 1248 1469 1301 enim
1501 1264 1624 1302 eum
1644 1250 1807 1303 etiam
1845 1246 2067 1319 Moysen

478 1352 606 1390 cum
639 1337 820 1408 Moyse
854 1350 882 1377 ιι
915 1355 1013 1408 per
1036 1339 1455 1394 similitudinem
1496 1350 1907 1409 comparatum:
1941 1356 2067 1394 Clllll

481 1427 675 1482 umbra
712 1428 962 1483 videlicet
995 1432 1307 1485 veritatem.
1338 1429 1602 1486 Nascitur
1627 1434 1773 1485 enim
1814 1430 2067 1488 Christus

480 1523 538 1577 in
587 1523 891 1589 Bethleem.
934 1525 1097 1580 sicuti
1124 1525 1339 1598 Moyses
1398 1527 1454 1580 in
1505 1524 1745 1597 Egypto
1778 1544 1793 1593 ;
1824 1526 2069 1581 Israelita

479 1619 575 1672 ille
631 1618 754 1683 fuit,
809 1621 972 1675 etiam
1019 1622 1108 1677 hic
1136 1622 1283 1692 quod
1321 1621 1516 1676 attinet
1555 1621 1623 1675 ad
1668 1636 1891 1676 carnem
1933 1639 1948 1688 ;
1999 1621 2069 1676 de

479 1726 681 1780 genere
709 1720 892 1768 autem
927 1713 1019 1768 ille
1040 1714 1389 1780 sacerdotali,
1440 1715 1530 1769 hic
1554 1717 1620 1769 de
1649 1715 1848 1770 Davide
1873 1716 2067 1770 oriun-

476 1805 585 1859 dus
607 1814 834 1874 propter
850 1804 1169 1877 Virginem;
1194 1807 1406 1863 Pharao
1438 1808 1688 1878 regnavit
1713 1809 1862 1864 illius
1889 1816 2066 1873 aelate,

479 1896 646 1964 hui-:9
673 1896 950 1964 Herodes;
986 1900 1225 1955 infantes
1253 1900 1343 1954 ille
1370 1900 1512 1954 tollit
1545 1942 1560 1965 ,
1603 1900 1692 1954 hic
1719 1900 1958 1956 infantes
1984 1900 2068 1955 in-

476 1987 677 2042 terﬁcit
702 2005 717 2054 ;
757 1991 1033 2045 masculos
1056 1991 1164 2055 ille,
1191 1992 1468 2048 masculos
1491 2000 1545 2046 et
1568 1991 1692 2058 hic;
1724 2006 1819 2061 per
1845 2001 2072 2046 matrem

479 2079 573 2134 ille
597 2089 891 2149 servatur;
921 2097 1017 2151 per
1044 2091 1275 2137 matrem
1293 2091 1348 2140 et
1369 2098 1475 2139 una
1504 2099 1631 2138 cum
1667 2094 1843 2139 matre
1891 2099 2075 2139 serva-

478 2184 572 2231 tus
606 2183 692 2232 est
716 2176 882 2232 etiam
909 2177 1017 2234 hic.
1055 2176 1302 2235 Tolletur
1334 2178 1405 2234 de
1427 2179 1651 2249 populo.
1681 2177 1818 2233 Cum
1850 2179 2077 2233 immor-

474 2267 607 2322 talis
646 2269 719 2324 sit
751 2269 936 2325 anima
970 2270 1235 2336 hominis,
1271 2286 1383 2325 non
1421 2286 1654 2340 prorsus
1681 2286 1746 2326 ac
1781 2272 1941 2340 plane
1968 2271 2075 2326 tol-

479 2358 616 2412 litur
663 2373 726 2413 ac
757 2358 1009 2429 disperit,
1051 2360 1148 2416 sed
1197 2374 1262 2414 ex
1304 2359 1451 2414 bono
1500 2360 1739 2430 quodam
1782 2360 1978 2415 ordine
2009 2375 2075 2415 ac

478 2446 626 2513 loco,
661 2448 754 2503 ubi
783 2448 986 2521 [prius]
1012 2457 1132 2504 erat
1156 2448 1447 2513 collocata,
1477 2447 1762 2521 [ejicitur].
1787 2448 1880 2504 Sic
1908 2452 2072 2505 etiam

478 2537 654 2596 Judas
683 2539 895 2608 ejectus
929 2549 983 2596 et
1016 2548 1198 2595 motus
1242 2548 1328 2595 est
1362 2541 1555 2595 ordine
1582 2550 1634 2595 et
1658 2551 1799 2595 οσςιιι
1848 2552 2073 2611 aposio-

479 2632 682 2686 lorum.
719 2632 992 2699 Quoniam
1027 2632 1199 2703 igitur
1242 2632 1575 2687 immortalis
1618 2642 1703 2688 est
1734 2634 1941 2695 anima,
1978 2649 2075 2704 per

481 2723 1003 2778 exterminationem
1054 2733 1109 2778 et
1142 2723 1467 2793 ejectionem
1522 2723 1643 2792 ejus
1691 2724 2069 2793 intelligimus,

479 2831 602 2872 eam
627 2817 886 2871 excidere
923 2827 1084 2888 atque
1116 2817 1318 2887 privari
1368 2817 1548 2881 bonis,
1583 2818 1787 2885 quibus
1822 2819 2072 2872 futurum

481 2917 627 2973 erat,
666 2916 726 2963 ut
774 2910 1073 2975 frueretur,
1127 2909 1176 2964 si
1214 2910 1398 2975 modo,
1435 2920 1493 2964 ut
1530 2909 1675 2965 Deus
1709 2911 2069 2980 praescripsit,

481 3001 650 3053 vitam
688 3002 1065 3069 transegisset.
1095 2999 1204 3056 Vos
1226 3002 1360 3056 estis
1382 3000 1472 3054 lilii
1507 3001 1917 3071 prophetarum.
1942 3002 2073 3058 Pro-

482 3090 772 3160 phetarum
801 3091 950 3156 dicit,
1006 3106 1104 3160 pro
1133 3106 1199 3146 eo
1246 3092 1394 3161 quod
1421 3102 1543 3147 est:
1576 3093 1695 3147 Non
1725 3095 1909 3150 animo
1942 3111 2071 3151 con-

2096 1860 2143 1919 B

2172 606 2248 671 ὠς
2274 609 2398 677 ἐμὲ,
2442 610 2543 662 οὐκ
2575 610 2670 663 ἐπὶ
2700 610 2799 679 τῆς
2832 608 3070 678 φύσεως,
3096 609 3213 663 ἀλλ’
3253 610 3346 664 ἐπὶ
3366 611 3466 681 τῆς
3500 611 3752 683 πράξεως

2165 700 2485 771 ἐκληπτέον.
2504 703 2580 755 Οὐ
2604 703 2703 773 τῆς
2731 701 2918 765 οὐσίας
2943 702 3059 768 οῦν,
3078 702 3215 756 ἀλλά
3226 702 3377 767 τοῖςθ
3398 704 3720 775 πράγμασιν
3735 722 3751 738 ο

2167 792 2216 844 εἰ
2240 791 2371 863 γὰρ,
2401 797 2466 865 τῇ
2493 794 2673 865 οὐσίᾳ,
2707 793 2834 864 ἔφη,
2858 793 2934 857 ὡς
2969 794 3093 865 ἐμὲ,
3116 794 3215 864 οὐχ
3240 788 3321 857 εἷς
3352 794 3576 867 ἀνέστη,
3614 796 3755 851 ἀλλά

2168 883 2375 937 πολλοί.
2420 885 2746 953 Προφήτην
2786 884 2928 953 ὑμῖν
2960 884 3303 954 ἀναστήσει
3336 886 3576 955 Κύριος.
3612 889 3756 959 Προ-

2169 975 2349 1045 φήτης
2373 976 2690 1045 ὠνόμασται
2722 976 2809 1029 διὰ
2844 976 2904 1029 τὸ
2930 975 3281 1046 ἀνθρώπινον
3308 980 3336 1032 ὁ
3372 978 3753 1051 Ἐμμανουὴλ,

2165 1068 2195 1118 ό
2244 1067 2319 1130 ὼς
2352 1070 2410 1120 ἐν
2433 1066 2585 1133 τάξει
2615 1069 2895 1131 Μωῦσέως
2927 1070 2949 1100 ⁵
2984 1070 3212 1140 μεσίτης
3258 1068 3395 1124 Θεοῦ
3422 1073 3517 1126 καὶ
3543 1071 3756 1141 ἀνθρώ-

2171 1178 2287 1214 πων
2308 1177 2322 1191 ⁸
2352 1162 2521 1232 φαίην
2549 1162 2659 1232 γὰρ
2701 1159 2768 1215 ἂν
2796 1162 2962 1216 αὐτὸν
3012 1163 3108 1216 καὶ
3140 1164 3375 1217 Μωσέα·
3428 1165 3671 1233 Μωῦσῆν
3694 1166 3755 1218 ὲν

2171 1253 2456 1324 παραϐολῇ
2503 1253 2954 1324 συγκρινόμενον,
2987 1257 3053 1326 τῇ
3102 1256 3232 1327 σκιᾷ
3266 1257 3296 1325 ἡ
3328 1254 3580 1326 ἀλήθεια.
3626 1258 3664 1310 Γ
3668 1276 3758 1311 εν-

2169 1344 2329 1397 νᾶται
2374 1346 2483 1416 γὰρ
2516 1347 2570 1397 ὲν
2598 1344 2849 1415 Βηθλεὲμ
2877 1347 2905 1399 ὁ
2942 1345 3203 1415 Χριστὸς,
3252 1344 3327 1408 ὡς
3361 1349 3389 1399 ό
3436 1347 3641 1416 Μωσῆς
3694 1349 3757 1400 έν

2169 1438 2433 1507 Αἰγύπτῳ
2452 1454 2467 1469 ο
2522 1436 2865 1507 Ἰσραηλίτης
2899 1439 3129 1501 ἐκεῖνος,
3157 1431 3315 1501 οὗτος
3358 1438 3419 1491 τὸ
3445 1438 3587 1491 κατά
3618 1440 3760 1508 σάρη

2172 1548 2243 1584 κα
2264 1570 2280 1596 ,
2316 1532 2382 1583 ὲκ
2409 1530 2602 1597 γένους
2649 1529 2704 1583 δὲ
2742 1529 3047 1601 ἱερατικοῦ,
3076 1526 3234 1593 οὗτος
3257 1533 3320 1583 ὲκ
3350 1530 3517 1583 Δαόἶδ
3536 1531 3622 1585 διὰ
3655 1532 3761 1602 τὴν

2172 1620 2471 1691 Παρθένον.
2500 1620 2702 1692 Φαραὼ
2731 1620 2816 1674 ἐπ’
2847 1620 3081 1684 ἐκείνου,
3124 1621 3370 1690 Ἡρώδης
3412 1622 3504 1673 ἐπὶ
3530 1620 3724 1674 τούτου
3743 1639 3757 1652 ·

2174 1714 2349 1785 βρέφη
2381 1714 2597 1782 φονεύει
2627 1714 2860 1776 ἐκεῖνος,
2899 1713 3075 1785 βρέφη
3129 1707 3287 1777 οὗτος
3317 1716 3560 1783 ἁναιρεῖ-
3588 1718 3765 1786 61M:-

2173 1805 2299 1859 νικά
2326 1806 2555 1869 ἐκεῖνος,
2579 1804 2847 1876 ἀρρενικά
2876 1804 2972 1858 καὶ
2996 1795 3153 1865 οὗτος
3175 1820 3190 1834 ο
3219 1803 3305 1856 διὰ
3338 1803 3545 1874 μητρὸς
3582 1803 3762 1867 σώζε-

2177 1916 2263 1952 ται
2295 1898 2524 1960 ἐκεῖνος,
2554 1897 2642 1951 διὰ
2682 1895 2889 1968 μητρὸς
2921 1895 3102 1962 ἐσώθη
3136 1896 3229 1948 καὶ
3261 1899 3399 1966 μετᾶ
3427 1896 3635 1965 μητρὸς
3662 1888 3761 1948 οὗ·

2176 2007 2287 2053 τος.
2326 1989 2875 2059 Ἐξολοθρευθήσεται
2925 1990 2989 2041 ὲκ
3029 1987 3125 2041 τοῦ
3182 1987 3336 2041 λαοῦ.
3377 1986 3765 2061 [ΔΙΔΥΜΟΥ.]

2188 2081 2480 2143 ’Λθάνατος
2502 2080 2638 2134 οὐσα
2664 2079 2759 2133 τοῦ
2799 2078 3090 2149 ἀνθρώπου
3131 2081 3164 2150 ή
3202 2078 3371 2149 ψυχὴ,
3413 2080 3472 2132 οὐ
3504 2077 3768 2144 καθάπαξ

2176 2173 2607 2245 ὲξολοθρεύεται,
2634 2170 2752 2225 ἀλλ’
2787 2170 2852 2224 ἔκ
2879 2189 3025 2233 τινος
3048 2172 3150 2237 τᾶγ
3161 2189 3328 2240 ματος
3363 2171 3591 2239 ἀγαθοῦ,
3620 2173 3761 2225 ὅπου

2174 2262 2242 2336 ἦν
2283 2264 2591 2335 τεταγμένη
2644 2265 2931 2335 πρότερον.
2980 2261 3137 2317 Οὕτω
3180 2262 3277 2316 καὶ
3306 2262 3507 2326 Ἰούδας
3559 2263 3763 2328 ἔξωλο-

2177 2353 2380 2425 θρεύθη
2435 2357 2500 2408 ὲκ
2550 2353 2645 2408 τοῦ
2696 2353 2860 2423 χοροῦ
2907 2352 3015 2407 τῶν
3071 2353 3413 2409 ἀποστόλων.
3456 2351 3612 2406 Ἐπεὶ
3666 2348 3767 2407 οῦν

2175 2444 2444 2508 ἀθάνατός
2463 2444 2612 2497 ἐστιν
2640 2445 2673 2514 ἡ
2707 2442 2877 2514 ψυχὴ,
2904 2440 3283 2513 ὲξολόθρευσιν
3335 2442 3505 2512 αὐτῆς
3527 2441 3765 2509 νοοῦμεν

2176 2538 2235 2590 τδ
2271 2537 2375 2603 ἔξω
2401 2536 2659 2603 γενέσθαι
2680 2536 2787 2588 τῶν
2811 2533 3055 2603 ἀγαθῶν,
3084 2528 3159 2590 ὧν
3187 2534 3415 2605 ἔμελλεν
3438 2535 3765 2600 ἀπολαύειν,

2175 2634 2291 2701 εἴγε
2324 2630 2644 2699 θεοπρεπῶς
2682 2627 3091 2682 ἐπολιτεύσατο.
3140 2628 3329 2698 Ὑμεῖς
3372 2629 3496 2680 ἐστε
3524 2631 3629 2680 υἱοὶ
3652 2627 3765 2681 τῶν

2176 2721 2495 2794 προφητῶν.
2534 2721 2836 2793 Προφητῶν
2866 2718 3015 2788 λέγει
3036 2759 3052 2783 ,
3085 2719 3208 2775 ἀντὶ
3236 2717 3353 2782 τοῦ,
3406 2718 3480 2790 μὴ
3509 2720 3766 2773 πτοεῖσθε

2178 2815 2314 2885 μηδὲ
2347 2813 2599 2883 νομίζετε
2626 2812 2648 2845 ⁸
2670 2813 2752 2865 δεῖ
2780 2811 3182 2879 ἀλλοτριῶσθαι
3205 2812 3431 2874 ἑαυτοὺς
3447 2811 3558 2863 τῶν
3583 2814 3767 2880 ἐπαγ-

2176 2906 2393 2975 γε).ιιῖ›ν.
2419 2905 2615 2975 Ὑμεῖς
2646 2906 2770 2957 ἐστε
2802 2904 2908 2958 υἱοὶ
2937 2903 3047 2957 τῶν
3089 2903 3387 2974 προφητῶν
3407 2920 3420 2933 ·
3455 2901 3597 2955 ὥστε
3628 2903 3766 2973 ὑμῖν

2174 2996 2380 3064 ελεγον,
2406 2998 2498 3049 καί
2520 2996 2590 3048 δι’
2621 2996 2765 3065 ὑμᾶς
2783 2994 2957 3048 ταῦτα
2982 2994 3194 3063 γέγονε.
3228 2994 3294 3046 Τί
3323 2997 3491 3061 ἐστιν,
3525 2993 3635 3047 uixi.
3662 2994 3768 3063 τῆς

2174 3089 2475 3160 διαθήκης;
2523 3089 2670 3141 Ἀντὶ
2700 3087 2817 3154 τοῦ,
2847 3086 3197 3157 κληρονόμου
3223 3085 3551 3158 κληρονόμοι
3586 3084 3665 3148 δὲ,
3695 3085 3762 3139 οὐ

485 3183 726 3239 eternari
757 3192 803 3247 ν,
854 3199 1033 3250 neque
1087 3183 1410 3239 existimare
1465 3194 1680 3255 oportet
1733 3201 1827 3241 vos
1860 3188 2068 3242 alienos

2182 3185 2517 3254 προσφάτως
2533 3181 2926 3251 ἐγγραφέντες,
2973 3180 3089 3234 ἀλλ’
3121 3180 3198 3243 ὡς
3231 3179 3359 3243 υἱοὶ,
3384 3177 3560 3242 ἄλλως
3610 3194 3671 3230 τε
3699 3178 3765 3232 δὲ

487 3273 664 3328 factos
712 3289 837 3328 esse
879 3272 1340 3341 promissionum.
1377 3272 1486 3329 Vos
1515 3277 1652 3330 estis
1696 3276 1789 3330 lilii
1835 3280 2073 3347 prophe-

487 3378 693 3418 tarum.
732 3363 917 3433 Itaque
957 3364 1113 3418 vobis
1148 3363 1431 3429 dicebant,
1472 3381 1537 3421 ac
1571 3376 1795 3436 promer
1825 3384 1925 3423 vos
1959 3368 2074 3423 hzec

488 3457 631 3510 facta
659 3464 810 3512 sunt.
838 3456 977 3521 Quid
1015 3469 1121 3524 est,
1162 3458 1255 3511 liiii
1288 3459 1650 3513 testamenti?
1678 3475 1775 3528 pro
1811 3475 1896 3525 eo,
1930 3460 2074 3529 quod

480 3556 573 3602 est
597 3548 858 3614 hau-edes,
894 3550 1137 3606 haermles
1171 3559 1377 3615 autem,
1428 3568 1534 3606 non
1570 3568 1764 3609 recens
1820 3569 1883 3607 ac
1913 3554 2077 3609 modo

487 3641 679 3708 scripti
715 3657 730 3698 :
761 3643 855 3696 sed
877 3651 1135 3711 tanquam
1165 3643 1288 3708 lilii,
1320 3652 1484 3714 atque
1505 3645 1771 3715 alioquin,
1804 3656 1863 3700 ut
1894 3656 2075 3701 osten-

486 3733 907 3801 dat,quatenus
945 3734 1072 3802 jure
1122 3736 1463 3804 adoptionis.
1515 3738 1681 3802 Quasi
1730 3737 1979 3793 diceret:
2011 3738 2071 3793 Si

484 3822 656 3893 igitur
687 3834 743 3878 et
773 3841 869 3881 vos
897 3828 999 3897 ipsi
1033 3829 1217 3892 vultis,
1246 3829 1493 3885 haeredes
1523 3830 1680 3886 estis.
1720 3830 1935 3885 Idcirco
1974 3849 2072 3889 vos

483 3917 640 3982 estis,
673 3916 779 3988 43
823 3920 1022 3989 inquit,
1073 3920 1165 3975 lilii
1211 3922 1603 3992 prophetarum
1648 3935 1700 3978 et
1733 3927 2073 3982 testamenti.

478 4005 669 4061 Jesum
701 4009 872 4077 misit,
912 4013 1007 4081 qui
1055 4014 1410 4070 benediceret
1445 4017 1623 4071 vobis.
1657 4016 1804 4071 Misit
1848 4018 2068 4087 quidem

485 4100 648 4152 etiam
674 4102 819 4164 aliis,
851 4103 948 4158 sed
980 4107 1134 4172 prius
1165 4108 1339 4172 vobis,
1379 4109 1471 4177 qui
1504 4110 1864 4166 crneilixistis
1894 4120 1947 4165 et
1983 4112 2071 4164 iu-

481 4187 796 4246 terl’ecistis.
829 4192 1163 4262 Ecqnandu?
1210 4211 1277 4249 an
1301 4212 1363 4249 ex
1392 4212 1557 4253 cruce
1580 4199 1891 4254 duntaxat?
1942 4202 2076 4271 quin

2173 3278 2261 3330 ἵνα
2302 3276 2451 3347 δείξῃ
2491 3275 2572 3328 ὅτι
2604 3274 2726 3328 ὅσον
2769 3273 2878 3327 ἀπὸ
2907 3273 3008 3342 τῆς
3056 3271 3365 3335 υἱοθεσίας,
3396 3270 3459 3324 Εἰ
3507 3273 3615 3341 ἄρα
3665 3271 3765 3324 καὶ

2172 3368 2324 3422 αὐτοὶ
2357 3366 2636 3435 βούλεσθε,
2670 3364 3003 3436 κληρονόμοι
3053 3364 3200 3418 ἐστέ.
3234 3362 3333 3415 Διά
3366 3362 3526 3416 τοῦτό
3565 3379 3763 3432 φησιν,

2181 3458 2375 3529 Ὑμεῖς
2404 3459 2526 3510 ἐστε
2559 3458 2664 3509 υἱοὶ
2699 3458 2807 3509 τῶν
2852 3455 3149 3526 προφητῶν
3200 3456 3296 3509 καὶ
3338 3454 3438 3524 τῆς
3472 3454 3763 3526 διαθήκης.

2188 3550 2397 3620 Ἰησοῦν
2421 3550 2481 3602 ὂν
2517 3548 2839 3603 ἀπέστειλεν
2872 3546 3202 3616 εὐλογοῦντα
3237 3548 3403 3617 ὑμᾶς.
3446 3547 3765 3601 Ἀπέστειλε

2184 3643 2281 3714 μὲν
2321 3643 2431 3713 γὰρ
2454 3642 2686 3713 ἑτέροις,
2730 3639 2846 3695 ἀλλ’
2870 3640 2999 3710 ὑμῖν
3049 3639 3316 3711 πρότερον
3348 3641 3463 3702 τοῖς
3516 3636 3770 3708 σταυρὼ..

2182 3752 2307 3788 σασι
2336 3736 2431 3788 καὶ
2466 3732 2845 3787 ἀποκτείνασι.
2878 3731 2985 3786 Καὶ
3011 3731 3179 3798 πότε;
3218 3730 3355 3784 ’Δπύ
3394 3731 3488 3783 τοῦ
3524 3728 3769 3799 σταυροῦ

2183 3830 2373 3899 μόνον;
2406 3828 2541 3881 ἀλλὰ
2572 3828 2666 3880 καὶ
2717 3826 2855 3896 μετὰ
2882 3824 3057 3880 ταῦτα
3084 3826 3177 3879 καὶ
3232 3825 3370 3896 μετά
3399 3825 3496 3896 τὴν
3527 3827 3770 3879 ἀνάστα-

2181 3939 2289 3978 σιν.
2334 3923 2444 3976 Kal
2471 3920 2603 3992 γὰρ,
2644 3920 2830 3993 φησὶν,
2862 3921 2993 3989 ὑμῖν
3027 3919 3245 3991 πρῶτον
3270 3918 3583 3989 ἀναστήσας
3625 3917 3768 3971 ἀπέ-

2181 4016 2377 4079 στειλε,
2421 4016 2475 4068 τί
2509 4014 2767 4081 ποιῆσαι;
2798 4013 3107 4085 Εὐλογῆσαι
3140 4013 3285 4082 ὑμᾶς
3328 4010 3424 4065 καὶ
3464 4008 3661 4072 σῶσαι,
3698 4007 3769 4061 ἂν

2178 4107 2288 4177 ἄρα
2306 4108 2397 4160 καὶ
2420 4108 2576 4160 αὐτοὶ
2599 4106 2812 4159 ἕλοισθε
2835 4104 3187 4178 ἀποστρέψαι
3216 4102 3327 4157 ἀπὸ
3347 4101 3457 4155 τῶν
3478 4099 3771 4172 ἁμαρτιῶν

2188 4202 2218 4253 ὐ
2227 4200 2363 4269 μῶν.

479 4282 646 4336 etiam
674 4297 880 4352 postea,
906 4295 1140 4355 postque
1180 4292 1665 4348 resurremionem.
1706 4294 1921 4349 Etenim
2005 4295 2159 4348 vobis
2228 4294 2487 4363 primum,
2532 4291 2732 4362 inquit,
2786 4289 3174 4346 resuscitatum
3261 4288 3459 4344 misit:
3510 4285 3641 4356 quid
3703 4295 3768 4341 ut

480 4371 730 4431 faceret?
777 4387 834 4432 ut
876 4379 1224 4436 benediceret
1271 4384 1449 4450 vobis,
1499 4392 1559 4438 ut
1592 4395 1838 4441 servaret
1866 4402 1985 4448 vos,
2016 4386 2061 4440 si
2101 4387 2295 4456 utique
2349 4385 2515 4440 etiam
2577 4383 2683 4455 ipsi
2737 4382 3026 4438 volueritis
3071 4380 3340 4438 desistere
3418 4394 3447 4432 a
3526 4379 3774 4449 peccatis

478 4469 704 4524 vestris.

1099 4563 1333 4620 CAPUT
1376 4566 1460 4624 IV.

552 4649 719 4710 Vsus.
756 4654 805 4706 1.
851 4653 1133 4710 Facieules
1175 4668 1350 4711 autem
1388 4658 1510 4713 illos
1550 4660 1619 4713 ad
1665 4660 1917 4729 populum
1957 4660 2067 4713 Ima:

475 4744 662 4809 verba,
716 4748 892 4801 subito
941 4750 1233 4826 interventu
1281 4768 1375 4804 suo
1412 4762 1780 4819 oppresserunt
1824 4762 1872 4806 et
1908 4754 2071 4805 inter-

479 4838 806 4904 pellaverunt
836 4842 1135 4895 sacerdotes
1171 4859 1289 4895 cum
1329 4841 1580 4910 pra‘sidio
1611 4844 1813 4912 templi,
1840 4853 1889 4898 et
1925 4844 2067 4899 Sad-

479 4927 674 4991 ditari,

558 5020 716 5075 Vsus.
754 5020 809 5075 2.
849 5021 1055 5091 O/fensi
1092 5034 1367 5092 propterea
1389 5026 1529 5094 quod
1565 5027 1649 5081 illi
1694 5028 1946 5097 populum
1976 5030 2072 5080 do-

476 5122 653 5166 rcrent
683 5122 730 5175 ι,
769 5124 819 5167 et
858 5118 1239 5174 annuntiarent
1275 5134 1368 5187 per
1404 5118 1589 5175 Iesum
1633 5122 2068 5176 resurrectionem

482 5213 813 5260 mortuorum
837 5223 859 5261 .'

559 5298 725 5358 Vens.
777 5302 831 5357 5.
875 5301 982 5368 Qui
1019 5301 1313 5372 iujeceruut
1363 5306 1472 5361 illis
1504 5323 1714 5371 manus,
1750 5316 1800 5361 et
1841 5307 2074 5362 tradide-

2791 4563 3048 4617 ΚΕΦΑΛ.
3081 4564 3159 4616 Δ’.

2246 4659 2610 4715 Λαλούντων
2636 4656 2707 4710 δὲ
2755 4655 2955 4712 αὐτῶν
3011 4656 3162 4725 πρὸς
3187 4654 3295 4708 τόν
3318 4654 3474 4709 λαόν
3508 4656 3530 4687 ⁷
3562 4654 3631 4708 τὰ
3648 4655 3772 4723 ῥή-

2169 4769 2331 4824 ματα
2383 4752 2574 4806 ταῦτα
2619 4750 2978 4817 ἐπέστησαν
3006 4749 3209 4814 αὐτοῖς
3263 4751 3316 4803 ol
3353 4747 3529 4816 Ιερεῖς
3603 4745 3700 4801 καί
3733 4749 3771 4801 ὁ

2174 4845 2434 4914 στρατὸς
2458 4843 2605 4897 ⁸τοῦ
2645 4844 2806 4915 ἱεροῦ
2838 4843 2937 4897 καὶ
2971 4845 3027 4898 οἱ
3060 4841 3479 4906 Σαδδουκαῖοι,

2247 5029 2717 5096 Διαπονοὺμενοι
2767 5026 2865 5081 διὰ
2915 5027 2981 5080 τὸ
3022 5025 3337 5081 διδάσκειν
3377 5024 3606 5091 αὐτοὺς
3657 5025 3770 5079 τὸν

2182 5122 2357 5187 λαὸν,
2401 5120 2498 5173 καὶ
2527 5117 2964 5189 καταγγέλλειν
3010 5117 3079 5171 ἐν
3114 5116 3192 5182 τῷ
3227 5115 3435 5184 Ἰησοῦ
3470 5117 3587 5184 τὴν
3614 5113 3767 5170 ἀνά-

2183 5229 2409 5269 στασιν
2431 5213 2548 5266 τῶν
2577 5209 2809 5279 νεκρῶν
2835 5212 2880 5265 ⁸.

2258 5304 2366 5360 Καὶ
2399 5303 2701 5358 ἐπέϐαλον
2732 5299 2937 5367 αὐτοῖς
2974 5299 3083 5365 τὰς
3130 5316 3357 5371 χωρας,
3418 5300 3517 5355 καὶ
3558 5300 3770 5356 ἔθεντο

1651 5446 1854 5506 Varia;
1897 5444 2212 5508 lectiones
2255 5449 2319 5507 et
2361 5450 2554 5504 niuea.

557 5591 576 5621 ³
610 5585 783 5657 εἶπεν,
816 5595 904 5648 τον.

1006 5596 1026 5628 ⁸
1056 5594 1226 5653 Locus
1255 5609 1552 5665 corruptus.
1631 5600 1651 5631 ⁸
1682 5598 1965 5661 Μωύσέος,
2003 5614 2070 5651 ert

2232 5597 2253 5630 ⁸
2279 5596 2368 5650 ῖσ.
2394 5593 2677 5648 πτοεῖσθαι
2695 5593 2835 5665 μηδὲ
2867 5587 3185 5665 νομίζεσθαι
3232 5588 3331 5642 δεῖ.
3354 5587 3416 5665 ἦ,
3462 5589 3760 5665 νομίζητες

487 5660 573 5750 57].,
593 5660 652 5726 ἢ,
690 5662 1249 5750 δεῖν-ἀλλοτριοῦσθαι,
1268 5659 1665 5750 ἀναγνωστέον.
1742 5670 1762 5701 ⁷
1786 5667 1901 5724 Ista
1927 5659 2070 5722 desid

2180 5676 2302 5721 ntur
2326 5667 2383 5721 in
2411 5665 2661 5735 vulgatis.
2696 5659 2708 5665 ⁷
2737 5659 2846 5719 ⁸’Ὀ
2894 5659 3221 5733 στρατηγὸς,
3284 5668 3357 5713 est
3394 5659 3445 5714 in
3507 5659 3757 5731 vulgatis.

492 5746 505 5757 η’
544 5729 608 5784 In
636 5732 863 5803 vulgatis
888 5729 993 5801 est,
1020 5737 1118 5807 τὴν
1146 5740 1209 5791 ὲκ
1237 5729 1498 5810 νεκρῶν.

570 5856 593 5881 ἰ
638 5844 804 5900 Locus
831 5859 1131 5915 corruptus.

1209 5861 1233 5885 "
1261 5850 1429 5906 Locus
1458 5862 1755 5922 corruptus.
1848 5861 1873 5889 ι
1906 5850 1970 5905 ιτ.
2008 5848 2423 5921 dolentes,quod
2446 5850 2712 5907 docerent.
