4070 6412
304 375 408 440 57‘}

1018 375 1424 436 EXPOSITIO
1466 375 1544 434 ΙΝ
1586 375 1768 434 ACTA
1808 373 2366 435 APOSTOLOIEUM
2415 399 2481 409 -·
2524 375 2680 435 CAP.
2733 377 2829 434 IV.
3155 450 3177 473 .
3478 385 3580 449 5‘5

301 492 389 556 εις
448 487 707 557 τήρησιν
768 488 855 554 εις
918 490 1032 557 τὴν
1059 491 1270 559 αὔριον
1328 505 1342 521 ⁸
1385 487 1464 560 ἦν
1527 491 1634 559 γὰρ
1662 491 1889 558 ἑσπέρα

2000 500 2120 543 runt
2149 488 2494 543 asservandus
2527 490 2723 542 vinctos
2747 499 2775 536 1
2816 505 2974 556 usque
3007 491 3060 542 in
3087 491 3398 544 crastinum.
3449 493 3579 550 Erat

303 578 440 647 ἤδη.

376 671 544 724 Οὔπω
567 670 679 722 τῶν
713 669 997 742 προτέρων
1035 670 1479 735 ἀναπνεύσαντες
1536 671 1884 741 πειρασμῶν,

303 763 384 822 εἱς
415 761 633 829 ἑτέρους
675 760 984 815 ἀνέϐαινον.
1036 760 1152 815 Καὶ
1207 763 1310 830 ὅρα
1363 762 1480 824 πῶς
1519 765 1888 831 οἰκονομεῖται

302 853 370 906 τὰ
405 853 730 921 πράγματα.
774 852 1002 921 Πρῶτον
1029 852 1442 922 ὲχλευάσθησαν
1477 855 1676 916 πάντες
1711 853 1849 922 όμοῦ
1871 869 1884 884 ⁸

301 945 557 1013 δεύτερον
579 945 656 1007 είς
678 945 961 1008 κινδύνους
978 945 1332 1016 ὲμὸαίνουσιν
1352 962 1365 976 ⁸
1392 946 1508 998 ἀλλ’
1535 947 1635 998 οὐκ
1664 946 1886 1016 ἐφεξῆς.

313 1036 478 1088 Ἀλλὰ
530 1037 797 1106 πρότερον
833 1037 1300 1105 εὐδοκιμήσαντες
1359 1040 1420 1091 ὲν
1471 1040 1591 1100 ταῖς
1644 1038 1890 1108 δημηγο-

307 1129 483 1196 ρίαις·
538 1130 633 1180 καὶ
665 1126 855 1196 θαῦμα
897 1129 1268 1198 ἐργασάμενοι
1330 1129 1470 1199 μετὰ
1497 1128 1676 1183 ταῦτα
1721 1129 1885 1198 μέγα,

302 1220 445 1274 οὕτω
475 1219 539 1291 δὴ
571 1220 757 1272 λοιπὸν
800 1220 938 1290 μετὰ
978 1221 1039 1274 τὸ
1080 1221 1354 1292 θαρρῆσαι
1397 1220 1555 1285 Θεοῦ,
1597 1222 1887 1291 συγχωρή-

305 1329 520 1376 σαντος,
565 1312 675 1364 τῶν
714 1313 942 1379 ἀγώνων
983 1313 1268 1367 ἅπτονται.
1321 1313 1395 1365 Σὺ
1429 1313 1486 1366 δέ
1529 1330 1620 1381 μοι
1659 1313 1757 1382 τὴν
1797 1312 1888 1365 ἐπὶ

305 1403 539 1474 πονηρίᾳ.
568 1406 660 1456 καὶ
692 1403 978 1474 ίταμότητι
1003 1404 1289 1476 προκοπὴν
1318 1404 1425 1456 τῶν
1461 1403 1728 1457 Ἰουδαίων
1755 1403 1852 1456 θέα
1871 1419 1884 1432 ⁶

303 1495 385 1547 ὅτι
429 1493 526 1546 ἐπὶ
576 1493 672 1546 τοῦ
704 1494 942 1564 Χριστοῦ
983 1495 1075 1548 τὸν
1126 1497 1523 1565 παραδώσοντα
1577 1494 1887 1565 ζητοῦντες,

303 1587 537 1639 ἐνταῦθα
569 1587 754 1640 λοιπὸν
789 1587 946 1640 αὐτοὶ
981 1587 1079 1650 τὰς
1111 1590 1302 1657 χεῖρας
1343 1588 1724 1641 ἐπιϐάλλουσι·
1755 1587 1887 1658 θρα-

306 1679 524 1749 σύτεροι
577 1679 865 1746 γεγονότες
916 1681 1010 1733 καὶ
1068 1681 1548 1751 ἀναισχυντότεροι
1597 1681 1733 1750 μετὰ
1796 1681 1886 1732 τὸν

305 1772 558 1840 σταυρόν.
610 1773 713 1825 Σὺν
752 1773 937 1834 αὐτοῖς
983 1772 1062 1835 δὲ,
1093 1775 1244 1841 φησὶ,
1279 1774 1374 1826 καὶ
1411 1773 1765 1843 όστρατηγὸς
1790 1771 1884 1824 τοῦ

306 1835 488 1932 ἱερου·
526 1864 613 1916 ἵνα
649 1863 816 1916 πάλιν
854 1835 1115 1932 δημόσιον
1153 1835 1406 1932 ἐγνλημα
1457 1835 1726 1935 ris-pimus:
1771 1866 1883 1924 τοῖς
1919 1835 1963 1894 Β

305 1956 728 2026 γεγενημένοις,
763 1957 859 2009 καὶ
895 1957 968 2026 μὴ
987 1957 1062 2019 ὡς
1096 1956 1366 2009 ἰδιωτικὸν
1397 1956 1687 2009 sumam
1711 1974 1722 1985 ο
1748 1956 1883 2024 ὅπερ

304 2047 606 2116 πανταχοῦ,
642 2049 800 2116 φησὶ,
842 2046 1202 2112 σπουδάζουσι
1235 2051 1429 2102 ποιεῖν.
1463 2050 1572 2101 Καὶ
1602 2047 1785 2100 ἔθεντο
1805 2048 1886 2107 εἰς

302 2139 538 2208 τήρησιν
570 2140 650 2201 είς
680 2139 780 2210 τὴν
812 2138 1022 2208 αὔριον.
1047 2140 1281 2192 Ἐκεῖνοι
1313 2141 1412 2209 μὲν
1441 2135 1535 2192 οὖν
1569 2139 1885 2208 βουλόμενοι

309 2231 548 2298 μαλάξαι
576 2231 796 2295 αὐτοὺς,
833 2231 992 2284 τοῦτο
1024 2232 1244 2284 ὲποίουν
1272 2233 1365 2284 καὶ
1396 2231 1724 2299 ἐφύλαττονο
1757 2231 1886 2293 τοὺς

302 2323 357 2376 δὲ
387 2322 719 2385 ἀποστόλους
740 2324 773 2392 ἡ
812 2323 1053 2392 ἀναϐολὴ
1068 2323 1160 2376 τοῦ
1188 2322 1382 2393 χρόνου
1406 2322 1883 2393 θαρσαλεωτέρους

303 2413 614 2481 εἰργάζετο.

370 2595 596 2648 Πολλοὶ
630 2591 698 2644 δὲ
721 2591 839 2644 τῶν
857 2592 1254 2646 ἀκουσάντων
1275 2593 1583 2662 τὸνλόγον
1605 2593 1883 2646 ἐπίστευ-

304 2699 459 2738 σαν’
518 2682 617 2735 καὶ
675 2681 932 2750 ἐγενήθη
965 2684 996 2735 ό
1035 2681 1278 2752 ἀριθμὸς
1329 2682 1446 2736 τῶν
1471 2681 1708 2751 ἀνδρῶν
1739 2683 1883 2737 ὡσεὶ

305 2774 577 2845 χιλιάδες
597 2773 799 2828 πέντε.

375 2868 441 2919 Τί
490 2866 684 2933 τοῦτο;
723 2869 814 2938 Μὴ
869 2868 980 2942 γάρ
1011 2868 1484 2940 εὐδοκιμήσαντας
1523 2868 1565 2900 ¹⁰
1596 2862 1735 2920 εἶδον
1758 2867 1885 2930 τοὺς

302 2959 658 3022 ἀποστόλους.
697 2960 814 3014 ἀλλ’
851 2961 974 3032 οὐχὶ
1019 2960 1306 3025 δεθέντας;
1347 2959 1472 3022 Πῶς
1503 2955 1597 3013 οὖν
1631 2959 1885 3012 ἐπίστευ-

304 3071 437 3117 σαν;
481 3054 647 3124 Ὀρᾷς
666 3053 952 3122 ἐνέργειαν
981 3053 1136 3106 Θείαν
1165 3053 1445 3124 φανεράν;
1486 3054 1596 3106 Καὶ
1639 3052 1747 3122 μὴν
1778 3051 1884 3104 ἔδει

303 3148 400 3198 καὶ
423 3145 550 3208 τοὺς
577 3143 680 3214 ήδη
707 3144 1111 3204 πιστεύσαντας
1137 3143 1567 3214 ἀσθενεστέρους
1597 3142 1880 3211 γενέσθαι·

301 3238 419 3292 ἀλλ’
455 3239 489 3307 ἡ
512 3237 722 3306 Πέτρου
743 3236 1061 3307 δημηγορία
1083 3237 1215 3307 θείῳ
1240 3236 1514 3305 πνεύματι
1549 3252 1883 3305 συγκροτου-

305 3327 444 3400 μένη
479 3327 560 3390 είς
590 3328 652 3380 τὸ
687 3326 852 3396 βάθος
889 3327 988 3396 τῆς
1016 3325 1258 3388 διανοίας
1312 3328 1377 3379 τὰ
1415 3327 1706 3398 σπέρματα
1748 3343 1879 3379 κατ-

302 3420 488 3478 έϐαλε.
517 3419 610 3472 καὶ
638 3419 812 3488 αὐτῆς
848 3419 945 3488 τῆς
969 3417 1148 3488 ψυχῆς
1178 3417 1357 3471 αὐτῶν
1385 3418 1584 3488 ἥψατο.
1623 3418 1884 3471 Ἑνώπιον

301 3513 359 3565 δὲ
384 3514 580 3566 ἐκεῖνοι
606 3510 702 3563 τοῦ
732 3509 971 3578 πλήθους
1013 3511 1140 3572 τοὺς
1161 3510 1494 3574 ἀποστόλους
1526 3511 1882 3580 ἐδέσμευσαν,

302 3604 390 3656 ἶνα
429 3605 526 3656 καὶ
551 3602 753 3662 αὐτοὺς
773 3603 1016 3671 ὁρῶντας
1039 3601 1374 3672 δειλοτέρους
1411 3601 1779 3670 ἐργάσωνται.
1811 3601 1884 3654 Τὸ

298 3693 353 3746 δὲ
384 3693 627 3746 ἐναντίον
655 3693 892 3761 ἐγένετο,
949 3693 1044 3746 καὶ
1077 3692 1196 3745 κατ’
1224 3692 1359 3745 ἰδίαν
1387 3693 1442 3746 δὲ
1473 3694 1670 3756 αὐτοὺς
1695 3692 1884 3758 ἐξετά-

298 3785 488 3847 ζουσιν
509 3799 522 3813 ·
561 3784 648 3838 ἵνα
680 3783 755 3854 μὴ
792 3783 897 3836 ἀπὸ
920 3785 1019 3853 τῆς
1068 3783 1384 3854 παρρησίας
1408 3785 1589 3838 αὐτῶν
1635 3785 1686 3837 oi
1716 3783 1882 3837 ἀκού-

298 3894 453 3940 οντες
485 3877 847 3948 κερδήσωσιν.

385 4059 661 4124 Ἐγένετο
687 4059 755 4113 δὲ
772 4059 871 4113 ἐπὶ
899 4059 1013 4128 τὴν
1042 4062 1262 4128 αὔριον
1281 4058 1668 4129 συναχθῆναι
1685 4057 1886 4113 αὐτῶν

298 4148 445 4213 τοὺς
471 4148 770 4216 ἄρχοντας
803 4149 900 4201 καὶ
923 4150 1370 4219 πρεσϐυτέρους
1391 4151 1488 4205 καὶ
1510 4153 1558 4204 Γ
1552 4148 1885 4220 ραμματεῗς

294 4243 389 4306 εἱς
421 4240 851 4309 Ἰερουσαλήμ⁸

369 4331 480 4384 Καὶ
515 4332 747 4384 Ἀνναν
788 4331 898 4384 τὸν
939 4333 1252 4402 ἀρχιερέα,
1302 4333 1400 4386 καὶ
1438 4333 1744 4401 Καϊάφαν,
1786 4331 1887 4385 καὶ

308 4422 631 4489 Ἰωάννην,
671 4422 770 4476 καὶ
804 4423 1243 4492 Ἀλέξανδρον,
1286 4426 1385 4478 καὶ
1437 4425 1572 4478 ὅσοι
1631 4421 1792 4494 ἦσαν
1815 4425 1884 4478 ἐκ

299 4518 520 4585 γένους
549 4516 989 4584 ἀρχιερατικοῦ.

371 4608 480 4660 Καὶ
503 4606 852 4672 στήσαντες
875 4608 1096 4674 αὐτοὺς
1123 4609 1190 4660 ἐν
1223 4608 1261 4638 ¹¹
1290 4607 1480 4677 μέσῳ,
1514 4607 1886 4662 ἐπυνθάνον-

298 4716 390 4762 το,
414 4698 487 4751 ἐν
517 4699 656 4764 ποίᾳ
690 4696 962 4767 δυνάμει,
1005 4700 1043 4768 ’ἢ
1082 4701 1152 4753 ἐν
1200 4703 1352 4767 πο”ῳ
1405 4701 1646 4770 ὀνόματι
1677 4700 1886 4769 ἐποιή-

299 4807 454 4844 σατε
487 4790 665 4844 τοῦτο
696 4791 866 4858 ὑμεῖς
890 4807 911 4855 ;

377 4883 517 4936 Τότε
547 4883 588 4913 ¹²
617 4885 650 4936 ό
694 4883 916 4950 Πέτρος
939 4885 1238 4950 πλησθεὶς
1285 4886 1636 4954 Πνεύματος
1688 4884 1882 4952 a'rt'ov,

297 4970 432 5027 εἷπε
460 4975 614 5042 πρὸς
641 4975 891 5040 αὐτούς·
931 4976 1256 5042 Ἄρχοντες
1286 4975 1395 5030 τοῦ
1435 4976 1591 5030 λαοῦ
1618 4975 1714 5028 καὶ
1747 4989 1885 5041 πρε-

296 5067 583 5131 σϐύτεροι
619 5066 726 5119 τοῦ
765 5065 1035 5134 Ἰσραήλ.

375 5160 445 5214 Ei
478 5157 648 5224 ἡμεῖς
673 5157 946 5226 σήμερον
976 5159 1419 5230 ἀνακρινόμεθα
1449 5161 1547 5213 ἐπὶ
1575 5160 1890 5229 εὐεργεσίᾳ

299 5249 622 5320 ἀνθρώπου
649 5249 972 5318 ἀσθενοῦς,
1005 5252 1077 5306 ἐν
1101 5252 1217 5308 τίνι
1234 5248 1413 5320 οὗτος
1438 5252 1742 5308 σέσωσται
1762 5271 1783 5319 ;

1991 579 2126 632 enim
2152 581 2268 647 jam
2302 595 2497 647 vesper.

2063 669 2197 723 Cum
2227 670 2466 723 nondum
2501 685 2529 722 a
2572 669 2850 738 prioribus
2880 671 3279 726 tentationibus
3306 672 3580 742 respiras-

1990 770 2135 823 sunt,
2169 761 2293 815 aliis
2345 771 2670 814 occurrunt.
2707 761 2784 816 Ac
2833 761 2954 817 vide
2977 772 3036 816 ut
3079 779 3165 817 res
3193 763 3576 832 disponantur.

1991 850 2235 905 Primum
2280 851 2426 906 irrisi
2469 860 2598 906 sunt
2642 853 2807 908 simul
2853 869 3086 909 omnes:
3117 852 3398 908 deindein
3437 857 3579 924 peri-

1989 943 2114 998 cula
2141 945 2386 998 incidunt
2412 961 2428 1010 ;
2457 947 2550 1000 sed
2585 961 2692 999 non
2715 948 3060 1001 continenter
3082 957 3245 1018 atque
3262 955 3577 1016 οοιιμιιιείε.

1992 1034 2126 1088 Nam
2160 1051 2282 1089 cum
2316 1036 2469 1105 prius
2495 1037 2548 1090 in
2581 1038 2940 1092 concionibtts
2962 1055 3255 1109 prosperos
3285 1057 3579 1098 successus

1992 1127 2340 1189 habuissent,
2377 1142 2441 1181 ac
2490 1143 2602 1181 rem
2655 1129 2793 1184 bene
2849 1131 3174 1197 gessissent,
3223 1133 3578 1186 miraculum-

1989 1235 2094 1286 que
2125 1235 2380 1288 magnum
2402 1229 2586 1288 postea
2615 1220 2949 1287 ell’ecissent,
2982 1224 3055 1275 ita
3079 1224 3295 1277 demum
3324 1225 3576 1280 lidttciam

1988 1331 2109 1366 cum
2137 1313 2394 1381 deinceps
2429 1313 2813 1380 sumpsissent,
2835 1315 3112 1382 promissu
3153 1315 3244 1369 Dei
3275 1320 3576 1370 certamina

1988 1414 2304 1476 capessunt.
2335 1406 2401 1458 At
2431 1416 2484 1458 tu
2528 1406 2659 1458 mihi
2692 1405 3008 1461 Iuda-orum
3040 1410 3094 1460 in
3126 1411 3468 1477 improbitate
3499 1421 3579 1464 at-

1987 1511 2094 1564 quc
2142 1495 2339 1550 audaci
2390 1497 2732 1564 impudentia
2782 1512 3132 1567 progressum
3168 1511 3223 1554 ct
3272 1500 3576 1570 profectum

1988 1597 2198 1655 speeta.
2229 1584 2362 1640 Nam
2384 1586 2482 1654 qui
2518 1588 2570 1638 in
2597 1585 2838 1641 Christo.
2880 1589 2972 1655 qui
3015 1605 3135 1640 cum
3183 1590 3443 1650 traderet.
3485 1607 3579 1646 re-

1987 1678 2304 1748 quirebant,
2336 1694 2484 1732 nunc
2504 1677 2764 1747 deinceps
2799 1680 2901 1749 ipsi
2929 1695 3124 1733 manus
3152 1681 3430 1749 injicinnt,
3459 1692 3580 1752 post

1991 1787 2209 1827 crucem
2253 1770 2578 1825 audaciores
2621 1778 2677 1825 et
2719 1770 3153 1841 impudentiores
3195 1773 3394 1830 elTecti.
3439 1774 3577 1830 Cum

1989 1863 2072 1918 eis
2107 1872 2288 1917 autem
2334 1861 2411 1915 ait
2458 1862 2623 1916 etiam
2659 1861 2830 1917 fuisse
2878 1863 3063 1932 templi
3100 1865 3337 1932 pnesidii
3383 1866 3578 1935 praefe-

1987 1965 2162 2018 ctum,
2192 1962 2250 2006 ut
2280 1969 2478 2008 rursus
2510 1953 2787 2022 publicum
2834 1953 3042 2008 crimen
3083 1955 3220 2010 actis
3265 1955 3578 2010 circumda-

1989 2053 2128 2110 rent,
2160 2059 2224 2099 ac
2259 2060 2366 2097 non
2396 2051 2654 2112 tanquam
2708 2044 2978 2114 privatmn
3015 2045 3359 2101 vindicarent
3386 2065 3402 2114 ;
3430 2051 3575 2118 quod

1995 2135 2220 2204 ubique,
2277 2143 2336 2186 ut
2371 2133 2570 2202 inquit,
2619 2132 2799 2188 facere
2832 2135 3078 2188 student.
3129 2136 3194 2189 Et
3229 2136 3573 2193 tradiderunt

1988 2225 2355 2282 asservandos
2392 2227 2608 2282 vinctos
2644 2226 2696 2279 in
2744 2227 3075 2282 crastinum.
3126 2231 3303 2296 Atque
3330 2229 3406 2282 illi
3447 2231 3573 2300 qtti-

1987 2320 2110 2375 dem
2145 2319 2248 2373 hoc
2280 2319 2553 2374 faciebant
2583 2327 2642 2373 ut
2662 2319 2874 2374 vinctos
2901 2336 2996 2374 eos
3023 2329 3376 2375 asservarcnt
3395 2363 3408 2386 ,
3443 2322 3571 2390 quia

1988 2411 2242 2466 volebant
2263 2411 2478 2465 animos
2507 2425 2696 2465 eormn
2723 2412 2957 2464 mollire.
2992 2411 3098 2466 Sed
3121 2413 3401 2480 apostolos
3425 2429 3574 2468 mora

1990 2503 2256 2569 temporis
2290 2501 2578 2570 interjecta
2619 2502 3048 2558 conﬁdentiores
3087 2502 3292 2558 t'ﬂecit.

2062 2593 2230 2649 Vens.
2266 2595 2319 2648 4.
2368 2593 2534 2646 Porro
2574 2591 2731 2646 multi
2763 2609 2966 2653 eorum,
3003 2593 3094 2661 qui
3126 2592 3366 2644 concioni
3408 2591 3574 2646 inter-

1989 2691 2222 2756 fuerant,
2256 2684 2588 2738 crediderunt
2611 2701 2629 2737 :
2667 2701 2730 2738 ac
2767 2685 3011 2738 redactus
3039 2694 3116 2738 est
3152 2700 3402 2737 numerus
3437 2684 3572 2736 viro-

1990 2795 2107 2832 rum
2141 2779 2301 2848 ferme
2326 2775 2494 2828 millia
2519 2777 2765 2845 quinque.

2061 2869 2200 2935 Quid
2236 2871 2338 2922 hoc
2374 2869 2492 2922 est?
2545 2867 2802 2937 Nunquid
2855 2885 3118 2940 prospero
3173 2890 3434 2930 successu
3489 2876 3566 2932 rei

1989 2959 2405 3016 commendatos
2432 2969 2598 3030 atque
2626 2963 2907 3030 probatos,
2933 2973 2987 3017 et
3018 2980 3126 3020 non
3172 2966 3386 3019 vinctos
3415 2967 3568 3022 vide-

1992 3064 2112 3108 rant
2159 3052 2480 3122 apostolos?
2523 3055 2625 3119 Qni
2663 3055 2829 3123 igitur
2876 3055 3275 3110 crediderunt?
3321 3057 3565 3114 Videsne

1989 3148 2333 3204 ellieientiam
2370 3155 2424 3200 et
2455 3145 2828 3216 Operationem
2869 3146 2960 3201 Dei
2996 3149 3380 3204 manifestam?
3411 3149 3573 3220 Atqui

1986 3242 2272 3312 oportebat
2305 3240 2471 3296 etiam
2499 3255 2619 3302 eos,
2655 3239 2746 3307 qui
2777 3238 2890 3308 jam
2924 3240 3296 3305 crediderant,
3338 3241 3450 3296 fieri
3481 3243 3574 3294 in-

1990 3334 2283 3394 ﬁrmiores,
2318 3331 2411 3385 sed
2452 3330 2596 3383 Petri
2638 3330 2832 3384 concio
2864 3329 3051 3384 divino
3084 3331 3290 3399 Spiritu
3349 3347 3575 3400 compo—

1983 3425 2088 3480 sita
2118 3422 2170 3476 in
2203 3420 2544 3474 altitudinem
2584 3420 2785 3475 tuentis
2837 3422 3047 3474 semina
3087 3421 3389 3491 deieci-rat,
3427 3433 3480 3477 ct
3515 3424 3569 3477 in

1987 3519 2162 3588 ipsam
2196 3515 2432 3568 animant
2487 3528 2676 3567 eorum
2728 3522 3127 3580 penetraverat.
3167 3512 3222 3567 In
3274 3524 3571 3582 conspectu

1987 3620 2169 3664 autem
2204 3604 2571 3661 multitudinis
2602 3605 2676 3657 illi
2701 3604 2978 3674 apostolos
3009 3604 3301 3657 vinxerunt
3331 3623 3343 3657 :
3373 3603 3483 3675 44
3515 3614 3576 3658 ut

1934 3695 1937 3699 ’
1984 3711 2036 3755 ει
2069 3714 2184 3762 eos,
2210 3696 2302 3766 qui
2337 3696 2603 3756 viderent,
2637 3693 2942 3749 timidiores
2979 3694 3276 3756 edicerent,
3311 3693 3403 3747 sed
3432 3708 3569 3748 con-

1986 3790 2216 3846 trarium
2247 3786 2448 3840 evenit.
2492 3783 2757 3837 Privatim
2808 3782 2934 3836 item
2977 3782 3313 3852 remotiSque
3347 3781 3573 3835 arbitris

1984 3899 2079 3937 eos
2107 3880 2445 3942 examinant,
2499 3892 2566 3930 ne
2600 3874 2731 3943 quid
2773 3873 2911 3928 lucri
2959 3889 3024 3928 ex
3061 3874 3278 3926 illorum
3314 3873 3571 3927 libertate

1985 3972 2258 4029 sermonis
2284 3979 2542 4038 caperent
2571 3968 2660 4034 qui
2696 3967 2973 4020 audirent.

2056 4061 2221 4116 Vens.
2258 4062 2309 4115 5.
2352 4059 2557 4112 Accidit
2614 4066 2791 4110 autem
2841 4055 3119 4125 postridie.
3165 4064 3222 4108 ut
3265 4063 3573 4124 cogerentur

1986 4155 2244 4227 principes
2274 4170 2456 4208 eorum
2484 4160 2534 4206 et
2564 4151 2796 4205 seniores
2839 4160 2888 4204 et
2923 4148 3122 4203 Scriba:
3151 4147 3567 4217 Jerosolymam.

2062 4335 2222 4389 Vens.
2255 4334 2310 4390 6.
2353 4333 2421 4387 Et
2460 4333 2643 4388 Annas
2673 4331 2910 4403 pontifex
2954 4345 3000 4389 et
3041 4333 3276 4406 Caiphas
3319 4347 3368 4392 et
3397 4335 3572 4392 Joan-

1988 4446 2076 4484 nes
2108 4439 2158 4484 et
2189 4426 2518 4492 Alexander,
2556 4435 2605 4480 et
2630 4436 2884 4498 quotquot
2913 4438 3065 4482 erant
3102 4429 3167 4484 de
3188 4447 3372 4499 genere
3396 4430 3574 4498 ponti-

1920 4534 1960 4585 ῃ
1987 4519 2131 4588 ﬁcali
2153 4535 2172 4573 .'

2066 4612 2230 4667 Vens.
2266 4612 2318 4664 7.
2355 4609 2562 4678 Easque
2596 4608 2648 4661 in
2692 4607 2922 4661 medium
2971 4606 3228 4660 adductos
3279 4607 3576 4675 interroga-

1991 4707 2138 4771 bant,
2195 4721 2300 4771 qua
2347 4702 2603 4771 facultate
2637 4715 2700 4753 ac
2736 4701 2783 4753 vi
2810 4708 2858 4765 ι,
2892 4699 3104 4769 cujust'e
3133 4699 3342 4754 nomine
3369 4699 3572 4767 fecistis

1989 4800 2084 4851 hoc
2118 4813 2206 4850 vos
2226 4796 2247 4850 ἲ

2061 4887 2227 4942 Vens.
2265 4888 2317 4941 8.
2365 4886 2510 4940 Tnnc
2562 4884 2756 4940 Petrus
2809 4882 3037 4952 repletus
3103 4883 3303 4950 Spiritu
3361 4890 3572 4948 sancto,

1985 4979 2122 5032 dixit
2151 4977 2220 5032 ad
2257 4995 2344 5033 eos
2375 4994 2392 5032 :
2420 4977 2690 5044 Principes
2722 4976 2902 5045 populi
2927 4984 2974 5028 et
3003 4976 3234 5030 seniores
3265 4973 3485 5029 Israclis
3515 4989 3536 5027 :

2063 5163 2228 5219 Vens.
2266 5164 2321 5219 9.
2364 5161 2425 5217 Si
2455 5178 2548 5216 nos
2586 5161 2736 5215 hodie
2778 5161 3168 5232 interrogantur
3189 5175 3214 5202 ι
3243 5170 3454 5230 propter
3477 5162 3571 5216 beo

1989 5257 2236 5325 rte/icium
2267 5253 2521 5308 collatum
2557 5253 2614 5307 in
2661 5255 2926 5309 hominem
2969 5253 3210 5320 debilem,
3238 5269 3344 5324 qua
3367 5252 3574 5308 ratione

1988 5352 2088 5404 iste
2108 5361 2330 5403 sanatus
2357 5348 2426 5401 sit
2465 5347 2516 5413 δ,

1463 5483 1666 5544 Variae
1711 5482 2025 5546 lectiones
2046 5488 2107 5544 et
2137 5488 2331 5543 notia.

373 5604 418 5638 ¹⁶
453 5603 954 5675 Εὑδοκιμήσαντες,
981 5617 1117 5663 erat.
1197 5609 1236 5640 “
1274 5607 1338 5661 In
1370 5608 1596 5679 vulgatis
1621 5609 1854 5673 additur,
1880 5606 1979 5678 τῷ.

379 5745 500 5820 ιν.
536 5753 587 5820 et
617 5756 910 5811 posuerunt
961 5765 1048 5804 eos
1102 5751 1156 5804 in
1210 5751 1529 5807 custodiam.
1605 5761 1627 5788 ι
1666 5749 1724 5806 Ε.
1775 5767 1878 5820 qua
1934 5753 2145 5805 virtute.

305 5815 483 5870 salvus
539 5815 743 5886 factus.

2061 5608 2105 5638 ¹⁸
2143 5605 2200 5659 In
2245 5602 2475 5674 vulgatis
2512 5601 2747 5666 deest,6.

2230 5762 2254 5790 ο
2290 5747 2347 5801 Ε.
2393 5747 2784 5802 examinantur.
2828 5745 2891 5802 V.
2926 5746 3314 5816 dijudicamur.
3440 5747 3463 5766 ι
3499 5741 3552 5794 Υ
