4070 6414
522 387 633 452 5'75

1413 382 1997 446 THE()PIIYL.\C'l'l
2045 379 2457 441 BUi.GARUE
2498 381 2859 442 ARCHIEP.

3682 368 3784 433 576

591 500 762 555 Vens.
829 497 915 554 l0.
974 497 1177 553 Notum
1227 498 1472 552 omnibus
1523 499 1669 552 vobis
1713 507 1763 552 et
1821 498 1916 551 toti
1970 495 2109 565 plebi

2285 494 2579 549 Γνωστὸν
2600 493 2757 547 ἔστω
2779 490 2970 546 πᾶσιν
2998 489 3142 558 ὑμῖν
3172 488 3268 545 καί
3310 486 3489 541 παντὶ
3509 483 3591 551 τῷ
3623 485 3664 517 τ’
3694 485 3799 539 Ἰσ-

520 590 836 648 Israelitica:
872 598 1008 654 esto,
1048 606 1140 659 per
1164 606 1351 644 nomen
1390 588 1520 644 Jesu
1572 588 1775 645 Christi
1810 588 2106 655 Nazareni,

516 696 669 749 quem
708 697 794 736 vos
824 683 971 735 cruci
995 682 1260 751 aﬂixistis,
1280 697 1431 750 quem
1460 681 1600 735 Deus
1629 682 1883 735 excitavit
1913 700 1945 735 ιι
1971 684 2114 736 m‘or—

522 773 651 833 tuis,
698 789 790 843 per
830 772 1007 838 illum,
1055 773 1295 842 inquam,
1334 773 1474 826 hunc
1511 788 1693 827 coram
1731 773 1872 827 vobis
1920 791 2110 828 sanum

520 872 722 918 astare.

593 955 801 1012 Praeter
829 956 933 1011 alia
960 956 1101 1009 mala
1132 966 1298 1025 atque
1330 956 1703 1023 incommoda,
1737 973 1805 1013 ne
1828 958 1964 1027 legis
1990 959 2113 1028 qui-

523 1050 645 1102 dem
673 1049 742 1102 ab
774 1048 884 1104 illis
911 1048 1167 1102 instituta
1196 1049 1584 1103 servabantur.
1631 1048 1765 1104 Vide
1795 1051 1942 1105 enim
1973 1053 2113 1104 mul-

521 1140 812 1195 titudinem
862 1140 1212 1210 pontiﬁcum,
1268 1156 1393 1196 cum
1436 1159 1580 1197 unus
1615 1143 1878 1197 duntaxat
1931 1145 2110 1211 quoad

520 1234 750 1296 viveret,
774 1248 898 1287 esse
927 1234 1175 1289 deberet.
1202 1232 1464 1290 Formam
1497 1243 1681 1290 autem
1712 1235 1907 1304 iudicii
1943 1238 2111 1291 etiam

520 1327 611 1379 hic
651 1326 753 1390 rei,
788 1341 911 1396 qua:
950 1327 1238 1398 agebatur,
1286 1327 1657 1390 circumdant,
1698 1338 1756 1381 ut
1796 1327 1985 1393 iniusti
2021 1329 2113 1399 ju-

523 1417 654 1471 dicii
688 1419 765 1472 rei
813 1425 868 1472 et
920 1418 1145 1473 obnoxii
1185 1419 1396 1473 tierent.
1454 1417 1897 1475 Sciscitahantur
1921 1437 2027 1490 qua
2065 1422 2115 1475 vi

524 1524 589 1563 ac
613 1507 897 1574 facultate,
922 1524 1098 1579 quove
1125 1512 1371 1566 nomine.
1399 1511 1563 1580 Atqui
1611 1512 1879 1566 sciebant.
1920 1512 2114 1566 Dolen-

523 1608 609 1654 tes
647 1599 794 1654 enim
826 1599 949 1654 illos
981 1615 1077 1669 per
1110 1598 1300 1655 Jesum
1353 1601 1684 1655 aununtiare
1746 1601 2115 1657 resurrectio-

523 1707 672 1755 nem,
709 1692 1030 1749 detinebant
1056 1708 1171 1748 eos.
1212 1692 1324 1748 Cur
1371 1708 1503 1763 ergo
1548 1694 1930 1763 interrogant?
1977 1694 2116 1761 Quia

504 1822 505 1827 η
535 1785 830 1853 sperabant
853 1799 948 1839 eos
993 1795 1137 1840 metu
1170 1784 1363 1853 iudicii
1401 1800 1465 1839 ac
1503 1786 1870 1843 multitudinis
1907 1788 2118 1843 inlicia-

528 1885 703 1939 turos,
743 1884 910 1944 atque
944 1876 1019 1930 ita
1056 1877 1320 1946 putabant
1350 1888 1524 1932 totum
1556 1881 1834 1949 negotium
1869 1890 2017 1936 recte
2047 1882 2116 1937 ab

525 1982 649 2020 sese
700 1967 1069 2035 compositum
1130 1968 1223 2022 iri.
1280 1968 1418 2025 Vide
1464 1972 1613 2025 enim
1665 1988 1831 2043 quam
1881 1974 2033 2029 val‘re
2065 1985 2122 2031 et

528 2066 708 2112 astute
750 2058 1115 2129 interrogent.
1163 2062 1284 2126 Quo
1322 2063 1566 2129 nomine,
1612 2064 1812 2133 inquit,
1867 2063 2121 2120 feciStis?

528 2146 805 2202 Malehaut
837 2148 981 2202 enim
1011 2150 1295 2219 apostolos
1321 2167 1485 2207 suum
1516 2168 1654 2224 opus
1684 2154 1817 2209 illud
1841 2170 1963 2210 esse
1982 2169 2120 2212 con-

528 2237 693 2301 titeri,
727 2252 892 2307 quam
927 2236 1136 2294 Christi
1168 2242 1461 2309 potestatis
1495 2251 1660 2312 atque
1691 2244 1931 2300 virtutis.
1989 2245 2123 2301 Vide

528 2339 712 2384 autem
744 2341 802 2383 ut
832 2331 1299 2398 reprimebantur,
1332 2335 1462 2402 quia
1493 2350 1560 2389 ne
1579 2335 1870 2390 nominare
1900 2336 2118 2404 quidem

527 2423 789 2477 volebant
827 2424 1009 2478 claudi
1050 2426 1417 2481 sanationem.
1463 2425 1597 2480 Nam
1627 2442 1728 2482 cur
1771 2444 1878 2482 non
1911 2430 2119 2493 dicunt,

528 2516 691 2582 quale
747 2514 799 2567 id
844 2524 1036 2570 esset:
1080 2518 1174 2570 sed
1228 2517 1325 2579 ita,
1374 2516 1605 2583 fecistis,
1646 2518 1923 2587 inquiunt,
1986 2520 2126 2575 hoc?

529 2604 818 2674 Principes
848 2606 1058 2675 populi,
1093 2616 1150 2661 et
1191 2607 1443 2663 seniores
1489 2606 1733 2664 lsraelis.
1774 2608 1910 2664 Vide
1946 2610 2124 2679 philo-

529 2696 826 2764 sophiam:
881 2698 1171 2753 considera
1224 2700 1375 2761 item,
1409 2706 1488 2766 ttt,
1526 2700 1619 2754 ubi
1670 2717 1807 2756 usus
1857 2698 2122 2770 postulat,

527 2782 692 2837 etiam
724 2788 1074 2841 vehementer
1108 2801 1205 2843 eos
1242 2789 1624 2858 reprehendat.
1660 2789 1970 2847 Nominavit
2001 2793 2126 2862 qni-

531 2872 656 2928 dem
700 2888 798 2929 eos
830 2876 1136 2933 honorilice
1168 2897 1183 2934 :
1227 2880 1324 2935 sed
1367 2893 1724 2952 posteaquam
1762 2887 1827 2938 ad
1865 2901 1974 2938 rem
2006 2902 2127 2954 per-

529 2966 704 3032 venit,
737 2980 847 3020 non
880 2971 1257 3036 praetermittit
1288 2974 1710 3030 convenientem
1738 2978 2128 3046 reprehensio-

531 3073 657 3112 nem
677 3070 724 3119 ε,
748 3060 978 3114 latenter
995 3060 1075 3116 eis
1092 3061 1146 3116 in
1169 3066 1487 3118 memoriam
1508 3067 1783 3135 redigens.
1803 3070 1949 3137 quod
1969 3086 2125 3139 prop-

534 3157 623 3203 ter
640 3148 769 3203 talia
788 3165 1008 3220 semper
1030 3161 1085 3207 et
1110 3153 1162 3206 in
1178 3153 1391 3221 judicio
1416 3155 1792 3226 disceptarent
1815 3168 1870 3213 et
1887 3158 2129 3216 oﬂ‘ende-

534 3249 747 3295 rentur.
779 3242 956 3298 Porro
1004 3245 1150 3314 quod
1202 3246 1358 3309 dicit,
1399 3248 1670 3314 ejusmodi
1719 3258 1841 3306 cst:
1890 3251 2125 3308 Maxime

531 3334 755 3404 quidem
800 3335 1032 3392 decebat
1076 3352 1178 3393 nos
1209 3341 1465 3394 coronari
1503 3342 1575 3396 ob
1616 3342 1714 3398 has
1767 3360 1876 3409 res,
1921 3353 1976 3400 et
2004 3353 2126 3400 tan-

531 3443 698 3497 quam
753 3428 1142 3487 benefactores
1195 3433 1573 3501 proclantari:
1628 3437 1722 3491 sed
1772 3438 2033 3507 quoniam
2067 3439 2121 3493 in

527 3518 800 3590 judicium
854 3534 1114 3577 vocamur
1142 3531 1199 3579 et
1246 3539 1469 3579 causam
1511 3526 1768 3592 dicimus,
1825 3537 2012 3582 notum
2051 3527 2124 3584 sit

533 3612 796 3667 omnibus
828 3614 984 3670 vobis
1015 3623 1068 3671 et
1122 3617 1224 3670 toti
1274 3616 1418 3687 plebi
1457 3618 1794 3684 Israeliticae,
1829 3620 1975 3688 quod
2010 3637 2126 3675 ma.

528 3705 676 3760 xime
697 3720 793 3762 eos
829 3706 969 3763 male
1004 3708 1237 3764 habebat
1267 3727 1283 3764 :
1317 3710 1369 3765 id
1402 3719 1585 3765 autem
1632 3719 1738 3776 est,
1769 3710 1877 3784 45
1900 3711 2044 3782 quod
2073 3723 2125 3767 et

531 3797 790 3855 Christus
833 3799 915 3856 eis
964 3799 1185 3856 dicebat
1225 3820 1238 3856 :
1274 3800 1433 3867 Quod
1487 3802 1541 3856 in
1589 3819 1777 3858 aurem
1806 3806 2122 3868 audivistis,

530 3890 826 3961 prazdicate
862 3892 917 3948 in
949 3894 1132 3950 tectis.
1167 3894 1273 3950 Per
1302 3911 1502 3950 nomen
1538 3893 1584 3949 ,1.
1604 3911 1668 3951 su
1703 3896 1908 3952 Christi
1949 3896 2127 3952 Naza-

531 3983 669 4042 reni.
701 3984 780 4039 Ne
814 3986 1039 4055 putetis,
1091 3988 1294 4057 inquit,
1335 4003 1434 4043 nos
1464 3988 1698 4058 patriam
1745 3991 1946 4044 celare.
1981 3989 2123 4057 Quin

529 4076 697 4130 etiam
730 4079 870 4133 hanc
899 4079 1160 4136 edimus:
1212 4091 1379 4151 atque
1431 4083 1568 4136 adeo
1614 4098 1738 4137 cum
1792 4085 2122 4154 supplicium

531 4163 877 4232 conﬁtemur,
912 4174 1026 4221 tum
1052 4170 1415 4238 praedicamus
1436 4166 1923 4228 resurrectionem.
1950 4173 2123 4240 Quem

532 4268 634 4308 vos
667 4254 1041 4315 cruciﬁxistis.
1075 4255 1303 4326 Redegit
1328 4258 1408 4313 eis
1443 4259 1497 4312 in
1533 4262 1852 4315 memoriam
1873 4261 2123 4326 verbum,

533 4344 681 4411 quod
723 4345 859 4399 satis
910 4361 1006 4400 eos
1052 4355 1268 4414 poterat
1302 4354 1532 4402 terrere.
1576 4347 1769 4414 Qualia
1817 4349 1965 4404 enim
2002 4348 2125 4403 illos

534 4448 698 4511 putas
725 4439 813 4495 his
839 4440 1021 4497 verbis
1048 4441 1329 4511 accepisse
1359 4443 1631 4496 vulnera?

2211 586 2397 657 ραὴλ.
2457 585 2547 639 ὅτι
2583 585 2654 638 ἐν
2689 582 2771 647 τῷ
2821 584 3067 653 ὀνόματι
3114 578 3320 649 Ἰησοῦ
3358 576 3640 648 Χριστοῦ,
3693 576 3800 630 τοῦ

2216 675 2576 741 Ναζωραίου,
2618 673 2693 727 ὃν
2734 672 2907 742 ὑμεῖς
2949 669 3402 740 ἐσταυρώσατε,
3470 669 3542 723 ὃν
3582 673 3615 724 ό
3658 668 3803 733 Θεὸς

2216 767 2457 835 ἤγειρεν
2488 766 2557 818 ἐκ
2604 763 2857 833 νεκρῶν,
2881 764 2952 817 ἐν
3004 764 3193 831 τούτῳ
3213 757 3394 828 οὗτος
3422 758 3804 830 παρέστηκεν

2218 859 2480 912 ἐνώπιον
2506 856 2673 926 ὑμῶν
2692 856 2891 927 ὑγιής.

2288 950 2445 1004 Μετά
2472 949 2581 1004 τῶν
2605 949 2781 1003 ἄλλων
2803 948 2991 1012 αὐτοῖς
3021 947 3232 1013 κακῶν,
3260 945 3383 1000 οὐδὲ
3411 945 3482 999 τὰ
3509 943 3604 998 τοῦ
3634 943 3803 1013 νόμου

2215 1041 2566 1110 ἐφυλάττετο.
2596 1041 2741 1113 Ὅρα
2774 1042 2885 1112 γὰρ
2944 1042 3041 1094 καὶ
3068 1039 3275 1110 πλῆθος
3300 1037 3604 1110 ἀρχιερέων
3626 1052 3639 1064 ⁸
3681 1036 3807 1097 ἑνὸς
3870 1084 3875 1089 .

2217 1133 2306 1186 διὰ
2332 1132 2449 1203 βίου
2479 1132 2790 1203 ὀφείλοντος
2813 1128 2976 1186 εἶναι.
3005 1133 3200 1203 Σχῆμα
3224 1131 3282 1185 δὲ
3306 1128 3645 1199 δικαστηρίῳ
3673 1130 3809 1182 κὰν-

2216 1224 2393 1278 ταῦθα
2427 1225 2507 1295 τῷ
2552 1224 2842 1296 πράγματι
2871 1224 3275 1296 περιτιθέασιν*
3303 1223 3388 1276 ἵνα
3409 1220 3702 1274 ὑπεύθυνοι
3738 1221 3808 1288 τῇ

2218 1317 2388 1387 ἀδίκῳ
2436 1318 2616 1389 κρίσει
2675 1317 2967 1387 γένωνται.
3008 1316 3407 1371 Ἐπυνθάνοντο
3429 1317 3486 1366 ὲν
3527 1313 3660 1384 ποίᾳ
3711 1312 3809 1366 δυ-

2218 1408 2380 1476 νάμει
2411 1408 2444 1478 ἦ
2478 1410 2536 1461 ὲν
2562 1409 2702 1479 ποίῳ
2733 1407 2981 1471 ὀνόματι.
3015 1406 3128 1461 Καὶ
3166 1406 3276 1476 μὴν
3322 1404 3566 1476 ᾔδεισαν.
3608 1405 3813 1456 Διαπο-

2219 1500 2471 1571 νούμενοι
2502 1501 2611 1571 γὰρ
2633 1503 2691 1555 ὲν
2715 1500 2794 1571 τῷ
2829 1498 3227 1568 καταγγέλλειν
3257 1501 3316 1552 ὲν
3355 1497 3435 1568 τῷ
3480 1495 3658 1568 Ἰησοῦ
3708 1497 3814 1567 τὴν

2220 1594 2543 1658 ἀνάστασιν,
2598 1592 2856 1663 κατεῖχον
2889 1591 2933 1623 ⁸⁸
2976 1590 3195 1655 αὐτούς.
3252 1590 3412 1653 Τίνος
3454 1587 3549 1642 οὖν
3615 1587 3813 1641 ἕνεκεν

2221 1685 2467 1753 ἐρωτῶσι
2505 1702 2520 1753 ;
2555 1685 2973 1756 Προσδοκῶντες
3000 1683 3202 1747 αὐτοὺς
3229 1682 3292 1736 τὸ
3318 1682 3678 1752 δικαστήριον
3712 1680 3815 1733 καὶ

2218 1781 2280 1832 τδ
2317 1779 2523 1849 πλῆθος
2560 1779 2922 1850 φοϐηθέντας,
2972 1778 3236 1849 ἐξάρνους
3273 1775 3563 1845 γενέσθαιο
3599 1775 3694 1828 καὶ
3751 1774 3819 1828 τὸ

2222 1873 2331 1925 πᾶν
2365 1873 2454 1926 διὰ
2501 1871 2661 1926 τοῦτο
2707 1871 3025 1943 νομίζοντες
3058 1869 3495 1941 κατορθωκέναι.
3529 1869 3673 1939 Ὅρα
3701 1868 3818 1940 γὰρ

2221 1961 2339 2025 πῶς
2368 1960 2695 2031 κακούργως
2730 1960 3140 2031 ἐρωτῶσιν.⁹Εν
3170 1957 3309 2028 ποίῳ
3340 1956 3594 2027 ὀνόματι,
3620 1955 3816 2023 φησιν,

2220 2054 2511 2125 ἐποιήσατε
2540 2072 2555 2121 ;
2589 2053 2807 2108 Μᾶλλον
2832 2054 2942 2123 γὰρ
2978 2050 3264 2105 ἐϐούλοντο
3300 2049 3429 2112 τοὺς
3477 2049 3821 2109 ἀποστόλους

2222 2145 2433 2198 ἑαυτῶν
2462 2142 2604 2199 εἶναι
2654 2145 2715 2199 τὸ
2748 2144 2912 2216 ἔργον
2946 2143 3253 2214 ὁμολογεῖν,
3290 2141 3323 2211 ἢ
3382 2141 3483 2208 τῆς
3529 2140 3821 2209 δυνάμεως

2221 2235 2316 2289 τοῦ
2349 2235 2611 2307 Χριστοῦ.
2645 2238 2789 2307 Ὅρα
2844 2236 2902 2289 δὲ
2954 2235 3076 2298 πῶς
3123 2233 3523 2300 ἀπεπνίγοντοο
3570 2235 3653 2285 ὅτι
3691 2231 3821 2284 οὺδὶ

2222 2327 2486 2396 ὀνομάσαι
2503 2326 2694 2398 ἤθελον
2710 2329 2811 2396 τὴν
2827 2325 3127 2396 θεραπείαν
3153 2324 3248 2379 τοῦ
3271 2323 3468 2396 χωλοῦ.
3503 2324 3602 2377 Διὰ
3633 2324 3686 2376 τί
3704 2323 3820 2393 γὰρ

2229 2419 2304 2486 μὴ
2334 2416 2555 2486 λέγουσι
2575 2418 2725 2471 ποῖον
2739 2435 2754 2483 ;
2770 2416 2911 2470 Ἀλλ’
2930 2415 3095 2482 οὕτω,
3114 2416 3300 2485 φασὶν,
3319 2414 3814 2487 ὲποίησατετοῦτο.

2229 2509 2525 2577 ’Ἄρχοντες
2557 2508 2653 2562 τοῦ
2696 2509 2830 2562 λαοῦ
2864 2509 2960 2563 καλ⁸
3002 2506 3367 2580 πρεσϐύτεροι
3416 2507 3511 2561 τοῦ
3565 2508 3817 2576 Ἰσραήλ.

2228 2600 2370 2669 Ὅρα
2401 2599 2741 2669 φιλοσοφίαν·
2764 2599 3039 2671 σκόπειζδὲ
3061 2599 3190 2655 ἔνθα
3218 2601 3250 2671 ἡ
3281 2597 3443 2670 χρεία
3485 2598 3660 2661 καλεῖ,
3697 2600 3821 2663 πῶς

2228 2691 2326 2744 καὶ
2357 2691 2563 2762 σφόδρα
2588 2691 2772 2745 αὐτῶν
2799 2692 3163 2746 καθάπτεται.
3205 2690 3467 2761 Ὠνόμασε
3493 2690 3603 2759 γὰρ
3618 2691 3825 2753 αὐτοὺς

2233 2781 2371 2852 μετὰ
2400 2782 2601 2852 τιμῆς·
2638 2783 2829 2855 ἐπειδὴ
2875 2783 2933 2836 δὲ
2970 2786 3050 2848 εἰς
3083 2782 3145 2837 τὸ
3183 2784 3420 2855 πρᾶγμα
3469 2781 3661 2851 ἀνέϐη,
3717 2783 3826 2835 οὐκ

2228 2874 2522 2943 ἀφίσταται
2560 2874 2654 2929 τοῦ
2682 2876 2989 2947 πρέποντος
3034 2875 3286 2946 ἐλέγχου,
3335 2874 3639 2946 λεληθότως
3685 2874 3825 2930 ἀνθι-

2232 2969 2560 3036 μιμνήσκων
2583 3006 2601 3035 ,
2629 2968 2712 3022 ὅτι
2745 2969 2840 3022 ἐπὶ
2860 2972 2973 3032 τοῖς
2996 2968 3264 3033 τοιούτοις
3293 2969 3448 3024 αὐτοὶ
3479 2968 3575 3021 καὶ
3602 2966 3824 3037 ἔκρινον

2230 3063 2325 3115 καὶ
2362 3062 2751 3134 ἐδυσχέραινον
2809 3066 2919 3121 ἀεί.
2982 3067 3046 3121 ⁸0
3096 3065 3154 3120 δὲ
3196 3065 3369 3135 λέγει,
3402 3065 3644 3119 τοιοῦτον
3671 3065 3824 3116 ἐστιν

2230 3156 2313 3209 ὃτι
2356 3155 2592 3226 μάλιστα
2627 3158 2724 3227 μὲν
2757 3158 2926 3229 ἐχρῆν
2953 3157 3357 3228 στεφανοῦσθαι
3384 3158 3534 3229 ἡμᾶς
3564 3158 3658 3211 ἐπὶ
3694 3155 3825 3210 τού-

2227 3267 2363 3315 τοις,
2398 3253 2493 3305 και
2516 3252 2593 3315 ὡς
2634 3252 2932 3322 εὐεργέτας
2978 3252 3493 3326 ἀνακηρύττεσθαιο
3530 3251 3722 3323 ἐπειδὴ
3769 3250 3824 3306 δὲ

2226 3344 2553 3414 κρινόμεθα,
2586 3345 2830 3412 γνωστὸν
2887 3344 3031 3400 ἔστω
3062 3348 3227 3401 πᾶσιν
3259 3346 3389 3416 ὑμῖν
3425 3346 3517 3400 καὶ
3548 3344 3714 3400 παντὶ
3741 3343 3825 3415 τῷ

2225 3433 2594 3506 λαῷίσραὴλ,
2620 3437 2648 3489 ὃ
2679 3437 2914 3508 μάλιστα
2952 3438 3153 3503 αὐτοὺς
3180 3437 3368 3492 ἐλύπει
3389 3454 3405 3469 ⁸
3432 3437 3592 3492 τοῦτο
3619 3440 3677 3491 δέ
3699 3439 3822 3492 ἐστι

2225 3527 2321 3581 καὶ
2374 3528 2403 3581 ὃ
2451 3529 2636 3597 ἔλεγεν
2665 3533 2849 3595 αὐτοῖς
2879 3533 2907 3585 ὁ
2936 3531 3200 3602 Χριστός’
3235 3533 3300 3586 Ὃ
3323 3530 3596 3603 ἠκούσατε
3634 3533 3715 3593 είς
3756 3528 3824 3584 τὺ

2225 3612 2337 3680 οὖς,
2361 3617 2636 3687 κηρύξατε
2661 3620 2754 3673 ἐπὶ
2786 3620 2896 3673 τῶν
2912 3620 3177 3691 δωμάτων
3217 3620 3308 3674 Ἑν
3350 3620 3427 3691 τῷ
3457 3621 3681 3688 ὀνόματι
3714 3621 3823 3689 ’1η-

2228 3708 2323 3761 σοῦ
2358 3710 2620 3780 Χριστοῦ,
2657 3710 2752 3764 τοῦ
2787 3709 3137 3782 Ναζωραίου.
3170 3710 3262 3783 Μὴ
3288 3712 3575 3783 νομίσητε.
3625 3713 3817 3781 φησὶν,

2226 3803 2308 3855 ὅτι
2331 3801 2650 3874 κρύπτομεν
2681 3804 2781 3874 τὴν
2811 3805 3082 3876 πατρίδαο
3125 3804 3264 3858 ἀλλὰ
3299 3805 3395 3859 καὶ
3417 3803 3626 3873 ταύτην
3655 3802 3823 3870 λέγοι

2230 3908 2361 3964 μενο
2404 3895 2496 3949 ναὶ
2520 3895 2584 3966 δὴ
2615 3897 2708 3949 καὶ
2738 3897 2799 3950 τὸ
2826 3896 2997 3960 πάθος
3027 3894 3401 3967 ὁμολογοῦμεν
3422 3935 3437 3961 ,
3472 3898 3568 3948 καὶ
3610 3893 3823 3964 κηρύτ-

2226 4006 2392 4058 τομεν
2431 3989 2998 4058 τὴνὰνάστασιν..⁸“ον
3043 3990 3201 4059 ὑμεῖς
3244 3988 3653 4061 ἐσταυρώσατε.
3694 3988 3821 4041 Ἀν-

2230 4080 2469 4151 έμνησεν
2490 4082 2689 4146 αὐτοὺς
2721 4083 2817 4136 καὶ
2851 4083 3121 4154 ῥήματος,
3148 4081 3336 4137 ἱκανοῦ
3370 4081 3636 4151 φοϐῆσαι·
3657 4081 3822 4143 ποίας

2226 4171 2338 4240 γὰρ
2367 4174 2469 4226 οίει
2501 4172 2803 4243 λαμϐάνειν
2840 4173 3040 4237 αὐτοὺς
3075 4172 3289 4236 τούτοις
3310 4174 3424 4236 τοῖς
3473 4171 3652 4240 λόγοις
3682 4170 3823 4240 πλη-

2227 4282 2329 4333 γας
2348 4283 2363 4333 ;

610 4531 777 4587 Vsus.
814 4532 898 4587 Η.
933 4532 1035 4586 Hic
1074 4541 1152 4587 est
1184 4534 1274 4587 ille
1316 4533 1477 4602 lapis,
1522 4536 1614 4604 qui
1645 4533 1672 4573 ἀ
1709 4534 1934 4601 reiectus
1985 4544 2063 4588 est
2092 4552 2120 4588 η

2303 4534 2494 4605 Οὗτος
2522 4538 2565 4571 ¹⁸
2595 4541 2629 4594 ὀ
2656 4539 2824 4606 λίθος
2854 4540 2886 4594 ό
2922 4539 3346 4608 ἐξουθενηθεὶς
3368 4538 3469 4610 ὑφ’
3496 4538 3666 4609 ὑμῶν
3695 4537 3819 4595 τῶν

534 4627 676 4681 uobis
708 4629 1126 4697 a'di/icautibas,
1151 4630 1241 4701 qui
1264 4630 1511 4684 redactus
1536 4638 1616 4685 est
1639 4630 1709 4683 ad
1732 4640 1890 4699 caput
1916 4631 2122 4700 anguli.

603 4806 768 4861 Vlans'.
794 4809 877 4861 12.
909 4809 1018 4863 Nec
1035 4821 1112 4864 est
1134 4811 1185 4862 in
1208 4811 1314 4864 alio
1341 4827 1544 4880 quoque
1563 4809 1711 4864 salus
1731 4827 1854 4865 :ner
1872 4811 2010 4863 enim
2035 4829 2125 4867 uo-

532 4916 650 4954 men
678 4902 952 4964 estaliud,
989 4904 1129 4972 quod
1154 4906 1343 4955 datum
1394 4904 1484 4966 sit,
1537 4903 1677 4956 inter
1722 4901 1978 4964 homines,
2032 4919 2125 4970 per

529 4993 674 5061 quod
696 5009 789 5047 nos
818 5003 1058 5063 oporteat
1075 5007 1099 5035 ε
1122 4994 1323 5050 servari
1359 4993 1403 5049 τ.

604 5085 708 5139 ilic
760 5096 841 5141 est
901 5087 1063 5156 lapis.
1094 5087 1144 5141 id
1178 5096 1299 5151 est,
1333 5087 1682 5142 vehementer
1738 5087 2004 5156 probatus
2030 5099 2118 5141 at-

530 5191 641 5246 que
699 5186 980 5247 spectatus
1016 5197 1028 5231 :
1059 5182 1150 5248 qui
1189 5179 1365 5235 l’actus
1405 5188 1492 5234 est
1543 5189 1713 5250 caput
1764 5192 2116 5249 coagmenta-

533 5276 716 5323 torum
771 5285 868 5340 per
891 5270 1093 5324 eumin
1129 5286 1296 5324 unum
1328 5270 1619 5326 aedilicium
1660 5271 1924 5326 Ecclesia:
1981 5272 2117 5327 duo-

534 5373 656 5413 rutu
720 5361 940 5416 illorum
1001 5363 1366 5432 populorum:
1441 5380 1635 5434 nempe
1710 5362 1946 5429 Judaici,
2020 5365 2113 5434 qui

2229 4630 2744 4701 οἱκοδομούντων,
2802 4635 2835 4687 ό
2883 4635 3207 4704 γενόμενος
3251 4636 3339 4699 εἰς
3384 4632 3666 4702 κεφαλὴν
3701 4653 3816 4704 γω-

2223 4723 2379 4785 νίας.

2295 4814 2403 4868 Καὶ
2430 4814 2541 4868 οὐκ
2561 4812 2736 4868 ἔστιν
2757 4814 2828 4868 ἐν
2857 4814 3027 4881 ἄλλῳ
3051 4815 3255 4869 οὐδενὶ
3289 4817 3326 4883 ἡ
3354 4821 3645 4886 σωτηρίω
3674 4819 3819 4872 οὔτε

2222 4903 2331 4974 γὰρ
2363 4903 2551 4973 ὄνομά
2579 4904 2753 4958 ἐστιν
2783 4905 2993 4973 ἕτερον
3018 4905 3087 4959 τὸ
3130 4904 3459 4976 δεδομένον
3482 4908 3554 4960 ἐν
3586 4908 3817 4975 ἀνθρὼ-

2219 5011 2379 5059 ποις,
2404 4994 2474 5048 ἐν
2504 4988 2552 5062 ᾧ
2584 4994 2681 5048 δεῖ
2712 4994 2982 5063 σωθῆναι
3026 4993 3204 5064 ἡμᾶς.

2293 5081 2463 5150 Οὗτος
2501 5087 2530 5139 ὀ
2562 5074 2730 5151 λίοδς,
2777 5088 3057 5141 τουτέστιν
3117 5092 3146 5142 ὁ
3207 5090 3410 5160 σφόδρα
3461 5090 3709 5160 δόκιμος,
3748 5088 3812 5153 ὃς

2222 5179 2444 5249 ἐγένετο
2491 5180 2704 5249 κεφαλὴ
2740 5179 2848 5233 τῶν
2903 5182 3392 5253 συναρμοσθέντων
3425 5182 3494 5235 δι’
3528 5180 3694 5234 αὑτοῦ
3730 5181 3816 5243 είς

2226 5271 2354 5342 μίαν
2377 5270 2667 5341 οἰκοδομήν
2717 5272 3050 5342 Ἐκκλησίας
3088 5275 3197 5327 τῶν
3235 5274 3329 5329 δύο
3362 5273 3527 5327 λαῶν·
3562 5272 3813 5326 τουτέστι

2222 5365 2316 5417 τοῦ
2360 5363 2657 5417 Ἰουδαῖκοῦ
2705 5362 2801 5418 τοῦ
2864 5370 3315 5437 πεπιστευκότος,
3351 5372 3444 5423 καὶ
3477 5368 3679 5431 παντὸς
3714 5366 3813 5420 τοῦ

1687 5545 1891 5611 Variae
1930 5544 2244 5608 lectiones
2271 5552 2333 5609 et
2362 5555 2560 5609 notae.

608 5662 651 5695 ¹³
687 5662 749 5716 In
778 5663 1004 5734 vulgatis
1023 5664 1284 5734 adjectum
1305 5680 1402 5734 est,
1435 5665 1571 5736 λαῷ.
1649 5667 1692 5701 ⁸⁸
1727 5670 1990 5741 Κατέχον,
2022 5687 2120 5724 ενα

2241 5672 2283 5704 ¹³
2312 5671 2375 5725 1η
2398 5672 2627 5743 vulgatis
2653 5674 2917 5744 adjectum
2953 5686 3048 5741 est,
3085 5674 3253 5731 ἐστίν.

608 5803 632 5834 α
664 5793 1097 5861 Nousupcrscdct
1123 5802 1446 5856 com-enicati
1474 5803 1884 5871 reprehensione.
1964 5803 1988 5842 ἀ
2023 5802 2084 5858 V.
2107 5805 2436 5873 reprobatus.
2491 5817 2515 5847 ε
2537 5823 2629 5878 per
2646 5808 2785 5880 quod
2815 5807 3065 5865 servandi
3101 5811 3291 5869 simus,
3338 5808 3358 5850 ί
3386 5808 3449 5866 V.
3470 5810 3641 5865 saltos
3665 5807 3806 5882 ﬁeri.
