4070 6416
521 369 631 435 5Ἷ9

519 590 571 636 e.‘
602 580 905 633 audivimus
929 595 1033 633 non
1069 581 1235 650 loqui.

596 670 764 727 Vens.
821 671 915 725 Ἦ.
959 670 1055 725 Illi
1125 682 1305 726 autent
1354 670 1712 725 vehementius
1770 669 2109 723 intermi.:uti

1430 369 2009 433 TlIEOPHYLACTi
2052 368 2466 432 BULGARirE
2504 374 2865 437 ARCHIEP.

600 484 872 542 Vens.20.
914 486 1034 541 Non
1060 486 1199 542 enim
1229 502 1511 557 possumus
1568 504 1686 552 nos,
1731 504 1847 558 qua:
1888 488 2114 542 vidimus
2150 506 2186 555 Α

3691 366 3799 434 580

2298 494 2381 546 Οὐ
2412 491 2723 562 δυνάμεθα
2770 494 2882 563 γὰρ
2920 491 3092 562 ἡμεῖς
3140 488 3179 545 ἃ
3209 491 3452 561 εἴδομεν
3484 490 3585 545 καί
3612 490 3802 561 ἠκού-

2212 603 2429 656 σαμεν,
2465 584 2552 654 μὴ
2592 585 2829 641 λαλεῖν.

2289 682 2353 732 Ol
2375 678 2444 731 δὲ
2482 675 3144 746 προσαπειλησάμενοι,
3179 675 3507 731 ἀπέλυσαν
3543 676 3792 742 αὐτοὺς,

523 761 838 817 dimiserunt
861 778 969 825 eos,
999 761 1133 815 nihil
1156 762 1478 815 invenientes
1505 776 1600 813 cur
1628 760 2108 814 animadverterent

2218 768 2404 837 μηδὲν
2429 770 2818 836 εὑρίσκοντες
2844 768 2910 820 τὸ
2944 768 3069 833 πῶς
3107 768 3153 800 ⁸³
3184 767 3553 822 κολάσονται
3574 767 3802 835 αὐτοὺς

528 856 583 907 in
621 854 767 917 illos,
803 854 966 908 etiam
996 870 1088 923 per
1110 868 1191 921 po,
1215 853 1361 907 ulum
1387 854 1440 905 id
1475 854 1574 906 sibi
1604 851 1780 920 facere
1821 868 1927 906 non
1951 851 2111 907 licere

528 947 764 1001 videntes
796 962 814 1009 ;
846 948 971 1015 quia
1028 962 1208 999 omnes
1257 955 1470 1014 propter
1512 943 1588 1011 id,
1621 945 1762 1012 quod
1819 945 2108 1011 acciderat,

534 1038 696 1092 Deum
722 1037 1119 1107 glorificabant.

602 1132 765 1184 \‘ens.
797 1130 886 1181 22.
935 1128 1078 1181 Ναιιι
1102 1128 1149 1181 is
1187 1127 1363 1189 homo,
1389 1143 1515 1197 erga
1543 1141 1696 1196 quem
1726 1122 1743 1163 ι
1772 1126 1970 1180 editum
1996 1127 2113 1197 fue-

522 1232 607 1276 rat
621 1223 831 1289 signum
850 1220 984 1273 illud
1002 1221 1323 1286 sanationis,
1344 1236 1512 1274 annos
1532 1229 1692 1271 nutus
1725 1229 1840 1272 erat
1877 1223 2110 1289 amplius

519 1332 681 1384 quam
711 1314 1089 1384 quadraginta.

599 1406 711 1460 Cur
749 1418 845 1459 eos
872 1420 980 1458 non
1017 1404 1229 1459 ducunt
1260 1403 1325 1457 ad
1359 1403 1618 1467 Pilatum,
1654 1402 1749 1459 sed
1780 1405 1882 1475 ipsi
1915 1420 2013 1476 per
2049 1419 2110 1460 se

521 1496 843 1568 judicant?
905 1498 1036 1567 quia
1097 1496 1506 1552 erubescebant
1567 1506 1620 1551 et
1682 1496 1924 1566 pudebat
2010 1511 2109 1551 eos

524 1604 743 1653 eorum,
774 1604 895 1657 qua:
917 1589 1082 1657 .prius
1105 1588 1504 1643 commiserant
1523 1629 1539 1651 ,
1571 1602 1637 1642 ac
1662 1589 2017 1652 verebantur,
2043 1603 2109 1642 ne

527 1682 746 1735 illorum
784 1697 1004 1752 quoque
1037 1682 1267 1736 nomine
1300 1681 1838 1751 reprehenderentur
1862 1692 1917 1736 et
1951 1681 2109 1736 incu-

527 1782 801 1826 sarentur.

605 1861 769 1917 Vens.
813 1862 903 1918 25.
946 1863 1169 1917 Dimissi
1217 1872 1394 1917 autem
1446 1862 1675 1932 apostoli
1725 1872 1976 1919 venerunt
2034 1862 2105 1917 ad
2139 1841 2183 1899 Β

524 1968 670 2014 suos,
706 1969 768 2005 ac
801 1954 1177 2007 nuntiaverunt
1232 1969 1556 2024 quacunque
1606 1954 1857 2008 dixerant
1917 1954 1985 2007 ad
2019 1969 2108 2009 eos

523 2045 799 2113 pontiﬁces
820 2054 869 2098 et
901 2050 1157 2100 seniores.

600 2135 885 2190 “213.24.
949 2137 1150 2200 Quibus
1211 2137 1294 2190 illi
1369 2138 1594 2201 auditis,
1658 2140 1981 2194 unanimiter
2038 2141 2109 2194 ad

496 2296 503 2301 θ
529 2225 694 2280 Deum
728 2243 902 2281 vorem
931 2227 1235 2281 extulerunt
1273 2244 1336 2281 ac
1358 2229 1608 2282 dixerunt
1633 2245 1650 2282 :
1694 2228 1940 2291 Domine,
1970 2240 2028 2284 tu
2055 2246 2108 2284 es

526 2318 687 2382 Deus,
715 2317 806 2385 qui
840 2318 1008 2387 fecisti
1028 2319 1222 2372 caelum
1247 2329 1298 2372 et
1324 2329 1543 2384 terram,
1568 2329 1618 2373 et
1642 2335 1809 2387 mare,
1838 2331 1887 2374 et
1909 2324 2108 2384 omnia,

523 2423 641 2478 qua:
680 2409 733 2461 in
762 2409 840 2461 eis
872 2420 1016 2462 sunt.

609 2498 788 2553 Vens.
830 2499 921 2554 25.
958 2500 1066 2565 Qui
1092 2517 1186 2571 per
1245 2517 1302 2555 os
1335 2500 1554 2555 Davidis
1584 2500 1735 2569 pueri
1763 2502 1839 2554 tui
1884 2502 2111 2556 dixisti:

527 2592 707 2657 Quare
746 2593 1078 2659 fremuerunt
1115 2603 1316 2663 gentes,
1366 2601 1417 2647 et
1470 2593 1653 2661 populi
1695 2593 1937 2647 meditati
1990 2602 2114 2647 sunt

525 2684 735 2737 inania.

598 2774 767 2831 Vsns.
798 2774 890 2829 26.
946 2775 1248 2830 Astiterunt
1304 2792 1450 2846 reges
1509 2785 1686 2842 terrae,
1755 2788 1804 2831 et
1849 2776 2114 2847 principes

523 2877 873 2921 convenerunt
895 2869 944 2920 in
967 2882 1134 2921 unum
1157 2868 1408 2923 adversus
1443 2868 1751 2936 Dominum,
1774 2881 1822 2924 et
1862 2869 2114 2923 adversus

525 2945 793 3014 Christum
827 2961 965 3027 ejus.

601 3049 770 3105 Vens.
795 3051 891 3102 Ἦ.
927 3049 1183 3105 Coieruut
1218 3062 1258 3090 ιιι
1285 3052 1426 3105 enim
1471 3067 1652 3105 revera
1694 3051 1947 3107 adversus
1989 3069 2115 3107 san-

2216 859 2317 914 διὰ
2350 861 2457 913 τὸν
2478 859 2655 914 λαόν·
2681 860 2771 913 ὅτι
2805 859 3029 925 πάντες
3060 859 3348 922 ἐδόξαζον
3382 858 3490 913 τὸν
3522 860 3671 914 Θεὸν
3701 859 3805 913 ἐπι

2215 950 2296 1017 τῷ
2327 951 2597 1021 γεγονότι
2608 987 2622 1005 .

2296 1126 2483 1181 Ἐτῶν
2517 1127 2630 1196 τὰρ
2667 1122 2750 1197 ἦν
2790 1127 3090 1181 πλειόνων
3136 1123 3596 1193 τεσσαράκοντα
3633 1128 3667 1180 ὁ
3695 1124 3802 1179 ἆν-

2212 1222 2469 1288 θρωπος,
2509 1218 2601 1288 ἐφ’
2633 1218 2706 1272 ὃν
2751 1219 3015 1289 ἐγεγόνει
3060 1217 3125 1271 τὸ
3183 1217 3442 1286 σημεῖον
3469 1217 3647 1272 τοῦτο
3690 1216 3805 1288 τῆς

2213 1311 2453 1376 ἰάσεως.

2282 1403 2383 1456 Διὰ
2413 1402 2466 1456 τί
2502 1402 2605 1457 οὐκ
2663 1403 2899 1473 ἄγουσιν
2962 1402 3164 1466 αὐτοὺς
3198 1402 3336 1473 πρὸς
3370 1401 3630 1466 Πιλᾶτον,
3684 1402 3805 1457 ἀλλ’

2211 1496 2369 1550 αὐτοὶ
2407 1495 2475 1549 δι’
2503 1496 2733 1560 ἑαυτοὺς
2766 1495 3080 1567 κρίνουσιν;
3130 1496 3534 1564 ’Δίσχυνόμενοι
3557 1494 3650 1548 καὶ
3679 1498 3807 1567 ὲρυ-

2212 1587 2475 1659 θριῶντες
2506 1587 2576 1642 τὰ
2606 1588 2872 1660 πρότερα·
2904 1589 2980 1659 μὴ
3003 1587 3103 1640 καὶ·
3141 1585 3284 1657 ὑπὲρ
3325 1584 3551 1640 ἐκείνων
3595 1586 3801 1657 ἀγκλη-

2211 1679 2401 1735 θῶσιν.

2281 1858 2718 1924 Ἀπολυθέντες
2762 1857 2830 1911 δὲ
2874 1860 2929 1911 οι
2960 1858 3006 1890 ⁸⁵
3052 1857 3388 1913 ἀπόστολοι
3432 1857 3628 1930 ἦλθον
3652 1861 3809 1931 πρὸς

2212 1947 2354 2014 τοὺς
2384 1947 2598 2014 ίδίους,
2629 1948 2729 2004 καί
2753 1948 3127 2017 detinentur
3148 1949 3219 1982 ’δ’
3244 1950 3364 2004 ὅσα
3400 1950 3553 2019 πρὸς
3576 1953 3807 2019 αὐτοὺς

2212 2041 2267 2092 οί
2313 2038 2611 2108 ἀρχιερεῖς
2651 2038 2751 2092 καί
2785 2041 2838 2093 al
2868 2041 3266 2107 πρεσϐύτεροι
3297 2036 3491 2095 εἶπον.

2289 2133 2357 2184 0t
2414 2130 2484 2183 δὲ
2531 2131 2929 2196 ἀκούσαντες,
2978 2131 3364 2200 ὁμοθυμαδὸν
3403 2129 3560 2204 ἦραν
3594 2133 3813 2204 φωνὴν

2213 2222 2364 2290 πρὸς
2398 2223 2507 2276 τὸν
2536 2222 2706 2289 Θεὸν,
2758 2223 2855 2277 καί
2878 2219 3072 2277 alnos"
3113 2223 3409 2286 Δέσποτα,
3461 2225 3544 2280 σὺ
3588 2222 3649 2281 εἴ
3664 2227 3712 2259 ³³
3769 2230 3807 2281 ό

2217 2318 2384 2382 Θεὸς,
2447 2318 2481 2369 ό
2546 2315 2811 2385 ποιήσας
2887 2318 2994 2369 τίν
3061 2316 3324 2383 οἰρανὸν
3371 2318 3471 2372 καί
3524 2318 3639 2387 τὴν
3688 2319 3815 2390 τῆν

2215 2406 2313 2461 καί
2351 2406 2469 2477 τὴν
2515 2408 2862 2472 θάλασσαν,
2892 2409 2988 2462 καί
3049 2409 3247 2463 πάντα
3271 2410 3341 2464 τὰ
3367 2411 3437 2464 ὲν
3470 2411 3698 2479 αὐτοῖς,

2300 2499 2353 2549 't)
2378 2499 2478 2552 διὰ
2496 2500 2799 2568 στόματος
2824 2500 3022 2566 Δαϐίδ,
3052 2501 3269 2566 παιδός
3297 2518 3420 2556 σου
3436 2502 3638 2557 εἰπών’
3671 2504 3813 2559 Ἵνα

2217 2593 2275 2647 τί
2305 2594 2619 2663 ἐφρύαξαν
2647 2595 2814 2662 ἔθνη,
2840 2595 2937 2649 καὶ
2975 2595 3114 2649 λαοὶ
3144 2596 3520 2666 ἐμελέτησαν
3548 2597 3733 2664 κενά;

2287 2778 2695 2846 Πιιρέστησαν
2737 2781 2793 2833 ol
2833 2779 3123 2845 ,ϐασιλεῖς
3167 2776 3277 2846 τῆς
3309 2779 3443 2847 γῆς’
3487 2781 3586 2834 καὶ
3618 2783 3671 2836 οἱ
3699 2781 3809 2850 ἆρ-

2220 2885 2432 2938 χοντες
2482 2867 2891 2938 συνήχθησαν
2924 2869 3025 2922 ἐπὶ
3073 2867 3141 2923 τὸ
3187 2869 3334 2923 αὺτό
3369 2870 3518 2924 κατὰ
3550 2869 3657 2925 τοῦ
3683 2874 3804 2926 Ku-

2210 2961 2352 3030 ρίου
2389 2960 2668 3015 καὶκατὰ
2703 2959 2808 3015 τοῦ
2843 2959 3103 3029 Χριστοῦ
3146 2960 3357 3017 αὐτοῦ.

2288 3051 2703 3122 Συνήχθησαν
2753 3055 2862 3123 γὰρ
2914 3053 3008 3106 ἐπ’
3038 3053 3328 3121 ἀληθείας
3358 3055 3457 3108 ἐπὶ
3491 3056 3597 3109 τὸν
3632 3056 3811 3126 ἅγιον

526 3154 669 3197 ctum
699 3140 904 3195 Filium
957 3152 1105 3196 tuum
1131 3140 1339 3211 Jesum,
1369 3159 1521 3212 quem
1539 3144 1765 3209 unxisti,
1791 3153 1840 3197 et
1879 3142 2114 3198 llerodes

2218 3143 2407 3200 παῖδά
2453 3161 2571 3200 σου
2639 3145 2890 3212 Ἰησοῦν
2920 3186 2935 3213 ,
2983 3146 3057 3201 ὃν
3100 3147 3353 3216 ἔχρισας
3378 3188 3391 3211 ,
3447 3149 3702 3217 Ἡρώδης
3740 3168 3811 3205 τε

528 3244 580 3288 ει
642 3234 756 3288 Pun
785 3236 868 3288 ius
953 3233 1166 3290 Pilatus
1239 3252 1358 3289 cum
1421 3236 1704 3306 gentibus,
1771 3245 1820 3289 et
1886 3236 2113 3307 populus

2218 3237 2317 3291 καί
2375 3239 2629 3305 Πόντιος
2681 3237 2942 3305 Πιλᾶτος
3003 3239 3128 3294 σὺν
3167 3239 3373 3294 ἔθνεσι
3430 3243 3528 3295 καί
3578 3243 3729 3309 λαὸς
3756 3244 3809 3277 ’⁸

530 3323 731 3386 Israel,

608 3416 774 3472 \‘ens.
807 3417 898 3471 28.
937 3414 1007 3469 Ut
1033 3416 1267 3485 facerent
1294 3434 1411 3486 qua:
1448 3434 1638 3473 manus
1693 3427 1786 3472 tua
1838 3432 1885 3474 et
1942 3422 2117 3475 consi-

528 3506 663 3562 lium
693 3518 842 3559 tuum
870 3515 927 3560 ut
949 3504 1134 3573 ﬁerent
1163 3505 1656 3574 prwdestinaverat.

600 3595 711 3668 47
749 3594 821 3649 Et
879 3597 1335 3649 renuntiaverunt.
1383 3596 1502 3651 Non
1562 3596 1883 3653 ambitionis
1948 3613 2113 3654 causa

528 3694 783 3749 narrant,
839 3686 936 3741 scd
974 3693 1032 3741 ut
1080 3686 1439 3741 ostenderent
1470 3687 1659 3757 gratia:
1704 3687 1909 3743 Christi
1965 3700 2114 3744 certa

528 3786 875 3849 argumenta.
922 3777 1001 3832 Tu
1036 3794 1090 3832 es
1126 3778 1289 3844 Deus,
1317 3780 1407 3848 qui
1442 3778 1636 3848 fecisti.
1671 3778 1807 3835 Vide
1845 3789 2025 3836 autem
2058 3789 2116 3835 ut

525 3871 835 3941 exquisitae,
901 3879 1080 3925 acutae
1118 3878 1174 3925 et
1222 3871 1488 3926 absolutae
1514 3874 1621 3926 sint
1653 3887 1844 3942 preces
1898 3889 2112 3928 eorum.

524 3961 663 4017 Nam
702 3978 826 4018 cum
853 3962 960 4017 sibi
993 3962 1271 4033 designari
1300 3973 1525 4019 orarent
1574 3980 1724 4029 eum,
1755 3966 1847 4034 qui
1883 3965 2117 4021 idoneus

527 4063 772 4124 trtaptus
829 4066 979 4110 esset
1025 4054 1093 4108 ad
1138 4056 1548 4125 npostolatum:
1589 4059 1686 4120 Tu,
1730 4058 1972 4122 Domine,
2025 4059 2115 4128 qui

465 4124 489 4158 ⁸
531 4145 769 4198 omnium
801 4144 965 4198 corda
993 4144 1158 4210 nosti,
1201 4154 1492 4214 precantes
1514 4134 1738 4213 dicunt;
1774 4149 1870 4204 sed
1894 4124 2112 4219 postea-

531 4248 694 4303 quam
721 4234 815 4289 hic
868 4233 1318 4289 adversariorum
1351 4250 1447 4289 ora
1481 4237 1726 4291 obturari
1776 4242 2063 4309 oportebat
2097 4258 2112 4297 :

528 4325 774 4389 Domine,
809 4326 1173 4394 implorantes
1215 4326 1424 4391 dicunt,
1455 4335 1513 4379 tu
1550 4343 1603 4380 es
1625 4326 1790 4396 Deus,
1815 4331 1905 4400 qui
1941 4331 2115 4400 fecisti

527 4416 717 4470 caelum
738 4424 789 4469 et
850 4425 1072 4472 terram.
1109 4414 1266 4470 Multi
1328 4426 1511 4471 autem
1551 4417 1936 4474 haereticorum
1971 4420 2113 4476 divi-

528 4509 669 4561 dunt
704 4507 993 4573 lteitatem,
1058 4508 1306 4563 dicentes
1341 4508 1509 4562 alium
1552 4522 1680 4565 esse
1716 4508 1885 4564 Deum
1924 4514 2112 4567 mundi

2220 4522 2360 4579 εἶναι
2414 4526 2550 4581 Θεδν
2596 4507 2689 4583 τὸν
2740 4507 3096 4604 κοσμοίιτοιδν,
3130 4507 3225 4590 καὶ
3255 4507 3417 4592 ἄλλον

530 4598 830 4675 fgctorem;
873 4608 928 4654 ct
980 4598 1174 4665 alium,
1224 4598 1438 4654 Patrem
1473 4599 1701 4656 Christi.
1745 4599 1900 4657 Unde
1946 4605 2109 4658 etiam

529 4690 872 4760 Scripturam
921 4691 1255 4755 dividentes,
1334 4704 1493 4749 vetus
1548 4693 1770 4763 quidem
1831 4694 2011 4751 itedus
2059 4708 2110 4751 cl

528 4788 944 4847 testamentum,
969 4782 1155 4837 mundi
1213 4783 1473 4848 factoris:
1510 4800 1709 4839 novum
1734 4800 1886 4850 vero,
1933 4787 2111 4842 Patris

527 4870 733 4928 Christi
798 4886 922 4928 esse
973 4872 1206 4928 dicunt:
1263 4889 1348 4940 ac,
1409 4877 1556 4945 quod
1626 4878 1870 4948 ipsorum
1928 4879 2106 4949 impiae

528 4964 777 5034 opinioni
810 4965 1147 5022 conveniens
1203 4978 1257 5022 et
1311 4980 1745 5025 consentaneum
1801 4981 1885 5026 est
1921 4988 1938 5025 :
1974 4986 2108 5029 con-

528 5055 732 5110 trarios
760 5056 902 5109 inter
930 5071 1053 5111 sese
1087 5059 1185 5111 hos
1212 5056 1353 5113 Deos
1381 5074 1507 5115 esse
1532 5060 1724 5115 dicunt
1774 5071 1830 5116 et
1860 5062 2109 5135 Scriptu-

533 5162 625 5201 ias
643 5161 832 5201 eorum
860 5165 872 5199 :
908 5154 967 5200 ut
996 5148 1088 5217 qui
1112 5148 1439 5219 confugiunt
1469 5150 1538 5205 ad
1572 5150 1885 5217 Dominum,
1917 5156 2106 5211 mundi

531 5239 756 5292 factoris
814 5239 1023 5293 inimici
1088 5241 1235 5306 sint,
1313 5252 1370 5297 et
1424 5246 1676 5302 meliores
1747 5262 1910 5317 quam
1970 5248 2099 5317 ille;

527 5330 994 5398 quemadmodum
1056 5334 1319 5389 nimirum
1377 5339 1542 5392 etiam
1621 5341 1874 5398 homines
1917 5343 2103 5397 mundi

2218 3328 2490 3397 Ἰσραήλ,

2289 3420 2549 3488 Ποιῆσαι
2574 3419 2692 3474 ὅσα
2716 3421 2752 3488 ὴ
2784 3421 2916 3490 χείρ
2947 3437 3065 3477 σου
3099 3424 3196 3477 καί
3225 3424 3263 3492 ἡ
3286 3426 3491 3495 ,ϐουλή
3518 3442 3637 3482 σου
3661 3442 3810 3497 προ-

2216 3511 2398 3581 ὡρισε
2425 3515 2725 3583 γενέσθαι.

2291 3604 2427 3674 Οὐχὶ
2461 3605 2776 3676 φιλοτιμίας
2803 3607 2997 3661 ἕνεκεν
3027 3606 3365 3680 διηγοῦνται,
3397 3612 3537 3667 ἀλλὰ
3573 3611 3675 3682 τῆς
3702 3614 3802 3668 τοῦ

2216 3695 2458 3765 Χριστοῦ
2507 3697 2733 3767 χάριτος
2784 3698 2852 3750 τὰ
2884 3700 3171 3770 τεκμήρια
3198 3702 3624 3770 ἐπιδεικνύντες.
3659 3709 3809 3778 Ὅρα

2216 3789 2275 3842 δὲ
2306 3788 2427 3852 πῶς
2449 3791 2591 3843 εἰσιν
2611 3791 2995 3862 ὴκριϐωμέναι
3035 3795 3215 3850 αὐτῶν
3242 3799 3297 3852 αἱ
3327 3799 3506 3870 εὐχαί.
3534 3801 3666 3854 Ὅτε
3703 3802 3806 3873 μὲν

2217 3885 2329 3956 γὰρ
2361 3886 2457 3939 τὸν
2499 3886 2545 3919 ⁸⁷
2589 3886 2741 3954 ἄξιον
2783 3890 2865 3953 είς
2904 3891 3210 3962 ἀποστολὴν
3244 3894 3433 3962 ἠξίουν
3455 3897 3634 3960 αὐτοῖς
3668 3898 3808 3952 ἀνα-

2215 3976 2513 4047 δειχθῆναι·
2553 3980 2660 4046 Σὺ,
2697 3981 2895 4049 Κύριε,
2928 3983 3386 4055 καρδιογνῶστα
3414 3989 3678 4053 πάντων,
3708 3990 3804 4044 eii-

2218 4086 2440 4140 χονται·
2478 4072 2844 4154 προγνώσεως
2890 4073 2999 4146 γὰρ
3050 4072 3118 4148 ἦν
3153 4081 3273 4131 ἐκεῖ
3301 4082 3481 4151 χρεία·
3526 4082 3806 4154 ἐπειδὴδὲ

2216 4161 2452 4216 ἐνταῦθα
2525 4166 2655 4228 τοὺς
2716 4150 2999 4232 ἐναντίους
3070 4150 3530 4243 ἐπιστομισθῆναι
3584 4150 3802 4246 ἑχρῆν,

2218 4254 2516 4321 Δέσποτα,
2557 4256 2909 4325 ἐπιϐοῶνται,
2948 4259 3052 4326 σὺ,
3086 4256 3145 4316 εἷ
3184 4265 3217 4316 ὁ
3261 4264 3427 4330 Θεὸς,
3479 4267 3513 4319 ὁ
3533 4266 3799 4336 ποιήσας

2216 4343 2325 4395 τὸν
2354 4344 2621 4412 οὐρανὸν
2664 4347 2763 4400 καὶ
2802 4353 2920 4418 τὴν
2957 4350 3097 4420 γῆν.
3146 4352 3341 4418 Πολλοὶ
3374 4354 3419 4386 ³⁸
3459 4354 3515 4408 δὲ
3545 4357 3653 4409 τῶν
3694 4358 3808 4411 ἀπὸ

2217 4434 2486 4505 αἱρέσεων
2535 4437 2810 4509 διαιροῦσι
2862 4442 2964 4513 τὴν
3027 4443 3304 4514 Θεὸτητα·
3341 4446 3596 4515 λέγοντες
3642 4448 3805 4504 ἄλλον

3454 4540 3546 4592 τὸν
3579 4539 3804 4611 Πατέρα

2218 4618 2481 4687 Χριστοῦ.
2522 4620 2689 4675 Ὅθεν
2726 4623 2821 4678 καὶ
2867 4626 2968 4696 τὴν
2998 4627 3221 4698 Γραφὴν
3261 4629 3666 4701 διαιρήσαντες.
3700 4634 3806 4704 τὴν

2224 4706 2322 4774 μὲν
2343 4708 2589 4764 Παλαιὰν
2621 4712 2901 4784 Διαθήκην
2930 4714 3029 4769 τοῦ
3065 4719 3426 4790 κοσμοποιοῦ,
3457 4718 3554 4789 τὴν
3577 4721 3634 4775 δὲ
3663 4722 3806 4776 Και-

2219 4794 2317 4865 νὴν
2365 4798 2458 4850 τοῦ
2499 4799 2710 4871 [ἰατρὸς
2736 4803 2980 4873 Χριστοῦ
3020 4806 3274 4877 λέγουσιν
3301 4805 3461 4864 εἶναι.
3501 4811 3807 4882 Ἑπόμενον

2216 4887 2273 4942 δὲ
2311 4891 2376 4959 τῇ
2423 4890 2679 4948 δυσσεϐεῖ
2701 4896 2896 4969 γνώμῃ
2928 4900 3132 4967 αὐτῶν,
3175 4904 3514 4968 ἀπεναντίως
3539 4904 3687 4976 ἔχειν
3716 4906 3806 4960 u-

2217 4997 2375 5048 γουσι
2424 4983 2562 5054 πρὸς
2609 4987 2865 5053 ἑαυτοὺς,
2912 4991 3039 5050 τοὺς
3072 4993 3238 5058 Θεοὺς
3283 4994 3529 5059 τούτους
3569 4998 3673 5059 καὶ
3699 4999 3803 5063 τὰς

2216 5072 2441 5142 Γραφὰς
2474 5077 2676 5143 αὐτῶν,
2705 5077 2782 5144 ὡς
2823 5083 2949 5145 τοὺς
2986 5086 3432 5154 προσφεύγοντας
3464 5090 3543 5160 τῷ
3586 5089 3801 5161 Κυρίῳ,

2215 5164 2445 5236 ἐχθροὺς
2473 5163 2613 5222 εἶναι
2657 5170 2754 5223 τοῦ
2808 5175 3142 5243 κοσμοποιοῦ
3192 5179 3289 5231 καὶ
3321 5178 3598 5249 βελτίονας
3627 5180 3798 5234 αὐτοῦ

2208 5259 2502 5327 τυγχάνειν
2532 5276 2546 5292 ·
2589 5259 2782 5335 ὥσπερ
2810 5265 2906 5320 οῦν
2942 5269 2991 5321 oi
3020 5266 3115 5322 τοῦ
3152 5271 3486 5342 κοσμοποιοῦ
3514 5273 3802 5344 ἄνθρωποι

2211 5349 2634 5424 ὃιαόεὸλημένοι
2665 5355 2775 5409 etot
2818 5359 2958 5429 πρὸς
2982 5363 3075 5415 τὸν
3111 5362 3352 5432 Χριστὸν
3398 5370 3493 5419 καὶ
3522 5366 3622 5437 τὴν
3650 5366 3800 5421 διδα-

1686 5454 1885 5517 Variae
1927 5458 2241 5525 lectiones
2270 5473 2332 5526 et
2374 5475 2564 5530 noue.

598 5543 644 5574 ³³
695 5546 1166 5642 εὑρίσκοντεςητδ,
1196 5551 1334 5635 πῶς,
1380 5564 1456 5608 est
1486 5556 1541 5642 in
1579 5560 1826 5642 vulgatis.
1869 5564 1915 5592 ’τ
1948 5563 2065 5617 Non
2090 5583 2114 5618 ε

2234 5569 2344 5622 haec
2370 5573 2423 5624 in
2451 5572 2698 5642 vulgatis.
2767 5576 2833 5608 ’δ’
2858 5577 2895 5632 ἀ

532 5618 829 5707 apogrttplw
886 5631 1022 5684 erat,
1060 5625 1404 5691 ἀνήγγειλον.
1483 5627 1526 5656 ιδ
1556 5625 1605 5679 εἱ
1637 5618 1971 5686 άὲδὶιίειτιιιιι·
2002 5638 2055 5688 in
2082 5618 2326 5707 vulgatis.

537 5685 636 5743 tot,
669 5696 799 5738 erat.

597 5796 612 5835 ι
650 5800 711 5852 Υ.
759 5804 812 5853 in
845 5820 963 5870 quo.
1044 5815 1080 5842 π·
1112 5806 1150 5859 ν
1210 5824 1580 5867 convenerunt.

2981 5588 3229 5649 γγειλαν,
3260 5592 3333 5637 est
3362 5584 3416 5636 in
3442 5583 3695 5654 vulgatis.
3732 5584 3799 5639 In

2436 5642 2481 5673 ¹⁶
2511 5643 2658 5705 λαοῖς
2692 5654 2765 5698 est
2797 5647 2852 5700 in
2874 5642 3124 5721 vulgatis.
3209 5642 3252 5685 ίτ
3278 5656 3360 5719 τὸ,
3383 5642 3554 5707 erat."
3596 5655 3640 5685 ’⁸
3666 5658 3798 5709 πολ-
