  <div class='ocr_page' id='page_1' title='image "/cluster/home/n/w/nwhite01/storage/ocr_20150623/125:no.3/coo.31924054870302/298.png"; bbox 0 0 4070 6424; ppageno 0'>
   <div class='ocr_carea' id='block_1_1' title="bbox 350 367 449 431">
    <p class='ocr_par' dir='ltr' id='par_1_1' title="bbox 350 367 449 431">
     <span class='ocr_line' id='line_1_1' title="bbox 350 367 449 431; baseline 0.01 -1"><span class='ocrx_word' id='word_1_1' title='bbox 350 367 449 431; x_wconf 80' lang='grc'><strong>531</strong></span> 
     </span>
    </p>
   </div>
   <div class='ocr_carea' id='block_1_2' title="bbox 1103 374 2917 444">
    <p class='ocr_par' dir='ltr' id='par_1_2' title="bbox 1103 374 2917 444">
     <span class='ocr_line' id='line_1_2' title="bbox 1103 374 2917 444; baseline 0.003 -7"><span class='ocrx_word' id='word_1_2' title='bbox 1103 374 1507 438; x_wconf 78' lang='lat' dir='ltr'><strong>EXPOSITIO</strong></span> <span class='ocrx_word' id='word_1_3' title='bbox 1544 376 1625 437; x_wconf 91' lang='lat' dir='ltr'><strong>IN</strong></span> <span class='ocrx_word' id='word_1_4' title='bbox 1666 375 1851 437; x_wconf 77' lang='lat' dir='ltr'><strong>ACTA</strong></span> <span class='ocrx_word' id='word_1_5' title='bbox 1895 374 2473 442; x_wconf 76' lang='lat' dir='ltr'><strong>APOSTOLORUM.</strong></span> <span class='ocrx_word' id='word_1_6' title='bbox 2511 407 2575 416; x_wconf 89' lang='grc'><strong>--</strong></span> <span class='ocrx_word' id='word_1_7' title='bbox 2616 382 2773 443; x_wconf 83' lang='lat' dir='ltr'><strong>CAP.</strong></span> <span class='ocrx_word' id='word_1_8' title='bbox 2822 386 2917 444; x_wconf 82' lang='lat' dir='ltr'><strong>IV.</strong></span> 
     </span>
    </p>
   </div>
   <div class='ocr_carea' id='block_1_3' title="bbox 3514 390 3623 459">
    <p class='ocr_par' dir='ltr' id='par_1_3' title="bbox 3514 390 3623 459">
     <span class='ocr_line' id='line_1_3' title="bbox 3514 390 3623 459; baseline 0.037 -4"><span class='ocrx_word' id='word_1_9' title='bbox 3514 390 3623 459; x_wconf 70' lang='lat'><strong>582</strong></span> 
     </span>
    </p>
   </div>
   <div class='ocr_carea' id='block_1_4' title="bbox 356 475 1934 566">
    <p class='ocr_par' dir='ltr' id='par_1_4' title="bbox 356 475 1934 559">
     <span class='ocr_line' id='line_1_4' title="bbox 356 475 1934 559; baseline 0.003 -24"><span class='ocrx_word' id='word_1_10' title='bbox 356 475 591 538; x_wconf 71' lang='grc' dir='ltr'>σκαλῑαν</span> <span class='ocrx_word' id='word_1_11' title='bbox 629 483 815 539; x_wconf 80' lang='grc' dir='ltr'>αὐτοῦ’</span> <span class='ocrx_word' id='word_1_12' title='bbox 844 483 1036 540; x_wconf 83' lang='grc' dir='ltr'>τούτου</span> <span class='ocrx_word' id='word_1_13' title='bbox 1071 486 1231 557; x_wconf 83' lang='grc' dir='ltr'><strong>χάριν</strong></span> <span class='ocrx_word' id='word_1_14' title='bbox 1262 489 1312 541; x_wconf 76' lang='grc' dir='ltr'><strong>οἱ</strong></span> <span class='ocrx_word' id='word_1_15' title='bbox 1349 489 1496 555; x_wconf 84' lang='grc' dir='ltr'>ἇγιοι</span> <span class='ocrx_word' id='word_1_16' title='bbox 1528 488 1818 542; x_wconf 79' lang='grc' dir='ltr'><strong>ἀπόστολοι</strong></span> <span class='ocrx_word' id='word_1_17' title='bbox 1848 486 1934 559; x_wconf 66' lang='lat' dir='ltr'><strong>rip</strong></span> 
     </span>
    </p>
   </div>
   <div class='ocr_carea' id='block_1_5' title="bbox 2041 475 3617 566">
    <p class='ocr_par' dir='ltr' id='par_1_5' title="bbox 2051 486 3617 566">
     <span class='ocr_line' id='line_1_5' title="bbox 2051 486 3617 566; baseline 0.013 -27"><span class='ocrx_word' id='word_1_18' title='bbox 2051 486 2278 546; x_wconf 76' lang='lat' dir='ltr'><strong>factoris</strong></span> <span class='ocrx_word' id='word_1_19' title='bbox 2330 493 2471 561; x_wconf 86' lang='lat' dir='ltr'><strong>apud</strong></span> <span class='ocrx_word' id='word_1_20' title='bbox 2543 492 2823 549; x_wconf 90' lang='lat' dir='ltr'><strong>Christum</strong></span> <span class='ocrx_word' id='word_1_21' title='bbox 2888 504 3055 565; x_wconf 84' lang='lat' dir='ltr'><strong>atque</strong></span> <span class='ocrx_word' id='word_1_22' title='bbox 3120 496 3242 566; x_wconf 74' lang='lat' dir='ltr'><strong>ejus</strong></span> <span class='ocrx_word' id='word_1_23' title='bbox 3305 498 3617 559; x_wconf 83' lang='lat' dir='ltr'><strong>doctrinam</strong></span> 
     </span>
    </p>
   </div>
   <div class='ocr_carea' id='block_1_6' title="bbox 353 572 1936 649">
    <p class='ocr_par' dir='ltr' id='par_1_6' title="bbox 353 572 1936 649">
     <span class='ocr_line' id='line_1_6' title="bbox 353 572 1936 649; baseline 0.004 -24"><span class='ocrx_word' id='word_1_24' title='bbox 353 572 566 644; x_wconf 73' lang='grc' dir='ltr'>αἵρεσιν</span> <span class='ocrx_word' id='word_1_25' title='bbox 621 574 831 645; x_wconf 88' lang='grc' dir='ltr'>ταύτην</span> <span class='ocrx_word' id='word_1_26' title='bbox 879 576 1264 645; x_wconf 75' lang='grc' dir='ltr'><strong>ἐκκόπτοντες,</strong></span> <span class='ocrx_word' id='word_1_27' title='bbox 1311 579 1399 632; x_wconf 73' lang='grc' dir='ltr'><strong>διὰ</strong></span> <span class='ocrx_word' id='word_1_28' title='bbox 1427 580 1527 647; x_wconf 82' lang='grc' dir='ltr'><strong>τῆς</strong></span> <span class='ocrx_word' id='word_1_29' title='bbox 1582 576 1752 647; x_wconf 79' lang='grc' dir='ltr'>εὐχῆς</span> <span class='ocrx_word' id='word_1_30' title='bbox 1793 596 1936 649; x_wconf 71' lang='grc' dir='ltr'>παρο</span> 
     </span>
    </p>
   </div>
   <div class='ocr_carea' id='block_1_7' title="bbox 355 665 1941 742">
    <p class='ocr_par' dir='ltr' id='par_1_7' title="bbox 355 665 1941 742">
     <span class='ocr_line' id='line_1_7' title="bbox 355 665 1941 742; baseline 0.003 -24"><span class='ocrx_word' id='word_1_31' title='bbox 355 665 577 722; x_wconf 83' lang='grc' dir='ltr'>ιστῶσιν</span> <span class='ocrx_word' id='word_1_32' title='bbox 610 708 624 727; x_wconf 89' lang='lat'><strong>,</strong></span> <span class='ocrx_word' id='word_1_33' title='bbox 656 665 732 730; x_wconf 82' lang='grc' dir='ltr'><strong>ὡς</strong></span> <span class='ocrx_word' id='word_1_34' title='bbox 762 668 924 727; x_wconf 79' lang='grc' dir='ltr'>αὐτός</span> <span class='ocrx_word' id='word_1_35' title='bbox 951 670 1067 722; x_wconf 91' lang='grc' dir='ltr'>ἐστι</span> <span class='ocrx_word' id='word_1_36' title='bbox 1098 669 1230 733; x_wconf 67' lang='grc' dir='ltr'>Θεὸς</span> <span class='ocrx_word' id='word_1_37' title='bbox 1276 671 1605 741; x_wconf 78' lang='grc' dir='ltr'>κοσμοποιὸς</span> <span class='ocrx_word' id='word_1_38' title='bbox 1634 671 1729 723; x_wconf 80' lang='grc' dir='ltr'><strong>καὶ</strong></span> <span class='ocrx_word' id='word_1_39' title='bbox 1754 669 1941 742; x_wconf 71' lang='grc' dir='ltr'>Πατὴρ</span> 
     </span>
    </p>
   </div>
   <div class='ocr_carea' id='block_1_8' title="bbox 347 756 1937 834">
    <p class='ocr_par' dir='ltr' id='par_1_8' title="bbox 347 756 1937 834">
     <span class='ocr_line' id='line_1_8' title="bbox 347 756 1937 834; baseline 0.003 -24"><span class='ocrx_word' id='word_1_40' title='bbox 347 757 446 811; x_wconf 77' lang='grc' dir='ltr'><strong>-τοῦ</strong></span> <span class='ocrx_word' id='word_1_41' title='bbox 472 758 726 828; x_wconf 77' lang='grc' dir='ltr'>Σωτῆρος</span> <span class='ocrx_word' id='word_1_42' title='bbox 761 756 1047 829; x_wconf 74' lang='grc' dir='ltr'><strong>ὑπάρχων·</strong></span> <span class='ocrx_word' id='word_1_43' title='bbox 1072 760 1195 814; x_wconf 84' lang='grc' dir='ltr'>καθ’</span> <span class='ocrx_word' id='word_1_44' title='bbox 1218 761 1301 814; x_wconf 83' lang='grc' dir='ltr'><strong>ὅτι</strong></span> <span class='ocrx_word' id='word_1_45' title='bbox 1335 762 1468 834; x_wconf 85' lang='grc' dir='ltr'>παρ’</span> <span class='ocrx_word' id='word_1_46' title='bbox 1498 760 1663 815; x_wconf 81' lang='grc' dir='ltr'>αὐτοῦ</span> <span class='ocrx_word' id='word_1_47' title='bbox 1691 761 1937 815; x_wconf 82' lang='grc' dir='ltr'><strong>δέδονται</strong></span> 
     </span>
    </p>
   </div>
   <div class='ocr_carea' id='block_1_9' title="bbox 350 847 1936 923">
    <p class='ocr_par' dir='ltr' id='par_1_9' title="bbox 350 847 1936 923">
     <span class='ocr_line' id='line_1_9' title="bbox 350 847 1936 923; baseline 0.003 -21"><span class='ocrx_word' id='word_1_48' title='bbox 350 847 669 919; x_wconf 75' lang='grc' dir='ltr'>ἀμφότεραι</span> <span class='ocrx_word' id='word_1_49' title='bbox 699 849 756 903; x_wconf 80' lang='grc' dir='ltr'>αἱ</span> <span class='ocrx_word' id='word_1_50' title='bbox 789 849 1075 919; x_wconf 84' lang='grc' dir='ltr'>διαθῆκαι.</span> <span class='ocrx_word' id='word_1_51' title='bbox 1125 852 1186 904; x_wconf 86' lang='grc' dir='ltr'>Ὀ</span> <span class='ocrx_word' id='word_1_52' title='bbox 1210 851 1300 905; x_wconf 74' lang='grc' dir='ltr'>διὰ</span> <span class='ocrx_word' id='word_1_53' title='bbox 1339 852 1613 923; x_wconf 83' lang='grc' dir='ltr'>στὸματος</span> <span class='ocrx_word' id='word_1_54' title='bbox 1639 852 1808 906; x_wconf 71' lang='grc' dir='ltr'>Δαόὶδ</span> <span class='ocrx_word' id='word_1_55' title='bbox 1836 852 1936 906; x_wconf 72' lang='grc' dir='ltr'><strong>τεῦ</strong></span> 
     </span>
    </p>
   </div>
   <div class='ocr_carea' id='block_1_10' title="bbox 350 939 1935 1017">
    <p class='ocr_par' dir='ltr' id='par_1_10' title="bbox 350 939 1935 1017">
     <span class='ocr_line' id='line_1_10' title="bbox 350 939 1935 1017; baseline 0.004 -26"><span class='ocrx_word' id='word_1_56' title='bbox 350 939 543 1002; x_wconf 85' lang='grc' dir='ltr'>παιδός</span> <span class='ocrx_word' id='word_1_57' title='bbox 579 956 674 993; x_wconf 88' lang='grc' dir='ltr'><strong>σου</strong></span> <span class='ocrx_word' id='word_1_58' title='bbox 715 939 909 994; x_wconf 80' lang='grc' dir='ltr'>εἰπών’</span> <span class='ocrx_word' id='word_1_59' title='bbox 940 942 1031 996; x_wconf 85' lang='grc' dir='ltr'>ἴνα</span> <span class='ocrx_word' id='word_1_60' title='bbox 1063 942 1116 995; x_wconf 84' lang='grc' dir='ltr'><strong>τί</strong></span> <span class='ocrx_word' id='word_1_61' title='bbox 1151 942 1432 1012; x_wconf 74' lang='grc' dir='ltr'><strong>ἐφρύαξαν</strong></span> <span class='ocrx_word' id='word_1_62' title='bbox 1462 943 1630 1014; x_wconf 81' lang='grc' dir='ltr'>ἐονη;</span> <span class='ocrx_word' id='word_1_63' title='bbox 1665 945 1935 1017; x_wconf 78' lang='grc' dir='ltr'><strong>Καθάπερ</strong></span> 
     </span>
    </p>
   </div>
   <div class='ocr_carea' id='block_1_11' title="bbox 349 1030 1939 1107">
    <p class='ocr_par' dir='ltr' id='par_1_11' title="bbox 349 1030 1939 1107">
     <span class='ocr_line' id='line_1_11' title="bbox 349 1030 1939 1107; baseline 0.004 -24"><span class='ocrx_word' id='word_1_64' title='bbox 349 1030 629 1103; x_wconf 79' lang='grc' dir='ltr'><strong>συνθήκας</strong></span> <span class='ocrx_word' id='word_1_65' title='bbox 657 1032 1020 1096; x_wconf 80' lang='grc' dir='ltr'><strong>ἀπαιτοῦντες</strong></span> <span class='ocrx_word' id='word_1_66' title='bbox 1050 1033 1142 1087; x_wconf 76' lang='grc' dir='ltr'><strong>τὸν</strong></span> <span class='ocrx_word' id='word_1_67' title='bbox 1166 1034 1325 1100; x_wconf 80' lang='grc' dir='ltr'>Θεὸν,</span> <span class='ocrx_word' id='word_1_68' title='bbox 1353 1036 1454 1105; x_wconf 82' lang='grc' dir='ltr'><strong>τὴν</strong></span> <span class='ocrx_word' id='word_1_69' title='bbox 1481 1036 1825 1107; x_wconf 76' lang='grc' dir='ltr'><strong>προφητείαν</strong></span> <span class='ocrx_word' id='word_1_70' title='bbox 1856 1038 1939 1101; x_wconf 73' lang='grc' dir='ltr'>εἷς</span> 
     </span>
    </p>
   </div>
   <div class='ocr_carea' id='block_1_12' title="bbox 350 1121 1935 1199">
    <p class='ocr_par' dir='ltr' id='par_1_12' title="bbox 350 1121 1935 1199">
     <span class='ocr_line' id='line_1_12' title="bbox 350 1121 1935 1199; baseline 0.006 -25"><span class='ocrx_word' id='word_1_71' title='bbox 350 1121 518 1190; x_wconf 81' lang='grc' dir='ltr'>μέσον</span> <span class='ocrx_word' id='word_1_72' title='bbox 540 1122 788 1189; x_wconf 72' lang='grc' dir='ltr'>ᾶγουσιψ</span> <span class='ocrx_word' id='word_1_73' title='bbox 819 1122 939 1194; x_wconf 75' lang='grc' dir='ltr'><strong>ἅμα</strong></span> <span class='ocrx_word' id='word_1_74' title='bbox 988 1125 1085 1177; x_wconf 70' lang='grc' dir='ltr'><strong>καὶ</strong></span> <span class='ocrx_word' id='word_1_75' title='bbox 1131 1126 1361 1187; x_wconf 78' lang='grc' dir='ltr'>ἑαυτοὺς</span> <span class='ocrx_word' id='word_1_76' title='bbox 1430 1127 1935 1199; x_wconf 75' lang='grc' dir='ltr'><strong>παραμυθούμενοι,</strong></span> 
     </span>
    </p>
   </div>
   <div class='ocr_carea' id='block_1_13' title="bbox 348 1212 1456 1288">
    <p class='ocr_par' dir='ltr' id='par_1_13' title="bbox 348 1212 1456 1288">
     <span class='ocr_line' id='line_1_13' title="bbox 348 1212 1456 1288; baseline 0.006 -22"><span class='ocrx_word' id='word_1_77' title='bbox 348 1212 431 1266; x_wconf 85' lang='grc' dir='ltr'><strong>ὃτι</strong></span> <span class='ocrx_word' id='word_1_78' title='bbox 465 1212 591 1285; x_wconf 76' lang='grc' dir='ltr'><strong>εἰκῆ</strong></span> <span class='ocrx_word' id='word_1_79' title='bbox 630 1213 803 1269; x_wconf 84' lang='grc' dir='ltr'>ταῦτα</span> <span class='ocrx_word' id='word_1_80' title='bbox 835 1215 1133 1286; x_wconf 76' lang='grc' dir='ltr'><strong>μελετῶσιν</strong></span> <span class='ocrx_word' id='word_1_81' title='bbox 1167 1218 1216 1271; x_wconf 75' lang='grc' dir='ltr'><strong>οἱ</strong></span> <span class='ocrx_word' id='word_1_82' title='bbox 1247 1216 1456 1288; x_wconf 77' lang='grc' dir='ltr'>ἐχθροί.</span> 
     </span>
    </p>
   </div>
   <div class='ocr_carea' id='block_1_14' title="bbox 426 1488 1938 1562">
    <p class='ocr_par' dir='ltr' id='par_1_14' title="bbox 426 1488 1938 1562">
     <span class='ocr_line' id='line_1_14' title="bbox 426 1488 1938 1562; baseline 0.005 -18"><span class='ocrx_word' id='word_1_83' title='bbox 426 1488 539 1544; x_wconf 79' lang='lat' dir='ltr'><strong>Kal</strong></span> <span class='ocrx_word' id='word_1_84' title='bbox 567 1490 639 1544; x_wconf 83' lang='grc' dir='ltr'><strong>τὰ</strong></span> <span class='ocrx_word' id='word_1_85' title='bbox 669 1490 809 1556; x_wconf 79' lang='grc' dir='ltr'><strong>νῦν,</strong></span> <span class='ocrx_word' id='word_1_86' title='bbox 844 1492 1043 1561; x_wconf 80' lang='grc' dir='ltr'>Κύριε.</span> <span class='ocrx_word' id='word_1_87' title='bbox 1082 1491 1253 1547; x_wconf 75' lang='grc' dir='ltr'>ἔπιδε</span> <span class='ocrx_word' id='word_1_88' title='bbox 1298 1493 1393 1547; x_wconf 76' lang='grc' dir='ltr'><strong>ἐπὶ</strong></span> <span class='ocrx_word' id='word_1_89' title='bbox 1421 1493 1528 1561; x_wconf 81' lang='grc' dir='ltr'>τὰς</span> <span class='ocrx_word' id='word_1_90' title='bbox 1555 1495 1807 1562; x_wconf 75' lang='grc' dir='ltr'>ἀπειλὰς</span> <span class='ocrx_word' id='word_1_91' title='bbox 1833 1497 1938 1550; x_wconf 84' lang='grc' dir='ltr'><strong>αὐ-</strong></span> 
     </span>
    </p>
   </div>
   <div class='ocr_carea' id='block_1_15' title="bbox 353 1567 1935 1657">
    <p class='ocr_par' dir='ltr' id='par_1_15' title="bbox 353 1567 1935 1657">
     <span class='ocr_line' id='line_1_15' title="bbox 353 1567 1935 1657; baseline 0.005 -23"><span class='ocrx_word' id='word_1_92' title='bbox 353 1578 475 1635; x_wconf 78' lang='grc' dir='ltr'><strong>τῶν</strong></span> <span class='ocrx_word' id='word_1_93' title='bbox 504 1597 519 1611; x_wconf 79' lang='grc'><strong><em>⁸</em></strong></span> <span class='ocrx_word' id='word_1_94' title='bbox 545 1582 639 1636; x_wconf 76' lang='grc' dir='ltr'><strong>καὶ</strong></span> <span class='ocrx_word' id='word_1_95' title='bbox 671 1581 777 1649; x_wconf 82' lang='grc' dir='ltr'><strong>δὸς</strong></span> <span class='ocrx_word' id='word_1_96' title='bbox 820 1582 948 1650; x_wconf 82' lang='grc' dir='ltr'>τοῖς</span> <span class='ocrx_word' id='word_1_97' title='bbox 985 1583 1230 1652; x_wconf 77' lang='grc' dir='ltr'>δούλοις</span> <span class='ocrx_word' id='word_1_98' title='bbox 1259 1601 1377 1640; x_wconf 78' lang='grc' dir='ltr'>σου</span> <span class='ocrx_word' id='word_1_99' title='bbox 1414 1587 1564 1656; x_wconf 79' lang='grc' dir='ltr'>μετὰ</span> <span class='ocrx_word' id='word_1_100' title='bbox 1592 1567 1935 1657; x_wconf 64' lang='grc' dir='ltr'>πίιίὶρησίας</span> 
     </span>
    </p>
   </div>
   <div class='ocr_carea' id='block_1_16' title="bbox 349 1672 1320 1745">
    <p class='ocr_par' dir='ltr' id='par_1_16' title="bbox 349 1672 1320 1745">
     <span class='ocr_line' id='line_1_16' title="bbox 349 1672 1320 1745; baseline 0.003 -19"><span class='ocrx_word' id='word_1_101' title='bbox 349 1672 555 1740; x_wconf 70' lang='grc' dir='ltr'>πάσης</span> <span class='ocrx_word' id='word_1_102' title='bbox 584 1674 801 1728; x_wconf 78' lang='grc' dir='ltr'>λαλεῖν</span> <span class='ocrx_word' id='word_1_103' title='bbox 827 1676 935 1729; x_wconf 75' lang='grc' dir='ltr'><strong>τὸν</strong></span> <span class='ocrx_word' id='word_1_104' title='bbox 965 1679 1154 1745; x_wconf 81' lang='grc' dir='ltr'>λόγον</span> <span class='ocrx_word' id='word_1_105' title='bbox 1180 1692 1320 1731; x_wconf 87' lang='grc' dir='ltr'>σου.</span> 
     </span>
    </p>
   </div>
   <div class='ocr_carea' id='block_1_17' title="bbox 433 1763 1936 1837">
    <p class='ocr_par' dir='ltr' id='par_1_17' title="bbox 433 1763 1936 1837">
     <span class='ocr_line' id='line_1_17' title="bbox 433 1763 1936 1837; baseline 0.005 -21"><span class='ocrx_word' id='word_1_106' title='bbox 433 1764 531 1818; x_wconf 79' lang='grc' dir='ltr'><strong>ἐν</strong></span> <span class='ocrx_word' id='word_1_107' title='bbox 555 1764 635 1830; x_wconf 80' lang='grc' dir='ltr'><strong>τῷ</strong></span> <span class='ocrx_word' id='word_1_108' title='bbox 668 1763 782 1833; x_wconf 78' lang='grc' dir='ltr'>τὴν</span> <span class='ocrx_word' id='word_1_109' title='bbox 813 1764 980 1835; x_wconf 72' lang='grc' dir='ltr'><strong>χεζοά</strong></span> <span class='ocrx_word' id='word_1_110' title='bbox 1036 1783 1152 1822; x_wconf 89' lang='grc' dir='ltr'>σου</span> <span class='ocrx_word' id='word_1_111' title='bbox 1177 1767 1467 1823; x_wconf 79' lang='grc' dir='ltr'><strong>ἐκτείνειν</strong></span> <span class='ocrx_word' id='word_1_112' title='bbox 1524 1786 1598 1823; x_wconf 86' lang='grc' dir='ltr'><strong>σε</strong></span> <span class='ocrx_word' id='word_1_113' title='bbox 1627 1771 1718 1837; x_wconf 80' lang='grc' dir='ltr'>εὶς</span> <span class='ocrx_word' id='word_1_114' title='bbox 1764 1770 1936 1824; x_wconf 79' lang='grc' dir='ltr'>ἴασιν</span> 
     </span>
    </p>
   </div>
   <div class='ocr_carea' id='block_1_18' title="bbox 352 1852 1930 1929">
    <p class='ocr_par' dir='ltr' id='par_1_18' title="bbox 352 1852 1930 1929">
     <span class='ocr_line' id='line_1_18' title="bbox 352 1852 1930 1929; baseline 0.005 -21"><span class='ocrx_word' id='word_1_115' title='bbox 352 1852 453 1908; x_wconf 74' lang='grc' dir='ltr'><strong>καὶ</strong></span> <span class='ocrx_word' id='word_1_116' title='bbox 491 1855 710 1924; x_wconf 81' lang='grc' dir='ltr'>σημεῖα</span> <span class='ocrx_word' id='word_1_117' title='bbox 743 1854 841 1909; x_wconf 73' lang='grc' dir='ltr'><strong>καὶ</strong></span> <span class='ocrx_word' id='word_1_118' title='bbox 889 1857 1103 1926; x_wconf 82' lang='grc' dir='ltr'>τέρατα</span> <span class='ocrx_word' id='word_1_119' title='bbox 1130 1861 1409 1929; x_wconf 79' lang='grc' dir='ltr'>γενέσθαι</span> <span class='ocrx_word' id='word_1_120' title='bbox 1446 1859 1493 1891; x_wconf 84' lang='grc'><strong>²⁹</strong></span> <span class='ocrx_word' id='word_1_121' title='bbox 1533 1860 1630 1915; x_wconf 80' lang='grc' dir='ltr'><strong>διὰ</strong></span> <span class='ocrx_word' id='word_1_122' title='bbox 1654 1862 1758 1915; x_wconf 85' lang='grc' dir='ltr'><strong>τοῦ</strong></span> <span class='ocrx_word' id='word_1_123' title='bbox 1798 1863 1930 1915; x_wconf 81' lang='grc' dir='ltr'><strong>ὀνό-</strong></span> 
     </span>
    </p>
   </div>
   <div class='ocr_carea' id='block_1_19' title="bbox 350 1945 1540 2017">
    <p class='ocr_par' dir='ltr' id='par_1_19' title="bbox 350 1945 1540 2017">
     <span class='ocr_line' id='line_1_19' title="bbox 350 1945 1540 2017; baseline 0.006 -19"><span class='ocrx_word' id='word_1_124' title='bbox 350 1960 532 2014; x_wconf 75' lang='grc' dir='ltr'>ματος</span> <span class='ocrx_word' id='word_1_125' title='bbox 568 1945 673 1999; x_wconf 83' lang='grc' dir='ltr'><strong>τοῦ</strong></span> <span class='ocrx_word' id='word_1_126' title='bbox 701 1947 875 2015; x_wconf 78' lang='grc' dir='ltr'>ἁγίου</span> <span class='ocrx_word' id='word_1_127' title='bbox 905 1947 1120 2014; x_wconf 79' lang='grc' dir='ltr'>παιδός</span> <span class='ocrx_word' id='word_1_128' title='bbox 1158 1964 1274 2004; x_wconf 84' lang='grc' dir='ltr'>σου</span> <span class='ocrx_word' id='word_1_129' title='bbox 1315 1949 1540 2017; x_wconf 85' lang='grc' dir='ltr'><strong>Ἰησοῦ.</strong></span> 
     </span>
    </p>
   </div>
   <div class='ocr_carea' id='block_1_20' title="bbox 422 2034 1930 2108">
    <p class='ocr_par' dir='ltr' id='par_1_20' title="bbox 422 2034 1930 2108">
     <span class='ocr_line' id='line_1_20' title="bbox 422 2034 1930 2108; baseline 0.004 -18"><span class='ocrx_word' id='word_1_130' title='bbox 422 2036 530 2090; x_wconf 83' lang='lat' dir='ltr'><strong>Kal</strong></span> <span class='ocrx_word' id='word_1_131' title='bbox 556 2034 888 2105; x_wconf 78' lang='grc' dir='ltr'><strong>δεηθέντων</strong></span> <span class='ocrx_word' id='word_1_132' title='bbox 918 2036 1141 2104; x_wconf 74' lang='grc' dir='ltr'>αὐτῶν,</span> <span class='ocrx_word' id='word_1_133' title='bbox 1189 2039 1496 2108; x_wconf 80' lang='grc' dir='ltr'>ἐσαλεύθη</span> <span class='ocrx_word' id='word_1_134' title='bbox 1551 2044 1584 2096; x_wconf 85' lang='grc' dir='ltr'><strong>ό</strong></span> <span class='ocrx_word' id='word_1_135' title='bbox 1615 2044 1820 2108; x_wconf 81' lang='grc' dir='ltr'>τόπος,</span> <span class='ocrx_word' id='word_1_136' title='bbox 1860 2042 1930 2096; x_wconf 82' lang='grc' dir='ltr'>ἐν</span> 
     </span>
    </p>
   </div>
   <div class='ocr_carea' id='block_1_21' title="bbox 352 2120 1942 2202">
    <p class='ocr_par' dir='ltr' id='par_1_21' title="bbox 352 2120 1942 2202">
     <span class='ocr_line' id='line_1_21' title="bbox 352 2120 1942 2202; baseline 0.01 -25"><span class='ocrx_word' id='word_1_137' title='bbox 352 2120 400 2195; x_wconf 70' lang='grc' dir='ltr'>ᾧ</span> <span class='ocrx_word' id='word_1_138' title='bbox 437 2123 600 2198; x_wconf 80' lang='grc' dir='ltr'>ἦσαν</span> <span class='ocrx_word' id='word_1_139' title='bbox 644 2130 1035 2198; x_wconf 68' lang='grc' dir='ltr'>συνηηιένοι·</span> <span class='ocrx_word' id='word_1_140' title='bbox 1080 2132 1180 2186; x_wconf 76' lang='grc' dir='ltr'><strong>καὶ</strong></span> <span class='ocrx_word' id='word_1_141' title='bbox 1230 2132 1635 2202; x_wconf 73' lang='grc' dir='ltr'><strong>ἐπλήσθησαν</strong></span> <span class='ocrx_word' id='word_1_142' title='bbox 1667 2133 1942 2200; x_wconf 80' lang='grc' dir='ltr'>ἅπαντες.</span> 
     </span>
    </p>
   </div>
   <div class='ocr_carea' id='block_1_22' title="bbox 352 2221 1928 2296">
    <p class='ocr_par' dir='ltr' id='par_1_22' title="bbox 352 2221 1928 2296">
     <span class='ocr_line' id='line_1_22' title="bbox 352 2221 1928 2296; baseline 0.005 -23"><span class='ocrx_word' id='word_1_143' title='bbox 352 2221 697 2288; x_wconf 80' lang='grc' dir='ltr'>Πνεύματος</span> <span class='ocrx_word' id='word_1_144' title='bbox 740 2222 948 2290; x_wconf 69' lang='grc' dir='ltr'><strong>ἁγίου·</strong></span> <span class='ocrx_word' id='word_1_145' title='bbox 993 2221 1094 2277; x_wconf 70' lang='grc' dir='ltr'><strong>καὶ</strong></span> <span class='ocrx_word' id='word_1_146' title='bbox 1145 2222 1411 2278; x_wconf 78' lang='grc' dir='ltr'>ἐλάλουν</span> <span class='ocrx_word' id='word_1_147' title='bbox 1456 2224 1563 2278; x_wconf 81' lang='grc' dir='ltr'><strong>τὸν</strong></span> <span class='ocrx_word' id='word_1_148' title='bbox 1610 2227 1798 2296; x_wconf 66' lang='grc' dir='ltr'>λόγον</span> <span class='ocrx_word' id='word_1_149' title='bbox 1823 2226 1928 2281; x_wconf 81' lang='grc' dir='ltr'><strong>τοῦ</strong></span> 
     </span>
    </p>
   </div>
   <div class='ocr_carea' id='block_1_23' title="bbox 352 2311 1063 2382">
    <p class='ocr_par' dir='ltr' id='par_1_23' title="bbox 352 2311 1063 2382">
     <span class='ocr_line' id='line_1_23' title="bbox 352 2311 1063 2382; baseline 0.006 -16"><span class='ocrx_word' id='word_1_150' title='bbox 352 2311 504 2367; x_wconf 81' lang='grc' dir='ltr'>Θεοῦ</span> <span class='ocrx_word' id='word_1_151' title='bbox 523 2312 673 2380; x_wconf 78' lang='grc' dir='ltr'>μετὰ</span> <span class='ocrx_word' id='word_1_152' title='bbox 698 2315 1063 2382; x_wconf 79' lang='grc' dir='ltr'>παρῤησιας.</span> 
     </span>
    </p>
   </div>
   <div class='ocr_carea' id='block_1_24' title="bbox 422 2405 1930 2479">
    <p class='ocr_par' dir='ltr' id='par_1_24' title="bbox 422 2405 1930 2479">
     <span class='ocr_line' id='line_1_24' title="bbox 422 2405 1930 2479; baseline 0.003 -22"><span class='ocrx_word' id='word_1_153' title='bbox 422 2405 654 2474; x_wconf 77' lang='grc' dir='ltr'>Ποιῆσαι</span> <span class='ocrx_word' id='word_1_154' title='bbox 696 2407 794 2459; x_wconf 74' lang='grc' dir='ltr'>ὃσα</span> <span class='ocrx_word' id='word_1_155' title='bbox 826 2409 861 2478; x_wconf 70' lang='grc' dir='ltr'>ἡ</span> <span class='ocrx_word' id='word_1_156' title='bbox 888 2408 1009 2477; x_wconf 83' lang='grc' dir='ltr'>χείρ</span> <span class='ocrx_word' id='word_1_157' title='bbox 1071 2424 1164 2461; x_wconf 87' lang='grc' dir='ltr'><strong>σου</strong></span> <span class='ocrx_word' id='word_1_158' title='bbox 1223 2407 1385 2478; x_wconf 72' lang='grc' dir='ltr'>καὶὴ</span> <span class='ocrx_word' id='word_1_159' title='bbox 1437 2407 1600 2479; x_wconf 77' lang='grc' dir='ltr'>βουλή</span> <span class='ocrx_word' id='word_1_160' title='bbox 1658 2425 1750 2461; x_wconf 77' lang='grc' dir='ltr'><strong>σου</strong></span> <span class='ocrx_word' id='word_1_161' title='bbox 1793 2426 1930 2479; x_wconf 82' lang='grc' dir='ltr'>προ-</span> 
     </span>
    </p>
   </div>
   <div class='ocr_carea' id='block_1_25' title="bbox 350 2494 1930 2570">
    <p class='ocr_par' dir='ltr' id='par_1_25' title="bbox 350 2494 1930 2570">
     <span class='ocr_line' id='line_1_25' title="bbox 350 2494 1930 2570; baseline 0.004 -24"><span class='ocrx_word' id='word_1_162' title='bbox 350 2494 542 2567; x_wconf 85' lang='grc' dir='ltr'>ὡρισε.</span> <span class='ocrx_word' id='word_1_163' title='bbox 572 2496 884 2562; x_wconf 85' lang='grc' dir='ltr'>Τουτέστιν,</span> <span class='ocrx_word' id='word_1_164' title='bbox 926 2500 1043 2553; x_wconf 70' lang='grc' dir='ltr'><strong>Οὐκ</strong></span> <span class='ocrx_word' id='word_1_165' title='bbox 1080 2499 1236 2553; x_wconf 75' lang='grc' dir='ltr'>αὐτοὶ</span> <span class='ocrx_word' id='word_1_166' title='bbox 1283 2500 1511 2570; x_wconf 78' lang='grc' dir='ltr'>ἴσχυσαν</span> <span class='ocrx_word' id='word_1_167' title='bbox 1535 2517 1548 2530; x_wconf 93' lang='grc'><strong>·</strong></span> <span class='ocrx_word' id='word_1_168' title='bbox 1591 2499 1727 2553; x_wconf 80' lang='grc' dir='ltr'>ἀλλὰ</span> <span class='ocrx_word' id='word_1_169' title='bbox 1771 2501 1837 2555; x_wconf 79' lang='grc' dir='ltr'><strong>σὺ</strong></span> <span class='ocrx_word' id='word_1_170' title='bbox 1878 2497 1930 2553; x_wconf 76' lang='grc' dir='ltr'><strong>εἷ</strong></span> 
     </span>
    </p>
   </div>
   <div class='ocr_carea' id='block_1_26' title="bbox 348 2586 1929 2661">
    <p class='ocr_par' dir='ltr' id='par_1_26' title="bbox 348 2586 1929 2661">
     <span class='ocr_line' id='line_1_26' title="bbox 348 2586 1929 2661; baseline 0 -20"><span class='ocrx_word' id='word_1_171' title='bbox 348 2589 379 2641; x_wconf 84' lang='grc' dir='ltr'><strong>ό</strong></span> <span class='ocrx_word' id='word_1_172' title='bbox 404 2586 467 2640; x_wconf 80' lang='grc' dir='ltr'><strong>τὸ</strong></span> <span class='ocrx_word' id='word_1_173' title='bbox 502 2588 611 2642; x_wconf 81' lang='grc' dir='ltr'><strong>πᾶν</strong></span> <span class='ocrx_word' id='word_1_174' title='bbox 656 2588 979 2660; x_wconf 61' lang='grc' dir='ltr'>ἐπιτρέψας,</span> <span class='ocrx_word' id='word_1_175' title='bbox 1023 2589 1117 2643; x_wconf 80' lang='grc' dir='ltr'><strong>καὶ</strong></span> <span class='ocrx_word' id='word_1_176' title='bbox 1166 2593 1247 2654; x_wconf 69' lang='grc' dir='ltr'>εὶς</span> <span class='ocrx_word' id='word_1_177' title='bbox 1283 2590 1458 2661; x_wconf 81' lang='grc' dir='ltr'>πέρας</span> <span class='ocrx_word' id='word_1_178' title='bbox 1494 2588 1739 2660; x_wconf 80' lang='grc' dir='ltr'><strong>ἀγαγών·</strong></span> <span class='ocrx_word' id='word_1_179' title='bbox 1769 2592 1797 2643; x_wconf 86' lang='grc' dir='ltr'><strong>ό</strong></span> <span class='ocrx_word' id='word_1_180' title='bbox 1835 2590 1929 2642; x_wconf 83' lang='grc' dir='ltr'>εύ-</span> 
     </span>
    </p>
   </div>
   <div class='ocr_carea' id='block_1_27' title="bbox 355 2678 1930 2752">
    <p class='ocr_par' dir='ltr' id='par_1_27' title="bbox 355 2678 1930 2752">
     <span class='ocr_line' id='line_1_27' title="bbox 355 2678 1930 2752; baseline 0.002 -20"><span class='ocrx_word' id='word_1_181' title='bbox 355 2678 597 2749; x_wconf 81' lang='grc' dir='ltr'><strong>μήχιινος</strong></span> <span class='ocrx_word' id='word_1_182' title='bbox 637 2681 733 2733; x_wconf 76' lang='grc' dir='ltr'>καὶ</span> <span class='ocrx_word' id='word_1_183' title='bbox 786 2682 969 2749; x_wconf 73' lang='grc' dir='ltr'>σοφός·</span> <span class='ocrx_word' id='word_1_184' title='bbox 1005 2684 1033 2734; x_wconf 82' lang='grc' dir='ltr'>ὁ</span> <span class='ocrx_word' id='word_1_185' title='bbox 1058 2683 1173 2744; x_wconf 84' lang='grc' dir='ltr'>τοῖς</span> <span class='ocrx_word' id='word_1_186' title='bbox 1221 2679 1436 2752; x_wconf 76' lang='grc' dir='ltr'><strong>ἐχθροῖς</strong></span> <span class='ocrx_word' id='word_1_187' title='bbox 1457 2681 1537 2745; x_wconf 76' lang='grc' dir='ltr'><strong>εἰς</strong></span> <span class='ocrx_word' id='word_1_188' title='bbox 1575 2681 1638 2735; x_wconf 83' lang='grc' dir='ltr'><strong>τὸ</strong></span> <span class='ocrx_word' id='word_1_189' title='bbox 1681 2680 1930 2752; x_wconf 83' lang='grc' dir='ltr'>βούλημά</span> 
     </span>
    </p>
   </div>
   <div class='ocr_carea' id='block_1_28' title="bbox 353 2771 1927 2844">
    <p class='ocr_par' dir='ltr' id='par_1_28' title="bbox 353 2771 1927 2844">
     <span class='ocr_line' id='line_1_28' title="bbox 353 2771 1927 2844; baseline 0 -19"><span class='ocrx_word' id='word_1_190' title='bbox 353 2787 450 2825; x_wconf 82' lang='grc' dir='ltr'><strong>σου</strong></span> <span class='ocrx_word' id='word_1_191' title='bbox 512 2771 880 2843; x_wconf 75' lang='grc' dir='ltr'>χρησάμενος.</span> <span class='ocrx_word' id='word_1_192' title='bbox 952 2773 1221 2843; x_wconf 74' lang='grc' dir='ltr'>Συνῆλθον</span> <span class='ocrx_word' id='word_1_193' title='bbox 1275 2775 1376 2844; x_wconf 79' lang='grc' dir='ltr'><strong>μὲν</strong></span> <span class='ocrx_word' id='word_1_194' title='bbox 1415 2775 1525 2844; x_wconf 79' lang='grc' dir='ltr'><strong>γὰρ</strong></span> <span class='ocrx_word' id='word_1_195' title='bbox 1588 2776 1791 2828; x_wconf 81' lang='grc' dir='ltr'>ἐκεῖνοι</span> <span class='ocrx_word' id='word_1_196' title='bbox 1850 2774 1927 2837; x_wconf 81' lang='grc' dir='ltr'>ὡς</span> 
     </span>
    </p>
   </div>
   <div class='ocr_carea' id='block_1_29' title="bbox 350 2862 1929 2936">
    <p class='ocr_par' dir='ltr' id='par_1_29' title="bbox 350 2862 1929 2936">
     <span class='ocr_line' id='line_1_29' title="bbox 350 2862 1929 2936; baseline 0 -20"><span class='ocrx_word' id='word_1_197' title='bbox 350 2862 560 2935; x_wconf 72' lang='grc' dir='ltr'>ἐχθροὶ,</span> <span class='ocrx_word' id='word_1_198' title='bbox 586 2864 803 2918; x_wconf 77' lang='grc' dir='ltr'>ἐποίουν</span> <span class='ocrx_word' id='word_1_199' title='bbox 830 2864 885 2916; x_wconf 81' lang='grc' dir='ltr'><strong>δέ</strong></span> <span class='ocrx_word' id='word_1_200' title='bbox 909 2864 944 2920; x_wconf 64' lang='grc' dir='ltr'><strong>ἃ</strong></span> <span class='ocrx_word' id='word_1_201' title='bbox 975 2868 1039 2919; x_wconf 79' lang='grc' dir='ltr'><strong>σὺ</strong></span> <span class='ocrx_word' id='word_1_202' title='bbox 1081 2864 1327 2919; x_wconf 78' lang='grc' dir='ltr'>ἐῦούλου.</span> <span class='ocrx_word' id='word_1_203' title='bbox 1358 2865 1424 2917; x_wconf 77' lang='grc' dir='ltr'>Τί</span> <span class='ocrx_word' id='word_1_204' title='bbox 1458 2864 1516 2918; x_wconf 72' lang='grc' dir='ltr'><strong>δέ</strong></span> <span class='ocrx_word' id='word_1_205' title='bbox 1546 2864 1719 2929; x_wconf 85' lang='grc' dir='ltr'>ἐστιν,</span> <span class='ocrx_word' id='word_1_206' title='bbox 1756 2866 1929 2936; x_wconf 77' lang='grc' dir='ltr'>ἠχείρ</span> 
     </span>
    </p>
   </div>
   <div class='ocr_carea' id='block_1_30' title="bbox 353 2954 1929 3028">
    <p class='ocr_par' dir='ltr' id='par_1_30' title="bbox 353 2954 1929 3028">
     <span class='ocr_line' id='line_1_30' title="bbox 353 2954 1929 3028; baseline 0.001 -21"><span class='ocrx_word' id='word_1_207' title='bbox 353 2970 493 3021; x_wconf 87' lang='grc' dir='ltr'>σου;</span> <span class='ocrx_word' id='word_1_208' title='bbox 555 2955 821 3008; x_wconf 83' lang='grc' dir='ltr'>Ἐνταῦθα</span> <span class='ocrx_word' id='word_1_209' title='bbox 873 2954 1035 3015; x_wconf 76' lang='grc' dir='ltr'><strong>τοῦτό</strong></span> <span class='ocrx_word' id='word_1_210' title='bbox 1098 2973 1188 3028; x_wconf 83' lang='grc' dir='ltr'><strong>μοι</strong></span> <span class='ocrx_word' id='word_1_211' title='bbox 1226 2955 1270 2987; x_wconf 80' lang='grc'>³⁰</span> <span class='ocrx_word' id='word_1_212' title='bbox 1298 2955 1447 3009; x_wconf 86' lang='grc' dir='ltr'>δοκεῖ</span> <span class='ocrx_word' id='word_1_213' title='bbox 1491 2954 1674 3023; x_wconf 83' lang='grc' dir='ltr'>λέγειν</span> <span class='ocrx_word' id='word_1_214' title='bbox 1699 2954 1929 3026; x_wconf 83' lang='grc' dir='ltr'>δύναμιν</span> 
     </span>
    </p>
   </div>
   <div class='ocr_carea' id='block_1_31' title="bbox 352 3047 1927 3119">
    <p class='ocr_par' dir='ltr' id='par_1_31' title="bbox 352 3047 1927 3119">
     <span class='ocr_line' id='line_1_31' title="bbox 352 3047 1927 3119; baseline -0.001 -19"><span class='ocrx_word' id='word_1_215' title='bbox 352 3047 451 3100; x_wconf 71' lang='grc' dir='ltr'>καὶ</span> <span class='ocrx_word' id='word_1_216' title='bbox 480 3047 699 3118; x_wconf 81' lang='grc' dir='ltr'><strong>βουλήν·</strong></span> <span class='ocrx_word' id='word_1_217' title='bbox 733 3049 818 3101; x_wconf 85' lang='grc' dir='ltr'><strong>ὅτι</strong></span> <span class='ocrx_word' id='word_1_218' title='bbox 847 3048 1019 3118; x_wconf 84' lang='grc' dir='ltr'>ἀρκεῖ</span> <span class='ocrx_word' id='word_1_219' title='bbox 1057 3047 1384 3119; x_wconf 76' lang='grc' dir='ltr'><strong>βουληθῆναι</strong></span> <span class='ocrx_word' id='word_1_220' title='bbox 1422 3064 1482 3101; x_wconf 82' lang='grc' dir='ltr'><strong>σε</strong></span> <span class='ocrx_word' id='word_1_221' title='bbox 1514 3047 1695 3117; x_wconf 85' lang='grc' dir='ltr'>μόνον.</span> <span class='ocrx_word' id='word_1_222' title='bbox 1739 3047 1927 3112; x_wconf 71' lang='grc' dir='ltr'>Οὐδεὶς</span> 
     </span>
    </p>
   </div>
   <div class='ocr_carea' id='block_1_32' title="bbox 2045 579 3616 658">
    <p class='ocr_par' dir='ltr' id='par_1_32' title="bbox 2045 579 3616 658">
     <span class='ocr_line' id='line_1_32' title="bbox 2045 579 3616 658; baseline 0.011 -28"><span class='ocrx_word' id='word_1_223' title='bbox 2045 579 2186 632; x_wconf 88' lang='lat' dir='ltr'><strong>male</strong></span> <span class='ocrx_word' id='word_1_224' title='bbox 2221 580 2475 650; x_wconf 86' lang='lat' dir='ltr'><strong>audiunt,</strong></span> <span class='ocrx_word' id='word_1_225' title='bbox 2504 590 2557 637; x_wconf 91' lang='lat' dir='ltr'><strong>ct</strong></span> <span class='ocrx_word' id='word_1_226' title='bbox 2579 583 2965 640; x_wconf 72' lang='lat' dir='ltr'><strong>obtrectationi</strong></span> <span class='ocrx_word' id='word_1_227' title='bbox 3000 593 3130 641; x_wconf 92' lang='lat' dir='ltr'><strong>sunt</strong></span> <span class='ocrx_word' id='word_1_228' title='bbox 3153 589 3295 658; x_wconf 84' lang='lat' dir='ltr'><strong>apud</strong></span> <span class='ocrx_word' id='word_1_229' title='bbox 3329 589 3616 647; x_wconf 75' lang='lat' dir='ltr'><strong>Christum</strong></span> 
     </span>
    </p>
   </div>
   <div class='ocr_carea' id='block_1_33' title="bbox 2039 672 3725 753">
    <p class='ocr_par' dir='ltr' id='par_1_33' title="bbox 2039 672 3725 753">
     <span class='ocr_line' id='line_1_33' title="bbox 2039 672 3725 753; baseline 0.014 -28"><span class='ocrx_word' id='word_1_230' title='bbox 2039 672 2268 744; x_wconf 80' lang='lat' dir='ltr'><strong>ejusque</strong></span> <span class='ocrx_word' id='word_1_231' title='bbox 2319 675 2652 735; x_wconf 83' lang='lat' dir='ltr'><strong>doctrinam.</strong></span> <span class='ocrx_word' id='word_1_232' title='bbox 2704 678 2915 736; x_wconf 88' lang='lat' dir='ltr'><strong>Idcirco</strong></span> <span class='ocrx_word' id='word_1_233' title='bbox 2959 683 3137 736; x_wconf 83' lang='lat' dir='ltr'><strong>sancti</strong></span> <span class='ocrx_word' id='word_1_234' title='bbox 3187 687 3424 753; x_wconf 73' lang='lat' dir='ltr'><strong>apostoli</strong></span> <span class='ocrx_word' id='word_1_235' title='bbox 3474 687 3623 742; x_wconf 82' lang='lat' dir='ltr'><strong>banc</strong></span> <span class='ocrx_word' id='word_1_236' title='bbox 3704 735 3725 748; x_wconf 81' lang='lat'><strong>.</strong></span> 
     </span>
    </p>
   </div>
   <div class='ocr_carea' id='block_1_34' title="bbox 2041 763 3610 848">
    <p class='ocr_par' dir='ltr' id='par_1_34' title="bbox 2041 763 3610 848">
     <span class='ocr_line' id='line_1_34' title="bbox 2041 763 3610 848; baseline 0.01 -30"><span class='ocrx_word' id='word_1_237' title='bbox 2041 763 2294 820; x_wconf 74' lang='lat' dir='ltr'><strong>haeresim</strong></span> <span class='ocrx_word' id='word_1_238' title='bbox 2360 775 2416 823; x_wconf 93' lang='lat' dir='ltr'><strong>et</strong></span> <span class='ocrx_word' id='word_1_239' title='bbox 2472 778 2681 825; x_wconf 84' lang='lat' dir='ltr'><strong>sectam</strong></span> <span class='ocrx_word' id='word_1_240' title='bbox 2739 771 3131 830; x_wconf 79' lang='lat' dir='ltr'><strong>esscindentes</strong></span> <span class='ocrx_word' id='word_1_241' title='bbox 3190 774 3610 848; x_wconf 83' lang='lat' dir='ltr'><strong>intelligendum</strong></span> 
     </span>
    </p>
   </div>
   <div class='ocr_carea' id='block_1_35' title="bbox 2038 858 3619 935">
    <p class='ocr_par' dir='ltr' id='par_1_35' title="bbox 2038 858 3619 935">
     <span class='ocr_line' id='line_1_35' title="bbox 2038 858 3619 935; baseline 0.01 -28"><span class='ocrx_word' id='word_1_242' title='bbox 2038 858 2307 926; x_wconf 66' lang='lat' dir='ltr'><strong>praebent.</strong></span> <span class='ocrx_word' id='word_1_243' title='bbox 2348 861 2600 917; x_wconf 87' lang='lat' dir='ltr'><strong>eumdem</strong></span> <span class='ocrx_word' id='word_1_244' title='bbox 2621 878 2745 919; x_wconf 86' lang='lat' dir='ltr'><strong>esse</strong></span> <span class='ocrx_word' id='word_1_245' title='bbox 2772 862 2969 929; x_wconf 82' lang='lat' dir='ltr'><strong>Deum,</strong></span> <span class='ocrx_word' id='word_1_246' title='bbox 2993 866 3084 935; x_wconf 89' lang='lat' dir='ltr'><strong>qui</strong></span> <span class='ocrx_word' id='word_1_247' title='bbox 3116 877 3169 923; x_wconf 89' lang='lat' dir='ltr'><strong>et</strong></span> <span class='ocrx_word' id='word_1_248' title='bbox 3200 871 3389 924; x_wconf 91' lang='lat' dir='ltr'><strong>mundi</strong></span> <span class='ocrx_word' id='word_1_249' title='bbox 3444 871 3619 927; x_wconf 79' lang='lat' dir='ltr'><strong>factor</strong></span> 
     </span>
    </p>
   </div>
   <div class='ocr_carea' id='block_1_36' title="bbox 2040 948 3619 1025">
    <p class='ocr_par' dir='ltr' id='par_1_36' title="bbox 2040 948 3619 1025">
     <span class='ocr_line' id='line_1_36' title="bbox 2040 948 3619 1025; baseline 0.01 -24"><span class='ocrx_word' id='word_1_250' title='bbox 2040 956 2099 1001; x_wconf 85' lang='lat' dir='ltr'><strong>et</strong></span> <span class='ocrx_word' id='word_1_251' title='bbox 2122 948 2286 1004; x_wconf 86' lang='lat' dir='ltr'><strong>Pater</strong></span> <span class='ocrx_word' id='word_1_252' title='bbox 2309 949 2622 1009; x_wconf 83' lang='lat' dir='ltr'><strong>Servatoris</strong></span> <span class='ocrx_word' id='word_1_253' title='bbox 2645 955 2736 1020; x_wconf 90' lang='lat' dir='ltr'><strong>sit,</strong></span> <span class='ocrx_word' id='word_1_254' title='bbox 2781 957 3042 1025; x_wconf 87' lang='lat' dir='ltr'><strong>quoniam</strong></span> <span class='ocrx_word' id='word_1_255' title='bbox 3077 959 3147 1013; x_wconf 84' lang='lat' dir='ltr'><strong>ab</strong></span> <span class='ocrx_word' id='word_1_256' title='bbox 3190 959 3285 1013; x_wconf 91' lang='lat' dir='ltr'><strong>illo</strong></span> <span class='ocrx_word' id='word_1_257' title='bbox 3316 960 3502 1016; x_wconf 89' lang='lat' dir='ltr'><strong>datum</strong></span> <span class='ocrx_word' id='word_1_258' title='bbox 3531 972 3619 1019; x_wconf 83' lang='lat' dir='ltr'><strong>est</strong></span> 
     </span>
    </p>
   </div>
   <div class='ocr_carea' id='block_1_37' title="bbox 2039 1048 3617 1125">
    <p class='ocr_par' dir='ltr' id='par_1_37' title="bbox 2039 1048 3617 1125">
     <span class='ocr_line' id='line_1_37' title="bbox 2039 1048 3617 1125; baseline 0.01 -30"><span class='ocrx_word' id='word_1_259' title='bbox 2039 1049 2335 1112; x_wconf 89' lang='lat' dir='ltr'><strong>utrumque</strong></span> <span class='ocrx_word' id='word_1_260' title='bbox 2365 1052 2777 1102; x_wconf 74' lang='lat' dir='ltr'><strong>testamentum.</strong></span> <span class='ocrx_word' id='word_1_261' title='bbox 2815 1048 2919 1116; x_wconf 87' lang='lat' dir='ltr'><strong>Qui</strong></span> <span class='ocrx_word' id='word_1_262' title='bbox 2952 1066 3050 1120; x_wconf 88' lang='lat' dir='ltr'><strong>per</strong></span> <span class='ocrx_word' id='word_1_263' title='bbox 3073 1066 3135 1107; x_wconf 91' lang='lat' dir='ltr'><strong>os</strong></span> <span class='ocrx_word' id='word_1_264' title='bbox 3183 1050 3406 1108; x_wconf 81' lang='lat' dir='ltr'><strong>Davidis</strong></span> <span class='ocrx_word' id='word_1_265' title='bbox 3460 1059 3617 1125; x_wconf 71' lang='lat' dir='ltr'><strong>pueri</strong></span> 
     </span>
    </p>
   </div>
   <div class='ocr_carea' id='block_1_38' title="bbox 2038 1132 3615 1217">
    <p class='ocr_par' dir='ltr' id='par_1_38' title="bbox 2038 1132 3615 1217">
     <span class='ocr_line' id='line_1_38' title="bbox 2038 1132 3615 1217; baseline 0.011 -33"><span class='ocrx_word' id='word_1_266' title='bbox 2038 1132 2119 1185; x_wconf 91' lang='lat' dir='ltr'><strong>tui</strong></span> <span class='ocrx_word' id='word_1_267' title='bbox 2151 1132 2377 1187; x_wconf 73' lang='lat' dir='ltr'><strong>dixisti:</strong></span> <span class='ocrx_word' id='word_1_268' title='bbox 2413 1135 2594 1201; x_wconf 80' lang='lat' dir='ltr'><strong>Quare</strong></span> <span class='ocrx_word' id='word_1_269' title='bbox 2649 1136 2994 1195; x_wconf 80' lang='lat' dir='ltr'><strong>fremuerunt</strong></span> <span class='ocrx_word' id='word_1_270' title='bbox 3040 1143 3277 1212; x_wconf 80' lang='lat' dir='ltr'><strong>gentes?</strong></span> <span class='ocrx_word' id='word_1_271' title='bbox 3327 1142 3615 1217; x_wconf 84' lang='lat' dir='ltr'><strong>Tanquam</strong></span> 
     </span>
    </p>
   </div>
   <div class='ocr_carea' id='block_1_39' title="bbox 2038 1221 3617 1304">
    <p class='ocr_par' dir='ltr' id='par_1_39' title="bbox 2038 1221 3617 1304">
     <span class='ocr_line' id='line_1_39' title="bbox 2038 1221 3617 1304; baseline 0.009 -27"><span class='ocrx_word' id='word_1_272' title='bbox 2038 1221 2220 1280; x_wconf 72' lang='lat' dir='ltr'><strong>fmdus</strong></span> <span class='ocrx_word' id='word_1_273' title='bbox 2248 1234 2301 1280; x_wconf 93' lang='lat' dir='ltr'><strong>et</strong></span> <span class='ocrx_word' id='word_1_274' title='bbox 2332 1236 2489 1296; x_wconf 91' lang='lat' dir='ltr'><strong>pacta</strong></span> <span class='ocrx_word' id='word_1_275' title='bbox 2514 1243 2545 1283; x_wconf 85' lang='lat' dir='ltr'><strong>a</strong></span> <span class='ocrx_word' id='word_1_276' title='bbox 2593 1227 2705 1283; x_wconf 87' lang='lat' dir='ltr'><strong>Deo</strong></span> <span class='ocrx_word' id='word_1_277' title='bbox 2751 1232 3121 1300; x_wconf 81' lang='lat' dir='ltr'><strong>postulantes,</strong></span> <span class='ocrx_word' id='word_1_278' title='bbox 3167 1235 3517 1304; x_wconf 76' lang='lat' dir='ltr'><strong>prapltetiam</strong></span> <span class='ocrx_word' id='word_1_279' title='bbox 3559 1238 3617 1292; x_wconf 88' lang='lat' dir='ltr'><strong>in</strong></span> 
     </span>
    </p>
   </div>
   <div class='ocr_carea' id='block_1_40' title="bbox 2037 1314 3616 1395">
    <p class='ocr_par' dir='ltr' id='par_1_40' title="bbox 2037 1314 3616 1395">
     <span class='ocr_line' id='line_1_40' title="bbox 2037 1314 3616 1395; baseline 0.009 -27"><span class='ocrx_word' id='word_1_280' title='bbox 2037 1314 2276 1370; x_wconf 86' lang='lat' dir='ltr'><strong>medium</strong></span> <span class='ocrx_word' id='word_1_281' title='bbox 2304 1315 2622 1373; x_wconf 87' lang='lat' dir='ltr'><strong>adducunt:</strong></span> <span class='ocrx_word' id='word_1_282' title='bbox 2652 1322 2817 1376; x_wconf 87' lang='lat' dir='ltr'><strong>simul</strong></span> <span class='ocrx_word' id='word_1_283' title='bbox 2857 1323 3024 1377; x_wconf 90' lang='lat' dir='ltr'><strong>etiam</strong></span> <span class='ocrx_word' id='word_1_284' title='bbox 3081 1324 3293 1395; x_wconf 88' lang='lat' dir='ltr'><strong>seipsos</strong></span> <span class='ocrx_word' id='word_1_285' title='bbox 3320 1326 3616 1383; x_wconf 88' lang='lat' dir='ltr'><strong>consolan-</strong></span> 
     </span>
    </p>
   </div>
   <div class='ocr_carea' id='block_1_41' title="bbox 2038 1405 3403 1477">
    <p class='ocr_par' dir='ltr' id='par_1_41' title="bbox 2038 1405 3403 1477">
     <span class='ocr_line' id='line_1_41' title="bbox 2038 1405 3403 1477; baseline 0.008 -17"><span class='ocrx_word' id='word_1_286' title='bbox 2038 1413 2138 1469; x_wconf 82' lang='lat' dir='ltr'><strong>tes,</strong></span> <span class='ocrx_word' id='word_1_287' title='bbox 2174 1405 2323 1477; x_wconf 72' lang='lat' dir='ltr'><strong>qyod</strong></span> <span class='ocrx_word' id='word_1_288' title='bbox 2350 1407 2465 1465; x_wconf 73' lang='lat' dir='ltr'><strong>inec</strong></span> <span class='ocrx_word' id='word_1_289' title='bbox 2489 1409 2693 1465; x_wconf 80' lang='lat' dir='ltr'><strong>frustra</strong></span> <span class='ocrx_word' id='word_1_290' title='bbox 2734 1412 3131 1468; x_wconf 80' lang='lat' dir='ltr'><strong>meditarentur</strong></span> <span class='ocrx_word' id='word_1_291' title='bbox 3167 1415 3403 1471; x_wconf 79' lang='lat' dir='ltr'><strong>inimici.</strong></span> 
     </span>
    </p>
   </div>
   <div class='ocr_carea' id='block_1_42' title="bbox 2110 1495 3617 1574">
    <p class='ocr_par' dir='ltr' id='par_1_42' title="bbox 2110 1495 3617 1574">
     <span class='ocr_line' id='line_1_42' title="bbox 2110 1495 3617 1574; baseline 0.008 -24"><span class='ocrx_word' id='word_1_292' title='bbox 2110 1495 2277 1553; x_wconf 71' lang='lat' dir='ltr'><strong>Vens.</strong></span> <span class='ocrx_word' id='word_1_293' title='bbox 2321 1498 2412 1553; x_wconf 73' lang='lat'><strong>29.</strong></span> <span class='ocrx_word' id='word_1_294' title='bbox 2473 1498 2539 1553; x_wconf 83' lang='lat' dir='ltr'><strong>Et</strong></span> <span class='ocrx_word' id='word_1_295' title='bbox 2587 1516 2746 1566; x_wconf 87' lang='lat' dir='ltr'><strong>nunc,</strong></span> <span class='ocrx_word' id='word_1_296' title='bbox 2790 1501 3035 1568; x_wconf 86' lang='lat' dir='ltr'><strong>Domine,</strong></span> <span class='ocrx_word' id='word_1_297' title='bbox 3102 1508 3278 1574; x_wconf 84' lang='lat' dir='ltr'><strong>aspice</strong></span> <span class='ocrx_word' id='word_1_298' title='bbox 3327 1507 3397 1560; x_wconf 88' lang='lat' dir='ltr'><strong>ad</strong></span> <span class='ocrx_word' id='word_1_299' title='bbox 3440 1509 3617 1562; x_wconf 87' lang='lat' dir='ltr'><strong>minas</strong></span> 
     </span>
    </p>
   </div>
   <div class='ocr_carea' id='block_1_43' title="bbox 2035 1590 3618 1667">
    <p class='ocr_par' dir='ltr' id='par_1_43' title="bbox 2035 1590 3618 1667">
     <span class='ocr_line' id='line_1_43' title="bbox 2035 1590 3618 1667; baseline 0.008 -26"><span class='ocrx_word' id='word_1_300' title='bbox 2035 1605 2257 1643; x_wconf 83' lang='lat' dir='ltr'><strong>eorum:</strong></span> <span class='ocrx_word' id='word_1_301' title='bbox 2316 1603 2364 1644; x_wconf 82' lang='lat' dir='ltr'><strong>et</strong></span> <span class='ocrx_word' id='word_1_302' title='bbox 2405 1590 2475 1645; x_wconf 84' lang='lat' dir='ltr'><strong>da</strong></span> <span class='ocrx_word' id='word_1_303' title='bbox 2528 1593 2691 1646; x_wconf 76' lang='lat' dir='ltr'><strong>servis</strong></span> <span class='ocrx_word' id='word_1_304' title='bbox 2743 1594 2867 1660; x_wconf 84' lang='lat' dir='ltr'><strong>tuis,</strong></span> <span class='ocrx_word' id='word_1_305' title='bbox 2924 1604 2985 1647; x_wconf 86' lang='lat' dir='ltr'><strong>ut</strong></span> <span class='ocrx_word' id='word_1_306' title='bbox 3050 1612 3170 1649; x_wconf 87' lang='lat' dir='ltr'><strong>cum</strong></span> <span class='ocrx_word' id='word_1_307' title='bbox 3226 1599 3372 1651; x_wconf 88' lang='lat' dir='ltr'><strong>omni</strong></span> <span class='ocrx_word' id='word_1_308' title='bbox 3416 1600 3618 1667; x_wconf 74' lang='lat' dir='ltr'><strong>ﬁducia</strong></span> 
     </span>
    </p>
   </div>
   <div class='ocr_carea' id='block_1_44' title="bbox 2037 1679 2843 1751">
    <p class='ocr_par' dir='ltr' id='par_1_44' title="bbox 2037 1679 2843 1751">
     <span class='ocr_line' id='line_1_44' title="bbox 2037 1679 2843 1751; baseline 0.004 -17"><span class='ocrx_word' id='word_1_309' title='bbox 2037 1679 2325 1751; x_wconf 85' lang='lat' dir='ltr'><strong>loquantur</strong></span> <span class='ocrx_word' id='word_1_310' title='bbox 2356 1699 2645 1736; x_wconf 73' lang='lat' dir='ltr'><strong>sermonem</strong></span> <span class='ocrx_word' id='word_1_311' title='bbox 2672 1693 2843 1749; x_wconf 84' lang='lat' dir='ltr'><strong>tuum,</strong></span> 
     </span>
    </p>
   </div>
   <div class='ocr_carea' id='block_1_45' title="bbox 2118 1770 3617 1833">
    <p class='ocr_par' dir='ltr' id='par_1_45' title="bbox 2118 1770 3617 1833">
     <span class='ocr_line' id='line_1_45' title="bbox 2118 1770 3617 1833; baseline 0.004 -8"><span class='ocrx_word' id='word_1_312' title='bbox 2118 1770 2285 1827; x_wconf 71' lang='lat' dir='ltr'><strong>Vens.</strong></span> <span class='ocrx_word' id='word_1_313' title='bbox 2323 1772 2412 1828; x_wconf 78' lang='lat'><strong>50.</strong></span> <span class='ocrx_word' id='word_1_314' title='bbox 2450 1771 2670 1826; x_wconf 78' lang='lat' dir='ltr'><strong>Manum</strong></span> <span class='ocrx_word' id='word_1_315' title='bbox 2700 1783 2847 1828; x_wconf 88' lang='lat' dir='ltr'><strong>tuam</strong></span> <span class='ocrx_word' id='word_1_316' title='bbox 2873 1775 3201 1831; x_wconf 77' lang='lat' dir='ltr'><strong>extendendo</strong></span> <span class='ocrx_word' id='word_1_317' title='bbox 3223 1776 3294 1831; x_wconf 85' lang='lat' dir='ltr'><strong>ad</strong></span> <span class='ocrx_word' id='word_1_318' title='bbox 3315 1779 3617 1833; x_wconf 61' lang='lat' dir='ltr'><strong>sanctiones</strong></span> 
     </span>
    </p>
   </div>
   <div class='ocr_carea' id='block_1_46' title="bbox 2040 1861 3620 1936">
    <p class='ocr_par' dir='ltr' id='par_1_46' title="bbox 2040 1861 3620 1936">
     <span class='ocr_line' id='line_1_46' title="bbox 2040 1861 3620 1936; baseline 0.005 -23"><span class='ocrx_word' id='word_1_319' title='bbox 2040 1868 2089 1913; x_wconf 90' lang='lat' dir='ltr'><strong>et</strong></span> <span class='ocrx_word' id='word_1_320' title='bbox 2119 1861 2273 1929; x_wconf 84' lang='lat' dir='ltr'><strong>signa</strong></span> <span class='ocrx_word' id='word_1_321' title='bbox 2310 1872 2467 1933; x_wconf 81' lang='lat' dir='ltr'><strong>atque</strong></span> <span class='ocrx_word' id='word_1_322' title='bbox 2513 1862 2759 1934; x_wconf 58' lang='lat' dir='ltr'><strong>irodigia</strong></span> <span class='ocrx_word' id='word_1_323' title='bbox 2807 1864 3055 1934; x_wconf 78' lang='lat' dir='ltr'><strong>facienda</strong></span> <span class='ocrx_word' id='word_1_324' title='bbox 3104 1882 3198 1936; x_wconf 83' lang='lat' dir='ltr'><strong>per</strong></span> <span class='ocrx_word' id='word_1_325' title='bbox 3223 1883 3411 1922; x_wconf 82' lang='lat' dir='ltr'><strong>nomen</strong></span> <span class='ocrx_word' id='word_1_326' title='bbox 3442 1869 3620 1923; x_wconf 84' lang='lat' dir='ltr'><strong>sancti</strong></span> 
     </span>
    </p>
   </div>
   <div class='ocr_carea' id='block_1_47' title="bbox 2046 1947 2472 2005">
    <p class='ocr_par' dir='ltr' id='par_1_47' title="bbox 2046 1947 2472 2005">
     <span class='ocr_line' id='line_1_47' title="bbox 2046 1947 2472 2005; baseline 0 -3"><span class='ocrx_word' id='word_1_327' title='bbox 2046 1947 2186 2003; x_wconf 79' lang='lat' dir='ltr'><strong>Filii</strong></span> <span class='ocrx_word' id='word_1_328' title='bbox 2214 1951 2295 2004; x_wconf 85' lang='lat' dir='ltr'><strong>tui</strong></span> <span class='ocrx_word' id='word_1_329' title='bbox 2321 1950 2472 2005; x_wconf 83' lang='lat' dir='ltr'><strong>Jesu.</strong></span> 
     </span>
    </p>
   </div>
   <div class='ocr_carea' id='block_1_48' title="bbox 2116 2041 3616 2112">
    <p class='ocr_par' dir='ltr' id='par_1_48' title="bbox 2116 2041 3616 2112">
     <span class='ocr_line' id='line_1_48' title="bbox 2116 2041 3616 2112; baseline 0.003 -16"><span class='ocrx_word' id='word_1_330' title='bbox 2116 2041 2275 2097; x_wconf 75' lang='lat' dir='ltr'><strong>Vens.</strong></span> <span class='ocrx_word' id='word_1_331' title='bbox 2319 2043 2410 2097; x_wconf 84' lang='lat'><strong>5|.</strong></span> <span class='ocrx_word' id='word_1_332' title='bbox 2449 2041 2517 2096; x_wconf 86' lang='lat' dir='ltr'><strong>Et</strong></span> <span class='ocrx_word' id='word_1_333' title='bbox 2564 2043 2738 2112; x_wconf 83' lang='lat' dir='ltr'><strong>[initis</strong></span> <span class='ocrx_word' id='word_1_334' title='bbox 2785 2044 3027 2112; x_wconf 78' lang='lat' dir='ltr'><strong>precibus</strong></span> <span class='ocrx_word' id='word_1_335' title='bbox 3082 2062 3289 2112; x_wconf 86' lang='lat' dir='ltr'><strong>eorum,</strong></span> <span class='ocrx_word' id='word_1_336' title='bbox 3362 2056 3536 2101; x_wconf 80' lang='lat' dir='ltr'><strong>motus</strong></span> <span class='ocrx_word' id='word_1_337' title='bbox 3563 2058 3616 2102; x_wconf 79' lang='lat' dir='ltr'><strong>et</strong></span> 
     </span>
    </p>
   </div>
   <div class='ocr_carea' id='block_1_49' title="bbox 2040 2134 3615 2208">
    <p class='ocr_par' dir='ltr' id='par_1_49' title="bbox 2040 2134 3615 2208">
     <span class='ocr_line' id='line_1_49' title="bbox 2040 2134 3615 2208; baseline 0.004 -23"><span class='ocrx_word' id='word_1_338' title='bbox 2040 2150 2327 2186; x_wconf 82' lang='lat' dir='ltr'><strong>concussus</strong></span> <span class='ocrx_word' id='word_1_339' title='bbox 2358 2144 2438 2188; x_wconf 87' lang='lat' dir='ltr'><strong>est</strong></span> <span class='ocrx_word' id='word_1_340' title='bbox 2467 2134 2636 2200; x_wconf 85' lang='lat' dir='ltr'><strong>locus,</strong></span> <span class='ocrx_word' id='word_1_341' title='bbox 2673 2134 2764 2189; x_wconf 84' lang='lat' dir='ltr'><strong>ubi</strong></span> <span class='ocrx_word' id='word_1_342' title='bbox 2785 2146 2938 2190; x_wconf 89' lang='lat' dir='ltr'><strong>erant</strong></span> <span class='ocrx_word' id='word_1_343' title='bbox 2958 2138 3301 2207; x_wconf 78' lang='lat' dir='ltr'><strong>congregati:</strong></span> <span class='ocrx_word' id='word_1_344' title='bbox 3350 2147 3400 2192; x_wconf 86' lang='lat' dir='ltr'><strong>et</strong></span> <span class='ocrx_word' id='word_1_345' title='bbox 3431 2137 3615 2208; x_wconf 78' lang='lat' dir='ltr'><strong>repleti</strong></span> 
     </span>
    </p>
   </div>
   <div class='ocr_carea' id='block_1_50' title="bbox 2040 2224 3615 2295">
    <p class='ocr_par' dir='ltr' id='par_1_50' title="bbox 2040 2224 3615 2295">
     <span class='ocr_line' id='line_1_50' title="bbox 2040 2224 3615 2295; baseline 0.002 -16"><span class='ocrx_word' id='word_1_346' title='bbox 2040 2235 2163 2279; x_wconf 87' lang='lat' dir='ltr'><strong>sunt</strong></span> <span class='ocrx_word' id='word_1_347' title='bbox 2196 2242 2374 2279; x_wconf 88' lang='lat' dir='ltr'><strong>omnes</strong></span> <span class='ocrx_word' id='word_1_348' title='bbox 2428 2224 2639 2295; x_wconf 83' lang='lat' dir='ltr'><strong>Spiritu</strong></span> <span class='ocrx_word' id='word_1_349' title='bbox 2706 2235 2917 2293; x_wconf 86' lang='lat' dir='ltr'><strong>sancto,</strong></span> <span class='ocrx_word' id='word_1_350' title='bbox 2956 2237 3005 2282; x_wconf 86' lang='lat' dir='ltr'><strong>ct</strong></span> <span class='ocrx_word' id='word_1_351' title='bbox 3053 2226 3215 2283; x_wconf 79' lang='lat' dir='ltr'><strong>libere</strong></span> <span class='ocrx_word' id='word_1_352' title='bbox 3243 2236 3274 2265; x_wconf 71' lang='grc'><em>³</em></span> <span class='ocrx_word' id='word_1_353' title='bbox 3321 2244 3615 2283; x_wconf 78' lang='lat' dir='ltr'><strong>sermonem</strong></span> 
     </span>
    </p>
   </div>
   <div class='ocr_carea' id='block_1_51' title="bbox 2040 2316 2562 2387">
    <p class='ocr_par' dir='ltr' id='par_1_51' title="bbox 2040 2316 2562 2387">
     <span class='ocr_line' id='line_1_51' title="bbox 2040 2316 2562 2387; baseline 0.006 -18"><span class='ocrx_word' id='word_1_354' title='bbox 2040 2316 2137 2370; x_wconf 82' lang='lat' dir='ltr'><strong>Dei</strong></span> <span class='ocrx_word' id='word_1_355' title='bbox 2166 2318 2562 2387; x_wconf 75' lang='lat' dir='ltr'><strong>eloquebantur.</strong></span> 
     </span>
    </p>
   </div>
   <div class='ocr_carea' id='block_1_52' title="bbox 2114 2396 3614 2479">
    <p class='ocr_par' dir='ltr' id='par_1_52' title="bbox 2114 2396 3614 2479">
     <span class='ocr_line' id='line_1_52' title="bbox 2114 2396 3614 2479; baseline 0.002 -17"><span class='ocrx_word' id='word_1_356' title='bbox 2114 2406 2176 2462; x_wconf 90' lang='lat' dir='ltr'><strong>Ut</strong></span> <span class='ocrx_word' id='word_1_357' title='bbox 2211 2408 2455 2463; x_wconf 80' lang='lat' dir='ltr'><strong>facerent</strong></span> <span class='ocrx_word' id='word_1_358' title='bbox 2485 2396 2825 2479; x_wconf 66' lang='lat' dir='ltr'><strong>quaecunque</strong></span> <span class='ocrx_word' id='word_1_359' title='bbox 2856 2423 3051 2465; x_wconf 89' lang='lat' dir='ltr'><strong>manus</strong></span> <span class='ocrx_word' id='word_1_360' title='bbox 3088 2418 3179 2466; x_wconf 83' lang='lat' dir='ltr'><strong>tua</strong></span> <span class='ocrx_word' id='word_1_361' title='bbox 3212 2418 3270 2465; x_wconf 91' lang='lat' dir='ltr'><strong>et</strong></span> <span class='ocrx_word' id='word_1_362' title='bbox 3319 2409 3614 2466; x_wconf 79' lang='lat' dir='ltr'><strong>consilium</strong></span> 
     </span>
    </p>
   </div>
   <div class='ocr_carea' id='block_1_53' title="bbox 2039 2499 3615 2570">
    <p class='ocr_par' dir='ltr' id='par_1_53' title="bbox 2039 2499 3615 2570">
     <span class='ocr_line' id='line_1_53' title="bbox 2039 2499 3615 2570; baseline 0.001 -18"><span class='ocrx_word' id='word_1_363' title='bbox 2039 2505 2194 2553; x_wconf 92' lang='lat' dir='ltr'><strong>tuum</strong></span> <span class='ocrx_word' id='word_1_364' title='bbox 2235 2499 2602 2568; x_wconf 57' lang='lat' dir='ltr'><strong>prasstituerat</strong></span> <span class='ocrx_word' id='word_1_365' title='bbox 2646 2514 2712 2554; x_wconf 86' lang='lat' dir='ltr'><strong>ac</strong></span> <span class='ocrx_word' id='word_1_366' title='bbox 2758 2499 3267 2570; x_wconf 63' lang='lat' dir='ltr'><strong>prmdcstinaverat.</strong></span> <span class='ocrx_word' id='word_1_367' title='bbox 3318 2501 3435 2556; x_wconf 78' lang='lat' dir='ltr'><strong>Hoc</strong></span> <span class='ocrx_word' id='word_1_368' title='bbox 3480 2510 3615 2555; x_wconf 86' lang='lat' dir='ltr'><strong>cst:</strong></span> 
     </span>
    </p>
   </div>
   <div class='ocr_carea' id='block_1_54' title="bbox 2039 2591 3695 2662">
    <p class='ocr_par' dir='ltr' id='par_1_54' title="bbox 2039 2591 3695 2662">
     <span class='ocr_line' id='line_1_54' title="bbox 2039 2591 3695 2662; baseline 0 -17"><span class='ocrx_word' id='word_1_369' title='bbox 2039 2591 2157 2647; x_wconf 88' lang='lat' dir='ltr'><strong>Non</strong></span> <span class='ocrx_word' id='word_1_370' title='bbox 2185 2591 2288 2661; x_wconf 85' lang='lat' dir='ltr'><strong>ipsi</strong></span> <span class='ocrx_word' id='word_1_371' title='bbox 2323 2599 2661 2661; x_wconf 90' lang='lat' dir='ltr'><strong>potuerunt:</strong></span> <span class='ocrx_word' id='word_1_372' title='bbox 2696 2591 2791 2646; x_wconf 91' lang='lat' dir='ltr'><strong>sed</strong></span> <span class='ocrx_word' id='word_1_373' title='bbox 2823 2619 2825 2623; x_wconf 58' lang='grc' dir='ltr'><strong>ε</strong></span> <span class='ocrx_word' id='word_1_374' title='bbox 2853 2602 2909 2646; x_wconf 92' lang='lat' dir='ltr'><strong>tu</strong></span> <span class='ocrx_word' id='word_1_375' title='bbox 2941 2607 3002 2647; x_wconf 90' lang='lat' dir='ltr'><strong>es</strong></span> <span class='ocrx_word' id='word_1_376' title='bbox 3063 2593 3131 2656; x_wconf 89' lang='lat' dir='ltr'><strong>is,</strong></span> <span class='ocrx_word' id='word_1_377' title='bbox 3192 2594 3287 2662; x_wconf 84' lang='lat' dir='ltr'><strong>qui</strong></span> <span class='ocrx_word' id='word_1_378' title='bbox 3344 2592 3612 2662; x_wconf 81' lang='lat' dir='ltr'><strong>quidquid</strong></span> <span class='ocrx_word' id='word_1_379' title='bbox 3687 2604 3695 2612; x_wconf 92' lang='grc'><strong>·</strong></span> 
     </span>
    </p>
   </div>
   <div class='ocr_carea' id='block_1_55' title="bbox 2040 2682 3616 2753">
    <p class='ocr_par' dir='ltr' id='par_1_55' title="bbox 2040 2682 3616 2753">
     <span class='ocr_line' id='line_1_55' title="bbox 2040 2682 3616 2753; baseline 0.002 -17"><span class='ocrx_word' id='word_1_380' title='bbox 2040 2682 2263 2746; x_wconf 82' lang='lat' dir='ltr'><strong>accidit,</strong></span> <span class='ocrx_word' id='word_1_381' title='bbox 2310 2683 2423 2737; x_wconf 84' lang='lat' dir='ltr'><strong>ﬁeri</strong></span> <span class='ocrx_word' id='word_1_382' title='bbox 2460 2682 2786 2753; x_wconf 84' lang='lat' dir='ltr'><strong>permisisti,</strong></span> <span class='ocrx_word' id='word_1_383' title='bbox 2841 2690 2896 2738; x_wconf 91' lang='lat' dir='ltr'><strong>et</strong></span> <span class='ocrx_word' id='word_1_384' title='bbox 2929 2683 2995 2737; x_wconf 92' lang='lat' dir='ltr'><strong>ad</strong></span> <span class='ocrx_word' id='word_1_385' title='bbox 3052 2683 3216 2737; x_wconf 76' lang='lat' dir='ltr'><strong>finem</strong></span> <span class='ocrx_word' id='word_1_386' title='bbox 3270 2684 3616 2753; x_wconf 83' lang='lat' dir='ltr'><strong>perduxisti:</strong></span> 
     </span>
    </p>
   </div>
   <div class='ocr_carea' id='block_1_56' title="bbox 2039 2771 3619 2844">
    <p class='ocr_par' dir='ltr' id='par_1_56' title="bbox 2039 2771 3619 2844">
     <span class='ocr_line' id='line_1_56' title="bbox 2039 2771 3619 2844; baseline 0 -17"><span class='ocrx_word' id='word_1_387' title='bbox 2039 2774 2131 2843; x_wconf 88' lang='lat' dir='ltr'><strong>qui</strong></span> <span class='ocrx_word' id='word_1_388' title='bbox 2159 2771 2319 2827; x_wconf 74' lang='lat' dir='ltr'><strong>facile</strong></span> <span class='ocrx_word' id='word_1_389' title='bbox 2350 2788 2465 2827; x_wconf 89' lang='lat' dir='ltr'><strong>rem</strong></span> <span class='ocrx_word' id='word_1_390' title='bbox 2495 2787 2772 2843; x_wconf 85' lang='lat' dir='ltr'><strong>quamque</strong></span> <span class='ocrx_word' id='word_1_391' title='bbox 2802 2773 3064 2843; x_wconf 77' lang='lat' dir='ltr'><strong>expedire</strong></span> <span class='ocrx_word' id='word_1_392' title='bbox 3091 2780 3144 2829; x_wconf 91' lang='lat' dir='ltr'><strong>et</strong></span> <span class='ocrx_word' id='word_1_393' title='bbox 3171 2775 3451 2844; x_wconf 79' lang='lat' dir='ltr'><strong>explicare</strong></span> <span class='ocrx_word' id='word_1_394' title='bbox 3479 2777 3619 2838; x_wconf 82' lang='lat' dir='ltr'><strong>scis,</strong></span> 
     </span>
    </p>
   </div>
   <div class='ocr_carea' id='block_1_57' title="bbox 2040 2863 3615 2935">
    <p class='ocr_par' dir='ltr' id='par_1_57' title="bbox 2040 2863 3615 2935">
     <span class='ocr_line' id='line_1_57' title="bbox 2040 2863 3615 2935; baseline -0.001 -17"><span class='ocrx_word' id='word_1_395' title='bbox 2040 2865 2134 2935; x_wconf 88' lang='lat' dir='ltr'><strong>qui</strong></span> <span class='ocrx_word' id='word_1_396' title='bbox 2168 2863 2392 2935; x_wconf 84' lang='lat' dir='ltr'><strong>sapiens</strong></span> <span class='ocrx_word' id='word_1_397' title='bbox 2427 2874 2483 2918; x_wconf 88' lang='lat' dir='ltr'><strong>ct</strong></span> <span class='ocrx_word' id='word_1_398' title='bbox 2520 2865 2700 2920; x_wconf 90' lang='lat' dir='ltr'><strong>solers</strong></span> <span class='ocrx_word' id='word_1_399' title='bbox 2724 2879 2809 2928; x_wconf 87' lang='lat' dir='ltr'><strong>es,</strong></span> <span class='ocrx_word' id='word_1_400' title='bbox 2858 2864 2953 2935; x_wconf 91' lang='lat' dir='ltr'><strong>qui</strong></span> <span class='ocrx_word' id='word_1_401' title='bbox 2985 2863 3335 2920; x_wconf 86' lang='lat' dir='ltr'><strong>inimicorum</strong></span> <span class='ocrx_word' id='word_1_402' title='bbox 3369 2873 3615 2927; x_wconf 84' lang='lat' dir='ltr'><strong>tuorum,</strong></span> 
     </span>
    </p>
   </div>
   <div class='ocr_carea' id='block_1_58' title="bbox 2040 2953 3617 3023">
    <p class='ocr_par' dir='ltr' id='par_1_58' title="bbox 2040 2953 3617 3023">
     <span class='ocr_line' id='line_1_58' title="bbox 2040 2953 3617 3023; baseline -0.001 -15"><span class='ocrx_word' id='word_1_403' title='bbox 2040 2954 2095 3008; x_wconf 90' lang='lat' dir='ltr'><strong>in</strong></span> <span class='ocrx_word' id='word_1_404' title='bbox 2161 2954 2229 3009; x_wconf 91' lang='lat' dir='ltr'><strong>iis</strong></span> <span class='ocrx_word' id='word_1_405' title='bbox 2280 2968 2401 3023; x_wconf 69' lang='lat' dir='ltr'><strong>qua:</strong></span> <span class='ocrx_word' id='word_1_406' title='bbox 2453 2953 2802 3016; x_wconf 82' lang='lat' dir='ltr'><strong>decreveras,</strong></span> <span class='ocrx_word' id='word_1_407' title='bbox 2838 2967 3004 3023; x_wconf 83' lang='lat' dir='ltr'><strong>opera</strong></span> <span class='ocrx_word' id='word_1_408' title='bbox 3034 2968 3168 3008; x_wconf 84' lang='lat' dir='ltr'><strong>usus</strong></span> <span class='ocrx_word' id='word_1_409' title='bbox 3215 2968 3301 3009; x_wconf 88' lang='lat' dir='ltr'><strong>es.</strong></span> <span class='ocrx_word' id='word_1_410' title='bbox 3348 2953 3617 3009; x_wconf 84' lang='lat' dir='ltr'><strong>Coicrunt</strong></span> 
     </span>
    </p>
   </div>
   <div class='ocr_carea' id='block_1_59' title="bbox 2038 3045 3625 3116">
    <p class='ocr_par' dir='ltr' id='par_1_59' title="bbox 2038 3045 3625 3116">
     <span class='ocr_line' id='line_1_59' title="bbox 2038 3045 3625 3116; baseline -0.001 -13"><span class='ocrx_word' id='word_1_411' title='bbox 2038 3046 2185 3103; x_wconf 89' lang='lat' dir='ltr'><strong>enim</strong></span> <span class='ocrx_word' id='word_1_412' title='bbox 2210 3047 2307 3111; x_wconf 88' lang='lat' dir='ltr'><strong>illi,</strong></span> <span class='ocrx_word' id='word_1_413' title='bbox 2336 3055 2393 3101; x_wconf 91' lang='lat' dir='ltr'><strong>ut</strong></span> <span class='ocrx_word' id='word_1_414' title='bbox 2416 3046 2655 3101; x_wconf 86' lang='lat' dir='ltr'><strong>inimici:</strong></span> <span class='ocrx_word' id='word_1_415' title='bbox 2684 3045 2961 3102; x_wconf 80' lang='lat' dir='ltr'><strong>faciebant</strong></span> <span class='ocrx_word' id='word_1_416' title='bbox 2991 3056 3196 3113; x_wconf 87' lang='lat' dir='ltr'><strong>autem,</strong></span> <span class='ocrx_word' id='word_1_417' title='bbox 3229 3062 3351 3116; x_wconf 64' lang='lat' dir='ltr'><strong>quae</strong></span> <span class='ocrx_word' id='word_1_418' title='bbox 3374 3055 3431 3101; x_wconf 92' lang='lat' dir='ltr'><strong>tu</strong></span> <span class='ocrx_word' id='word_1_419' title='bbox 3472 3048 3625 3102; x_wconf 78' lang='lat' dir='ltr'><strong>volc-</strong></span> 
     </span>
    </p>
   </div>
   <div class='ocr_carea' id='block_1_60' title="bbox 350 3138 1934 3242">
    <p class='ocr_par' dir='ltr' id='par_1_60' title="bbox 350 3138 1926 3211">
     <span class='ocr_line' id='line_1_60' title="bbox 350 3138 1926 3211; baseline 0.001 -18"><span class='ocrx_word' id='word_1_420' title='bbox 350 3139 462 3209; x_wconf 80' lang='grc' dir='ltr'><strong>γὰρ</strong></span> <span class='ocrx_word' id='word_1_421' title='bbox 489 3138 716 3210; x_wconf 80' lang='grc' dir='ltr'>δυνάμει</span> <span class='ocrx_word' id='word_1_422' title='bbox 780 3139 1085 3211; x_wconf 76' lang='grc' dir='ltr'>προοριζειο</span> <span class='ocrx_word' id='word_1_423' title='bbox 1145 3139 1426 3193; x_wconf 83' lang='grc' dir='ltr'><strong>τουτέστιν</strong></span> <span class='ocrx_word' id='word_1_424' title='bbox 1452 3178 1467 3206; x_wconf 91' lang='grc'><strong><em>,</em></strong></span> <span class='ocrx_word' id='word_1_425' title='bbox 1505 3139 1606 3193; x_wconf 80' lang='grc' dir='ltr'>ὅσα</span> <span class='ocrx_word' id='word_1_426' title='bbox 1654 3138 1926 3202; x_wconf 74' lang='grc' dir='ltr'>διὲταξας.</span> 
     </span>
    </p>
   </div>
   <div class='ocr_carea' id='block_1_61' title="bbox 2041 3138 3621 3242">
    <p class='ocr_par' dir='ltr' id='par_1_61' title="bbox 2042 3138 3621 3211">
     <span class='ocr_line' id='line_1_61' title="bbox 2042 3138 3621 3211; baseline 0 -16"><span class='ocrx_word' id='word_1_427' title='bbox 2042 3140 2161 3195; x_wconf 85' lang='lat' dir='ltr'><strong>bas.</strong></span> <span class='ocrx_word' id='word_1_428' title='bbox 2193 3138 2335 3205; x_wconf 88' lang='lat' dir='ltr'><strong>Quid</strong></span> <span class='ocrx_word' id='word_1_429' title='bbox 2373 3148 2553 3193; x_wconf 86' lang='lat' dir='ltr'><strong>autem</strong></span> <span class='ocrx_word' id='word_1_430' title='bbox 2611 3149 2696 3193; x_wconf 89' lang='lat' dir='ltr'><strong>est</strong></span> <span class='ocrx_word' id='word_1_431' title='bbox 2728 3138 2804 3203; x_wconf 86' lang='lat' dir='ltr'><strong>id,</strong></span> <span class='ocrx_word' id='word_1_432' title='bbox 2859 3138 3011 3211; x_wconf 86' lang='lat' dir='ltr'><strong>quod</strong></span> <span class='ocrx_word' id='word_1_433' title='bbox 3064 3138 3219 3203; x_wconf 89' lang='lat' dir='ltr'><strong>dicit,</strong></span> <span class='ocrx_word' id='word_1_434' title='bbox 3268 3138 3621 3211; x_wconf 69' lang='lat' dir='ltr'><strong>Quamunque</strong></span> 
     </span>
    </p>
   </div>
   <div class='ocr_carea' id='block_1_62' title="bbox 355 3225 1930 3303">
    <p class='ocr_par' dir='ltr' id='par_1_62' title="bbox 355 3225 1930 3303">
     <span class='ocr_line' id='line_1_62' title="bbox 355 3225 1930 3303; baseline -0.001 -19"><span class='ocrx_word' id='word_1_435' title='bbox 355 3229 527 3300; x_wconf 87' lang='grc' dir='ltr'>Ὅρα,</span> <span class='ocrx_word' id='word_1_436' title='bbox 560 3232 661 3284; x_wconf 84' lang='grc' dir='ltr'><strong>οὐκ</strong></span> <span class='ocrx_word' id='word_1_437' title='bbox 692 3225 866 3293; x_wconf 75' lang='grc' dir='ltr'>εἷπον,</span> <span class='ocrx_word' id='word_1_438' title='bbox 906 3230 1076 3303; x_wconf 78' lang='grc' dir='ltr'><strong>ρὼξον</strong></span> <span class='ocrx_word' id='word_1_439' title='bbox 1116 3230 1157 3263; x_wconf 87' lang='grc'><strong>³¹</strong></span> <span class='ocrx_word' id='word_1_440' title='bbox 1188 3231 1386 3294; x_wconf 78' lang='grc' dir='ltr'>αὐτοὺς</span> <span class='ocrx_word' id='word_1_441' title='bbox 1413 3230 1509 3284; x_wconf 78' lang='grc' dir='ltr'><strong>καὶ</strong></span> <span class='ocrx_word' id='word_1_442' title='bbox 1548 3228 1677 3299; x_wconf 83' lang='grc' dir='ltr'><strong>βάλε</strong></span> <span class='ocrx_word' id='word_1_443' title='bbox 1714 3228 1930 3292; x_wconf 71' lang='grc' dir='ltr'>αὐτούς’</span> 
     </span>
    </p>
   </div>
   <div class='ocr_carea' id='block_1_63' title="bbox 354 3321 1935 3388">
    <p class='ocr_par' dir='ltr' id='par_1_63' title="bbox 354 3321 1935 3388">
     <span class='ocr_line' id='line_1_63' title="bbox 354 3321 1935 3388; baseline 0.001 -15"><span class='ocrx_word' id='word_1_444' title='bbox 354 3321 492 3375; x_wconf 75' lang='grc' dir='ltr'>ἀλλὰ</span> <span class='ocrx_word' id='word_1_445' title='bbox 524 3322 601 3385; x_wconf 79' lang='grc' dir='ltr'><strong>τί.</strong></span> <span class='ocrx_word' id='word_1_446' title='bbox 628 3323 817 3376; x_wconf 76' lang='grc' dir='ltr'>Ἐπιδε</span> <span class='ocrx_word' id='word_1_447' title='bbox 855 3325 948 3376; x_wconf 78' lang='grc' dir='ltr'>ἐπὶ</span> <span class='ocrx_word' id='word_1_448' title='bbox 972 3324 1071 3388; x_wconf 73' lang='grc' dir='ltr'>τὰς</span> <span class='ocrx_word' id='word_1_449' title='bbox 1094 3323 1326 3386; x_wconf 81' lang='grc' dir='ltr'>ἀπειλὰς</span> <span class='ocrx_word' id='word_1_450' title='bbox 1358 3322 1559 3377; x_wconf 61' lang='grc' dir='ltr'>αὐτῶν</span> <span class='ocrx_word' id='word_1_451' title='bbox 1585 3322 1682 3376; x_wconf 81' lang='grc' dir='ltr'><strong>καὶ</strong></span> <span class='ocrx_word' id='word_1_452' title='bbox 1707 3322 1795 3386; x_wconf 80' lang='grc' dir='ltr'><strong>δὸς</strong></span> <span class='ocrx_word' id='word_1_453' title='bbox 1822 3326 1935 3385; x_wconf 80' lang='grc' dir='ltr'>τοῖς</span> 
     </span>
    </p>
   </div>
   <div class='ocr_carea' id='block_1_64' title="bbox 352 3412 1930 3486">
    <p class='ocr_par' dir='ltr' id='par_1_64' title="bbox 352 3412 1930 3486">
     <span class='ocr_line' id='line_1_64' title="bbox 352 3412 1930 3486; baseline -0.001 -19"><span class='ocrx_word' id='word_1_454' title='bbox 352 3412 564 3476; x_wconf 85' lang='grc' dir='ltr'>δούλοις</span> <span class='ocrx_word' id='word_1_455' title='bbox 613 3430 706 3466; x_wconf 88' lang='grc' dir='ltr'><strong>σου</strong></span> <span class='ocrx_word' id='word_1_456' title='bbox 738 3415 875 3484; x_wconf 77' lang='grc' dir='ltr'><strong>μετὰ</strong></span> <span class='ocrx_word' id='word_1_457' title='bbox 906 3414 1222 3486; x_wconf 78' lang='grc' dir='ltr'>παρρησίας</span> <span class='ocrx_word' id='word_1_458' title='bbox 1259 3413 1439 3467; x_wconf 82' lang='grc' dir='ltr'>λαλεῖν</span> <span class='ocrx_word' id='word_1_459' title='bbox 1480 3412 1571 3467; x_wconf 85' lang='grc' dir='ltr'><strong>τδν</strong></span> <span class='ocrx_word' id='word_1_460' title='bbox 1608 3412 1770 3481; x_wconf 79' lang='grc' dir='ltr'>λόγον</span> <span class='ocrx_word' id='word_1_461' title='bbox 1814 3429 1930 3466; x_wconf 89' lang='grc' dir='ltr'>σου.</span> 
     </span>
    </p>
   </div>
   <div class='ocr_carea' id='block_1_65' title="bbox 356 3503 1935 3576">
    <p class='ocr_par' dir='ltr' id='par_1_65' title="bbox 356 3503 1935 3576">
     <span class='ocr_line' id='line_1_65' title="bbox 356 3503 1935 3576; baseline 0 -19"><span class='ocrx_word' id='word_1_462' title='bbox 356 3505 468 3557; x_wconf 71' lang='grc' dir='ltr'>Καὶ</span> <span class='ocrx_word' id='word_1_463' title='bbox 497 3504 805 3573; x_wconf 75' lang='grc' dir='ltr'><strong>δεηθέντων</strong></span> <span class='ocrx_word' id='word_1_464' title='bbox 840 3503 1045 3568; x_wconf 80' lang='grc' dir='ltr'><strong>αὐτῶν,</strong></span> <span class='ocrx_word' id='word_1_465' title='bbox 1079 3504 1349 3576; x_wconf 78' lang='grc' dir='ltr'>ἐσαλεύθη</span> <span class='ocrx_word' id='word_1_466' title='bbox 1375 3504 1404 3557; x_wconf 82' lang='grc' dir='ltr'>ὁ</span> <span class='ocrx_word' id='word_1_467' title='bbox 1433 3504 1599 3568; x_wconf 90' lang='grc' dir='ltr'>τόπος</span> <span class='ocrx_word' id='word_1_468' title='bbox 1642 3503 1847 3569; x_wconf 79' lang='grc' dir='ltr'>αὐτῶν,</span> <span class='ocrx_word' id='word_1_469' title='bbox 1876 3505 1935 3557; x_wconf 88' lang='grc' dir='ltr'>ἐν</span> 
     </span>
    </p>
   </div>
   <div class='ocr_carea' id='block_1_66' title="bbox 351 3591 1936 3671">
    <p class='ocr_par' dir='ltr' id='par_1_66' title="bbox 351 3591 1936 3671">
     <span class='ocr_line' id='line_1_66' title="bbox 351 3591 1936 3671; baseline 0 -20"><span class='ocrx_word' id='word_1_470' title='bbox 351 3591 399 3667; x_wconf 80' lang='grc' dir='ltr'>ᾧ</span> <span class='ocrx_word' id='word_1_471' title='bbox 448 3594 591 3671; x_wconf 79' lang='grc' dir='ltr'>ἦσαν</span> <span class='ocrx_word' id='word_1_472' title='bbox 646 3600 997 3671; x_wconf 70' lang='grc' dir='ltr'>συνηγμένοι.</span> <span class='ocrx_word' id='word_1_473' title='bbox 1050 3599 1158 3653; x_wconf 85' lang='grc' dir='ltr'>Τοῦ</span> <span class='ocrx_word' id='word_1_474' title='bbox 1205 3599 1549 3671; x_wconf 77' lang='grc' dir='ltr'><strong>ἀκουσθῆναι</strong></span> <span class='ocrx_word' id='word_1_475' title='bbox 1584 3600 1806 3662; x_wconf 75' lang='grc' dir='ltr'>αὐτοὺς,</span> <span class='ocrx_word' id='word_1_476' title='bbox 1840 3599 1936 3653; x_wconf 74' lang='grc' dir='ltr'><strong>καὶ</strong></span> 
     </span>
    </p>
   </div>
   <div class='ocr_carea' id='block_1_67' title="bbox 354 3690 1937 3763">
    <p class='ocr_par' dir='ltr' id='par_1_67' title="bbox 354 3690 1937 3763">
     <span class='ocr_line' id='line_1_67' title="bbox 354 3690 1937 3763; baseline 0 -19"><span class='ocrx_word' id='word_1_477' title='bbox 354 3690 453 3759; x_wconf 77' lang='grc' dir='ltr'><strong>τῆς</strong></span> <span class='ocrx_word' id='word_1_478' title='bbox 481 3690 823 3762; x_wconf 65' lang='grc' dir='ltr'>ἐπισκέψεως</span> <span class='ocrx_word' id='word_1_479' title='bbox 871 3691 1031 3746; x_wconf 73' lang='grc' dir='ltr'><strong>τοῦτο</strong></span> <span class='ocrx_word' id='word_1_480' title='bbox 1063 3692 1365 3763; x_wconf 81' lang='grc' dir='ltr'>τεκμήριον</span> <span class='ocrx_word' id='word_1_481' title='bbox 1414 3691 1625 3760; x_wconf 73' lang='grc' dir='ltr'>γέγονε.</span> <span class='ocrx_word' id='word_1_482' title='bbox 1658 3690 1794 3743; x_wconf 84' lang='grc' dir='ltr'>Ποτὲ</span> <span class='ocrx_word' id='word_1_483' title='bbox 1838 3690 1937 3760; x_wconf 83' lang='grc' dir='ltr'><strong>μὲν</strong></span> 
     </span>
    </p>
   </div>
   <div class='ocr_carea' id='block_1_68' title="bbox 354 3780 1939 3856">
    <p class='ocr_par' dir='ltr' id='par_1_68' title="bbox 354 3780 1939 3856">
     <span class='ocr_line' id='line_1_68' title="bbox 354 3780 1939 3856; baseline -0.002 -20"><span class='ocrx_word' id='word_1_484' title='bbox 354 3784 468 3856; x_wconf 78' lang='grc' dir='ltr'><strong>γὰρ</strong></span> <span class='ocrx_word' id='word_1_485' title='bbox 496 3783 667 3855; x_wconf 76' lang='grc' dir='ltr'>ὀργῆς</span> <span class='ocrx_word' id='word_1_486' title='bbox 701 3787 819 3838; x_wconf 87' lang='grc' dir='ltr'>ἐστι</span> <span class='ocrx_word' id='word_1_487' title='bbox 847 3784 1026 3839; x_wconf 81' lang='grc' dir='ltr'><strong>τοῦτο’</strong></span> <span class='ocrx_word' id='word_1_488' title='bbox 1063 3785 1193 3839; x_wconf 84' lang='grc' dir='ltr'><strong>ποτὲ</strong></span> <span class='ocrx_word' id='word_1_489' title='bbox 1222 3785 1279 3839; x_wconf 81' lang='grc' dir='ltr'><strong>δὲ</strong></span> <span class='ocrx_word' id='word_1_490' title='bbox 1307 3783 1673 3854; x_wconf 72' lang='grc' dir='ltr'><strong>ἐπισκέψεως.</strong></span> <span class='ocrx_word' id='word_1_491' title='bbox 1697 3780 1939 3852; x_wconf 78' lang='grc' dir='ltr'><strong>ηὔχοντο</strong></span> 
     </span>
    </p>
   </div>
   <div class='ocr_carea' id='block_1_69' title="bbox 351 3871 1937 3947">
    <p class='ocr_par' dir='ltr' id='par_1_69' title="bbox 351 3871 1937 3947">
     <span class='ocr_line' id='line_1_69' title="bbox 351 3871 1937 3947; baseline -0.004 -18"><span class='ocrx_word' id='word_1_492' title='bbox 351 3874 412 3929; x_wconf 72' lang='grc' dir='ltr'><strong>δέ</strong></span> <span class='ocrx_word' id='word_1_493' title='bbox 443 3876 493 3929; x_wconf 79' lang='grc' dir='ltr'><strong>οἱ</strong></span> <span class='ocrx_word' id='word_1_494' title='bbox 526 3876 839 3930; x_wconf 81' lang='grc' dir='ltr'><strong>ἀπόστολοι⁸</strong></span> <span class='ocrx_word' id='word_1_495' title='bbox 885 3877 1005 3947; x_wconf 76' lang='grc' dir='ltr'>οὐχὶ</span> <span class='ocrx_word' id='word_1_496' title='bbox 1027 3876 1184 3930; x_wconf 79' lang='grc' dir='ltr'>αὐτοὶ</span> <span class='ocrx_word' id='word_1_497' title='bbox 1218 3873 1653 3946; x_wconf 81' lang='grc' dir='ltr'>παραιτούμενοι</span> <span class='ocrx_word' id='word_1_498' title='bbox 1678 3871 1937 3942; x_wconf 78' lang='grc' dir='ltr'>δυσχερές</span> 
     </span>
    </p>
   </div>
   <div class='ocr_carea' id='block_1_70' title="bbox 352 3963 1938 4041">
    <p class='ocr_par' dir='ltr' id='par_1_70' title="bbox 352 3963 1938 4041">
     <span class='ocr_line' id='line_1_70' title="bbox 352 3963 1938 4041; baseline -0.003 -21"><span class='ocrx_word' id='word_1_499' title='bbox 352 3985 409 4021; x_wconf 85' lang='grc' dir='ltr'>τι</span> <span class='ocrx_word' id='word_1_500' title='bbox 459 3967 688 4024; x_wconf 83' lang='grc' dir='ltr'>παθεῖν·</span> <span class='ocrx_word' id='word_1_501' title='bbox 730 3969 869 4023; x_wconf 82' lang='grc' dir='ltr'>ἀλλὰ</span> <span class='ocrx_word' id='word_1_502' title='bbox 907 3970 1037 4041; x_wconf 81' lang='grc' dir='ltr'>περὶ</span> <span class='ocrx_word' id='word_1_503' title='bbox 1082 3968 1178 4023; x_wconf 84' lang='grc' dir='ltr'><strong>τοῦ</strong></span> <span class='ocrx_word' id='word_1_504' title='bbox 1231 3967 1611 4039; x_wconf 74' lang='grc' dir='ltr'>κηρύγματος.</span> <span class='ocrx_word' id='word_1_505' title='bbox 1646 3966 1747 4020; x_wconf 71' lang='grc' dir='ltr'><strong>Διὰ</strong></span> <span class='ocrx_word' id='word_1_506' title='bbox 1798 3963 1851 4017; x_wconf 79' lang='grc' dir='ltr'><strong>τί</strong></span> <span class='ocrx_word' id='word_1_507' title='bbox 1880 3963 1938 4017; x_wconf 85' lang='grc' dir='ltr'>δὲ</span> 
     </span>
    </p>
   </div>
   <div class='ocr_carea' id='block_1_71' title="bbox 355 4054 1941 4129">
    <p class='ocr_par' dir='ltr' id='par_1_71' title="bbox 355 4054 1941 4129">
     <span class='ocr_line' id='line_1_71' title="bbox 355 4054 1941 4129; baseline -0.001 -18"><span class='ocrx_word' id='word_1_508' title='bbox 355 4058 573 4113; x_wconf 77' lang='grc' dir='ltr'>ἔσεισεν</span> <span class='ocrx_word' id='word_1_509' title='bbox 634 4060 664 4114; x_wconf 80' lang='grc' dir='ltr'><strong>ὁ</strong></span> <span class='ocrx_word' id='word_1_510' title='bbox 718 4059 854 4123; x_wconf 82' lang='grc' dir='ltr'>Θεὸς</span> <span class='ocrx_word' id='word_1_511' title='bbox 885 4060 978 4114; x_wconf 77' lang='grc' dir='ltr'><strong>τὸν</strong></span> <span class='ocrx_word' id='word_1_512' title='bbox 1021 4054 1206 4127; x_wconf 74' lang='grc' dir='ltr'>οἷκονς</span> <span class='ocrx_word' id='word_1_513' title='bbox 1249 4058 1432 4129; x_wconf 79' lang='grc' dir='ltr'>φοϐῶν</span> <span class='ocrx_word' id='word_1_514' title='bbox 1476 4057 1575 4127; x_wconf 77' lang='grc' dir='ltr'><strong>μὲν</strong></span> <span class='ocrx_word' id='word_1_515' title='bbox 1602 4058 1727 4119; x_wconf 81' lang='grc' dir='ltr'>τοὺς</span> <span class='ocrx_word' id='word_1_516' title='bbox 1783 4056 1941 4110; x_wconf 84' lang='grc' dir='ltr'>ἀπει-</span> 
     </span>
    </p>
   </div>
   <div class='ocr_carea' id='block_1_72' title="bbox 355 4147 1935 4221">
    <p class='ocr_par' dir='ltr' id='par_1_72' title="bbox 355 4147 1935 4221">
     <span class='ocr_line' id='line_1_72' title="bbox 355 4147 1935 4221; baseline 0.001 -20"><span class='ocrx_word' id='word_1_517' title='bbox 355 4148 606 4214; x_wconf 72' lang='grc' dir='ltr'>λοῦντας*</span> <span class='ocrx_word' id='word_1_518' title='bbox 636 4151 717 4215; x_wconf 79' lang='grc' dir='ltr'><strong>εἰς</strong></span> <span class='ocrx_word' id='word_1_519' title='bbox 766 4150 969 4221; x_wconf 78' lang='grc' dir='ltr'>θάρσος</span> <span class='ocrx_word' id='word_1_520' title='bbox 1001 4150 1059 4203; x_wconf 85' lang='grc' dir='ltr'><strong>δὲ</strong></span> <span class='ocrx_word' id='word_1_521' title='bbox 1093 4150 1313 4217; x_wconf 74' lang='grc' dir='ltr'><strong>ἀνάγων</strong></span> <span class='ocrx_word' id='word_1_522' title='bbox 1337 4148 1383 4180; x_wconf 82' lang='grc'><em>³³</em></span> <span class='ocrx_word' id='word_1_523' title='bbox 1418 4148 1545 4210; x_wconf 80' lang='grc' dir='ltr'>τοὺς</span> <span class='ocrx_word' id='word_1_524' title='bbox 1574 4147 1935 4212; x_wconf 70' lang='grc' dir='ltr'>ἀποστόλους·</span> 
     </span>
    </p>
   </div>
   <div class='ocr_carea' id='block_1_73' title="bbox 355 4237 1937 4313">
    <p class='ocr_par' dir='ltr' id='par_1_73' title="bbox 355 4237 1937 4313">
     <span class='ocr_line' id='line_1_73' title="bbox 355 4237 1937 4313; baseline -0.002 -19"><span class='ocrx_word' id='word_1_525' title='bbox 355 4240 548 4309; x_wconf 79' lang='grc' dir='ltr'>ἐπειδὴ</span> <span class='ocrx_word' id='word_1_526' title='bbox 599 4241 745 4312; x_wconf 81' lang='grc' dir='ltr'><strong>ἀρχὴ</strong></span> <span class='ocrx_word' id='word_1_527' title='bbox 795 4237 887 4313; x_wconf 76' lang='grc' dir='ltr'><strong>ἦν,</strong></span> <span class='ocrx_word' id='word_1_528' title='bbox 944 4241 1063 4306; x_wconf 77' lang='grc' dir='ltr'>καὶ,</span> <span class='ocrx_word' id='word_1_529' title='bbox 1109 4237 1372 4310; x_wconf 74' lang='grc' dir='ltr'>αἰσθητοῦ</span> <span class='ocrx_word' id='word_1_530' title='bbox 1430 4237 1638 4292; x_wconf 80' lang='grc' dir='ltr'><strong>ἐδέοντο</strong></span> <span class='ocrx_word' id='word_1_531' title='bbox 1686 4239 1937 4309; x_wconf 79' lang='grc' dir='ltr'><strong>σημείου.</strong></span> 
     </span>
    </p>
   </div>
   <div class='ocr_carea' id='block_1_74' title="bbox 369 4328 1940 4400">
    <p class='ocr_par' dir='ltr' id='par_1_74' title="bbox 369 4328 1940 4400">
     <span class='ocr_line' id='line_1_74' title="bbox 369 4328 1940 4400; baseline -0.001 -15"><span class='ocrx_word' id='word_1_532' title='bbox 369 4331 673 4399; x_wconf 80' lang='grc' dir='ltr'>Ἐσαλεύθη</span> <span class='ocrx_word' id='word_1_533' title='bbox 708 4328 803 4386; x_wconf 73' lang='grc' dir='ltr'><strong>οὖν</strong></span> <span class='ocrx_word' id='word_1_534' title='bbox 829 4336 859 4385; x_wconf 84' lang='grc' dir='ltr'>ὁ</span> <span class='ocrx_word' id='word_1_535' title='bbox 892 4331 1054 4395; x_wconf 89' lang='grc' dir='ltr'>τόπος</span> <span class='ocrx_word' id='word_1_536' title='bbox 1114 4332 1210 4386; x_wconf 77' lang='grc' dir='ltr'><strong>καὶ</strong></span> <span class='ocrx_word' id='word_1_537' title='bbox 1243 4328 1444 4400; x_wconf 83' lang='grc' dir='ltr'>μᾶλλον</span> <span class='ocrx_word' id='word_1_538' title='bbox 1477 4329 1809 4398; x_wconf 85' lang='grc' dir='ltr'>ἐστερέωσεν</span> <span class='ocrx_word' id='word_1_539' title='bbox 1839 4329 1940 4383; x_wconf 85' lang='grc' dir='ltr'>αὑ-</span> 
     </span>
    </p>
   </div>
   <div class='ocr_carea' id='block_1_75' title="bbox 363 4422 1938 4497">
    <p class='ocr_par' dir='ltr' id='par_1_75' title="bbox 363 4422 1938 4497">
     <span class='ocr_line' id='line_1_75' title="bbox 363 4422 1938 4497; baseline -0.003 -19"><span class='ocrx_word' id='word_1_540' title='bbox 363 4425 518 4490; x_wconf 85' lang='grc' dir='ltr'>τούς.</span> <span class='ocrx_word' id='word_1_541' title='bbox 555 4426 666 4479; x_wconf 76' lang='grc' dir='ltr'><strong>Καὶ</strong></span> <span class='ocrx_word' id='word_1_542' title='bbox 711 4425 1063 4497; x_wconf 76' lang='grc' dir='ltr'>ἐπλήσθησαν</span> <span class='ocrx_word' id='word_1_543' title='bbox 1116 4425 1355 4487; x_wconf 72' lang='grc' dir='ltr'>ἅπαντες</span> <span class='ocrx_word' id='word_1_544' title='bbox 1402 4423 1718 4493; x_wconf 83' lang='grc' dir='ltr'>Πνεύματος</span> <span class='ocrx_word' id='word_1_545' title='bbox 1757 4422 1938 4491; x_wconf 81' lang='grc' dir='ltr'><strong>ἁγίου·</strong></span> 
     </span>
    </p>
   </div>
   <div class='ocr_carea' id='block_1_76' title="bbox 2044 3231 3621 3288">
    <p class='ocr_par' dir='ltr' id='par_1_76' title="bbox 2044 3231 3621 3288">
     <span class='ocr_line' id='line_1_76' title="bbox 2044 3231 3621 3288; baseline -0.001 0"><span class='ocrx_word' id='word_1_546' title='bbox 2044 3248 2242 3288; x_wconf 84' lang='lat' dir='ltr'><strong>manus</strong></span> <span class='ocrx_word' id='word_1_547' title='bbox 2281 3242 2397 3286; x_wconf 88' lang='lat' dir='ltr'><strong>tua.</strong></span> <span class='ocrx_word' id='word_1_548' title='bbox 2435 3231 2531 3286; x_wconf 91' lang='lat' dir='ltr'><strong>llic</strong></span> <span class='ocrx_word' id='word_1_549' title='bbox 2563 3233 2697 3287; x_wconf 86' lang='lat' dir='ltr'><strong>mihi</strong></span> <span class='ocrx_word' id='word_1_550' title='bbox 2733 3247 2846 3288; x_wconf 83' lang='lat' dir='ltr'><strong>rem</strong></span> <span class='ocrx_word' id='word_1_551' title='bbox 2885 3231 3131 3287; x_wconf 84' lang='lat' dir='ltr'><strong>eamdem</strong></span> <span class='ocrx_word' id='word_1_552' title='bbox 3177 3232 3362 3288; x_wconf 88' lang='lat' dir='ltr'><strong>dicere</strong></span> <span class='ocrx_word' id='word_1_553' title='bbox 3408 3233 3621 3287; x_wconf 86' lang='lat' dir='ltr'><strong>videtur</strong></span> 
     </span>
    </p>
   </div>
   <div class='ocr_carea' id='block_1_77' title="bbox 2044 3323 3623 3395">
    <p class='ocr_par' dir='ltr' id='par_1_77' title="bbox 2044 3323 3623 3395">
     <span class='ocr_line' id='line_1_77' title="bbox 2044 3323 3623 3395; baseline -0.001 -16"><span class='ocrx_word' id='word_1_554' title='bbox 2044 3340 2139 3395; x_wconf 91' lang='lat' dir='ltr'><strong>per</strong></span> <span class='ocrx_word' id='word_1_555' title='bbox 2165 3325 2468 3395; x_wconf 87' lang='lat' dir='ltr'><strong>potentiam</strong></span> <span class='ocrx_word' id='word_1_556' title='bbox 2500 3332 2555 3379; x_wconf 90' lang='lat' dir='ltr'><strong>et</strong></span> <span class='ocrx_word' id='word_1_557' title='bbox 2585 3325 2948 3389; x_wconf 76' lang='lat' dir='ltr'><strong>voluntatem,</strong></span> <span class='ocrx_word' id='word_1_558' title='bbox 2971 3324 3099 3391; x_wconf 88' lang='lat' dir='ltr'><strong>quia</strong></span> <span class='ocrx_word' id='word_1_559' title='bbox 3129 3323 3330 3379; x_wconf 78' lang='lat' dir='ltr'><strong>suﬁicit</strong></span> <span class='ocrx_word' id='word_1_560' title='bbox 3384 3331 3436 3379; x_wconf 91' lang='lat' dir='ltr'><strong>te</strong></span> <span class='ocrx_word' id='word_1_561' title='bbox 3477 3325 3623 3379; x_wconf 84' lang='lat' dir='ltr'><strong>dun-</strong></span> 
     </span>
    </p>
   </div>
   <div class='ocr_carea' id='block_1_78' title="bbox 2042 3414 3621 3487">
    <p class='ocr_par' dir='ltr' id='par_1_78' title="bbox 2042 3414 3621 3487">
     <span class='ocr_line' id='line_1_78' title="bbox 2042 3414 3621 3487; baseline -0.001 -16"><span class='ocrx_word' id='word_1_562' title='bbox 2042 3416 2473 3472; x_wconf 79' lang='lat' dir='ltr'><strong>taxatvoluisse.</strong></span> <span class='ocrx_word' id='word_1_563' title='bbox 2511 3414 2684 3472; x_wconf 87' lang='lat' dir='ltr'><strong>Nemo</strong></span> <span class='ocrx_word' id='word_1_564' title='bbox 2732 3417 2879 3472; x_wconf 91' lang='lat' dir='ltr'><strong>enim</strong></span> <span class='ocrx_word' id='word_1_565' title='bbox 2932 3416 3139 3471; x_wconf 78' lang='lat' dir='ltr'><strong>viribus</strong></span> <span class='ocrx_word' id='word_1_566' title='bbox 3172 3424 3336 3487; x_wconf 87' lang='lat' dir='ltr'><strong>atque</strong></span> <span class='ocrx_word' id='word_1_567' title='bbox 3372 3416 3621 3487; x_wconf 79' lang='lat' dir='ltr'><strong>potentia</strong></span> 
     </span>
    </p>
   </div>
   <div class='ocr_carea' id='block_1_79' title="bbox 2041 3507 3624 3581">
    <p class='ocr_par' dir='ltr' id='par_1_79' title="bbox 2041 3507 3624 3581">
     <span class='ocr_line' id='line_1_79' title="bbox 2041 3507 3624 3581; baseline 0 -18"><span class='ocrx_word' id='word_1_568' title='bbox 2041 3507 2155 3581; x_wconf 67' lang='grc'><strong>48</strong></span> <span class='ocrx_word' id='word_1_569' title='bbox 2193 3508 2491 3579; x_wconf 69' lang='lat' dir='ltr'><strong>praestituit</strong></span> <span class='ocrx_word' id='word_1_570' title='bbox 2517 3516 2683 3579; x_wconf 86' lang='lat' dir='ltr'><strong>atque</strong></span> <span class='ocrx_word' id='word_1_571' title='bbox 2712 3508 3088 3579; x_wconf 76' lang='lat' dir='ltr'><strong>praedestinat.</strong></span> <span class='ocrx_word' id='word_1_572' title='bbox 3130 3507 3185 3564; x_wconf 90' lang='lat' dir='ltr'><strong>Id</strong></span> <span class='ocrx_word' id='word_1_573' title='bbox 3215 3516 3304 3564; x_wconf 87' lang='lat' dir='ltr'><strong>est</strong></span> <span class='ocrx_word' id='word_1_574' title='bbox 3357 3524 3624 3579; x_wconf 67' lang='lat' dir='ltr'><strong>quacun-</strong></span> 
     </span>
    </p>
   </div>
   <div class='ocr_carea' id='block_1_80' title="bbox 2044 3596 3618 3669">
    <p class='ocr_par' dir='ltr' id='par_1_80' title="bbox 2044 3596 3618 3669">
     <span class='ocr_line' id='line_1_80' title="bbox 2044 3596 3618 3669; baseline 0.001 -17"><span class='ocrx_word' id='word_1_575' title='bbox 2044 3614 2151 3669; x_wconf 91' lang='lat' dir='ltr'><strong>que</strong></span> <span class='ocrx_word' id='word_1_576' title='bbox 2172 3598 2513 3655; x_wconf 88' lang='lat' dir='ltr'><strong>constituisti</strong></span> <span class='ocrx_word' id='word_1_577' title='bbox 2548 3607 2715 3669; x_wconf 88' lang='lat' dir='ltr'><strong>atque</strong></span> <span class='ocrx_word' id='word_1_578' title='bbox 2757 3597 3072 3654; x_wconf 80' lang='lat' dir='ltr'><strong>decrevisti.</strong></span> <span class='ocrx_word' id='word_1_579' title='bbox 3118 3596 3184 3651; x_wconf 86' lang='lat' dir='ltr'><strong>Et</strong></span> <span class='ocrx_word' id='word_1_580' title='bbox 3217 3613 3366 3654; x_wconf 82' lang='lat' dir='ltr'><strong>nunc</strong></span> <span class='ocrx_word' id='word_1_581' title='bbox 3409 3598 3618 3668; x_wconf 86' lang='lat' dir='ltr'><strong>aspice.</strong></span> 
     </span>
    </p>
   </div>
   <div class='ocr_carea' id='block_1_81' title="bbox 2042 3691 3621 3760">
    <p class='ocr_par' dir='ltr' id='par_1_81' title="bbox 2042 3691 3621 3760">
     <span class='ocr_line' id='line_1_81' title="bbox 2042 3691 3621 3760; baseline 0 -13"><span class='ocrx_word' id='word_1_582' title='bbox 2042 3691 2454 3758; x_wconf 79' lang='lat' dir='ltr'><strong>Animadverte,</strong></span> <span class='ocrx_word' id='word_1_583' title='bbox 2512 3707 2623 3747; x_wconf 90' lang='lat' dir='ltr'><strong>nou</strong></span> <span class='ocrx_word' id='word_1_584' title='bbox 2675 3691 2834 3756; x_wconf 81' lang='lat' dir='ltr'><strong>dixit,</strong></span> <span class='ocrx_word' id='word_1_585' title='bbox 2901 3691 3185 3760; x_wconf 88' lang='lat' dir='ltr'><strong>disrumpe</strong></span> <span class='ocrx_word' id='word_1_586' title='bbox 3234 3704 3353 3755; x_wconf 85' lang='lat' dir='ltr'><strong>eos,</strong></span> <span class='ocrx_word' id='word_1_587' title='bbox 3406 3700 3461 3745; x_wconf 83' lang='lat' dir='ltr'><strong>et</strong></span> <span class='ocrx_word' id='word_1_588' title='bbox 3518 3691 3621 3747; x_wconf 79' lang='lat' dir='ltr'><strong>feri</strong></span> 
     </span>
    </p>
   </div>
   <div class='ocr_carea' id='block_1_82' title="bbox 2043 3778 3622 3853">
    <p class='ocr_par' dir='ltr' id='par_1_82' title="bbox 2043 3778 3622 3853">
     <span class='ocr_line' id='line_1_82' title="bbox 2043 3778 3622 3853; baseline -0.003 -15"><span class='ocrx_word' id='word_1_589' title='bbox 2043 3792 2209 3853; x_wconf 86' lang='lat' dir='ltr'><strong>atque</strong></span> <span class='ocrx_word' id='word_1_590' title='bbox 2263 3791 2552 3853; x_wconf 75' lang='lat' dir='ltr'><strong>prosterno</strong></span> <span class='ocrx_word' id='word_1_591' title='bbox 2604 3795 2723 3847; x_wconf 87' lang='lat' dir='ltr'><strong>eos,</strong></span> <span class='ocrx_word' id='word_1_592' title='bbox 2804 3780 2896 3836; x_wconf 87' lang='lat' dir='ltr'><strong>sed</strong></span> <span class='ocrx_word' id='word_1_593' title='bbox 2957 3778 3137 3849; x_wconf 83' lang='lat' dir='ltr'><strong>quid?</strong></span> <span class='ocrx_word' id='word_1_594' title='bbox 3186 3779 3387 3849; x_wconf 83' lang='lat' dir='ltr'><strong>Aspice</strong></span> <span class='ocrx_word' id='word_1_595' title='bbox 3442 3779 3622 3835; x_wconf 85' lang='lat' dir='ltr'><strong>minas</strong></span> 
     </span>
    </p>
   </div>
   <div class='ocr_carea' id='block_1_83' title="bbox 2044 3868 3622 3936">
    <p class='ocr_par' dir='ltr' id='par_1_83' title="bbox 2044 3868 3622 3936">
     <span class='ocr_line' id='line_1_83' title="bbox 2044 3868 3622 3936; baseline -0.004 -7"><span class='ocrx_word' id='word_1_596' title='bbox 2044 3888 2261 3936; x_wconf 89' lang='lat' dir='ltr'><strong>eorum,</strong></span> <span class='ocrx_word' id='word_1_597' title='bbox 2326 3880 2381 3928; x_wconf 90' lang='lat' dir='ltr'><strong>et</strong></span> <span class='ocrx_word' id='word_1_598' title='bbox 2438 3872 2509 3926; x_wconf 89' lang='lat' dir='ltr'><strong>da</strong></span> <span class='ocrx_word' id='word_1_599' title='bbox 2538 3870 2715 3926; x_wconf 79' lang='lat' dir='ltr'><strong>servis</strong></span> <span class='ocrx_word' id='word_1_600' title='bbox 2769 3869 2880 3927; x_wconf 86' lang='lat' dir='ltr'><strong>tuis</strong></span> <span class='ocrx_word' id='word_1_601' title='bbox 2929 3868 3099 3925; x_wconf 83' lang='lat' dir='ltr'><strong>libere</strong></span> <span class='ocrx_word' id='word_1_602' title='bbox 3146 3868 3328 3936; x_wconf 84' lang='lat' dir='ltr'><strong>eloqui</strong></span> <span class='ocrx_word' id='word_1_603' title='bbox 3389 3869 3622 3923; x_wconf 77' lang='lat' dir='ltr'><strong>verbum</strong></span> 
     </span>
    </p>
   </div>
   <div class='ocr_carea' id='block_1_84' title="bbox 2046 3958 3619 4032">
    <p class='ocr_par' dir='ltr' id='par_1_84' title="bbox 2046 3958 3619 4032">
     <span class='ocr_line' id='line_1_84' title="bbox 2046 3958 3619 4032; baseline -0.004 -10"><span class='ocrx_word' id='word_1_604' title='bbox 2046 3975 2227 4022; x_wconf 86' lang='lat' dir='ltr'><strong>tuum.</strong></span> <span class='ocrx_word' id='word_1_605' title='bbox 2258 3962 2325 4019; x_wconf 85' lang='lat' dir='ltr'><strong>Et</strong></span> <span class='ocrx_word' id='word_1_606' title='bbox 2348 3962 2521 4018; x_wconf 75' lang='lat' dir='ltr'><strong>[initis</strong></span> <span class='ocrx_word' id='word_1_607' title='bbox 2552 3961 2810 4032; x_wconf 85' lang='lat' dir='ltr'><strong>precibus</strong></span> <span class='ocrx_word' id='word_1_608' title='bbox 2832 3974 3051 4025; x_wconf 89' lang='lat' dir='ltr'><strong>eorum,</strong></span> <span class='ocrx_word' id='word_1_609' title='bbox 3103 3967 3288 4014; x_wconf 82' lang='lat' dir='ltr'><strong>motus</strong></span> <span class='ocrx_word' id='word_1_610' title='bbox 3318 3968 3404 4014; x_wconf 89' lang='lat' dir='ltr'><strong>est</strong></span> <span class='ocrx_word' id='word_1_611' title='bbox 3443 3958 3619 4027; x_wconf 86' lang='lat' dir='ltr'><strong>locus,</strong></span> 
     </span>
    </p>
   </div>
   <div class='ocr_carea' id='block_1_85' title="bbox 2046 4049 3625 4128">
    <p class='ocr_par' dir='ltr' id='par_1_85' title="bbox 2046 4049 3625 4128">
     <span class='ocr_line' id='line_1_85' title="bbox 2046 4049 3625 4128; baseline -0.004 -13"><span class='ocrx_word' id='word_1_612' title='bbox 2046 4060 2102 4115; x_wconf 91' lang='lat' dir='ltr'><strong>in</strong></span> <span class='ocrx_word' id='word_1_613' title='bbox 2123 4072 2234 4128; x_wconf 91' lang='lat' dir='ltr'><strong>quo</strong></span> <span class='ocrx_word' id='word_1_614' title='bbox 2275 4063 2434 4112; x_wconf 86' lang='lat' dir='ltr'><strong>erant</strong></span> <span class='ocrx_word' id='word_1_615' title='bbox 2478 4052 2823 4122; x_wconf 74' lang='lat' dir='ltr'><strong>congregati.</strong></span> <span class='ocrx_word' id='word_1_616' title='bbox 2867 4049 2985 4107; x_wconf 83' lang='lat' dir='ltr'><strong>Hoc</strong></span> <span class='ocrx_word' id='word_1_617' title='bbox 3047 4050 3465 4123; x_wconf 74' lang='lat' dir='ltr'><strong>signiﬁcabatur</strong></span> <span class='ocrx_word' id='word_1_618' title='bbox 3524 4067 3625 4108; x_wconf 81' lang='lat' dir='ltr'><strong>eos</strong></span> 
     </span>
    </p>
   </div>
   <div class='ocr_carea' id='block_1_86' title="bbox 2046 4139 3626 4207">
    <p class='ocr_par' dir='ltr' id='par_1_86' title="bbox 2046 4139 3626 4207">
     <span class='ocr_line' id='line_1_86' title="bbox 2046 4139 3626 4207; baseline -0.007 0"><span class='ocrx_word' id='word_1_619' title='bbox 2046 4148 2339 4207; x_wconf 75' lang='lat' dir='ltr'><strong>exauditos</strong></span> <span class='ocrx_word' id='word_1_620' title='bbox 2365 4154 2480 4203; x_wconf 87' lang='lat' dir='ltr'><strong>eta</strong></span> <span class='ocrx_word' id='word_1_621' title='bbox 2541 4142 2653 4199; x_wconf 90' lang='lat' dir='ltr'><strong>Deo</strong></span> <span class='ocrx_word' id='word_1_622' title='bbox 2708 4142 2962 4198; x_wconf 83' lang='lat' dir='ltr'><strong>visitatos</strong></span> <span class='ocrx_word' id='word_1_623' title='bbox 3009 4155 3156 4197; x_wconf 86' lang='lat' dir='ltr'><strong>esse.</strong></span> <span class='ocrx_word' id='word_1_624' title='bbox 3186 4139 3322 4195; x_wconf 84' lang='lat' dir='ltr'><strong>Nam</strong></span> <span class='ocrx_word' id='word_1_625' title='bbox 3385 4140 3436 4194; x_wconf 89' lang='lat' dir='ltr'><strong>id</strong></span> <span class='ocrx_word' id='word_1_626' title='bbox 3485 4140 3626 4196; x_wconf 86' lang='lat' dir='ltr'><strong>alias</strong></span> 
     </span>
    </p>
   </div>
   <div class='ocr_carea' id='block_1_87' title="bbox 2046 4231 3623 4312">
    <p class='ocr_par' dir='ltr' id='par_1_87' title="bbox 2046 4231 3623 4312">
     <span class='ocr_line' id='line_1_87' title="bbox 2046 4231 3623 4312; baseline -0.006 -17"><span class='ocrx_word' id='word_1_627' title='bbox 2046 4238 2268 4312; x_wconf 88' lang='lat' dir='ltr'><strong>quidem</strong></span> <span class='ocrx_word' id='word_1_628' title='bbox 2292 4236 2422 4302; x_wconf 82' lang='lat' dir='ltr'><strong>irae,</strong></span> <span class='ocrx_word' id='word_1_629' title='bbox 2485 4247 2884 4305; x_wconf 82' lang='lat' dir='ltr'><strong>nonnunquam</strong></span> <span class='ocrx_word' id='word_1_630' title='bbox 2944 4231 3107 4288; x_wconf 88' lang='lat' dir='ltr'><strong>etiam</strong></span> <span class='ocrx_word' id='word_1_631' title='bbox 3166 4231 3501 4288; x_wconf 80' lang='lat' dir='ltr'><strong>visitatiouis</strong></span> <span class='ocrx_word' id='word_1_632' title='bbox 3537 4239 3623 4287; x_wconf 87' lang='lat' dir='ltr'><strong>cst</strong></span> 
     </span>
    </p>
   </div>
   <div class='ocr_carea' id='block_1_88' title="bbox 2048 4320 3622 4400">
    <p class='ocr_par' dir='ltr' id='par_1_88' title="bbox 2048 4320 3622 4400">
     <span class='ocr_line' id='line_1_88' title="bbox 2048 4320 3622 4400; baseline -0.006 -16"><span class='ocrx_word' id='word_1_633' title='bbox 2048 4329 2288 4400; x_wconf 72' lang='lat' dir='ltr'><strong>signum.</strong></span> <span class='ocrx_word' id='word_1_634' title='bbox 2318 4324 2565 4381; x_wconf 88' lang='lat' dir='ltr'><strong>Orabant</strong></span> <span class='ocrx_word' id='word_1_635' title='bbox 2607 4331 2792 4377; x_wconf 88' lang='lat' dir='ltr'><strong>autem</strong></span> <span class='ocrx_word' id='word_1_636' title='bbox 2833 4320 3092 4392; x_wconf 88' lang='lat' dir='ltr'><strong>apostoli,</strong></span> <span class='ocrx_word' id='word_1_637' title='bbox 3139 4335 3248 4376; x_wconf 88' lang='lat' dir='ltr'><strong>non</strong></span> <span class='ocrx_word' id='word_1_638' title='bbox 3300 4331 3622 4377; x_wconf 85' lang='lat' dir='ltr'><strong>recusantes</strong></span> 
     </span>
    </p>
   </div>
   <div class='ocr_carea' id='block_1_89' title="bbox 2049 4412 3624 4489">
    <p class='ocr_par' dir='ltr' id='par_1_89' title="bbox 2049 4412 3624 4489">
     <span class='ocr_line' id='line_1_89' title="bbox 2049 4412 3624 4489; baseline -0.006 -13"><span class='ocrx_word' id='word_1_639' title='bbox 2049 4436 2114 4477; x_wconf 91' lang='lat' dir='ltr'><strong>ac</strong></span> <span class='ocrx_word' id='word_1_640' title='bbox 2160 4420 2543 4489; x_wconf 85' lang='lat' dir='ltr'><strong>deprecantes,</strong></span> <span class='ocrx_word' id='word_1_641' title='bbox 2598 4429 2668 4469; x_wconf 92' lang='lat' dir='ltr'><strong>ne</strong></span> <span class='ocrx_word' id='word_1_642' title='bbox 2714 4413 2845 4485; x_wconf 82' lang='lat' dir='ltr'><strong>quid</strong></span> <span class='ocrx_word' id='word_1_643' title='bbox 2900 4412 3034 4483; x_wconf 87' lang='lat' dir='ltr'><strong>ipsis</strong></span> <span class='ocrx_word' id='word_1_644' title='bbox 3078 4412 3355 4468; x_wconf 85' lang='lat' dir='ltr'><strong>accideret</strong></span> <span class='ocrx_word' id='word_1_645' title='bbox 3414 4414 3624 4468; x_wconf 85' lang='lat' dir='ltr'><strong>incom-</strong></span> 
     </span>
    </p>
   </div>
   <div class='ocr_carea' id='block_1_90' title="bbox 365 4503 1934 4592">
    <p class='ocr_par' dir='ltr' id='par_1_90' title="bbox 365 4513 1934 4589">
     <span class='ocr_line' id='line_1_90' title="bbox 365 4513 1934 4589; baseline -0.002 -21"><span class='ocrx_word' id='word_1_646' title='bbox 365 4516 675 4582; x_wconf 77' lang='grc' dir='ltr'>τουτέστιν,</span> <span class='ocrx_word' id='word_1_647' title='bbox 733 4516 1240 4589; x_wconf 75' lang='grc' dir='ltr'>ἀνεξωπυρήθησαν</span> <span class='ocrx_word' id='word_1_648' title='bbox 1266 4554 1284 4583; x_wconf 89' lang='grc'><strong><em>,</em></strong></span> <span class='ocrx_word' id='word_1_649' title='bbox 1360 4514 1456 4568; x_wconf 73' lang='grc' dir='ltr'><strong>καὶ</strong></span> <span class='ocrx_word' id='word_1_650' title='bbox 1517 4513 1832 4570; x_wconf 81' lang='grc' dir='ltr'>ἁνεκαιοντο</span> <span class='ocrx_word' id='word_1_651' title='bbox 1879 4514 1934 4566; x_wconf 91' lang='grc' dir='ltr'><strong>ἐν</strong></span> 
     </span>
    </p>
   </div>
   <div class='ocr_carea' id='block_1_91' title="bbox 2041 4503 3621 4592">
    <p class='ocr_par' dir='ltr' id='par_1_91' title="bbox 2051 4503 3621 4574">
     <span class='ocr_line' id='line_1_91' title="bbox 2051 4503 3621 4574; baseline -0.006 -6"><span class='ocrx_word' id='word_1_652' title='bbox 2051 4512 2235 4568; x_wconf 85' lang='lat' dir='ltr'><strong>modi:</strong></span> <span class='ocrx_word' id='word_1_653' title='bbox 2291 4508 2389 4565; x_wconf 86' lang='lat' dir='ltr'><strong>sed</strong></span> <span class='ocrx_word' id='word_1_654' title='bbox 2425 4507 2749 4563; x_wconf 86' lang='lat' dir='ltr'><strong>laborabant</strong></span> <span class='ocrx_word' id='word_1_655' title='bbox 2799 4505 2866 4560; x_wconf 89' lang='lat' dir='ltr'><strong>de</strong></span> <span class='ocrx_word' id='word_1_656' title='bbox 2924 4503 3330 4574; x_wconf 77' lang='lat' dir='ltr'><strong>praedicatione.</strong></span> <span class='ocrx_word' id='word_1_657' title='bbox 3380 4503 3489 4559; x_wconf 77' lang='lat' dir='ltr'><strong>Sed</strong></span> <span class='ocrx_word' id='word_1_658' title='bbox 3520 4520 3621 4559; x_wconf 89' lang='lat' dir='ltr'><strong>cur</strong></span> 
     </span>
    </p>
   </div>
   <div class='ocr_carea' id='block_1_92' title="bbox 357 4607 929 4680">
    <p class='ocr_par' dir='ltr' id='par_1_92' title="bbox 357 4607 929 4680">
     <span class='ocr_line' id='line_1_92' title="bbox 357 4607 929 4680; baseline 0.002 -20"><span class='ocrx_word' id='word_1_659' title='bbox 357 4607 543 4671; x_wconf 76' lang='grc' dir='ltr'>αὐτοῖς</span> <span class='ocrx_word' id='word_1_660' title='bbox 567 4608 630 4662; x_wconf 83' lang='grc' dir='ltr'><strong>τὸ</strong></span> <span class='ocrx_word' id='word_1_661' title='bbox 658 4610 929 4680; x_wconf 79' lang='grc' dir='ltr'>χάρισμα.</span> 
     </span>
    </p>
   </div>
   <div class='ocr_carea' id='block_1_93' title="bbox 2048 4592 3622 4663">
    <p class='ocr_par' dir='ltr' id='par_1_93' title="bbox 2048 4592 3622 4663">
     <span class='ocr_line' id='line_1_93' title="bbox 2048 4592 3622 4663; baseline -0.011 -3"><span class='ocrx_word' id='word_1_662' title='bbox 2048 4606 2193 4660; x_wconf 86' lang='lat' dir='ltr'><strong>Deus</strong></span> <span class='ocrx_word' id='word_1_663' title='bbox 2213 4598 2496 4658; x_wconf 81' lang='lat' dir='ltr'><strong>concussit</strong></span> <span class='ocrx_word' id='word_1_664' title='bbox 2524 4594 2788 4653; x_wconf 83' lang='lat' dir='ltr'><strong>domum?</strong></span> <span class='ocrx_word' id='word_1_665' title='bbox 2820 4603 2881 4648; x_wconf 90' lang='lat' dir='ltr'><strong>ut</strong></span> <span class='ocrx_word' id='word_1_666' title='bbox 2928 4600 3159 4649; x_wconf 87' lang='lat' dir='ltr'><strong>terreret</strong></span> <span class='ocrx_word' id='word_1_667' title='bbox 3208 4592 3424 4663; x_wconf 88' lang='lat' dir='ltr'><strong>quidem</strong></span> <span class='ocrx_word' id='word_1_668' title='bbox 3456 4592 3622 4645; x_wconf 85' lang='lat' dir='ltr'><strong>mini-</strong></span> 
     </span>
    </p>
   </div>
   <div class='ocr_carea' id='block_1_94' title="bbox 358 4682 3622 4770">
    <p class='ocr_par' dir='ltr' id='par_1_94' title="bbox 358 4682 3622 4770">
     <span class='ocr_line' id='line_1_94' title="bbox 358 4682 3622 4770; baseline -0.001 -13"><span class='ocrx_word' id='word_1_669' title='bbox 358 4702 669 4758; x_wconf 84' lang='lat' dir='ltr'><strong>tabundos:</strong></span> <span class='ocrx_word' id='word_1_670' title='bbox 701 4705 767 4755; x_wconf 84' lang='lat' dir='ltr'><strong>ad</strong></span> <span class='ocrx_word' id='word_1_671' title='bbox 804 4701 971 4755; x_wconf 85' lang='lat' dir='ltr'><strong>animi</strong></span> <span class='ocrx_word' id='word_1_672' title='bbox 1004 4714 1133 4756; x_wconf 83' lang='lat' dir='ltr'><strong>vero</strong></span> <span class='ocrx_word' id='word_1_673' title='bbox 1165 4699 1514 4770; x_wconf 69' lang='lat' dir='ltr'><strong>praesentiam</strong></span> <span class='ocrx_word' id='word_1_674' title='bbox 1544 4707 1704 4769; x_wconf 83' lang='lat' dir='ltr'><strong>atque</strong></span> <span class='ocrx_word' id='word_1_675' title='bbox 1727 4697 1983 4754; x_wconf 77' lang='lat' dir='ltr'><strong>ﬁduciam</strong></span> <span class='ocrx_word' id='word_1_676' title='bbox 2026 4697 2315 4754; x_wconf 85' lang='lat' dir='ltr'><strong>reduceret</strong></span> <span class='ocrx_word' id='word_1_677' title='bbox 2347 4688 2650 4762; x_wconf 70' lang='lat' dir='ltr'><strong>apostolos.</strong></span> <span class='ocrx_word' id='word_1_678' title='bbox 2689 4684 2948 4757; x_wconf 72' lang='lat' dir='ltr'><strong>quoniam</strong></span> <span class='ocrx_word' id='word_1_679' title='bbox 2999 4682 3326 4755; x_wconf 75' lang='grc' dir='ltr'><strong>ιπῑυεῖνίυω</strong></span> <span class='ocrx_word' id='word_1_680' title='bbox 3375 4688 3514 4744; x_wconf 55' lang='lat' dir='ltr'><strong>em,</strong></span> <span class='ocrx_word' id='word_1_681' title='bbox 3565 4697 3622 4748; x_wconf 74' lang='grc' dir='ltr'><strong>ει</strong></span> 
     </span>
    </p>
   </div>
   <div class='ocr_carea' id='block_1_95' title="bbox 357 4774 3621 4866">
    <p class='ocr_par' dir='ltr' id='par_1_95' title="bbox 357 4774 3621 4866">
     <span class='ocr_line' id='line_1_95' title="bbox 357 4774 3621 4866; baseline -0.007 -18"><span class='ocrx_word' id='word_1_682' title='bbox 357 4796 542 4866; x_wconf 75' lang='lat' dir='ltr'><strong>signo,</strong></span> <span class='ocrx_word' id='word_1_683' title='bbox 589 4795 735 4865; x_wconf 87' lang='lat' dir='ltr'><strong>quod</strong></span> <span class='ocrx_word' id='word_1_684' title='bbox 791 4809 958 4849; x_wconf 82' lang='lat' dir='ltr'><strong>sensu</strong></span> <span class='ocrx_word' id='word_1_685' title='bbox 991 4792 1389 4865; x_wconf 83' lang='lat' dir='ltr'><strong>perciperetur,</strong></span> <span class='ocrx_word' id='word_1_686' title='bbox 1429 4807 1567 4863; x_wconf 89' lang='lat' dir='ltr'><strong>opus</strong></span> <span class='ocrx_word' id='word_1_687' title='bbox 1658 4790 1954 4846; x_wconf 87' lang='lat' dir='ltr'><strong>habebant.</strong></span> <span class='ocrx_word' id='word_1_688' title='bbox 2030 4788 2352 4846; x_wconf 86' lang='lat' dir='ltr'><strong>Concussus</strong></span> <span class='ocrx_word' id='word_1_689' title='bbox 2382 4791 2629 4851; x_wconf 75' lang='lat' dir='ltr'><strong>estergo</strong></span> <span class='ocrx_word' id='word_1_690' title='bbox 2665 4780 2840 4844; x_wconf 88' lang='lat' dir='ltr'><strong>locus,</strong></span> <span class='ocrx_word' id='word_1_691' title='bbox 2880 4788 2937 4832; x_wconf 88' lang='lat' dir='ltr'><strong>et</strong></span> <span class='ocrx_word' id='word_1_692' title='bbox 2966 4778 3141 4848; x_wconf 74' lang='lat' dir='ltr'><strong>magis</strong></span> <span class='ocrx_word' id='word_1_693' title='bbox 3165 4791 3260 4831; x_wconf 89' lang='lat' dir='ltr'><strong>eos</strong></span> <span class='ocrx_word' id='word_1_694' title='bbox 3326 4774 3621 4830; x_wconf 80' lang='lat' dir='ltr'><strong>conﬁrma-</strong></span> 
     </span>
    </p>
   </div>
   <div class='ocr_carea' id='block_1_96' title="bbox 358 4867 3622 4955">
    <p class='ocr_par' dir='ltr' id='par_1_96' title="bbox 358 4867 3622 4955">
     <span class='ocr_line' id='line_1_96' title="bbox 358 4867 3622 4955; baseline -0.005 -11"><span class='ocrx_word' id='word_1_695' title='bbox 358 4890 461 4944; x_wconf 88' lang='lat' dir='ltr'><strong>vit.</strong></span> <span class='ocrx_word' id='word_1_696' title='bbox 501 4884 570 4941; x_wconf 84' lang='lat' dir='ltr'><strong>Et</strong></span> <span class='ocrx_word' id='word_1_697' title='bbox 601 4885 792 4955; x_wconf 88' lang='lat' dir='ltr'><strong>repleti</strong></span> <span class='ocrx_word' id='word_1_698' title='bbox 811 4891 952 4940; x_wconf 86' lang='lat' dir='ltr'><strong>&#39;suut</strong></span> <span class='ocrx_word' id='word_1_699' title='bbox 975 4899 1167 4941; x_wconf 84' lang='lat' dir='ltr'><strong>omnes</strong></span> <span class='ocrx_word' id='word_1_700' title='bbox 1194 4882 1402 4955; x_wconf 86' lang='lat' dir='ltr'><strong>Spiritu</strong></span> <span class='ocrx_word' id='word_1_701' title='bbox 1428 4892 1646 4950; x_wconf 90' lang='lat' dir='ltr'><strong>sancto,</strong></span> <span class='ocrx_word' id='word_1_702' title='bbox 1677 4882 1782 4938; x_wconf 85' lang='lat' dir='ltr'><strong>hoc</strong></span> <span class='ocrx_word' id='word_1_703' title='bbox 1809 4890 1919 4948; x_wconf 83' lang='lat' dir='ltr'><strong>est,</strong></span> <span class='ocrx_word' id='word_1_704' title='bbox 1960 4878 2185 4937; x_wconf 78' lang='lat' dir='ltr'><strong>excitati</strong></span> <span class='ocrx_word' id='word_1_705' title='bbox 2282 4891 2347 4931; x_wconf 88' lang='lat' dir='ltr'><strong>ac</strong></span> <span class='ocrx_word' id='word_1_706' title='bbox 2397 4871 2636 4930; x_wconf 88' lang='lat' dir='ltr'><strong>recreati</strong></span> <span class='ocrx_word' id='word_1_707' title='bbox 2684 4877 2848 4927; x_wconf 89' lang='lat' dir='ltr'><strong>sunt:</strong></span> <span class='ocrx_word' id='word_1_708' title='bbox 2911 4875 2967 4924; x_wconf 91' lang='lat' dir='ltr'><strong>et</strong></span> <span class='ocrx_word' id='word_1_709' title='bbox 3050 4867 3191 4922; x_wconf 88' lang='lat' dir='ltr'><strong>intra</strong></span> <span class='ocrx_word' id='word_1_710' title='bbox 3273 4884 3395 4926; x_wconf 84' lang='lat' dir='ltr'><strong>sese</strong></span> <span class='ocrx_word' id='word_1_711' title='bbox 3447 4873 3622 4941; x_wconf 74' lang='lat' dir='ltr'><strong>gratia</strong></span> 
     </span>
    </p>
   </div>
   <div class='ocr_carea' id='block_1_97' title="bbox 357 4978 838 5046">
    <p class='ocr_par' dir='ltr' id='par_1_97' title="bbox 357 4978 838 5046">
     <span class='ocr_line' id='line_1_97' title="bbox 357 4978 838 5046; baseline -0.006 -11"><span class='ocrx_word' id='word_1_712' title='bbox 357 4978 838 5046; x_wconf 76' lang='lat' dir='ltr'><strong>accendebantur.</strong></span> 
     </span>
    </p>
   </div>
   <div class='ocr_carea' id='block_1_98' title="bbox 435 5064 1937 5140">
    <p class='ocr_par' dir='ltr' id='par_1_98' title="bbox 435 5064 1937 5140">
     <span class='ocr_line' id='line_1_98' title="bbox 435 5064 1937 5140; baseline -0.004 -13"><span class='ocrx_word' id='word_1_713' title='bbox 435 5071 549 5127; x_wconf 86' lang='grc' dir='ltr'><strong>Τοῦ</strong></span> <span class='ocrx_word' id='word_1_714' title='bbox 576 5070 645 5125; x_wconf 74' lang='grc' dir='ltr'><strong>δὲ</strong></span> <span class='ocrx_word' id='word_1_715' title='bbox 669 5070 945 5139; x_wconf 77' lang='grc' dir='ltr'>πλήθους</span> <span class='ocrx_word' id='word_1_716' title='bbox 991 5069 1112 5125; x_wconf 77' lang='grc' dir='ltr'><strong>τῶν</strong></span> <span class='ocrx_word' id='word_1_717' title='bbox 1139 5068 1604 5126; x_wconf 77' lang='grc' dir='ltr'>πιστευσάντων</span> <span class='ocrx_word' id='word_1_718' title='bbox 1627 5064 1707 5140; x_wconf 80' lang='grc' dir='ltr'><strong>ἦν</strong></span> <span class='ocrx_word' id='word_1_719' title='bbox 1732 5068 1771 5137; x_wconf 72' lang='grc' dir='ltr'><strong><em>ἡ</em></strong></span> <span class='ocrx_word' id='word_1_720' title='bbox 1793 5082 1937 5137; x_wconf 78' lang='grc' dir='ltr'>καρ-</span> 
     </span>
    </p>
   </div>
   <div class='ocr_carea' id='block_1_99' title="bbox 355 5157 1935 5232">
    <p class='ocr_par' dir='ltr' id='par_1_99' title="bbox 355 5157 1935 5232">
     <span class='ocr_line' id='line_1_99' title="bbox 355 5157 1935 5232; baseline -0.005 -13"><span class='ocrx_word' id='word_1_721' title='bbox 355 5163 462 5219; x_wconf 77' lang='grc' dir='ltr'><strong>δία</strong></span> <span class='ocrx_word' id='word_1_722' title='bbox 490 5163 592 5219; x_wconf 76' lang='grc' dir='ltr'><strong>καὶ</strong></span> <span class='ocrx_word' id='word_1_723' title='bbox 619 5162 658 5231; x_wconf 71' lang='grc' dir='ltr'><strong>ἡ</strong></span> <span class='ocrx_word' id='word_1_724' title='bbox 690 5161 863 5232; x_wconf 57' lang='grc' dir='ltr'><strong>ψυχὴ</strong></span> <span class='ocrx_word' id='word_1_725' title='bbox 877 5164 1003 5232; x_wconf 71' lang='grc' dir='ltr'><strong>μία·</strong></span> <span class='ocrx_word' id='word_1_726' title='bbox 1047 5162 1147 5217; x_wconf 71' lang='grc' dir='ltr'><strong>καὶ</strong></span> <span class='ocrx_word' id='word_1_727' title='bbox 1176 5161 1321 5217; x_wconf 78' lang='grc' dir='ltr'><strong>οὐδὲ</strong></span> <span class='ocrx_word' id='word_1_728' title='bbox 1365 5157 1452 5228; x_wconf 84' lang='grc' dir='ltr'>εἷς</span> <span class='ocrx_word' id='word_1_729' title='bbox 1493 5178 1545 5216; x_wconf 86' lang='grc' dir='ltr'><strong>τι</strong></span> <span class='ocrx_word' id='word_1_730' title='bbox 1582 5158 1702 5215; x_wconf 80' lang='grc' dir='ltr'><strong>τῶν</strong></span> <span class='ocrx_word' id='word_1_731' title='bbox 1742 5162 1935 5228; x_wconf 54' lang='grc' dir='ltr'>ῦπαρ-</span> 
     </span>
    </p>
   </div>
   <div class='ocr_carea' id='block_1_100' title="bbox 360 5248 1937 5325">
    <p class='ocr_par' dir='ltr' id='par_1_100' title="bbox 360 5248 1937 5325">
     <span class='ocr_line' id='line_1_100' title="bbox 360 5248 1937 5325; baseline -0.004 -16"><span class='ocrx_word' id='word_1_732' title='bbox 360 5256 597 5323; x_wconf 78' lang='grc' dir='ltr'><strong>χόντων</strong></span> <span class='ocrx_word' id='word_1_733' title='bbox 630 5253 838 5320; x_wconf 85' lang='grc' dir='ltr'>αὐτοῖς</span> <span class='ocrx_word' id='word_1_734' title='bbox 881 5254 927 5287; x_wconf 84' lang='grc'>³³</span> <span class='ocrx_word' id='word_1_735' title='bbox 978 5254 1190 5325; x_wconf 74' lang='grc' dir='ltr'>ἔλεγεν</span> <span class='ocrx_word' id='word_1_736' title='bbox 1245 5254 1403 5309; x_wconf 74' lang='grc' dir='ltr'>ἴδιον</span> <span class='ocrx_word' id='word_1_737' title='bbox 1445 5248 1617 5307; x_wconf 76' lang='grc' dir='ltr'><strong>εἶναι’</strong></span> <span class='ocrx_word' id='word_1_738' title='bbox 1675 5251 1813 5307; x_wconf 79' lang='grc' dir='ltr'>ἀλλ’</span> <span class='ocrx_word' id='word_1_739' title='bbox 1858 5248 1937 5322; x_wconf 81' lang='grc' dir='ltr'><strong>ἦν</strong></span> 
     </span>
    </p>
   </div>
   <div class='ocr_carea' id='block_1_101' title="bbox 358 5345 1054 5412">
    <p class='ocr_par' dir='ltr' id='par_1_101' title="bbox 358 5345 1054 5412">
     <span class='ocr_line' id='line_1_101' title="bbox 358 5345 1054 5412; baseline -0.001 -11"><span class='ocrx_word' id='word_1_740' title='bbox 358 5346 569 5412; x_wconf 69' lang='grc' dir='ltr'>αὐτοῖς</span> <span class='ocrx_word' id='word_1_741' title='bbox 592 5345 830 5402; x_wconf 74' lang='grc' dir='ltr'>ἅπαντα</span> <span class='ocrx_word' id='word_1_742' title='bbox 861 5346 1054 5402; x_wconf 83' lang='grc' dir='ltr'>κοινά.</span> 
     </span>
    </p>
   </div>
   <div class='ocr_carea' id='block_1_102' title="bbox 2119 5046 3621 5118">
    <p class='ocr_par' dir='ltr' id='par_1_102' title="bbox 2119 5046 3621 5118">
     <span class='ocr_line' id='line_1_102' title="bbox 2119 5046 3621 5118; baseline -0.019 -3"><span class='ocrx_word' id='word_1_743' title='bbox 2119 5060 2288 5117; x_wconf 72' lang='lat' dir='ltr'><strong>Vsus.</strong></span> <span class='ocrx_word' id='word_1_744' title='bbox 2321 5056 2412 5113; x_wconf 73' lang='lat'><strong>52.</strong></span> <span class='ocrx_word' id='word_1_745' title='bbox 2448 5053 2620 5109; x_wconf 88' lang='lat' dir='ltr'><strong>Porro</strong></span> <span class='ocrx_word' id='word_1_746' title='bbox 2648 5048 3009 5106; x_wconf 83' lang='lat' dir='ltr'><strong>multitudinis</strong></span> <span class='ocrx_word' id='word_1_747' title='bbox 3036 5064 3220 5107; x_wconf 77' lang='lat' dir='ltr'><strong>eorum</strong></span> <span class='ocrx_word' id='word_1_748' title='bbox 3249 5047 3343 5118; x_wconf 77' lang='lat' dir='ltr'><strong>qui</strong></span> <span class='ocrx_word' id='word_1_749' title='bbox 3382 5046 3621 5101; x_wconf 74' lang='grc' dir='ltr'><strong>ενεάῑάε-</strong></span> 
     </span>
    </p>
   </div>
   <div class='ocr_carea' id='block_1_103' title="bbox 2048 5138 3616 5209">
    <p class='ocr_par' dir='ltr' id='par_1_103' title="bbox 2048 5138 3616 5209">
     <span class='ocr_line' id='line_1_103' title="bbox 2048 5138 3616 5209; baseline -0.013 0"><span class='ocrx_word' id='word_1_750' title='bbox 2048 5161 2171 5209; x_wconf 85' lang='lat' dir='ltr'><strong>rant</strong></span> <span class='ocrx_word' id='word_1_751' title='bbox 2200 5160 2427 5207; x_wconf 82' lang='lat' dir='ltr'><strong>cratcor</strong></span> <span class='ocrx_word' id='word_1_752' title='bbox 2464 5161 2628 5200; x_wconf 87' lang='lat' dir='ltr'><strong>unum</strong></span> <span class='ocrx_word' id='word_1_753' title='bbox 2667 5152 2716 5197; x_wconf 87' lang='lat' dir='ltr'><strong>et</strong></span> <span class='ocrx_word' id='word_1_754' title='bbox 2771 5143 2958 5196; x_wconf 82' lang='lat' dir='ltr'><strong>animo</strong></span> <span class='ocrx_word' id='word_1_755' title='bbox 2989 5155 3135 5196; x_wconf 86' lang='lat' dir='ltr'><strong>una:</strong></span> <span class='ocrx_word' id='word_1_756' title='bbox 3197 5155 3289 5193; x_wconf 87' lang='lat' dir='ltr'><strong>nec</strong></span> <span class='ocrx_word' id='word_1_757' title='bbox 3336 5138 3616 5209; x_wconf 79' lang='lat' dir='ltr'><strong>quisquam</strong></span> 
     </span>
    </p>
   </div>
   <div class='ocr_carea' id='block_1_104' title="bbox 2045 5229 3617 5307">
    <p class='ocr_par' dir='ltr' id='par_1_104' title="bbox 2045 5229 3617 5307">
     <span class='ocr_line' id='line_1_104' title="bbox 2045 5229 3617 5307; baseline -0.011 -7"><span class='ocrx_word' id='word_1_758' title='bbox 2045 5260 2262 5302; x_wconf 87' lang='lat' dir='ltr'><strong>suorum</strong></span> <span class='ocrx_word' id='word_1_759' title='bbox 2290 5243 2546 5296; x_wconf 84' lang='lat' dir='ltr'><strong>bonorum</strong></span> <span class='ocrx_word' id='word_1_760' title='bbox 2579 5237 2854 5307; x_wconf 87' lang='lat' dir='ltr'><strong>quicquam</strong></span> <span class='ocrx_word' id='word_1_761' title='bbox 2900 5250 3058 5289; x_wconf 85' lang='lat' dir='ltr'><strong>suum</strong></span> <span class='ocrx_word' id='word_1_762' title='bbox 3102 5248 3213 5288; x_wconf 77' lang='lat' dir='ltr'><strong>esse</strong></span> <span class='ocrx_word' id='word_1_763' title='bbox 3251 5229 3617 5286; x_wconf 51' lang='grc' dir='ltr'><strong>ἀπώσηται</strong></span> 
     </span>
    </p>
   </div>
   <div class='ocr_carea' id='block_1_105' title="bbox 2045 5328 2859 5394">
    <p class='ocr_par' dir='ltr' id='par_1_105' title="bbox 2045 5328 2859 5394">
     <span class='ocr_line' id='line_1_105' title="bbox 2045 5328 2859 5394; baseline -0.011 -1"><span class='ocrx_word' id='word_1_764' title='bbox 2045 5346 2199 5394; x_wconf 80' lang='lat' dir='ltr'><strong>erant</strong></span> <span class='ocrx_word' id='word_1_765' title='bbox 2223 5335 2299 5389; x_wconf 87' lang='lat' dir='ltr'><strong>eis</strong></span> <span class='ocrx_word' id='word_1_766' title='bbox 2332 5332 2509 5386; x_wconf 85' lang='lat' dir='ltr'><strong>omnia</strong></span> <span class='ocrx_word' id='word_1_767' title='bbox 2536 5328 2859 5384; x_wconf 84' lang='lat' dir='ltr'><strong>communia.</strong></span> 
     </span>
    </p>
   </div>
   <div class='ocr_carea' id='block_1_106' title="bbox 1520 5475 2419 5544">
    <p class='ocr_par' dir='ltr' id='par_1_106' title="bbox 1520 5475 2419 5544">
     <span class='ocr_line' id='line_1_106' title="bbox 1520 5475 2419 5544; baseline -0.017 0"><span class='ocrx_word' id='word_1_768' title='bbox 1520 5479 1721 5544; x_wconf 61' lang='lat' dir='ltr'><strong>Variis</strong></span> <span class='ocrx_word' id='word_1_769' title='bbox 1746 5476 2058 5540; x_wconf 82' lang='lat' dir='ltr'><strong>lectiones</strong></span> <span class='ocrx_word' id='word_1_770' title='bbox 2089 5481 2150 5535; x_wconf 86' lang='lat' dir='ltr'><strong>et</strong></span> <span class='ocrx_word' id='word_1_771' title='bbox 2198 5475 2419 5532; x_wconf 73' lang='lat' dir='ltr'><strong>notae..</strong></span> 
     </span>
    </p>
   </div>
   <div class='ocr_carea' id='block_1_107' title="bbox 431 5604 1869 5683">
    <p class='ocr_par' dir='ltr' id='par_1_107' title="bbox 431 5604 1869 5683">
     <span class='ocr_line' id='line_1_107' title="bbox 431 5604 1869 5683; baseline -0.006 -18"><span class='ocrx_word' id='word_1_772' title='bbox 431 5609 784 5683; x_wconf 48' lang='lat' dir='ltr'><strong>&quot;lignean,</strong></span> <span class='ocrx_word' id='word_1_773' title='bbox 830 5620 905 5665; x_wconf 82' lang='lat' dir='ltr'><strong>est</strong></span> <span class='ocrx_word' id='word_1_774' title='bbox 963 5613 1019 5665; x_wconf 87' lang='lat' dir='ltr'><strong>in</strong></span> <span class='ocrx_word' id='word_1_775' title='bbox 1067 5610 1311 5683; x_wconf 76' lang='lat' dir='ltr'><strong>vulgatis.</strong></span> <span class='ocrx_word' id='word_1_776' title='bbox 1387 5609 1433 5642; x_wconf 75' lang='grc' dir='ltr'><strong>³ο</strong></span> <span class='ocrx_word' id='word_1_777' title='bbox 1479 5608 1564 5683; x_wconf 66' lang='lat' dir='ltr'><strong>(cf.</strong></span> <span class='ocrx_word' id='word_1_778' title='bbox 1615 5604 1785 5683; x_wconf 63' lang='grc' dir='ltr'>ταςῦτό</span> <span class='ocrx_word' id='word_1_779' title='bbox 1832 5621 1869 5673; x_wconf 90' lang='grc' dir='ltr'><strong>μ</strong></span> 
     </span>
    </p>
   </div>
   <div class='ocr_carea' id='block_1_108' title="bbox 360 5658 2973 5751">
    <p class='ocr_par' dir='ltr' id='par_1_108' title="bbox 360 5658 2973 5751">
     <span class='ocr_line' id='line_1_108' title="bbox 360 5658 2973 5751; baseline -0.007 -14"><span class='ocrx_word' id='word_1_780' title='bbox 360 5658 532 5749; x_wconf 50' lang='grc' dir='ltr'>αὐτῷ.</span> <span class='ocrx_word' id='word_1_781' title='bbox 557 5658 1442 5751; x_wconf 45' lang='lat' dir='ltr'><strong>&#39;Jﬁigibm&#39;eiai’iiiﬁtura</strong></span> <span class='ocrx_word' id='word_1_782' title='bbox 1474 5658 1604 5733; x_wconf 63' lang='lat' dir='ltr'><strong>adeo</strong></span> <span class='ocrx_word' id='word_1_783' title='bbox 1630 5658 1893 5743; x_wconf 68' lang='lat' dir='ltr'><strong>obsoleta,</strong></span> <span class='ocrx_word' id='word_1_784' title='bbox 1928 5683 1984 5727; x_wconf 88' lang='lat' dir='ltr'><strong>ut</strong></span> <span class='ocrx_word' id='word_1_785' title='bbox 2015 5658 2306 5726; x_wconf 63' lang='lat' dir='ltr'><strong>discernere</strong></span> <span class='ocrx_word' id='word_1_786' title='bbox 2338 5680 2440 5719; x_wconf 85' lang='lat' dir='ltr'><strong>non</strong></span> <span class='ocrx_word' id='word_1_787' title='bbox 2489 5678 2717 5730; x_wconf 82' lang='lat' dir='ltr'><strong>possem,</strong></span> <span class='ocrx_word' id='word_1_788' title='bbox 2765 5658 2973 5723; x_wconf 73' lang='grc' dir='ltr'><strong>αὐτοῖς,</strong></span> 
     </span>
    </p>
   </div>
   <div class='ocr_carea' id='block_1_109' title="bbox 440 5793 982 5862">
    <p class='ocr_par' dir='ltr' id='par_1_109' title="bbox 440 5793 982 5862">
     <span class='ocr_line' id='line_1_109' title="bbox 440 5793 982 5862; baseline -0.007 -11"><span class='ocrx_word' id='word_1_789' title='bbox 440 5806 470 5835; x_wconf 73' lang='grc'><strong>⁸</strong></span> <span class='ocrx_word' id='word_1_790' title='bbox 504 5793 569 5850; x_wconf 77' lang='lat' dir='ltr'><strong>V.</strong></span> <span class='ocrx_word' id='word_1_791' title='bbox 601 5810 723 5850; x_wconf 86' lang='lat' dir='ltr'><strong>cum</strong></span> <span class='ocrx_word' id='word_1_792' title='bbox 759 5793 982 5862; x_wconf 80' lang='lat' dir='ltr'><strong>ﬁducia.</strong></span> 
     </span>
    </p>
   </div>
   <div class='ocr_carea' id='block_1_110' title="bbox 1872 5582 3618 5663">
    <p class='ocr_par' dir='ltr' id='par_1_110' title="bbox 1872 5582 3618 5663">
     <span class='ocr_line' id='line_1_110' title="bbox 1872 5582 3618 5663; baseline -0.007 -14"><span class='ocrx_word' id='word_1_793' title='bbox 1872 5620 1943 5657; x_wconf 79' lang='grc' dir='ltr'><strong>οι,</strong></span> <span class='ocrx_word' id='word_1_794' title='bbox 2019 5604 2063 5636; x_wconf 73' lang='grc' dir='ltr'>ιι</span> <span class='ocrx_word' id='word_1_795' title='bbox 2100 5596 2309 5663; x_wconf 77' lang='grc' dir='ltr'>Ῥῆξον,</span> <span class='ocrx_word' id='word_1_796' title='bbox 2352 5595 2440 5648; x_wconf 82' lang='grc' dir='ltr'>ισ.</span> <span class='ocrx_word' id='word_1_797' title='bbox 2517 5590 2563 5624; x_wconf 79' lang='lat'>“</span> <span class='ocrx_word' id='word_1_798' title='bbox 2600 5589 2868 5663; x_wconf 57' lang='lat' dir='ltr'><strong>‘Avitystv,</strong></span> <span class='ocrx_word' id='word_1_799' title='bbox 2898 5594 3038 5663; x_wconf 70' lang='lat' dir='ltr'><strong>crat.</strong></span> <span class='ocrx_word' id='word_1_800' title='bbox 3114 5583 3163 5663; x_wconf 10' lang='lat'><strong>&quot;7</strong></span> <span class='ocrx_word' id='word_1_801' title='bbox 3190 5582 3251 5638; x_wconf 87' lang='lat' dir='ltr'><strong>In</strong></span> <span class='ocrx_word' id='word_1_802' title='bbox 3275 5582 3618 5663; x_wconf 45' lang='grc' dir='ltr'><strong>ναις-ηιξκιε,</strong></span> 
     </span>
    </p>
   </div>
   <div class='ocr_carea' id='block_1_111' title="bbox 3037 5651 3546 5720">
    <p class='ocr_par' dir='ltr' id='par_1_111' title="bbox 3037 5651 3546 5720">
     <span class='ocr_line' id='line_1_111' title="bbox 3037 5651 3546 5720; baseline -0.006 -10"><span class='ocrx_word' id='word_1_803' title='bbox 3037 5662 3188 5720; x_wconf 84' lang='lat' dir='ltr'><strong>esset,</strong></span> <span class='ocrx_word' id='word_1_804' title='bbox 3215 5669 3287 5706; x_wconf 85' lang='lat' dir='ltr'><strong>an</strong></span> <span class='ocrx_word' id='word_1_805' title='bbox 3343 5651 3546 5707; x_wconf 73' lang='grc' dir='ltr'>αὐτῶν.</span> 
     </span>
    </p>
   </div>
  </div>
