4070 6416
487 377 592 443 583

1455 375 2043 437 THEOPIIYLACTI
2085 376 2499 435 BULGARIIE
2540 377 2894 438 AllClllEP.

3641 381 3748 445 584

555 491 724 548 Vens.
777 493 868 547 5'5.
911 491 985 544 Ac
1044 507 1236 561 magna
1284 492 1478 545 virtute
1540 500 1697 560 alque
1760 487 2064 542 constantia

2240 489 2349 542 Kal
2382 490 2619 558 μεγάλη
2670 490 2920 557 δυνάμει
2966 488 3295 543 ἀπεδίδουν
3324 491 3383 544 ol
3411 491 3746 547 ἀπόστολοι

484 585 715 655 apostoli
749 584 1115 643 testiinonium
1167 582 1460 637 reddebant
1512 580 1917 636 resurrectionis
1951 577 2060 632 Do-

484 678 614 731 mini
688 675 816 731 Iesu
864 692 883 731 :
971 692 1263 747 magnaque
1346 674 1526 744 gratia
1608 674 1828 741 βπ·ωαίιί
1908 680 2061 726 erant

485 786 687 824 omnes.

564 863 727 915 Vens.
789 858 879 912 '54.
913 855 1096 927 Neque
1140 857 1279 910 enim
1324 855 1467 909 ullus
1518 871 1709 926 egenus
1738 865 1872 917 ‘erat
1921 855 2064 909 inter

484 951 627 1005 illos.
679 951 945 1019 Quotquot
993 949 1131 1002 enim
1170 959 1320 1002 erant
1364 949 1570 1001 domini
1608 946 1942 1016 fundorum°
1970 955 2063 1001 aut

486 1045 702 1107 rudium,
728 1060 821 1097 eas
855 1040 1168 1107 vendebant,
1206 1051 1255 1096 et
1300 1041 1472 1095 allata
1518 1041 1692 1110 pretia
1733 1058 1911 1095 rerum
1946 1058 2063 1096 ven.

481 1134 718 1187 diturum

552 1224 723 1281 Vens.
775 1226 868 1281 35.
936 1223 1210 1280 Ponebant
1268 1225 1433 1294 juxta
1472 1224 1626 1294 pedes
1677 1224 2058 1291 apostolorum.

482 1317 919 1372 Distribuebatur
949 1325 1129 1372 autem
1175 1317 1423 1389 singulis,
1481 1327 1638 1382 prout
1666 1317 1884 1387 quisque
1932 1332 2062 1385 opus

479 1410 728 1463 habebat.

549 1500 657 1556 Cor
689 1518 874 1567 unum,
909 1509 1017 1558 etc.
1051 1501 1161 1556 Cor
1209 1508 1264 1556 et
1318 1501 1500 1555 anima
1558 1500 1698 1556 idem
1756 1499 2066 1571 signiﬁcant

2163 582 2229 634 τὸ
2253 583 2588 650 μαρτύριον
2630 580 2741 649 τῆς
2785 582 3181 647 ἀναστάσεως
3222 582 3329 637 τοῦ
3358 585 3583 650 Κυρίου
3625 584 3746 653 Ἰη-

2163 673 2279 728 σοῦ
2296 673 2361 739 ³⁵,
2395 672 2569 741 χάρις
2599 689 2660 725 τε
2677 672 2911 742 μεγάλη
2938 669 3017 743 ἦν
3045 673 3144 727 ἐπὶ
3171 675 3403 740 πάντας
3429 678 3670 743 αὐτούς.

2237 852 2392 906 Οὐδὲ
2436 856 2548 922 γὰρ
2580 852 2795 921 ἐνδεής
2820 871 2910 919 τις
2939 854 3218 925 ὑπῆρχεν
3252 859 3325 911 ἐν
3354 859 3581 926 αὐτοῖς*
3609 860 3748 915 ὅσοι

2164 945 2274 1016 γὰρ
2320 944 2604 1013 κτήτορες
2653 946 2884 1015 χωρίων
2924 946 2962 1015 ἣ
3012 947 3215 1003 οἰκιῶν
3260 949 3540 1019 ὑπῆρχον
3571 992 3586 1018 ,
3630 967 3750 1006 πω-

2161 1037 2417 1129 λοιῖνντες
2464 1037 2683 1107 ἔφερον
2708 1040 2806 1102 τὰς
2855 1037 3027 1107 τιμὰς
3065 1038 3184 1093 τῶν
3205 1041 3706 1111 πιπρασκομένων
3729 1081 3746 1108 ,

2235 1214 2341 1267 Καὶ
2373 1213 2614 1269 ἐτίθουν
2634 1214 2792 1284 παρὰ
2814 1215 2958 1281 τοὺς
2987 1216 3179 1284 πόδας
3211 1217 3329 1271 τῶν
3357 1220 3746 1278 ἀποστόλων.

2164 1304 2461 1359 Διεδίδοτο
2514 1305 2584 1360 δὲ
2629 1307 2887 1375 ἑκάστῳ,
2941 1310 3085 1363 καθ’
3135 1311 3224 1362 ὅτι
3262 1309 3340 1364 ἂν
3390 1329 3482 1378 τις
3535 1312 3750 1381 χρείαν

2163 1395 2348 1467 εἶχεν.

2236 1490 2451 1560 Καρδία
2509 1493 2602 1545 καὶ
2660 1490 2829 1563 ψυχὴ,
2859 1491 2922 1546 τὸ
2965 1492 3096 1546 αὐτὸ
3137 1494 3288 1565 δηλοῖ
3340 1496 3598 1551 ἐνταῦθα.
3633 1499 3744 1573 καὶ

488 1590 604 1644 hic.
672 1591 752 1644 Ac
816 1604 1016 1660 magna
1071 1589 1281 1645 virtute
1333 1589 1641 1644 reddebant
1692 1588 2063 1644 testimonium

2170 1584 2387 1656 μεγάλῃ
2430 1585 2658 1654 δυνάμει
2705 1586 2994 1642 ἀπεδίδουν
3033 1587 3093 1641 τὸ
3131 1588 3432 1659 μαρτύριον
3481 1587 3582 1657 τῆς
3611 1589 3745 1643 ἅνα-

477 1684 924 1740 resurrectionis.
959 1685 1243 1754 Tanquam
1275 1683 1648 1738 concreditum
1695 1696 1759 1737 ac
1788 1681 2064 1736 ﬁdeicom-

2168 1675 2433 1739 στάσεωςο
2480 1676 2737 1750 καθάπερ
2765 1679 3213 1751 ὲγχειρισθέντας
3242 1680 3445 1743 αὐτούς
3471 1699 3524 1735 τι
3561 1680 3606 1713 ⁸⁸
3632 1680 3744 1735 δεί-

477 1778 706 1832 niissum
746 1777 950 1848 aliquid
983 1779 1246 1833 habentes
1297 1794 1394 1833 eos
1416 1776 1684 1832 ostendit:
1719 1791 1785 1830 ac
1813 1777 1969 1845 quasi
1996 1774 2064 1830 de

2166 1780 2344 1817 κνυσι·
2378 1766 2472 1818 καὶ
2503 1765 2578 1830 ὡς
2622 1768 2753 1836 περὶ
2777 1768 3092 1840 ὀφλήματος
3133 1769 3303 1838 λέγει·
3343 1772 3502 1825 τοῦτο
3528 1772 3741 1831 ἔστιτὸ,

477 1865 666 1919 debito
722 1865 879 1930 dicit,
935 1866 1039 1920 hoc
1097 1875 1202 1930 est,
1261 1865 1408 1936 quod
1457 1864 1614 1920 dicit:
1676 1865 2057 1919 Testimonium

2165 1858 2500 1926 Μαρτύριον
2522 1858 2871 1914 ἀπεδίδουν.
2905 1861 3040 1914 Οὐδὲ
3064 1862 3178 1932 γὰρ
3196 1862 3380 1934 ἐνδεής
3403 1879 3487 1926 τις
3507 1863 3743 1934 ὑπῆρχε.

476 1956 783 2012 reddebant.
837 1955 1029 2027 Neque
1077 1959 1223 2013 enim
1267 1973 1432 2029 egens
1465 1959 1609 2013 ullus
1656 1965 1796 2011 erat.
1852 1958 2059 2012 Idcirco

476 2050 692 2118 gratia:
755 2049 884 2119 quia
914 2049 1098 2103 nullus
1147 2058 1264 2104 erat
1291 2064 1481 2121 egens,
1526 2051 1633 2104 hoc
1677 2056 1783 2115 est,
1837 2056 2060 2118 promer

483 2155 737 2210 magnam
813 2140 1151 2195 alacritatem
1213 2150 1267 2195 et
1334 2141 1504 2195 animi
1563 2139 2057 2211 promptitudincm

480 2231 1266 2301 eorum,quicontribuebant
1320 2247 1384 2286 ac
1429 2233 1822 2303 largiebantur,
1876 2232 2059 2285 nullus

479 2332 597 2377 erat
664 2339 891 2393 egenus.
954 2324 1076 2378 Non
1108 2325 1256 2378 enim
1288 2324 1484 2392 partim
1542 2324 1761 2393 quidem
1829 2322 2057 2387 dabant,

477 2413 676 2481 partim
711 2428 838 2467 vero
876 2414 1239 2468 reservabant
1285 2430 1298 2466 :
1363 2429 1460 2467 nec
1493 2414 1680 2467 omnia
1716 2413 1930 2482 quidem
1967 2413 2061 2467 da-

478 2509 640 2558 bant:
674 2508 768 2560 setl
804 2518 1065 2575 tanquam
1134 2521 1256 2560 sua.
1310 2504 1506 2560 Verum
1578 2507 1761 2560 cuncti
1807 2507 1900 2575 qui
1935 2521 2059 2559 cre-

475 2595 679 2649 debant
736 2595 895 2665 quasi
947 2595 1015 2652 de
1051 2610 1160 2649 una
1188 2595 1352 2651 domo
1404 2596 1713 2651 alebantur.
1779 2595 1847 2650 Et
1887 2596 2059 2651 allata

473 2687 648 2753 pretia
678 2702 854 2741 rerum
917 2686 1253 2741 venditarum
1286 2679 1569 2756 ponebant,
1616 2695 1722 2741 etc.
1778 2684 1890 2740 lloc
1942 2700 2059 2740 ma-

473 2792 641 2848 guum
720 2778 984 2835 honorem
1067 2789 1121 2833 et
1197 2780 1554 2835 reverentiam
1627 2778 2058 2849 religionemque

479 2873 892 2939 apportantium
931 2870 1248 2939 signiﬁcat:
1316 2871 1462 2940 quod
1500 2886 1567 2924 ne
1595 2871 1649 2925 in
1692 2884 1890 2924 manus
1930 2868 2057 2938 qui-

476 2958 600 3015 dem
634 2958 851 3014 tradere
881 2959 1192 3017 audebant:
1229 2961 1323 3015 sed
1351 2963 1508 3030 juxta
1549 2958 1715 3027 pedes
1757 2959 2054 3029 ponebant,

475 3048 602 3103 illos
637 3049 892 3105 dominos
943 3065 1006 3105 ac
1030 3050 1447 3131 dispensatores
1477 3051 1797 3115 elﬁcientes,
1844 3061 1902 3106 ut
1935 3064 2054 3105 tan-

472 3156 634 3208 quam
658 3139 724 3196 de
745 3142 1133 3197 communibus
1150 3142 1611 3213 expenderentur,
1648 3158 1756 3197 non
1782 3153 2048 3214 tanquam

2163 1949 2261 2000 Διὰ
2282 1949 2442 2003 τοῦτο
2471 1952 2504 2021 ὴ
2534 1951 2714 2021 χάρις,
2742 1953 2825 2005 ὅτι
2858 1952 3034 2016 οὐδεὶς
3063 1949 3131 2024 ἦν
3153 1954 3359 2024 ἐνδεής·
3388 1954 3535 2008 τοῦτ’
3565 1954 3737 2019 ἔστιν,

2161 2042 2270 2095 ἀπὸ
2308 2043 2407 2112 τῆς
2442 2043 2646 2110 πολλῆς
2678 2043 2991 2114 προθυμίας
3037 2044 3146 2098 τῶν
3179 2044 3527 2098 ἐπιδιδόντων
3561 2046 3739 2111 οὐδεὶς

2160 2130 2228 2206 ἦν
2279 2135 2486 2206 ἐνδεής.
2543 2136 2618 2189 Οὐ
2674 2137 2784 2206 γὰρ
2827 2138 2969 2209 μέρη
3006 2139 3107 2207 μὲν
3160 2138 3426 2202 ἐδίδοσαν,
3488 2140 3628 2210 μέρη
3680 2137 3741 2193 δὲ

2161 2228 2535 2297 ὲταμιεύοντο·
2594 2229 2715 2281 οὐδὲ
2767 2230 2947 2282 πάντα
2993 2232 3091 2300 μὲν
3121 2273 3135 2295 ,
3193 2231 3269 2293 ὡς
3344 2231 3453 2283 ἴδια
3500 2231 3581 2283 δέ·
3620 2229 3737 2284 ἀλλ’

2160 2315 2301 2390 ἦσαν
2360 2322 2410 2373 οἱ
2458 2322 2812 2383 πιστεύοντες
2861 2322 3100 2384 ἅπαντες
3145 2321 3219 2382 ὡς
3260 2322 3370 2375 ἀπὸ
3405 2323 3532 2393 μιᾶς
3562 2323 3740 2388 οἰκίας

2161 2410 2507 2480 τρεφόμενοι.
2562 2412 2915 2478 Πωλοῦντες
2946 2413 3164 2481 ἔφερον
3196 2412 3300 2479 τὰς
3348 2413 3543 2482 τιμάς.
3566 2413 3739 2468 Τοῦτο

2161 2500 2258 2570 τὴν
2290 2500 2495 2572 πολλὴν
2546 2503 2714 2571 τιμὴν
2765 2503 2859 2555 καὶ
2894 2503 3184 2557 εὐλάϐειαν
3213 2504 3322 2555 τῶν
3353 2504 3740 2571 προσαγόντων

2160 2590 2330 2660 δηλοῖ’
2357 2592 2442 2645 ὅτι
2477 2593 2598 2645 οὐδὲ
2635 2595 2714 2655 είς
2748 2595 2847 2655 τὰς
2878 2598 3069 2666 χεῖρας
3098 2595 3342 2664 ἐτόλμων
3371 2594 3574 2649 δοῦναι·
3601 2593 3739 2647 ἀλλὰ

2162 2684 2311 2754 παρὰ
2333 2683 2463 2748 τοὺς
2490 2685 2657 2748 πόδας
2690 2686 2921 2741 ἐτίθουν·
2954 2688 3152 2750 αὐτοὺς
3187 2686 3410 2757 κυρίους
3443 2688 3536 2739 καὶ
3586 2687 3739 2739 οίκο-

2161 2777 2357 2845 νόμους
2380 2778 2682 2843 ποιοῦντες,
2714 2778 2802 2832 ἵνα
2822 2779 2898 2842 ὡς
2929 2782 2993 2833 ἐκ
3025 2779 3218 2834 κοινῶν
3240 2780 3641 2833 ἀναλίσκωνται
3667 2772 3765 2844 ⁸⁵,’

2165 2869 2240 2938 μὴ
2276 2868 2352 2931 ὡς
2378 2867 2439 2934 ἐξ
2471 2869 2616 2924 ἰδίων
2642 2886 2653 2897 '
2681 2870 2841 2924 τοῦτο
2874 2871 2930 2923 δὲ
2961 2871 3055 2924 καὶ
3087 2871 3211 2934 τοὺς
3242 2870 3487 2933 διδόντας
3521 2870 3740 2923 κενοδο-

2162 2960 2282 3026 ξίας
2347 2962 2660 3032 ἀπήλλαττε
2691 3002 2706 3027 ,
2750 2964 2846 3016 καὶ
2886 2966 3000 3028 τοῖς
3050 2962 3390 3033 λαμϐάνουσι
3437 2963 3483 2994 ³⁷
3541 2962 3738 3031 διπλῆν

2162 3055 2393 3125 παρεῖχε
2432 3055 2532 3124 τὴν
2571 3054 2912 3125 εὐφροσύνην
2933 3095 2947 3117 ,
2980 3060 3081 3127 τήν
3114 3074 3174 3109 τε
3206 3056 3441 3125 ἀπορίαν
3480 3070 3738 3127 παραμυ-

2163 3142 2456 3213 θούμενον,
2488 3146 2582 3197 καὶ
2605 3144 2870 3215 αἰσχύνης
2891 3145 3213 3217 ἐλευθέρους
3252 3145 3590 3217 ποιούμενον.

471 3237 540 3291 dc
574 3238 809 3307 pmpriis
832 3239 1298 3310 atque.privatis:
1342 3240 1444 3294 hoc
1480 3248 1663 3296 autem
1693 3241 1854 3295 etiam
1888 3240 2032 3303 illos,
2076 3240 2168 3309 qui
2204 3240 2432 3304 dabant,
2466 3256 2496 3293 a
2538 3256 2674 3294 vana
2722 3242 2896 3311 gloria
2934 3240 3045 3313 49
3103 3243 3403 3309 liberabat,
3476 3255 3529 3299 et
3590 3242 3740 3297 acci-

471 3330 746 3401 pientibus
765 3331 963 3402 duplex
987 3332 1245 3401 gaudium
1271 3334 1567 3403 praebebat,
1592 3349 1715 3388 cum
1737 3343 1791 3389 et
1816 3333 2055 3404 inopiam
2092 3334 2315 3398 levaret,
2349 3344 2401 3389 et
2432 3350 2460 3387 a
2495 3336 2699 3404 pudore
2726 3336 2926 3391 liberos
2954 3346 3259 3404 praestaret.

444 3484 451 3487 ,
544 3425 707 3481 Vens.
741 3426 831 3481 36.
881 3425 1034 3483 loses
1064 3438 1091 3478 ιι
1139 3437 1337 3495 autem,
1399 3429 1489 3499 qui
1534 3431 1936 3499 cognominatus
1974 3439 2051 3482 est
2079 3436 2121 3492 ο

470 3517 749 3573 Barnabas
783 3519 849 3572 ab
874 3520 1154 3590 apostolis,
1170 3520 1307 3591 quod
1329 3530 1428 3588 est,
1446 3523 1491 3575 si
1515 3523 1889 3590 interpreteris,
1913 3521 2058 3590 [ilius

472 3614 872 3678 consolationis,
903 3613 1106 3681 Levita,
1147 3614 1369 3685 Cyprius
1437 3618 1671 3681 natione,

544 3704 712 3761 Vens.
770 3708 860 3761 57.
916 3706 1051 3761 Cum
1107 3707 1322 3761 haberet
1403 3707 1648 3776 fundum,
1708 3705 1963 3770 vendidit,
2007 3715 2056 3759 et

2238 3429 2510 3496 Ἰωσιῖς,³⁸
2575 3429 2644 3482 δὲ
2699 3432 2732 3482 ό
2769 3430 3117 3499 ἐπικληθεὶς
3185 3435 3498 3503 Βαρνάϐας
3549 3437 3734 3492 dare"

2160 3518 2279 3573 τῶν
2322 3520 2702 3586 ἀποστόλων,
2728 3519 2760 3574 ὃ
2783 3521 2916 3575 ἐστι
2964 3508 3579 3596 [μεθερμῆνευόμενεν
3623 3528 3670 3561 ⁴ιθ
3690 3535 3734 3602 1,

2159 3608 2292 3674 υίὸς
2331 3609 2791 3676 παρακλήσεως,
2834 3613 3109 3680 Λευΐτης,
3149 3615 3411 3683 Κύπριος
3438 3618 3518 3683 τῷ
3552 3618 3733 3687 γένει.

2240 3701 2641 3772 Ὑπάρχοντος
2697 3703 2857 3770 αὐτῷ
2894 3706 3118 3775 ἀγροῦ,
3174 3710 3466 3776 πωλήσας
3516 3712 3737 3784 ἤνεγκε

474 3800 657 3853 attulit
723 3800 1000 3868 pecuniam
1050 3810 1101 3863 ιι,
1150 3809 1199 3854 et
1259 3802 1436 3867 posuit
1499 3800 1567 3850 ad
1628 3797 1782 3866 pedes
1849 3807 2059 3865 aposto-

2160 3790 2226 3843 τὸ
2259 3789 2484 3860 χρῆμα,
2537 3791 2637 3845 καὶ
2696 3793 2881 3858 ἔθηκε
2919 3795 3130 3863 πρὸςΜ
3183 3798 3326 3865 τοὺς
3377 3800 3570 3868 πόδας
3614 3803 3735 3858 τῶν

473 3895 666 3943 torum.

1112 4021 1343 4077 CAPUT
1370 4020 1431 4075 V.

542 4137 713 4192 Vens.
754 4138 800 4192 Ι.
827 4138 932 4194 Sed
991 4139 1073 4192 vir
1116 4135 1336 4207 quidam
1394 4135 1601 4188 nomine
1654 4126 1901 4188 Ananias
1937 4150 2052 4188 cum

472 4226 736 4298 Sapphira
764 4245 925 4282 uxore
936 4244 1058 4292 sua,
1077 4226 1521 4293 venditoprwdio,

550 4320 712 4374 \‘nns.
753 4318 807 4372 ἓ.
889 4317 1105 4373 Partem
1164 4317 1319 4386 pretii
1369 4325 1601 4370 amotam
1656 4318 1758 4371 sibi
1819 4334 2053 4373 reserva-

472 4411 673 4477 verat,
737 4403 952 4456 conscia
1010 4402 1173 4455 etiam
1258 4415 1423 4454 natare
1483 4416 1625 4465 sua,
1705 4410 1755 4454 et
1832 4401 2054 4454 allatam

467 4503 670 4562 partem
735 4493 989 4564 reliquam
1069 4493 1247 4562 posuit
1297 4491 1463 4561 juxta
1543 4495 1698 4560 pedes
1776 4493 2054 4560 apostolo-

469 4600 607 4637 rum.

540 4675 784 4731 V'Ens.3.
827 4676 978 4729 Dixit
1013 4687 1189 4729 autem
1236 4674 1425 4729 Petrus
1490 4674 1558 4727 ad
1612 4691 1726 4728 eum
1772 4675 2048 4739 :Ananin,

2158 3881 2535 3936 ἀποστόλων.

2744 4024 2996 4077 ΚΕΦΑΛ.
3050 4025 3123 4078 E’.

2240 4129 2413 4196 Ἀνὴρ
2454 4129 2522 4184 δέ
2547 4147 2638 4196 τις
2683 4130 2966 4198 Ἀνανίας
2998 4135 3241 4205 ὀνόματι
3277 4137 3401 4192 σὺν
3425 4142 3734 4211 Σαπφείρῃ

2155 4220 2229 4290 τῇ
2258 4223 2495 4290 γυναικὶ
2528 4222 2718 4277 αὐτοῦ
2747 4225 3028 4291 ἐπώλησε
3065 4226 3282 4297 κτῆμα.

2226 4316 2336 4369 Καὶ
2386 4315 2759 4384 ἐνοσφίσατο
2821 4319 2942 4371 ἀπὸ
2976 4318 3088 4388 τῆς
3156 4321 3349 4390 τιμῆς,
3382 4323 3737 4392 συνειδυίας

2157 4409 2253 4461 καὶ
2283 4406 2395 4477 τῆς
2447 4408 2738 4474 γυναικὸς
2779 4410 2985 4475 αὐτοῦ,
3022 4411 3120 4466 καὶ
3159 4412 3412 4482 ἐνέγκας
3441 4416 3627 4483 μέρος
3654 4434 3734 4483 τι,

2155 4500 2315 4569 παρὰ
2341 4500 2483 4566 τοὺς
2518 4501 2709 4567 πόδας
2746 4502 2866 4556 τῶν
2893 4503 3255 4558 ἀποστολων
3283 4507 3518 4574 ἔθηκεν.

2235 4681 2381 4733 Eine
2410 4680 2479 4732 δὲ
2504 4680 2727 4747 Πέτρος
2760 4679 2934 4753 [πρὸς
2963 4682 3238 4755 αὑτὸνδί]
3261 4726 3275 4749 ,
3333 4686 3598 4751 Ἀνανία,
3634 4687 3733 4742 διὰ

467 4785 563 4821 cur
611 4769 841 4836 implevit
890 4768 1122 4823 Satanas
1157 4782 1247 4820 cor
1285 4779 1462 4830 tuum,
1491 4775 1546 4819 ut
1598 4767 1889 4821 mentiendo
1914 4766 2051 4819 ludi-

2160 4771 2215 4821 τί
2261 4770 2621 4837 ἐπλήρωσεν
2638 4773 2671 4824 ὁ
2692 4769 2965 4835 Σατανᾶς
2991 4771 3106 4839 τὴν
3130 4773 3384 4841 καρδίαν
3403 4792 3543 4839 σου,
3581 4779 3734 4843 ψεύ-

468 4862 706 4929 ﬁcareris
741 4860 1001 4931 Spiritum
1057 4869 1335 4923 sanctum,
1383 4866 1430 4912 et
1480 4873 1742 4912 amoreres
1780 4859 1843 4911 de
1878 4861 2047 4924 pretio

466 4953 621 5024 [undi
658 4956 683 5008 7

542 5044 706 5100 Vens.
735 5045 788 5100 4.
820 5043 1009 5098 Nonne
1040 5061 1158 5098 cum
1208 5060 1309 5097 non
1371 5044 1632 5096 alienatus
1663 5052 1916 5103 maneret,
1946 5042 2041 5095 tibi

388 5208 391 5209 ν
468 5142 839 5195 mnnebat?et
894 5134 1012 5191 cum
1058 5149 1189 5190 esset
1245 5140 1591 5200 venundatus,
1642 5151 1812 5189 nonne
1840 5136 1894 5187 in
1949 5144 2040 5188 tua

2155 4861 2384 4914 σασθαί
2403 4876 2478 4914 σε
2509 4861 2577 4914 τὸ
2610 4862 2851 4930 Πνεῦμα
2871 4862 2937 4915 τὸ
2963 4862 3163 4931 ἅγιον,
3200 4866 3295 4919 καὶ
3314 4868 3735 4934 νοσφίσασθαι

2153 4969 2228 5005 σε
2263 4954 2384 5006 ἀπὸ
2421 4952 2533 5019 τῆς
2560 4951 2735 5022 τιμῆς
2772 4952 2879 5006 τοῦ
2915 4955 3173 5021 χο›ριόυ;

2229 5044 2378 5112 Οὐχὶ
2427 5044 2640 5113 μένον,
2673 5045 2771 5097 σοὶ
2801 5045 3000 5113 ἔμεινε
3020 5047 3090 5112 ξ’,
3112 5048 3212 5100 καὶ
3252 5048 3499 5116 πραθὲν,
3526 5050 3624 5103 ἐπὶ
3656 5049 3733 5121 τῇ

2151 5135 2296 5219 erg?“
2328 5135 2583 5202 ἐξουσίᾳ
2616 5134 2888 5205 ὑπῆρχε;
2930 5138 2986 5189 τί
3012 5137 3113 5191 ὅτε
3143 5139 3286 5193 ἔθου
3306 5141 3376 5194 ἐν
3409 5140 3484 5209 τῇ
3516 5142 3731 5210 καρδίᾳ

1607 5275 1804 5337 Varias
1829 5275 2143 5338 lectiones
2185 5281 2244 5335 et
2275 5280 2464 5335 notte.

554 5403 602 5482 ξι
639 5401 705 5482 in
739 5403 971 5472 vulgato,
1032 5401 1314 5482 ἀπεδίδουν
1369 5401 1427 5453 τὸ
1461 5400 1779 5482 ³μίκρ’-ιρι.ύριον
1839 5401 1887 5453 οἱ
1927 5400 2358 5482 ἀπόστολοι-τῆς.
2374 5402 2723 5482 ἀναστάσεως
2746 5403 2839 5482 τοῦ
2894 5403 3100 5474 Κυρίου
3133 5404 3341 5482 findet").
3419 5407 3462 5438 ³⁵
3496 5406 3561 5458 Τί
3583 5416 3721 5462 crat.

470 5472 514 5502 "
543 5474 908 5535 ἀναλίκονται,
972 5482 1107 5526 era't.
1211 5473 1254 5503 ³⁷
1287 5476 1414 5532 τοὺς
1461 5472 1858 5535 λαμϐάνοντας,
1894 5485 2025 5524 erat.

2126 5471 2171 5502 ³⁸
2211 5470 2389 5540 Ἰωσῆ.
2426 5483 2562 5524 erat.

2658 5473 2702 5504 ³³
2723 5474 2846 5532 ὑπὸ,
2876 5486 2946 5526 est
2973 5473 3027 5526 in
3058 5473 3289 5544 vulgato.
3364 5476 3410 5545 ⁸ο
3447 5477 3731 5532 Desidera—

474 5552 558 5592 tur
581 5543 633 5617 in
660 5542 892 5617 vulgato.
971 5542 1023 5617 ‘_'_
1047 5542 1339 5617 παρὰηεδι
1374 5542 1427 5594 in
1459 5540 1690 5617 vulgato.
1769 5543 1812 5570 δ’
1848 5540 2233 5593 Desiderantur
2258 5543 2381 5594 item
2410 5545 2523 5594 istw
2546 5548 2663 5597 «tuo:
2705 5544 2957 5596 dictiones
3010 5546 3065 5597 in
3116 5540 3348 5615 vulgato.
3390 5540 3469 5578 ’⁸³
3502 5547 3728 5617 Ἔμενε,

471 5620 545 5662 est
589 5612 643 5682 in
680 5612 914 5680 vulgato.
990 5612 1034 5642 “
1081 5612 1170 5664 Ἑν
1190 5615 1253 5681 τῇ
1282 5616 1346 5680 οῇ
1372 5620 1444 5664 est
1470 5613 1523 5663 in
1560 5613 1796 5677 vulgato.

554 5757 577 5779 “
604 5749 669 5802 ν.
694 5764 1015 5816 possessores
1051 5768 1323 5821 agrorum.
1402 5763 1427 5801 ρ
1465 5752 1524 5806 \'.
1550 5751 1760 5819 JOSt’p/t.
1842 5762 1867 5799 (ι
1897 5750 1956 5803 V'.
1989 5755 2228 5820 pretium.
