4070 6422
368 331 475 395 585

1134 340 1540 403 EXPOSITIO
1578 345 1661 405 IN
1714 347 1902 407 ACTA
1941 351 2519 426 APOSTOLORUM.
2553 392 2619 402 --
2654 369 2814 431 CAP.
2857 374 2919 433 V.

3534 380 3639 443 556

367 460 485 498 σου
518 442 582 498 τὸ
622 442 862 513 πρᾶγμ-ι
899 445 1078 501 τοῦτο
1096 464 1116 513 ;
1154 453 1277 507 Οὐκ
1324 453 1568 524 ἐψεύσω
1593 457 1945 526 ἀνθρώποις,

2057 481 2168 523 erat
2232 479 2535 541 potestate?
2617 464 2795 544 Quare
2876 479 2973 536 hoc
3031 479 3206 549 facere
3278 485 3331 540 in
3403 489 3637 544 animum

367 536 531 592 ἀλλὰ
558 536 631 602 τᾷ
663 535 807 602 Θεῷ.

448 713 702 769 Ἄκούων
714 716 784 772 δὲ
817 720 851 772 ό
872 718 919 751 ⁸⁸
953 720 1234 790 Ἀνανίας
1258 725 1403 793 τοὺς
1419 728 1644 796 λόγους
1677 735 1949 799 τούτους.

364 803 576 861 πεσὼν
625 806 892 877 ἐξέψυεε
924 827 940 842 ο
994 813 1097 866 καὶ
1133 814 1375 883 ἐγένετο
1406 820 1593 886 φόϐος
1630 823 1822 893 μέγας
1850 825 1947 877 ἐπὶ

364 896 601 965 πάντας
632 900 776 968 τοὺς
807 903 1148 971 ἀκούοντας
1176 908 1383 964 ταῦτα.

434 988 844 1061 Ἀναστὰντες
870 993 941 1048 δὲ
964 998 1019 1049 οι
1053 996 1349 1067 νεώτεροι.
1380 1003 1798 1060 συνέστειλαν
1843 1011 1950 1062 αὺ-

362 1084 492 1150 τὸν,
530 1083 631 1139 καὶ
654 1084 1086 1157 ἐξενέγκαντες
1111 1089 1371 1161 ἔθαψαν.

433 1310 511 1361 υο
536 1309 690 1364 δοκεῖ
713 1328 805 1381 μοι
832 1307 986 1376 οὗτος
1010 1314 1218 1381 ἐκεῖνος
1238 1310 1402 1381 εἶναι,
1428 1321 1455 1370 ὁ
1489 1321 1626 1389 μετά
1680 1322 1947 1378 Ματθῖου.

375 1401 621 1465 Ἐκεῖνος
671 1403 781 1475 γὰρ
842 1406 940 1459 καὶ
970 1406 1204 1471 Ἰοῦστος
1235 1409 1455 1477 ἐλέγετο
1481 1427 1495 1441 ·
1536 1406 1693 1476 οὗτος
1722 1414 1782 1468 δὲ
1804 1415 1950 1485 Βαρ-

361 1494 557 1561 νὰϐας,
587 1494 617 1549 ὃ
648 1495 800 1549 ἔστιν
827 1497 940 1560 υἱὸς
977 1499 1403 1571 παρακλήσεως.
1445 1504 1606 1557 Δοκεῖ
1633 1504 1692 1558 δέ
1739 1523 1829 1576 μοι
1855 1488 1956 1562 καί

361 1584 473 1639 ὁ.οὼ
520 1585 624 1656 τῆς
688 1588 892 1659 ἀρετῆς
916 1589 978 1642 τὸ
1027 1589 1201 1660 ὄνομα
1248 1592 1555 1663 εὶληφέναι.
1610 1596 1735 1659 Πῶς
1764 1596 1822 1650 δὲ
1856 1597 1950 1651 καὶ

359 1679 601 1749 Λευίτης
626 1675 698 1752 ἦν
736 1680 834 1735 καὶ
886 1680 1138 1754 Κύπριος
1162 1700 1179 1749 ;
1209 1684 1333 1739 Ὀτι
1359 1686 1388 1738 ὁ
1413 1687 1578 1757 νόμος
1605 1689 1708 1760 ἤδη
1732 1692 1951 1762 ἀπαρα-

360 1770 652 1838 φυλάκτως
707 1771 892 1826 ἐλύετο
911 1790 929 1807 ο
981 1776 1079 1827 καὶ
1136 1775 1327 1829 λοιπον
1385 1779 1480 1831 καὶ
1533 1779 1816 1851 μετῴκουν
1851 1781 1948 1835 καὶ

361 1860 737 1931 ἐχρημάτιζον
756 1862 1000 1919 Λευῖται.
1035 1863 1262 1918 Μέλλων
1291 1865 1349 1920 δὲ
1374 1867 1682 1936 διηγεῖσθαι
1714 1872 1776 1923 τὸ
1804 1872 1948 1927 κατὰ

376 1950 633 2007 ’Δνανίαν
666 1954 759 2007 καὶ
814 1954 1160 2026 Σάπιρειραν,
1223 1957 1319 2012 καὶ
1341 1957 1512 2013 θέλων
1547 1961 1718 2028 δεῖξαι
1745 1963 1945 2030 αὐτοὺς

362 2042 780 2114 ἡμαρτηκότας,
815 2047 1032 2115 πρῶτον
1073 2049 1353 2120 μέμνηται
1381 2049 1477 2104 τοῦ
1508 2052 1943 2122 κατορθωκότος·

359 2134 445 2188 ὅτι
497 2135 755 2191 τοσούτου
798 2137 1041 2209 πλήθους
1093 2140 1246 2205 ὄντος
1288 2141 1383 2195 τοῦ
1421 2141 1596 2195 ταῦτα
1643 2145 1944 2211 ποιοῦντος,

355 2227 631 2281 τοσούτων
689 2230 959 2300 σημείων,
1012 2231 1288 2304 τοσαύτης
1326 2232 1574 2304 χάριτος,
1608 2234 1700 2288 ὑπ’
1728 2235 1945 2300 οὐδενὸς

357 2315 565 2371 τούτων
598 2319 916 2384 παιδευθεὶς
974 2322 1065 2375 τὸν
1091 2320 1315 2393 ὄλεθρον
1349 2324 1536 2395 ἑαυτῷ
1563 2325 1838 2396 ἐπήγαγε.
1871 2328 1946 2382 Τὸ

357 2410 418 2464 δὲ
439 2410 637 2475 δεινὸν,
678 2411 763 2465 ὃτι
800 2412 943 2482 μετὰ
984 2416 1085 2485 τῆς
1129 2416 1584 2482 συγκαταθέσεως
1613 2418 1647 2487 η
1674 2418 1941 2490 ἁμαρτία,

361 2503 461 2555 καὶ
481 2502 657 2566 οὐδεὶς
689 2503 877 2574 ἔτερος
899 2501 1007 2557 εῐδε
1047 2504 1108 2558 τὸ
1136 2506 1428 2576 γενόμενον
1445 2525 1460 2539 ·
1491 2509 1613 2562 ὅθεν
1636 2509 1840 2578 ἐπῆλθε
1867 2508 1946 2581 τῷ

360 2593 537 2662 ἀθλίῳ
574 2594 732 2648 τοῦτο
760 2596 1121 2667 ἐργάσασθαι.
1141 2598 1277 2651 Φασί
1299 2616 1444 2662 τινες
1464 2600 1548 2654 ὃτι
1575 2601 1625 2653 εἰ
1650 2603 1678 2654 ὁ
1700 2601 1947 2665 Σατανᾶς

356 2685 644 2758 ἐπλήρωσε
702 2687 802 2758 τὴν
841 2689 1071 2760 καρδίαν
1101 2689 1198 2742 τοῦ
1244 2691 1513 2756 ’Λνανίου,
1542 2691 1598 2746 τι
1624 2694 1724 2760 τὴν
1772 2711 1947 2765 τιμω‹

354 2777 484 2850 ρίαν
514 2777 752 2849 ὓπςσχεν
793 2780 1039 2847 ὲκεῑνος;
1077 2779 1202 2835 ’Ότι
1241 2782 1405 2845 αὐτὸς
1442 2784 1661 2852 ἐγένετο
1693 2785 1890 2851 αἴτιος,
1916 2787 1946 2840 ὁ

351 2869 687 2939 εὐτρεπίσας
747 2872 940 2925 ἑαυτὸν
989 2875 1068 2936 είς
1096 2873 1159 2926 τὸ
1195 2874 1454 2942 δέξασθαι
1500 2876 1599 2947 τὴν
1658 2876 1946 2949 ἐνέργειαν

354 2962 526 3017 αὑτοῦ
557 2963 654 3018 καὶ
686 2965 1073 3036 πληρωθῆναι.
1102 2967 1238 3038 Οὐχὶ
1269 2967 1451 3039 μένον,
1490 2972 1576 3025 σοὶ
1596 2969 1818 3041 ἕμεινε;
1850 2973 1944 3044 Μὴ

353 3054 470 3123 γὰρ
526 3054 772 3127 ἀνάγκης
798 3052 865 3127 ἦν
901 3058 1027 3127 βίας
1074 3060 1166 3130 Μὴ
1201 3059 1313 3132 γὰρ
1337 3061 1570 3124 ἄκοντας
1608 3063 1753 3134 ὑμᾶς
1786 3064 1946 3117 ἕλκο-

353 3143 593 3212 μεν;Τί
646 3145 730 3199 ὅτι
779 3145 902 3199 ἔθου
957 3149 1016 3201 ἐν
1070 3151 1137 3220 τῇ
1199 3150 1399 3222 καρδίᾳ
1459 3169 1555 3205 σου
1595 3152 1657 3206 τὸ
1708 3156 1945 3226 πρᾶγμα

350 3234 542 3302 τοῦτο;
567 3236 706 3307 Τρία
730 3238 787 3291 ἐν
817 3238 896 3303 τῷ
928 3239 1079 3311 αὐτῷ
1105 3244 1309 3312 σημεῖα
1338 3259 1351 3274 ’
1382 3243 1443 3297 τὸ
1475 3244 1542 3297 τὰ
1571 3245 1752 3317 λάθρα
1784 3263 1941 3316 γεγο-

349 3331 487 3383 νότα
546 3330 782 3386 εἰδέναι·
812 3332 875 3386 τὸ
902 3334 973 3388 τὰ
1030 3335 1087 3387 ὲν
1114 3337 1181 3406 τῇ
1213 3335 1426 3408 διανοίᾳ
1459 3337 1828 3408 μελετηθέντα
1864 3340 1941 3412 μὴ

352 3422 663 3494 ἀγνοῆσαι·
690 3426 782 3479 καὶ
807 3427 990 3497 τρίτον
1013 3467 1029 3491 ,
1051 3430 1115 3481 τὸ
1158 3430 1254 3483 καὶ
1279 3432 1667 3502 προστάγματι
1707 3434 1938 3489 ἀνελεῖν.

353 3516 550 3569 Πολλοὶ
611 3518 720 3571 τῶν
791 3518 1015 3588 ἀμελῶν
1035 3519 1082 3552 ⁸⁸
1097 3521 1169 3575 τα
1214 3524 1344 3593 περὶ
1383 3523 1635 3577 Ἀνανίαν
1668 3526 1762 3579 καὶ
1796 3527 1942 3582 Σάπ-

352 3622 552 3675 φειραν
602 3607 1056 3679 προϐαλλόμενοι,
1090 3609 1255 3679 φόνου
1307 3615 1612 3684 γράφονται
1641 3616 1733 3671 τὸν
1759 3618 1940 3688 Κορυ-
1971 3665 1978 3673 .

354 3702 516 3764 ςαίον
565 3699 675 3753 τῶν
732 3701 1073 3756 ἀποστόλων.
1137 3703 1202 3756 Ἠ
1249 3704 1306 3757 δὲ
1355 3708 1669 3778 κατηγορία
1721 3710 1784 3761 οὐ
1839 3709 1938 3763 τοῦ

354 3789 568 3860 Πέτρου
585 3830 603 3856 ,
629 3791 829 3861 μᾶλλον
846 3792 903 3845 δὲ
919 3791 1011 3846 τοῦ
1035 3792 1175 3846 Πνεύ
1185 3812 1352 3864 ματος
1376 3795 1612 3853 ἅπτεται
1642 3799 1737 3853 τοῦ
1759 3801 1939 3871 ἁγίου,

354 3882 450 3935 τοῦ
506 3883 608 3953 τὴν
636 3882 817 3953 ψῆφον
867 3883 989 3938 κατ’
1020 3885 1200 3938 αὐτῶν
1236 3887 1545 3953 ἐξοίσαντος
1586 3890 1832 3955 δικαίως.
1881 3891 1940 3947 ὐ

353 3973 463 4044 γὰρ
494 3975 695 4045 Πέτρος
717 3974 914 4047 ῆλεγξε
946 3976 1108 4046 μόνον
1140 3976 1202 4030 τὸ
1233 3976 1431 4048 ψεῦδος
1455 3995 1469 4009 ’
1499 3979 1561 4032 τὸ
1610 3980 1666 4033 δὲ
1717 3981 1944 4053 Πνεῦμα

352 4064 604 4130 ἐξουσίαν
642 4065 764 4136 ἕχον
829 4068 929 4136 τῆς
996 4067 1144 4139 ζωῆς
1216 4068 1309 4122 καὶ
1366 4068 1461 4123 τοῦ
1533 4069 1767 4126 θανάτου
1815 4074 1943 4137 τοὺς

351 4159 435 4221 εἰς
488 4156 624 4211 αὐτὸ
671 4158 1101 4231 ᾁμαρτήσαντας
1162 4159 1365 4214 ἀνεῖλε.
1415 4159 1487 4212 Τὸ
1545 4161 1589 4214 δ’
1656 4162 1790 4215 αὐτὸ
1848 4163 1942 4215 καὶ

354 4246 486 4317 περὶ
514 4245 827 4317 Σαπφείρας
852 4246 1000 4301 ἐστιν
1029 4249 1202 4301 εἰπεῖν
1230 4265 1246 4281 ο
1276 4249 1359 4302 ὅτι
1390 4249 1489 4321 οὐχ
1512 4252 1540 4304 ὁ
1567 4252 1772 4323 Πέτρος
1792 4254 1940 4307 ἀνεὶὲ⁸

350 4337 446 4390 λεν
470 4338 665 4410 αὑτήν·
700 4338 818 4394 ἀλλ’
840 4339 965 4393 ἐπεὶ
987 4340 1096 4394 τῶν
1131 4340 1227 4396 δύο
1257 4341 1450 4411 γέγονε
1477 4343 1540 4396 τὸ
1563 4347 1939 4418 παράπτωμα,

350 4430 598 4502 ὀκριτὴς
670 4431 1015 4503 ἀμφοτέρους
1065 4432 1268 4505 ἐπίσης
1325 4434 1672 4494 κατεδίκασε.
1726 4439 1818 4493 Διὸ
1844 4440 1941 4494 καὶ

2060 572 2207 617 tuum
2292 568 2553 623 iuduxisti
2596 572 2656 624 f?
2722 571 2844 625 Non
2893 589 2948 627 es
3011 575 3259 630 mentitus
3314 575 3637 647 hominibus,

2057 654 2149 707 sed
2193 655 2324 714 Deo.

2134 745 2296 804 Vens.
2335 750 2386 805 5.
2423 751 2626 818 Quibus
2645 754 2812 810 verbis
2842 755 3082 812 Ananias
3113 759 3333 826 auditis,
3371 762 3637 834 col’apsus

2055 849 2134 893 est
2183 849 2233 895 et
2254 845 2557 909 exspiravit.
2581 850 2906 919 Maguusque
2929 860 3096 906 metus
3123 851 3319 907 inuasit
3340 859 3635 927 oumes,qni

2056 932 2166 984 lucc
2192 933 2498 990 audiebant.

2162 1022 2326 1079 Vens.
2394 1028 2449 1081 6.
2525 1026 2696 1091 Porro
2764 1047 2883 1085 eum
2961 1035 3314 1091 surrexissent
3371 1037 3635 1107 juniores,

2053 1126 2352 1183 correptum
2414 1120 2842 1175 constrinxerunt
2890 1139 3007 1177 eum
3069 1130 3116 1191 ⁸,
3162 1137 3210 1178 et
3253 1128 3453 1182 elatum
3490 1147 3637 1202 sepe-

2056 1204 2309 1260 liuerunt.

2125 1297 2328 1369 Ioseph
2385 1312 2589 1359 autem.
2637 1303 2755 1361 Non
2787 1309 3000 1365 videtur
3050 1313 3184 1367 mihi
3214 1314 3303 1367 hic
3351 1329 3473 1369 esse
3522 1314 3634 1378 ille,

2054 1389 2146 1456 qui
2177 1405 2299 1445 cum
2333 1390 2559 1449 Matthia
2598 1395 2695 1451 fuit
2724 1413 3093 1469 comparatus.
3131 1403 3265 1457 Nam
3326 1404 3418 1459 ille
3467 1406 3632 1458 etiam

2053 1482 2244 1541 Justus
2283 1486 2570 1543 dicebatur
2608 1507 2625 1546 :
2669 1492 2757 1546 hic
2798 1508 2950 1554 vero.
3000 1495 3307 1563 Barnabas,
3338 1497 3486 1569 quod
3552 1507 3638 1554 est

2055 1578 2200 1633 {ilius
2258 1577 2676 1637 consolationis.
2742 1581 2969 1639 Videtur
3028 1595 3210 1642 autem
3268 1588 3403 1642 mihi
3468 1588 3632 1643 etiam

2053 1677 2279 1739 propter
2312 1666 2566 1725 virtutem
2606 1687 2808 1727 nomen
2855 1678 3054 1730 nactus
3086 1692 3234 1731 esse.
3293 1676 3399 1733 Sed
3448 1678 3543 1748 qui
3581 1686 3636 1732 ct

2053 1759 2236 1815 Levita
2264 1769 2384 1816 erat
2416 1770 2470 1817 et
2527 1762 2800 1835 Cyprius?
2833 1764 2970 1831 Quia
3011 1767 3095 1821 lex
3128 1767 3240 1838 jam
3275 1786 3383 1824 non
3417 1782 3634 1826 servata

2052 1853 2389 1910 solvebatur.
2453 1855 2640 1927 Itaque
2685 1858 2851 1911 etiam
2911 1858 2979 1913 ad
3012 1870 3235 1916 exteros
3303 1862 3633 1932 migrahant,

2051 1956 2106 2000 et
2130 1947 2273 2000 inter
2294 1962 2391 2003 eos
2428 1947 2737 2006 habitantes
2768 1953 3189 2023 negotiabantur
3219 1952 3439 2009 Levitte.
3461 1955 3634 2012 Porro

2049 2053 2172 2092 cum
2205 2050 2532 2097 narraturus
2560 2051 2705 2096 esset
2737 2043 2814 2109 id,
2842 2044 2987 2114 quod
3021 2046 3298 2100 acciderat
3323 2046 3548 2103 Ananiae
3578 2060 3633 2106 ct

2050 2128 2405 2200 Sapp’tcirte,
2456 2139 2511 2187 et
2586 2134 2879 2189 ostendere
2938 2136 3095 2190 vellet
3149 2136 3272 2191 illos
3329 2153 3633 2208 peccasse,

2050 2222 2202 2291 prius
2239 2223 2575 2277 mentionem
2599 2222 2731 2278 facit
2758 2224 2900 2296 ejus,
2925 2227 3019 2296 qui
3052 2235 3199 2307 recte
3221 2227 3452 2284 fecerat.
3499 2227 3631 2287 Nam

2049 2328 2175 2367 cum
2205 2322 2353 2368 tanta
2390 2312 2687 2370 multitudo
2710 2324 2883 2381 esset,
2920 2316 3015 2386 qui
3043 2316 3158 2372 ιιωο
3199 2316 3406 2373 laceret
3442 2334 3455 2368 :
3505 2334 3631 2374 cum

2053 2412 2130 2459 tot
2170 2406 2327 2478 signa
2360 2405 2656 2461 ederentur
2698 2423 2711 2460 :
2749 2424 2874 2462 eum
2917 2417 3069 2462 tanta
3122 2410 3297 2478 gratia
3348 2419 3494 2466 esSct
3528 2422 3547 2465 :
3603 2428 3633 2465 a

2050 2501 2201 2553 nulla
2260 2499 2456 2554 harum
2517 2515 2703 2555 rerum
2736 2502 3062 2557 emendatus
3114 2512 3168 2557 et
3219 2502 3287 2558 ad
3341 2504 3632 2560 sanitatem

2051 2602 2310 2645 reversus
2356 2590 2654 2659 perniciem
2689 2598 2744 2646 et
2772 2592 3002 2645 exitium
3030 2590 3139 2647 sibi
3197 2592 3414 2648 ascivit.
3439 2593 3634 2648 Mirum

2051 2689 2258 2744 autem,
2291 2681 2436 2752 quod
2478 2697 2604 2736 cum
2645 2698 2921 2739 consensu
2950 2692 3237 2754 peccatum
3279 2686 3635 2740 commissum

2049 2785 2188 2837 erat,
2230 2782 2285 2829 ct
2324 2776 2510 2831 nullus
2534 2775 2679 2830 alius
2712 2776 2922 2830 viderat
2958 2776 3036 2839 id.
3072 2775 3221 2846 quod
3253 2776 3461 2831 factum
3494 2785 3639 2833 erat.

2049 2863 2209 2920 Unde
2239 2868 2464 2932 accidit,
2504 2869 2752 2923 uttniser
2805 2867 2912 2923 hoc
2958 2866 3138 2924 facere
3170 2869 3223 2923 in
3256 2869 3501 2925 animum
3550 2873 3638 2926 inv

2050 2959 2299 3015 duceret.
2326 2958 2440 3015 Cur
2507 2961 2758 3031 implevit
2820 2958 3074 3017 Satanas.
3130 2962 3299 3017 Aiunt
3340 2962 3590 3018 nonnulli
3620 3002 3636 3018 .

2050 3050 2206 3118 Quod
2262 3053 2310 3108 si
2367 3051 2604 3108 Satanas
2674 3053 2999 3123 impleverat
3063 3068 3159 3107 eor
3215 3052 3485 3116 Ariani-.e,
3539 3067 3637 3108 cur

2050 3158 2270 3212 ptenam
2309 3124 2400 3198 ille
2439 3144 2706 3201 sustinuit
2733 3145 2756 3198 ἲ
2791 3143 2931 3210 Quia
2969 3145 3060 3200 ille
3092 3143 3197 3199 fuit
3227 3144 3284 3198 in
3317 3158 3507 3210 causa,
3539 3147 3633 3218 qui

2050 3251 2173 3292 sese
2205 3248 2499 3308 paraverat
2556 3240 2624 3293 ad
2679 3238 3056 3307 recipiendum
3111 3238 3413 3293 ctlicaciam
3445 3247 3501 3292 et
3526 3238 3632 3290 vim

2047 3330 2198 3384 illius
2225 3331 2525 3396 occultam,
2562 3346 2671 3400 qua
2704 3331 3046 3401 impleretur.
3079 3329 3273 3386 Nonne
3325 3344 3452 3384 cum
3495 3345 3635 3382 non-

2045 3420 2175 3474 dum
2230 3420 2504 3476 alienatus
2554 3419 2664 3492 50
2692 3429 2961 3486 maneret,
2991 3420 3086 3475 tibi
3123 3418 3430 3478 manebat?
3481 3416 3636 3471 Nun-

2044 3512 2179 3582 quid
2230 3514 2378 3568 enim
2426 3513 2776 3570 necessitatis
2833 3513 2918 3570 vis
2945 3512 3102 3569 erat?
3130 3511 3390 3583 Nunquid
3432 3511 3634 3566 invitos

2048 3620 2146 3659 vos
2183 3605 2456 3660 trahimus
2485 3605 2508 3660 ?
2554 3600 2739 3672 Quare
2791 3606 2896 3661 hoc
2930 3620 3093 3676 agere
3122 3604 3179 3659 in
3203 3605 3448 3659 animum
3482 3612 3634 3657 tuum

2046 3696 2338 3752 induxisti?
2372 3695 2501 3752 Tria
2521 3697 2863 3752 exsistebant
2885 3697 2939 3751 in
2972 3697 3161 3752 eadem
3189 3712 3248 3751 re
3275 3695 3430 3764 signa
3451 3709 3466 3746 :
3488 3693 3633 3764 quod

2044 3803 2130 3853 ea,
2153 3791 2247 3858 qui
2294 3789 2435 3843 clam
2465 3786 2607 3842 facta
2637 3797 2815 3852 erant,
2842 3796 3068 3842 noverat
3093 3802 3108 3840 :
3141 3786 3287 3854 quod
3314 3800 3398 3849 ea,
3424 3798 3544 3853 quae
3578 3783 3630 3836 in

2045 3881 2229 3937 animo
2250 3882 2432 3936 habita
2465 3890 2629 3949 atque
2648 3880 2909 3936 meditata
2934 3879 3273 3943 erant,haud
3312 3877 3630 3948 ignorabat:

2046 3984 2101 4027 et
2149 3974 2400 4039 tertium,
2439 3971 2583 4042 quod
2615 3972 2874 4027 mandato
2912 3980 2966 4026 et
3001 3971 3180 4026 edicto
3245 3968 3631 4031 interﬁciebat,

2045 4064 2199 4120 .‘dulti
2259 4066 2507 4119 homines
2553 4063 2743 4119 inculti
2789 4079 2852 4119 ea
2899 4078 3019 4134 (pne
3075 4063 3224 4117 circa
3274 4061 3543 4116 Ananiam
3581 4071 3629 4114 et

2047 4156 2406 4228 Sappheiram
2442 4164 2562 4211 acta
2596 4166 2723 4213 sunt
2744 4157 3116 4226 praeferentes,
3175 4154 3340 4211 caedis
3369 4161 3635 4207 accusant

2048 4250 2356 4321 principem
2400 4251 2802 4320 aposzolorum.
2849 4246 3045 4303 Verum
3074 4246 3358 4303 accusatio
3406 4261 3515 4300 non
3568 4247 3633 4303 ad

2049 4343 2296 4408 Petrum,
2328 4342 2429 4398 sed
2482 4342 2667 4413 potius
2695 4340 2931 4411 pertinet
2962 4341 3031 4417 ad
3053 4338 3325 4411 Spiritum
3357 4344 3634 4395 sanctum.

2049 4434 2144 4506 qui
2178 4435 2333 4505 juste
2390 4434 2658 4489 adversus
2689 4432 2813 4487 illos
2843 4432 3179 4487 sententiam
3217 4430 3440 4485 tulerat.
3499 4426 3635 4481 Nam

347 4520 511 4574 τοῦτο
533 4523 608 4592 μὴ
635 4522 908 4594 ἀγνοήσας
937 4525 965 4576 ὁ
1003 4522 1233 4596 Πέτρος,
1270 4524 1298 4577 ὁ
1337 4524 1427 4577 διὰ
1457 4525 1551 4579 τοῦ
1577 4527 1736 4595 ἁγίου
1769 4529 1939 4583 Πνεύ-

2050 4528 2248 4584 Petrus
2282 4526 2633 4583 mendacium
2674 4525 2941 4579 duntaxat
2988 4526 3169 4595 arguit
3212 4540 3228 4576 :
3273 4530 3331 4576 at
3372 4520 3635 4591 Spiritus,

352 4630 526 4685 ματος
589 4614 871 4687 πανταχοῦ
917 4615 1310 4686 φθεγγόμενοξ,
1350 4615 1557 4690 ταύτην
1602 4622 1733 4692 παρ’
1763 4621 1929 4677 αὑτοῦ

2049 4623 2135 4693 qui
2167 4624 2295 4677 vitae
2324 4621 2586 4689 necisque
2610 4625 2935 4688 potestatem
2963 4617 3146 4677 habet.
3175 4626 3274 4669 eos
3305 4611 3399 4687 qui
3429 4613 3485 4666 in
3516 4625 3639 4665 sese

347 4704 649 4774 δεξάμενος
678 4706 983 4775 ἐφθέγξατο
1001 4706 1098 4778 τὴν
1130 4708 1340 4778 φωνήν.

2049 4721 2411 4787 peccaverant
2459 4710 2742 4766 interﬁcit.
2765 4710 2946 4779 Atque
2992 4706 3134 4761 idem
3173 4705 3339 4761 etiam
3396 4703 3464 4758 de
3498 4701 3637 4770 Sap-

348 4799 543 4868 pheira
576 4799 684 4853 dici
708 4807 889 4869 potest
922 4817 936 4854 :
970 4813 1186 4869 nempe,
1251 4799 1473 4857 Petrum
1492 4819 1603 4858 non
1669 4806 2015 4868 interfecisse
2054 4813 2245 4867 illam:
2308 4805 2407 4860 sed
2450 4804 2708 4875 quoniam
2765 4803 3054 4856 amborum
3109 4796 3287 4853 fuerat
3352 4795 3636 4861 delictum,

346 4890 523 4961 judex
553 4902 853 4963 utrumque
912 4893 1198 4964 aequaliter
1248 4895 1655 4953 condemnavit.
1727 4898 1939 4959 Idcirco
1981 4906 2146 4960 etiam
2203 4902 2420 4964 Petrus,
2492 4912 2615 4952 cum
2674 4896 2781 4952 hoc
2837 4907 2945 4948 non
3007 4892 3347 4963 ignorasset,
3412 4903 3474 4947 nt
3542 4909 3637 4962 qui

349 5001 450 5057 per
482 4983 749 5054 Spiritum
784 4996 1035 5040 sanctum
1078 4987 1278 5058 ubique
1315 4987 1665 5058 loquebatur,
1707 4993 1847 5051 hanc
1876 5014 2063 5053 vocctu
2104 4995 2177 5052 ab
2204 4995 2299 5050 illo
2326 4999 2604 5061 acceptam
2635 4988 2889 5044 elocutus
2915 4995 3021 5041 θεῑο

422 5075 698 5143 Ἐγένετο
731 5075 803 5129 δέ
834 5077 913 5142 ὡς
939 5075 1107 5145 ὡρῶν
1168 5077 1347 5146 τριῶν
1404 5079 1727 5152 διάστημα,
1776 5089 1877 5144 καὶ
1905 5093 1944 5159 ἡ

2121 5088 2288 5142 Vens.
2325 5087 2381 5141 7.
2407 5085 2787 5140 lutercesserat
2820 5090 2997 5136 autem
3017 5079 3252 5148 spatium
3276 5079 3442 5149 ferme
3474 5082 3631 5134 trium

345 5168 510 5238 γυνὴ
540 5168 728 5223 αὑτοῦ
761 5169 851 5239 μὴ
883 5169 1078 5225 εἰδυῖα
1106 5169 1173 5225 τὸ
1203 5172 1474 5242 γεγονὸς,
1504 5174 1815 5246 εἰσῆλθεν.

2049 5184 2326 5243 horarum,
2359 5196 2474 5233 eum
2494 5192 2630 5231 uxor
2657 5175 2772 5244 ejus
2804 5176 3056 5244 ignorans
3078 5172 3217 5246 quod
3244 5172 3358 5227 viro
3382 5170 3496 5241 ejus
3539 5188 3632 5226 ac-

2046 5276 2276 5338 ciderat,
2300 5276 2543 5344 ingressa
2569 5280 2671 5325 est.

432 5348 754 5418 Ἀπεκρίθη
782 5347 851 5402 δὲ
881 5347 1038 5419 αὑτῇ
1061 5353 1093 5404 ό
1120 5349 1342 5420 Πέτρος
1368 5369 1381 5382 ⁸
1406 5352 1557 5407 Εἱπέ
1571 5371 1694 5423 μοι·
1727 5359 1779 5410 εἰ
1812 5375 1945 5414 τοσ-

2122 5364 2289 5419 Vens.
2350 5364 2407 5418 8.
2435 5362 2518 5418 Ad
2561 5377 2721 5432 quam
2761 5357 2977 5425 Petrus,
3027 5357 3127 5412 Dic
3197 5355 3349 5424 mihi,
3409 5356 3631 5429 inquit:

1526 5509 1726 5571 Variae
1778 5512 2092 5583 lectiones
2125 5527 2187 5583 et
2234 5529 2423 5586 notte.

416 5635 464 5668 “
497 5642 548 5701 ὸ,
576 5633 911 5689 desideratur
938 5632 991 5684 in
1046 5631 1280 5700 uulgato.
1359 5633 1405 5663 “
1434 5633 1677 5701 ἀμελῶν,
1714 5635 1802 5693 ῑσ.

432 5763 457 5791 τ
500 5752 724 5808 Verbum
774 5767 870 5819 pro
919 5751 1069 5806 verba
1108 5750 1373 5806 redditum
1406 5764 1560 5807 sonat
1592 5770 1651 5807 :t
1686 5756 1829 5821 Quid
1854 5767 1956 5827 est,
1983 5758 2124 5828 quod
2157 5757 2254 5813 Itoe
2282 5758 2482 5827 factum
2525 5756 2751 5827 posuisti
2778 5754 3006 5810 ineorde
3037 5765 3128 5809 tuo
3163 5753 3189 5807 ?
3222 5772 3242 5806 ι
3325 5764 3347 5792 ’
3389 5750 3451 5807 ν.
3482 5771 3633 5810 uuw~

364 5835 548 5882 urunt
576 5840 717 5880 sunt.

680 5920 952 5981 ΡΑτιιοι..
1000 5921 1119 5979 (in.
1150 5920 1392 5981 CXXV.

3164 5921 3239 5982 19
