4070 6412
374 330 481 394 589

1196 320 1597 382 EXPOSITIO
1635 319 1713 380 IN
1755 317 1944 378 ACTA
1964 311 2534 375 APOSTOLOBUM.
2575 312 2822 374 -CAP.
2878 315 2945 374 V.

3553 315 3658 378 590

392 436 613 509 σημεῖα
667 435 764 489 καὶ
795 433 1012 503 τέρατα
1039 433 1108 488 ἐν
1149 433 1231 500 τῷ
1257 432 1386 498 λαῷ
1411 431 1633 486 πολλά.
1665 429 1773 485 Kal
1804 426 1967 500 ἦσαν

2094 425 2342 495 npopulo
2396 426 2551 495 signa
2581 433 2631 479 et
2668 424 2913 494 prodigia
2932 423 3120 480 multa.
3179 422 3249 479 Et
3292 433 3441 479 erant
3482 434 3658 478 cuncti

389 527 768 601 ὁμοθυμαδὸν
834 525 1100 591 ἅπαντες
1144 525 1212 579 ὲν
1280 523 1352 591 τῇ
1433 521 1588 591 στοᾷ
1643 519 1958 590 Σολομῶν-

388 640 490 689 τος
513 623 580 677 ⁸⁸.

464 735 589 791 Τῶν
609 734 679 787 δὲ
708 730 940 786 λοιπῶν
989 730 1195 794 οὐδεὶς
1248 729 1472 797 ἐτόλμα
1501 725 1838 783 κολλᾶσθαι
1860 727 1964 779 αὺ-

387 827 531 893 τοῖς
556 825 696 880 ἀλλ’
746 821 1117 892 ἐμεγάλυνεν
1141 820 1366 886 αὐτοὺς
1395 823 1427 873 d
1451 819 1622 885 λαός.

459 915 713 971 Μᾶλλον
766 911 836 966 δὲ
891 912 1316 980 προσετίθεντο
1333 912 1380 942 ⁸³
1442 910 1835 973 πιστεύοντες
1887 905 1967 972 τῷ

387 1010 583 1078 Κυρίῳ
605 1003 810 1072 πλήθη
848 1002 1086 1072 ἀνδρῶν
1116 1019 1178 1056 τε
1201 1001 1301 1056 καί
1334 1001 1658 1071 γυναικῶν.

458 1183 641 1236 Ὥστε
669 1181 824 1234 κατὰ
847 1179 952 1244 τὰς
973 1179 1264 1244 πλατείας
1311 1179 1591 1247 ἐκφέρειν
1617 1177 1758 1244 τοὺς
1785 1179 1961 1234 dada-

385 1273 534 1340 νεῖς,
603 1272 703 1326 καί
763 1271 988 1326 τιθέναι
1033 1269 1135 1323 ἐπί
1183 1269 1412 1324 κλινῶν
1440 1270 1540 1325 καὶ
1598 1271 1962 1340 κραϐϐάτων,

2074 518 2395 571 unanimiter
2415 517 2469 570 in
2496 517 2704 584 porticu
2736 515 3061 571 Salomonis.

2147 716 2314 772 Vens.
2356 715 2442 770 i5.
2476 717 2552 769 Ac
2581 731 2731 769 nemo
2752 722 3065 769 ceterorum
3119 712 3348 768 audebat
3378 729 3434 767 se
3458 713 3534 768 eis
3558 713 3658 769 ad-

1963 847 1984 858 ..
2064 805 2288 874 jungere
2323 819 2341 858 :
2385 801 2476 857 sed
2503 802 2727 870 populus
2754 817 2842 855 eos
2881 799 3292 870 magniﬁciebat.

2144 893 2310 951 Vens.
2365 895 2454 950 M.
2488 897 2781 951 Accedebat
2833 907 3013 950 autem
3065 897 3240 965 major
3289 896 3342 949 in
3378 895 3488 950 dies
3546 894 3659 949 Do-

2076 990 2218 1042 mino
2257 987 2579 1043 credentium
2633 997 2683 1041 et
2741 989 2973 1043 virorum
3029 997 3080 1042 et
3112 988 3431 1058 feminarum
3479 988 3660 1041 multi-

2075 1077 2228 1131 tudo.

2161 1167 2326 1223 Vens.
2393 1169 2482 1222 15.
2554 1169 2698 1223 Adeo
2749 1179 2806 1223 ut
2878 1183 2971 1236 per
3027 1169 3238 1235 plateas
3305 1179 3650 1238 exportarent

2068 1271 2290 1330 egrotos
2338 1268 2389 1313 et
2437 1272 2687 1328 ponerent
2752 1261 2808 1314 in
2875 1261 3024 1314 lectis
3095 1271 3145 1315 et
3203 1260 3513 1331 grabbatis,
3601 1274 3658 1316 ut

386 1365 719 1434 ἐρχομένου
773 1363 999 1432 Πέτρου
1053 1361 1171 1417 κᾶν
1207 1363 1244 1429 η
1276 1363 1421 1416 σκιὰ
1470 1361 1800 1431 ἐπισκιάσῃ
1851 1363 1966 1416 τινὶ

2094 1352 2400 1405 ranseuntis
2468 1350 2614 1404 Petri
2652 1351 2732 1405 vel
2764 1351 2949 1404 umbra
2983 1354 3286 1422 quempiam
3309 1353 3663 1411 obumbrare!

385 1456 607 1514 αὐτῶν.

463 1572 806 1642 Συνήρχετο
826 1570 895 1624 δὲ
917 1570 1018 1626 καὶ
1050 1572 1116 1625 τὸ
1141 1571 1375 1640 πλῆθος
1403 1570 1523 1624 τῶν
1539 1569 1711 1640 πέριξ
1731 1571 1968 1625 πόλεων

387 1671 477 1732 εἰς
515 1665 928 1736 Ἰερουσαλὴμ,
979 1665 1267 1735 φέροντες
1291 1665 1572 1732 ἀσθενεῖς
1599 1664 1698 1718 καί
1743 1665 1965 1733 ὀχλου-

2069 1459 2129 1497 eo
2138 1459 2198 1495 ru
2209 1462 2251 1493 ut
2263 1481 2276 1495 .

2139 1556 2409 1613 “£35.16.
2439 1555 2754 1627 Con/luebat
2788 1560 2912 1613 item
2934 1575 2997 1614 ex
3025 1560 3211 1614 vicinis
3241 1575 3442 1629 quoque
3455 1559 3665 1628 oppidis

2074 1652 2502 1724 Hierosolymam
2529 1654 2818 1709 multitudo
2839 1655 3111 1709 hominum
3140 1659 3470 1724 portantium
3496 1673 3666 1728 wgro-

381 1756 612 1827 μένους
663 1754 786 1810 ὑπὸ
850 1755 1209 1824 πνευμάτων
1280 1753 1632 1822 ἀκαθάρτων
1667 1793 1682 1816 ,
1750 1755 1966 1821 οἵτινες

2095 1760 2150 1797 os
2182 1754 2228 1798 et
2260 1760 2370 1808 eos,
2393 1745 2484 1814 qui
2505 1747 2834 1800 vexabantur
2859 1764 2890 1798 α
2919 1747 3191 1815 spiritibus
3215 1749 3503 1802 immundis
3533 1765 3550 1802 :
3575 1750 3668 1818 qui

385 1844 823 1912 ἐθεραπεύοντο
853 1843 1133 1910 ἅπαντες.

460 1957 617 2011 Μετὰ
648 1956 707 2010 τὺ
730 1956 981 2042 γενέσθαι
1009 1957 1100 2010 τὸν
1147 1956 1310 2025 φόϐον
1360 1956 1561 2022 αὐτῶν,
1615 1957 1839 2013 πλείονα
1869 1977 1964 2028 ση-

391 2052 524 2120 μεῖα
557 2051 733 2103 ἐποίει
787 2048 950 2113 αὐτὸς
1019 2050 1111 2103 καὶ
1143 2050 1192 2102 οἱ
1218 2050 1415 2103 λοιποί.
1457 2045 1655 2108 *Ησαν
1690 2050 1759 2105 δὲ
1791 2054 1861 2105 ὲν
1894 2053 1970 2122 τῇ

1996 1807 2044 1866 Β
2076 1840 2418 1890 sanabuntur
2455 1839 2710 1892 universi.

2151 1945 2512 2018 Posteaquam
2568 1949 2867 2019 coepissent
2925 1951 3172 2007 homines
3247 1965 3343 2007 eos
3403 1959 3668 2017 metuere,

2087 2040 2240 2109 plura
2274 2041 2428 2111 signa
2456 2056 2584 2096 cum
2621 2043 2740 2112 ipse
2790 2041 2987 2097 Petrus
3041 2052 3154 2095 tum
3209 2043 3402 2112 reliqui
3435 2044 3668 2111 apostoli

386 2137 546 2208 στοᾷ
573 2137 977 2207 Σολομῶντος.
1011 2139 1210 2192 Οὐκέτι
1231 2140 1290 2191 ὲν
1314 2140 1486 2210 οἰκίᾳ,
1516 2141 1630 2193 ἀλλ’
1657 2143 1715 2194 ὲν
1731 2141 1810 2212 τῷ
1839 2141 1972 2214 ἱερῷ

2091 2131 2380 2188 iaciebant.
2408 2133 2474 2186 Et
2508 2143 2665 2188 erant
2697 2137 2749 2187 in
2781 2137 2991 2202 porticu
3016 2133 3340 2189 Solomonis.
3385 2134 3499 2188 Non
3556 2135 3669 2204 jam

385 2229 679 2301 διέτριϐον.
725 2231 945 2302 Ἐπειδὴ
979 2226 1154 2296 εἶπεν,
1185 2230 1347 2299 ert-ﬁ
1375 2230 1527 2300 στοᾷ
1562 2233 1971 2303 Σολομῶντος,

2091 2225 2321 2293 amplius
2352 2225 2582 2294 posthac
2622 2225 2793 2291 domi,
2830 2226 2925 2280 sed
2956 2226 3010 2280 in
3049 2228 3252 2297 templo
3284 2227 3670 2300 versabantur.

388 2323 482 2376 {va
521 2323 597 2395 μὴ
623 2322 911 2396 θαυμάσῃς
954 2322 1072 2387 πῶς
1108 2322 1512 2394 συνεχώρουνοὶ
1541 2324 1712 2395 ὄχλοι,
1783 2327 1972 2396 φησὶν,

2091 2315 2222 2372 Cum
2271 2317 2410 2370 dixit
2443 2332 2456 2369 :
2491 2318 2545 2371 in
2580 2319 2787 2385 porticu
2838 2317 3139 2373 Solomonis
3181 2334 3200 2372 :
3241 2332 3309 2373 ne
3359 2319 3575 2373 mireris
3615 2327 3676 2371 ut

390 2414 522 2471 Ὀτι
554 2415 731 2480 οὐδεὶς
757 2416 942 2481 αὐτοῖς
967 2417 1331 2489 προσεγγίσαι
1357 2418 1559 2488 ἐτόλμα
1586 2434 1599 2446 ·
1626 2419 1742 2472 ἀλλ’
1773 2420 1973 2490 ἐμεγά-

2091 2407 2192 2464 hoc
2224 2409 2398 2463 turbae
2447 2409 2829 2478 permitterent
2881 2426 2895 2463 :
2939 2411 3148 2476 nullus,
3203 2409 3404 2480 inquit,
3457 2407 3525 2462 ad
3575 2422 3675 2462 eos

389 2505 518 2558 λυνε
547 2505 676 2569 τοὺς
705 2507 1038 2570 ἀποστόλους
1067 2507 1096 2559 ὁ
1127 2507 1420 2570 Ἰουδαῖκὺς
1453 2507 1601 2571 λαός.
1635 2508 1801 2562 Ὥστε
1832 2509 1974 2562 κατὰ

2091 2501 2319 2571 prepius
2353 2499 2617 2555 accedere
2661 2500 2892 2555 audebat
2929 2517 2943 2553 :
2981 2499 3078 2556 sed
3114 2499 3351 2570 populus
3404 2496 3675 2553 Judaicus

389 2597 496 2657 τὰς
551 2594 816 2658 πλατείας
864 2594 1122 2666 ἐκφέρειν
1169 2597 1296 2659 τοὺς
1351 2597 1621 2660 ἀσθενεῖς.
1661 2597 1836 2651 Τοῦτο
1883 2599 1978 2651 ἐπὶ

2092 2593 2374 2662 apostolos
2407 2590 2848 2662 magnifaciehat.
2884 2592 3035 2646 Adeo
3065 2601 3125 2645 ut
3153 2593 3374 2645 vicatim
3414 2590 3676 2645 efferrent.

390 2685 636 2756 Χριστοῦ
665 2687 727 2739 οὗ
754 2686 1007 2756 γέγονεν,
1037 2687 1125 2741 ἵνα
1145 2687 1235 2741 διὰ
1281 2689 1390 2741 τῶν
1433 2688 1706 2742 πλατειῶν
1757 2691 1850 2742 καὶ
1877 2691 1978 2759 τῆς

393 2779 559 2841 σκιᾶς
613 2778 816 2832 ἕλκωσι
857 2779 956 2841 τὰς
990 2779 1162 2843 ῑᾶσεις
1191 2781 1239 2833 οἱ
1266 2779 1584 2844 νοσοῦντες·
1635 2782 1732 2834 καὶ
1773 2781 1979 2851 μηδένα

392 2867 602 2938 τολμᾷν
659 2868 1063 2939 προσεγγίζειν.
1117 2868 1244 2933 Πῶς
1287 2868 1380 2922 οὖν
1435 2869 1674 2923 ἐνταῦθα
1719 2869 1980 2938 γίνεται;

397 2961 527 3012 ὀτι
555 2959 719 3014 αὐτοῦ
743 2955 811 3031 ἦν
862 2958 1046 3031 ἔργον,
1109 2957 1206 3014 τοῦ
1252 2959 1502 3024 εξπόντος
1524 2977 1539 2993 ο
1579 2961 1645 3014 '0
1679 2961 1982 3015 πιστεύων

394 3054 483 3118 εἰς
504 3051 632 3122 ἐμὲ,
668 3053 742 3106 τὰ
771 3051 937 3122 ἔργα,
967 3051 1006 3105 d
1035 3049 1184 3106 ποιῶ
1211 3050 1346 3121 ἐγὼ,
1386 3051 1668 3118 κάκεῖνος
1712 3052 1980 3118 ποιήσει·

2091 2693 2352 2756 aegrotos.
2405 2687 2523 2739 Hoc
2547 2692 2789 2752 tempore
2813 2683 3019 2738 Christi
3050 2699 3158 2736 non
3219 2682 3439 2748 accidit,
3483 2691 3544 2736 ut
3581 2698 3677 2751 per

2092 2778 2301 2848 plateas
2335 2775 2504 2846 ct52
2531 2777 2779 2830 umbram
2807 2775 3087 2830 traherent
3116 2775 3305 2845 aegroti
3327 2775 3670 2840 sanationes,

2093 2882 2200 2922 neu
2259 2865 2552 2936 quisquam
2590 2865 2846 2935 proprius
2878 2864 3140 2919 accedere
3158 2865 3408 2918 auderet.
3451 2863 3554 2930 Qui
3579 2863 3679 2933 igi-

2094 2969 2182 3014 tur
2209 2959 2298 3014 hic
2329 2959 2386 3012 lit
2420 2958 2443 3011 ?
2470 2960 2609 3024 Quia
2635 2958 2782 3012 illius
2807 2964 2929 3012 erat
2957 2971 3118 3026 opus,
3147 2957 3240 3027 qui
3276 2958 3490 3011 dixerat
3523 2974 3536 3010 :
3573 2954 3679 3022 Qui

2092 3053 2257 3107 credit
2283 3053 2338 3106 in
2363 3068 2464 3116 me,
2495 3067 2675 3120 opera,
2706 3067 2823 3120 qua:
2839 3066 2932 3118 ego
2959 3049 3120 3119 facio,
3141 3050 3302 3124 etiam
3345 3048 3438 3102 ille
3471 3049 3630 3116 laciet
3657 3061 3679 3100 :

397 3145 502 3199 καί
542 3143 786 3214 μείζονα
817 3145 1047 3199 τούτων
1100 3145 1364 3212 ποιήσει.
1434 3146 1779 3216 Πανταχόθεν
1803 3145 1858 3199 δὲ
1891 3147 1985 3199 αὑ-

2093 3153 2142 3200 et
2178 3144 2391 3214 majora
2429 3160 2586 3214 quam
2649 3143 2762 3197 lucc
2799 3143 2983 3210 faciet.
3042 3142 3124 3196 Ab
3173 3141 3433 3196 omnibus
3489 3148 3675 3194 autem

397 3240 515 3300 τοῖς
548 3235 752 3304 ηὔξανε
783 3235 844 3289 τὸ
869 3234 1052 3306 θαῦμα
1075 3251 1091 3265 ⁸
1133 3236 1241 3290 ἀπὸ
1267 3235 1376 3289 τῶν
1409 3237 1838 3291 πιστευσάντων·
1873 3237 1983 3291 ἀπὸ

2093 3237 2344 3307 partibus
2389 3235 2472 3290 eis
2531 3234 2860 3289 miraculum
2921 3231 3205 3288 crescebat
3255 3247 3269 3284 :
3318 3231 3387 3285 ab
3451 3231 3544 3296 iis,
3583 3231 3679 3300 qui

359 3319 510 3380 ’τῶν
563 3326 1048 3397 θεραπευθέντων*
1113 3327 1222 3380 ἀπὸ
1265 3327 1376 3381 τῶν
1408 3327 1782 3381 κολασθέντων
1809 3345 1823 3358 ·
1878 3326 1985 3380 ἀπὸ

2092 3329 2491 3385 crediderant:
2525 3327 2594 3381 ab
2633 3327 2723 3392 iis,
2776 3325 2869 3395 qui
2932 3325 3110 3380 curati
3179 3333 3339 3379 erant
3382 3339 3397 3375 :
3463 3324 3532 3378 ah
3588 3322 3679 3385 its,

402 3421 502 3490 τῆς
528 3419 664 3488 πρὸς
683 3418 745 3472 τὸ
777 3420 1040 3489 κήρυγμα
1065 3420 1403 3492 παρρησίας.
1431 3420 1542 3474 Καὶ
1574 3421 1683 3474 ἀπὸ
1705 3421 1804 3491 τῆς
1821 3419 1985 3490 ἄλλης

2097 3421 2193 3490 qui
2230 3420 2405 3490 puniti
2431 3424 2636 3472 erant:
2700 3417 2768 3472 ab
2801 3432 2888 3480 eo,
2937 3416 3086 3487 quod
3147 3416 3486 3471 conﬁdenter
3535 3430 3677 3484 opus

405 3513 611 3582 ἀρετῆς
654 3513 750 3566 καὶ
811 3510 1130 3582 ἐπιμελείας
1165 3513 1264 3582 τῆς
1292 3512 1437 3566 κατὰ
1468 3512 1562 3566 τὸν
1599 3511 1734 3582 βίον.
1769 3513 1842 3566 Οὐ
1879 3511 1985 3582 γὰρ

2094 3509 2512 3582 praedicationis
2542 3506 2907 3578 capessebant
2961 3507 3079 3561 :ah
3139 3507 3248 3561 alia
3290 3507 3420 3560 item
3481 3493 3682 3559 virtute

405 3604 469 3674 δὴ
492 3603 600 3658 τῶν
652 3602 894 3673 σημείων
943 3603 1103 3672 μόνον
1127 3597 1194 3675 ἦν
1225 3603 1287 3657 τὸ
1320 3603 1614 3674 γενόμενον
1635 3617 1649 3632 ⁶
1712 3602 1851 3657 ἀλλὰ
1885 3604 1985 3656 καὶ

409 3694 437 3744 ὸ
464 3691 578 3762 βίος
628 3692 724 3746 καὶ
753 3692 787 3762 ὴ
816 3692 989 3763 ἀρετὴ
1040 3692 1150 3746 τῶν
1186 3691 1398 3764 ἀνδρῶν
1425 3691 1598 3762 πολλὴ
1632 3686 1724 3763 ἦν,
1747 3692 1842 3745 καὶ
1861 3691 1993 3761 ἀλη-

415 3783 522 3848 θῶς
551 3782 910 3846 ἁποστολική.

499 3962 790 4028 ’Δναστὰς
833 3962 904 4017 δὲ
940 3965 974 4017 ό
1023 3963 1334 4033 ἀρχιερεὺς
1376 3963 1478 4017 καὶ
1526 3961 1751 4030 πάντες
1779 3963 1834 4017 οί
1873 3961 1996 4016 σὺν

422 4050 593 4119 αὐτῷ,
620 4053 659 4120 ἠ
681 4049 845 4109 σῦσο
899 4053 1134 4123 αἵρεσις
1164 4054 1285 4110 τῶν
1316 4054 1760 4111 Σαδδουκαίων.
1805 4052 1996 4106 ἐπλή-

417 4144 656 4210 σθησαν
689 4141 898 4209 ζήλου.

482 4258 594 4314 Καὶ
641 4257 946 4312 ἐπέϐαλον
982 4258 1090 4323 τὰς
1135 4257 1340 4327 χεῖρας
1369 4258 1416 4290 ⁸³
1445 4257 1542 4312 ἐπὶ
1571 4258 1716 4324 τοὺς
1743 4258 1997 4314 ἀποστό-

411 4349 582 4413 λους*
612 4348 711 4401 καί
733 4348 942 4402 ἔθεντο
967 4348 1194 4414 αὐτοὺς
1225 4349 1296 4402 ἐν
1321 4348 1571 4416 τηρήσει
1603 4349 1889 4418 δημοσίᾳ.

487 4442 769 4509 Ἀγγελος
797 4439 867 4494 δὲ
892 4442 1112 4510 Κυρίου
1165 4441 1264 4496 διὰ
1334 4441 1448 4510 τῆς
1513 4443 1738 4509 νυκτὸς
1782 4443 1993 4511 ἤνοιξε

414 4528 520 4595 τὰς
573 4529 758 4596 θύρας
794 4528 907 4597 τῆς
942 4509 1247 4600 φυλακῆς,
1295 4509 1606 4600 ἐξαγαγών
1656 4547 1722 4584 τε
1774 4509 1998 4598 αὐτοὺς
2032 4509 2074 4562 D

411 4619 544 4676 εἶπε
568 4638 583 4653 ο

477 4716 850 4786 Πορεύεσθε,
871 4716 970 4772 καί
1013 4714 1344 4781 σταθέντες
1387 4713 1632 4769 λαλεῖτε
1655 4713 1725 4769 ἐν
1755 4713 1837 4780 τῷ
1862 4711 1998 4782 ἱερῷ

408 4805 494 4873 τῷ
519 4807 650 4873 λαῷ
687 4806 886 4862 πάντα
911 4807 984 4861 τὰ
996 4807 1240 4877 ῥήματα
1263 4804 1375 4873 τῆς
1399 4805 1548 4876 ζωῆς
1571 4806 1811 4874 ταύτης.

496 4922 902 4987 Ἀκούσαντες
937 4920 1006 4974 δὲ
1030 4921 1326 4988 εἰσῆλθον
1370 4920 1490 4976 ὑπὸ
1523 4919 1633 4974 τὸν
1659 4919 1882 4988 ὄρθρον
1906 4922 1996 4986 εις

406 5011 480 5065 τὸ
515 5012 696 5080 ίερὸν,
746 5013 845 5066 καί
915 5013 1262 5066 ἐδίδασκον.
1319 5012 1809 5081 Παραγενόμενος
1858 5010 1927 5064 δὲ
1955 5013 1988 5065 ὁ

408 5104 724 5172 ἀρχιερεὺς
745 5105 841 5158 καὶ
868 5108 923 5158 οί
938 5105 1067 5177 ,σὺν
1083 5104 1264 5168 αὐτῷ,
1287 5103 1712 5158 συνεκάλεσαν
1737 5102 1803 5156 τὸ
1837 5118 1990 5156 συν-

409 5193 648 5260 έδριον,
705 5193 806 5248 καί
859 5193 1071 5250 πᾶσαν
1123 5194 1240 5262 τὴν
1295 5194 1624 5262 γερουσίαν
1675 5191 1795 5246 τῶν
1840 5191 1990 5246 υίῶν

425 5284 700 5352 Ἰσραὴλ,
726 5284 824 5339 καὶ
840 5285 1213 5341 ἀπέστειλαν
1228 5287 1315 5350 είς
1337 5285 1403 5338 τὸ
1417 5283 1826 5354 δεσμωτήριον
1837 5297 1984 5336 συν-

406 5377 680 5447 αχθῆναι
692 5377 738 5410 ⁸⁸
759 5377 1006 5442 αὺτούς.

2091 3619 2157 3658 ac
2185 3602 2309 3656 vita:
2343 3598 2677 3654 honestioris
2720 3612 2852 3654 cura
2883 3606 3048 3669 atque
3103 3597 3516 3654 exercitatione.
3563 3595 3681 3651 Non

2093 3693 2239 3747 enim
2270 3692 2553 3762 signorum
2593 3687 2940 3744 solummodo
2975 3689 3236 3743 nimirum
3253 3697 3374 3742 erat
3428 3688 3505 3754 id,
3536 3688 3680 3757 quod

2094 3782 2299 3838 factum
2324 3792 2408 3838 est
2433 3797 2448 3834 :
2477 3780 2573 3837 sed
2618 3787 2673 3835 et
2699 3780 2811 3834 vita
2857 3787 2912 3833 et
2951 3780 3129 3834 virtus
3191 3779 3434 3834 virorum
3488 3794 3682 3850 magna

2097 3882 2216 3928 erat
2239 3882 2293 3928 ct.
2324 3887 2449 3928 vere
2472 3870 2803 3942 apostolica.

2168 3964 2338 4020 Vens.
2365 3963 2459 4018 17.
2493 3961 2686 4031 Itaque
2738 3977 2955 4031 surgens
2985 3963 3226 4034 pontifex
3280 3979 3400 4017 cum
3437 3961 3682 4017 omnibus

2098 4058 2209 4111 suis
2244 4071 2358 4124 quae
2379 4061 2464 4108 est
2495 4059 2637 4106 secta
2665 4066 2728 4104 ac
2755 4052 2920 4122 [actio
2955 4039 3383 4111 Sadducceorum
3422 4092 3438 4121 ,
3470 4051 3682 4106 invidia:

2098 4150 2263 4219 pleni,

2171 4266 2338 4323 Vens.
2384 4269 2466 4325 IS.
2503 4267 2700 4325 Manus
2727 4265 2984 4337 apostolis
3035 4265 3351 4333 iniecerunt,
3397 4277 3446 4320 et
3485 4280 3573 4319 eos
3627 4267 3682 4318 in

2101 4360 2400 4414 custodiam
2430 4361 2695 4427 publicam
2723 4360 3081 4413 tradiderunt.

2181 4453 2340 4508 Vsus.
2382 4454 2468 4509 l9.
2497 4453 2601 4508 Sed
2631 4455 2846 4522 angelus
2877 4451 3094 4505 Domini
3114 4461 3267 4504 noctu
3291 4449 3430 4517 fores
3457 4453 3685 4504 carceris

2105 4546 2308 4614 aperuit
2338 4561 2356 4598 :
2385 4546 2690 4615 eductisque
2720 4545 2859 4606 illis,

2175 4721 2339 4775 Vsus.
2369 4723 2459 4778 20.
2492 4720 2593 4788 Ite,
2608 4721 2863 4790 inquit,et
2889 4727 3092 4774 stantes
3122 4719 3176 4772 in
3198 4717 3388 4786 templo
3408 4717 3686 4786 loquimini

2101 4818 2290 4883 populo
2324 4817 2502 4869 omnia
2534 4815 2691 4869 verba
2723 4815 2842 4868 uitta
2867 4811 3046 4882 hujus.

2181 4927 2350 4982 Vens.
2381 4926 2704 4993 2|.Quibus
2745 4926 2826 4980 illi
2884 4923 3086 4978 auditis
3138 4924 3234 4978 sub
3284 4923 3578 4978 diluculum
3629 4923 3685 4976 in

2094 5021 2342 5089 templum
2373 5020 2598 5088 ingressi
2629 5018 2905 5072 docebant.
2941 5016 3073 5072 Cum
3103 5017 3323 5070 venisset
3353 5023 3527 5067 autem
3557 5028 3688 5080 pon-

2092 5111 2224 5180 tifex
2255 5127 2372 5163 cum
2401 5113 2535 5182 suis,
2575 5117 2990 5162 convocaverunt
3022 5106 3328 5170 concilium,
3389 5115 3436 5159 et
3483 5120 3685 5157 omnem

2088 5203 2353 5256 seniorum
2387 5199 2623 5254 ordinem
2651 5199 3044 5264 Israelitarum,
3091 5199 3449 5267 miseruntque
3477 5196 3532 5248 in
3560 5210 3684 5248 car-

2100 5309 2268 5347 cerem
2295 5293 2384 5362 qui
2412 5291 2532 5345 illos
2562 5291 2725 5345 simul
2744 5289 3086 5344 adducerent.

1618 5552 1823 5613 Variae
1854 5551 2166 5614 lectiones
2203 5557 2266 5613 et
2311 5558 2501 5614 notae.

487 5687 530 5720 ⁸¹
564 5681 898 5750 Σολομῶνος,
929 5688 1002 5732 est
1029 5679 1084 5750 in
1107 5677 1334 5747 vulgato.
1429 5677 1478 5708 δ’
1516 5675 1934 5745 προσετίθοντο,
1967 5693 1985 5728 ε

2091 5697 2102 5728 .'
2179 5676 2225 5708 ⁸⁸
2256 5674 2321 5728 1η
2354 5675 2566 5744 vulgato
2589 5683 2726 5742 post,
2781 5673 2987 5744 χεῖρας,
3021 5671 3289 5738 adjectum
3353 5683 3430 5727 est
3487 5672 3688 5728 αὐτῶν.

412 5756 467 5794 ⁸⁸
494 5748 746 5825 ἀχθῆναι,
779 5760 851 5804 est
890 5750 943 5802 in
973 5748 1206 5818 vulgato.
