4070 6426
402 458 506 526 595

1352 464 1927 526 THEOPHYLACTI
1960 462 2370 528 BULGARUE
2406 474 2449 528 A
2463 471 2604 530 liCl]
2623 465 2768 534 IEP.

3540 467 3654 538 59.5-

403 555 613 628 "abitus
663 572 726 626 ab
763 572 906 625 omni
953 571 1165 641 populo,
1215 573 1382 641 jussit
1446 582 1502 626 ut
1550 572 1776 640 apostoli
1829 573 1973 641 foras

2081 571 2162 638 τῷ
2189 575 2337 639 λαῷ,
2368 575 2696 630 ἐκέλευσεν
2725 577 2841 640 ἐξω
2877 573 3018 642 τοὺς
3040 573 3428 637 ἀποστόλους
3455 571 3657 642 ,ϐραχῦ

407 665 687 734 paululum
711 673 1182 720 summoverentur.

475 752 642 807 Vens.
671 752 760 807 55.
783 752 859 807 Ac
885 752 1018 806 dixit
1043 753 1113 806 ad
1149 753 1328 806 illos.:
1365 751 1476 806 Viri
1505 750 1790 818 Israelitw,
1819 753 1979 806 etiam

403 855 558 914 atque
574 846 732 901 etiam
764 845 905 916 apud
935 863 1023 901 vos
1043 845 1347 912 deliberate,
1371 847 1496 916 quid
1526 846 1824 901 hominibus
1853 846 1974 900 istis

404 940 607 1007 facturi
625 941 742 994 sitis
768 949 819 994 1.

475 1031 642 1087 Vens.
676 1031 766 1087 56.
822 1029 964 1084 Nam
985 1039 1105 1085 ante
1151 1026 1245 1086 Itos
1294 1032 1405 1085 dies
1448 1032 1649 1102 exstitit
1689 1024 1976 1091 Theudae,

404 1123 580 1177 dicens
610 1139 664 1176 se
695 1138 806 1177 esse
847 1123 1020 1177 nescio
1053 1139 1205 1193 quem
1237 1138 1254 1176 :
1285 1140 1403 1176 cum
1460 1139 1562 1193 quo
1613 1138 1668 1176 se
1702 1122 1978 1191 conjunxit

405 1232 653 1269 numerus
686 1215 955 1270 hominum
981 1215 1145 1285 ferme
1178 1216 1685 1285 quadringentorum
1725 1230 1744 1268 :
1775 1214 1863 1282 qui
1889 1228 1979 1266 oc-

402 1309 543 1362 cisus
559 1318 660 1371 est,
692 1318 741 1362 et
759 1324 958 1374 omnes,
977 1309 1065 1378 qui
1088 1307 1344 1377 parebant
1378 1317 1401 1344 τ
1431 1308 1500 1372 ei,
1534 1307 1782 1376 dissipati
1819 1314 1868 1358 et
1908 1303 1977 1357 ad

402 1401 626 1456 nihilum
658 1401 859 1455 redacti
878 1411 1024 1456 sunt.

485 1513 565 1570 Illi
594 1516 818 1586 quidem
863 1513 954 1570 alii
989 1515 1296 1581 audientes,
1333 1517 1517 1570 animo
1538 1514 1981 1584 compungeban-

403 1618 494 1663 tur
526 1625 540 1661 :
588 1608 640 1662 Ιιὶ
675 1623 807 1662 vero
837 1606 1350 1678 disrumpebautur,
1379 1616 1435 1661 et
1462 1606 1845 1661 deliberabam
1910 1605 1978 1660 de

404 1701 485 1756 eis
529 1698 949 1759 intcrliciendis.
998 1698 1169 1754 Porro
1201 1697 1464 1754 Gamaliel
1507 1693 1594 1753 hic
1658 1698 1815 1754 Pauli
1863 1713 1977 1750 ma-

403 1793 572 1861 gister
609 1799 730 1846 erat
765 1807 780 1845 :
833 1805 897 1846 ac
923 1791 1110 1846 mirari
1138 1806 1317 1861 operae
1343 1791 1575 1860 pretium
1625 1797 1730 1853 est,
1769 1788 1862 1858 qui
1905 1787 1978 1842 fa-

2083 681 2136 716 τι
2175 663 2422 732 ποιῆσαι
2449 669 2513 718 ⁸³.

2153 754 2304 811 Εἷπέ
2358 775 2420 812 τε
2472 758 2620 826 πρὸς
2663 759 2886 824 αὐτούς
2916 775 2928 787 ·
2980 758 3230 828 ’Ἄνδρες
3263 755 3656 825 Ἰσραηλῖται,

2081 850 2410 919 προσέχετε
2433 850 2670 915 ἑαυτοῖς
2705 850 2802 902 ἐπὶ
2833 850 2956 915 τοῖς
2974 850 3311 919 ἀνθρώποις
3338 849 3575 915 τούτοις
3601 847 3661 902 τι

2075 937 2331 1008 μέλλετε
2362 939 2678 1007 πράσσειν.

2149 1031 2270 1100 Πρὸ
2297 1029 2405 1100 γὰρ
2443 1032 2669 1085 τούτων
2696 1029 2812 1084 τῶν
2847 1030 3082 1101 ἡμερῶν
3129 1029 3356 1096 ἀνέστη
3405 1027 3659 1095 Θευδᾶς,

2079 1108 2273 1191 λέγων
2303 1118 2456 1175 εἶναι’
2484 1139 2616 1175 τινα
2652 1123 2871 1176 ἑαυτόν
2897 1140 2909 1153 ·
2949 1115 2997 1188 ᾧ
3021 1120 3493 1188 προσεκολλήθη
3528 1121 3656 1188 ἀρι-

2082 1214 2230 1282 θμὸς
2285 1212 2522 1281 ἀνδρῶν
2561 1214 2703 1268 ὡσεὶ
2764 1214 3165 1282 τετρακοσίων
3196 1230 3208 1242 ·
3242 1212 3310 1277 ὃς
3370 1211 3657 1282 ἀνῃρέθη,

2080 1304 2178 1356 καὶ
2236 1305 2461 1369 πάντες
2511 1305 2644 1358 ὅσοι
2691 1305 3001 1359 ἐπείθοντο
3036 1303 3197 1370 αὐτῷ
3223 1344 3238 1368 ,
3282 1302 3660 1370 διελύθησαν

2081 1396 2178 1449 καὶ
2201 1396 2479 1465 ἐγένοντο
2507 1399 2592 1462 εὶς
2623 1396 2823 1450 οὐδέν.

2151 1510 2215 1562 Οἱ
2253 1509 2352 1577 μὲν
2384 1510 2535 1564 ἄλλοι
2589 1510 2881 1574 ἀκούοντες
2946 1509 3360 1580 κατενύγησαν,
3418 1499 3565 1562 οὗτοι
3599 1507 3658 1561 δὲ

2078 1598 2383 1667 διεπρίοντο
2431 1600 2523 1651 καὶ
2570 1598 2918 1652 ἐϐουλεύοντο
2965 1599 3174 1653 ἀνελεῖν
3214 1597 3430 1660 αὐτούς.
3500 1596 3559 1650 ’0
3599 1597 3664 1650 δὲ

2083 1689 2362 1760 Γαμαλιήλ
2392 1682 2548 1753 οὗτος
2595 1693 2622 1744 ὁ
2655 1690 2866 1743 Παύλου
2894 1691 3214 1755 διδάσκαλος
3255 1686 3324 1755 ἦν
3361 1706 3377 1721 ·
3402 1689 3499 1744 καὶ
3528 1688 3664 1742 Ouu-

2083 1781 2254 1850 μάσαι
2289 1781 2460 1846 ἄξιον,
2489 1781 2606 1844 πῶς
2640 1784 2733 1836 καὶ
2763 1783 3078 1853 νομομαθὴς
3117 1782 3212 1850 ὢν,
3247 1782 3342 1837 καὶ
3371 1782 3470 1845 τὰς
3515 1783 3659 1836 κατὰ

401 1856 550 1939 ctum
583 1884 678 1945 sit,
706 1891 766 1937 ut
793 1895 917 1936 cum
974 1893 1027 1937 et
1089 1856 1436 1952 legisperitus
1484 1890 1651 1942 esset.
1704 1889 1759 1933 et
1788 1856 1972 1933 animi

2079 1872 2204 1925 νοῦν
2240 1872 2449 1942 κρίσεις
2490 1872 2647 1943 ἔχων,
2705 1873 2917 1926 οὐδέπω
2963 1874 3288 1926 ἐπίστευσεν
3317 1889 3332 1904 ·
3374 1856 3506 1926 ἐπεὶ
3535 1871 3660 1925 οὐδὲ

397 1974 607 2044 judicio
639 1974 920 2045 praeditus,
963 1973 1203 2029 nondum
1228 1973 1478 2029 crederet
1513 1992 1528 2028 :
1563 1975 1690 2042 quia
1741 1975 1973 2028 necdum
2010 1962 2048 1974 υ
2079 1962 2310 2026 Παῦλος-

401 2069 604 2124 Paulus
627 2067 850 2137 quidem
873 2067 1202 2123 crediderat.
1229 2065 1406 2120 Etiam
1441 2077 1604 2136 atque
1623 2066 1786 2120 etiam
1831 2065 1972 2133 apud

400 2173 501 2217 vos
547 2161 867 2225 deliberate,
931 2159 1063 2230 quid
1138 2158 1458 2214 hominibus
1524 2159 1668 2224 istis,
1718 2169 1823 2213 etc.
1869 2157 1975 2227 55

399 2251 792 2306 Animadverte
815 2251 1137 2323 prudentem
1161 2249 1490 2315 orationem,
1529 2259 1589 2304 ut
1649 2251 1732 2306 eis
1789 2251 1972 2305 statim

401 2353 674 2398 terrorem
728 2342 964 2396 incutiat
997 2361 1010 2396 :
1041 2356 1106 2395 ac
1166 2355 1235 2395 ne
1288 2341 1407 2410 ipse
1452 2349 1746 2410 suspectus
1803 2349 1971 2407 esset,

403 2445 463 2488 u‘t
495 2435 586 2504 qui
621 2433 851 2490 sentiret
902 2449 1026 2488 cum
1083 2433 1192 2489 illis
1247 2440 1504 2501 tanquam
1549 2447 1672 2486 cum
1727 2432 1972 2499 ejusdem

402 2540 588 2582 secum
625 2526 910 2582 sententiae
938 2526 1274 2592 hominibus,
1304 2525 1730 2589 sermocinatur,
1768 2532 1822 2579 et
1866 2541 1972 2579 non

405 2634 600 2688 magna
638 2619 810 2673 utitur
860 2619 1197 2673 vehementia
1228 2659 1243 2683 ,
1289 2618 1388 2674 sed
1413 2617 1486 2672 ita
1521 2630 1540 2669 τ
1583 2617 1756 2671 Etiam
1809 2627 1975 2687 atque

399 2706 590 2769 etiam,
622 2706 826 2776 inquit,
872 2705 1154 2762 vobiscum
1213 2706 1534 2770 deliberate,
1570 2706 1699 2775 quid
1741 2707 1862 2760 sitis
1895 2706 1975 2760 ia-

401 2795 566 2849 ctm-i.
602 2793 738 2850 Nam
781 2804 908 2851 ante
955 2795 1055 2850 hos
1082 2794 1223 2850 dies.
1261 2795 1374 2849 Duo
1417 2795 1568 2860 ponit
1602 2795 1871 2864 exempla,
1909 2809 1974 2848 ac

397 2893 584 2943 vetera
608 2902 715 2942 non
751 2896 1162 2953 commemorat,
1237 2886 1330 2942 sed
1368 2901 1507 2941 nova
1545 2885 1811 2954 exempla,
1845 2885 1972 2952 quia

399 2979 518 3035 haec
553 2979 621 3034 ad
646 2977 1091 3049 persuadendum
1139 2979 1263 3048 plus
1292 2977 1508 3033 roboris
1534 2977 1976 3042 babent.Quam—

399 3069 585 3124 obrem
614 3067 778 3123 etiam
815 3067 906 3122 ille
961 3067 1031 3122 de
1057 3066 1142 3122 bis
1182 3066 1493 3137 signiﬁcare
1513 3066 1700 3122 volens
1721 3066 1973 3122 dicebat:

399 3165 528 3214 ante
545 3157 648 3214 hos
702 3170 905 3227 paucos
935 3155 1076 3212 dies.
1116 3157 1194 3209 Ac
1227 3171 1350 3210 cum
1379 3156 1542 3209 etiam
1589 3155 1696 3209 alia
1731 3155 1976 3224 proferre

2394 1965 2695 2035 Προσέχετε
2750 1965 2963 2028 ἑαυτοῖς
3016 1967 3110 2020 ἐπὶ
3165 1967 3279 2028 τοῖς
3346 1962 3658 2034 ἀνθρώποις

2076 2055 2285 2120 τούτοις
2314 2057 2366 2110 τι
2407 2057 2629 2125 μέλλετε
2687 2057 2973 2126 πράσσειν.
3012 2059 3154 2128 Ὅρα
3185 2058 3284 2129 τὴν
3313 2059 3528 2111 σύνεσιν
3556 2056 3657 2125 τῆς

2075 2147 2440 2218 δημηγορίας,
2480 2147 2597 2210 πῶς
2626 2148 2826 2212 αὐτοὺς
2867 2148 3069 2211 εὐθέως
3103 2149 3183 2212 εἰς
3213 2148 3381 2217 φόϐον
3409 2146 3659 2210 ἐνέϐαλε,

2078 2239 2175 2292 καὶ
2209 2239 2350 2292 ὥστε
2390 2240 2467 2308 μὴ
2509 2241 2919 2310 ὑποπτευθῆναι
2980 2241 3146 2295 αὐτὸν
3197 2242 3272 2304 ὡς
3307 2241 3376 2295 τὰ
3430 2241 3660 2294 ἐκείνων

2078 2328 2405 2399 φρονοῦντα,
2447 2329 2523 2392 ὡς
2578 2329 2713 2399 πρὸς
2747 2328 3138 2400 ὁμογνώμονας
3177 2328 3511 2397 διαλέγεται,
3561 2325 3664 2380 καὶ

2077 2422 2137 2473 ού
2173 2420 2341 2490 πολλῇ
2374 2423 2441 2490 τῇ
2480 2420 2804 2490 σφοδρότητι
2837 2420 3103 2491 κέχρηται
3131 2435 3147 2452 ο
3183 2419 3299 2473 ἀλλ’
3333 2418 3476 2472 οὕτω
3499 2418 3658 2488 φησὶ,

2077 2511 2379 2581 προσέχετε
2429 2511 2644 2574 ἑαυτοῖς
2691 2511 2744 2562 τί
2787 2510 3011 2580 μέλλετε
3057 2511 3349 2578 πράσσειν.
3406 2507 3520 2579 Πρὸ
3546 2507 3659 2576 γὰρ

2076 2602 2285 2656 τούτων
2314 2602 2422 2654 τῶν
2449 2601 2696 2673 ἡμερῶν.
2741 2603 2845 2655 Δύο
2877 2601 3059 2672 τίθησι
3084 2602 3530 2672 παραδείγματα,
3561 2596 3659 2653 καὶ

2075 2692 2136 2745 οὐ
2179 2691 2505 2761 μνημονεύει
2544 2690 2790 2744 παλαιῶν
2820 2733 2834 2755 ,
2890 2691 3025 2746 ἀλλὰ
3089 2693 3225 2745 νέων
3277 2687 3658 2762 παραδειγμά-

2075 2800 2204 2846 των,
2240 2784 2321 2836 ὅτι
2343 2783 2410 2835 τὰ
2439 2782 2666 2836 τοιαῦτά
2693 2783 2842 2835 ἐστιν
2873 2783 2930 2836 ἐν
2951 2782 3030 2850 τῷ
3063 2782 3268 2835 πείθειν
3289 2779 3659 2849 δυνατώτερα.

2075 2874 2169 2928 Διὸ
2216 2875 2314 2927 καὶ
2358 2875 2569 2936 ἐκεῖνος
2625 2875 2833 2926 τούτων
2863 2873 3241 2941 αίνιττόμενος
3305 2871 3458 2937 ἔλεγε
3488 2910 3503 2935 ,
3551 2867 3660 2938 πρὸ

2076 2967 2272 3034 ὀλίγων
2328 2965 2534 3018 τούτων
2583 2964 2692 3016 τῶν
2723 2963 2970 3034 ἡμερῶν.
3036 2964 3217 3033 Ἔχων
3267 2961 3337 3017 δὲ
3378 2961 3472 3013 καὶ
3514 2959 3654 3013 ἄλλοι

2077 3057 2275 3122 εἰπεῖν,
2309 3055 2554 3128 ἠρκέσθη
2588 3056 2817 3120 τούτοις.
2902 3057 3026 3108 Ἐπὶ
3065 3056 3159 3109 δύο
3203 3054 3311 3123 γὰρ
3355 3051 3651 3124 μαρτύρων

2079 3151 2188 3203 πᾶν
2220 3151 2372 3221 ῥῆμα
2398 3150 2746 3217 σταθήσεται.
2781 3150 2894 3202 Οὐκ
2930 3147 3054 3202 εἶπε
3091 3148 3148 3201 δὲ
3195 3149 3300 3201 ὑπὸ
3321 3145 3484 3200 τίνων
3513 3146 3657 3198 ἐκεῖ·

401 3257 608 3319 posset,
652 3249 738 3304 bis
785 3257 1075 3304 contentus
1120 3246 1243 3302 fuit.
1281 3248 1343 3302 In
1399 3246 1616 3302 duobus
1639 3248 1782 3302 enim
1803 3249 1968 3301 testi—

2078 3261 2158 3296 νοι
2198 3242 2544 3313 ἀνηρέθησαν
2563 3283 2577 3306 ,
2606 3242 2721 3295 ἀλλ’
2743 3243 2823 3295 ὅτι
2851 3241 3085 3294 ἐνταῦθα
3111 3239 3456 3309 διελύθησαν.
3515 3237 3659 3307 Περὶ

403 3341 506 3393 bus
537 3338 803 3394 consistet
835 3353 996 3393 omne
1023 3337 1273 3393 verbum.
1334 3335 1453 3391 Non
1511 3337 1646 3391 dicit
1693 3346 1898 3402 autem,
1941 3353 1972 3391 a

400 3430 601 3499 quibus
653 3430 729 3483 illi
763 3430 875 3484 sint
895 3428 1064 3484 occisi
1097 3429 1233 3484 :sed
1261 3443 1355 3484 eos
1386 3428 1476 3483 hic
1505 3428 1638 3482 dicit
1675 3429 1974 3497 dissipatos

403 3519 598 3574 fuisse.
626 3519 702 3575 De
730 3518 959 3574 Theuda
979 3518 1315 3574 mentionem
1352 3519 1483 3574 facit
1505 3521 1672 3576 etiam
1698 3517 1976 3589 Josephus

400 3611 456 3666 in
491 3611 706 3667 decimo
739 3627 883 3667 nono
910 3612 1048 3667 libro
1081 3613 1494 3683 Antiquitatum,
1524 3621 1580 3666 ut
1601 3612 1677 3667 ait
1705 3611 1974 3667 Eusebius

398 3705 455 3758 in
501 3703 744 3760 secundo
772 3703 914 3760 libro
942 3704 1345 3759 Ecelesiasticze
1382 3703 1624 3759 historia:
1653 3704 1738 3759 his
1768 3703 1970 3758 verbis:

396 3787 534 3844 Cum
556 3789 737 3846 Fadus
767 3800 912 3846 esset
928 3787 1127 3845 Judaaa:
1156 3799 1499 3859 procuratur,
1515 3793 1596 3845 vir
1615 3791 1840 3860 quidam
1873 3790 1975 3844 int-

397 3889 610 3952 postor,
649 3883 871 3938 nomine
901 3882 1179 3950 Tlteudas,
1209 3883 1504 3954 persuadet
1546 3886 1740 3950 turbae,
1759 3894 1817 3940 ut
1841 3885 1972 3939 sub-

398 3971 521 4027 latis
583 3972 696 4026 suis
750 3971 1121 4036 facultatibus,
1158 3981 1654 4042 sequerentureum
1684 3972 1975 4028 adilumen

395 4063 714 4118 Iordanem.
758 4062 1085 4132 Prophetam
1139 4065 1285 4118 enim
1323 4080 1383 4121 se
1432 4081 1556 4121 esse
1626 4066 1862 4132 dicebat,
1920 4078 1975 4121 et

393 4156 554 4224 jussu
579 4169 681 4210 suo
722 4153 923 4208 [lumen
947 4169 1005 4209 se
1060 4155 1364 4209 scissurum
1392 4195 1408 4222 ,
1433 4165 1596 4225 atque
1625 4157 1698 4209 ita
1757 4156 1968 4211 facilem

399 4243 692 4298 transitum
725 4242 1078 4313 praebiturum
1112 4243 1420 4299 :acntultos
1440 4244 1674 4312 decepit.
1701 4246 1768 4296 At
1791 4243 1972 4299 Fadus

397 4350 495 4390 eos
527 4350 637 4389 non
670 4348 865 4404 passus
884 4342 968 4389 est
993 4348 1090 4389 sua
1124 4334 1364 4389 amentia
1402 4334 1505 4390 frui
1533 4352 1548 4389 :
1583 4337 1677 4390 scd
1706 4335 1972 4392 adversus

396 4441 492 4480 eos
514 4426 760 4495 equitum
795 4434 1032 4479 turmam
1075 4425 1280 4490 emisit,
1315 4441 1437 4496 quae
1469 4427 1669 4482 multos
1703 4426 1973 4482 interiecit

396 4525 452 4572 et
483 4517 634 4571 vivos
665 4517 898 4586 cepitex
938 4516 1075 4572 illis.
1097 4517 1272 4587 Atque
1293 4518 1464 4588 ipsius
1522 4515 1762 4574 Theudae
1801 4527 1967 4589 caput

395 4617 736 4678 amputatum
765 4607 1196 4680 Hierosolymam
1228 4617 1466 4679 portant.

465 4699 638 4756 Vens.
666 4700 758 4755 3'7.
796 4699 926 4754 Post
958 4701 1096 4754 hunc
1133 4701 1339 4755 exstitit
1397 4699 1572 4756 ludas
1612 4699 1869 4758 Galilwus
1919 4704 1976 4756 in

1990 4606 2044 4666 D

2077 3335 2253 3388 Θευδᾶ
2285 3335 2559 3404 μέμνηται
2591 3334 2687 3386 καὶ
2731 3333 2994 3404 Ἰώσηπος
3026 3333 3084 3384 ὲν
3120 3332 3197 3402 τῷ
3223 3331 3289 3385 ιϐ’
3330 3328 3518 3400 βιϐλίῳ
3557 3329 3657 3398 τῆς

2091 3426 2522 3497 Ἀρχαιολογίας,
2557 3427 2630 3489 ὥς
2684 3444 2850 3496 φησιν
2891 3426 3150 3489 Εὐσέϐιος
3199 3427 3255 3478 ἐν
3299 3423 3376 3493 τῷ
3419 3421 3660 3493 δευτέρῳ

2077 3520 2175 3589 τῆς
2214 3520 2706 3591 Ἐκκλησιαστικῆς
2750 3521 3014 3590 Ἱστορίας
3047 3519 3210 3572 οὕτω·
3251 3518 3423 3571 Φάδου
3464 3515 3521 3568 δὲ
3553 3514 3657 3582 τῆς

2090 3610 2348 3674 Ἰουδαίας
2399 3611 2888 3680 ἐπιτροπεύοντος,
2937 3612 3072 3679 γόης
3133 3627 3218 3674 τις
3271 3608 3416 3679 ἀνὴρ
3451 3605 3658 3664 Θευδᾶς

2075 3701 2320 3769 ὀνόματι,
2351 3701 2529 3754 πείθει
2567 3701 2656 3754 τὸν
2689 3701 2870 3770 ὄχλον,
2911 3699 3278 3763 ἀναλαϐόντας
3293 3699 3391 3762 τὰς
3433 3697 3657 3765 κτήσεις

2076 3792 2283 3858 αὐτῶν,
2321 3792 2551 3847 ἔπεσθαι
2577 3793 2714 3864 πρὸς
2741 3793 2832 3847 τὸν
2873 3793 3150 3863 Ἰορδάνην
3195 3790 3473 3861 ποταμόν.
3511 3789 3668 3858 Προεί

2077 3886 2254 3955 φήτης
2303 3883 2412 3954 γὰρ
2453 3884 2642 3951 ἔλεγεν
2685 3879 2850 3949 εἶναι,
2879 3885 2971 3938 καὶ
3002 3883 3388 3956 προστάγματι
3419 3881 3511 3934 τὸν
3553 3895 3656 3933 πο-

2073 3975 2247 4045 ταμὸν
2291 3974 2482 4043 σχίσας
2529 3973 2700 4027 δίοδον
2733 3973 2840 4044 ἔφη
2893 3974 3154 4045 παρέξειν
3211 3973 3390 4034 αὐτοῖς
3451 3969 3653 4042 ῥᾴδιον,

2077 4068 2170 4120 καὶ
2203 4066 2433 4129 πολλοὺς
2489 4067 2810 4136 ἠπάτησενο
2849 4067 2908 4119 οὐ
2949 4067 3055 4138 μὴν
3091 4067 3273 4118 εἴασεν
3311 4063 3512 4126 αὐτοὺς
3552 4061 3655 4128 τῆς

2074 4159 2388 4228 ἀφροσύνης
2439 4158 2665 4212 ὄνασθαι
2729 4157 2897 4221 Φᾶδος
2938 4175 2952 4190 '
3013 4158 3127 4211 ἀλλ’
3187 4156 3494 4228 ἐξέπεμψεν
3535 4154 3655 4225 ί).ην

2077 4251 2288 4304 ἱππέων
2334 4251 2421 4304 ἐπ’
2449 4250 2668 4312 αὐτοὺς,
2722 4250 2843 4319 ἥτις
2873 4249 3102 4314 πολλοὺς
3152 4250 3331 4304 ἀνεῖλε
3373 4251 3464 4304 καὶ
3518 4245 3655 4310 ἐζώ-

2074 4359 2286 4412 γρησεν
2319 4343 2379 4407 ἐξ
2427 4342 2636 4408 αὐτῶν,
2667 4343 2832 4395 αὐτοῦ
2870 4359 2932 4396 τε
2962 4343 3056 4398 τοῦ
3086 4344 3262 4397 Θευδᾶ
3287 4344 3386 4414 τὴν
3417 4338 3662 4410 κεφαλὴν

2073 4434 2438 4503 ἀποτέμνουσι
2476 4434 2572 4488 καὶ
2599 4433 2920 4504 κομίζουσιν
2951 4437 3032 4497 είς
3075 4435 3448 4506 Ἰεροσόλυμα.

2148 4701 2309 4756 Μετὰ
2338 4700 2558 4756 τοῦτον
2584 4700 2816 4768 ἀνέστη
2861 4700 3096 4765 Ἰούδας
3144 4703 3176 4754 ὀ
3215 4701 3546 4763 Γαλιλαῖος
3590 4698 3661 4750 ἐν

394 4792 576 4846 diebus
610 4793 973 4860 professionis,
1009 4810 1072 4847 ac
1117 4795 1251 4848 satis
1289 4794 1496 4849 multos
1531 4795 1768 4850 homines
1823 4795 1894 4849 ad
1924 4813 1973 4850 se

2078 4793 2209 4860 ταῖς
2230 4793 2478 4863 ἡμέραις
2505 4792 2618 4861 τῆς
2645 4791 3021 4863 ἀπογραφῆς,
3049 4795 3148 4845 καὶ
3171 4791 3482 4858 ἀπέστησε
3502 4791 3658 4845 λαὸν

399 4881 635 4934 traduxit
661 4891 708 4935 ⁸.
739 4880 843 4935 Ille
857 4899 1058 4952 quoque
1094 4883 1282 4952 periit:
1311 4893 1360 4937 et
1399 4902 1600 4953 omnes,
1629 4887 1720 4957 qui
1757 4887 1805 4941 ei
1826 4901 1980 4953 pare-

399 4971 548 5034 bant,
578 4969 826 5041 dissipati
881 4981 1024 5027 sunt.

469 5064 636 5120 Vens.
659 5065 750 5119 58.
780 5065 848 5118 Et
877 5082 1016 5120 nunc
1053 5067 1171 5121 dico
1215 5069 1356 5122 vobis
1379 5085 1396 5119 :
1426 5067 1689 5122 abstinete
1717 5069 1781 5120 ab
1804 5069 1970 5122 homi-

396 5157 548 5210 nibus
601 5157 740 5224 istis,
770 5165 820 5210 et
846 5157 1035 5211 missos
1058 5157 1220 5228 facite
1249 5159 1395 5212 illos.
1426 5157 1569 5212 Nam
1593 5160 1639 5212 si
1673 5158 1971 5214 humanum

398 5251 556 5316 fuerit
584 5252 681 5305 Itoc
716 5252 1000 5306 consilium
1021 5261 1117 5305 aut”
1133 5251 1229 5306 Itoc
1256 5268 1410 5318 opus,
1433 5251 1863 5320 labe/'actabitur.

2078 4882 2291 4933 ἱκανὸν
2357 4880 2552 4933 ὀπίσω
2610 4880 2792 4935 αὐτοῦ
2822 4897 2836 4910 ·
2892 4879 3171 4945 κάκεῖνος
3228 4879 3498 4934 ἀπώλετο
3555 4877 3656 4933 καί

2080 4971 2302 5037 πάντες
2329 4969 2462 5025 ὅσοι
2513 4970 2828 5026 ἐπείθοντο
2856 4968 3038 5035 αὐτῷ,
3073 4971 3654 5038 διεσκορπίσθησαν.

2150 5064 2259 5116 Καὶ
2298 5063 2371 5116 τὰ
2425 5063 2544 5116 νῦν
2576 5061 2732 5132 λέγω
2780 5063 2946 5132 ὑμῖν,
2985 5063 3318 5129 ’Λπόστητε
3365 5061 3486 5117 ἀπὸ
3538 5060 3659 5112 τῶν

2079 5153 2405 5221 ἀνθρώπων
2438 5155 2689 5219 τούτων,
2732 5155 2830 5208 καὶ
2857 5155 3077 5208 ἐάσατε
3102 5155 3324 5220 αὐτούς
3349 5169 3364 5185 ·
3421 5153 3510 5206 ὅτι
3548 5153 3664 5205 ἐὰν

2079 5241 2122 5318 ᾖ
2158 5245 2228 5310 ἐξ
2265 5247 2590 5315 ἀνθρώπιον
2626 5247 2665 5313 ἡ
2711 5246 2918 5315 βουλὴ
2969 5247 3120 5314 αὕτη
3171 5246 3214 5277 ⁶⁴⁵
3272 5246 3310 5315 ἣ
3367 5246 3433 5300 τὸ
3480 5247 3660 5316 ἔργον

2081 5337 2282 5401 τοῦτο,
2313 5339 2813 5406 καταλυθήσεται.

1604 5518 1805 5580 Varia)
1851 5519 2168 5583 lectiones
2206 5528 2264 5582 et
2307 5530 2496 5584 nota).

471 5663 514 5694 ⁸³
551 5664 616 5717 In
645 5667 854 5736 uulgato
910 5680 1007 5737 est,
1050 5671 1154 5737 ἔξω
1205 5671 1376 5742 βραχύ
1408 5691 1461 5725 τι
1492 5673 1616 5736 τοὺς
1649 5674 1973 5738 ἀποστόλους

2078 5677 2260 5746 ›ιῆσαι.
2343 5679 2388 5709 ⁸⁸
2430 5677 2591 5748 αὕτη.
2633 5679 2970 5734 desideratur
3000 5681 3056 5734 in
3091 5682 3326 5752 vulgato.

472 5811 496 5891 ξ
632 5805 897 5891 “attendite
929 5809 1068 5861 vobis
1098 5810 1565 5878 superhomiuibus
1601 5815 1738 5882 istis,
1764 5814 1888 5883 quid
1917 5819 2089 5870 acturi
2112 5817 2251 5873 sitis.
2332 5823 2364 5856 ι’
2394 5818 2450 5872 ν.
2487 5821 2780 5875 credebant.
2820 5822 2950 5891 Sup.
2995 5840 3108 5890 cap.
3145 5839 3216 5876 tv.
3297 5837 3321 5863 ει
3361 5824 3418 5880 ν.

407 5873 587 5925 ut'crtil
626 5882 740 5937 post
768 5889 838 5927 se.

3465 5831 3518 5881 et
3562 5826 3650 5887 Ε..
