4070 6436
425 459 535 524 603

1397 463 1973 549 THEOPHYLACTI
2015 457 2424 522 BUI.GARI:E
2461 455 2814 521 ARCHIEP'.

3609 456 3717 520 604

432 576 696 631 nefariam
722 575 947 643 caulem,
968 591 1072 646 qua
1092 591 1152 632 se
1173 580 1558 645 cruentabant,
1583 596 1690 635 nun
1721 578 2009 645 timebant,

2133 575 2299 644 μένων
2340 571 2643 643 βλάψωσιν.
2684 574 2800 626 Οὐκ
2829 566 2986 624 εἷπον
3020 569 3101 637 δὲ,
3141 570 3224 623 ὅτι
3268 568 3443 633 λαλεῖ,
3483 569 3626 634 ἀλλ’,
3649 571 3732 625 οὗ⁸

431 668 527 724 sed
560 668 1021 724 existimationem
1059 670 1346 726 hominum
1377 671 1771 742 reSpiciebant.
1805 672 1881 725 Ae
1910 671 2012 724 fal-

441 773 536 814 sos
572 768 737 814 teSIes
768 758 879 830 59
905 759 1302 830 perduxerunt,
1350 762 1446 831 qui
1485 762 1752 818 dicerent.
1800 761 2016 832 Ubique

437 850 632 905 falsum
684 851 1062 906 testimonium
1105 853 1430 908 intentatur.
1464 852 1583 909 Non
1615 855 1762 909 enim
1808 854 2020 920 simpli-

435 945 579 998 citer
624 943 878 999 volebant
928 944 1236 999 interficere
1261 986 1276 1009 ,
1340 945 1437 1001 sed
1476 946 1582 1000 lata
1617 947 1922 1001 sententia:
1961 954 2018 1000 ut

435 1034 601 1088 etiam
625 1034 1105 1099 existimationem,
1135 1044 1194 1088 ut
1223 1037 1509 1101 rebantur,
1531 1038 1788 1093 laederent
1805 1051 2020 1103 eorum,

435 1122 530 1191 qui
555 1122 1019 1177 interﬁcerentur.
1055 1123 1173 1178 Non
1206 1125 1463 1180 dicebant
1503 1134 1686 1181 autem
1722 1144 1736 1181 :
1771 1125 2021 1196 profert:

437 1212 557 1273 sed.
610 1228 724 1267 non
758 1212 965 1269 desinit
1017 1214 1277 1284 perferre.
1332 1217 1657 1272 Audivimus
1696 1218 1841 1273 enim
1900 1233 2022 1272 eum

436 1300 744 1357 dicentem:
776 1301 937 1359 Jesus
985 1304 1324 1361 Nazarenus.
1380 1306 1814 1372 Contumeliose,
1850 1306 2025 1362 Naza-

435 1406 626 1457 renus,
657 1392 860 1463 inquit,
880 1395 1208 1451 demolietur
1241 1397 1390 1451 hunc
1419 1398 1622 1452 locum.
1658 1395 1770 1451 Hoc
1800 1398 1926 1452 item
1954 1397 2025 1453 de

433 1479 661 1538 Christo
694 1484 986 1541 dicebant:
1013 1489 1103 1557 qui
1127 1489 1366 1544 destruis
1390 1489 1650 1559 templum
1684 1488 1809 1543 hoc.
1844 1487 2019 1543 Maxi-

2117 666 2348 720 παύεται
2374 665 2572 718 λαλῶν.
2609 664 2959 735 Ἀκηκόαμεν
2984 662 3095 734 γὰρ
3126 660 3294 715 αὑτοῦ
3324 660 3598 729 λέγοντος,
3625 663 3709 715 ὅτι

2125 756 2334 821 Ἰησοῦς
2376 758 2403 808 ὁ
2447 755 2788 826 Ναζωραῖος.
2826 751 3307 816 Ὀνειδιστικῶς,ὀ
3349 751 3712 823 Ναζωραῖος)

2117 848 2288 918 φησὶ,
2325 846 2616 900 καταλύσει
2653 846 2746 900 τὸν
2778 847 2944 899 τόπον
2982 843 3196 899 τοῦτον.
3233 842 3407 897 Τοῦτο
3447 846 3543 898 καὶ
3586 845 3718 913 περὶ

2117 941 2214 996 τοῦ
2257 941 2497 1007 Χριστοῦ
2538 941 2762 1008 ἔλεγον⁹
2803 942 2832 993 ὁ
2871 938 3159 994 καταλύων
3196 937 3291 992 τὸν
3330 937 3458 991 ναὸν
3499 935 3714 991 τοῦτον.

2121 1034 2296 1104 Πολλὴ
2325 1035 2434 1104 γὰρ
2461 1029 2529 1104 ἦν
2549 1034 2746 1095 ,αὐτοῖς
2775 1032 3032 1086 εὐλάϐεια
3062 1031 3194 1097 περὶ
3221 1030 3319 1083 τοῦ
3351 1028 3507 1082 ναοῦ.
3540 1028 3717 1098 Διπλῆ

2119 1122 2176 1175 δὲ
2214 1125 2249 1193 ἡ
2293 1122 2634 1193 κατηγορία·
2670 1124 2719 1175 εἰ
2741 1121 2959 1188 ἀλλάξει
2989 1119 3061 1174 τὰ
3097 1120 3217 1189 ἔθη,
3253 1120 3347 1172 καὶ
3385 1117 3553 1189 ἕτερα
3591 1118 3721 1170 ἀντ·

2121 1215 2345 1279 εισάξει.
2381 1214 2756 1283 Ἀτενίσαντες
2786 1215 2842 1268 δὲ
2906 1213 2987 1276 εἰς
3020 1211 3184 1266 αὐτὸν
3240 1210 3440 1274 πάντες
3472 1212 3522 1263 οἱ
3555 1212 3615 1262 ὲν
3640 1209 3721 1279 τῷ

2124 1305 2389 1377 συνεδρίῳ
2408 1344 2423 1369 ,
2460 1302 2598 1358 εἶδον
2631 1305 2691 1358 τδ
2725 1305 3024 1375 πρόσωπον
3054 1300 3224 1357 αὐτοῦ
3254 1302 3392 1355 ὡσεὶ
3424 1302 3721 1373 πρόσωπον

2127 1397 2383 1465 ἀγγέλου.
2427 1397 2718 1468 Ἐπίχαριν
2752 1397 3009 1467 ἐποέησεν
3041 1395 3209 1451 αὐτὸν
3239 1396 3267 1447 ὁ
3302 1394 3457 1457 Θεὸς.
3499 1392 3719 1462 Ἐπειδὴ

2120 1492 2229 1559 γὰρ
2265 1490 2459 1559 ἔμελλέ
2488 1507 2610 1543 τινα
2644 1492 2812 1560 ἐρεῖν,
2844 1489 3154 1552 ῖναεύθέως
3172 1490 3239 1559 τῇ
3262 1487 3527 1559 προτόψει
3547 1502 3721 1540 κατα-
3772 1492 3773 1495 “

436 1587 525 1628 me
555 1574 699 1629 enim
722 1577 926 1647 templo
958 1580 1300 1634 metuebant.
1340 1578 1434 1634 Est
1481 1588 1666 1635 autem
1712 1580 1921 1635 crimen
1953 1595 2020 1635 ac

2133 1581 2302 1653 πλήξῃ
2360 1582 2580 1647 αὐτοὺς,
2606 1582 2855 1649 ἐδόξασεν
2907 1581 3076 1636 αὐτοῦ
3116 1581 3177 1634 τὸ
3219 1581 3535 1651 πρόσωπον.
3560 1577 3724 1631 Ἔστι

437 1664 767 1736 disceptatio
791 1667 990 1739 duplex
1016 1686 1032 1726 :
1063 1685 1135 1725 an
1170 1679 1483 1727 mutaturus
1506 1671 1579 1726 sit
1607 1672 1747 1726 ritus
1778 1683 1832 1727 et
1861 1674 2022 1727 insti-

2133 1673 2245 1744 γὰρ.
2278 1674 2375 1728 καὶ
2426 1674 2696 1744 πρόσωπα
2741 1675 2965 1746 χάριτος
3009 1675 3253 1744 γέμοντα
3302 1671 3716 1743 πνευματικῆς,

439 1765 554 1811 tuta
576 1798 592 1821 ,
626 1767 681 1813 et
706 1760 811 1815 alia
841 1776 939 1831 pro
969 1762 1036 1817 iis
1063 1762 1419 1818 iastituturus
1464 1772 1519 1818 et
1548 1763 1995 1820 introductnrus.

2133 1769 2393 1838 ιπὲραστα
2418 1771 2530 1832 τοῖς
2559 1767 2819 1822 ποθοῦσιν
2842 1809 2860 1835 ,
2894 1768 3153 1837 αἰδέσιμα
3182 1766 3242 1820 δὲ
3266 1768 3380 1828 τοῖς
3409 1765 3649 1837 ἐχθροῖς.

438 1843 722 1905 lntuentes
768 1862 949 1906 autem
975 1866 1101 1907 eum
1133 1866 1349 1914 omnes.
1423 1852 1515 1922 qui
1589 1853 1858 1909 sedebant
1934 1855 1990 1909 in
2032 1859 2291 1925 concilio,
2324 1859 2581 1914 viderunt
2605 1859 2799 1914 faciem
2827 1860 2947 1929 ejus
2975 1868 3235 1928 tanquam
3287 1858 3484 1911 faciem
3515 1856 3723 1927 angelic

438 1936 740 1995 Venustutn
766 1950 821 1998 et
849 1942 1136 1998 amabilem
1170 1943 1321 1997 illum
1377 1943 1519 2000 Deus
1553 1944 1829 2000 effecerat.
1866 1944 2136 2011 Quoniam
2165 1949 2313 2004 enim
2348 1952 2614 2005 nonnulla
2682 1950 2939 2006 dicturus
2984 1960 3126 2010 erat.
3176 1959 3238 2004 ut
3312 1950 3500 2003 statim
3597 1949 3721 2017 ipso

436 2043 661 2103 aspectu
692 2034 1147 2103 perterrefaceret
1174 2050 1298 2102 eos,
1321 2037 1622 2093 illustravit
1683 2038 1806 2107 ejus
1868 2037 2089 2097 faciem.
2128 2040 2267 2097 Sunt
2310 2043 2456 2099 enim
2503 2045 2668 2100 etiam
2714 2043 2901 2098 vultus
2966 2043 3274 2114 spiritualis
3309 2042 3499 2113 gratiae
3551 2042 3725 2113 pleni,

436 2124 700 2179 amabiles
731 2124 1089 2196 diligentibus
1111 2135 1167 2182 et
1198 2128 1483 2184 reverendi
1515 2129 1785 2185 inimicis.

1035 2221 1267 2280 CAPUT
1298 2222 1410 2279 VII.

509 2309 677 2370 Vsus.
714 2314 765 2369 ί.
803 2311 1057 2385 Pontifex
1081 2325 1257 2371 autem
1289 2316 1429 2371 dixit
1449 2331 1470 2372 :
1500 2316 1582 2372 An
1609 2319 1790 2390 utique
1820 2318 1931 2376 luce
1945 2320 2024 2374 ita

434 2402 608 2455 sunt?

511 2488 680 2548 Vsus.
708 2491 767 2545 2.
793 2492 863 2546 At
890 2491 979 2548 ille
1013 2492 1150 2548 dixit
1171 2510 1190 2548 :
1219 2493 1333 2550 Viri
1377 2495 1577 2565 fratres
1606 2505 1657 2552 et
1683 2505 1886 2566 patres,
1931 2514 2028 2551 au-

436 2580 580 2637 dite:
607 2580 746 2638 Deus
768 2570 1033 2654 gloriosus
1055 2588 1307 2654 apparuit
1328 2588 1473 2657 patri
1524 2599 1706 2644 nostra
1724 2590 2029 2644 Abrahamo

439 2691 558 2730 cum
583 2685 719 2732 esset
766 2678 821 2732 in
873 2676 1289 2747 Mesopotamia,
1321 2690 1608 2751 antequam
1656 2681 1929 2737 habitaret
1970 2683 2026 2736 in

437 2767 708 2823 Charran.

510 2859 670 2915 Vsus.
697 2862 839 2944 5ηΑσ
867 2862 1006 2918 dixit
1034 2864 1104 2917 ad
1128 2880 1248 2919 eum
1270 2879 1292 2919 :
1317 2863 1571 2937 Relinque
1599 2866 1832 2934 patriam
1856 2876 2026 2933 tuam,

436 2959 489 3005 et
537 2964 792 3023 cognatos
836 2964 981 3018 tuos.
1031 2971 1095 3009 ac
1139 2960 1255 3010 veni
1299 2957 1355 3011 in
1391 2958 1677 3028 regionem,
1725 2976 1885 3029 quam
1933 2959 2028 3013 tibi

439 3041 735 3096 ostendam.

514 3131 679 3187 Vsus.
712 3133 765 3187 4.
814 3132 961 3188 Tum:
1004 3152 1244 3205 egressus
1279 3137 1345 3190 de
1381 3115 1589 3208 regione
1632 3138 2026 3209 Chaldworum,

439 3225 701 3282 habitavit
725 3226 780 3281 in
806 3226 1077 3282 .Charran.
1119 3230 1288 3296 Atque
1320 3228 1492 3293 illine,
1522 3229 1613 3283 ubi
1651 3241 1893 3287 mortuus
1910 3243 2028 3287 erat

438 3319 555 3387 ejus
581 3329 755 3387 pater,
777 3320 1019 3374 traduxit
1047 3336 1166 3375 eum
1195 3322 1249 3375 in
1279 3322 1416 3375 hanc
1447 3323 1733 3393 regionem,
1754 3341 1917 3395 quam
1940 3343 2026 3381 vos

441 3425 583 3465 nunc
618 3411 879 3467 incolitis.

515 3499 686 3557 Vens.
720 3502 772 3558 5.
822 3502 889 3557 Et
919 3520 1023 3558 non
1056 3503 1204 3559 dedit
1246 3507 1295 3559 ei
1322 3506 1377 3560 in
1411 3505 1509 3560 illa
1535 3508 1659 3577 jure
1682 3507 2029 3563 hareditario

2751 2223 2846 2279 ΚΕ
2860 2223 3003 2280 DAA.
3046 2225 3123 2279 Z'.

2192 2316 2342 2375 Εἶπε
2367 2318 2438 2374 δὲ
2462 2322 2497 2374 ὁ
2520 2318 2835 2388 ἀρχιερεύς
2851 2333 2864 2347 ο
2895 2320 2965 2372 El
2992 2318 3107 2385 ἄρα
3133 2315 3320 2370 ταῦτα
3344 2315 3535 2382 οὕτως
3561 2316 3722 2386 ἕχει;

2210 2494 2274 2549 '0
2302 2494 2371 2549 δὲ
2396 2494 2511 2564 ἔφη
2530 2511 2543 2524 ·
2560 2492 2811 2563 Ἀνδρες
2840 2492 3089 2562 ἀδελφοὶ
3119 2491 3216 2546 καὶ
3248 2489 3522 2558 πατέρες,
3541 2489 3724 2544 dncti-

2131 2602 2302 2641 σατε’
2340 2591 2372 2642 ό
2414 2587 2560 2652 Θεὸς
2595 2584 2706 2653 τῆς
2748 2584 2936 2652 δόξης
2978 2584 3145 2653 ὤφθη
3209 2581 3291 2648 τῷ
3329 2582 3513 2650 Πατρὶ
3558 2580 3729 2649 ἡμῶν

2142 2679 2388 2748 Ἀϐραὰμ
2423 2678 2555 2732 ὄντι
2585 2677 2657 2731 ἐν
2685 2675 2758 2745 τῇ
2787 2676 3241 2745 Μεσοποταμίᾳ,
3276 2677 3423 2742 πρὶν
3449 2675 3486 2743 ἢ
3518 2689 3721 2728 natat-

2105 2771 2315 2841 ’κῆσαι
2340 2771 2528 2825 αὐτὸν
2555 2769 2624 2822 ἐν
2655 2768 2915 2837 Χαῤῥάν.

2199 2863 2310 2918 Kal
2341 2859 2473 2930 εἷπε
2503 2860 2649 2929 πρὸς
2680 2860 2868 2915 αὐτόν
2886 2876 2898 2889 ·
2923 2857 3175 2924 Ἔξελθε
3204 2858 3272 2912 ἐκ
3298 2856 3409 2926 τῆς
3437 2857 3550 2928 γῆς
3580 2875 3726 2927 σου,

2129 2955 2231 3009 καὶ
2264 2953 2374 3022 τῆς
2410 2951 2770 3023 συγγενείας
2809 2967 2954 3016 σου,
2993 2950 3094 3004 καί
3129 2949 3308 3019 δεῦρο
3339 2952 3426 3016 εἰς
3460 2950 3579 3020 γῆν
3641 2951 3726 3019 ἢν

2128 3046 2206 3100 ἄν
2232 3062 2334 3100 σοι
2364 3045 2567 3109 δείξω.
3202 3048 3207 3053 ”

2207 3137 2344 3192 Τότε
2392 3136 2659 3204 ἐξελθὼν
2703 3138 2774 3192 ἐκ
2817 3137 2927 3207 τῆς
2954 3136 3297 3204 Χαλδαίων,
3348 3134 3591 3202 ᾤκησεν
3634 3135 3725 3201 εις

2130 3230 2450 3299 Χαρῤάν⁷⁶ο
2492 3229 2807 3296 Κάκεῖθεν,
2818 3229 2970 3297 μετὰ
3004 3227 3071 3282 τὸ
3108 3226 3439 3282 ἀποθανεῖν
3469 3227 3577 3279 τὸν
3611 3243 3721 3279 πα-

2127 3320 2271 3389 τέρα
2311 3321 2522 3385 αὐτοῦ,
2566 3319 2924 3390 μετῴκησεν
2965 3321 3052 3385 εις
3095 3318 3211 3386 τὴν
3246 3316 3367 3388 τῆν
3403 3319 3633 3386 ταύτην
3655 3319 3723 3381 ⁷⁷,

2127 3415 2216 3478 εἰς
2249 3410 2329 3479 ἣν
2356 3412 2529 3482 ὑμεῖς
2561 3412 2680 3467 νῦν
2702 3410 3050 3467 κατοικεῖτε.
3620 3444 3629 3451 -

2203 3504 2310 3558 Kal
2355 3507 2468 3557 οὐκ
2513 3503 2741 3557 ἔδωκεν
2783 3502 2944 3567 αὑτῷ
2985 3502 3397 3571 κληρονομίαν
3431 3500 3502 3554 ἐν
3540 3499 3723 3567 αὐτῇ,

441 3592 845 3660 possessionem,
877 3610 972 3649 nec
1008 3596 1098 3648 ubi
1120 3595 1266 3663 pedis
1301 3595 1330 3636 ά
1361 3596 1573 3666 quidem
1623 3598 1898 3668 vestigium
1925 3614 2022 3665 po-

2133 3593 2268 3649 οὑδὲ
2289 3593 2464 3663 ,βῆμα
2509 3593 2698 3661 ποδός
2721 3610 2736 3627 ο
2768 3594 2865 3648 καὶ
2894 3593 3292 3663 ἐπηγγείλατο
3317 3592 3529 3647 δοῦναι
3559 3590 3733 3655 αὐτῷ

442 3692 609 3758 neret,
642 3701 704 3738 ac
746 3687 1018 3755 pollicitus
1049 3698 1129 3744 est
1170 3707 1226 3744 se
1244 3690 1398 3745 illam
1442 3693 1490 3745 ei
1535 3693 1864 3763 posterisque
1908 3692 2024 3762 ejus

443 3773 786 3830 obtinendam
816 3787 937 3847 post
958 3779 1113 3834 illum
1149 3798 1263 3836 esse
1292 3782 1572 3848 daturum,
1601 3800 1723 3837 cum
1748 3785 1979 3838 sobolem
1999 3795 2023 3824 ο

443 3883 548 3921 non
571 3867 808 3924 haberet.

500 3956 681 4013 'Vsns.
709 3957 764 4012 6.
796 3957 1028 4016 Locutus
1051 3969 1129 4016 est
1160 3972 1335 4017 autem
1363 3964 1441 4016 ita
1478 3963 1640 4030 Deus,
1679 3963 1816 4032 fore.
1850 3975 1906 4017 ut
1929 3979 2026 4034 po-

440 4048 707 4117 steriejns
742 4049 990 4116 inquilini
1021 4058 1195 4104 essent
1245 4051 1301 4104 in
1351 4052 1560 4120 regione
1607 4051 1821 4111 aliena,
1871 4062 1921 4104 et
1957 4050 2022 4104 ab

443 4139 752 4209 alienigenis
784 4141 843 4194 in
887 4144 1192 4194 servitutem
1243 4139 1604 4211 redigerentur
1672 4158 1736 4195 ac
1780 4142 2026 4195 tradendi

444 4237 639 4296 essent,
695 4230 1150 4299 incommodisque
1195 4240 1245 4285 et
1291 4231 1507 4301 injuriis
1544 4231 1802 4302 efﬁciendi
1854 4248 2024 4286 annos

443 4320 882 4389 quadringentos.

521 4410 684 4466 Vnus.
724 4412 776 4466 7.
801 4414 877 4466 Ac
911 4414 968 4467 in
1003 4414 1269 4468 nationem
1294 4412 1399 4487 {cui
1424 4416 1720 4481 servierint,
1763 4433 1856 4487 ego
1893 4415 2025 4470 ani-

445 4503 773 4556 madvertam
810 4502 855 4569 ί,
877 4504 1015 4558 dixit
1042 4503 1205 4559 Deus.
1608 4578 1617 4585 ρ

514 4591 591 4646 Illi
628 4593 897 4659 facinora,
932 4595 1131 4667 quibus
1173 4594 1357 4651 divina
1394 4597 1651 4667 majestas
1707 4594 2025 4658 laedebatur,

441 4687 730 4742 admittere
772 4703 884 4743 non
939 4690 1210 4745 curabant
1268 4707 1282 4744 :
1339 4699 1396 4745 et
1452 4691 1583 4746 huic
1619 4690 1784 4745 verba
1826 4696 2029 4758 protu-

444 4780 573 4833 lisse
636 4794 762 4834 eum
831 4780 1032 4849 quibus
1116 4780 1301 4836 divina
1375 4783 1633 4853 majestas
1690 4780 2023 4842 laederetur,

441 4869 660 4923 t'ritttilti
691 4869 912 4923 dabant.
968 4871 1047 4924 Ac
1079 4869 1256 4926 Moses
1287 4867 1513 4938 ’nbiquc
1543 4873 1569 4912 ε
1597 4871 1795 4926 insidet
1827 4868 2027 4923 animis

2100 3688 2215 3752 σείς
2245 3685 2622 3755 κατάσχεσιν
2645 3687 2863 3754 αὐτὴν.
2895 3684 2995 3739 καὶ
3020 3683 3100 3750 τῷ
3129 3685 3429 3753 σπέρματι
3459 3683 3648 3738 αὐτοῦ
3669 3684 3721 3715 ⁷⁸

2120 3780 2249 3849 μετ’
2273 3780 2482 3843 αὐτὸν,
2518 3781 2631 3834 οὐκ
2661 3778 2834 3846 ὄντος
2865 3777 3027 3843 αὐτῷ
3059 3777 3297 3831 τέκνου.

2197 3956 2505 4024 Ἔλάλησε
2527 3955 2595 4009 δὲ
2619 3954 2808 4021 οὕτως
2832 3956 2866 4008 o'
2895 3954 3061 4019 Θει¹ς,
3085 3954 3171 4007 ὅτι
3199 3954 3371 4009 ἔσται
3393 3955 3457 4007 τὸ
3479 3952 3725 4022 σπέρμα

2127 4049 2317 4105 αὑτοῦ
2351 4049 2643 4119 πάροικον
2672 4047 2746 4103 ἐν
2776 4044 2854 4116 τῇ
2887 4047 3201 4115 ἀλλοτρίᾳ,
3237 4048 3335 4100 καὶ
3369 4046 3722 4101 δουλώσου-

2127 4157 2235 4196 σιν
2269 4144 2436 4203 αὐτὸ,
2476 4140 2575 4195 καὶ
2617 4139 3090 4209 παραδώσουσιν
3119 4138 3268 4195 αὐτὸ
3284 4139 3331 4173 ⁷⁸
3396 4141 3495 4194 καὶ
3533 4137 3724 4193 κακώ-

2127 4249 2353 4291 σουσιν
2380 4234 2484 4302 ἔτη
2515 4236 2891 4303 τετρακόσια.

2200 4411 2311 4466 Kal
2343 4412 2409 4465 τὸ
2447 4412 2629 4476 ἔθνος
2662 4401 2713 4478 ᾧ
2753 4410 2862 4463 ἐὰν
2895 4410 3277 4467 δουλεύσωσι
3297 4450 3314 4476 ,
3350 4396 3533 4480 κρινῶ
3569 4409 3723 4481 ἐγὼ,

2127 4501 2299 4559 εἶπεν
2328 4506 2361 4557 ὀ
2396 4506 2565 4569 Osric.

2212 4598 2441 4651 Ἐκεῖνοι
2494 4596 2797 4669 πράγματα
2849 4594 3147 4669 βλάσφημα
3198 4596 3483 4661 ποιοῦντες
3519 4593 3622 4649 οὐκ
3658 4595 3725 4648 ἑο

2129 4689 2546 4759 φρόντιζον,καὶ
2571 4689 2747 4760 τούτῳ
2780 4691 3004 4762 ῥήματα
3034 4689 3380 4760 βλασφημίας
3401 4688 3688 4742 ἐνεκάλουν
3704 4702 3727 4716 ο

2129 4781 2226 4834 καὶ⁵
2264 4782 2590 4850 προσέκειτο
2620 4780 2802 4843 αὐτοῖς
2837 4781 3118 4851 πανταχοῦ
3147 4782 3355 4850 Μωσῆς
3377 4797 3393 4814 ο
3429 4779 3619 4850 ἐπειδὴ
3650 4781 3726 4832 τὰ.

2130 4872 2225 4926 τοῦ
2256 4872 2415 4938 Θεοῦ,
2442 4872 2517 4935 ὡς
2548 4873 2754 4944 σφόδρα
2784 4874 2991 4939 αὐτοῖς,
3017 4874 3090 4937 ὡς
3115 4873 3184 4927 τὰ
3212 4874 3460 4937 Μωσέως
3490 4872 3686 4943 ἔμελεν
3705 4889 3729 4903 τ

440 4977 630 5014 mirum
664 4977 681 5024 ;
717 4976 841 5015 nam
891 4960 984 5018 Dei
1034 4964 1253 5033 negotia
1294 4980 1404 5018 non
1445 4966 1527 5019 eis
1560 4965 1633 5018 ita
1672 4978 1819 5018 cura:
1848 4970 2023 5027 erant,

2134 4964 2249 5019 ἀλλ’
2272 4959 2427 5027 οὗτος
2444 4966 2491 4998 ⁸⁸
2518 4968 2583 5018 ἐκ
2612 4966 2913 5036 προοιμίων
2936 4966 3034 5036 τὴν
3055 4965 3213 5033 δόξαν
3235 4965 3415 5018 αὐτῶν
3436 4965 3637 5037 διαιρεῖ
3652 4966 3733 5030 εί,

442 5064 502 5108 ιιι
525 5055 775 5108 instituta
805 5053 994 5112 Mosis.
1029 5053 1136 5112 Sed
1168 5058 1256 5112 hic
1287 5057 1341 5111 iu
1377 5057 1651 5126 principio
1683 5057 1861 5111 elevat
1896 5055 2018 5109 illo-

442 5162 561 5199 runt
584 5146 925 5216 opinionem,
957 5157 1013 5202 et
1036 5149 1236 5218 probat
1293 5164 1395 5204 nec
1422 5149 1708 5219 templum,
1739 5164 1838 5204 nec
1861 5149 2022 5204 insti-

442 5248 555 5290 tuta
587 5238 844 5309 esse60
873 5237 1108 5307 alicujus
1141 5239 1324 5309 pretii,
1359 5255 1461 5295 nec
1502 5241 1640 5305 fore,
1680 5248 1739 5294 ut
1767 5248 2027 5308 superent

444 5331 889 5399 praedicationem
930 5329 1229 5403 Evangelii,
1263 5347 1328 5388 ac
1362 5333 1530 5387 Deum
1561 5349 1627 5388 ex
1690 5332 2026 5404 perdifﬁcili-

2134 5058 2231 5112 καὶ
2268 5058 2674 5122 κατασκευάζει
2704 5059 2786 5113 ὅτι
2816 5057 2938 5111 οὔτε
2968 5058 2997 5109 ὁ
3025 5058 3152 5120 ναὸς
3172 5099 3185 5122 ,
3217 5057 3343 5110 οὔτε
3371 5057 3440 5110 τὰ
3474 5057 3572 5126 ἔθη
3605 5057 3723 5110 ἔστι

2129 5167 2212 5212 τι,
2244 5148 2340 5202 καὶ
2369 5149 2452 5202 ὅτι
2480 5149 2540 5203 οὐ
2574 5150 2927 5221 περιέσονται
2955 5148 3051 5207 τοῦ
3089 5149 3477 5220 κηρύγματος,
3513 5147 3610 5201 καὶ
3636 5148 3722 5200 ὅτι

2132 5242 2191 5308 ἐξ
2224 5242 2523 5313 ἀμηχάνων
2556 5243 2585 5296 ὁ
2623 5243 2757 5305 Θεὸς
2793 5243 3086 5315 εὖμήχανα
3122 5241 3550 5306 κατασκευάζει.
3578 5241 3727 5311 Ὅρα

2133 5333 2266 5405 γοῦν
2293 5335 2382 5389 διὰ
2403 5334 2611 5389 τούτων
2635 5335 3007 5407 ὑφαινομένην
3031 5335 3381 5407 δημηγορίαν
3407 5332 3612 5400 αὐτῶν,
3635 5332 3719 5385 ὅτι

1639 5477 1841 5540 Variae
1887 5478 2199 5542 lectiones
2242 5482 2305 5540 et
2342 5483 2542 5539 notae.

522 5595 569 5627 ⁷⁸
592 5595 907 5675 κατῴκησιν
951 5598 1017 5675 ἐν.
1047 5599 1297 5675 Χαρῤᾷν,
1332 5608 1406 5652 est
1434 5599 1487 5675 in
1516 5600 1751 5675 vulgato.
1826 5602 1869 5632 ""
1905 5599 1971 5675 In

2133 5610 2260 5675 tato,
2305 5596 2840 5675 ,μετῴκισεν-αὑτῷ·
2880 5599 2961 5660 εἰς
2982 5598 3083 5667 τὴν
3112 5596 3220 5675 γῆν
3256 5596 3487 5663 ταύτην.
3567 5595 3612 5627 ⁷⁸
3652 5594 3716 5675 in

452 5666 908 5741 apographohest.
941 5669 1033 5741 καὶ
1060 5670 1118 5722 τὸ
1138 5666 1373 5741 ’σπέρμα
1394 5669 1583 5741 αυτοῦ,
1606 5666 1665 5723 et
1691 5672 1769 5723 ita
1802 5674 2023 5739 repetita

2133 5666 2372 5725 ischolio
2400 5666 2661 5741 sequenti.
2739 5670 2784 5700 "
2811 5666 2939 5723 Ista:
2962 5666 3067 5722 tres
3091 5668 3349 5721 dictiones
3380 5682 3486 5719 non
3501 5675 3624 5719 sunt
3656 5666 3721 5719 in

452 5735 665 5805 vulgato
736 5736 804 5803 _'°
836 5737 1081 5808 ἔμελλεν,
1105 5735 1321 5798 εναι.ἐὶ
1355 5738 1469 5791 ἀλλ’
1489 5739 1681 5803 οὕτως.

1757 5741 1800 5772 ⁸¹
1832 5742 1919 5796 ῑσ.
1952 5741 2174 5812 διαίρει.

518 5826 543 5863 ἀ
576 5828 634 5880 ν.
667 5828 731 5881 Et
759 5832 1019 5904 nondedjt
1052 5834 1133 5885 itti
1163 5833 1523 5886 Ita'reditntem
1558 5835 1613 5887 in
1644 5850 1729 5895 ea,
1773 5852 1863 5889 nec
1888 5850 2105 5903 passum
2144 5836 2310 5904 pedis.
2412 5846 2435 5874 ο
2466 5834 2528 5887 ν.
2564 5833 2760 5903 filium.
2845 5830 2863 5870 ί
2891 5848 2955 5886 ac
2986 5829 3050 5886 de
3094 5838 3269 5900 gente,
3294 5830 3382 5883 cui
3411 5831 3725 5895 servierint,

452 5914 545 5966 ego
581 5908 834 5953 statuant.
905 5903 930 5941 8
963 5900 1130 5954 Locus
1163 5914 1441 5970 corruptus
1468 5915 1516 5957 et
1548 5906 1786 5958 mutilus.
