4070 6420
286 470 395 533 ωε

993 468 1401 533 EXPOSITIO
1440 470 1520 532 IN
1558 470 1750 530 ACTA
1783 465 2364 534 APOSTOLORUM.
2392 491 2463 505 ’-
2487 468 2650 532 ΟΑΡ.
2686 467 2822 531 VII.
2868 532 2875 543 ,

3467 472 3576 537 εοδ

284 583 490 652 πολλῆε
526 582 938 649 ἀπολαύσαντες
976 585 1065 640 ἀεὶ
1102 583 1547 654 φιλανθρωπίας,
1579 583 1692 646 τοῖς
1730 582 1881 634 ἐναν-

1993 578 2101 634 bns
2124 590 2177 635 ct
2204 578 2397 633 arduis
2425 579 2718 633 admodum
2758 577 2936 632 facilia
2979 587 3143 647 atque
3183 578 3430 647 expedita
3461 579 3576 634 elli-

282 678 422 740 τίοις
442 675 537 729 τὸν
560 675 862 747 εὐεργέτην
882 678 1207 749 ⁴ἠμείψαντο,
1230 679 1327 730 καὶ
1350 678 1434 731 ὃτι
1455 676 1738 738 ἀδυνάτοις
1763 676 1882 727 ἐπι-

284 767 556 840 χειροῦσι.
596 769 851 824 Δείκνυσι
888 770 946 825 δὲ
987 771 1082 826 καὶ
1123 770 1224 842 τὴν
1263 770 1602 839 ἐπαγγελίαν
1639 769 1745 840 πρὸ
1780 767 1878 821 τοῦ

281 860 454 913 τόπου
484 861 888 935 γεγενημένην,
916 863 1023 934 πρὸ
1048 863 1149 934 τῆς
1175 862 1504 934 περιτομῆς,
1532 861 1641 932 πρὸ
1663 860 1762 931 τῆς
1793 859 1884 913 θυ-

287 952 435 1016 σίας.
476 953 585 1024 πρὸ
618 953 714 1006 τοῦ
751 955 880 1009 ναοῦ
912 972 926 986 ·
966 956 1063 1009 καὶ
1096 957 1179 1009 ὅτι
1214 957 1277 1010 ού
1316 956 1438 1008 κατ’
1463 955 1623 1021 ἀξίαν
1647 954 1694 985 δ’
1732 945 1880 1006 οὗτοι

286 1044 515 1110 ἔλαϐον,
547 1046 671 1099 οὐδὲ
696 1048 1035 1119 περιτομὴν,
1065 1048 1187 1103 οὐδὲ
1214 1049 1377 1118 νόμον
1399 1062 1412 1076 ’
1441 1047 1581 1101 ἀλλὰ
1627 1046 1729 1117 τῆς
1778 1047 1882 1098 ὐπ-

286 1137 466 1208 οιεοῆς
507 1139 671 1210 μόνον
708 1140 737 1194 ὁ
764 1140 953 1210 μισθὸς
974 1135 1042 1211 ἦν
1075 1142 1112 1211 ἡ
1148 1140 1241 1209 γῆ,
1280 1141 1374 1193 καὶ
1410 1138 1533 1193 οὐδὲ
1575 1136 1881 1209 περιτομῆς

287 1226 566 1299 δοθείσης,
614 1233 651 1301 ἡ
702 1230 1008 1299 ἐπαγγελία
1056 1229 1396 1302 πληροῦται·
1445 1230 1541 1284 καὶ
1587 1228 1670 1282 ὅτι
1719 1228 1881 1282 τύποι

287 1314 455 1391 ἦσαν.
490 1321 688 1386 Καλῶς
725 1323 783 1376 δὲ
819 1323 1159 1394 ἀρχόμενος,
1189 1322 1326 1377 Θεὸν
1353 1321 1454 1393 τῆς
1490 1320 1647 1393 δόξης
1684 1320 1878 1374 καλεῖ⁸

302 1408 524 1481 Ἐπειδὴ
561 1412 688 1476 τοὺς
724 1412 951 1484 ἀτίμους
999 1410 1248 1478 ἐνδόξους
1286 1411 1581 1480 πεποίηκε.
1624 1410 1789 1478 Λέγει
1823 1404 1882 1464 δὲ

288 1499 377 1551 δτι
425 1500 523 1554 καὶ
569 1501 698 1566 ναὸς
744 1503 846 1587 οὐκ
886 1497 989 1573 ἦν,
1038 1504 1134 1557 καὶ
1182 1502 1332 1567 θείας
1381 1502 1560 1572 ὅψεως
1608 1501 1807 1572 ἠξίωτο
1853 1502 1883 1556 0

304 1592 582 1663 Ἀϐραὰμ,
606 1595 702 1647 καὶ
730 1594 1031 1665 προγόνους
1047 1596 1093 1629 ⁸³
1120 1596 1336 1666 Πέρσας
1365 1591 1501 1665 εἶχε.
1528 1596 1623 1649 καὶ
1649 1597 1708 1649 ὲν
1732 1594 1885 1648 ἁλλο-

285 1682 418 1755 τρέᾳ
449 1686 521 1755 γῇ
554 1680 641 1754 ἦν.
672 1686 814 1758 Ὅρα
843 1686 899 1740 δὲ
931 1687 1050 1751 πῶς
1085 1687 1289 1755 ἀπάγει
1325 1686 1523 1749 αὐτοὺς
1551 1684 1661 1739 τῶν
1692 1702 1883 1756 σωμα-

285 1776 484 1839 τικῶν,
510 1776 605 1829 καὶ
627 1777 766 1841 τέως
794 1776 905 1832 ἀπὸ
929 1781 1024 1831 τοῦ
1050 1777 1217 1832 τόπου
1242 1793 1255 1805 ·
1284 1777 1474 1849 ἐπειδὴ
1503 1777 1600 1831 καὶ
1632 1777 1760 1848 περὶ
1784 1776 1881 1831 τοῦ

284 1865 458 1920 τόπου
493 1868 522 1921 0
556 1866 715 1937 λόγος
750 1865 839 1941 ἦν.
877 1869 938 1923 Εἰ
974 1870 1030 1923 δὲ
1069 1869 1229 1940 δόξης
1263 1870 1381 1923 ἐστὶ
1411 1868 1545 1933 Θεὸς
1571 1872 1602 1924 0
1632 1870 1787 1935 Θεὸς,
1817 1868 1881 1923 ού

283 1957 463 2012 δεῖται
492 1959 594 2029 τῆς
625 1936 759 2031 παρ’
775 1936 936 2032 ’ὑμῶν
959 1962 1117 2033 δόξης
1142 1936 1241 2032 τῆς
1267 1962 1356 2016 διὰ
1381 1961 1477 2016 τοῦ
1505 1960 1657 2017 ναοῦ.
1707 1961 1880 2024 Αὐτὸς
1911 1936 1958 1994 Β
1988 1957 2168 2001 ³¹¹ῑν111
2216 1965 2229 1999 ε

285 2049 403 2118 γάρ
427 2052 575 2104 ἐστιν
596 2050 632 2119 ἡ
654 2053 751 2123 τῆς
777 2051 938 2126 δόξης
963 2053 1059 2105 καὶ
1082 2053 1301 2106 πάντων
1322 2051 1432 2106 τῶν
1456 2051 1679 2121 ἀγαθῶν
1702 2055 1877 2123 πηγή.

289 2140 521 2207 Ἔξελθε
554 2144 619 2197 ἐκ
645 2145 743 2214 τῆς
776 2148 879 2216 γῆς
914 2162 1007 2199 σου
1043 2147 1136 2202 καὶ
1175 2146 1240 2199 ἐκ
1268 2146 1368 2216 τῆς
1403 2145 1725 2215 συγγενείας
1759 2163 1879 2202 σου.

287 2234 421 2300 Πῶς
452 2236 489 2305 ἡ
519 2236 710 2307 Γραφή
748 2255 913 2308 φησιν
940 2239 1023 2293 ὅτι
1056 2241 1085 2292 0
1118 2239 1303 2310 πατὴρ
1333 2238 1426 2292 τοῦ
1458 2237 1711 2310 Ἀϐρααμ
1745 2239 1879 2310 ἠθέ-

286 2326 456 2396 λησεν
491 2327 763 2396 ὲξελθεῖν;
800 2329 1064 2386 Ἐνταῦθα
1095 2330 1151 2384 δὲ
1182 2315 1370 2401 λέγεις
1401 2332 1483 2385 ὅτι
1514 2330 1592 2403 τῷ
1625 2331 1880 2402 ’Δϐραὰμ

286 2417 518 2489 ιρῥέθη,
543 2419 766 2487 Ἔξελθε
801 2422 865 2474 ἐκ
894 2422 990 2493 τῆς
1022 2425 1124 2493 γῆς
1157 2440 1250 2476 σου
1277 2439 1291 2455 ·
1326 2422 1577 2477 ἐντεῦθεν
1610 2424 1878 2494 μανθανο-

288 2525 418 2580 μεν,
449 2508 534 2563 δτι
560 2510 666 2564 ἀπὸ
691 2511 788 2582 τῆς
817 2511 995 2583 ὅψεως
1018 2512 1114 2567 τοῦ
1134 2514 1182 2546 ⁸³
1211 2516 1311 2584 τῆς
1336 2515 1714 2585 γεγενημένης
1741 2515 1879 2585 πρὸς

299 2601 578 2673 ’Λόραὰμ,
605 2604 700 2657 ἀπ’
722 2604 939 2677 ἐκείνης
967 2606 1193 2678 ἐκινήθη
1223 2609 1318 2660 καὶ
1347 2605 1612 2677 ἠθέλησεν
1638 2606 1880 2672 ἐξελθεῖν

284 2696 315 2749 0
343 2695 537 2766 Πατὴρ
558 2697 746 2753 αὐτοῦ.
770 2697 1018 2752 Δείκνυσι
1043 2700 1101 2753 δὲ
1122 2700 1209 2761 διὰ
1232 2699 1435 2754 τούτων
1455 2739 1472 2765 ,
1497 2700 1580 2754 ὃτι
1606 2694 1752 2755 οὗτοι
1779 2701 1878 2754 οὐκ

286 2790 400 2842 eici
434 2789 602 2844 τέκνα
632 2790 725 2845 τοῦ
782 2791 1034 2862 Ἀϐρααμ
1077 2810 1088 2822 ο
1133 2792 1338 2855 ἐκεῖνος
1374 2793 1483 2862 γὰρ
1518 2792 1774 2866 εὐπειθὴς
1810 2788 1881 2865 ἦν

287 2880 611 2937 καταλιπὼν
635 2884 730 2937 καὶ
757 2884 991 2956 πατρίδα
1015 2885 1111 2937 καὶ
1138 2888 1441 2953 συγγενεῖς,
1465 2879 1611 2940 οὗτοι
1635 2886 1692 2940 δὲ
1720 2889 1878 2940 ἀπει-

288 2976 428 3037 θεῖς.
463 2976 576 3030 Καὶ
607 2976 710 3031 οὐκ
748 2972 953 3031 ἔδωκεν
981 2976 1131 3047 αὐτῷ
1166 2979 1538 3048 κληρονομίαν
1567 2978 1689 3034 οὐδὲ
1727 2979 1881 3050 βῆμα

292 3067 477 3129 ποῖός.
500 3067 643 3139 Ὅρα
673 3067 791 3132 πῶς
821 3068 1020 3132 αὐτοὺς
1048 3068 1243 3137 ἀνάγει
1271 3070 1382 3123 ἀπὸ
1406 3071 1505 3140 τῆς
1535 3069 1661 3139 γῆς.
1696 3071 1797 3125 Διὰ
1825 3070 1880 3123 τί

291 3160 396 3215 οὐκ
422 3160 799 3227 εδωκεν;“οτι
820 3160 991 3225 τύπος
1021 3158 1088 3234 ἦν
1113 3161 1310 3233 ἐτέρας
1336 3163 1463 3232 γῆς,
1491 3164 1585 3216 καὶ
1612 3164 1881 3233 ἐπηγγεί-

289 3252 423 3308 λατο
456 3253 641 3309 δοῦναι
676 3254 846 3326 αὐτῷ.
879 3256 1161 3326 Ὁρᾷςὸτι
1190 3257 1291 3326 ούχ
1324 3256 1511 3319 ἁπλῶς
1546 3254 1707 3311 πάλιν
1740 3260 1878 3312 ἀνα·
1905 3281 1951 3339 c

291 3342 593 3416 λαμϐάνει;
611 3345 750 3409 Οὐκ,
768 3345 969 3412 ἔδωκε,
1007 3346 1177 3417 φησίν
1194 3365 1206 3378 ·
1229 3346 1370 3413 ἀλλ’,
1394 3347 1784 3415 ἐπηγγείλατο.
1817 3347 1882 3403 Εἰ

296 3437 356 3492 ait
397 3438 664 3508 πάροικος
705 3439 806 3492 καὶ
840 3438 1227 3510 παρεπίδημος
1268 3439 1364 3492 καὶ
1403 3431 1522 3508 μέτ’
1544 3438 1726 3507 ὀλίγον
1758 3441 1889 3493 ἀνα-

295 3530 448 3587 λύειν
480 3531 716 3603 μέλλων,
750 3531 869 3595 πῶς
911 3533 1165 3604 κατέχειν
1200 3532 1463 3605 ὴδύνατο;
1496 3530 1739 3597 Σώζεται
1781 3534 1892 3605 ἄρα

298 3624 396 3677 καὶ
426 3622 769 3694 κληρονομία
794 3622 875 3694 τῷ
909 3620 1165 3694 Ἀϐραὰμ
1191 3620 1281 3676 διὰ
1309 3621 1406 3676 τοῦ
1438 3621 1756 3694 σπέρματος
1784 3622 1889 3675 αύ-

297 3712 417 3778 τοῦ,
442 3713 473 3767 δ
500 3714 619 3768 ἔστι
646 3713 904 3786 Χριστὸς,
939 3714 1030 3785 δῖε
1063 3715 1158 3769 καὶ
1189 3712 1715 3785 συμϐασιλεύσουσιν
1740 3714 1891 3783 αὐτῷ

300 3808 356 3859 οἱ
377 3806 524 3875 ἅγιοι
554 3806 698 3861 κατὰ
720 3806 783 3861 :0
804 3806 1223 3879 γεγραμμένον·
1242 3805 1416 3861 Ὅταν
1440 3805 1568 3877 ἔλθῃ
1593 3806 1652 3858 ὲν
1670 3809 1737 3877 τῇ
1763 3804 1891 3876 δόξῃ

304 3899 403 3952 τοῦ
428 3901 639 3971 Πατρδς
665 3900 831 3955 αὐτοῦ
860 3899 1082 3954 πάντων
1099 3886 1213 3954 τῶν
1234 3898 1409 3953 ἐθνῶν
1433 3896 1757 3969 βασιλεύων.
1782 3899 1893 3955 Καὶ

306 3992 370 4045 τ’)
400 3991 616 4063 σπέρμα
638 3992 802 4046 αὐτοῦ
832 3991 952 4062 μετ’
974 3990 1159 4055 αὐτὸν,
1185 3990 1286 4043 ούκ
1314 3989 1468 4055 ὄντος
1498 3989 1650 4061 αύτῷ
1673 3988 1889 4044 τέκνου.

305 4082 482 4138 Ιιὰλιν
508 4085 567 4137 :0
594 4084 816 4138 δυνατὸν
842 4083 1142 4138 αἰνίττεται
1168 4082 1266 4137 τοῦ
1291 4080 1429 4136 Θεοῦ
1450 4097 1463 4111 ’
1494 4081 1557 4135 τὸ
1587 4080 1648 4158 ἐξ
1675 4082 1895 4152 ἀμηχά-

297 4196 409 4230 νων
451 4179 643 4233 ποιεῖν.
684 4178 793 4231 Τὸν
831 4175 943 4247 γὰρ
990 4178 1048 4230 ὲν
1094 4174 1315 4246 Περσίδι
1360 4176 1456 4229 καὶ
1491 4173 1749 4228 τοσοῦτον
1788 4176 1893 4229 ἀπ-

295 4269 497 4338 έχοντα
546 4268 752 4339 Κύριον
806 4267 906 4335 τῆς
964 4265 1331 4337 Παλαιστίνης
1387 4265 1559 4335 ἔφησε
1618 4267 1891 4337 ποιήσειν.

299 4360 481 4432 Πολλὴ
507 4360 565 4414 δὲ
592 4359 834 4414 ἐνταῦθα
856 4359 1152 4420 δείκνυται.
1179 4359 1274 4412 καὶ
1296 4357 1395 4411 τοῦ
1419 4357 1558 4412 Θεοῦ
1587 4357 1897 4429 φιλανθρωο

298 4449 432 4519 πίας,
467 4450 563 4503 καὶ
593 4451 628 4521 ἡ
656 4448 752 4503 τοῦ
784 4449 1038 4521 Ἀϐραὰμ
1070 4449 1274 4513 πίστις.
1308 4448 1382 4502 Τὸ
1411 4448 1550 4519 γὰρ,
1581 4449 1699 4503 Ούκ
1733 4449 1894 4512 ὄντος

296 4543 453 4613 αὑτῷ
481 4543 699 4608 τέκνου,
731 4542 974 4596 δείκνυσι
1002 4542 1100 4613 τὴν
1130 4542 1383 4613 ὑπακοὴν
1413 4543 1506 4594 καὶ
1532 4544 1635 4613 τὴν
1665 4542 1853 4595 πίστιν
1878 4558 1894 4574 ο

298 4635 484 4689 καίτοι
525 4633 596 4689 τὰ
640 4634 909 4705 γινόμενα
951 4633 1265 4687 τούναντίον
1309 4632 1528 4687 ἔπειθεν
1575 4634 1896 4704 ὑπολαμσᾶ-

297 4746 414 4781 νειν
434 4743 449 4758 ·
480 4726 622 4799 μετὰ
645 4728 755 4797 γὰρ
778 4727 840 4781 τὸ
868 4726 1042 4781 ἐλθεῖν
1097 4727 1199 4780 ούκ
1228 4721 1342 4797 εἶχε
1374 4725 1525 4796 βῆμα
1554 4725 1714 4790 ποδός
1735 4743 1749 4757 ⁸
1781 4726 1897 4779 ἀλλ’

1983 685 2132 726 cere.
2163 671 2299 727 Nota
2334 672 2481 725 enim
2523 687 2620 741 per
2655 671 2769 726 haec
2798 671 2916 740 ipsa
2957 675 3280 727 concionem
3323 673 3531 741 pertcxi
3553 689 3571 725 :

1984 777 2200 832 nempe,
2251 762 2399 833 quod
2439 777 2636 833 magna
2685 776 2905 831 semper
2941 760 3284 817 humanitate
3312 762 3397 816 usi
3434 776 3570 815 cou-

1984 854 2170 908 trariis
2225 852 2628 908 benefactorem
2678 852 3094 922 compensarint
3136 859 3239 907 :et
3295 853 3443 922 quod
3485 867 3574 918 ea,

1983 961 2102 1017 quia:
2133 945 2248 1000 ﬁeri
2273 961 2378 1000 non
2414 946 2650 1016 possint,
2678 944 3084 1015 aggrediantur.
3113 942 3365 998 Ostendit
3389 952 3572 998 autem

1984 1037 2410 1110 promissionem
2442 1051 2664 1107 quoque
2707 1034 2906 1090 factam
2935 1050 3059 1091 esse
3096 1043 3389 1104 antequam
3422 1035 3575 1089 locus

1983 1131 2098 1197 ille,
2120 1140 2415 1201 antequam
2463 1129 2838 1195 circumcisio,
2866 1136 3184 1199 antequam.
3211 1127 3575 1192 sacriﬁcium,

1983 1234 2281 1292 antequam
2322 1220 2591 1290 templum
2645 1229 2835 1275 esset:
2876 1220 3064 1275 ethos
3114 1234 3224 1273 non
3266 1217 3414 1288 quod
3457 1233 3572 1272 me-

1984 1314 2252 1375 ruissent,
2287 1311 2570 1380 accepisse
2620 1324 2798 1379 neque
2851 1307 3357 1370 circumcisiouem,
3393 1319 3574 1374 neque

1985 1406 2198 1477 legem:
2231 1403 2325 1459 sed
2353 1402 2684 1458 obedientiam
2714 1401 3002 1456 dumtaxat
3050 1399 3357 1455 mercedem
3402 1396 3577 1450 fuisse

1986 1505 2225 1553 terram:
2264 1506 2328 1549 ac
2368 1510 2438 1550 ne
2464 1492 2896 1550 circumcisione
2930 1491 3156 1560 quidam
3188 1491 3311 1544 data
3336 1489 3573 1559 premis-

1986 1588 2197 1645 siouem
2230 1586 2510 1658 impletam
2534 1600 2596 1640 ac
2624 1583 2924 1655 praastitam
2959 1582 3152 1646 fuisse,
3180 1580 3276 1635 sed
3309 1579 3434 1634 illas
3486 1593 3578 1633 res

1986 1680 2296 1734 futurorum
2341 1686 2398 1733 et
2428 1691 2620 1732 eurum
2657 1690 2780 1746 qua:
2819 1686 3005 1745 βοείου
3037 1672 3362 1728 acciderunt
3404 1669 3578 1725 fuisse

1986 1767 2211 1839 ﬁguras.
2244 1765 2482 1821 Pulchre
2525 1773 2708 1820 autem
2745 1763 2801 1817 in
2851 1761 3129 1833 principio
3163 1760 3333 1813 Deum
3388 1757 3580 1829 gloria:

1986 1864 2170 1920 vocat,
2202 1856 2464 1926 quoniam
2521 1856 2923 1925 ignominiosos
2978 1854 3163 1908 claros
3215 1850 3367 1907 fecit.
3434 1847 3580 1903 Dicit

2284 1958 2336 2002 et
2380 1947 2642 2016 templum
2694 1961 2803 2000 non
2852 1944 3048 2008 fuisse,
3095 1952 3149 1999 et
3197 1940 3573 1995 Abrahamqu

1983 2040 2209 2111 dignum
2238 2039 2548 2110 judiratum
2577 2053 2726 2102 esse,
2761 2037 2855 2108 qui
2889 2036 3057 2091 Deum
3085 2034 3299 2090 videret
3324 2051 3338 2088 :
3371 2042 3427 2088 et
3457 2045 3577 2085 ma-

1978 2133 2128 2205 jores
2159 2132 2280 2203 ejus
2316 2131 2489 2186 fuisse
2536 2128 2759 2195 Persas,
2802 2137 2857 2185 et
2894 2129 3072 2197 ipsum
3116 2126 3169 2182 in
3210 2133 3353 2181 terra
3397 2122 3576 2178 aliena

1981 2225 2154 2283 fuisse
2186 2235 2485 2281 versatum.
2524 2225 2603 2278 Ae
2630 2222 2774 2289 ride,
2798 2230 2858 2275 ut
2879 2236 2975 2277 eos
3010 2235 3040 2275 a
3090 2217 3374 2289 corporeis
3404 2216 3580 2271 abdu-

1980 2328 2089 2381 cat,
2124 2325 2178 2372 et
2206 2317 2258 2371 iu
2286 2315 2479 2386 primis
2538 2329 2567 2367 a
2616 2315 2761 2377 loco,
2800 2311 3246 2387 quandoquidem
3293 2307 3461 2363 etiam
3508 2306 3580 2362 de

1980 2409 2101 2464 loco
2152 2422 2334 2464 sermo
2396 2416 2537 2462 erat.
2585 2404 2743 2472 Quod
2776 2405 2823 2459 si
2865 2403 3054 2474 gloriae
3088 2403 3233 2457 Deus
3290 2410 3377 2456 est
3409 2398 3576 2463 Deus,

1980 2518 2091 2557 non
2129 2514 2268 2571 opus
2284 2498 2472 2562 habet,
2502 2507 2607 2554 uta
2628 2497 2783 2553 vobis
2803 2497 3030 2567 gloriam
3053 2510 3148 2565 per
3171 2494 3434 2563 templum
3454 2506 3584 2547 con-

1979 2602 2265 2665 sequatur.
2300 2591 2423 2664 lpse
2454 2602 2540 2648 est
2564 2592 2709 2663 enim
2744 2589 2931 2662 gloriae
2954 2596 3008 2645 et
3027 2588 3273 2642 omnium
3307 2587 3574 2642 bonorum

1980 2687 2403 2758 lons.Reliuque
2422 2686 2655 2754 patriam
2675 2692 2825 2738 tuam
2843 2691 2898 2736 et
2917 2688 3183 2751 cognatos
3207 2688 3352 2734 tuos.
3377 2677 3479 2744 Qui
3498 2681 3578 2742 tit,

1983 2792 2042 2837 ut
2069 2780 2351 2850 Scriptura
2367 2778 2538 2838 dicat.
2559 2785 2768 2848 patrem
2789 2775 3084 2830 Abrahami
3110 2772 3354 2828 voluisse
3386 2769 3574 2841 egredi

1981 2879 2132 2929 extra
2166 2871 2399 2940 patriam
2420 2866 2618 2922 suam?
2646 2865 2748 2920 llic
2774 2880 2907 2920 vero
2933 2863 3087 2927 dicit,
3114 2861 3182 2917 ad
3206 2860 3578 2915 Abrahamum

1982 2961 2189 3017 dictum
2213 2975 2356 3024 esse,
2376 2958 2648 3029 Egredere
2669 2964 2820 3012 extra
2851 2955 3087 3026 patriam
3115 2963 3262 3006 tuam
3282 2951 3306 3004 ?
3328 2950 3462 3005 llinc
3483 2951 3582 3004 do-

1981 3069 2191 3117 Cvmur,
2212 3068 2241 3106 a
2268 3052 2479 3107 visione
2496 3049 2587 3105 illa
2608 3048 2699 3103 Dei
2715 3063 2838 3118 qua:
2861 3043 3437 3116 contigitAbrabamo,
3461 3055 3580 3094 mo-

1982 3149 2098 3196 tum
2126 3142 2297 3196 fuisse
2334 3147 2543 3210 patrem
2571 3136 2715 3207 ejus,
2747 3150 2813 3190 ac
2856 3134 3095 3188 voluisse
3123 3131 3295 3188 exire.
3332 3129 3435 3184 Per
3467 3129 3585 3184 haec

1987 3240 2167 3288 autem
2186 3229 2431 3287 ostendit
2452 3229 2553 3283 bos
2571 3242 2679 3281 non
2704 3240 2829 3282 esse
2846 3224 3089 3280 sobolem
3111 3220 3431 3276 Abrahami.
3445 3218 3580 3274 Nam

1992 3326 2084 3382 ille
2114 3325 2261 3380 dicto
2291 3320 2525 3376 audiens
2560 3327 2704 3385 erat,
2734 3334 2858 3374 cum
2912 3325 2967 3372 et
3018 3315 3252 3387 patriam
3282 3322 3337 3367 et
3368 3327 3582 3381 cogna-

1992 3425 2076 3469 tos
2107 3414 2479 3483 relinqueret:
2508 3409 2563 3464 hi
2590 3425 2719 3464 vero
2742 3407 3147 3463 inobedientes.
3181 3403 3259 3459 Ac
3288 3418 3399 3457 non
3422 3401 3576 3456 dedit

1990 3508 2040 3564 ei
2073 3508 2129 3562 iu
2150 3523 2212 3562 ca
2247 3506 2373 3577 jure
2399 3503 2758 3559 hmreditario
2792 3501 2878 3557 vel
2908 3498 3198 3570 vestigium
3225 3494 3580 3568 pedis.Vide,

1995 3609 2053 3654 ut
2082 3599 2352 3655 subducat
2379 3612 2477 3653 eos
2512 3611 2541 3650 a
2580 3604 2746 3650 terra.
2782 3593 2966 3660 Quare
3006 3606 3116 3647 non
3145 3589 3333 3645 dedit?
3360 3588 3485 3659 quia
3519 3590 3585 3643 li-

1993 3706 2128 3763 gura
2172 3697 2291 3747 erat
2341 3689 2436 3744 illa
2479 3687 2713 3743 alterius
2743 3693 2927 3741 terrae.
2963 3683 3041 3737 Ac
3075 3682 3358 3753 pollicitus
3385 3688 3489 3745 est,
3523 3686 3584 3734 se

1993 3786 2042 3841 ei
2077 3783 2331 3838 daturum
2366 3794 2512 3836 esse.
2551 3778 2792 3833 Videsne
2844 3790 2969 3829 eum
3005 3790 3115 3829 non
3160 3771 3489 3842 simpliciter
3517 3784 3583 3823 ac

1994 3876 2115 3932 sine
2141 3889 2308 3930 causa
2346 3886 2544 3926 rursus
2574 3867 2858 3940 repetere?
2890 3864 3008 3920 Non
3035 3864 3208 3929 dedit,
3245 3862 3446 3930 inquit,
3484 3858 3580 3914 sed

1994 3967 2278 4039 pollicitus
2327 3971 2432 4019 est.
2493 3962 2702 4017 Idcirco
2732 3974 2844 4014 non
2886 3957 3037 4014 dedit
3076 3974 3089 4010 :
3124 3953 3384 4027 quoniam
3426 3966 3486 4006 se
3514 3950 3583 4004 il-

1996 4060 2102 4115 lam
2160 4059 2211 4114 ei
2254 4054 2644 4128 possidendam
2676 4052 2935 4107 daturum
2977 4063 3105 4104 esse
3156 4045 3436 4118 pollicitus
3474 4048 3582 4096 est.

1996 4152 2154 4219 Quod
2204 4151 2252 4205 si
2287 4146 2591 4219 inquilinus
2624 4153 2680 4200 et
2713 4142 2925 4197 advena
2958 4148 3012 4195 et
3043 4138 3209 4211 paulo
3238 4144 3363 4208 post
3420 4131 3588 4191 remi-

1998 4248 2258 4315 graturus
2293 4248 2433 4305 erat,
2479 4235 2758 4310 quomodo
2785 4235 3034 4291 obtinere
3066 4248 3132 4287 ac
3166 4230 3454 4302 possidere
3484 4244 3586 4299 po.

1997 4333 2177 4391 terat?
2212 4332 2477 4387 Servatur
2523 4329 2690 4401 igitur
2722 4328 2894 4383 etiam
2931 4322 3225 4381 hazreditas
3269 4322 3591 4379 Abrahamo

2000 4442 2097 4499 per
2138 4425 2382 4481 sobolem
2429 4423 2572 4494 ejus,
2605 4420 2699 4492 qui
2758 4429 2844 4476 est
2891 4417 3196 4473 Christus:
3239 4416 3372 4486 quin
3419 4414 3589 4469 etiam

2001 4537 2109 4577 una
2137 4535 2261 4572 cum
2295 4517 2387 4571 illo
2421 4513 2702 4584 reguaturi
2729 4520 2857 4566 sunt
2889 4508 3090 4572 sancti,
3117 4515 3281 4576 prout
3315 4504 3584 4574 scriptum

1927 4619 1972 4674 D
2000 4623 2116 4675 est,
2150 4626 2275 4665 cum
2306 4607 2516 4663 venerit
2551 4607 2604 4660 in
2638 4605 2809 4675 gloria
2845 4600 3023 4655 Patris
3056 4600 3141 4655 sui
3175 4597 3421 4654 omnium
3452 4613 3589 4665 geu-

1999 4707 2134 4759 tium
2163 4702 2297 4757 Rex.
2323 4698 2677 4769 Posterisque
2708 4697 2831 4767 ejus
2852 4702 2972 4765 post
3001 4693 3173 4756 illum,
3193 4704 3316 4745 cum
3345 4688 3590 4744 sobolem

296 4823 423 4875 oce:
456 4779 622 4876 πάλιν
652 4779 818 4893 εἷὲεν.
855 4819 1117 4890 Ἐλάλησε
1150 4819 1207 4873 δὲ
1239 4779 1600 4889 αύτιῖί.⁸Θεὸς,
1631 4779 1716 4871 δτῖ
1746 4816 1887 4871 ἔσται

1999 4811 2108 4851 non
2164 4794 2411 4848 haberet.
2465 4789 2693 4844 Rursus
2748 4788 2989 4842 divinam
3022 4783 3205 4839 innuit
3244 4779 3587 4852 potentiam:

296 4915 363 4968 τὸ
391 4914 618 4985 σπέρμα
647 4885 816 4968 αύτοῦ
843 4885 1109 4984 πάροικον
1134 4914 1189 4965 ὲν
1213 4915 1285 4983 γῇ
1318 4885 1598 4982 ἀλλοτρία.
1619 4911 1763 4980 Ὅρα
1791 4911 1887 4978 πρε

2003 4902 2200 4956 nempe
2247 4885 2401 4940 illum
2439 4897 2504 4937 ex

298 5009 489 5060 πῦσων
516 5007 653 5060 ἑτῶν
681 5007 715 5078 ἡ
743 5004 1047 5074 ἐπαγγελία
1100 5004 1195 5058 καὶ
1223 5005 1253 5056 0
1282 5002 1382 5072 τῆς
1414 5002 1749 5073 ἐπαγγελίας
1774 5004 1899 5074 τρό-

300 5118 428 5164 πος,
453 5098 552 5152 καὶ
578 5096 820 5167 οὖδαμοῦ
852 5097 1036 5161 θυσία,
1063 5098 1157 5149 καὶ
1185 5095 1425 5165 οὐδαμοῦ
1458 5094 1754 5166 περιτομή.
1778 5094 1897 5147 Δεί-

302 5209 466 5246 κοιυσι
494 5190 555 5245 δὲ
581 5191 671 5245 διὰ
703 5189 940 5256 τούτων,
972 5190 1092 5252 πῶς
1118 5192 1147 5243 0
1179 5190 1312 5252 Θεὸς
1342 5190 1490 5258 ύφίει
1518 5189 1645 5251 τοὺς
1679 5188 1898 5258 Ἰσραη-

300 5283 461 5347 λίτας
495 5281 728 5352 πάσχειν
760 5282 946 5346 κακῶς
971 5297 986 5313 ο
1019 5280 1198 5336 καίτοι
1231 5282 1387 5335 οὐδὲν
1418 5280 1556 5351 ἔχων
1586 5278 1770 5342 αὐτοῖς
1805 5281 1899 5348 ἐγ-

302 5375 518 5428 καλεῖν.
568 5373 682 5427 Καὶ
729 5371 1092 5428 δουλώσουσιν
1140 5373 1274 5427 αὐτὸ
1326 5372 1422 5426 καὶ
1479 5368 1897 5440 παραδώσουσιν

301 5468 474 5534 αύτδ,
505 5466 601 5521 καὶ
635 5465 980 5521 κακώσουσιν
1007 5464 1144 5519 αὐτὸ
1179 5464 1273 5534 ἔτη
1303 5461 1652 5534 τετρακόσια.
1684 5461 1759 5514 Ού
1794 5461 1897 5531 μά-

301 5577 463 5631 χεται
507 5560 623 5622 τοῖς
669 5557 905 5612 ἐνταῦθα
946 5558 1017 5612 τὰ
1057 5557 1117 5609 ὲν
1162 5558 1226 5627 τῇ
1265 5555 1460 5623 Ἐξόδῳ
1508 5553 1894 5625 γεγραμμένα.

312 5654 466 5708 Ἐκεῖ
499 5652 611 5726 γὰρ
643 5652 889 5723 εἴρηται,
920 5649 1060 5723 μετὰ
1092 5645 1181 5703 υλ⁹
1202 5649 1296 5720 ἔτη
1353 5645 1579 5717 ἐξῆλθεν
1605 5646 1641 5716 ἡ
1669 5644 1898 5715 δύναμις

2547 4880 2867 4935 difﬁcilibus
2919 4876 3103 4933 facilia
3152 4875 3368 4931 edicere
3402 4886 3587 4943 posse.

2000 4973 2133 5031 Nam
2173 4991 2298 5028 eum
2341 4972 2433 5042 qui
2465 4979 2585 5026 erat
2640 4970 2695 5048 in
2752 4968 2996 5033 Perside,
3028 4983 3095 5023 ac
3136 4974 3291 5020 tanto
3345 4965 3590 5019 locorqu

1999 5070 2290 5125 intervallo
2340 5067 2603 5129 distabat,
2639 5064 2922 5119 dominum
2976 5059 3287 5116 Palaestinae
3314 5073 3375 5114 se
3415 5056 3593 5112 factu-

1996 5178 2119 5218 rum
2152 5176 2277 5216 esse
2314 5159 2477 5214 dixit.
2513 5158 2619 5230 61
2673 5155 2866 5227 Magna
2904 5163 3098 5232 autem
3133 5152 3223 5207 hic
3249 5150 3593 5206 demonstra-

1999 5266 2090 5309 tur
2134 5263 2191 5309 et
2240 5254 2551 5308 humanitas
2590 5251 2703 5316 Dei,
2735 5259 2791 5305 et
2825 5247 2959 5304 lides
2989 5244 3328 5302 Abrahami:
3363 5256 3491 5297 nam
3522 5242 3594 5296 il-

2000 5349 2091 5402 lud
2118 5364 2132 5401 :
2160 5346 2296 5402 Cum
2331 5344 2576 5400 sobolem
2605 5359 2712 5398 non
2736 5341 2982 5405 haberet,
3010 5336 3376 5395 obedientiam
3406 5343 3595 5389 osten-

2002 5438 2083 5491 dit
2147 5452 2212 5491 ac
2249 5436 2430 5499 tidem,
2469 5450 2785 5507 quanquam
2825 5448 2910 5497 ea,
2953 5445 3075 5500 qua:
3106 5428 3328 5492 liebant,
3381 5432 3439 5481 ut
3462 5441 3596 5481 cou-

2009 5530 2238 5584 trarium
2271 5528 2775 5592 cxistimarct,eum
2803 5523 3172 5580 adducebant.
3201 5519 3340 5575 Nam
3371 5526 3592 5589 postea-

2006 5637 2170 5692 quam
2198 5622 2367 5685 renit,
2397 5636 2508 5675 nou
2537 5619 2728 5675 habuit
2750 5632 2970 5691 passum
2999 5614 3177 5688 pedis.
3203 5614 3280 5670 Ac
3305 5628 3374 5668 ne
3396 5624 3595 5668 rursus

1485 5805 1684 5868 Varia:
1709 5802 2028 5866 lecliO"es
2055 5809 2115 5863 et
2147 5806 2336 5860 nola‘.

380 5953 549 6001 ’τιούκ
583 5947 801 6014 ἀταξία,
850 5955 985 6009 crat.
1062 5944 1107 5976 ⁸³
1154 5943 1257 6012 πρὸ
1317 5942 1504 6011 γένους
1558 5946 1690 5993 erat.
1767 5934 1813 5968 ⁸³
1848 5940 1887 5989 Α

1988 5949 2045 5986 εει
2097 5932 2182 5987 iv.
2219 5928 2375 5983 6-05.
