4070 6440
398 258 507 325 ῧίθ

469 369 637 425 Vens.
680 370 770 427 49.
807 371 1009 426 Cretum
1058 373 1184 427 milii
1225 373 1417 427 solium
1451 382 1529 428 est
1592 391 1609 426 :

388 461 677 516 scabellum
701 465 892 532 pedum
925 480 1179 520 meorum.
1233 464 1407 532 Quam
1436 466 1650 520 domum
1677 467 1969 536 redi/iratii-

389 554 454 606 tis
480 553 656 609 mihi?
686 554 818 609 dicit
852 554 1117 613 Dominus
1144 572 1162 610 :
1197 567 1288 612 aut
1319 559 1435 629 quis
1457 567 1533 613 est
1551 559 1698 614 locus
1722 560 1968 630 requietis

389 659 515 697 metr
537 645 563 699 ?

458 734 624 792 Vens.
656 737 745 793 50.
781 737 969 793 Nonne
997 754 1186 795 manus
1211 755 1325 794 mea
1352 740 1462 793 lucc
1488 739 1665 795 omnia
1689 739 1813 809 fecit
1838 744 1864 795 ?

454 828 608 895 Quod
636 830 796 895 dixit,
829 832 1112 902 παρέδωκε
1139 830 1492 903 λατρατεύειν
1529 831 1607 902 (id
1640 842 1820 899 sonat,
1856 842 1969 887 tra-

382 920 520 976 didit
561 920 764 992 colere)
798 937 933 992 pro,
984 922 1232 992 promisit
1275 937 1337 977 ac
1374 922 1522 986 sivit,
1568 923 1806 994 positum
1859 933 1965 991 est,

381 1014 840 1083 quemadmodum
862 1015 1027 1069 etiam
1053 1015 1567 1086 apudepostolum:
1593 1014 1838 1072 Tradidit
1867 1028 1962 1071 eos

384 1104 528 1162 Deus
553 1106 608 1161 in
635 1106 920 1176 reprobam
955 1120 1020 1161 ac
1048 1121 1269 1177 pravam
1301 1114 1539 1163 urentem
1572 1122 1691 1179 pro,
1723 1107 1965 1165 siviteos

382 1195 546 1249 tradi.
580 1193 722 1251 Dicit
750 1196 919 1266 igitur
950 1213 966 1251 :
1004 1197 1461 1269 Quandoquidem
1483 1196 1654 1254 Judaei
1673 1198 1776 1255 hac
1805 1200 1963 1270 cupi-

381 1291 553 1341 ditate
602 1288 952 1350 tenebantur,
1007 1297 1066 1342 ut
1100 1289 1348 1370 neglecto
1401 1289 1684 1355 Creatore,
1719 1289 1963 1344 colerent

379 1390 667 1438 creaturas
699 1396 715 1435 :
756 1397 881 1437 eum
902 1396 1048 1453 saepe
1077 1383 1183 1438 tale
1213 1384 1556 1454 propositum
1590 1400 1687 1456 per
1725 1385 1962 1455 prophe-

380 1480 464 1524 tas
517 1470 909 1539 prohibuisset,
940 1478 1107 1541 atque
1154 1472 1231 1527 illi
1262 1486 1452 1544 postea
1493 1474 1753 1544 deinceps
1788 1475 1842 1529 in
1886 1490 1953 1530 eo

381 1570 817 1629 perseverarent,
883 1563 1015 1619 sivit
1038 1578 1154 1629 eos,
1204 1573 1263 1619 ut
1288 1565 1563 1621 volebant.
1589 1565 1781 1633 Porro,
1813 1566 1958 1638 quod

378 1652 537 1716 dicit,
576 1650 838 1721 ἔστρεψεν
904 1650 999 1724 (id
1024 1661 1207 1718 sonat,
1258 1655 1444 1719 vertit,
1500 1656 1811 1726 convertit)
1863 1670 1958 1726 po.

379 1745 528 1796 nitur
565 1758 684 1813 pro,
718 1758 950 1800 aversus
1000 1745 1071 1800 ab
1108 1746 1214 1801 alia
1257 1747 1562 1803 voluntate.
1615 1748 1778 1804 Aliud
1808 1750 1952 1804 enim
1987 1750 2032 1810 Β

378 1836 653 1905 signiﬁcat
702 1837 960 1892 voluntas
990 1838 1108 1903 Dei,
1143 1846 1197 1893 et
1229 1839 1375 1893 aliud
1413 1838 1491 1904 id,
1547 1840 1694 1910 quod
1750 1842 1953 1896 factum

376 1940 459 1985 cst
497 1944 594 1999 per
613 1930 1028 1986 concessionem
1068 1944 1133 1986 ac
1163 1931 1608 2000 promissionem.
1647 1934 1779 1988 Erat
1807 1935 1953 1989 enim

382 2020 531 2074 illius
562 2018 817 2077 voluntas
859 2034 946 2087 ea,
978 2036 1142 2091 quam
1178 2031 1231 2077 et
1269 2022 1385 2092 lege
1417 2033 1679 2079 sanxerat
1722 2043 1736 2080 :
1770 2023 1952 2080 Domi-

373 2127 503 2165 num
538 2109 707 2166 Deum
744 2121 898 2167 tuum
944 2112 1194 2179 adorato,
1229 2122 1282 2167 et
1329 2113 1482 2168 illum
1537 2114 1713 2168 solum
1766 2114 1951 2169 colito.

373 2202 480 2258 Sed
515 2210 939 2273 perseverantes
966 2204 1018 2257 in
1051 2203 1332 2272 impietate
1364 2204 1494 2258 sivit
1524 2219 1587 2258 ac
1621 2218 1822 2273 passus
1845 2214 1947 2260 est.
1988 2230 1997 2238 ·

368 2293 488 2349 Non
517 2296 663 2349 enim
698 2311 763 2350 ex
794 2297 1125 2352 necessitate
1150 2310 1208 2352 se
1246 2296 1351 2351 coli
1382 2297 1516 2362 vult,
1549 2314 1613 2352 ne
1641 2298 1816 2352 libero
1858 2313 1951 2353 ar-

370 2385 536 2440 bitrio
567 2400 631 2439 ac
659 2400 773 2441 suae
807 2385 1074 2457 cujusque
1102 2386 1337 2456 propriae
1363 2388 1621 2457 potestati
1663 2387 1948 2458 injuriam,

374 2480 457 2532 vel
512 2478 618 2531 vim
650 2476 834 2533 faciat.
873 2477 1156 2533 Caeterum
1184 2478 1297 2549 68
1346 2478 1493 2548 quod
1538 2478 1671 2533 dicit
1708 2478 1954 2534 :militia:

371 2570 521 2634 cmli,
551 2568 762 2640 angelis
798 2579 989 2640 putant
1022 2569 1293 2624 nonnulli.
1326 2567 1480 2624 Sicut
1513 2584 1574 2622 ea
1605 2569 1694 2639 qui
1722 2584 1818 2637 per
1851 2584 1951 2623 an-

372 2662 528 2729 gelos
560 2669 914 2731 pronuntiata
951 2672 1033 2716 est
1054 2660 1258 2717 oratio.
1299 2660 1496 2716 Verum
1535 2678 1663 2726 non,
1718 2663 1947 2732 angelis,

369 2754 530 2819 dicit,
594 2753 713 2820 sed,
750 2752 1049 2820 sideribus,
1106 2752 1312 2823 quibus
1338 2754 1504 2809 etiam
1534 2757 1743 2808 cultum
1781 2764 1836 2808 et
1868 2770 1948 2810 re-

328 2829 666 2901 .verentiam
696 2845 995 2901 offerebant
1032 2865 1044 2901 :
1079 2855 1141 2901 ut
1176 2846 1364 2914 vitulo,
1387 2862 1511 2916 qua:
1536 2854 1657 2901 erat
1698 2844 1946 2901 Luciferi

367 2940 492 2995 loco
524 2956 539 2994 :
578 2941 708 2994 item
759 2940 922 3005 lunte,
963 2947 1222 3010 tauquam
1282 2940 1485 3010 regina:
1531 2940 1675 2994 coeli.
1714 2937 1853 2994 Nam
1882 2955 1945 2994 ea

366 3032 536 3087 dictio
566 3032 768 3102 ubique
797 3031 910 3088 fere
949 3036 1190 3103 ponitur,
1221 3031 1310 3086 ubi
1338 3033 1406 3087 dc
1454 3032 1823 3087 luminaribus
1879 3046 1942 3085 ac

367 3124 544 3177 stellis
568 3138 752 3178 sermo
781 3124 1034 3178 habetur.
1062 3122 1337 3194 Numquid
1371 3125 1622 3180 victimas
1648 3137 1703 3178 et
1729 3123 1943 3179 hostias
1970 3094 2017 3156 ο

367 3215 649 3271 obtulistis
700 3203 835 3271 milii
862 3230 969 3285 per
988 3229 1161 3270 annos
1190 3216 1260 3271 40
1290 3216 1344 3268 in
1392 3214 1708 3278 solitudine,
1749 3215 1943 3269 donius

363 3306 533 3362 lsrael
558 3308 579 3362 ?
607 3305 915 3362 Considera
956 3323 971 3361 :
1004 3307 1244 3378 primum
1268 3307 1375 3362 sibi
1398 3308 1503 3377 ipsi
1523 3305 1824 3361 introducit
1845 3321 1942 3362 eos

365 3396 632 3452 obtulisse
672 3396 910 3461 hostias,
954 3404 1008 3451 et
1035 3407 1166 3451 tunc
1186 3394 1519 3450 simulacris.
1547 3393 1677 3447 Nam
1710 3391 1941 3446 antehac

367 3502 633 3557 nusiluam
659 3500 855 3541 nomen
881 3487 1072 3540 hostia:
1093 3485 1343 3540 auditum
1374 3494 1482 3550 est,
1519 3484 1616 3539 sed
1671 3492 1939 3553 praecepta

363 3586 418 3632 et
447 3578 669 3633 oracula
694 3578 835 3633 viva.
885 3576 1102 3633 Profert
1152 3585 1334 3631 autem
1389 3574 1776 3631 testimoniqu
1830 3588 1940 3629 non

364 3672 707 3743 simpliciter,
733 3685 841 3727 non
880 3671 1153 3741 imperite,
1194 3683 1306 3724 non
1346 3670 1553 3739 absque
1584 3681 1751 3724 causa
1785 3685 1799 3722 :
1843 3667 1937 3724 scd

367 3773 424 3816 ut
451 3760 705 3816 ostendat
736 3761 899 3815 etiam
936 3760 1056 3815 illos
1088 3759 1378 3817 sacriﬁciis
1407 3773 1544 3827 opus
1568 3773 1676 3813 non
1712 3758 1936 3823 habere,

361 3855 489 3906 dum
528 3852 664 3906 dicit
699 3870 715 3909 :
747 3850 1025 3921 Numquid
1056 3851 1267 3907 hostias
1289 3859 1343 3907 et
1367 3852 1618 3906 victimas
1657 3850 1937 3906 obtulistis

361 3945 540 3999 mihi?
573 3946 800 4016 perinde
828 3959 895 4000 ac
929 3946 976 4000 si
1001 3944 1210 4000 diceret
1241 3962 1256 3998 :
1283 3944 1405 4000 Non
1450 3945 1684 4013 potestis
1728 3944 1933 4008 dicere,

358 4036 501 4105 quod
533 4036 643 4091 Deo
675 4037 1007 4097 sacriﬁcium
1037 4036 1340 4104 offerendo,
1375 4038 1543 4092 etiam
1585 4036 1698 4094 illis
1733 4036 1936 4092 sacrifi-

352 4129 564 4184 cabatis
591 4145 607 4183 :
637 4129 733 4183 sed
750 4129 860 4183 illis
885 4128 1039 4196 prius
1067 4129 1441 4194 sacriﬁcastis,
1472 4129 1635 4198 idque
1656 4130 1710 4182 in
1734 4130 1932 4184 solitu-

353 4220 505 4284 dine,
528 4220 618 4274 ubi
637 4235 737 4277 vos
759 4221 993 4276 stissimo
1020 4220 1270 4276 fovebam
1303 4230 1466 4290 atque
1487 4222 1702 4276 tuebar.
1729 4219 1936 4292 Nempe

352 4309 569 4365 etiamsi
600 4310 712 4364 dixi
744 4317 797 4364 et
850 4310 1117 4379 templum
1163 4310 1406 4366 solutum
1442 4312 1532 4376 iri,
1583 4321 1637 4366 et
1681 4312 1933 4367 instituta

1354 265 1929 326 THEOPHYLACTI
1974 268 2379 335 numam/12
2415 276 2771 341 ARCHVEP.
2862 260 2867 267 ’

1664 384 1807 428 terra
1856 391 1974 430 vero
2006 388 2051 443 Α

3554 287 3659 351 620

2165 385 2222 438 Ὀ
2250 388 2509 456 οἰφανός
2562 406 2667 460 μοι
2724 393 2937 459 θρόνος
2966 411 2978 424 ·
3045 394 3084 464 ἡ
3120 394 3188 450 δὲ
3216 394 3291 466 γῆ
3325 395 3660 458 ὑποπόδιον

2075 479 2194 534 τῶν
2232 482 2438 538 ποδῶν
2463 500 2586 553 μου
2610 503 2622 516 ·
2645 484 2822 540 ποῖον
2862 483 3032 541 οἷκον
3061 487 3496 559 οἰκοδομήσετέ
3533 508 3655 561 μοι,

2071 574 2513 644 .1έγειΚύριος;
2566 576 2605 646 ἢ
2674 578 2768 645 τίς
2820 580 3007 644 τόπος
3056 577 3166 650 τῆς
3220 582 3660 649 καταπαύσεώς

2066 683 2225 735 μους

2143 784 2291 853 Οὐχὶ
2326 784 2363 853 ἠ
2385 787 2514 855 χείρ
2529 804 2650 855 μου
2668 786 2924 857 ἐποίησε
2946 790 3134 844 ταῦτα
3161 790 3396 857 mima;

2140 877 2213 931 Τὸ
2237 880 2456 961 εἰπεῖνη
2494 880 2779 951 παρέδωκε
2824 881 3127 954 λατρεύειν,
3168 885 3290 938 ἀντὶ
3317 884 3433 952 τοῦ,
3475 886 3650 956 εἴασε,

2070 975 2272 1039 κεῖται,
2295 972 2485 1037 ὡςκαλ,
2517 976 2575 1028 ὲν
2599 974 2679 1046 τῷ
2707 976 3022 1048 Ἀποστὸλῳ
3042 993 3055 1009 ·
3096 978 3420 1049 Παρέδωκεν
3449 981 3648 1044 αὐτοὺς

2066 1067 2094 1119 ὁ
2126 1065 2261 1130 Θεὸς
2290 1070 2370 1132 εἰς
2398 1062 2657 1138 ἀδόκιμον
2678 1069 2833 1123 νοῦν·
2869 1071 2991 1125 ἀντὶ
3022 1070 3139 1137 τοῦ,
3167 1072 3315 1126 εἴασε
3339 1072 3650 1144 παραδοθῆ-

2067 1174 2175 1211 ναι.
2211 1157 2375 1225 Λέγει
2421 1154 2516 1212 οὖν
2541 1175 2554 1191 ·
2582 1160 2806 1231 Ἐπειδὴ
2835 1160 3026 1219 τοῦτον
3081 1157 3228 1232 εἶχον
3269 1163 3513 1233 Ἰουδαῖοι
3557 1164 3648 1217 τὸν

2066 1252 2229 1305 πόθον
2275 1250 2368 1305 τοῦ
2399 1253 2682 1323 λατρεύειν
2712 1257 2777 1326 τῇ
2826 1258 3002 1309 κτίσει
3033 1256 3186 1326 παρὰ
3221 1256 3314 1310 τὸν
3364 1257 3645 1323 κτίσαντα,

2064 1345 2312 1411 κωλύσας
2354 1346 2615 1412 πολλάκις
2645 1346 2735 1404 διὰ
2768 1347 2876 1401 τῶν
2906 1348 3205 1420 προφητῶν
3253 1347 3354 1419 τὴν
3388 1350 3646 1421 τοιαύτην

2063 1444 2343 1514 πρόθεσιν,
2362 1440 2480 1497 εἶτα
2501 1443 2847 1514 ἐμμενόντων
2866 1443 3111 1509 ἐκείνων,
3127 1444 3308 1499 εἴασεν
3327 1445 3402 1510 ὡς
3420 1445 3639 1500 εἴλοντο.

2063 1536 2135 1588 Τὸ
2148 1536 2202 1589 δὲ
2228 1534 2319 1587 έστ
2328 1536 2508 1604 ρεψεν,
2529 1535 2648 1587 ἀντὶ
2660 1533 2775 1601 τοῦ,
2804 1534 3042 1605 στρέψας
3058 1536 3117 1604 ἐξ
3132 1536 3290 1591 ἄλλου
3319 1536 3443 1608 θελή
3453 1554 3642 1606 ματος.

2068 1628 2229 1682 Ἀλλο
2246 1628 2354 1700 γὰρ
2374 1628 2527 1698 δηλοῖ
2545 1627 2759 1698 θέλημα
2786 1626 2880 1680 τοῦ
2908 1626 3067 1692 Θεοῦ,
3093 1627 3186 1681 καὶ
3203 1627 3330 1681 ἄλλο
3351 1628 3641 1698 γενόμενον

2061 1722 2203 1776 κατὰ
2229 1720 2599 1793 συγχώρησιν.
2637 1715 2745 1773 Ἦν
2780 1719 2877 1790 μὲν
2909 1720 3017 1790 γὰρ
3045 1720 3210 1775 αὑτοῦ
3242 1720 3452 1792 θέλημα
3487 1719 3516 1773 ὅ
3545 1725 3642 1774 καὶ

2059 1815 2479 1886 νενομοθέτηκε·
2545 1812 2749 1883 Κύριον
2778 1817 2869 1869 τὸν
2907 1815 3041 1870 Θεὸν
3075 1832 3168 1869 σου
3217 1814 3638 1885 προσκυνήσεις,

2058 1915 2154 1967 καὶ
2180 1912 2332 1983 αύτῷ
2360 1912 2510 1983 μόνῳ
2536 1911 2736 1982 λατρεύ
2748 1928 2882 1974 σεις.
2929 1908 3301 1979 Ἐμμένοντας
3327 1905 3385 1960 δὲ
3405 1909 3472 1977 τῇ
3510 1909 3640 1959 ἀσε-

2057 2006 2202 2077 ϐείᾳ,
2253 2006 2470 2060 εἴασεν·
2532 2006 2594 2059 οὐ
2655 2004 2768 2075 γὰρ
2794 2000 2853 2068 ἐξ
2892 2001 3139 2072 ἀνάγκης
3182 1999 3326 2054 θέλει
3365 1998 3512 2069 αὐτῷ
3540 1998 3640 2052 λα-

2057 2098 2295 2169 τρεύειν,
2329 2098 2417 2152 ἵνα
2460 2098 2537 2169 μὴ
2593 2096 2799 2170 ὑϐρίσῃ
2844 2095 2905 2149 τὸ
2935 2093 3305 2158 αὐτεξούσιον.
3354 2092 3428 2145 Τὸ
3454 2091 3537 2153 δὲ,
3569 2093 3636 2162 τῇ

2058 2192 2289 2262 στρατιᾷ
2318 2190 2413 2244 τοῦ
2457 2189 2718 2260 οὐρανοῦ,
2770 2191 2883 2252 τοῖς
2922 2186 3175 2256 ἀγγέλοις
3234 2184 3439 2240 οίονταί
3467 2200 3636 2244 τινες.

2056 2284 2269 2355 Ὥσπερ
2299 2284 2392 2337 είὸ
2427 2282 2494 2337 δι’
2525 2283 2775 2351 ἀγγέλων
2806 2279 3058 2351 λαληθεὶς
3115 2277 3293 2345 λόγος.
3352 2274 3518 2343 Λέγει
3555 2273 3637 2339 δὲ,

2054 2378 2116 2432 οὐ
2163 2379 2276 2442 τοῖς
2333 2376 2611 2445 ἀγγέλοις,
2651 2374 2789 2429 ἀλλὰ
2851 2371 2965 2435 τοῖς
3024 2372 3268 2442 ἄστροις,
3337 2363 3419 2431 οἷς
3451 2365 3637 2421 καὶτὸ

2056 2470 2222 2534 σέϐας
2253 2470 2588 2540 προσέφερον
2614 2483 2627 2499 ·
2688 2468 2765 2530 ὡς
2814 2464 2892 2537 τῷ
2941 2465 3149 2535 μόσχῳ,
3198 2465 3279 2527 είς
3322 2463 3486 2515 τόπον
3519 2459 3636 2514 ὄντι

2063 2564 2379 2633 Ἑωσφόρου
2403 2578 2418 2594 ·
2453 2562 2544 2616 καὶ
2575 2563 2642 2633 τῇ
2666 2560 2862 2632 σελήνῃ
2885 2598 2900 2623 ,
2931 2560 3008 2622 ὡς
3042 2556 3330 2627 βασιλίσσῃ
3349 2552 3445 2608 τοῦ
3466 2554 3635 2624 οὐρα·

2052 2655 2190 2717 νοῦη
2216 2655 2305 2716 Ὠς
2328 2653 2531 2708 ἐπίπαν
2570 2653 2676 2722 γὰρ
2712 2656 2854 2704 κατὰ
2881 2650 2990 2702 τῶν
3017 2647 3320 2720 φωστήρων
3351 2644 3443 2699 καὶ
3469 2643 3633 2698 ἀστέο

2053 2764 2184 2821 ρων,
2212 2749 2245 2818 ή
2269 2746 2415 2811 λέξις
2437 2749 2637 2799 κεῖται.
2673 2743 2766 2813 Μὴ
2821 2741 3028 2813 σφάγια
3089 2740 3184 2794 καὶ
3231 2739 3420 2803 θυσίας
3459 2752 3631 2807 προσ-

2050 2841 2322 2911 ηνέγκατέ
2361 2856 2451 2910 μοι
2474 2838 2570 2908 ἔτη
2612 2842 2663 2908 μ’
2705 2837 2765 2891 ὲν
2808 2839 2874 2905 τῇ
2914 2835 3129 2906 ἐρήμῳ,
3174 2826 3322 2895 οἶκος
3369 2828 3628 2900 Ἰσραήλ;

2051 2930 2252 2987 Σκόπει
2290 2934 2371 2988 ὅτι
2428 2932 2645 3001 πρῶτον
2679 2928 2831 2999 αὑτῷ
2860 2926 2904 2960 ⁸⁸
2942 2926 3155 2992 εἰσάγει
3186 2923 3377 2986 θυσίας
3407 2922 3631 2990 ἀνενεγ-

2050 3027 2266 3091 κόντας,
2297 3025 2392 3079 καλ⁵
2427 3025 2547 3077 τότε
2584 3027 2695 3087 τοῖς
2750 3019 2991 3084 εἰδώλοις
3015 3033 3030 3050 ·
3088 3017 3213 3071 ἐπεὶ
3276 3017 3384 3086 πρὸ
3434 3014 3627 3069 τούτου

2047 3117 2286 3191 οὐδαμοῦ
2346 3116 2539 3181 θυσίας
2583 3117 2791 3187 ὄνομα,
2859 3114 2996 3169 ἀλλὰ
3054 3113 3487 3184 προστάγματα,
3528 3107 3627 3163 καὶ

2047 3212 2201 3279 λόγια
2232 3208 2434 3274 ζῶντα.
2474 3209 2723 3280 Παράγει
2754 3207 2811 3261 δὲ
2833 3206 2929 3277 τὴν
2953 3204 3258 3277 μαρτυρίαν
3287 3203 3385 3273 οὐχ
3413 3200 3622 3263 ἁπλῶς·

2045 3303 2178 3356 ἀλλὰ
2200 3303 2296 3356 καὶ
2329 3303 2442 3366 τοῖς
2473 3300 2515 3334 ¹⁹
2551 3300 2626 3371 μὴ
2672 3294 2813 3353 εἶναι
2836 3298 3028 3370 χρείαν
3049 3296 3159 3350 τῶν
3183 3292 3388 3349 θυσιῶν
3409 3291 3626 3352 δεικνὺς

2044 3396 2103 3448 ὲν
2130 3395 2208 3465 τῷ
2238 3394 2442 3462 λέγειν·
2478 3392 2573 3463 Μὴ
2604 3392 2812 3462 σφάγια
2858 3389 2953 3444 καὶ
2986 3388 3181 3451 θυσίας
3206 3382 3623 3457 προσηνέγκατέ

2049 3503 2179 3559 μοις
2216 3486 2335 3539 ἀναιλ⁵
2364 3483 2484 3549 τοῦ,
2529 3485 2630 3538 οὐκ
2659 3482 2812 3552 ἔχετε
2858 3481 3053 3542 εἰπεῖν,
3093 3479 3176 3532 ὅτι
3214 3475 3323 3530 ἀπὸ
3350 3473 3445 3527 τοῦ
3472 3472 3623 3526 θύειν

1983 3580 1986 3584 λ
2041 3579 2120 3650 τῷ
2153 3577 2294 3649 Θεῷ,
2329 3577 2603 3640 κάκείνοις
2653 3573 2840 3633 ἐθύετε
2864 3589 2879 3606 ·
2925 3570 3040 3626 ἀλλ’
3085 3569 3318 3631 ἐκείνοις
3351 3566 3621 3637 πρότερον

2041 3673 2297 3739 ἐθύσατε,
2322 3670 2420 3725 καὶ
2443 3669 2620 3723 ταῦτα
2657 3670 2716 3721 ἐν
2748 3669 2817 3740 τῇ
2845 3667 3057 3737 ἐρήμῳ,
3091 3664 3219 3718 ἔνθα
3245 3661 3399 3734 ὑμῶν
3433 3672 3620 3730 προει-

2043 3767 2265 3836 στήκειν
2300 3763 2555 3835 μάλιστα.
2591 3763 2714 3816 Ὅτι
2739 3764 2789 3814 εἰ
2822 3759 2921 3814 καὶ
2953 3754 3130 3824 εἷπον,
3158 3756 3251 3811 τόν
3288 3772 3348 3808 τε
3377 3755 3506 3807 ναὸν
3528 3752 3622 3805 λυ-

2040 3860 2326 3932 θήσεσθαι,
2356 3859 2450 3912 καὶ
2479 3857 2548 3912 τὰ
2584 3856 2714 3928 ἔθνη
2743 3853 2957 3917 καὶτὰς
2980 3851 3172 3914 θυσίας
3191 3847 3617 3920 ἀλλαγήσεσθαι,

2038 3952 2189 4007 οὐδὲν
2218 3951 2401 4006 καινὸν
2429 3950 2650 4022 εἴρηκα.
2678 3947 2883 4017 Μωσῆς
2909 3944 3019 4015 γὰρ
3043 3944 3128 4014 ἐφ’
3152 3937 3197 4012 ᾧ
3230 3943 3372 4014 μέγα
3397 3942 3617 4010 φρονεῖν

2038 4046 2267 4110 δοκεῖτε,
2298 4043 2394 4113 ἔτη
2423 4042 2476 4114 μ’
2520 4040 2644 4095 οὗτε
2680 4039 2871 4105 θυσίας
2904 4037 3302 4108 προσήνεγκεν,
3327 4031 3448 4087 οὔτε
3490 4032 3617 4085 ναὸν

2036 4138 2372 4208 ἀνέστησεν·
2409 4134 2525 4189 ἀλλ’
2563 4133 2686 4187 οὐδὲ
2734 4131 2899 4186 Δαϐίδ
2923 4146 2937 4162 ·
2986 4128 3165 4182 καίτοι
3216 4124 3618 4192 κατακληροδο·

2035 4229 2311 4299 τουμένης
2365 4227 2500 4297 ἡμῖν
2533 4226 2578 4257 ³ο
2605 4223 2708 4292 τῆς
2737 4221 2877 4291 γῆς·
2921 4219 3056 4273 ἀλλὰ
3102 4218 3196 4271 καὶ
3236 4217 3287 4269 οἱ
3335 4215 3613 4284 προφῆται

2036 4318 2393 4391 περὶτούτων
2423 4313 2816 4382 ἀποφαίνονται.
2842 4311 2917 4373 ὡς
2954 4310 3030 4379 μὴ
3069 4305 3386 4374 ἀναγκαίων
3416 4304 3608 4367 ὄντων,

351 4413 517 4473 atque
548 4401 819 4465 sacriﬁcia
845 4411 1117 4457 mutatum
1157 4403 1223 4456 iri
1260 4420 1276 4458 :
1304 4404 1441 4458 nihil
1473 4405 1597 4460 novi
1630 4404 1764 4459 dixi.
1790 4403 1926 4459 Nam

2046 4413 2195 4468 ὤτω.
2232 4410 2438 4480 Μωσῆν
2496 4408 2555 4462 δὲ
2604 4404 2722 4468 πῶς
2757 4401 3163 4475 σχηματίζεσθε
3193 4397 3502 4462 διεκδικεῖν,
3550 4395 3611 4449 ὃν

351 4495 592 4566 Moyses,
629 4503 855 4564 propter
885 4508 1049 4564 quem
1077 4509 1310 4563 mannos
1332 4496 1565 4566 spiritus
1590 4496 1922 4567 sumpsisse,

349 4589 882 4658 multumquevobis
911 4588 1130 4657 placere
1185 4588 1450 4663 videmini
1482 4604 1579 4659 per
1611 4603 1788 4643 annos
1831 4588 1922 4653 40,

349 4698 525 4754 neque
553 4683 762 4739 hostias
792 4684 1011 4748 obtulit,
1041 4698 1217 4753 neque
1243 4684 1501 4753 templum
1522 4684 1797 4739 exstruxit
1825 4695 1925 4735 :ac

345 4792 417 4831 ne
470 4776 638 4830 David
674 4775 933 4845 quidem;
995 4790 1309 4846 quanquam
1358 4777 1470 4845 jam
1529 4785 1731 4830 terram
1767 4773 1955 4829 vobis.

347 4877 497 4926 sorte
532 4869 764 4924 divisam
815 4870 1162 4925 haereditario
1213 4871 1340 4941 jure
1372 4869 1754 4941 possideretis,
1783 4867 1917 4938 quin

344 4966 507 5020 etiam
544 4965 825 5035 prophetae
853 4964 923 5020 de
961 4965 1070 5033 his,
1120 4973 1380 5035 tanquam
1427 4980 1539 5020 non
1592 4963 1920 5019 necessariis

343 5059 699 5129 pronuntiant
728 5058 830 5114 sic.
855 5057 1043 5115 Mosen
1074 5069 1254 5115 autem
1281 5074 1389 5129 qua
1414 5059 1623 5113 ratione
1646 5054 1918 5112 simulatis

342 5169 440 5208 vos
465 5151 761 5209 defendere
776 5162 944 5222 atque
976 5152 1137 5218 tueri,
1199 5167 1363 5221 quem
1406 5151 1831 5220 repudiaverunt
1864 5157 1918 5202 et

343 5245 577 5313 majores
607 5245 867 5302 chtri-et
888 5260 984 5300 vos
1014 5243 1120 5298 ?Et
1149 5243 1473 5314 suscepistis
1498 5241 1914 5297 tabeniaculum

340 5337 592 5402 Molochi,
622 5345 677 5393 et
715 5335 872 5392 sidus
941 5335 1025 5389 dei
1073 5336 1238 5392 vestri
1279 5332 1633 5404 Remphauis.
1680 5331 1913 5387 Divinos

339 5431 555 5499 quidem
599 5428 814 5502 Moyses
853 5438 1095 5487 montem
1133 5429 1408 5499 repetivit,
1452 5436 1511 5481 ut
1551 5429 1722 5498 legem
1763 5425 1912 5479 acci-

2035 4505 2326 4559 ἀπώσαντο
2388 4500 2483 4553 καὶ
2537 4498 2587 4551 oi
2641 4495 2878 4566 πατέρες
2917 4491 3071 4563 ὑμῶν
3122 4492 3218 4546 καὶ
3263 4491 3458 4562 ὑμεῖς;
3502 4488 3612 4543 Καὶ

2031 4595 2326 4653 ἀνελάὸετε
2349 4592 2449 4664 τήν
2473 4590 2705 4663 σκηνὴνι
2730 4588 2824 4643 τοῦ
2866 4587 3056 4660 Μολδχ
3085 4586 3179 4642 καὶ
3209 4584 3269 4639 τὸ
3289 4586 3487 4654 ἄστρον
3511 4582 3608 4636 τοῦ

2031 4689 2155 4743 θεοῦ
2196 4686 2348 4758 ὑμῶν
2392 4680 3038 4758 ’1³εφάν.[ΚΥΡΙΛΛΟΥ]
3073 4681 3131 4734 Ὀ
3164 4678 3266 4750 μὲν
3312 4678 3601 4740 θεσπέσιος

2029 4783 2272 4851 Μωῦσῆς
2292 4779 2730 4849 ἁναπεφοίτηκεν
2751 4778 2832 4840 είς
2864 4776 2925 4829 τὸ
2949 4775 3075 4847 ὅρος
3104 4775 3194 4828 τὸν
3226 4772 3389 4842 νόμον
3411 4770 3608 4824 ὑποδεο

2030 4874 2259 4943 ξάμενος
2291 4874 2364 4904 ⁸³·
2396 4872 2513 4942 οἵγε
2548 4872 2655 4943 μὴν
2684 4871 2743 4936 ἐξ
2771 4871 3001 4941 αἵματος
3030 4865 3268 4938 Ἰσραὴλ,
3301 4865 3606 4933 ἀνέστησαν

2025 4966 2107 5038 τῷ
2140 4964 2350 5036 Ἀαρὼν
2377 4966 2627 5034 λέγοντες
2645 4980 2659 4995 ·
2692 4963 2924 5033 Ποίησον
2951 4963 3083 5032 ἡμῖν
3105 4958 3284 5021 θεούς.
3314 4958 3606 5029 Μεμοσχο-

2025 5059 2318 5129 ποιήκοισιν
2346 5057 2440 5112 οὖν
2461 5057 2602 5110 κατὰ
2626 5056 2725 5126 τὴν
2754 5054 2988 5127 ἔρημον·
3013 5052 3106 5105 καὶ
3136 5049 3198 5102 τὸ
3225 5049 3325 5120 μὲν
3363 5046 3604 5119 ἐμφανὲς

2024 5151 2246 5206 εἴδωλον
2292 5151 2320 5203 ὁ
2350 5150 2546 5221 μόσχος
2575 5143 2664 5219 ἦν,
2712 5147 2940 5208 πολλοὺς
2961 5144 3019 5199 δὲ
3074 5143 3205 5214 παρ’
3244 5142 3482 5221 ,ἑκάστου
3509 5137 3601 5192 καὶ

2025 5244 2249 5315 έτέρους
2305 5242 2681 5313 διεπράττετο.
2714 5238 3097 5312 -Προσέκειντο
3137 5236 3193 5288 δὲ
3237 5234 3442 5305 μᾶλλον
3479 5234 3601 5293 ταῖς

2022 5336 2130 5390 τῶν
2160 5336 2376 5405 ἄστρων
2430 5335 2750 5405 λατρείαις·
2805 5332 2942 5404 πρὸς
2987 5330 3096 5400 γὰρ
3136 5328 3213 5398 τῷ
3272 5328 3459 5398 μόσχῳ
3503 5323 3602 5377 καὶ

2019 5430 2119 5501 τὴν
2157 5430 2361 5501 σκηνὴν
2397 5429 2490 5482 τοῦ
2514 5429 2696 5501 Μολὺχ
2730 5427 3012 5482 ἀνέλαϐον.
3063 5419 3600 5494 Σκηνοποιησάμενοι

1525 5583 1725 5647 Varim
1772 5582 2077 5647 lectiones
2121 5592 2179 5646 et
2225 5595 2411 5648 notre.

408 5711 452 5743 ”
484 5712 650 5785 αὐτῷ,
685 5721 823 5769 erat.
906 5713 947 5744 ¹⁹
974 5711 1061 5765 ἴσ.
1086 5710 1290 5773 αὐτοῖς.

1367 5709 1412 5742 ²⁰
1432 5709 1516 5767 ἴον.
1555 5709 1705 5781 ύμῖν.
1786 5712 1825 5742 ²¹
1855 5711 1938 5764 ἴσ.
1988 5711 2402 5782 ύπιεεξύμενος.
