4070 6434
376 370 490 440 625

1301 377 1611 439 ΤΗΕΟΡΙΙ
1622 379 1886 440 YI..-\CTI
1919 379 2018 441 BU
2031 379 2336 441 LGARIrE
2370 383 2730 451 ARCIIIEP.

3554 389 3665 453 636

383 486 545 555 dixit,
584 500 652 540 ne
679 491 947 541 metueret
990 484 1273 542 incursum
1303 498 1357 542 et
1390 489 1728 544 invasionem
1758 489 1948 546 Judmo

2087 486 2243 543 εἶπεν
2265 489 2405 544 ὥστε
2442 490 2516 562 μὴ
2550 490 2852 562 φοϐηθῆναι
2908 491 3006 563 τὴν
3035 491 3148 546 τῶν
3216 492 3490 547 Ἰουδαίων
3554 496 3671 561 ἐπιο

388 592 535 631 rum.
570 575 634 631 Et
664 592 899 649 surgens
956 577 1060 633 iter
1099 579 1380 649 ingressus
1403 589 1507 636 est.
1544 576 1680 638 Vide
1710 583 1973 640 obedien-

388 673 541 727 tiam.
572 670 694 727 Non
721 672 1084 743 interrogavit
1129 687 1195 728 ac
1218 673 1355 727 dixit
1385 690 1400 727 :
1432 667 1655 740 Quare?
1685 675 1780 730 sed
1805 672 1971 732 simul

378 766 542 828 atqne
582 761 906 828 permissum
942 769 1080 828 erat,
1133 776 1255 816 cum
1292 764 1644 830 Surrexisset,
1691 766 1970 836 profectus

375 856 481 904 est.
513 848 616 916 Qui
654 858 876 907 venerat
910 849 1242 909 adoraturus
1262 854 1315 907 in
1338 854 1665 911 Jerusalem.
1691 854 1873 916 Multis
1899 860 1969 916 de

375 941 558 995 causis
586 942 947 998 admiratione
978 937 1142 1013 digna
1167 953 1253 1001 est
1290 945 1545 1002 Eunuchi
1588 949 1757 1020 hujus
1788 950 1968 1021 philo--

376 1032 572 1101 SOphia
603 1050 617 1087 :
648 1034 793 1103 quod
817 1050 939 1090 cum
964 1036 1242 1093 habitaret
1265 1039 1319 1093 in
1359 1036 1665 1111 Ethiopia,
1693 1059 1819 1098 cum
1850 1062 1967 1101 ma-

374 1122 603 1190 gistratu
634 1123 973 1194 fungeretur,
995 1142 1120 1183 cum
1147 1129 1443 1200 praefectus
1462 1142 1613 1189 esset
1642 1135 1810 1206 regiis
1840 1138 1968 1195 the-

373 1211 576 1277 sauris,
642 1220 823 1271 tamen
873 1219 1124 1274 ascendit
1170 1218 1468 1278 adoratum
1524 1224 1578 1279 in
1630 1222 1965 1287 Jerusalem.

372 1300 546 1357 Porro
571 1306 838 1365 mulieres
868 1309 1159 1380 imperium
1192 1314 1441 1372 obtinere
1464 1333 1872 1377 consueverant
1899 1322 1965 1379 il-

370 1394 479 1449 lius
498 1393 819 1467 Ethiopim,
852 1416 1089 1470 quarum
1123 1404 1248 1473 jure
1291 1410 1662 1468 successionis
1695 1429 1804 1469 una
1843 1426 1963 1471 erat

348 1486 538 1565 _etiam
582 1486 835 1546 Candace
858 1533 872 1559 ,
938 1494 1102 1565 cujus
1154 1496 1454 1555 Eunuchus
1484 1510 1600 1556 erat
1630 1514 1871 1575 quzestor
1907 1518 1967 1564 et

371 1576 650 1635 thesauris
683 1583 994 1651 praefectus.
1027 1584 1328 1643 Considera
1356 1601 1535 1648 autem
1562 1596 1708 1665 quod
1738 1600 1958 1656 etiamsi

370 1670 488 1726 dies
518 1671 692 1728 festus
715 1689 823 1729 non
858 1684 995 1742 erat,
1021 1686 1203 1736 tamen
1236 1684 1560 1740 ascenderat
1588 1705 1601 1741 :
1637 1689 1729 1759 qui
1772 1706 1799 1745 a
1825 1692 1961 1746 civi-

371 1768 479 1818 tate
524 1767 901 1836 superstitioni
971 1771 1391 1844 daemonnmque
1442 1780 1613 1834 cultui
1658 1783 1953 1840 obnoxiam

2080 582 2328 638 στασίαν.
2392 584 2508 637 Kal
2549 584 2793 648 ἀναστὰς
2842 583 3136 657 ἐπορεύθη.
3195 585 3344 655 Ὅρα
3394 586 3663 659 ὑπακοήν.

2077 673 2192 726 Οὐκ
2222 671 2475 745 ἠρώτησε
2508 674 2603 727 καὶ
2634 670 2787 728 eius’
2819 675 2918 728 Διὰ
2938 674 2992 728 τί
3026 693 3041 740 ;
3110 675 3256 729 Ἀλλ’
3290 675 3410 745 ἃμα
3434 679 3502 749 τῇ
3534 681 3662 732 επι-

2070 764 2247 838 τροπῇ
2302 765 2540 829 ἀναστὰς
2567 765 2862 836 ἐπορεύθη.
2900 767 3000 830 Ὃς
3029 766 3279 837 ἐληλύθει
3312 767 3359 801 ’⁵⁵
3420 782 3667 839 προσκυ-

2073 859 2255 930 νήσων
2289 860 2369 923 είς
2414 854 2793 930 Ἰερουσαλήμ.
2816 859 3105 928 Θαυμάσαι
3152 859 3270 913 ἐστι
3299 859 3395 914 τοῦ
3451 860 3656 918 Εὐνού-

2074 967 2171 1021 χου
2197 950 2391 1005 τούτου
2416 952 2514 1022 τὴν
2538 952 2879 1021 φιλοσοφίαν,
2919 951 3009 1006 διὰ
3033 950 3202 1007 πολλά
3235 971 3250 985 ο
3273 952 3356 1008 ὅτι
3383 956 3442 1009 ἐν
3474 954 3658 1010 Αἰθιο-

2073 1042 2176 1114 πίᾳ
2210 1042 2388 1115 μένων
2430 1043 2523 1096 καὶ
2549 1040 2757 1115 ταμίας
2807 1043 2916 1098 τῶν
2983 1043 3283 1115 βασιλικῶν
3341 1042 3662 1120 θησαυρῶν,

2071 1135 2223 1207 ὅμως
2251 1136 2524 1208 ἀνήρχετο
2545 1135 2928 1208 προσκυνῆσαι
3005 1136 3064 1189 ἐν
3112 1136 3497 1208 Ἰερουσαλήμ.
3559 1140 3663 1192 Γυ-

2069 1231 2254 1290 ναῖκες
2312 1230 2368 1283 δὲ
2423 1226 2593 1303 ἦρχον
2657 1230 2875 1299 ἐκείνης
2898 1230 2998 1302 τῆς
3024 1228 3335 1296 Αἰθιοπίας,
3411 1222 3488 1286 ὧν
3562 1235 3660 1288 καὶ

2069 1318 2104 1389 ἡ
2167 1318 2431 1388 Κανδάκη
2504 1317 2643 1373 κατᾶ
2693 1318 2947 1391 διαδοχὴν
3019 1320 3140 1389 μία,
3187 1316 3256 1393 ἧς
3303 1323 3331 1373 ὁ
3390 1321 3659 1387 Εὐνοῦγος

2069 1411 2284 1483 ὑπῆρχε
2300 1411 2525 1483 ταμίας.
2557 1412 2759 1467 Σκόπει
2789 1412 2847 1467 δὲ
2877 1413 2961 1467 ὅτι
2998 1415 3091 1466 καὶ
3123 1413 3319 1483 ἑορτῆς
3351 1413 3426 1485 μὴ
3464 1413 3653 1485 οὔσης.

2066 1505 2216 1574 ὅμως
2241 1504 2646 1577 ἀεθήρχετο,ριαὶ
2681 1505 2763 1559 ὅτι
2805 1505 2913 1559 ἀπὸ
2944 1505 3151 1569 πόλεως
3184 1507 3242 1559 ἐν
3262 1506 3656 1576 δεισιδαιμονίᾳ

2067 1596 2317 1668 βιούσης,
2361 1598 2458 1651 καὶ
2491 1598 2573 1652 ὅτι
2609 1597 2756 1651 κατὰ
2802 1598 2901 1668 τὴν
2954 1599 3073 1651 ὁδὸν
3153 1599 3514 1668 ἀνεγίνωσκε,
3558 1603 3655 1654 καὶ

2064 1686 2123 1740 τό
2149 1705 2207 1741 τε
2252 1684 2506 1747 Ἡσαΐαν,
2538 1688 2630 1741 τὸν
2653 1687 2763 1740 τῶν
2806 1688 3104 1760 προφητῶν
3145 1690 3501 1760 ὑψηλότερον,
3562 1692 3657 1744 καὶ

2063 1781 2201 1834 τότε
2244 1781 2319 1853 μὴ
2345 1782 2402 1835 δὲ
2428 1782 2582 1844 εἰδὼς
2623 1782 2659 1836 ἃ.
2694 1782 3087 1852 ἀνεγίνωσκεν,
3137 1781 3284 1837 οὕτω
3328 1785 3429 1854 τῆς
3523 1786 3657 1839 ἁνα-

366 1856 536 1910 vitam
594 1860 949 1931 transigente,
1013 1865 1107 1935 qui
1166 1867 1218 1920 in
1283 1868 1477 1926 itinere
1536 1873 1788 1943 legebat,
1846 1881 1946 1951 qtti

2064 1877 2326 1944 γνώσεως
2355 1879 2685 1949 περιείχετο.
2726 1872 2943 1949 Ἀράγε
2998 1879 3289 1944 γινώσκεις
3319 1878 3354 1935 ’ἀ
3395 1879 3639 1947 ἀναγινὼ

366 1946 563 2004 lsaiam
599 1952 918 2021 prophetam
973 1957 1187 2013 caeteris
1237 1961 1637 2035 sublimiorem,
1703 1969 1795 2038 qui
1843 1987 1943 2028 ne-

362 2041 548 2096 sciens
575 2057 699 2112 quae
725 2044 946 2115 legeret,
979 2049 1054 2103 ita
1089 2051 1323 2107 lcetione
1350 2055 1655 2113 tenebatur.
1687 2059 1943 2133 Nunquid

363 2131 623 2205 intelligis
652 2152 779 2208 qua:
822 2139 996 2210 legis?
1036 2143 1357 2202 Mirabiliter
1392 2149 1733 2220 interrogat:
1769 2131 1947 2227 neque

360 2227 506 2280 cnim
534 2226 867 2286 adulabatur
886 2242 939 2287 et
966 2233 1245 2304 laudabat,
1281 2255 1461 2310 neque
1493 2260 1687 2302 rursus
1712 2226 1950 2306 insecta-

363 2326 454 2372 tur
486 2334 552 2374 ac
580 2321 793 2376 deridet
828 2323 1231 2393 ignorantiam:
1266 2334 1363 2387 sed
1402 2345 1462 2388 nt.
1508 2337 1771 2407 majorem
1811 2342 1942 2414 inji~

361 2419 510 2466 ceret
533 2413 921 2482 cupiditatem,
953 2419 1115 2474 simul
1144 2425 1443 2480 ostendens
1469 2428 1739 2498 ingentem
1768 2413 1948 2494 inesse

364 2503 709 2559 thesaurum.
750 2507 929 2576 Atque
972 2509 1060 2565 ille
1104 2528 1208 2566 non
1264 2515 1577 2573 dissimulat
1625 2538 1725 2578 nec
1761 2526 1943 2584 celat:

359 2592 483 2655 sed,
503 2592 761 2660 Quinam,
790 2598 983 2668 inquit,
1009 2605 1250 2671 possim?
1277 2605 1472 2663 deinde
1503 2613 1637 2680 petit
1655 2629 1712 2667 se
1739 2617 1944 2674 doceri.

359 2680 647 2755 Tanquam
679 2689 800 2744 ovis
829 2691 893 2743 ad
927 2692 1327 2763 jugulationem
1364 2700 1567 2758 ductus
1595 2714 1702 2773 est,
1736 2718 1790 2762 et
1823 2718 1949 2765 tan-

361 2788 526 2867 quam
571 2793 770 2848 agnus.
804 2789 913 2837 etc.
966 2784 1135 2842 Valde
1188 2791 1479 2861 perspicua
1535 2800 1945 2867 propositorum

358 2865 652 2921 verborum
699 2873 976 2928 sententia
1021 2884 1125 2931 est.
1171 2865 1550 2949 Asportantur
1591 2865 1737 2944 enim
1795 2903 1948 2948 certo

361 2964 609 3026 tempore
635 2960 764 3014 anni
797 2977 930 3018 oves
960 2975 1016 3019 ut
1041 2968 1373 3026 tondeantur
1405 2991 1421 3030 :
1454 2988 1518 3030 ac
1541 2979 1794 3038 cultellos
1819 2992 1947 3040 tnu-

354 3047 542 3103 sorios
610 3051 726 3105 sive
777 3051 996 3112 forfices
1059 3059 1351 3118 admovent
1409 3066 1492 3123 eis
1551 3081 1840 3139 pastores:
1883 3093 1949 3134 ac

357 3152 671 3207 quanquam
705 3139 994 3207 laeduntur,
1016 3147 1083 3203 iis
1106 3157 1312 3219 tamen,
1342 3156 1436 3225 qui
1470 3157 1582 3215 haec
1618 3173 1805 3233 agunt,
1835 3184 1944 3224 non

359 3222 649 3282 insultant.
700 3226 794 3286 Sic
828 3231 956 3288 item
989 3235 1245 3294 Christus
1276 3222 1399 3298 eum
1437 3222 1697 3308 convitiis
1735 3266 1946 3325 petere-

356 3322 469 3382 tur,
526 3334 639 3374 non
692 3331 886 3380 contra
932 3331 1361 3393 convitiabatur.
1425 3337 1531 3397 Per
1580 3322 1944 3406 humilitatem

2054 1983 2206 2032 σκεις
2238 1987 2253 2038 ;
2283 1971 2617 2040 Θαυμασίως
2642 1972 2823 2046 ἐρωτᾷ
2853 1989 2866 2003 ·
2898 1972 3024 2027 οὔτε
3047 1972 3156 2042 γὰρ
3197 1972 3529 2026 ὲκολάκευσε
3554 1974 3651 2027 καὶ

2050 2062 2341 2134 ἐπῄνεσεν,
2376 2062 2499 2118 οὔτε
2524 2065 2689 2118 πάλιν
2751 2065 3001 2138 διασύρει
3051 2066 3152 2138 τὴν
3199 2065 3427 2136 ἄγνοιαν
3457 2083 3471 2098 ·
3525 2066 3644 2120 MO“

2052 2155 2194 2209 ὥστε
2219 2156 2445 2210 πλείονα
2470 2156 2707 2211 ἐνθεῖναι
2739 2157 2829 2211 τὸν
2873 2157 3057 2223 πόθον,
3124 2158 3239 2228 ἅμα
3286 2157 3503 2220 δεικνὺς
3543 2157 3642 2210 καὶ

2052 2248 2220 2303 πολὺν
2252 2247 2347 2302 τὸν
2377 2248 2654 2321 θησαυρὸν
2681 2249 3024 2319 ἐγκείμενον.
3076 2250 3135 2303 ’0
3172 2250 3230 2303 δὲ
3258 2250 3359 2303 οὐκ
3396 2248 3647 2317 ἀποκρύο

2050 2357 2267 2405 πτεται,
2317 2340 2456 2395 ἀλλά
2479 2354 2647 2412 φησιο
2682 2340 2807 2405 Πῶς
2853 2341 2961 2414 γὰρ
3013 2341 3079 2396 ἂν
3149 2341 3460 2411 δυναίμηνς
3503 2337 3636 2393 Εἶτα

2050 2432 2363 2500 παρακαλεῖ
2384 2430 2598 2502 μαθεῖν.
2642 2431 2730 2496 Ὠς
2756 2431 3028 2501 πρόϐατον
3060 2432 3154 2484 ἐπὶ
3225 2431 3443 2500 σφαγὴν
3481 2432 3645 2502 ἤχθη·

2051 2525 2186 2579 Δίαν
2212 2524 2462 2595 ἐμφανὴς
2493 2525 2603 2578 τῶν
2626 2524 3007 2595 προκειμένων
3041 2525 3069 2577 ὀ
3112 2521 3262 2587 νοῦς.
3298 2522 3640 2592 ’Λποφέρον-

2052 2632 2142 2669 ται
2173 2616 2280 2687 γὰρ
2304 2615 2381 2678 είς
2414 2615 2476 2668 τὸ
2505 2614 2746 2685 καρῆναι
2785 2614 2929 2667 κατὰ
2958 2615 3187 2683 καιροὺς
3234 2613 3302 2667 τὰ
3341 2614 3593 2683 πρόόατα
3623 2629 3637 2645 ·

2053 2708 2149 2762 καὶ
2187 2709 2285 2770 τὰς
2316 2708 2572 2779 κουρίδας
2615 2707 2804 2770 αὐτοῖς
2870 2706 3145 2778 μαχαίρας
3212 2706 3568 2775 ἐπιφέρουσιν
3596 2708 3645 2760 ot

2051 2800 2335 2868 ποιμένες,
2368 2799 2549 2853 καίτοι
2607 2798 2885 2868 πάσχοντα
2911 2800 3022 2860 τοῖς
3089 2796 3246 2850 τοῦτο
3293 2796 3494 2867 δρῶσιν
3544 2796 3645 2849 οὐκ

2052 2890 2334 2960 ὲπιπηδᾷ·
2378 2888 2526 2943 οὕτω
2575 2888 2673 2943 καὶ
2709 2886 3000 2960 ὀΧριστὸς
3056 2883 3488 2955 λοιδορούμενος,
3542 2884 3643 2939 οὐκ

2052 2980 2436 3051 ἀντελοιδόρει.
2482 2980 2573 3033 Ἐν
2619 2982 2688 3051 τῇ
2758 2977 3089 3032 ταπεινώσει
3154 2975 3320 3030 αὐτοῦ
3374 2974 3630 3045 ἡκρίσις

2052 3070 2217 3127 αὑτοῦ
2258 3069 2424 3142 ᾕρθη.
2466 3070 2578 3140 Τὴν
2632 3069 2956 3139 παράνομον
2976 3069 3161 3139 κρίσιν
3212 3067 3314 3135 τὴν
3355 3067 3441 3119 ἐπ’
3489 3068 3641 3138 αὐτῷ

2053 3165 2350 3234 γινομένην
2384 3164 2537 3234 δηλοί
2590 3165 2691 3234 τῆς
2747 3162 3008 3233 ἀληθείας
3054 3159 3375 3232 κρυϐείσης.
3418 3160 3529 3232 Τὴν
3581 3161 3640 3216 δὲ

2048 3257 2242 3326 γενεὰν
2262 3255 2429 3310 αὑτοῦ
2453 3257 2534 3320 τίς
2553 3255 2886 3328 διηγήσεται
2907 3273 2921 3322 ;
2960 3257 3074 3330 Τὴν
3103 3259 3243 3328 μετὰ
3275 3258 3376 3327 τὴν
3399 3255 3638 3310 ἀνάστα-

2048 3368 2133 3404 σιν
2177 3352 2478 3422 γενομένην
2538 3351 2825 3422 δηλονότι,
2887 3350 2986 3405 καὶ
3040 3353 3141 3423 τὴν
3199 3353 3396 3423 εὐγενῆ
3464 3344 3637 3405 αὐτού

347 3408 757 3481 ejnsjudicium
788 3417 908 3487 ejus
937 3422 1214 3480 sublatum
1237 3438 1341 3484 est.
1369 3431 1942 3513 lnjustumjudieium,

2056 3408 2221 3509 ὶξίαύ,
2253 3408 2331 3515 ἦν
2356 3443 2403 3476 ³ο
2500 3408 2611 3496 τῶν
2642 3408 3107 3514 οἰκονομηθέντων
3155 3408 3396 3514 ἔνδειξις.
3443 3447 3632 3516 πεῖρα.

356 3503 501 3569 quod
535 3503 603 3559 de
628 3521 716 3570 eo,
750 3511 981 3568 veritate
1008 3518 1301 3588 occultata,
1336 3521 1536 3581 factum
1578 3503 1682 3596 est,
1731 3503 1943 3601 signiﬁ:

356 3603 464 3649 cat.
490 3595 677 3655 Genus
707 3611 889 3658 autem
921 3604 1041 3676 ejus
1070 3610 1191 3677 quis
1214 3616 1526 3673 enarrabit?
1552 3620 1604 3675 Id
1629 3595 1943 3695 quod:post

356 3690 821 3747 resurrectionem
856 3695 1132 3768 videlicet,
1165 3703 1214 3757 ei
1239 3708 1491 3779 contigit,
1531 3720 1584 3767 et
1615 3690 1938 3784 generosam

352 3777 476 3847 ejus
516 3796 580 3835 ac
637 3785 873 3841 nobilem
931 3780 1298 3862 iiignitatemc
1338 3777 1499 3872 cujus
1547 3820 1759 3869 eorum.
1810 3828 1934 3882 qum

350 3870 524 3938 gessit
551 3880 606 3928 et
631 3875 1061 3949 administravit,
1096 3870 1496 3949 demonstratio
1529 3900 1744 3954 exstitit
1767 3870 1933 3974 ex'pe-

347 3961 660 4021 rimentum.
711 3970 846 4035 Quis
900 3978 1152 4034 oratione
1207 3983 1344 4039 satis
1400 3989 1601 4055 poterit
1646 3996 1942 4071 explicare,

346 4067 472 4109 cum
524 4060 875 4131 cogitare‘ac
921 4078 1105 4126 mente
1142 4074 1389 4133 volutare
1418 4085 1667 4153 coeperit,
1717 4060 1847 4154 quis
1891 4060 1945 4155 ei

345 4146 548 4213 qualis,
567 4159 622 4204 et
649 4166 716 4207 ex
742 4153 851 4211 Deo
880 4168 1045 4214 natus
1077 4165 1392 4235 unigenitus
1415 4170 1587 4229 Filius
1619 4179 1733 4232 haec
1758 4184 1941 4238 omnia

2052 3536 2150 3599 Τίς
2190 3536 2344 3589 ἔσται
2375 3535 2559 3599 ἱκανὸς
2595 3536 2743 3606 λόγῳ
2800 3537 3061 3606 φράσων
3102 3537 3234 3591 ὅταν
3287 3540 3368 3602 εἰς
3426 3536 3635 3590 ἔννοιαν

2052 3628 2199 3701 ἔλθῃ,
2250 3627 2337 3692 τίς
2368 3627 2443 3681 ὢν
2471 3628 2564 3682 καὶ
2622 3631 2780 3691 ποῖος
2817 3631 2914 3681 καὶ
2964 3628 3030 3682 ἐκ
3079 3628 3216 3682 Θεοῦ
3268 3630 3636 3700 γεγενημένος

2053 3723 2350 3795 μονογενὴς
2368 3722 2517 3785 Υἱὸς,
2548 3720 2724 3776 ταῦτα
2753 3722 2928 3776 πάντα
2956 3722 3166 3794 ὑπέστη
3201 3741 3217 3791 ;
3264 3723 3391 3776 ’Ὀτι
3420 3723 3635 3794 αἴρεται

2046 3815 2155 3869 ἀπὸ
2185 3815 2282 3885 τῆς
2319 3816 2475 3886 γῆςὴ
2506 3813 2619 3885 ζωὴ
2644 3812 2812 3867 αὐτοῦ
2848 3825 2863 3840 ⁸
2892 3815 3013 3870 ἀντὶ
3040 3813 3158 3877 τοῦ,
3212 3814 3508 3882 ἐπαίρεται
3541 3814 3636 3866 καὶ

2052 3906 2362 3979 ὑψηλοτέρα
2390 3907 2501 3961 τῶν
2537 3905 2632 3961 ἐπὶ
2659 3907 2763 3977 γῆς
2828 3910 2978 3961 ἐστιν
3015 3908 3049 3978 ἡ
3083 3906 3196 3978 ζωὴ
3246 3906 3434 3969 αὐτοῦ,
3488 3905 3638 3959 τοῦτ’

2063 4000 2215 4054 ἐστιν
2245 4001 2278 4070 ὴ
2310 4000 2558 4053 πολιτεία
2610 3998 2643 4070 ἢ
2720 3997 3023 4071 ὴῦπαρξις
3079 3998 3176 4052 τοῦ
3255 3996 3634 4065 Μονογενοῦς⁹

2044 4095 2176 4149 ὅταν
2207 4093 2315 4160 ἔξω
2373 4095 2561 4165 νοῆται
2586 4091 2811 4162 σαρκὸς,
2855 4091 2951 4146 καὶ
2996 4090 3149 4145 οὔπω
3204 4090 3330 4145 καθ’
3365 4092 3511 4162 ἡμᾶς
3538 4105 3634 4157 γε-

2051 4188 2111 4241 νό
2118 4205 2301 4257 μενος.

345 4242 699 4301 toleraverit?
728 4248 864 4316 Quia
892 4255 1102 4311 tollitur
1132 4260 1199 4316 de
1234 4272 1378 4319 terra
1413 4268 1524 4322 vita
1551 4272 1692 4341 ejus.
1721 4277 1827 4332 Pro
1845 4294 1931 4343 eo,
1974 4242 2254 4351 quod-est,
2280 4284 2582 4346 extollitur,
2619 4290 2672 4335 et
2696 4279 2984 4335 sublimior
3027 4279 3194 4336 rebus
3250 4279 3486 4334 lerl‘l‘nis
3546 4288 3632 4331 εει

345 4336 456 4389 vita
490 4337 630 4408 ejus,
677 4341 783 4399 hoc
816 4356 899 4403 est
941 4357 1293 4411 conversatio

343 4430 550 4500 ligitnr,
580 4449 643 4489 ac
682 4439 924 4496 nondum
955 4449 1130 4503 nosui
1167 4451 1368 4509 similis
1401 4430 1600 4516 factus.

1348 4360 1456 4431 77
1517 4376 1613 4420 aut
1687 4370 1997 4429 substantia
2040 4376 2157 4432 sive
2183 4377 2507 4433 exsistentia
2532 4371 2837 4445 Unigeniti,
2861 4386 2987 4426 cum
3017 4380 3170 4425 extra
3198 4384 3421 4460 carnem
3465 4368 3630 4420 intel-

426 4523 594 4582 Vens.
627 4528 717 4587 54.
748 4533 917 4605 Atque
944 4536 1230 4598 Eunuchus
1254 4549 1473 4615 repetito
1509 4568 1768 4624 sermone,
1793 4559 1923 4614 Phi-

2114 4557 2476 4629 Ἀποκριθεὶς
2499 4556 2568 4611 δὲ
2600 4560 2632 4611 ὁ
2662 4553 2978 4624 Εὑνοῦχος
2999 4551 3078 4619 τῷ
3103 4551 3399 4619 Φιλίππῳ,
3443 4548 3576 4609 εἷπε
3600 4576 3615 4589 ·

343 4611 483 4681 lippo
516 4616 654 4672 dixit
671 4636 690 4673 :
709 4619 902 4687 anso
929 4636 997 4694 te,
1023 4629 1087 4684 de
1117 4611 1346 4703 quonam
1368 4636 1496 4694 dicit
1516 4643 1612 4699 hoc
1628 4611 1916 4719 propheta,

338 4705 404 4760 de
434 4708 625 4778 seipse,
652 4729 720 4767 an
752 4717 816 4770 de
846 4720 954 4773 alio
987 4727 1233 4793 quopiam
1261 4731 1290 4778 ,ο

414 4797 578 4853 Vens.
607 4803 698 4857 55.
730 4804 987 4875 Aperiens
1029 4825 1206 4870 autent
1248 4817 1521 4891 Philippus
1573 4844 1631 4882 os
1663 4847 1838 4897 suum,
1875 4844 1923 4888 et

339 4892 594 4961 incipiens
648 4897 714 4951 ab
766 4900 867 4956 hac
927 4904 1232 4978 Scriptura,
1266 4918 1647 4987 euangelizavit
1705 4925 1788 4980 illi
1826 4892 1924 4983 tle-

334 5002 477 5041 sum.

411 5079 578 5137 Vens.
612 5083 701 5141 36.
737 5083 805 5141 Ut
833 5097 1007 5145 autem
1034 5092 1111 5148 ire
1130 5097 1440 5167 pergebant,
1475 5102 1646 5159 obiter
1665 5123 1922 5177 pervene-

337 5182 461 5227 runt
480 5173 552 5226 ad
567 5191 761 5246 aquam
782 5181 1068 5248 quamdam
1094 5202 1113 5239 :
1137 5197 1185 5240 et
1213 5186 1521 5261 Eunuchus,
1548 5195 1703 5266 Ecce,
1725 5200 1918 5273 inquit.

338 5279 508 5333 aqua:
539 5269 664 5339 quid
696 5271 936 5340 prohibet
968 5292 1050 5330 me
1070 5278 1384 5346 baptizari?
1416 5286 1549 5353 Qua:
1580 5269 1914 5361 sequuntur,

342 5368 518 5425 usque
544 5357 650 5414 ad:
686 5359 757 5415 Et
770 5363 968 5433 jussit,
1006 5382 1116 5424 non
1147 5383 1306 5429 erant
1345 5375 1400 5431 in
1434 5357 1733 5452 exemplari
1783 5357 1927 5443 anti;

341 5456 450 5510 quo
468 5450 867 5522 manuscripto.

2033 4653 2245 4722 Δέομαί
2278 4666 2419 4717 σου,
2456 4648 2590 4719 περὶ
2618 4650 2785 4714 τινος
2809 4650 2842 4702 ὁ
2873 4645 3192 4716 προφήτης
3221 4644 3384 4714 λέγει
3417 4647 3616 4714 τοῦτο,

2031 4746 2166 4815 περὶ
2187 4744 2437 4808 ἑαυτοῦ,
2473 4743 2512 4813 ἢ
2540 4742 2675 4811 περὶ
2706 4741 2915 4810 ἐτέρου
2938 4740 3144 4806 unde;

2105 4839 2380 4905 Ἀνοίξας
2410 4836 2478 4892 δὲ
2503 4840 2536 4893 d
2569 4838 2867 4899 Φίλιππος
2900 4832 2964 4887 τὸ
2997 4832 3192 4900 στόμα
3256 4830 3468 4898 αὑτοῦ,
3529 4834 3624 4887 καὶ

2031 4931 2379 5004 ἀρξάμενος
2410 4930 2529 4986 ἀπὸ
2565 4926 2678 4997 τῆς
2731 4920 2980 4997 Γραφῆς
3026 4924 3269 4992 ταύτης,
3318 4926 3618 4996 sum-rexi-

2034 5043 2190 5081 σατο
2221 5022 2382 5089 αὐτῷ
2416 5022 2525 5077 τὸν
2551 5019 2812 5089 Ἰησοῦν.

2118 5118 2210 5183 Ὠς
2243 5113 2313 5169 δὲ
2345 5113 2706 5182 ἐπορεύοντο
2734 5108 2885 5164 κατὰ
2916 5107 3031 5176 τὴν
3066 5109 3231 5169 ὁδὸν.
3292 5104 3487 5179 ἦλθον
3523 5107 3624 5162 ἐπί

2030 5226 2086 5265 τι
2116 5204 2287 5279 ὕδωρ.
2334 5208 2446 5264 Καί
2497 5220 2692 5277 φησιν
2720 5206 2753 5258 ὁ
2793 5202 3139 5274 Εὐνοῦχος·
3175 5201 3336 5259 Ἰδοὺ
3353 5203 3542 5270 ὕδωρ’
3566 5199 3623 5255 τι

2023 5305 2240 5359 κωλύει
2264 5320 2341 5373 με
2361 5297 2772 5369 βαπτισθῆναι
2792 5313 2811 5365 ;

1505 5589 1704 5655 Varia)
1748 5594 2061 5662 lectiones
2118 5601 2179 5660 et
2211 5600 2403 5660 notae.

519 5691 564 5724 δ’
592 5692 850 5768 ἐληλύθη,
873 5711 1008 5756 crat.
1084 5706 1128 5739 ⁸⁸
1161 5708 1248 5767 Io’.
1275 5704 1364 5782 ἧς.

418 5820 437 5848 ι’
456 5808 625 5868 Locus
646 5826 939 5885 corruptus.
