4070 6416
427 369 544 432 653

1201 364 1604 426 EXPOSlTlO
1635 363 1717 424 IN
1755 365 1944 426 ACTA
1984 364 2558 429 APOSTOLOR‘UM.
2589 391 2658 403 -
2683 369 2840 431 CAP.
2872 371 2946 432 X.

3597 374 3704 441 654

436 473 656 536 δεικνὺς
699 472 782 526 ὅτι
839 467 1165 543 φερώνυμος
1201 467 1294 542 ἦν,
1318 469 1493 534 οὕτως
1532 471 1870 542 ὲγρηγορυῖα
1925 471 2022 524 καὶ

2126 486 2247 525 eam
2298 487 2488 526 verum
2538 487 2739 528 nomen
2805 489 2930 530 esse
2988 475 3259 536 sortitam.
3318 491 3438 534 eam
3493 485 3701 537 nomini

437 569 707 636 νήφουσαν
737 563 928 632 ὥσπερ
952 564 1176 634 δορκάμς.
1205 564 1382 618 Πολλὰ
1413 565 1522 634 γὰρ
1543 565 1638 618 καὶ
1661 564 2021 636 οἰκονομικῶς

441 657 704 720 πολλάκις
771 656 1013 726 ὀνόματα
1072 655 1306 710 τίθεται.
1352 656 1794 727 ·Ἀσθενήσασαν
1855 656 2026 726 αὐτὴν

437 747 757 812 ἀποθανεῖν,
782 746 1074 810 λούσαντες
1106 747 1312 817 ἔθηκαν
1343 747 1402 798 ἐν
1447 745 1525 817 τῷ
1567 745 1830 818 ὑπερῴῳ,
1868 763 2028 800 τουτ-

443 843 610 906 έστιν,
644 841 737 892 ἐπὶ
787 841 965 910 νεκρῷ
1026 838 1204 893 πάντα
1262 839 1544 910 ἐποίησαν.
1591 839 1944 892 ’Δπέστειλαν
1969 838 2028 892 δὲ

447 933 506 998 οἱ⁴
531 935 589 984 ὲν
613 933 680 1002 τῇ
723 928 916 1001 Ἰόππῃ
941 929 1182 1001 μαθηταὶ
1223 931 1669 1000 παρακαλοῦντες
1701 931 1779 1001 μὴ
1799 931 2028 1001 ὀκνῆσαι

445 1023 676 1076 διελθεῖν
703 1023 808 1087 ἕως
835 1022 1036 1078 αὐτῶν.
1083 1023 1230 1094 Ὅρα
1257 1023 1354 1076 καὶ
1377 1023 1438 1076 τὸ
1485 1023 1760 1077 ἄπλαστον
1792 1023 1900 1077 τῶν
1930 1024 2029 1079 ἄλ-

440 1115 569 1179 λων,
599 1115 696 1170 καὶ
730 1115 791 1166 τὸ
817 1114 1021 1184 ἄτυφον
1049 1114 1142 1168 τοῦ
1164 1115 1396 1186 Πέτρου.
1419 1114 1534 1168 Οὐκ
1558 1115 1711 1170 αὐτοὶ
1731 1115 1984 1186 ἔρχονται
2009 1130 2025 1146 ν

440 1208 580 1262 ἀλλὰ
611 1209 699 1262 διὰ
746 1206 841 1261 δύο
880 1205 1313 1279 προσκαλοῦνται
1352 1207 1396 1240 ⁸¹
1424 1209 1519 1260 ἐπὶ
1551 1207 1700 1262 ἴασιν
1727 1247 1742 1273 ,
1774 1209 2024 1272 κάκεῖνος

440 1300 685 1372 ἔρχεται.
715 1300 814 1353 Διὰ
838 1300 891 1352 τί
918 1299 975 1352 δὲ
1010 1300 1086 1370 μὴ
1115 1299 1218 1370 πρὸ
1244 1298 1338 1353 τοῦ
1368 1299 1660 1352 ἀποθανεῖν
1688 1299 2025 1370 προσεκαλέ-

441 1408 648 1457 σαντο;
690 1389 934 1454 Ἀνὰειον
963 1389 1192 1461 ἡγοῦντο
1219 1389 1434 1443 σκυλεῖν
1454 1389 1582 1423 ⁸¹ο³³
1607 1391 1734 1454 τοὺς
1775 1390 2025 1460 μαθητὰς

439 1483 584 1552 ὑπὲρ
613 1483 724 1536 τῶν
745 1481 1003 1536 τοιούτων
1029 1483 1125 1535 καὶ
1157 1483 1434 1555 περισπᾷν
1457 1483 1556 1536 καὶ
1587 1481 2022 1553 παρεμποδίζειν

443 1573 506 1626 τὸ
519 1574 801 1643 κήρυγμα’
822 1571 910 1625 διὰ
939 1571 1098 1626 τοῦτο
1119 1572 1269 1641 λέγει
1290 1574 1372 1626 ὅτι
1413 1573 1608 1642 Ἐγγὺς
1633 1569 1722 1644 ἦν.
1753 1573 1862 1626 Καὶ
1883 1589 2023 1642 παρ-

441 1664 680 1724 έστησαν
715 1661 867 1733 αὐτῷ
913 1664 1088 1715 πᾶσαι
1132 1664 1190 1717 αἱ
1233 1663 1434 1734 χῆραι,
1463 1663 1747 1718 κλαίουσαι
1774 1663 1868 1717 καὶ
1900 1664 2021 1718 ὲπι-

441 1753 802 1822 δεικνύμεναι
861 1753 1096 1823 χιτῶνας
1151 1755 1247 1808 καὶ
1296 1755 1510 1825 ἱμάτια,
1555 1756 1660 1810 ὅσα
1698 1755 1871 1810 ἐποίει
1898 1757 2018 1828 μετ’

2133 577 2237 619 suo
2283 562 2637 632 respondere,
2708 579 2905 620 nomen
2959 566 3080 636 ejus
3112 569 3356 625 moribts
3405 573 3704 626 convenire

2134 654 2206 708 ita
2280 654 2559 724 vigilantis
2621 668 2685 708 ac
2717 655 2936 721 sobriae,
2971 666 3038 711 ut
3101 672 3298 728 caprea
3359 667 3466 715 est.
3535 659 3703 716 Multa

2130 745 2276 798 enim
2299 744 2524 799 nomina
2553 759 2696 814 saepe
2727 746 2912 801 divina
2947 747 3292 818 providentia
3325 750 3700 821 imponuntur.

2135 834 2204 890 Ut
2237 838 2429 892 morbo
2466 837 2724 893 conlecta
2792 849 3125 908 moreretur,
3187 841 3353 896 lotam
3403 852 3707 913 posuerunt

2133 927 2188 981 in
2242 928 2553 993 caenaculo,
2596 930 2701 984 hoc
2749 937 2856 995 est,
2923 930 3177 986 cadaveri
3231 931 3478 988 debitum
3540 950 3706 992 omne

2138 1017 2373 1074 ollicium
2427 1021 2818 1091 prastiterant.
2883 1020 3154 1079 Miserunt
3212 1033 3396 1080 autem
3423 1027 3699 1097 discipuli,

2130 1110 2223 1181 qui
2251 1120 2411 1166 erant
2453 1111 2643 1183 Joppaa
2672 1122 2912 1179 oratum,
2945 1129 3014 1169 ne
3060 1123 3404 1184 gravaretur,
3462 1117 3704 1173 transire

2132 1217 2304 1270 usque
2361 1203 2427 1257 ad
2471 1218 2553 1258 se.
2607 1201 2744 1260 Vide
2768 1212 2823 1259 et
2878 1205 3096 1259 illorum
3152 1206 3586 1274 simplicitatem,
3643 1219 3694 1263 et

2129 1290 2275 1347 Petri
2335 1293 2502 1348 animi
2535 1294 2922 1351 demissionem
2980 1306 3143 1366 atque
3168 1297 3553 1354 humilitatem.
3585 1299 3700 1352 Non

2127 1382 2230 1452 ipsi
2261 1385 2512 1448 veniunt,
2537 1395 2596 1440 ut
2617 1401 2742 1441 eum
2809 1388 3082 1444 advocent
3121 1405 3134 1442 :
3191 1388 3286 1444 sed
3319 1405 3417 1459 per
3437 1391 3576 1446 duos
3596 1392 3706 1445 ad-

2128 1485 2330 1530 vocant
2361 1476 2428 1530 ad
2455 1480 2826 1545 sanationem,
2859 1487 2913 1534 et
2969 1481 3061 1535 ille
3101 1481 3268 1537 venit.
3320 1479 3432 1536 Sed
3462 1497 3563 1536 cur
3594 1499 3700 1536 non

2120 1567 2552 1638 scantequam
2605 1579 2817 1624 mortua
2864 1580 3011 1626 esset
3068 1586 3193 1626 eum
3248 1572 3704 1627 accersiverunt?

2119 1655 2316 1728 Opera:
2343 1659 2579 1729 pretium
2613 1675 2723 1716 non
2751 1676 2875 1716 esse
2905 1661 3172 1730 putabant
3234 1663 3502 1720 molestiis
3535 1664 3704 1720 disci-

2125 1750 2289 1819 pulos
2334 1765 2436 1820 pro
2472 1751 2679 1808 talibus
2736 1753 2903 1808 rebus
2955 1751 3242 1810 allicercet
3288 1754 3616 1820 distrahere,
3649 1765 3703 1810 et

440 1843 620 1897 αὐτῶν
646 1843 781 1898 οὖσα
799 1844 1163 1916 ήΔορκάς.Τὸ
1180 1846 1306 1914 μετ’
1321 1843 1524 1900 αὐτῶν
1567 1840 1749 1910 οὖσα,
1773 1847 1873 1916 τὴν
1891 1847 2020 1899 πολ-

2134 1841 2401 1910 impedire
2451 1842 2914 1911 praedicationem.
2945 1845 3160 1902 Idcirco
3197 1845 3352 1912 dicit,
3415 1845 3701 1902 ﬁnitimam

442 1931 540 2000 λὴν
568 1931 738 2002 αὐτῆς
779 1934 1279 2005 ταπεινοφροσύνην
1311 1935 1482 2006 δηλοῖο
1509 1937 1592 1989 ὃτι
1628 1934 1795 2005 συνῆν
1829 1935 2022 2000 αὑταῖς

443 2025 537 2077 καὶ⁵
577 2026 920 2081 συνδιαιτᾶτο
949 2028 1044 2081 καὶ
1091 2027 1170 2092 ὡς
1207 2027 1306 2096 μία
1363 2027 1554 2082 πασῶν
1608 2027 1968 2097 συνεστέφετο
2001 2066 2019 2094 ,

437 2118 538 2188 οὐχ
573 2118 764 2188 ὥσπερ
817 2119 914 2173 νῦν
947 2121 1136 2191 ἡμεῖς.
1175 2121 1451 2174 Ἐκϐαλὼν
1498 2121 1556 2175 δὲ
1597 2119 1702 2185 ἔξω
1754 2122 1959 2183 πάντας
1991 2121 2022 2173 ὁ

382 2277 388 2289 ἱ
446 2209 679 2277 Πέτρος,
709 2209 824 2274 θεὶς
848 2211 917 2264 τὰ
945 2212 1152 2278 γόνατα
1181 2209 1548 2282 προσηύξατο.
1573 2209 1674 2263 Διὰ
1695 2209 1748 2262 τί
1765 2209 2022 2263 ἐκϐάλλει

377 2303 390 2334 ⁷
435 2303 545 2368 ἕξω
579 2303 788 2366 πάντας
797 2320 814 2369 ;
835 2303 999 2358 Ὥστε
1031 2303 1108 2374 μὴ
1132 2303 1467 2373 συγχυθῆναι
1493 2304 1606 2366 τοῖς
1637 2301 1886 2371 δάκρυσι,
1912 2317 2021 2371 μη-

437 2390 498 2443 δὲ
537 2389 992 2460 διαταραχθῆναι.
1027 2389 1161 2456 Θεὶς
1185 2390 1262 2444 τὰ
1289 2390 1534 2458 γόνατα.
1580 2389 2021 2458 Ἐπιτεταμένην

440 2483 674 2534 ποιεῖται
707 2481 808 2548 τὴν
835 2481 1164 2552 προσευχήν·
1200 2477 1320 2534 εἶτα
1351 2482 1560 2551 κρατεῖο
1585 2475 1706 2533 εἶτα
1737 2479 1882 2532 κατὰ
1920 2479 2020 2548 μὲ-

441 2591 533 2643 ρος
559 2574 594 2644 ἡ
619 2571 735 2643 ζωὴ
754 2574 850 2627 καὶ
876 2572 1105 2644 δύναμις
1129 2573 1430 2642 είσάγεται.
1458 2571 1753 2639 Φωνήσας
1787 2570 1856 2624 δὲ
1878 2569 2020 2636 τοὺς

431 2663 646 2733 ἁγίους
676 2665 775 2719 καὶ
805 2663 914 2731 τὰς
935 2664 1157 2735 χήρας,
1208 2667 1322 2726 τοῖς
1371 2664 1506 2736 μὲν,
1543 2665 1623 2728 εἰς
1676 2662 2020 2735 παράκλησιν

441 2754 750 2824 παρέστησε
776 2754 981 2819 ζῶσανο
1017 2756 1141 2818 ταῖς
1174 2755 1256 2818 δὲ,
1287 2757 1368 2818 εἰς
1388 2754 1751 2826 προστασίαν.
1787 2755 1930 2825 Ὅρα
1962 2751 2020 2806 δὲ

437 2845 501 2900 τὸ
551 2849 754 2917 ἄτυφον
799 2848 1010 2919 Πέτρου
1032 2863 1050 2880 ο
1076 2845 1394 2918 τηλικοῦτον
1430 2848 1844 2918 ἐργασάμενος,
1891 2843 2016 2898 οὔτε

438 2941 573 3012 παρ’
617 2941 780 3010 αὐτῇ,
843 2936 968 2992 οὔτε
1023 2938 1156 3010 παρ’
1216 2937 1362 3009 ἄλλῳ
1409 2939 1522 2992 τινὶ
1564 2937 1842 3008 ἐπισήμῳ,
1880 2935 2019 2990 ἀλλὰ

438 3031 596 3104 παρά
646 3032 838 3103 βυρσεῖ
878 3031 1084 3103 Σίμωνι
1133 3031 1414 3096 καταλύει,
1458 3030 1581 3085 οὔτε
1625 3030 1749 3093 τοὺς
1782 3027 2019 3091 εὐτελεῖς

439 3123 732 3195 αἰσχύνων,
764 3122 890 3178 οὔτε
916 3123 1044 3188 τοὺς
1077 3123 1346 3194 μεγάλους
1381 3121 1708 3193 ἐπαίρεσθαι
1741 3118 1943 3188 ἀφιείς».

2118 1931 2310 2001 fuisse,
2359 1932 2622 2003 Lyddam.
2675 1933 2744 1988 Et
2793 1935 3093 1990 astiterunt
3157 1936 3206 1990 ei
3264 1951 3458 1992 omnes
3525 1937 3704 1992 viduae

2122 2020 2344 2088 ﬂentes,
2391 2033 2445 2078 et
2502 2032 2846 2080 ostentantes
2897 2012 3118 2081 tunicas
3146 2035 3202 2081 et
3229 2028 3556 2084 vestimenta
3579 2044 3702 2098 quae

2124 2112 2384 2179 iaciebat,
2418 2128 2544 2168 cum
2574 2123 2722 2169 esset
2749 2130 2874 2170 cum
2909 2117 3045 2186 ipsis
3074 2115 3300 2173 Dorcas.
3341 2116 3496 2184 Quod
3540 2120 3700 2184 dicit,

2121 2204 2256 2260 Cum
2290 2214 2436 2261 esset
2465 2221 2588 2261 cum
2613 2207 2718 2270 eis,
2751 2221 3002 2279 magnam
3045 2208 3189 2266 illius
3219 2211 3494 2281 signiﬁcat
3529 2213 3699 2267 animi

2128 2294 2494 2351 humilitatem
2515 2304 2679 2366 atque
2701 2297 3093 2353 demissionem
3118 2315 3134 2353 :
3158 2299 3306 2371 quod
3339 2314 3447 2355 una
3459 2315 3592 2356 cum
3620 2303 3700 2358 eis

2121 2396 2265 2451 erat,
2321 2398 2376 2442 et
2428 2404 2534 2443 una
2589 2389 2829 2455 vivebat,
2859 2397 2913 2445 et
2949 2398 3011 2445 ut
3063 2406 3173 2446 una
3212 2392 3282 2447 de
3309 2393 3500 2449 multis
3533 2393 3702 2448 simul

2126 2481 2590 2546 conversabatur,
2627 2498 2737 2537 non
2769 2484 3226 2554 quemadmodum
3259 2500 3409 2542 nunc
3434 2500 3537 2541 nos
3558 2484 3700 2541 l‘aci-

2123 2589 2270 2628 mus.
2300 2574 2371 2627 At
2402 2571 2600 2629 Petrus
2639 2589 2763 2629 cum
2815 2588 3005 2629 omnes
3023 2573 3171 2630 foras
3195 2576 3472 2645 eiecisset,
3504 2578 3700 2646 positis

2119 2665 2352 2736 genibus
2405 2673 2666 2735 precatus
2712 2674 2816 2722 est.
2850 2665 2964 2722 Cur
2986 2681 3178 2722 omnes
3207 2667 3360 2736 ejicit
3400 2669 3584 2725 foras!
3622 2669 3702 2724 Ne

2126 2754 2562 2817 confunderetur
2596 2755 2875 2827 laerymis,
2903 2773 3010 2812 neu
3043 2755 3471 2814 disturbaretur.
3497 2758 3699 2815 Positis

2121 2845 2360 2916 genibus.
2397 2845 2666 2901 lntentam
2700 2857 2866 2916 atque
2888 2846 3179 2903 sollicitam
3229 2848 3392 2904 habet
3422 2851 3699 2919 precatio-

2127 2951 2287 2990 nem:
2348 2935 2544 2991 deinde
2582 2937 2977 3006 apprehendit:
3018 2950 3204 3006 postea
3270 2938 3529 3008 paulatim
3586 2941 3700 2995 vita

2119 3041 2186 3082 ac
2213 3027 2354 3082 vires
2374 3026 2822 3083 introducuntur.
2850 3027 3161 3099 Vocatisque
3184 3016 3384 3085 sanctis
3396 3047 3460 3085 ac
3485 3031 3659 3086 viduis
3679 3071 3696 3098 ,

2122 3119 2228 3174 illis
2266 3119 2486 3190 quidem
2541 3121 2610 3176 ad
2657 3121 3086 3176 consolationem
3122 3129 3177 3177 et
3219 3122 3697 3180 conﬁrmationem

439 3221 714 3276 uirentem
772 3219 1057 3286 exhibuit,-
1107 3219 1193 3274 his
1224 3234 1374 3284 vero,
1411 3219 1476 3272 ad
1503 3217 1816 3287 praesidium
1847 3223 2012 3286 atque
2053 3218 2446 3283 patrocinium.
2483 3215 2622 3272 Vide
2645 3227 2830 3274 autem
2864 3219 3124 3274 humilem
3177 3229 3352 3289 atque
3404 3221 3700 3277 demissum

437 3314 680 3367 animum
738 3310 908 3372 Petri,
933 3310 1028 3379 qui
1098 3317 1314 3363 tantum
1380 3322 1520 3378 opus
1584 3306 1824 3374 fecerat;
1877 3319 2054 3375 neque
2093 3306 2432 3376 apudillam,
2500 3323 2678 3376 neque
2705 3307 3030 3378 apudalium
3058 3309 3371 3380 quempiam
3398 3310 3696 3381 insignem;

439 3405 535 3459 sed
587 3404 730 3472 apud
793 3399 1073 3457 Simonem
1129 3398 1428 3455 coriarium
1462 3397 1803 3463 diversatur,
1834 3412 2016 3468 neque
2052 3396 2188 3453 viles
2219 3413 2283 3452 ac
2317 3410 2511 3454 tenues
2536 3414 2804 3469 spernens
2873 3411 3036 3470 atque
3098 3411 3479 3470 contemnens,
3523 3401 3702 3474 neque

441 3504 725 3567 magnates
752 3495 930 3552 σεσειτὶ
958 3494 1168 3551 sinens.

1051 3587 1302 3644 ΚΕΦΔΔ.
1352 3585 1409 3642 ι’.

2725 3583 2953 3639 CAPUT
3032 3582 3102 3640 Χ.

523 3683 706 3751 Ἀνὴρ
731 3681 800 3735 δέ
841 3696 933 3747 τις
956 3676 1034 3752 ἦν
1063 3681 1134 3735 ὲν
1161 3681 1491 3748 Καισαρείᾳ
1514 3681 1760 3749 ὀνόματι
1787 3677 2019 3746 Κορνή-

2197 3671 2367 3728 Vens.
2396 3673 2450 3727 1.
2483 3672 2615 3727 Erat
2641 3684 2816 3728 autem
2836 3673 3102 3731 Caesarea:
3134 3677 3212 3731 vir
3239 3678 3454 3747 quidam
3495 3679 3704 3736 nomine

440 3779 596 3841 λιος,
636 3772 1080 3843 ἑκατοντάρχης
1119 3773 1192 3828 ἐκ
1217 3773 1472 3840 σπείρης
1500 3771 1612 3840 τῆς
1641 3769 2020 3838 καλουμένης

471 3866 774 3935 ιτωικῆς,

519 3957 792 4027 Εὐσεϐὴς
821 3956 921 4012 καί
951 3956 1323 4027 φοϐούμενος
1347 3955 1458 4009 τὸν
1503 3952 1652 4008 Θεὸν
1693 3951 1816 4007 σὺν
1839 3949 2022 4004 παντί

448 4049 528 4117 τῷ
547 4052 694 4117 οἴκῳ
721 4050 932 4116 αὐτοῦ,
976 4048 1165 4102 ποιῶν
1208 4065 1273 4102 τε
1313 4045 1738 4116 ἐλεημοσύνας
1782 4040 2021 4107 πολλὰς

444 4145 525 4209 τῷ
553 4143 701 4210 λαῷ,
733 4143 834 4198 καί
865 4142 1150 4211 δεόμενος
1195 4140 1302 4194 τοῦ
1335 4140 1481 4194 Θεοῦ
1528 4136 1874 4201 διαπαντός.

516 4233 700 4290 Εἶδεν
730 4237 802 4289 ἐν
849 4233 1101 4304 ὁράματι
1137 4231 1408 4302 φανερῶς
1433 4231 1515 4298 ὡς
1538 4231 1630 4296 εἰς
1657 4228 1818 4298 ὤραν
1849 4229 1895 4260 ⁸³
1922 4229 2022 4282 ἐν·-

439 4331 636 4397 νὰτην
665 4328 776 4398 τῆς
798 4328 1046 4397 ἡμέρας.
1077 4323 1338 4395 ἄγγελον
1362 4323 1468 4379 τοῦ
1503 4322 1652 4377 Θεοῦ
1667 4322 2024 4377 είσελθόντα

441 4423 597 4490 πρὸς
628 4419 817 4474 αὑτὸν
848 4417 947 4470 καὶ
977 4416 1229 4469 εἰπόντα
1269 4411 1450 4478 αὐτῷ’
1491 4409 1806 4480 Κορνήλιε.

523 4514 580 4564 Ὁ
626 4511 696 4565 δὲ
729 4509 1013 4572 ἀτενίσας
1050 4505 1213 4570 αὐτῷ
1260 4504 1358 4560 καὶ
1390 4505 1650 4573 ἔμφοϐος
1684 4503 2009 4571 γενόμενος

439 4601 598 4658 εἶπεν
629 4605 690 4658 Τί
705 4603 858 4667 ἐστι,
881 4602 1055 4670 Κύριε
1079 4615 1098 4665 ;
1128 4599 1276 4654 Eine
1300 4597 1368 4650 δὲ
1389 4593 1568 4660 αὐτῷ·
1593 4596 1658 4648 Δί
1689 4594 2027 4662 προσευχαί

437 4714 561 4751 σου
594 4695 692 4750 καὶ
724 4699 784 4750 a1
813 4695 1216 4765 ἐλεημοσύναι
1262 4707 1378 4744 σου
1410 4687 1717 4755 ἀνέϐησαν
1767 4688 1857 4749 είς
1872 4701 2027 4754 μνη-

434 4791 722 4858 μόσυνον
747 4787 1007 4841 ἐνώπιον
1032 4784 1139 4839 τοῦ
1163 4782 1340 4837 Θεοῦ.

2121 3763 2427 3831 Cornelius,
2459 3767 2696 3820 centurio
2735 3765 2802 3818 de
2841 3764 3054 3819 cohorte
3087 3781 3206 3835 qua:
3237 3767 3523 3821 vocabatur
3577 3766 3702 3822 Ita-

2118 3859 2250 3929 lica,

2200 3946 2362 4002 Vens.
2395 3945 2450 4000 2.
2477 3945 2606 4000 Pius
2631 3960 2697 3998 ac
2723 3943 3028 4014 religiosus,
3053 3942 3329 4016 Deumque
3366 3945 3553 4001 timens
3582 3963 3701 4001 cum

2137 4048 2251 4093 tota
2280 4054 2380 4092 sua
2421 4037 2637 4107 familia
2667 4077 2684 4103 ,
2711 4053 2773 4090 ac
2803 4035 3000 4090 multas
3024 4037 3161 4104 plebi
3183 4036 3382 4105 faciens
3415 4038 3699 4110 eleemosy-

2129 4146 2250 4194 nas,
2294 4129 2564 4200 Deumque
2590 4129 2922 4183 continenter
2957 4144 3141 4182 orans.

2199 4222 2368 4279 Vens.
2431 4222 2487 4276 5.
2541 4219 2594 4274 ls
2647 4218 2779 4274 uidit
2831 4235 2924 4288 per
2961 4219 3132 4273 visum
3159 4219 3437 4290 manifeste
3469 4218 3580 4288 {ere
3635 4221 3704 4273 ad

2124 4317 2308 4370 horam
2331 4313 2436 4367 diei
2456 4327 2672 4377 nonam,
2708 4310 2954 4381 angelum
3002 4309 3101 4364 Dei
3137 4311 3512 4382 ingredientem
3540 4311 3610 4365 ad
3629 4328 3704 4379 se,

2127 4424 2191 4462 ac
2215 4407 2473 4460 dicentem
2495 4403 2642 4458 sibi:
2665 4401 2928 4458 Cornelia.

2201 4498 2370 4553 Vsus.
2429 4496 2484 4550 4.
2513 4496 2582 4550 At
2612 4494 2704 4549 ille
2737 4493 3006 4548 contuitus
3049 4507 3167 4547 eum
3196 4509 3260 4546 ac
3295 4495 3704 4563 perterrefactus

2131 4590 2271 4644 dixit
2302 4604 2320 4643 :
2358 4587 2498 4653 Quid
2538 4595 2638 4648 est,
2672 4584 2941 4639 Domine?
2980 4582 3084 4637 Ille
3109 4583 3248 4637 dixit
3297 4586 3391 4638 ei:
3422 4584 3704 4641 Orationes

2127 4689 2232 4732 tua:
2259 4688 2310 4732 et
2367 4677 2713 4743 elcemosynae
2771 4681 2878 4726 tuae
2907 4671 3256 4726 ascenderunt
3287 4672 3343 4726 in
3390 4674 3704 4727 memoriam

2122 4785 2311 4825 coram
2342 4769 2471 4822 Deo.

2202 4859 2369 4914 Villis.
2403 4857 2456 4912 5.
2489 4858 2565 4911 Ac
2591 4872 2730 4911 nunc
2755 4857 2900 4910 mitte
2923 4855 2976 4909 in
2999 4854 3205 4926 Joppen
3235 4857 3394 4922 uiros,
3422 4864 3472 4911 et
3497 4872 3705 4911 accerse

2053 4936 2096 4992 ί)
2119 4952 2417 5015 Simonem,
2451 4959 2800 5018 cognomento
2828 4947 3067 5002 Petrum.

2198 5041 2422 5097 Vens.6.
2457 5041 2560 5095 llic
2585 5040 2739 5094 habet
2765 5040 3049 5108 hospitium
3073 5039 3215 5108 apud
3241 5038 3505 5094 Simonem
3524 5055 3706 5109 quem-

2127 5137 2256 5189 dam
2281 5133 2606 5196 coriarium,
2641 5133 2733 5201 qui
2793 5131 2944 5184 habet
2979 5130 3308 5184 domicilium
3339 5131 3504 5200 juxta
3535 5146 3702 5183 mare.

2209 5223 2377 5280 Vens.
2412 5224 2463 5278 7.
2491 5221 2560 5278 Ut
2589 5233 2764 5276 autem
2787 5221 2921 5275 abiit
2955 5222 3196 5293 angelus,
3225 5223 3316 5292 qui
3347 5221 3556 5276 locutus
3587 5232 3702 5274 erat

517 4880 628 4934 Kal
672 4878 790 4933 νῦν
816 4878 1059 4948 πέμψον
1089 4879 1177 4941 είς
1213 4875 1456 4940 Ἰόππην
1487 4870 1734 4938 ἄνδρας,
1776 4867 1876 4923 καὶ
1917 4883 2021 4936 με·

439 4970 752 5038 τάπεμψαι
787 4969 1026 5038 Σίμωνα
1055 4967 1162 5021 τὸν
1193 4963 1676 5032 ἐπικαλούμενον
1699 4961 1945 5027 Πέτρον.

517 5055 714 5125 Οὗτος
759 5055 1046 5122 ξενίζεται
1085 5053 1248 5124 παρά
1281 5071 1394 5107 τινι
1441 5053 1660 5121 Σίμωνι
1697 5048 1940 5118 βυρσεῖ,
1975 5045 2022 5113 ᾧ

438 5153 618 5205 ἐστιν
641 5153 798 5204 οίκια
830 5148 992 5217 παρὰ
1023 5146 1350 5202 θάλασσαν
1377 5144 1450 5197 ⁸⁵.

530 5244 630 5305 Ὠς
663 5241 730 5294 δὲ
757 5239 1035 5309 ἀπῆλθεν
1085 5241 1118 5292 ό
1165 5236 1443 5307 ἄγγελος,
1475 5236 1508 5288 ό
1538 5231 1746 5287 λαλῶν
1773 5230 1854 5296 τῷ
1885 5233 2030 5299 Κορο

1637 5395 1836 5457 Variae
1882 5392 2191 5456 lectiones
2233 5400 2300 5455 et
2343 5399 2537 5455 notae.

517 5553 564 5586 ⁸⁸
597 5548 1086 5619 Προσκαλούμενοι’
1105 5555 1240 5601 erat.
1317 5545 1444 5619 ⁸¹ο¹ξ³
1477 5539 1857 5619 ῑσισξιύλλειν.
1931 5540 2022 5619 ⁸³..

2126 5539 2325 5609 vulgato
2349 5535 2606 5619 esthdnel
2631 5532 2818 5619 ,ὧραι
2917 5531 2962 5564 ⁸⁸
2986 5530 3058 5619 In
3079 5531 3286 5601 vulgato
3318 5531 3425 5619 [(13.01
3441 5529 3710 5619 αάιίιιηιξς

444 5625 560 5679 luzc
582 5603 731 5675 t'ei'ba
761 5639 776 5674 :
805 5599 954 5680 οὗτος
987 5617 1210 5687 λαλήσει
1245 5633 1327 5669 σοι
1373 5614 1426 5666 τί
1462 5630 1534 5687 σε
1555 5613 1636 5664 δεῖ
1684 5611 1884 5663 ποιεῖν’
1923 5627 1941 5687 ς
1977 5608 2022 5663 H

2126 5599 2472 5687 aqueturtibi
2515 5605 2643 5687 quid
2677 5599 2725 5657 te
2761 5611 2999 5684 oporteat
3031 5599 3425 5687 fac-ei5e.'s§ed
3454 5599 3710 5687 nonsatis

448 5668 731 5747 ἓῖῖἑεὶἷιὲὶἇ
751 5668 1037 5757 exemplari
1067 5668 1628 5757 C'rwcomanuscripto
1650 5696 1666 5734 :
1689 5688 1844 5749 atque
1867 5680 2026 5734 etiam
2072 5679 2156 5732 hic
2170 5668 2327 5732 'locus
2356 5678 2432 5730 ita
2483 5668 2773 5744 capticatur
2795 5668 2856 5725 in
2889 5668 3125 5740 sequenti
3180 5670 3396 5734 scholia,
3435 5671 3586 5739 quasi
3628 5668 3710 5721 Ιιο

447 5779 598 5820 uoces
630 5771 822 5830 septem
847 5753 948 5814 non
970 5761 1184 5812 debeant
1216 5772 1326 5810 esse
1349 5753 1589 5822 adjectae.
