  <div class='ocr_page' id='page_1' title='image "/cluster/home/n/w/nwhite01/storage/ocr_20150623/125:no.3/coo.31924054870302/335.png"; bbox 0 0 4070 6416; ppageno 0'>
   <div class='ocr_carea' id='block_1_1' title="bbox 354 366 471 430">
    <p class='ocr_par' dir='ltr' id='par_1_1' title="bbox 354 366 471 430">
     <span class='ocr_line' id='line_1_1' title="bbox 354 366 471 430; baseline 0 0"><span class='ocrx_word' id='word_1_1' title='bbox 354 366 471 430; x_wconf 71' lang='grc' dir='ltr'><strong>(ῗόἷὲ</strong></span> 
     </span>
    </p>
   </div>
   <div class='ocr_carea' id='block_1_2' title="bbox 1288 354 2730 423">
    <p class='ocr_par' dir='ltr' id='par_1_2' title="bbox 1288 354 2730 423">
     <span class='ocr_line' id='line_1_2' title="bbox 1288 354 2730 423; baseline -0.002 -3"><span class='ocrx_word' id='word_1_2' title='bbox 1288 358 1866 423; x_wconf 70' lang='lat' dir='ltr'><strong>THEOPHYLACTI</strong></span> <span class='ocrx_word' id='word_1_3' title='bbox 1905 354 2324 417; x_wconf 79' lang='lat' dir='ltr'><strong>BULGARI/E</strong></span> <span class='ocrx_word' id='word_1_4' title='bbox 2367 354 2730 417; x_wconf 80' lang='lat' dir='ltr'><strong>ARCHIEP.</strong></span> 
     </span>
    </p>
   </div>
   <div class='ocr_carea' id='block_1_3' title="bbox 364 471 1963 549">
    <p class='ocr_par' dir='ltr' id='par_1_3' title="bbox 364 474 1949 549">
     <span class='ocr_line' id='line_1_3' title="bbox 364 474 1949 549; baseline -0.009 -9"><span class='ocrx_word' id='word_1_5' title='bbox 364 482 640 549; x_wconf 78' lang='lat' dir='ltr'><strong>Cornelio,</strong></span> <span class='ocrx_word' id='word_1_6' title='bbox 669 496 787 535; x_wconf 83' lang='lat' dir='ltr'><strong>ram</strong></span> <span class='ocrx_word' id='word_1_7' title='bbox 829 488 1065 536; x_wconf 76' lang='lat' dir='ltr'><strong>vocasset</strong></span> <span class='ocrx_word' id='word_1_8' title='bbox 1101 476 1232 531; x_wconf 81' lang='lat' dir='ltr'><strong>duos</strong></span> <span class='ocrx_word' id='word_1_9' title='bbox 1272 495 1446 532; x_wconf 77' lang='lat' dir='ltr'><strong>servos</strong></span> <span class='ocrx_word' id='word_1_10' title='bbox 1496 493 1645 540; x_wconf 86' lang='lat' dir='ltr'><strong>suos,</strong></span> <span class='ocrx_word' id='word_1_11' title='bbox 1681 484 1729 529; x_wconf 86' lang='lat' dir='ltr'><strong>et</strong></span> <span class='ocrx_word' id='word_1_12' title='bbox 1765 490 1829 527; x_wconf 75' lang='lat' dir='ltr'><strong>ea:</strong></span> <span class='ocrx_word' id='word_1_13' title='bbox 1859 474 1949 537; x_wconf 84' lang='lat' dir='ltr'><strong>iis,</strong></span> 
     </span>
    </p>
   </div>
   <div class='ocr_carea' id='block_1_4' title="bbox 2066 471 3647 549">
    <p class='ocr_par' dir='ltr' id='par_1_4' title="bbox 2066 471 3647 542">
     <span class='ocr_line' id='line_1_4' title="bbox 2066 471 3647 542; baseline 0.003 -18"><span class='ocrx_word' id='word_1_14' title='bbox 2066 473 2265 540; x_wconf 67' lang='grc' dir='ltr'>νηλίῳ,</span> <span class='ocrx_word' id='word_1_15' title='bbox 2322 472 2618 542; x_wconf 70' lang='grc' dir='ltr'>φωνήσας</span> <span class='ocrx_word' id='word_1_16' title='bbox 2673 472 2785 527; x_wconf 76' lang='grc' dir='ltr'><strong>δύο</strong></span> <span class='ocrx_word' id='word_1_17' title='bbox 2845 471 2963 527; x_wconf 83' lang='grc' dir='ltr'>τῶν</span> <span class='ocrx_word' id='word_1_18' title='bbox 3009 474 3257 529; x_wconf 74' lang='grc' dir='ltr'><strong>οἰκετῶν</strong></span> <span class='ocrx_word' id='word_1_19' title='bbox 3307 476 3494 529; x_wconf 84' lang='grc' dir='ltr'><em>αὑτοῦ</em></span> <span class='ocrx_word' id='word_1_20' title='bbox 3548 476 3647 529; x_wconf 75' lang='grc' dir='ltr'><strong>καὶ</strong></span> 
     </span>
    </p>
   </div>
   <div class='ocr_carea' id='block_1_5' title="bbox 364 566 1959 649">
    <p class='ocr_par' dir='ltr' id='par_1_5' title="bbox 364 566 1959 649">
     <span class='ocr_line' id='line_1_5' title="bbox 364 566 1959 649; baseline -0.009 -16"><span class='ocrx_word' id='word_1_21' title='bbox 364 579 456 649; x_wconf 76' lang='lat' dir='ltr'><strong>qui</strong></span> <span class='ocrx_word' id='word_1_22' title='bbox 487 576 589 631; x_wconf 86' lang='lat' dir='ltr'><strong>sibi</strong></span> <span class='ocrx_word' id='word_1_23' title='bbox 619 575 875 644; x_wconf 82' lang='lat' dir='ltr'><strong>parebant</strong></span> <span class='ocrx_word' id='word_1_24' title='bbox 926 588 988 626; x_wconf 88' lang='lat' dir='ltr'><strong>ac</strong></span> <span class='ocrx_word' id='word_1_25' title='bbox 1016 582 1211 641; x_wconf 73' lang='lat' dir='ltr'><strong>prccsto</strong></span> <span class='ocrx_word' id='word_1_26' title='bbox 1244 572 1572 624; x_wconf 76' lang='lat' dir='ltr'><strong>continenter</strong></span> <span class='ocrx_word' id='word_1_27' title='bbox 1609 575 1784 632; x_wconf 86' lang='lat' dir='ltr'><strong>erant,</strong></span> <span class='ocrx_word' id='word_1_28' title='bbox 1814 566 1959 620; x_wconf 88' lang='lat' dir='ltr'><strong>mili-</strong></span> 
     </span>
    </p>
   </div>
   <div class='ocr_carea' id='block_1_6' title="bbox 367 670 831 740">
    <p class='ocr_par' dir='ltr' id='par_1_6' title="bbox 367 670 831 740">
     <span class='ocr_line' id='line_1_6' title="bbox 367 670 831 740; baseline -0.015 -14"><span class='ocrx_word' id='word_1_29' title='bbox 367 685 470 726; x_wconf 88' lang='lat' dir='ltr'><strong>tem</strong></span> <span class='ocrx_word' id='word_1_30' title='bbox 501 670 831 740; x_wconf 82' lang='lat' dir='ltr'><strong>religiosum,</strong></span> 
     </span>
    </p>
   </div>
   <div class='ocr_carea' id='block_1_7' title="bbox 442 746 1957 826">
    <p class='ocr_par' dir='ltr' id='par_1_7' title="bbox 442 746 1957 826">
     <span class='ocr_line' id='line_1_7' title="bbox 442 746 1957 826; baseline -0.009 -10"><span class='ocrx_word' id='word_1_31' title='bbox 442 759 614 816; x_wconf 75' lang='lat' dir='ltr'><strong>Vens.</strong></span> <span class='ocrx_word' id='word_1_32' title='bbox 640 759 694 815; x_wconf 87' lang='lat'><strong>8.</strong></span> <span class='ocrx_word' id='word_1_33' title='bbox 729 757 793 812; x_wconf 84' lang='lat' dir='ltr'><strong>Et</strong></span> <span class='ocrx_word' id='word_1_34' title='bbox 831 757 1009 812; x_wconf 88' lang='lat' dir='ltr'><strong>omnia</strong></span> <span class='ocrx_word' id='word_1_35' title='bbox 1035 757 1111 812; x_wconf 89' lang='lat' dir='ltr'><strong>eis</strong></span> <span class='ocrx_word' id='word_1_36' title='bbox 1139 754 1490 826; x_wconf 70' lang='lat' dir='ltr'><strong>exposuisset,</strong></span> <span class='ocrx_word' id='word_1_37' title='bbox 1523 746 1785 809; x_wconf 47' lang='lat' dir='ltr'><strong>misit&#39;eos</strong></span> <span class='ocrx_word' id='word_1_38' title='bbox 1819 750 1957 822; x_wconf 80' lang='grc' dir='ltr'><strong>1ορ-</strong></span> 
     </span>
    </p>
   </div>
   <div class='ocr_carea' id='block_1_8' title="bbox 368 871 489 923">
    <p class='ocr_par' dir='ltr' id='par_1_8' title="bbox 368 871 489 923">
     <span class='ocr_line' id='line_1_8' title="bbox 368 871 489 923; baseline 0.017 -16"><span class='ocrx_word' id='word_1_39' title='bbox 368 871 489 923; x_wconf 80' lang='lat' dir='ltr'><strong>pm.</strong></span> 
     </span>
    </p>
   </div>
   <div class='ocr_carea' id='block_1_9' title="bbox 440 937 1958 1009">
    <p class='ocr_par' dir='ltr' id='par_1_9' title="bbox 440 937 1958 1009">
     <span class='ocr_line' id='line_1_9' title="bbox 440 937 1958 1009; baseline -0.006 -11"><span class='ocrx_word' id='word_1_40' title='bbox 440 944 542 1000; x_wconf 86' lang='lat' dir='ltr'><strong>Hie</strong></span> <span class='ocrx_word' id='word_1_41' title='bbox 564 940 677 1000; x_wconf 86' lang='lat' dir='ltr'><strong>non</strong></span> <span class='ocrx_word' id='word_1_42' title='bbox 709 951 796 999; x_wconf 90' lang='lat' dir='ltr'><strong>est</strong></span> <span class='ocrx_word' id='word_1_43' title='bbox 830 941 1073 1005; x_wconf 74' lang='lat' dir='ltr'><strong>Iudaeus,</strong></span> <span class='ocrx_word' id='word_1_44' title='bbox 1105 952 1287 1009; x_wconf 89' lang='lat' dir='ltr'><strong>neque</strong></span> <span class='ocrx_word' id='word_1_45' title='bbox 1319 953 1386 994; x_wconf 85' lang='lat' dir='ltr'><strong>ex</strong></span> <span class='ocrx_word' id='word_1_46' title='bbox 1417 938 1504 1004; x_wconf 90' lang='lat' dir='ltr'><strong>iis,</strong></span> <span class='ocrx_word' id='word_1_47' title='bbox 1533 938 1627 1007; x_wconf 86' lang='lat' dir='ltr'><strong>qui</strong></span> <span class='ocrx_word' id='word_1_48' title='bbox 1657 937 1769 1009; x_wconf 78' lang='lat'><strong>87</strong></span> <span class='ocrx_word' id='word_1_49' title='bbox 1800 944 1958 991; x_wconf 86' lang='lat' dir='ltr'><strong>erant</strong></span> 
     </span>
    </p>
   </div>
   <div class='ocr_carea' id='block_1_10' title="bbox 365 1029 1965 1107">
    <p class='ocr_par' dir='ltr' id='par_1_10' title="bbox 365 1029 1965 1107">
     <span class='ocr_line' id='line_1_10' title="bbox 365 1029 1965 1107; baseline -0.006 -15"><span class='ocrx_word' id='word_1_50' title='bbox 365 1040 469 1092; x_wconf 89' lang='lat' dir='ltr'><strong>sub</strong></span> <span class='ocrx_word' id='word_1_51' title='bbox 493 1036 608 1107; x_wconf 83' lang='lat' dir='ltr'><strong>lege</strong></span> <span class='ocrx_word' id='word_1_52' title='bbox 633 1036 761 1099; x_wconf 90' lang='lat' dir='ltr'><strong>:_sed</strong></span> <span class='ocrx_word' id='word_1_53' title='bbox 783 1036 895 1105; x_wconf 85' lang='lat' dir='ltr'><strong>jam</strong></span> <span class='ocrx_word' id='word_1_54' title='bbox 918 1040 1077 1087; x_wconf 96' lang='lat' dir='ltr'><strong>antea</strong></span> <span class='ocrx_word' id='word_1_55' title='bbox 1098 1039 1822 1102; x_wconf 73' lang='lat' dir='ltr'><strong>przeoccupaveratnostrum</strong></span> <span class='ocrx_word' id='word_1_56' title='bbox 1840 1029 1965 1083; x_wconf 63' lang='lat' dir='ltr'><strong>vita</strong></span> 
     </span>
    </p>
   </div>
   <div class='ocr_carea' id='block_1_11' title="bbox 368 1119 1958 1190">
    <p class='ocr_par' dir='ltr' id='par_1_11' title="bbox 368 1119 1958 1190">
     <span class='ocr_line' id='line_1_11' title="bbox 368 1119 1958 1190; baseline -0.004 -10"><span class='ocrx_word' id='word_1_57' title='bbox 368 1127 683 1181; x_wconf 86' lang='lat' dir='ltr'><strong>institutum</strong></span> <span class='ocrx_word' id='word_1_58' title='bbox 713 1142 729 1180; x_wconf 89' lang='lat'><strong>:</strong></span> <span class='ocrx_word' id='word_1_59' title='bbox 759 1139 824 1179; x_wconf 88' lang='lat' dir='ltr'><strong>ac</strong></span> <span class='ocrx_word' id='word_1_60' title='bbox 851 1122 960 1178; x_wconf 91' lang='lat' dir='ltr'><strong>duo</strong></span> <span class='ocrx_word' id='word_1_61' title='bbox 995 1121 1217 1177; x_wconf 77' lang='lat' dir='ltr'><strong>interim</strong></span> <span class='ocrx_word' id='word_1_62' title='bbox 1256 1121 1488 1176; x_wconf 90' lang='lat' dir='ltr'><strong>credunt</strong></span> <span class='ocrx_word' id='word_1_63' title='bbox 1522 1135 1588 1175; x_wconf 82' lang='lat' dir='ltr'><strong>ex</strong></span> <span class='ocrx_word' id='word_1_64' title='bbox 1620 1120 1709 1176; x_wconf 90' lang='lat' dir='ltr'><strong>iis.</strong></span> <span class='ocrx_word' id='word_1_65' title='bbox 1746 1119 1839 1190; x_wconf 88' lang='lat' dir='ltr'><strong>qui</strong></span> <span class='ocrx_word' id='word_1_66' title='bbox 1871 1119 1958 1174; x_wconf 86' lang='lat' dir='ltr'><strong>di-</strong></span> 
     </span>
    </p>
   </div>
   <div class='ocr_carea' id='block_1_12' title="bbox 368 1210 1961 1289">
    <p class='ocr_par' dir='ltr' id='par_1_12' title="bbox 368 1210 1961 1289">
     <span class='ocr_line' id='line_1_12' title="bbox 368 1210 1961 1289; baseline -0.004 -17"><span class='ocrx_word' id='word_1_67' title='bbox 368 1221 575 1289; x_wconf 88' lang='lat' dir='ltr'><strong>gnitate</strong></span> <span class='ocrx_word' id='word_1_68' title='bbox 596 1215 811 1288; x_wconf 59' lang='lat' dir='ltr'><strong>praediti</strong></span> <span class='ocrx_word' id='word_1_69' title='bbox 839 1220 1017 1279; x_wconf 86' lang='lat' dir='ltr'><strong>erant,</strong></span> <span class='ocrx_word' id='word_1_70' title='bbox 1042 1220 1283 1283; x_wconf 76' lang='lat' dir='ltr'><strong>quaestor</strong></span> <span class='ocrx_word' id='word_1_71' title='bbox 1304 1211 1560 1267; x_wconf 83' lang='lat' dir='ltr'><strong>videlicet</strong></span> <span class='ocrx_word' id='word_1_72' title='bbox 1584 1210 1961 1280; x_wconf 68' lang='lat' dir='ltr'><strong>Ethiopissze,</strong></span> 
     </span>
    </p>
   </div>
   <div class='ocr_carea' id='block_1_13' title="bbox 366 1300 1962 1371">
    <p class='ocr_par' dir='ltr' id='par_1_13' title="bbox 366 1300 1962 1371">
     <span class='ocr_line' id='line_1_13' title="bbox 366 1300 1962 1371; baseline -0.008 -7"><span class='ocrx_word' id='word_1_73' title='bbox 366 1317 423 1364; x_wconf 86' lang='lat' dir='ltr'><strong>et</strong></span> <span class='ocrx_word' id='word_1_74' title='bbox 452 1309 562 1364; x_wconf 89' lang='lat' dir='ltr'><strong>hic.</strong></span> <span class='ocrx_word' id='word_1_75' title='bbox 606 1306 736 1361; x_wconf 78' lang='lat' dir='ltr'><strong>Pius</strong></span> <span class='ocrx_word' id='word_1_76' title='bbox 769 1320 834 1358; x_wconf 87' lang='lat' dir='ltr'><strong>ac</strong></span> <span class='ocrx_word' id='word_1_77' title='bbox 877 1305 1068 1358; x_wconf 85' lang='lat' dir='ltr'><strong>timens</strong></span> <span class='ocrx_word' id='word_1_78' title='bbox 1109 1302 1281 1356; x_wconf 88' lang='lat' dir='ltr'><strong>Deum</strong></span> <span class='ocrx_word' id='word_1_79' title='bbox 1310 1317 1428 1355; x_wconf 88' lang='lat' dir='ltr'><strong>cum</strong></span> <span class='ocrx_word' id='word_1_80' title='bbox 1461 1309 1573 1355; x_wconf 87' lang='lat' dir='ltr'><strong>tota</strong></span> <span class='ocrx_word' id='word_1_81' title='bbox 1603 1300 1813 1371; x_wconf 78' lang='lat' dir='ltr'><strong>familia</strong></span> <span class='ocrx_word' id='word_1_82' title='bbox 1842 1316 1962 1353; x_wconf 86' lang='lat' dir='ltr'><strong>sua.</strong></span> 
     </span>
    </p>
   </div>
   <div class='ocr_carea' id='block_1_14' title="bbox 366 1389 1966 1466">
    <p class='ocr_par' dir='ltr' id='par_1_14' title="bbox 366 1389 1966 1466">
     <span class='ocr_line' id='line_1_14' title="bbox 366 1389 1966 1466; baseline -0.008 -13"><span class='ocrx_word' id='word_1_83' title='bbox 366 1398 673 1454; x_wconf 78' lang='lat' dir='ltr'><strong>Audiamus</strong></span> <span class='ocrx_word' id='word_1_84' title='bbox 701 1393 794 1466; x_wconf 88' lang='lat' dir='ltr'><strong>qui</strong></span> <span class='ocrx_word' id='word_1_85' title='bbox 825 1391 1126 1448; x_wconf 81' lang='lat' dir='ltr'><strong>familiares</strong></span> <span class='ocrx_word' id='word_1_86' title='bbox 1155 1405 1222 1445; x_wconf 90' lang='lat' dir='ltr'><strong>ac</strong></span> <span class='ocrx_word' id='word_1_87' title='bbox 1249 1389 1584 1445; x_wconf 89' lang='lat' dir='ltr'><strong>domesticos</strong></span> <span class='ocrx_word' id='word_1_88' title='bbox 1611 1397 1829 1444; x_wconf 90' lang='lat' dir='ltr'><strong>nostros</strong></span> <span class='ocrx_word' id='word_1_89' title='bbox 1868 1403 1966 1442; x_wconf 82' lang='lat' dir='ltr'><strong>ne-</strong></span> 
     </span>
    </p>
   </div>
   <div class='ocr_carea' id='block_1_15' title="bbox 368 1480 1963 1563">
    <p class='ocr_par' dir='ltr' id='par_1_15' title="bbox 368 1480 1963 1563">
     <span class='ocr_line' id='line_1_15' title="bbox 368 1480 1963 1563; baseline -0.005 -20"><span class='ocrx_word' id='word_1_90' title='bbox 368 1489 622 1563; x_wconf 82' lang='lat' dir='ltr'><strong>gligimus</strong></span> <span class='ocrx_word' id='word_1_91' title='bbox 660 1505 677 1541; x_wconf 89' lang='lat'><strong>:</strong></span> <span class='ocrx_word' id='word_1_92' title='bbox 717 1493 774 1540; x_wconf 89' lang='lat' dir='ltr'><strong>at</strong></span> <span class='ocrx_word' id='word_1_93' title='bbox 806 1484 895 1539; x_wconf 86' lang='lat' dir='ltr'><strong>hic</strong></span> <span class='ocrx_word' id='word_1_94' title='bbox 923 1484 1088 1539; x_wconf 86' lang='lat' dir='ltr'><strong>etiam</strong></span> <span class='ocrx_word' id='word_1_95' title='bbox 1122 1482 1190 1537; x_wconf 86' lang='lat' dir='ltr'><strong>de</strong></span> <span class='ocrx_word' id='word_1_96' title='bbox 1225 1482 1491 1536; x_wconf 87' lang='lat' dir='ltr'><strong>militibus</strong></span> <span class='ocrx_word' id='word_1_97' title='bbox 1526 1480 1789 1535; x_wconf 90' lang='lat' dir='ltr'><strong>sollicitus</strong></span> <span class='ocrx_word' id='word_1_98' title='bbox 1826 1485 1963 1535; x_wconf 89' lang='lat' dir='ltr'><strong>erat.</strong></span> 
     </span>
    </p>
   </div>
   <div class='ocr_carea' id='block_1_16' title="bbox 370 1568 1965 1644">
    <p class='ocr_par' dir='ltr' id='par_1_16' title="bbox 370 1568 1965 1644">
     <span class='ocr_line' id='line_1_16' title="bbox 370 1568 1965 1644; baseline -0.007 -11"><span class='ocrx_word' id='word_1_99' title='bbox 370 1578 626 1633; x_wconf 78' lang='lat' dir='ltr'><strong>Centurio</strong></span> <span class='ocrx_word' id='word_1_100' title='bbox 683 1577 748 1632; x_wconf 85' lang='lat' dir='ltr'><strong>de</strong></span> <span class='ocrx_word' id='word_1_101' title='bbox 793 1577 1003 1631; x_wconf 81' lang='lat' dir='ltr'><strong>cohorte</strong></span> <span class='ocrx_word' id='word_1_102' title='bbox 1037 1589 1155 1644; x_wconf 75' lang='lat' dir='ltr'><strong>qua:</strong></span> <span class='ocrx_word' id='word_1_103' title='bbox 1185 1573 1476 1627; x_wconf 80' lang='lat' dir='ltr'><strong>vocabatur</strong></span> <span class='ocrx_word' id='word_1_104' title='bbox 1503 1570 1719 1626; x_wconf 87' lang='lat' dir='ltr'><strong>Italica.</strong></span> <span class='ocrx_word' id='word_1_105' title='bbox 1752 1568 1827 1625; x_wconf 85' lang='lat' dir='ltr'><strong>De</strong></span> <span class='ocrx_word' id='word_1_106' title='bbox 1849 1584 1965 1623; x_wconf 85' lang='lat' dir='ltr'><strong>ma-</strong></span> 
     </span>
    </p>
   </div>
   <div class='ocr_carea' id='block_1_17' title="bbox 2062 562 3650 636">
    <p class='ocr_par' dir='ltr' id='par_1_17' title="bbox 2062 562 3650 636">
     <span class='ocr_line' id='line_1_17' title="bbox 2062 562 3650 636; baseline 0.001 -17"><span class='ocrx_word' id='word_1_107' title='bbox 2062 562 2443 634; x_wconf 82' lang='grc' dir='ltr'>στρατιώτην</span> <span class='ocrx_word' id='word_1_108' title='bbox 2520 563 2745 632; x_wconf 75' lang='grc' dir='ltr'>εὐσεϐῆ</span> <span class='ocrx_word' id='word_1_109' title='bbox 2826 564 2946 620; x_wconf 86' lang='grc' dir='ltr'><strong>τῶν</strong></span> <span class='ocrx_word' id='word_1_110' title='bbox 3034 566 3650 636; x_wconf 73' lang='grc' dir='ltr'><strong>προσκαρτερούντων</strong></span> 
     </span>
    </p>
   </div>
   <div class='ocr_carea' id='block_1_18' title="bbox 2060 656 2280 718">
    <p class='ocr_par' dir='ltr' id='par_1_18' title="bbox 2060 656 2280 718">
     <span class='ocr_line' id='line_1_18' title="bbox 2060 656 2280 718; baseline -0.009 -7"><span class='ocrx_word' id='word_1_111' title='bbox 2060 656 2224 718; x_wconf 79' lang='grc' dir='ltr'><strong>αὐτῷ</strong></span> <span class='ocrx_word' id='word_1_112' title='bbox 2264 671 2280 685; x_wconf 85' lang='grc'><em>’</em></span> 
     </span>
    </p>
   </div>
   <div class='ocr_carea' id='block_1_19' title="bbox 2146 747 3650 819">
    <p class='ocr_par' dir='ltr' id='par_1_19' title="bbox 2146 747 3650 819">
     <span class='ocr_line' id='line_1_19' title="bbox 2146 747 3650 819; baseline 0.003 -18"><span class='ocrx_word' id='word_1_113' title='bbox 2146 747 2643 819; x_wconf 71' lang='grc' dir='ltr'>Ἐξηγησάμενος</span> <span class='ocrx_word' id='word_1_114' title='bbox 2677 748 2724 782; x_wconf 78' lang='grc'><strong>⁸⁸</strong></span> <span class='ocrx_word' id='word_1_115' title='bbox 2752 748 2957 816; x_wconf 80' lang='grc' dir='ltr'><strong>αὐτοῖς</strong></span> <span class='ocrx_word' id='word_1_116' title='bbox 2996 748 3253 816; x_wconf 67' lang='grc' dir='ltr'>ἅπαντα,</span> <span class='ocrx_word' id='word_1_117' title='bbox 3283 748 3650 806; x_wconf 72' lang='grc' dir='ltr'>ἀπέστειλεν</span> 
     </span>
    </p>
   </div>
   <div class='ocr_carea' id='block_1_20' title="bbox 2061 840 2876 910">
    <p class='ocr_par' dir='ltr' id='par_1_20' title="bbox 2061 840 2876 910">
     <span class='ocr_line' id='line_1_20' title="bbox 2061 840 2876 910; baseline 0.001 -15"><span class='ocrx_word' id='word_1_118' title='bbox 2061 840 2287 907; x_wconf 77' lang='grc' dir='ltr'>αὐτοὺς</span> <span class='ocrx_word' id='word_1_119' title='bbox 2316 842 2403 907; x_wconf 76' lang='grc' dir='ltr'>εἰς</span> <span class='ocrx_word' id='word_1_120' title='bbox 2442 840 2558 910; x_wconf 79' lang='grc' dir='ltr'><strong>τὴν</strong></span> <span class='ocrx_word' id='word_1_121' title='bbox 2609 841 2876 909; x_wconf 77' lang='grc' dir='ltr'>Ἰόππην.</span> 
     </span>
    </p>
   </div>
   <div class='ocr_carea' id='block_1_21' title="bbox 2135 924 3646 995">
    <p class='ocr_par' dir='ltr' id='par_1_21' title="bbox 2135 924 3646 995">
     <span class='ocr_line' id='line_1_21' title="bbox 2135 924 3646 995; baseline 0.001 -11"><span class='ocrx_word' id='word_1_122' title='bbox 2135 924 2304 994; x_wconf 74' lang='grc' dir='ltr'>Οὗτος</span> <span class='ocrx_word' id='word_1_123' title='bbox 2333 930 2433 984; x_wconf 79' lang='grc' dir='ltr'>οὐκ</span> <span class='ocrx_word' id='word_1_124' title='bbox 2474 930 2624 984; x_wconf 76' lang='grc' dir='ltr'>ἔστιν</span> <span class='ocrx_word' id='word_1_125' title='bbox 2662 930 2935 995; x_wconf 80' lang='grc' dir='ltr'>Ἰουδαῖος,</span> <span class='ocrx_word' id='word_1_126' title='bbox 2971 932 3093 985; x_wconf 74' lang='grc' dir='ltr'>οὐδὲ</span> <span class='ocrx_word' id='word_1_127' title='bbox 3125 931 3235 985; x_wconf 86' lang='grc' dir='ltr'><strong>τῶν</strong></span> <span class='ocrx_word' id='word_1_128' title='bbox 3279 932 3382 985; x_wconf 71' lang='grc' dir='ltr'><strong>ὑπὸ</strong></span> <span class='ocrx_word' id='word_1_129' title='bbox 3420 932 3515 986; x_wconf 74' lang='grc' dir='ltr'>τὸν</span> <span class='ocrx_word' id='word_1_130' title='bbox 3557 933 3646 986; x_wconf 86' lang='grc' dir='ltr'><strong>νό-</strong></span> 
     </span>
    </p>
   </div>
   <div class='ocr_carea' id='block_1_22' title="bbox 2067 1022 3635 1095">
    <p class='ocr_par' dir='ltr' id='par_1_22' title="bbox 2067 1022 3635 1095">
     <span class='ocr_line' id='line_1_22' title="bbox 2067 1022 3635 1095; baseline 0.002 -19"><span class='ocrx_word' id='word_1_131' title='bbox 2067 1041 2187 1095; x_wconf 74' lang='grc' dir='ltr'>μονο</span> <span class='ocrx_word' id='word_1_132' title='bbox 2221 1023 2334 1077; x_wconf 84' lang='grc' dir='ltr'>ἀλλ’</span> <span class='ocrx_word' id='word_1_133' title='bbox 2366 1023 2471 1095; x_wconf 76' lang='grc' dir='ltr'>ήδη</span> <span class='ocrx_word' id='word_1_134' title='bbox 2504 1022 2825 1094; x_wconf 82' lang='grc' dir='ltr'><strong>προειλήφει</strong></span> <span class='ocrx_word' id='word_1_135' title='bbox 2866 1025 2965 1095; x_wconf 82' lang='grc' dir='ltr'><strong>τὴν</strong></span> <span class='ocrx_word' id='word_1_136' title='bbox 3010 1025 3289 1095; x_wconf 74' lang='grc' dir='ltr'><strong>ἡμετέραν</strong></span> <span class='ocrx_word' id='word_1_137' title='bbox 3332 1025 3635 1080; x_wconf 78' lang='grc' dir='ltr'><strong>πολιτείαν·</strong></span> 
     </span>
    </p>
   </div>
   <div class='ocr_carea' id='block_1_23' title="bbox 2063 1115 3644 1188">
    <p class='ocr_par' dir='ltr' id='par_1_23' title="bbox 2063 1115 3644 1188">
     <span class='ocr_line' id='line_1_23' title="bbox 2063 1115 3644 1188; baseline 0.002 -19"><span class='ocrx_word' id='word_1_138' title='bbox 2063 1116 2159 1170; x_wconf 90' lang='grc' dir='ltr'><strong>δύο</strong></span> <span class='ocrx_word' id='word_1_139' title='bbox 2196 1116 2252 1170; x_wconf 80' lang='grc' dir='ltr'>δὲ</span> <span class='ocrx_word' id='word_1_140' title='bbox 2292 1115 2613 1170; x_wconf 74' lang='grc' dir='ltr'>πιστεύουσι</span> <span class='ocrx_word' id='word_1_141' title='bbox 2669 1116 2806 1179; x_wconf 80' lang='grc' dir='ltr'>τέως</span> <span class='ocrx_word' id='word_1_142' title='bbox 2842 1117 2899 1170; x_wconf 80' lang='grc' dir='ltr'>ὲν</span> <span class='ocrx_word' id='word_1_143' title='bbox 2949 1116 3260 1187; x_wconf 81' lang='grc' dir='ltr'>ἀξιώματι,</span> <span class='ocrx_word' id='word_1_144' title='bbox 3292 1119 3320 1170; x_wconf 85' lang='grc' dir='ltr'><strong>ὃ</strong></span> <span class='ocrx_word' id='word_1_145' title='bbox 3349 1135 3408 1171; x_wconf 90' lang='grc' dir='ltr'><strong>τε</strong></span> <span class='ocrx_word' id='word_1_146' title='bbox 3438 1120 3644 1188; x_wconf 78' lang='grc' dir='ltr'><strong>ταμίας</strong></span> 
     </span>
    </p>
   </div>
   <div class='ocr_carea' id='block_1_24' title="bbox 2064 1202 3645 1280">
    <p class='ocr_par' dir='ltr' id='par_1_24' title="bbox 2064 1202 3645 1280">
     <span class='ocr_line' id='line_1_24' title="bbox 2064 1202 3645 1280; baseline -0.007 -17"><span class='ocrx_word' id='word_1_147' title='bbox 2064 1208 2162 1279; x_wconf 80' lang='grc' dir='ltr'>τῆς</span> <span class='ocrx_word' id='word_1_148' title='bbox 2199 1208 2553 1278; x_wconf 75' lang='grc' dir='ltr'>Αίθιοπίσσης</span> <span class='ocrx_word' id='word_1_149' title='bbox 2580 1210 2675 1261; x_wconf 79' lang='grc' dir='ltr'><strong>καὶ</strong></span> <span class='ocrx_word' id='word_1_150' title='bbox 2705 1202 2879 1271; x_wconf 76' lang='grc' dir='ltr'>οὗτος.</span> <span class='ocrx_word' id='word_1_151' title='bbox 2918 1208 3194 1276; x_wconf 76' lang='grc' dir='ltr'>Εὐσεϐὴς</span> <span class='ocrx_word' id='word_1_152' title='bbox 3224 1208 3323 1263; x_wconf 74' lang='grc' dir='ltr'><strong>καί</strong></span> <span class='ocrx_word' id='word_1_153' title='bbox 3352 1211 3645 1280; x_wconf 71' lang='grc' dir='ltr'>φοϐούμε.</span> 
     </span>
    </p>
   </div>
   <div class='ocr_carea' id='block_1_25' title="bbox 2063 1284 3648 1367">
    <p class='ocr_par' dir='ltr' id='par_1_25' title="bbox 2063 1284 3648 1367">
     <span class='ocr_line' id='line_1_25' title="bbox 2063 1284 3648 1367; baseline 0.003 -13"><span class='ocrx_word' id='word_1_154' title='bbox 2063 1284 2316 1366; x_wconf 67' lang='grc' dir='ltr'>νοςτὸν</span> <span class='ocrx_word' id='word_1_155' title='bbox 2366 1298 2517 1354; x_wconf 88' lang='grc' dir='ltr'>Θεὸν</span> <span class='ocrx_word' id='word_1_156' title='bbox 2545 1301 2669 1355; x_wconf 86' lang='grc' dir='ltr'>σὺν</span> <span class='ocrx_word' id='word_1_157' title='bbox 2694 1301 2875 1356; x_wconf 74' lang='grc' dir='ltr'><em>παντὶ</em></span> <span class='ocrx_word' id='word_1_158' title='bbox 2910 1301 2992 1367; x_wconf 86' lang='grc' dir='ltr'><strong>τῷ</strong></span> <span class='ocrx_word' id='word_1_159' title='bbox 3019 1301 3164 1367; x_wconf 76' lang='grc' dir='ltr'><strong>οἴκῳ</strong></span> <span class='ocrx_word' id='word_1_160' title='bbox 3200 1303 3412 1358; x_wconf 81' lang='grc' dir='ltr'>αὐτοῦ.</span> <span class='ocrx_word' id='word_1_161' title='bbox 3462 1303 3648 1357; x_wconf 80' lang='grc' dir='ltr'>Ἀκούο</span> 
     </span>
    </p>
   </div>
   <div class='ocr_carea' id='block_1_26' title="bbox 2067 1389 3645 1464">
    <p class='ocr_par' dir='ltr' id='par_1_26' title="bbox 2067 1389 3645 1464">
     <span class='ocr_line' id='line_1_26' title="bbox 2067 1389 3645 1464; baseline 0.003 -19"><span class='ocrx_word' id='word_1_162' title='bbox 2067 1409 2251 1464; x_wconf 89' lang='grc' dir='ltr'>σωμεν</span> <span class='ocrx_word' id='word_1_163' title='bbox 2302 1393 2422 1446; x_wconf 72' lang='grc' dir='ltr'>ὅσοι</span> <span class='ocrx_word' id='word_1_164' title='bbox 2477 1392 2589 1447; x_wconf 85' lang='grc' dir='ltr'><strong>τῶν</strong></span> <span class='ocrx_word' id='word_1_165' title='bbox 2647 1393 2865 1448; x_wconf 77' lang='grc' dir='ltr'><strong>οἰκείων</strong></span> <span class='ocrx_word' id='word_1_166' title='bbox 2892 1393 3226 1464; x_wconf 83' lang='grc' dir='ltr'>ἀμελοῦμεν’</span> <span class='ocrx_word' id='word_1_167' title='bbox 3253 1389 3410 1459; x_wconf 72' lang='grc' dir='ltr'>οὗτος</span> <span class='ocrx_word' id='word_1_168' title='bbox 3442 1394 3500 1448; x_wconf 66' lang='grc' dir='ltr'>δὲ</span> <span class='ocrx_word' id='word_1_169' title='bbox 3547 1396 3645 1449; x_wconf 78' lang='grc' dir='ltr'><strong>καὶ</strong></span> 
     </span>
    </p>
   </div>
   <div class='ocr_carea' id='block_1_27' title="bbox 2068 1483 3645 1557">
    <p class='ocr_par' dir='ltr' id='par_1_27' title="bbox 2068 1483 3645 1557">
     <span class='ocr_line' id='line_1_27' title="bbox 2068 1483 3645 1557; baseline 0.002 -19"><span class='ocrx_word' id='word_1_170' title='bbox 2068 1484 2418 1553; x_wconf 83' lang='grc' dir='ltr'><strong>στρατιωτῶν</strong></span> <span class='ocrx_word' id='word_1_171' title='bbox 2435 1486 2533 1537; x_wconf 68' lang='lat' dir='ltr'><strong>tm</strong></span> <span class='ocrx_word' id='word_1_172' title='bbox 2543 1483 2792 1554; x_wconf 60' lang='grc' dir='ltr'>μελεῖτοᾶ</span> <span class='ocrx_word' id='word_1_173' title='bbox 2805 1484 3285 1554; x_wconf 80' lang='grc' dir='ltr'><strong>Ἐκατοντάρχης</strong></span> <span class='ocrx_word' id='word_1_174' title='bbox 3300 1486 3367 1540; x_wconf 81' lang='grc' dir='ltr'><strong>ἐκ</strong></span> <span class='ocrx_word' id='word_1_175' title='bbox 3385 1490 3645 1557; x_wconf 68' lang='grc' dir='ltr'>σπείρης</span> 
     </span>
    </p>
   </div>
   <div class='ocr_carea' id='block_1_28' title="bbox 2065 1574 3647 1653">
    <p class='ocr_par' dir='ltr' id='par_1_28' title="bbox 2065 1574 3647 1653">
     <span class='ocr_line' id='line_1_28' title="bbox 2065 1574 3647 1653; baseline 0.003 -24"><span class='ocrx_word' id='word_1_176' title='bbox 2065 1574 2175 1644; x_wconf 83' lang='grc' dir='ltr'><strong>τῆς</strong></span> <span class='ocrx_word' id='word_1_177' title='bbox 2243 1575 2626 1646; x_wconf 79' lang='grc' dir='ltr'><strong>καλουμένης</strong></span> <span class='ocrx_word' id='word_1_178' title='bbox 2696 1575 3019 1645; x_wconf 79' lang='grc' dir='ltr'><strong>Ἰταλικῆς.</strong></span> <span class='ocrx_word' id='word_1_179' title='bbox 3078 1578 3338 1648; x_wconf 79' lang='grc' dir='ltr'><strong>Μεγάλης</strong></span> <span class='ocrx_word' id='word_1_180' title='bbox 3413 1580 3647 1653; x_wconf 79' lang='grc' dir='ltr'><strong>σπείρης</strong></span> 
     </span>
    </p>
   </div>
   <div class='ocr_carea' id='block_1_29' title="bbox 3541 360 3739 424">
    <p class='ocr_par' dir='ltr' id='par_1_29' title="bbox 3541 360 3739 424">
     <span class='ocr_line' id='line_1_29' title="bbox 3541 360 3739 424; baseline 0.01 -3"><span class='ocrx_word' id='word_1_181' title='bbox 3541 360 3647 424; x_wconf 78' lang='grc'><strong>056</strong></span> <span class='ocrx_word' id='word_1_182' title='bbox 3732 396 3739 401; x_wconf 88' lang='lat'><strong>-</strong></span> 
     </span>
    </p>
   </div>
   <div class='ocr_carea' id='block_1_30' title="bbox 371 1660 1963 1743">
    <p class='ocr_par' dir='ltr' id='par_1_30' title="bbox 371 1660 1963 1743">
     <span class='ocr_line' id='line_1_30' title="bbox 371 1660 1963 1743; baseline -0.006 -19"><span class='ocrx_word' id='word_1_183' title='bbox 371 1687 478 1743; x_wconf 80' lang='lat' dir='ltr'><strong>gna</strong></span> <span class='ocrx_word' id='word_1_184' title='bbox 537 1670 684 1727; x_wconf 89' lang='lat' dir='ltr'><strong>enim</strong></span> <span class='ocrx_word' id='word_1_185' title='bbox 737 1668 967 1724; x_wconf 88' lang='lat' dir='ltr'><strong>cohorte</strong></span> <span class='ocrx_word' id='word_1_186' title='bbox 1017 1673 1174 1733; x_wconf 89' lang='lat' dir='ltr'><strong>erat,</strong></span> <span class='ocrx_word' id='word_1_187' title='bbox 1227 1664 1443 1733; x_wconf 90' lang='lat' dir='ltr'><strong>inquit,</strong></span> <span class='ocrx_word' id='word_1_188' title='bbox 1493 1678 1615 1734; x_wconf 68' lang='lat' dir='ltr'><strong>qua:</strong></span> <span class='ocrx_word' id='word_1_189' title='bbox 1668 1660 1963 1717; x_wconf 81' lang='lat' dir='ltr'><strong>vocabatur</strong></span> 
     </span>
    </p>
   </div>
   <div class='ocr_carea' id='block_1_31' title="bbox 2066 1660 3642 1743">
    <p class='ocr_par' dir='ltr' id='par_1_31' title="bbox 2066 1665 3642 1743">
     <span class='ocr_line' id='line_1_31' title="bbox 2066 1665 3642 1743; baseline 0.004 -22"><span class='ocrx_word' id='word_1_190' title='bbox 2066 1669 2177 1740; x_wconf 84' lang='grc' dir='ltr'>γὰρ</span> <span class='ocrx_word' id='word_1_191' title='bbox 2232 1665 2301 1740; x_wconf 83' lang='grc' dir='ltr'>ἦν</span> <span class='ocrx_word' id='word_1_192' title='bbox 2327 1710 2342 1736; x_wconf 92' lang='grc'><strong>,</strong></span> <span class='ocrx_word' id='word_1_193' title='bbox 2401 1669 2558 1738; x_wconf 73' lang='grc' dir='ltr'>φησὶ,</span> <span class='ocrx_word' id='word_1_194' title='bbox 2598 1668 2947 1739; x_wconf 76' lang='grc' dir='ltr'><strong>καλουμένης</strong></span> <span class='ocrx_word' id='word_1_195' title='bbox 3008 1669 3301 1741; x_wconf 84' lang='grc' dir='ltr'><strong>Ἰταλικῆς.</strong></span> <span class='ocrx_word' id='word_1_196' title='bbox 3334 1672 3541 1743; x_wconf 85' lang='grc' dir='ltr'>Σπεϊρα</span> <span class='ocrx_word' id='word_1_197' title='bbox 3585 1672 3642 1727; x_wconf 79' lang='grc' dir='ltr'>δέ</span> 
     </span>
    </p>
   </div>
   <div class='ocr_carea' id='block_1_32' title="bbox 383 1754 1963 1832">
    <p class='ocr_par' dir='ltr' id='par_1_32' title="bbox 383 1754 1963 1831">
     <span class='ocr_line' id='line_1_32' title="bbox 383 1754 1963 1831; baseline -0.008 -14"><span class='ocrx_word' id='word_1_198' title='bbox 383 1762 591 1819; x_wconf 88' lang='lat' dir='ltr'><strong>Italica.</strong></span> <span class='ocrx_word' id='word_1_199' title='bbox 623 1759 781 1831; x_wconf 89' lang='lat' dir='ltr'><strong>Spira</strong></span> <span class='ocrx_word' id='word_1_200' title='bbox 805 1766 988 1813; x_wconf 88' lang='lat' dir='ltr'><strong>autem</strong></span> <span class='ocrx_word' id='word_1_201' title='bbox 1009 1797 1025 1822; x_wconf 94' lang='lat'><strong>,</strong></span> <span class='ocrx_word' id='word_1_202' title='bbox 1062 1755 1115 1810; x_wconf 89' lang='lat' dir='ltr'><strong>id</strong></span> <span class='ocrx_word' id='word_1_203' title='bbox 1151 1762 1235 1810; x_wconf 87' lang='lat' dir='ltr'><strong>est</strong></span> <span class='ocrx_word' id='word_1_204' title='bbox 1262 1754 1460 1809; x_wconf 89' lang='lat' dir='ltr'><strong>cohors</strong></span> <span class='ocrx_word' id='word_1_205' title='bbox 1485 1760 1604 1819; x_wconf 86' lang='lat' dir='ltr'><strong>est,</strong></span> <span class='ocrx_word' id='word_1_206' title='bbox 1635 1766 1798 1823; x_wconf 87' lang='lat' dir='ltr'><strong>quem</strong></span> <span class='ocrx_word' id='word_1_207' title='bbox 1819 1763 1963 1805; x_wconf 88' lang='lat' dir='ltr'><strong>nunc</strong></span> 
     </span>
    </p>
   </div>
   <div class='ocr_carea' id='block_1_33' title="bbox 2066 1754 3648 1832">
    <p class='ocr_par' dir='ltr' id='par_1_33' title="bbox 2068 1759 3648 1832">
     <span class='ocr_line' id='line_1_33' title="bbox 2068 1759 3648 1832; baseline 0.003 -19"><span class='ocrx_word' id='word_1_208' title='bbox 2068 1762 2240 1827; x_wconf 76' lang='grc' dir='ltr'>ἐστιν,</span> <span class='ocrx_word' id='word_1_209' title='bbox 2277 1761 2305 1814; x_wconf 83' lang='grc' dir='ltr'><strong>ὃ</strong></span> <span class='ocrx_word' id='word_1_210' title='bbox 2341 1759 2618 1832; x_wconf 77' lang='grc' dir='ltr'><strong>καλοῦμεν</strong></span> <span class='ocrx_word' id='word_1_211' title='bbox 2657 1760 2753 1814; x_wconf 79' lang='grc' dir='ltr'><strong>νῦν</strong></span> <span class='ocrx_word' id='word_1_212' title='bbox 2778 1760 3084 1832; x_wconf 84' lang='grc' dir='ltr'>Νούμερον.</span> <span class='ocrx_word' id='word_1_213' title='bbox 3108 1762 3215 1815; x_wconf 78' lang='grc' dir='ltr'><strong>Διά</strong></span> <span class='ocrx_word' id='word_1_214' title='bbox 3236 1762 3396 1816; x_wconf 85' lang='grc' dir='ltr'>τοῦτο</span> <span class='ocrx_word' id='word_1_215' title='bbox 3423 1763 3481 1817; x_wconf 79' lang='grc' dir='ltr'>δὲ</span> <span class='ocrx_word' id='word_1_216' title='bbox 3514 1764 3648 1832; x_wconf 84' lang='grc' dir='ltr'>γοῦν</span> 
     </span>
    </p>
   </div>
   <div class='ocr_carea' id='block_1_34' title="bbox 375 1833 1963 1927">
    <p class='ocr_par' dir='ltr' id='par_1_34' title="bbox 375 1841 1963 1907">
     <span class='ocr_line' id='line_1_34' title="bbox 375 1841 1963 1907; baseline -0.009 0"><span class='ocrx_word' id='word_1_217' title='bbox 375 1865 639 1907; x_wconf 89' lang='lat' dir='ltr'><strong>vocamus</strong></span> <span class='ocrx_word' id='word_1_218' title='bbox 691 1848 1014 1903; x_wconf 85' lang='lat' dir='ltr'><strong>Numerum.</strong></span> <span class='ocrx_word' id='word_1_219' title='bbox 1046 1843 1178 1898; x_wconf 83' lang='lat' dir='ltr'><strong>Nam</strong></span> <span class='ocrx_word' id='word_1_220' title='bbox 1213 1843 1418 1897; x_wconf 89' lang='lat' dir='ltr'><strong>idcirco</strong></span> <span class='ocrx_word' id='word_1_221' title='bbox 1456 1841 1635 1896; x_wconf 79' lang='lat' dir='ltr'><strong>virum</strong></span> <span class='ocrx_word' id='word_1_222' title='bbox 1664 1849 1856 1894; x_wconf 91' lang='lat' dir='ltr'><strong>notum</strong></span> <span class='ocrx_word' id='word_1_223' title='bbox 1901 1854 1963 1894; x_wconf 87' lang='lat' dir='ltr'><strong>ac</strong></span> 
     </span>
    </p>
   </div>
   <div class='ocr_carea' id='block_1_35' title="bbox 2066 1833 3642 1927">
    <p class='ocr_par' dir='ltr' id='par_1_35' title="bbox 2066 1850 3642 1927">
     <span class='ocr_line' id='line_1_35' title="bbox 2066 1850 3642 1927; baseline 0.003 -22"><span class='ocrx_word' id='word_1_224' title='bbox 2066 1855 2208 1906; x_wconf 83' lang='grc' dir='ltr'>ποιεῖ</span> <span class='ocrx_word' id='word_1_225' title='bbox 2259 1852 2353 1907; x_wconf 81' lang='grc' dir='ltr'>τὸν</span> <span class='ocrx_word' id='word_1_226' title='bbox 2391 1852 2560 1923; x_wconf 81' lang='grc' dir='ltr'>ἄνδρα</span> <span class='ocrx_word' id='word_1_227' title='bbox 2613 1850 2894 1923; x_wconf 84' lang='grc' dir='ltr'><strong>γνώριμον</strong></span> <span class='ocrx_word' id='word_1_228' title='bbox 2950 1853 3046 1906; x_wconf 81' lang='grc' dir='ltr'><strong>καὶ</strong></span> <span class='ocrx_word' id='word_1_229' title='bbox 3098 1852 3292 1923; x_wconf 85' lang='grc' dir='ltr'>δῆλον,</span> <span class='ocrx_word' id='word_1_230' title='bbox 3332 1855 3421 1908; x_wconf 88' lang='grc' dir='ltr'>ῐνα</span> <span class='ocrx_word' id='word_1_231' title='bbox 3448 1857 3642 1927; x_wconf 80' lang='grc' dir='ltr'>μήτις</span> 
     </span>
    </p>
   </div>
   <div class='ocr_carea' id='block_1_36' title="bbox 374 1930 1962 2005">
    <p class='ocr_par' dir='ltr' id='par_1_36' title="bbox 374 1930 1962 2005">
     <span class='ocr_line' id='line_1_36' title="bbox 374 1930 1962 2005; baseline -0.008 -8"><span class='ocrx_word' id='word_1_232' title='bbox 374 1940 725 1997; x_wconf 80' lang='lat' dir='ltr'><strong>manifestum</strong></span> <span class='ocrx_word' id='word_1_233' title='bbox 750 1937 900 2003; x_wconf 77' lang='lat' dir='ltr'><strong>facit,</strong></span> <span class='ocrx_word' id='word_1_234' title='bbox 933 1951 1005 1990; x_wconf 92' lang='lat' dir='ltr'><strong>ne</strong></span> <span class='ocrx_word' id='word_1_235' title='bbox 1027 1934 1151 2005; x_wconf 87' lang='lat' dir='ltr'><strong>quis</strong></span> <span class='ocrx_word' id='word_1_236' title='bbox 1173 1933 1320 1989; x_wconf 85' lang='lat' dir='ltr'><strong>dicat</strong></span> <span class='ocrx_word' id='word_1_237' title='bbox 1340 1932 1475 1986; x_wconf 86' lang='lat' dir='ltr'><strong>falsa</strong></span> <span class='ocrx_word' id='word_1_238' title='bbox 1503 1931 1783 1986; x_wconf 72' lang='lat' dir='ltr'><strong>memoriae</strong></span> <span class='ocrx_word' id='word_1_239' title='bbox 1805 1930 1962 2001; x_wconf 88' lang='lat' dir='ltr'><strong>prodi</strong></span> 
     </span>
    </p>
   </div>
   <div class='ocr_carea' id='block_1_37' title="bbox 378 2022 1962 2097">
    <p class='ocr_par' dir='ltr' id='par_1_37' title="bbox 378 2022 1962 2097">
     <span class='ocr_line' id='line_1_37' title="bbox 378 2022 1962 2097; baseline -0.008 -9"><span class='ocrx_word' id='word_1_240' title='bbox 378 2033 438 2089; x_wconf 88' lang='lat' dir='ltr'><strong>in</strong></span> <span class='ocrx_word' id='word_1_241' title='bbox 492 2029 721 2085; x_wconf 84' lang='lat' dir='ltr'><strong>historia</strong></span> <span class='ocrx_word' id='word_1_242' title='bbox 790 2026 1219 2097; x_wconf 74' lang='lat' dir='ltr'><strong>Scripturarum.</strong></span> <span class='ocrx_word' id='word_1_243' title='bbox 1286 2022 1581 2077; x_wconf 83' lang='lat' dir='ltr'><strong>Sciendum</strong></span> <span class='ocrx_word' id='word_1_244' title='bbox 1648 2031 1736 2077; x_wconf 85' lang='lat' dir='ltr'><strong>est</strong></span> <span class='ocrx_word' id='word_1_245' title='bbox 1778 2030 1962 2076; x_wconf 86' lang='lat' dir='ltr'><strong>autem</strong></span> 
     </span>
    </p>
   </div>
   <div class='ocr_carea' id='block_1_38' title="bbox 379 2112 1961 2195">
    <p class='ocr_par' dir='ltr' id='par_1_38' title="bbox 379 2112 1961 2195">
     <span class='ocr_line' id='line_1_38' title="bbox 379 2112 1961 2195; baseline -0.008 -15"><span class='ocrx_word' id='word_1_246' title='bbox 379 2126 586 2195; x_wconf 77' lang='lat' dir='ltr'><strong>spiram</strong></span> <span class='ocrx_word' id='word_1_247' title='bbox 636 2120 755 2174; x_wconf 81' lang='lat' dir='ltr'><strong>sive</strong></span> <span class='ocrx_word' id='word_1_248' title='bbox 795 2115 1079 2173; x_wconf 85' lang='lat' dir='ltr'><strong>cohortem</strong></span> <span class='ocrx_word' id='word_1_249' title='bbox 1123 2114 1485 2170; x_wconf 87' lang='lat' dir='ltr'><strong>ducentorum</strong></span> <span class='ocrx_word' id='word_1_250' title='bbox 1525 2112 1762 2167; x_wconf 85' lang='lat' dir='ltr'><strong>militum</strong></span> <span class='ocrx_word' id='word_1_251' title='bbox 1803 2126 1961 2179; x_wconf 87' lang='lat' dir='ltr'><strong>esse;</strong></span> 
     </span>
    </p>
   </div>
   <div class='ocr_carea' id='block_1_39' title="bbox 380 2204 1966 2277">
    <p class='ocr_par' dir='ltr' id='par_1_39' title="bbox 380 2204 1966 2277">
     <span class='ocr_line' id='line_1_39' title="bbox 380 2204 1966 2277; baseline -0.01 -5"><span class='ocrx_word' id='word_1_252' title='bbox 380 2213 686 2272; x_wconf 78' lang='lat' dir='ltr'><strong>custodiam</strong></span> <span class='ocrx_word' id='word_1_253' title='bbox 731 2225 899 2275; x_wconf 88' lang='lat' dir='ltr'><strong>vero,</strong></span> <span class='ocrx_word' id='word_1_254' title='bbox 941 2206 1241 2277; x_wconf 79' lang='lat' dir='ltr'><strong>sexaginta.</strong></span> <span class='ocrx_word' id='word_1_255' title='bbox 1282 2204 1427 2260; x_wconf 86' lang='lat' dir='ltr'><strong>Vidit</strong></span> <span class='ocrx_word' id='word_1_256' title='bbox 1454 2221 1548 2258; x_wconf 83' lang='lat' dir='ltr'><strong>uer</strong></span> <span class='ocrx_word' id='word_1_257' title='bbox 1579 2205 1751 2257; x_wconf 85' lang='lat' dir='ltr'><strong>visum</strong></span> <span class='ocrx_word' id='word_1_258' title='bbox 1789 2204 1966 2257; x_wconf 86' lang='lat' dir='ltr'><strong>mani-</strong></span> 
     </span>
    </p>
   </div>
   <div class='ocr_carea' id='block_1_40' title="bbox 379 2299 1966 2383">
    <p class='ocr_par' dir='ltr' id='par_1_40' title="bbox 379 2299 1966 2383">
     <span class='ocr_line' id='line_1_40' title="bbox 379 2299 1966 2383; baseline -0.008 -19"><span class='ocrx_word' id='word_1_259' title='bbox 379 2313 528 2383; x_wconf 82' lang='lat' dir='ltr'><strong>feste,</strong></span> <span class='ocrx_word' id='word_1_260' title='bbox 567 2310 733 2379; x_wconf 80' lang='lat' dir='ltr'><strong>ferme</strong></span> <span class='ocrx_word' id='word_1_261' title='bbox 766 2305 837 2359; x_wconf 84' lang='lat' dir='ltr'><strong>ad</strong></span> <span class='ocrx_word' id='word_1_262' title='bbox 874 2303 1060 2357; x_wconf 82' lang='lat' dir='ltr'><strong>horam</strong></span> <span class='ocrx_word' id='word_1_263' title='bbox 1095 2301 1202 2356; x_wconf 84' lang='lat' dir='ltr'><strong>diei</strong></span> <span class='ocrx_word' id='word_1_264' title='bbox 1231 2309 1455 2365; x_wconf 71' lang='lat' dir='ltr'><strong>sextam,</strong></span> <span class='ocrx_word' id='word_1_265' title='bbox 1491 2300 1733 2371; x_wconf 83' lang='lat' dir='ltr'><strong>angelum</strong></span> <span class='ocrx_word' id='word_1_266' title='bbox 1751 2299 1848 2354; x_wconf 89' lang='lat' dir='ltr'><strong>Dei</strong></span> <span class='ocrx_word' id='word_1_267' title='bbox 1880 2300 1966 2353; x_wconf 84' lang='lat' dir='ltr'><strong>in-</strong></span> 
     </span>
    </p>
   </div>
   <div class='ocr_carea' id='block_1_41' title="bbox 380 2390 1965 2472">
    <p class='ocr_par' dir='ltr' id='par_1_41' title="bbox 380 2390 1965 2472">
     <span class='ocr_line' id='line_1_41' title="bbox 380 2390 1965 2472; baseline -0.005 -19"><span class='ocrx_word' id='word_1_268' title='bbox 380 2400 526 2472; x_wconf 71' lang='lat' dir='ltr'><strong>gredi</strong></span> <span class='ocrx_word' id='word_1_269' title='bbox 572 2399 642 2452; x_wconf 82' lang='lat' dir='ltr'><strong>ad</strong></span> <span class='ocrx_word' id='word_1_270' title='bbox 679 2412 756 2450; x_wconf 89' lang='lat' dir='ltr'><strong>se.</strong></span> <span class='ocrx_word' id='word_1_271' title='bbox 803 2391 962 2448; x_wconf 83' lang='lat' dir='ltr'><strong>Videt</strong></span> <span class='ocrx_word' id='word_1_272' title='bbox 1006 2392 1281 2464; x_wconf 88' lang='lat' dir='ltr'><strong>angelum,</strong></span> <span class='ocrx_word' id='word_1_273' title='bbox 1325 2398 1386 2445; x_wconf 90' lang='lat' dir='ltr'><strong>ut</strong></span> <span class='ocrx_word' id='word_1_274' title='bbox 1425 2390 1589 2446; x_wconf 90' lang='lat' dir='ltr'><strong>Petro</strong></span> <span class='ocrx_word' id='word_1_275' title='bbox 1633 2390 1794 2461; x_wconf 90' lang='lat' dir='ltr'><strong>plena</strong></span> <span class='ocrx_word' id='word_1_276' title='bbox 1829 2391 1965 2445; x_wconf 82' lang='lat' dir='ltr'><strong>ﬁdes</strong></span> 
     </span>
    </p>
   </div>
   <div class='ocr_carea' id='block_1_42' title="bbox 384 2480 1962 2553">
    <p class='ocr_par' dir='ltr' id='par_1_42' title="bbox 384 2480 1962 2553">
     <span class='ocr_line' id='line_1_42' title="bbox 384 2480 1962 2553; baseline -0.005 -9"><span class='ocrx_word' id='word_1_277' title='bbox 384 2493 578 2553; x_wconf 81' lang='lat' dir='ltr'><strong>ﬁeret;</strong></span> <span class='ocrx_word' id='word_1_278' title='bbox 621 2487 733 2541; x_wconf 91' lang='lat' dir='ltr'><strong>imo</strong></span> <span class='ocrx_word' id='word_1_279' title='bbox 772 2499 904 2540; x_wconf 89' lang='lat' dir='ltr'><strong>vero</strong></span> <span class='ocrx_word' id='word_1_280' title='bbox 942 2497 1056 2538; x_wconf 89' lang='lat' dir='ltr'><strong>non</strong></span> <span class='ocrx_word' id='word_1_281' title='bbox 1099 2483 1196 2549; x_wconf 89' lang='lat' dir='ltr'><strong>illi,</strong></span> <span class='ocrx_word' id='word_1_282' title='bbox 1245 2481 1343 2537; x_wconf 87' lang='lat' dir='ltr'><strong>sed</strong></span> <span class='ocrx_word' id='word_1_283' title='bbox 1386 2482 1509 2536; x_wconf 89' lang='lat' dir='ltr'><strong>aliis</strong></span> <span class='ocrx_word' id='word_1_284' title='bbox 1550 2480 1962 2537; x_wconf 74' lang='lat' dir='ltr'><strong>infirmioribus.</strong></span> 
     </span>
    </p>
   </div>
   <div class='ocr_carea' id='block_1_43' title="bbox 380 2574 1965 2646">
    <p class='ocr_par' dir='ltr' id='par_1_43' title="bbox 380 2574 1965 2646">
     <span class='ocr_line' id='line_1_43' title="bbox 380 2574 1965 2646; baseline -0.004 -10"><span class='ocrx_word' id='word_1_285' title='bbox 380 2582 536 2636; x_wconf 79' lang='lat' dir='ltr'><strong>Nona</strong></span> <span class='ocrx_word' id='word_1_286' title='bbox 566 2586 756 2634; x_wconf 83' lang='lat' dir='ltr'><strong>autem</strong></span> <span class='ocrx_word' id='word_1_287' title='bbox 792 2578 924 2633; x_wconf 86' lang='lat' dir='ltr'><strong>hora</strong></span> <span class='ocrx_word' id='word_1_288' title='bbox 950 2614 967 2641; x_wconf 95' lang='lat'><strong>,</strong></span> <span class='ocrx_word' id='word_1_289' title='bbox 1008 2575 1226 2646; x_wconf 81' lang='lat' dir='ltr'><strong>quando</strong></span> <span class='ocrx_word' id='word_1_290' title='bbox 1252 2575 1398 2629; x_wconf 88' lang='lat' dir='ltr'><strong>curis</strong></span> <span class='ocrx_word' id='word_1_291' title='bbox 1428 2574 1663 2639; x_wconf 88' lang='lat' dir='ltr'><strong>solutus,</strong></span> <span class='ocrx_word' id='word_1_292' title='bbox 1691 2583 1745 2629; x_wconf 87' lang='lat' dir='ltr'><strong>et</strong></span> <span class='ocrx_word' id='word_1_293' title='bbox 1769 2574 1821 2628; x_wconf 74' lang='lat' dir='ltr'><strong>i.n</strong></span> <span class='ocrx_word' id='word_1_294' title='bbox 1851 2575 1965 2630; x_wconf 90' lang='lat' dir='ltr'><strong>otio</strong></span> 
     </span>
    </p>
   </div>
   <div class='ocr_carea' id='block_1_44' title="bbox 382 2666 1964 2741">
    <p class='ocr_par' dir='ltr' id='par_1_44' title="bbox 382 2666 1964 2741">
     <span class='ocr_line' id='line_1_44' title="bbox 382 2666 1964 2741; baseline -0.004 -14"><span class='ocrx_word' id='word_1_295' title='bbox 382 2681 500 2728; x_wconf 82' lang='lat' dir='ltr'><strong>erat</strong></span> <span class='ocrx_word' id='word_1_296' title='bbox 525 2680 687 2741; x_wconf 75' lang='lat' dir='ltr'><strong>atque</strong></span> <span class='ocrx_word' id='word_1_297' title='bbox 705 2668 910 2739; x_wconf 85' lang='lat' dir='ltr'><strong>quiete.</strong></span> <span class='ocrx_word' id='word_1_298' title='bbox 927 2666 1287 2735; x_wconf 85' lang='lat' dir='ltr'><strong>Posteaquam</strong></span> <span class='ocrx_word' id='word_1_299' title='bbox 1313 2673 1499 2719; x_wconf 88' lang='lat' dir='ltr'><strong>autem</strong></span> <span class='ocrx_word' id='word_1_300' title='bbox 1521 2666 1730 2722; x_wconf 83' lang='lat' dir='ltr'><strong>viderat</strong></span> <span class='ocrx_word' id='word_1_301' title='bbox 1759 2666 1964 2721; x_wconf 84' lang='lat' dir='ltr'><strong>Oculus</strong></span> 
     </span>
    </p>
   </div>
   <div class='ocr_carea' id='block_1_45' title="bbox 379 2758 1962 2833">
    <p class='ocr_par' dir='ltr' id='par_1_45' title="bbox 379 2758 1962 2833">
     <span class='ocr_line' id='line_1_45' title="bbox 379 2758 1962 2833; baseline -0.004 -12"><span class='ocrx_word' id='word_1_302' title='bbox 379 2764 655 2831; x_wconf 82' lang='lat' dir='ltr'><strong>veritatis,</strong></span> <span class='ocrx_word' id='word_1_303' title='bbox 688 2772 744 2820; x_wconf 91' lang='lat' dir='ltr'><strong>et</strong></span> <span class='ocrx_word' id='word_1_304' title='bbox 769 2776 1006 2833; x_wconf 80' lang='lat' dir='ltr'><strong>magnus</strong></span> <span class='ocrx_word' id='word_1_305' title='bbox 1035 2760 1123 2816; x_wconf 91' lang='lat' dir='ltr'><strong>ille</strong></span> <span class='ocrx_word' id='word_1_306' title='bbox 1152 2758 1352 2827; x_wconf 77' lang='lat' dir='ltr'><strong>Judex,</strong></span> <span class='ocrx_word' id='word_1_307' title='bbox 1385 2775 1582 2831; x_wconf 85' lang='lat' dir='ltr'><strong>magna</strong></span> <span class='ocrx_word' id='word_1_308' title='bbox 1619 2776 1744 2817; x_wconf 88' lang='lat' dir='ltr'><strong>esse</strong></span> <span class='ocrx_word' id='word_1_309' title='bbox 1773 2776 1962 2832; x_wconf 85' lang='lat' dir='ltr'><strong>opera,</strong></span> 
     </span>
    </p>
   </div>
   <div class='ocr_carea' id='block_1_46' title="bbox 381 2852 1967 2926">
    <p class='ocr_par' dir='ltr' id='par_1_46' title="bbox 381 2852 1967 2926">
     <span class='ocr_line' id='line_1_46' title="bbox 381 2852 1967 2926; baseline -0.004 -12"><span class='ocrx_word' id='word_1_310' title='bbox 381 2859 479 2914; x_wconf 88' lang='lat' dir='ltr'><strong>sed</strong></span> <span class='ocrx_word' id='word_1_311' title='bbox 505 2866 740 2923; x_wconf 87' lang='lat' dir='ltr'><strong>mortua,</strong></span> <span class='ocrx_word' id='word_1_312' title='bbox 771 2857 814 2911; x_wconf 89' lang='lat' dir='ltr'><strong>si</strong></span> <span class='ocrx_word' id='word_1_313' title='bbox 845 2855 978 2910; x_wconf 85' lang='lat' dir='ltr'><strong>ﬁdes</strong></span> <span class='ocrx_word' id='word_1_314' title='bbox 1009 2854 1174 2917; x_wconf 80' lang='lat' dir='ltr'><strong>desit,</strong></span> <span class='ocrx_word' id='word_1_315' title='bbox 1204 2852 1373 2908; x_wconf 82' lang='lat' dir='ltr'><strong>mittit</strong></span> <span class='ocrx_word' id='word_1_316' title='bbox 1400 2854 1675 2926; x_wconf 77' lang='lat' dir='ltr'><strong>angelum,</strong></span> <span class='ocrx_word' id='word_1_317' title='bbox 1699 2853 1792 2925; x_wconf 85' lang='lat' dir='ltr'><strong>qui</strong></span> <span class='ocrx_word' id='word_1_318' title='bbox 1824 2868 1967 2924; x_wconf 80' lang='lat' dir='ltr'><strong>prae-</strong></span> 
     </span>
    </p>
   </div>
   <div class='ocr_carea' id='block_1_47' title="bbox 384 2947 1964 3019">
    <p class='ocr_par' dir='ltr' id='par_1_47' title="bbox 384 2947 1964 3019">
     <span class='ocr_line' id='line_1_47' title="bbox 384 2947 1964 3019; baseline -0.004 -13"><span class='ocrx_word' id='word_1_319' title='bbox 384 2951 511 3007; x_wconf 87' lang='lat' dir='ltr'><strong>miis</strong></span> <span class='ocrx_word' id='word_1_320' title='bbox 548 2963 715 3019; x_wconf 85' lang='lat' dir='ltr'><strong>opera</strong></span> <span class='ocrx_word' id='word_1_321' title='bbox 750 2953 1090 3017; x_wconf 77' lang='lat' dir='ltr'><strong>compensat,</strong></span> <span class='ocrx_word' id='word_1_322' title='bbox 1132 2954 1194 2999; x_wconf 88' lang='lat' dir='ltr'><strong>ut</strong></span> <span class='ocrx_word' id='word_1_323' title='bbox 1223 2958 1318 3000; x_wconf 91' lang='lat' dir='ltr'><strong>eos</strong></span> <span class='ocrx_word' id='word_1_324' title='bbox 1359 2947 1455 3015; x_wconf 88' lang='lat' dir='ltr'><strong>qui</strong></span> <span class='ocrx_word' id='word_1_325' title='bbox 1485 2951 1634 3000; x_wconf 88' lang='lat' dir='ltr'><strong>recte</strong></span> <span class='ocrx_word' id='word_1_326' title='bbox 1670 2952 1964 3010; x_wconf 87' lang='lat' dir='ltr'><strong>certarent,</strong></span> 
     </span>
    </p>
   </div>
   <div class='ocr_carea' id='block_1_48' title="bbox 384 3037 1965 3109">
    <p class='ocr_par' dir='ltr' id='par_1_48' title="bbox 384 3037 1965 3109">
     <span class='ocr_line' id='line_1_48' title="bbox 384 3037 1965 3109; baseline -0.004 -9"><span class='ocrx_word' id='word_1_327' title='bbox 384 3043 497 3100; x_wconf 75' lang='lat' dir='ltr'><strong>ﬁde</strong></span> <span class='ocrx_word' id='word_1_328' title='bbox 523 3047 829 3098; x_wconf 89' lang='lat' dir='ltr'><strong>coronaret.</strong></span> <span class='ocrx_word' id='word_1_329' title='bbox 859 3037 942 3093; x_wconf 82' lang='lat' dir='ltr'><strong>Ab</strong></span> <span class='ocrx_word' id='word_1_330' title='bbox 972 3037 1161 3093; x_wconf 83' lang='lat' dir='ltr'><strong>obtutu</strong></span> <span class='ocrx_word' id='word_1_331' title='bbox 1193 3045 1373 3093; x_wconf 78' lang='lat' dir='ltr'><strong>autem</strong></span> <span class='ocrx_word' id='word_1_332' title='bbox 1402 3047 1578 3094; x_wconf 84' lang='lat' dir='ltr'><strong>terror</strong></span> <span class='ocrx_word' id='word_1_333' title='bbox 1604 3037 1838 3109; x_wconf 82' lang='lat' dir='ltr'><strong>injectus</strong></span> <span class='ocrx_word' id='word_1_334' title='bbox 1859 3045 1965 3105; x_wconf 89' lang='lat' dir='ltr'><strong>est;</strong></span> 
     </span>
    </p>
   </div>
   <div class='ocr_carea' id='block_1_49' title="bbox 370 3128 1965 3197">
    <p class='ocr_par' dir='ltr' id='par_1_49' title="bbox 370 3128 1965 3197">
     <span class='ocr_line' id='line_1_49' title="bbox 370 3128 1965 3197; baseline -0.004 -7"><span class='ocrx_word' id='word_1_335' title='bbox 370 3135 483 3190; x_wconf 70' lang='lat' dir='ltr'><strong>sed</strong></span> <span class='ocrx_word' id='word_1_336' title='bbox 514 3131 781 3197; x_wconf 88' lang='lat' dir='ltr'><strong>modicus,</strong></span> <span class='ocrx_word' id='word_1_337' title='bbox 810 3136 872 3185; x_wconf 90' lang='lat' dir='ltr'><strong>ut</strong></span> <span class='ocrx_word' id='word_1_338' title='bbox 904 3143 1029 3184; x_wconf 88' lang='lat' dir='ltr'><strong>eum</strong></span> <span class='ocrx_word' id='word_1_339' title='bbox 1057 3129 1319 3184; x_wconf 77' lang='lat' dir='ltr'><strong>duntaxat</strong></span> <span class='ocrx_word' id='word_1_340' title='bbox 1356 3128 1409 3183; x_wconf 91' lang='lat' dir='ltr'><strong>in</strong></span> <span class='ocrx_word' id='word_1_341' title='bbox 1441 3143 1501 3184; x_wconf 87' lang='lat' dir='ltr'><strong>se</strong></span> <span class='ocrx_word' id='word_1_342' title='bbox 1529 3137 1875 3184; x_wconf 88' lang='lat' dir='ltr'><strong>converteret</strong></span> <span class='ocrx_word' id='word_1_343' title='bbox 1899 3142 1965 3183; x_wconf 89' lang='lat' dir='ltr'><strong>ac</strong></span> 
     </span>
    </p>
   </div>
   <div class='ocr_carea' id='block_1_50' title="bbox 379 3217 1963 3280">
    <p class='ocr_par' dir='ltr' id='par_1_50' title="bbox 379 3217 1963 3280">
     <span class='ocr_line' id='line_1_50' title="bbox 379 3217 1963 3280; baseline -0.003 -1"><span class='ocrx_word' id='word_1_344' title='bbox 379 3233 673 3280; x_wconf 79' lang='lat' dir='ltr'><strong>moveret:</strong></span> <span class='ocrx_word' id='word_1_345' title='bbox 701 3221 901 3277; x_wconf 89' lang='lat' dir='ltr'><strong>deinde</strong></span> <span class='ocrx_word' id='word_1_346' title='bbox 922 3219 1085 3274; x_wconf 87' lang='lat' dir='ltr'><strong>verba</strong></span> <span class='ocrx_word' id='word_1_347' title='bbox 1117 3228 1318 3274; x_wconf 87' lang='lat' dir='ltr'><strong>metum</strong></span> <span class='ocrx_word' id='word_1_348' title='bbox 1351 3219 1656 3276; x_wconf 80' lang='lat' dir='ltr'><strong>solverunt.</strong></span> <span class='ocrx_word' id='word_1_349' title='bbox 1686 3217 1963 3275; x_wconf 81' lang='lat' dir='ltr'><strong>Orationes</strong></span> 
     </span>
    </p>
   </div>
   <div class='ocr_carea' id='block_1_51' title="bbox 386 3310 1963 3380">
    <p class='ocr_par' dir='ltr' id='par_1_51' title="bbox 386 3310 1963 3380">
     <span class='ocr_line' id='line_1_51' title="bbox 386 3310 1963 3380; baseline -0.003 -11"><span class='ocrx_word' id='word_1_350' title='bbox 386 3326 492 3369; x_wconf 79' lang='lat' dir='ltr'><strong>tua:</strong></span> <span class='ocrx_word' id='word_1_351' title='bbox 532 3322 581 3368; x_wconf 87' lang='lat' dir='ltr'><strong>et</strong></span> <span class='ocrx_word' id='word_1_352' title='bbox 628 3311 968 3380; x_wconf 69' lang='lat' dir='ltr'><strong>elemosynae</strong></span> <span class='ocrx_word' id='word_1_353' title='bbox 992 3317 1114 3363; x_wconf 66' lang='lat' dir='ltr'><strong>tua:</strong></span> <span class='ocrx_word' id='word_1_354' title='bbox 1146 3310 1507 3364; x_wconf 71' lang='lat' dir='ltr'><strong>ascenderunt</strong></span> <span class='ocrx_word' id='word_1_355' title='bbox 1549 3310 1606 3363; x_wconf 79' lang='lat' dir='ltr'><strong>in</strong></span> <span class='ocrx_word' id='word_1_356' title='bbox 1652 3310 1963 3364; x_wconf 83' lang='lat' dir='ltr'><strong>memoriam</strong></span> 
     </span>
    </p>
   </div>
   <div class='ocr_carea' id='block_1_52' title="bbox 386 3398 1964 3470">
    <p class='ocr_par' dir='ltr' id='par_1_52' title="bbox 386 3398 1964 3470">
     <span class='ocr_line' id='line_1_52' title="bbox 386 3398 1964 3470; baseline -0.003 -11"><span class='ocrx_word' id='word_1_357' title='bbox 386 3419 568 3459; x_wconf 86' lang='lat' dir='ltr'><strong>coram</strong></span> <span class='ocrx_word' id='word_1_358' title='bbox 603 3401 732 3456; x_wconf 87' lang='lat' dir='ltr'><strong>Deo.</strong></span> <span class='ocrx_word' id='word_1_359' title='bbox 764 3398 901 3454; x_wconf 83' lang='lat' dir='ltr'><strong>Vide</strong></span> <span class='ocrx_word' id='word_1_360' title='bbox 933 3413 1042 3469; x_wconf 89' lang='lat' dir='ltr'><strong>quo</strong></span> <span class='ocrx_word' id='word_1_361' title='bbox 1067 3400 1449 3470; x_wconf 75' lang='lat' dir='ltr'><strong>progrediatur</strong></span> <span class='ocrx_word' id='word_1_362' title='bbox 1480 3399 1863 3469; x_wconf 82' lang='lat' dir='ltr'><strong>eleemosyna:</strong></span> <span class='ocrx_word' id='word_1_363' title='bbox 1896 3399 1964 3455; x_wconf 88' lang='lat' dir='ltr'><strong>ad</strong></span> 
     </span>
    </p>
   </div>
   <div class='ocr_carea' id='block_1_53' title="bbox 385 3490 1967 3569">
    <p class='ocr_par' dir='ltr' id='par_1_53' title="bbox 385 3490 1967 3569">
     <span class='ocr_line' id='line_1_53' title="bbox 385 3490 1967 3569; baseline -0.008 -11"><span class='ocrx_word' id='word_1_364' title='bbox 385 3501 555 3558; x_wconf 72' lang='lat' dir='ltr'><strong>cmlii</strong></span> <span class='ocrx_word' id='word_1_365' title='bbox 609 3514 779 3569; x_wconf 84' lang='lat' dir='ltr'><strong>usque</strong></span> <span class='ocrx_word' id='word_1_366' title='bbox 825 3506 990 3567; x_wconf 90' lang='lat' dir='ltr'><strong>atque</strong></span> <span class='ocrx_word' id='word_1_367' title='bbox 1038 3495 1140 3567; x_wconf 91' lang='lat' dir='ltr'><strong>ipsi</strong></span> <span class='ocrx_word' id='word_1_368' title='bbox 1183 3494 1320 3550; x_wconf 88' lang='lat' dir='ltr'><strong>solio</strong></span> <span class='ocrx_word' id='word_1_369' title='bbox 1368 3491 1515 3562; x_wconf 84' lang='lat' dir='ltr'><strong>regio</strong></span> <span class='ocrx_word' id='word_1_370' title='bbox 1555 3491 1781 3546; x_wconf 88' lang='lat' dir='ltr'><strong>assistit.</strong></span> <span class='ocrx_word' id='word_1_371' title='bbox 1834 3490 1967 3545; x_wconf 83' lang='lat' dir='ltr'><strong>Vide</strong></span> 
     </span>
    </p>
   </div>
   <div class='ocr_carea' id='block_1_54' title="bbox 387 3579 1968 3663">
    <p class='ocr_par' dir='ltr' id='par_1_54' title="bbox 387 3579 1968 3663">
     <span class='ocr_line' id='line_1_54' title="bbox 387 3579 1968 3663; baseline -0.009 -15"><span class='ocrx_word' id='word_1_372' title='bbox 387 3595 517 3648; x_wconf 73' lang='lat' dir='ltr'><strong>item</strong></span> <span class='ocrx_word' id='word_1_373' title='bbox 558 3591 807 3663; x_wconf 76' lang='lat' dir='ltr'><strong>angelum</strong></span> <span class='ocrx_word' id='word_1_374' title='bbox 837 3588 990 3659; x_wconf 91' lang='lat' dir='ltr'><strong>prius</strong></span> <span class='ocrx_word' id='word_1_375' title='bbox 1020 3594 1262 3642; x_wconf 89' lang='lat' dir='ltr'><strong>mentem</strong></span> <span class='ocrx_word' id='word_1_376' title='bbox 1285 3583 1406 3653; x_wconf 70' lang='lat' dir='ltr'><strong>eius</strong></span> <span class='ocrx_word' id='word_1_377' title='bbox 1431 3580 1671 3651; x_wconf 79' lang='lat' dir='ltr'><strong>erigere,</strong></span> <span class='ocrx_word' id='word_1_378' title='bbox 1698 3588 1755 3636; x_wconf 90' lang='lat' dir='ltr'><strong>et</strong></span> <span class='ocrx_word' id='word_1_379' title='bbox 1781 3579 1848 3635; x_wconf 90' lang='lat' dir='ltr'><strong>ad</strong></span> <span class='ocrx_word' id='word_1_380' title='bbox 1874 3595 1968 3635; x_wconf 85' lang='lat' dir='ltr'><strong>su-</strong></span> 
     </span>
    </p>
   </div>
   <div class='ocr_carea' id='block_1_55' title="bbox 382 3671 1963 3746">
    <p class='ocr_par' dir='ltr' id='par_1_55' title="bbox 382 3671 1963 3746">
     <span class='ocr_line' id='line_1_55' title="bbox 382 3671 1963 3746; baseline -0.009 -6"><span class='ocrx_word' id='word_1_381' title='bbox 382 3684 574 3742; x_wconf 81' lang='lat' dir='ltr'><strong>blimia</strong></span> <span class='ocrx_word' id='word_1_382' title='bbox 620 3683 906 3738; x_wconf 86' lang='lat' dir='ltr'><strong>traducere</strong></span> <span class='ocrx_word' id='word_1_383' title='bbox 925 3720 940 3746; x_wconf 92' lang='lat'><strong>,</strong></span> <span class='ocrx_word' id='word_1_384' title='bbox 975 3694 1039 3735; x_wconf 89' lang='lat' dir='ltr'><strong>ac</strong></span> <span class='ocrx_word' id='word_1_385' title='bbox 1068 3686 1182 3732; x_wconf 86' lang='lat' dir='ltr'><strong>tum</strong></span> <span class='ocrx_word' id='word_1_386' title='bbox 1209 3674 1410 3734; x_wconf 88' lang='lat' dir='ltr'><strong>deinde</strong></span> <span class='ocrx_word' id='word_1_387' title='bbox 1452 3672 1636 3728; x_wconf 84' lang='lat' dir='ltr'><strong>dicere</strong></span> <span class='ocrx_word' id='word_1_388' title='bbox 1660 3686 1783 3742; x_wconf 67' lang='lat' dir='ltr'><strong>quae</strong></span> <span class='ocrx_word' id='word_1_389' title='bbox 1810 3671 1963 3727; x_wconf 89' lang='lat' dir='ltr'><strong>dicit.</strong></span> 
     </span>
    </p>
   </div>
   <div class='ocr_carea' id='block_1_56' title="bbox 386 3760 1966 3837">
    <p class='ocr_par' dir='ltr' id='par_1_56' title="bbox 386 3760 1966 3837">
     <span class='ocr_line' id='line_1_56' title="bbox 386 3760 1966 3837; baseline -0.012 -2"><span class='ocrx_word' id='word_1_390' title='bbox 386 3778 455 3835; x_wconf 82' lang='lat' dir='ltr'><strong>Et</strong></span> <span class='ocrx_word' id='word_1_391' title='bbox 489 3792 626 3832; x_wconf 82' lang='lat' dir='ltr'><strong>nunc</strong></span> <span class='ocrx_word' id='word_1_392' title='bbox 667 3775 817 3829; x_wconf 86' lang='lat' dir='ltr'><strong>mitte</strong></span> <span class='ocrx_word' id='word_1_393' title='bbox 854 3772 991 3827; x_wconf 82' lang='lat' dir='ltr'><strong>viros</strong></span> <span class='ocrx_word' id='word_1_394' title='bbox 1021 3770 1079 3824; x_wconf 82' lang='lat' dir='ltr'><strong>in</strong></span> <span class='ocrx_word' id='word_1_395' title='bbox 1107 3768 1331 3837; x_wconf 82' lang='lat' dir='ltr'><strong>Joppeu,</strong></span> <span class='ocrx_word' id='word_1_396' title='bbox 1361 3774 1411 3818; x_wconf 87' lang='lat' dir='ltr'><strong>et</strong></span> <span class='ocrx_word' id='word_1_397' title='bbox 1452 3777 1662 3817; x_wconf 80' lang='lat' dir='ltr'><strong>accerse</strong></span> <span class='ocrx_word' id='word_1_398' title='bbox 1697 3760 1966 3817; x_wconf 87' lang='lat' dir='ltr'><strong>Simonem</strong></span> 
     </span>
    </p>
   </div>
   <div class='ocr_carea' id='block_1_57' title="bbox 383 3856 1967 3942">
    <p class='ocr_par' dir='ltr' id='par_1_57' title="bbox 383 3856 1967 3942">
     <span class='ocr_line' id='line_1_57' title="bbox 383 3856 1967 3942; baseline -0.011 -17"><span class='ocrx_word' id='word_1_399' title='bbox 383 3875 725 3942; x_wconf 70' lang='lat' dir='ltr'><strong>cognomento</strong></span> <span class='ocrx_word' id='word_1_400' title='bbox 747 3863 988 3919; x_wconf 80' lang='lat' dir='ltr'><strong>Petrum.</strong></span> <span class='ocrx_word' id='word_1_401' title='bbox 1015 3860 1114 3917; x_wconf 86' lang='lat' dir='ltr'><strong>Hic</strong></span> <span class='ocrx_word' id='word_1_402' title='bbox 1128 3859 1291 3913; x_wconf 72' lang='lat' dir='ltr'><strong>habet</strong></span> <span class='ocrx_word' id='word_1_403' title='bbox 1315 3858 1599 3928; x_wconf 82' lang='lat' dir='ltr'><strong>hospitium</strong></span> <span class='ocrx_word' id='word_1_404' title='bbox 1626 3856 1766 3926; x_wconf 86' lang='lat' dir='ltr'><strong>apud</strong></span> <span class='ocrx_word' id='word_1_405' title='bbox 1788 3870 1967 3926; x_wconf 57' lang='lat' dir='ltr'><strong>quem.</strong></span> 
     </span>
    </p>
   </div>
   <div class='ocr_carea' id='block_1_58' title="bbox 385 3946 1965 4018">
    <p class='ocr_par' dir='ltr' id='par_1_58' title="bbox 385 3946 1965 4018">
     <span class='ocr_line' id='line_1_58' title="bbox 385 3946 1965 4018; baseline -0.011 0"><span class='ocrx_word' id='word_1_406' title='bbox 385 3966 513 4018; x_wconf 67' lang='lat' dir='ltr'><strong>Mm</strong></span> <span class='ocrx_word' id='word_1_407' title='bbox 531 3958 798 4016; x_wconf 84' lang='lat' dir='ltr'><strong>Sim-onem</strong></span> <span class='ocrx_word' id='word_1_408' title='bbox 822 3953 1130 4010; x_wconf 85' lang='lat' dir='ltr'><strong>con&#39;arium.</strong></span> <span class='ocrx_word' id='word_1_409' title='bbox 1154 3951 1235 4006; x_wconf 85' lang='lat' dir='ltr'><strong>Ne</strong></span> <span class='ocrx_word' id='word_1_410' title='bbox 1266 3949 1529 4005; x_wconf 73' lang='lat' dir='ltr'><strong>adalium</strong></span> <span class='ocrx_word' id='word_1_411' title='bbox 1546 3946 1826 4012; x_wconf 75' lang='lat' dir='ltr'><strong>venirent,</strong></span> <span class='ocrx_word' id='word_1_412' title='bbox 1849 3959 1965 4001; x_wconf 88' lang='lat' dir='ltr'><strong>non</strong></span> 
     </span>
    </p>
   </div>
   <div class='ocr_carea' id='block_1_59' title="bbox 386 4039 1965 4121">
    <p class='ocr_par' dir='ltr' id='par_1_59' title="bbox 386 4039 1965 4121">
     <span class='ocr_line' id='line_1_59' title="bbox 386 4039 1965 4121; baseline -0.011 -11"><span class='ocrx_word' id='word_1_413' title='bbox 386 4054 562 4110; x_wconf 79' lang='lat' dir='ltr'><strong>solum</strong></span> <span class='ocrx_word' id='word_1_414' title='bbox 591 4066 624 4108; x_wconf 82' lang='lat' dir='ltr'><strong>a</strong></span> <span class='ocrx_word' id='word_1_415' title='bbox 656 4049 1001 4121; x_wconf 75' lang='lat' dir='ltr'><strong>cognomine,</strong></span> <span class='ocrx_word' id='word_1_416' title='bbox 1033 4059 1224 4101; x_wconf 86' lang='lat' dir='ltr'><strong>verum</strong></span> <span class='ocrx_word' id='word_1_417' title='bbox 1255 4043 1418 4097; x_wconf 87' lang='lat' dir='ltr'><strong>etiam</strong></span> <span class='ocrx_word' id='word_1_418' title='bbox 1448 4057 1480 4096; x_wconf 92' lang='lat' dir='ltr'><strong>a</strong></span> <span class='ocrx_word' id='word_1_419' title='bbox 1507 4042 1629 4097; x_wconf 81' lang='lat' dir='ltr'><strong>loco</strong></span> <span class='ocrx_word' id='word_1_420' title='bbox 1657 4041 1835 4096; x_wconf 91' lang='lat' dir='ltr'><strong>virum</strong></span> <span class='ocrx_word' id='word_1_421' title='bbox 1867 4039 1965 4094; x_wconf 87' lang='lat' dir='ltr'><strong>de-</strong></span> 
     </span>
    </p>
   </div>
   <div class='ocr_carea' id='block_1_60' title="bbox 386 4130 1964 4203">
    <p class='ocr_par' dir='ltr' id='par_1_60' title="bbox 386 4130 1964 4203">
     <span class='ocr_line' id='line_1_60' title="bbox 386 4130 1964 4203; baseline -0.01 -2"><span class='ocrx_word' id='word_1_422' title='bbox 386 4145 578 4201; x_wconf 88' lang='lat' dir='ltr'><strong>clarat.</strong></span> <span class='ocrx_word' id='word_1_423' title='bbox 607 4141 708 4198; x_wconf 85' lang='lat' dir='ltr'><strong>Cui</strong></span> <span class='ocrx_word' id='word_1_424' title='bbox 738 4148 813 4194; x_wconf 87' lang='lat' dir='ltr'><strong>est</strong></span> <span class='ocrx_word' id='word_1_425' title='bbox 842 4134 1171 4191; x_wconf 81' lang='lat' dir='ltr'><strong>domicilium</strong></span> <span class='ocrx_word' id='word_1_426' title='bbox 1195 4135 1356 4203; x_wconf 71' lang='lat' dir='ltr'><strong>juxta</strong></span> <span class='ocrx_word' id='word_1_427' title='bbox 1387 4150 1555 4187; x_wconf 86' lang='lat' dir='ltr'><strong>mare.</strong></span> <span class='ocrx_word' id='word_1_428' title='bbox 1589 4132 1815 4197; x_wconf 79' lang='lat' dir='ltr'><strong>Remota</strong></span> <span class='ocrx_word' id='word_1_429' title='bbox 1845 4130 1964 4185; x_wconf 88' lang='lat' dir='ltr'><strong>loca</strong></span> 
     </span>
    </p>
   </div>
   <div class='ocr_carea' id='block_1_61' title="bbox 384 4223 1964 4297">
    <p class='ocr_par' dir='ltr' id='par_1_61' title="bbox 384 4223 1964 4297">
     <span class='ocr_line' id='line_1_61' title="bbox 384 4223 1964 4297; baseline -0.011 -4"><span class='ocrx_word' id='word_1_430' title='bbox 384 4237 606 4294; x_wconf 86' lang='lat' dir='ltr'><strong>urbium</strong></span> <span class='ocrx_word' id='word_1_431' title='bbox 629 4231 981 4289; x_wconf 80' lang='lat' dir='ltr'><strong>sectabantur</strong></span> <span class='ocrx_word' id='word_1_432' title='bbox 1005 4226 1261 4294; x_wconf 87' lang='lat' dir='ltr'><strong>apostoli,</strong></span> <span class='ocrx_word' id='word_1_433' title='bbox 1285 4225 1430 4297; x_wconf 91' lang='lat' dir='ltr'><strong>quod</strong></span> <span class='ocrx_word' id='word_1_434' title='bbox 1453 4223 1964 4287; x_wconf 79' lang='lat' dir='ltr'><strong>solitudinisessent</strong></span> 
     </span>
    </p>
   </div>
   <div class='ocr_carea' id='block_1_62' title="bbox 386 4316 1963 4400">
    <p class='ocr_par' dir='ltr' id='par_1_62' title="bbox 386 4316 1963 4400">
     <span class='ocr_line' id='line_1_62' title="bbox 386 4316 1963 4400; baseline -0.01 -16"><span class='ocrx_word' id='word_1_435' title='bbox 386 4331 555 4400; x_wconf 87' lang='lat' dir='ltr'><strong>atque</strong></span> <span class='ocrx_word' id='word_1_436' title='bbox 594 4324 690 4382; x_wconf 88' lang='lat' dir='ltr'><strong>otii</strong></span> <span class='ocrx_word' id='word_1_437' title='bbox 737 4322 919 4379; x_wconf 86' lang='lat' dir='ltr'><strong>amici.</strong></span> <span class='ocrx_word' id='word_1_438' title='bbox 969 4320 1110 4387; x_wconf 82' lang='lat' dir='ltr'><strong>Quid</strong></span> <span class='ocrx_word' id='word_1_439' title='bbox 1148 4319 1296 4374; x_wconf 84' lang='lat' dir='ltr'><strong>enim</strong></span> <span class='ocrx_word' id='word_1_440' title='bbox 1340 4316 1387 4372; x_wconf 86' lang='lat' dir='ltr'><strong>si</strong></span> <span class='ocrx_word' id='word_1_441' title='bbox 1432 4316 1756 4390; x_wconf 69' lang='lat' dir='ltr'><strong>contigisset</strong></span> <span class='ocrx_word' id='word_1_442' title='bbox 1799 4317 1963 4370; x_wconf 88' lang='lat' dir='ltr'><strong>etiam</strong></span> 
     </span>
    </p>
   </div>
   <div class='ocr_carea' id='block_1_63' title="bbox 387 4406 1964 4484">
    <p class='ocr_par' dir='ltr' id='par_1_63' title="bbox 387 4406 1964 4484">
     <span class='ocr_line' id='line_1_63' title="bbox 387 4406 1964 4484; baseline -0.01 -9"><span class='ocrx_word' id='word_1_443' title='bbox 387 4420 554 4476; x_wconf 87' lang='lat' dir='ltr'><strong>alium</strong></span> <span class='ocrx_word' id='word_1_444' title='bbox 587 4416 755 4473; x_wconf 82' lang='lat' dir='ltr'><strong>esse?</strong></span> <span class='ocrx_word' id='word_1_445' title='bbox 796 4413 936 4469; x_wconf 81' lang='lat' dir='ltr'><strong>Ecce</strong></span> <span class='ocrx_word' id='word_1_446' title='bbox 981 4412 1194 4484; x_wconf 87' lang='lat' dir='ltr'><strong>signum</strong></span> <span class='ocrx_word' id='word_1_447' title='bbox 1241 4417 1585 4478; x_wconf 45' lang='lat' dir='ltr'><strong>eshnempe</strong></span> <span class='ocrx_word' id='word_1_448' title='bbox 1628 4407 1772 4478; x_wconf 89' lang='lat' dir='ltr'><strong>quod</strong></span> <span class='ocrx_word' id='word_1_449' title='bbox 1809 4406 1964 4477; x_wconf 77' lang='lat' dir='ltr'><strong>jus-ta</strong></span> 
     </span>
    </p>
   </div>
   <div class='ocr_carea' id='block_1_64' title="bbox 2066 1942 3649 2017">
    <p class='ocr_par' dir='ltr' id='par_1_64' title="bbox 2066 1942 3649 2017">
     <span class='ocr_line' id='line_1_64' title="bbox 2066 1942 3649 2017; baseline 0.002 -20"><span class='ocrx_word' id='word_1_450' title='bbox 2066 1944 2199 2016; x_wconf 71' lang='grc' dir='ltr'>εἴπῃ</span> <span class='ocrx_word' id='word_1_451' title='bbox 2257 1944 2339 1998; x_wconf 83' lang='grc' dir='ltr'>ὅτι</span> <span class='ocrx_word' id='word_1_452' title='bbox 2381 1944 2641 2015; x_wconf 82' lang='grc' dir='ltr'>ψεύδεται</span> <span class='ocrx_word' id='word_1_453' title='bbox 2702 1943 2811 1997; x_wconf 84' lang='grc' dir='ltr'><strong>τῶν</strong></span> <span class='ocrx_word' id='word_1_454' title='bbox 2867 1942 3101 2014; x_wconf 84' lang='grc' dir='ltr'>Γραφῶν</span> <span class='ocrx_word' id='word_1_455' title='bbox 3149 1947 3184 2015; x_wconf 81' lang='grc' dir='ltr'>ἡ</span> <span class='ocrx_word' id='word_1_456' title='bbox 3242 1946 3471 2017; x_wconf 78' lang='grc' dir='ltr'>ἱστορία.</span> <span class='ocrx_word' id='word_1_457' title='bbox 3542 1946 3649 2000; x_wconf 79' lang='grc' dir='ltr'><strong>Ἰσ·</strong></span> 
     </span>
    </p>
   </div>
   <div class='ocr_carea' id='block_1_65' title="bbox 2064 2036 3647 2111">
    <p class='ocr_par' dir='ltr' id='par_1_65' title="bbox 2064 2036 3647 2111">
     <span class='ocr_line' id='line_1_65' title="bbox 2064 2036 3647 2111; baseline 0.002 -20"><span class='ocrx_word' id='word_1_458' title='bbox 2064 2038 2188 2091; x_wconf 82' lang='grc' dir='ltr'>τέον</span> <span class='ocrx_word' id='word_1_459' title='bbox 2230 2036 2288 2090; x_wconf 77' lang='grc' dir='ltr'>δὲ</span> <span class='ocrx_word' id='word_1_460' title='bbox 2338 2036 2420 2090; x_wconf 80' lang='grc' dir='ltr'>ὅτι</span> <span class='ocrx_word' id='word_1_461' title='bbox 2466 2037 2500 2108; x_wconf 79' lang='grc' dir='ltr'>ἠ</span> <span class='ocrx_word' id='word_1_462' title='bbox 2549 2036 2649 2105; x_wconf 81' lang='grc' dir='ltr'>μὲν</span> <span class='ocrx_word' id='word_1_463' title='bbox 2700 2036 2921 2106; x_wconf 85' lang='grc' dir='ltr'>σπεῖρα,</span> <span class='ocrx_word' id='word_1_464' title='bbox 2975 2037 3267 2090; x_wconf 81' lang='grc' dir='ltr'><strong>διακοσίων</strong></span> <span class='ocrx_word' id='word_1_465' title='bbox 3309 2039 3427 2092; x_wconf 77' lang='grc' dir='ltr'>ἐστὶ</span> <span class='ocrx_word' id='word_1_466' title='bbox 3483 2057 3647 2111; x_wconf 84' lang='grc' dir='ltr'>στρα-</span> 
     </span>
    </p>
   </div>
   <div class='ocr_carea' id='block_1_66' title="bbox 2064 2125 3650 2202">
    <p class='ocr_par' dir='ltr' id='par_1_66' title="bbox 2064 2125 3650 2202">
     <span class='ocr_line' id='line_1_66' title="bbox 2064 2125 3650 2202; baseline 0.001 -19"><span class='ocrx_word' id='word_1_467' title='bbox 2064 2129 2297 2183; x_wconf 77' lang='grc' dir='ltr'>τιωτῶνο</span> <span class='ocrx_word' id='word_1_468' title='bbox 2325 2131 2360 2200; x_wconf 83' lang='grc' dir='ltr'>ἠ</span> <span class='ocrx_word' id='word_1_469' title='bbox 2414 2129 2471 2183; x_wconf 82' lang='grc' dir='ltr'>δὲ</span> <span class='ocrx_word' id='word_1_470' title='bbox 2498 2128 2825 2191; x_wconf 84' lang='grc' dir='ltr'>κουστωδῐα,</span> <span class='ocrx_word' id='word_1_471' title='bbox 2872 2126 3155 2198; x_wconf 82' lang='grc' dir='ltr'>ἑξήκοντα.</span> <span class='ocrx_word' id='word_1_472' title='bbox 3181 2125 3360 2184; x_wconf 78' lang='grc' dir='ltr'>Εἷδεν</span> <span class='ocrx_word' id='word_1_473' title='bbox 3404 2130 3476 2184; x_wconf 82' lang='grc' dir='ltr'>ἐν</span> <span class='ocrx_word' id='word_1_474' title='bbox 3510 2130 3650 2202; x_wconf 77' lang='grc' dir='ltr'><strong>ὁρά-</strong></span> 
     </span>
    </p>
   </div>
   <div class='ocr_carea' id='block_1_67' title="bbox 2060 2214 3646 2288">
    <p class='ocr_par' dir='ltr' id='par_1_67' title="bbox 2060 2214 3646 2288">
     <span class='ocr_line' id='line_1_67' title="bbox 2060 2214 3646 2288; baseline 0.001 -17"><span class='ocrx_word' id='word_1_475' title='bbox 2060 2234 2204 2288; x_wconf 80' lang='grc' dir='ltr'>ματι</span> <span class='ocrx_word' id='word_1_476' title='bbox 2235 2216 2510 2288; x_wconf 68' lang='grc' dir='ltr'>φανερῶς</span> <span class='ocrx_word' id='word_1_477' title='bbox 2542 2216 2623 2282; x_wconf 83' lang='grc' dir='ltr'>ὡς</span> <span class='ocrx_word' id='word_1_478' title='bbox 2647 2219 2733 2282; x_wconf 82' lang='grc' dir='ltr'>εἰς</span> <span class='ocrx_word' id='word_1_479' title='bbox 2767 2215 2929 2283; x_wconf 84' lang='grc' dir='ltr'>ὥραν</span> <span class='ocrx_word' id='word_1_480' title='bbox 2967 2214 3230 2284; x_wconf 79' lang='grc' dir='ltr'>ἐννάτην</span> <span class='ocrx_word' id='word_1_481' title='bbox 3265 2216 3376 2285; x_wconf 83' lang='grc' dir='ltr'><strong>τῆς</strong></span> <span class='ocrx_word' id='word_1_482' title='bbox 3400 2218 3646 2286; x_wconf 71' lang='grc' dir='ltr'>ἡμέρας,</span> 
     </span>
    </p>
   </div>
   <div class='ocr_carea' id='block_1_68' title="bbox 2064 2303 3648 2377">
    <p class='ocr_par' dir='ltr' id='par_1_68' title="bbox 2064 2303 3648 2377">
     <span class='ocr_line' id='line_1_68' title="bbox 2064 2303 3648 2377; baseline 0 -16"><span class='ocrx_word' id='word_1_483' title='bbox 2064 2306 2326 2377; x_wconf 73' lang='grc' dir='ltr'>ἄγγελον</span> <span class='ocrx_word' id='word_1_484' title='bbox 2348 2307 2455 2363; x_wconf 86' lang='grc' dir='ltr'><strong>τοῦ</strong></span> <span class='ocrx_word' id='word_1_485' title='bbox 2486 2307 2639 2362; x_wconf 84' lang='grc' dir='ltr'><strong>Θεοῦ</strong></span> <span class='ocrx_word' id='word_1_486' title='bbox 2668 2303 3021 2360; x_wconf 67' lang='grc' dir='ltr'>εἰσελθόντα</span> <span class='ocrx_word' id='word_1_487' title='bbox 3045 2307 3195 2374; x_wconf 82' lang='grc' dir='ltr'>πρὸς</span> <span class='ocrx_word' id='word_1_488' title='bbox 3220 2308 3296 2362; x_wconf 83' lang='grc' dir='ltr'><strong>αὐ</strong></span> <span class='ocrx_word' id='word_1_489' title='bbox 3306 2308 3428 2363; x_wconf 85' lang='grc' dir='ltr'>τόν.</span> <span class='ocrx_word' id='word_1_490' title='bbox 3452 2309 3648 2362; x_wconf 66' lang='lat' dir='ltr'><strong>eum</strong></span> 
     </span>
    </p>
   </div>
   <div class='ocr_carea' id='block_1_69' title="bbox 2064 2394 3647 2467">
    <p class='ocr_par' dir='ltr' id='par_1_69' title="bbox 2064 2394 3647 2467">
     <span class='ocr_line' id='line_1_69' title="bbox 2064 2394 3647 2467; baseline -0.002 -13"><span class='ocrx_word' id='word_1_491' title='bbox 2064 2397 2157 2454; x_wconf 75' lang='grc' dir='ltr'><strong>τὸν</strong></span> <span class='ocrx_word' id='word_1_492' title='bbox 2199 2397 2438 2466; x_wconf 82' lang='grc' dir='ltr'>ἄγγελον</span> <span class='ocrx_word' id='word_1_493' title='bbox 2481 2397 2559 2461; x_wconf 85' lang='grc' dir='ltr'><strong>είς</strong></span> <span class='ocrx_word' id='word_1_494' title='bbox 2610 2394 2988 2467; x_wconf 78' lang='grc' dir='ltr'>πληροφορίαν</span> <span class='ocrx_word' id='word_1_495' title='bbox 3029 2395 3235 2466; x_wconf 78' lang='grc' dir='ltr'><strong>Πέτρου</strong></span> <span class='ocrx_word' id='word_1_496' title='bbox 3265 2413 3279 2428; x_wconf 90' lang='grc'><strong>·</strong></span> <span class='ocrx_word' id='word_1_497' title='bbox 3336 2397 3539 2466; x_wconf 81' lang='grc' dir='ltr'>μᾶλλον</span> <span class='ocrx_word' id='word_1_498' title='bbox 3567 2399 3647 2465; x_wconf 82' lang='grc' dir='ltr'>δὲ,</span> 
     </span>
    </p>
   </div>
   <div class='ocr_carea' id='block_1_70' title="bbox 2065 2486 3647 2560">
    <p class='ocr_par' dir='ltr' id='par_1_70' title="bbox 2065 2486 3647 2560">
     <span class='ocr_line' id='line_1_70' title="bbox 2065 2486 3647 2560; baseline 0.001 -17"><span class='ocrx_word' id='word_1_499' title='bbox 2065 2490 2171 2544; x_wconf 80' lang='grc' dir='ltr'><strong>οὐκ</strong></span> <span class='ocrx_word' id='word_1_500' title='bbox 2229 2490 2439 2543; x_wconf 73' lang='grc' dir='ltr'>ἐκείνου</span> <span class='ocrx_word' id='word_1_501' title='bbox 2463 2529 2479 2555; x_wconf 90' lang='grc'><strong>,</strong></span> <span class='ocrx_word' id='word_1_502' title='bbox 2525 2488 2661 2542; x_wconf 86' lang='grc' dir='ltr'>ἀλλὰ</span> <span class='ocrx_word' id='word_1_503' title='bbox 2716 2488 2824 2544; x_wconf 84' lang='grc' dir='ltr'>τῶν</span> <span class='ocrx_word' id='word_1_504' title='bbox 2872 2487 3048 2541; x_wconf 81' lang='grc' dir='ltr'>ἄλλων</span> <span class='ocrx_word' id='word_1_505' title='bbox 3078 2487 3187 2541; x_wconf 81' lang='grc' dir='ltr'>τῶν</span> <span class='ocrx_word' id='word_1_506' title='bbox 3217 2486 3647 2560; x_wconf 75' lang='grc' dir='ltr'><strong>ἀσθενεστέρων.</strong></span> 
     </span>
    </p>
   </div>
   <div class='ocr_carea' id='block_1_71' title="bbox 2081 2582 3650 2657">
    <p class='ocr_par' dir='ltr' id='par_1_71' title="bbox 2081 2582 3650 2657">
     <span class='ocr_line' id='line_1_71' title="bbox 2081 2582 3650 2657; baseline -0.002 -18"><span class='ocrx_word' id='word_1_507' title='bbox 2081 2585 2311 2657; x_wconf 82' lang='grc' dir='ltr'>Ἐννάτῃ</span> <span class='ocrx_word' id='word_1_508' title='bbox 2336 2583 2395 2638; x_wconf 82' lang='grc' dir='ltr'>δὲ</span> <span class='ocrx_word' id='word_1_509' title='bbox 2419 2582 2560 2655; x_wconf 79' lang='grc' dir='ltr'>ὥρᾳ,</span> <span class='ocrx_word' id='word_1_510' title='bbox 2605 2583 3017 2655; x_wconf 55' lang='grc' dir='ltr'>ὅτενφροντίδων</span> <span class='ocrx_word' id='word_1_511' title='bbox 3064 2582 3255 2653; x_wconf 74' lang='grc' dir='ltr'>ἠφίετο</span> <span class='ocrx_word' id='word_1_512' title='bbox 3295 2583 3390 2637; x_wconf 77' lang='grc' dir='ltr'><strong>καὶ</strong></span> <span class='ocrx_word' id='word_1_513' title='bbox 3419 2584 3477 2636; x_wconf 69' lang='grc' dir='ltr'>ἂν</span> <span class='ocrx_word' id='word_1_514' title='bbox 3511 2585 3650 2653; x_wconf 75' lang='grc' dir='ltr'><strong>ἡσυ-</strong></span> 
     </span>
    </p>
   </div>
   <div class='ocr_carea' id='block_1_72' title="bbox 2065 2670 3648 2748">
    <p class='ocr_par' dir='ltr' id='par_1_72' title="bbox 2065 2670 3648 2748">
     <span class='ocr_line' id='line_1_72' title="bbox 2065 2670 3648 2748; baseline -0.003 -19"><span class='ocrx_word' id='word_1_515' title='bbox 2065 2676 2163 2748; x_wconf 79' lang='grc' dir='ltr'>χίᾳ</span> <span class='ocrx_word' id='word_1_516' title='bbox 2190 2671 2258 2747; x_wconf 82' lang='grc' dir='ltr'>ἦν</span> <span class='ocrx_word' id='word_1_517' title='bbox 2283 2676 2377 2730; x_wconf 76' lang='grc' dir='ltr'>καὶ</span> <span class='ocrx_word' id='word_1_518' title='bbox 2402 2675 2715 2741; x_wconf 81' lang='grc' dir='ltr'>κατανύξει.</span> <span class='ocrx_word' id='word_1_519' title='bbox 2760 2674 2980 2746; x_wconf 82' lang='grc' dir='ltr'>Ἐπειδὴ</span> <span class='ocrx_word' id='word_1_520' title='bbox 3023 2674 3081 2728; x_wconf 84' lang='grc' dir='ltr'>δὲ</span> <span class='ocrx_word' id='word_1_521' title='bbox 3109 2670 3250 2727; x_wconf 77' lang='grc' dir='ltr'>εἶδεν</span> <span class='ocrx_word' id='word_1_522' title='bbox 3310 2675 3338 2727; x_wconf 81' lang='grc' dir='ltr'><strong>ὁ</strong></span> <span class='ocrx_word' id='word_1_523' title='bbox 3369 2673 3469 2744; x_wconf 86' lang='grc' dir='ltr'><strong>τῆς</strong></span> <span class='ocrx_word' id='word_1_524' title='bbox 3516 2673 3648 2745; x_wconf 78' lang='grc' dir='ltr'>ἀλη·</span> 
     </span>
    </p>
   </div>
   <div class='ocr_carea' id='block_1_73' title="bbox 2066 2764 3648 2837">
    <p class='ocr_par' dir='ltr' id='par_1_73' title="bbox 2066 2764 3648 2837">
     <span class='ocr_line' id='line_1_73' title="bbox 2066 2764 3648 2837; baseline -0.001 -17"><span class='ocrx_word' id='word_1_525' title='bbox 2066 2766 2221 2830; x_wconf 82' lang='grc' dir='ltr'>θείας</span> <span class='ocrx_word' id='word_1_526' title='bbox 2266 2764 2579 2837; x_wconf 78' lang='grc' dir='ltr'>Ὀφθαλμδς</span> <span class='ocrx_word' id='word_1_527' title='bbox 2618 2765 2714 2820; x_wconf 74' lang='grc' dir='ltr'><strong>καὶ</strong></span> <span class='ocrx_word' id='word_1_528' title='bbox 2756 2766 2930 2836; x_wconf 81' lang='grc' dir='ltr'><strong>μέγας</strong></span> <span class='ocrx_word' id='word_1_529' title='bbox 2957 2764 3166 2836; x_wconf 75' lang='grc' dir='ltr'>Κριτὴς</span> <span class='ocrx_word' id='word_1_530' title='bbox 3200 2764 3280 2817; x_wconf 82' lang='grc' dir='ltr'>ὅτι</span> <span class='ocrx_word' id='word_1_531' title='bbox 3317 2764 3528 2835; x_wconf 82' lang='grc' dir='ltr'>μεγάλα</span> <span class='ocrx_word' id='word_1_532' title='bbox 3578 2764 3648 2819; x_wconf 77' lang='grc' dir='ltr'>τὰ</span> 
     </span>
    </p>
   </div>
   <div class='ocr_carea' id='block_1_74' title="bbox 2069 2857 3647 2931">
    <p class='ocr_par' dir='ltr' id='par_1_74' title="bbox 2069 2857 3647 2931">
     <span class='ocr_line' id='line_1_74' title="bbox 2069 2857 3647 2931; baseline 0.001 -21"><span class='ocrx_word' id='word_1_533' title='bbox 2069 2858 2236 2931; x_wconf 74' lang='grc' dir='ltr'>ἔργα,</span> <span class='ocrx_word' id='word_1_534' title='bbox 2274 2859 2444 2929; x_wconf 86' lang='grc' dir='ltr'>νεκρὰ</span> <span class='ocrx_word' id='word_1_535' title='bbox 2476 2858 2534 2912; x_wconf 87' lang='grc' dir='ltr'><em>δέ</em></span> <span class='ocrx_word' id='word_1_536' title='bbox 2565 2859 2685 2912; x_wconf 79' lang='grc' dir='ltr'>ἐστι</span> <span class='ocrx_word' id='word_1_537' title='bbox 2719 2857 2902 2911; x_wconf 86' lang='grc' dir='ltr'>πίστιν</span> <span class='ocrx_word' id='word_1_538' title='bbox 2944 2858 3047 2912; x_wconf 62' lang='grc' dir='ltr'><strong>οὐκ</strong></span> <span class='ocrx_word' id='word_1_539' title='bbox 3071 2857 3285 2929; x_wconf 78' lang='grc' dir='ltr'>ἔχοντα,</span> <span class='ocrx_word' id='word_1_540' title='bbox 3326 2857 3647 2912; x_wconf 81' lang='grc' dir='ltr'>ἀποστέλλει</span> 
     </span>
    </p>
   </div>
   <div class='ocr_carea' id='block_1_75' title="bbox 2070 2947 3649 3023">
    <p class='ocr_par' dir='ltr' id='par_1_75' title="bbox 2070 2947 3649 3023">
     <span class='ocr_line' id='line_1_75' title="bbox 2070 2947 3649 3023; baseline 0.006 -19"><span class='ocrx_word' id='word_1_541' title='bbox 2070 2950 2408 3022; x_wconf 78' lang='grc' dir='ltr'>βραϐεύοντα</span> <span class='ocrx_word' id='word_1_542' title='bbox 2449 2952 2563 3015; x_wconf 81' lang='grc' dir='ltr'>τοῖς</span> <span class='ocrx_word' id='word_1_543' title='bbox 2608 2949 2792 3023; x_wconf 76' lang='grc' dir='ltr'>ἔργοις</span> <span class='ocrx_word' id='word_1_544' title='bbox 2831 2951 3064 3020; x_wconf 77' lang='grc' dir='ltr'>ἄγγελον</span> <span class='ocrx_word' id='word_1_545' title='bbox 3094 2988 3110 3014; x_wconf 86' lang='grc'><strong>,</strong></span> <span class='ocrx_word' id='word_1_546' title='bbox 3145 2948 3287 3004; x_wconf 84' lang='grc' dir='ltr'>ὥστε</span> <span class='ocrx_word' id='word_1_547' title='bbox 3315 2949 3443 3015; x_wconf 78' lang='grc' dir='ltr'>τοὺς</span> <span class='ocrx_word' id='word_1_548' title='bbox 3467 2947 3649 3014; x_wconf 76' lang='grc' dir='ltr'>καλῶς</span> 
     </span>
    </p>
   </div>
   <div class='ocr_carea' id='block_1_76' title="bbox 2069 3041 3645 3115">
    <p class='ocr_par' dir='ltr' id='par_1_76' title="bbox 2069 3041 3645 3115">
     <span class='ocr_line' id='line_1_76' title="bbox 2069 3041 3645 3115; baseline -0.002 -18"><span class='ocrx_word' id='word_1_549' title='bbox 2069 3042 2370 3107; x_wconf 79' lang='grc' dir='ltr'><strong>ἀθλοῦντας</strong></span> <span class='ocrx_word' id='word_1_550' title='bbox 2399 3084 2416 3112; x_wconf 96' lang='grc'><strong>,</strong></span> <span class='ocrx_word' id='word_1_551' title='bbox 2456 3043 2804 3113; x_wconf 80' lang='grc' dir='ltr'>στεφανῶσαι</span> <span class='ocrx_word' id='word_1_552' title='bbox 2849 3045 2916 3114; x_wconf 76' lang='grc' dir='ltr'><strong>τῇ</strong></span> <span class='ocrx_word' id='word_1_553' title='bbox 2972 3042 3183 3097; x_wconf 87' lang='grc' dir='ltr'>πίστει.</span> <span class='ocrx_word' id='word_1_554' title='bbox 3250 3042 3384 3095; x_wconf 82' lang='grc' dir='ltr'>Ἀπὸ</span> <span class='ocrx_word' id='word_1_555' title='bbox 3445 3041 3504 3095; x_wconf 78' lang='grc' dir='ltr'>δὲ</span> <span class='ocrx_word' id='word_1_556' title='bbox 3544 3044 3645 3115; x_wconf 82' lang='grc' dir='ltr'>τῆς</span> 
     </span>
    </p>
   </div>
   <div class='ocr_carea' id='block_1_77' title="bbox 2069 3135 3643 3208">
    <p class='ocr_par' dir='ltr' id='par_1_77' title="bbox 2069 3135 3643 3208">
     <span class='ocr_line' id='line_1_77' title="bbox 2069 3135 3643 3208; baseline -0.003 -17"><span class='ocrx_word' id='word_1_557' title='bbox 2069 3136 2248 3208; x_wconf 73' lang='grc' dir='ltr'>ὅψεως</span> <span class='ocrx_word' id='word_1_558' title='bbox 2300 3137 2467 3208; x_wconf 72' lang='grc' dir='ltr'>φόϐος</span> <span class='ocrx_word' id='word_1_559' title='bbox 2496 3138 2736 3205; x_wconf 80' lang='grc' dir='ltr'>ἐγένετο,</span> <span class='ocrx_word' id='word_1_560' title='bbox 2772 3135 3084 3206; x_wconf 89' lang='grc' dir='ltr'>σύμμετρος</span> <span class='ocrx_word' id='word_1_561' title='bbox 3117 3135 3193 3201; x_wconf 83' lang='grc' dir='ltr'>δὲ,</span> <span class='ocrx_word' id='word_1_562' title='bbox 3233 3135 3357 3188; x_wconf 79' lang='grc' dir='ltr'>ὅσον</span> <span class='ocrx_word' id='word_1_563' title='bbox 3387 3135 3643 3206; x_wconf 65' lang='grc' dir='ltr'>ἐπιστρέσ</span> 
     </span>
    </p>
   </div>
   <div class='ocr_carea' id='block_1_78' title="bbox 2066 3223 3648 3299">
    <p class='ocr_par' dir='ltr' id='par_1_78' title="bbox 2066 3223 3648 3299">
     <span class='ocr_line' id='line_1_78' title="bbox 2066 3223 3648 3299; baseline -0.001 -16"><span class='ocrx_word' id='word_1_564' title='bbox 2066 3228 2164 3299; x_wconf 82' lang='grc' dir='ltr'><strong>ψαι</strong></span> <span class='ocrx_word' id='word_1_565' title='bbox 2202 3229 2364 3299; x_wconf 82' lang='grc' dir='ltr'>μόνον</span> <span class='ocrx_word' id='word_1_566' title='bbox 2389 3244 2405 3261; x_wconf 80' lang='grc' dir='ltr'><strong>ο</strong></span> <span class='ocrx_word' id='word_1_567' title='bbox 2439 3223 2559 3282; x_wconf 76' lang='grc' dir='ltr'>εἶτα</span> <span class='ocrx_word' id='word_1_568' title='bbox 2594 3226 2666 3281; x_wconf 78' lang='grc' dir='ltr'>τὰ</span> <span class='ocrx_word' id='word_1_569' title='bbox 2700 3228 2920 3299; x_wconf 79' lang='grc' dir='ltr'>ῥήματα</span> <span class='ocrx_word' id='word_1_570' title='bbox 2983 3226 3076 3280; x_wconf 76' lang='grc' dir='ltr'>τὸν</span> <span class='ocrx_word' id='word_1_571' title='bbox 3114 3226 3279 3295; x_wconf 80' lang='grc' dir='ltr'>φόϐον</span> <span class='ocrx_word' id='word_1_572' title='bbox 3335 3226 3546 3281; x_wconf 77' lang='grc' dir='ltr'>ἔλυσεν.</span> <span class='ocrx_word' id='word_1_573' title='bbox 3579 3228 3648 3282; x_wconf 79' lang='lat' dir='ltr'><strong>Al</strong></span> 
     </span>
    </p>
   </div>
   <div class='ocr_carea' id='block_1_79' title="bbox 2066 3316 3647 3391">
    <p class='ocr_par' dir='ltr' id='par_1_79' title="bbox 2066 3316 3647 3391">
     <span class='ocr_line' id='line_1_79' title="bbox 2066 3316 3647 3391; baseline -0.002 -17"><span class='ocrx_word' id='word_1_574' title='bbox 2066 3320 2403 3391; x_wconf 71' lang='grc' dir='ltr'>προσευχαί</span> <span class='ocrx_word' id='word_1_575' title='bbox 2429 3333 2548 3374; x_wconf 87' lang='grc' dir='ltr'><strong>σου</strong></span> <span class='ocrx_word' id='word_1_576' title='bbox 2583 3319 2683 3372; x_wconf 79' lang='grc' dir='ltr'><strong>και</strong></span> <span class='ocrx_word' id='word_1_577' title='bbox 2726 3320 2786 3374; x_wconf 79' lang='grc' dir='ltr'><strong>αἱ</strong></span> <span class='ocrx_word' id='word_1_578' title='bbox 2816 3318 3225 3388; x_wconf 76' lang='grc' dir='ltr'><strong>ἐλεημοσύναι</strong></span> <span class='ocrx_word' id='word_1_579' title='bbox 3256 3334 3374 3373; x_wconf 86' lang='grc' dir='ltr'><strong>σου</strong></span> <span class='ocrx_word' id='word_1_580' title='bbox 3434 3316 3647 3386; x_wconf 63' lang='grc' dir='ltr'><strong>ἀνέϐην</strong></span> 
     </span>
    </p>
   </div>
   <div class='ocr_carea' id='block_1_80' title="bbox 2066 3411 3645 3484">
    <p class='ocr_par' dir='ltr' id='par_1_80' title="bbox 2066 3411 3645 3484">
     <span class='ocr_line' id='line_1_80' title="bbox 2066 3411 3645 3484; baseline -0.001 -17"><span class='ocrx_word' id='word_1_581' title='bbox 2066 3428 2189 3468; x_wconf 85' lang='grc' dir='ltr'>σαν</span> <span class='ocrx_word' id='word_1_582' title='bbox 2212 3415 2300 3480; x_wconf 74' lang='grc' dir='ltr'>εἰς</span> <span class='ocrx_word' id='word_1_583' title='bbox 2314 3414 2714 3483; x_wconf 87' lang='grc' dir='ltr'>μνημόσυνον</span> <span class='ocrx_word' id='word_1_584' title='bbox 2730 3411 2987 3466; x_wconf 78' lang='grc' dir='ltr'><strong>ἐνώπιον</strong></span> <span class='ocrx_word' id='word_1_585' title='bbox 3013 3411 3122 3467; x_wconf 83' lang='grc' dir='ltr'><em>τοῦ</em></span> <span class='ocrx_word' id='word_1_586' title='bbox 3159 3411 3327 3468; x_wconf 84' lang='grc' dir='ltr'><strong>Θεοῦ.</strong></span> <span class='ocrx_word' id='word_1_587' title='bbox 3365 3412 3507 3484; x_wconf 87' lang='grc' dir='ltr'>Ὅρα</span> <span class='ocrx_word' id='word_1_588' title='bbox 3541 3411 3645 3467; x_wconf 81' lang='grc' dir='ltr'><strong>ποῦ</strong></span> 
     </span>
    </p>
   </div>
   <div class='ocr_carea' id='block_1_81' title="bbox 2068 3501 3645 3575">
    <p class='ocr_par' dir='ltr' id='par_1_81' title="bbox 2068 3501 3645 3575">
     <span class='ocr_line' id='line_1_81' title="bbox 2068 3501 3645 3575; baseline -0.001 -17"><span class='ocrx_word' id='word_1_589' title='bbox 2068 3503 2355 3575; x_wconf 80' lang='grc' dir='ltr'>προϐαίνει</span> <span class='ocrx_word' id='word_1_590' title='bbox 2400 3504 2435 3574; x_wconf 82' lang='grc' dir='ltr'>ὴ</span> <span class='ocrx_word' id='word_1_591' title='bbox 2490 3501 2852 3575; x_wconf 69' lang='grc' dir='ltr'>ἐλεημοσύνη,</span> <span class='ocrx_word' id='word_1_592' title='bbox 2875 3502 2967 3556; x_wconf 82' lang='grc' dir='ltr'><strong>τὸν</strong></span> <span class='ocrx_word' id='word_1_593' title='bbox 3015 3502 3244 3575; x_wconf 74' lang='grc' dir='ltr'>οὐρανὸν</span> <span class='ocrx_word' id='word_1_594' title='bbox 3270 3501 3366 3556; x_wconf 84' lang='grc' dir='ltr'><strong>τοῦ</strong></span> <span class='ocrx_word' id='word_1_595' title='bbox 3388 3501 3645 3575; x_wconf 79' lang='grc' dir='ltr'>ούρανοῦ,</span> 
     </span>
    </p>
   </div>
   <div class='ocr_carea' id='block_1_82' title="bbox 2068 3592 3644 3667">
    <p class='ocr_par' dir='ltr' id='par_1_82' title="bbox 2068 3592 3644 3667">
     <span class='ocr_line' id='line_1_82' title="bbox 2068 3592 3644 3667; baseline -0.001 -18"><span class='ocrx_word' id='word_1_596' title='bbox 2068 3596 2163 3650; x_wconf 69' lang='grc' dir='ltr'><strong>καὶ</strong></span> <span class='ocrx_word' id='word_1_597' title='bbox 2194 3592 2346 3665; x_wconf 79' lang='grc' dir='ltr'><strong>αὐτῷ</strong></span> <span class='ocrx_word' id='word_1_598' title='bbox 2389 3593 2725 3664; x_wconf 81' lang='grc' dir='ltr'>παρίσταται</span> <span class='ocrx_word' id='word_1_599' title='bbox 2751 3594 2830 3665; x_wconf 84' lang='grc' dir='ltr'><strong>τῷ</strong></span> <span class='ocrx_word' id='word_1_600' title='bbox 2862 3592 3037 3665; x_wconf 84' lang='grc' dir='ltr'>θρόνῳ</span> <span class='ocrx_word' id='word_1_601' title='bbox 3067 3593 3145 3665; x_wconf 85' lang='grc' dir='ltr'><strong>τῷ</strong></span> <span class='ocrx_word' id='word_1_602' title='bbox 3180 3593 3469 3667; x_wconf 83' lang='grc' dir='ltr'>βασιλικῷ.</span> <span class='ocrx_word' id='word_1_603' title='bbox 3501 3596 3644 3667; x_wconf 83' lang='grc' dir='ltr'>Ὅρα</span> 
     </span>
    </p>
   </div>
   <div class='ocr_carea' id='block_1_83' title="bbox 2066 3684 3644 3758">
    <p class='ocr_par' dir='ltr' id='par_1_83' title="bbox 2066 3684 3644 3758">
     <span class='ocr_line' id='line_1_83' title="bbox 2066 3684 3644 3758; baseline -0.001 -17"><span class='ocrx_word' id='word_1_604' title='bbox 2066 3687 2125 3741; x_wconf 80' lang='grc' dir='ltr'>δὲ</span> <span class='ocrx_word' id='word_1_605' title='bbox 2148 3686 2240 3740; x_wconf 81' lang='grc' dir='ltr'>τὸν</span> <span class='ocrx_word' id='word_1_606' title='bbox 2272 3684 2505 3755; x_wconf 81' lang='grc' dir='ltr'>ἄγγελον</span> <span class='ocrx_word' id='word_1_607' title='bbox 2534 3684 2802 3755; x_wconf 85' lang='grc' dir='ltr'>πρότερον</span> <span class='ocrx_word' id='word_1_608' title='bbox 2820 3687 3046 3756; x_wconf 71' lang='grc' dir='ltr'>αἴροντα</span> <span class='ocrx_word' id='word_1_609' title='bbox 3080 3684 3246 3739; x_wconf 81' lang='grc' dir='ltr'>αὐτοῦ</span> <span class='ocrx_word' id='word_1_610' title='bbox 3273 3686 3375 3758; x_wconf 81' lang='grc' dir='ltr'>τὴν</span> <span class='ocrx_word' id='word_1_611' title='bbox 3405 3686 3644 3741; x_wconf 79' lang='grc' dir='ltr'>διάνοιαν</span> 
     </span>
    </p>
   </div>
   <div class='ocr_carea' id='block_1_84' title="bbox 2068 3776 3646 3849">
    <p class='ocr_par' dir='ltr' id='par_1_84' title="bbox 2068 3776 3646 3849">
     <span class='ocr_line' id='line_1_84' title="bbox 2068 3776 3646 3849; baseline 0 -17"><span class='ocrx_word' id='word_1_612' title='bbox 2068 3777 2163 3834; x_wconf 79' lang='grc' dir='ltr'><strong>καὶ</strong></span> <span class='ocrx_word' id='word_1_613' title='bbox 2205 3777 2630 3849; x_wconf 77' lang='grc' dir='ltr'>μετεωρίζοντα,</span> <span class='ocrx_word' id='word_1_614' title='bbox 2677 3776 2776 3830; x_wconf 77' lang='grc' dir='ltr'><strong>καὶ</strong></span> <span class='ocrx_word' id='word_1_615' title='bbox 2803 3777 2925 3831; x_wconf 88' lang='grc' dir='ltr'>τότε</span> <span class='ocrx_word' id='word_1_616' title='bbox 2990 3777 3218 3847; x_wconf 80' lang='grc' dir='ltr'>λέγοντα</span> <span class='ocrx_word' id='word_1_617' title='bbox 3264 3776 3301 3832; x_wconf 75' lang='grc' dir='ltr'>ἃ.</span> <span class='ocrx_word' id='word_1_618' title='bbox 3334 3777 3502 3849; x_wconf 80' lang='grc' dir='ltr'>λέγει.</span> <span class='ocrx_word' id='word_1_619' title='bbox 3533 3777 3646 3832; x_wconf 74' lang='grc' dir='ltr'><strong>Καὶ</strong></span> 
     </span>
    </p>
   </div>
   <div class='ocr_carea' id='block_1_85' title="bbox 2064 3867 3644 3941">
    <p class='ocr_par' dir='ltr' id='par_1_85' title="bbox 2064 3867 3644 3941">
     <span class='ocr_line' id='line_1_85' title="bbox 2064 3867 3644 3941; baseline 0 -16"><span class='ocrx_word' id='word_1_620' title='bbox 2064 3869 2185 3925; x_wconf 89' lang='grc' dir='ltr'>νῦν</span> <span class='ocrx_word' id='word_1_621' title='bbox 2215 3869 2459 3939; x_wconf 74' lang='grc' dir='ltr'>πέμψον</span> <span class='ocrx_word' id='word_1_622' title='bbox 2477 3869 2563 3933; x_wconf 74' lang='grc' dir='ltr'>εἰς</span> <span class='ocrx_word' id='word_1_623' title='bbox 2592 3867 2838 3937; x_wconf 78' lang='grc' dir='ltr'>Ἰόππην</span> <span class='ocrx_word' id='word_1_624' title='bbox 2868 3868 3114 3940; x_wconf 77' lang='grc' dir='ltr'>ἄνδρας,</span> <span class='ocrx_word' id='word_1_625' title='bbox 3146 3868 3244 3924; x_wconf 71' lang='grc' dir='ltr'><strong>καὶ</strong></span> <span class='ocrx_word' id='word_1_626' title='bbox 3261 3870 3644 3941; x_wconf 73' lang='grc' dir='ltr'>μετάπεμψαι</span> 
     </span>
    </p>
   </div>
   <div class='ocr_carea' id='block_1_86' title="bbox 2067 3958 3645 4032">
    <p class='ocr_par' dir='ltr' id='par_1_86' title="bbox 2067 3958 3645 4032">
     <span class='ocr_line' id='line_1_86' title="bbox 2067 3958 3645 4032; baseline 0.001 -16"><span class='ocrx_word' id='word_1_627' title='bbox 2067 3962 2307 4031; x_wconf 78' lang='grc' dir='ltr'>Σίμωνα</span> <span class='ocrx_word' id='word_1_628' title='bbox 2333 3961 2441 4014; x_wconf 85' lang='grc' dir='ltr'><strong>τὸν</strong></span> <span class='ocrx_word' id='word_1_629' title='bbox 2467 3962 2948 4031; x_wconf 77' lang='grc' dir='ltr'><strong>ἐπικαλούμενον</strong></span> <span class='ocrx_word' id='word_1_630' title='bbox 2984 3962 3232 4032; x_wconf 80' lang='grc' dir='ltr'><em>Πέτρον·</em></span> <span class='ocrx_word' id='word_1_631' title='bbox 3270 3958 3447 4031; x_wconf 82' lang='grc' dir='ltr'><em>οὗτος</em></span> <span class='ocrx_word' id='word_1_632' title='bbox 3482 3963 3645 4029; x_wconf 79' lang='grc' dir='ltr'>ξενί-</span> 
     </span>
    </p>
   </div>
   <div class='ocr_carea' id='block_1_87' title="bbox 2065 4050 3642 4125">
    <p class='ocr_par' dir='ltr' id='par_1_87' title="bbox 2065 4050 3642 4125">
     <span class='ocr_line' id='line_1_87' title="bbox 2065 4050 3642 4125; baseline 0 -18"><span class='ocrx_word' id='word_1_633' title='bbox 2065 4051 2221 4115; x_wconf 75' lang='grc' dir='ltr'>ζεται</span> <span class='ocrx_word' id='word_1_634' title='bbox 2238 4050 2399 4121; x_wconf 75' lang='grc' dir='ltr'>παρά</span> <span class='ocrx_word' id='word_1_635' title='bbox 2425 4068 2542 4106; x_wconf 79' lang='grc' dir='ltr'>τινι</span> <span class='ocrx_word' id='word_1_636' title='bbox 2565 4054 2778 4123; x_wconf 81' lang='grc' dir='ltr'>Σίμωνι</span> <span class='ocrx_word' id='word_1_637' title='bbox 2797 4053 3038 4123; x_wconf 79' lang='grc' dir='ltr'><strong>βυρσεῖ.</strong></span> <span class='ocrx_word' id='word_1_638' title='bbox 3065 4056 3184 4108; x_wconf 84' lang='grc' dir='ltr'>’Ὶνα</span> <span class='ocrx_word' id='word_1_639' title='bbox 3214 4054 3289 4125; x_wconf 79' lang='grc' dir='ltr'>μὴ</span> <span class='ocrx_word' id='word_1_640' title='bbox 3312 4054 3399 4106; x_wconf 83' lang='grc' dir='ltr'><strong>ἐπ’</strong></span> <span class='ocrx_word' id='word_1_641' title='bbox 3414 4055 3572 4108; x_wconf 81' lang='grc' dir='ltr'>ἄλλον</span> <span class='ocrx_word' id='word_1_642' title='bbox 3595 4055 3642 4089; x_wconf 83' lang='grc'><strong>⁸⁷</strong></span> 
     </span>
    </p>
   </div>
   <div class='ocr_carea' id='block_1_88' title="bbox 2067 4142 3645 4215">
    <p class='ocr_par' dir='ltr' id='par_1_88' title="bbox 2067 4142 3645 4215">
     <span class='ocr_line' id='line_1_88' title="bbox 2067 4142 3645 4215; baseline 0.001 -17"><span class='ocrx_word' id='word_1_643' title='bbox 2067 4144 2320 4210; x_wconf 75' lang='grc' dir='ltr'>ἔλθωσιν,</span> <span class='ocrx_word' id='word_1_644' title='bbox 2348 4143 2584 4211; x_wconf 49' lang='grc' dir='ltr'><strong>οὑκ-ἀπὸ</strong></span> <span class='ocrx_word' id='word_1_645' title='bbox 2602 4142 2697 4197; x_wconf 82' lang='grc' dir='ltr'>τοῦ</span> <span class='ocrx_word' id='word_1_646' title='bbox 2727 4146 3019 4215; x_wconf 71' lang='grc' dir='ltr'>ἐπωνύμου</span> <span class='ocrx_word' id='word_1_647' title='bbox 3041 4145 3223 4214; x_wconf 87' lang='grc' dir='ltr'>μόνον,</span> <span class='ocrx_word' id='word_1_648' title='bbox 3251 4144 3387 4199; x_wconf 80' lang='grc' dir='ltr'>ἀλλὰ</span> <span class='ocrx_word' id='word_1_649' title='bbox 3416 4145 3511 4199; x_wconf 74' lang='grc' dir='ltr'><strong>καὶ</strong></span> <span class='ocrx_word' id='word_1_650' title='bbox 3536 4146 3645 4200; x_wconf 73' lang='grc' dir='ltr'>ἀπὸ</span> 
     </span>
    </p>
   </div>
   <div class='ocr_carea' id='block_1_89' title="bbox 2060 4227 3644 4304">
    <p class='ocr_par' dir='ltr' id='par_1_89' title="bbox 2060 4227 3644 4304">
     <span class='ocr_line' id='line_1_89' title="bbox 2060 4227 3644 4304; baseline 0.001 -16"><span class='ocrx_word' id='word_1_651' title='bbox 2060 4233 2160 4289; x_wconf 77' lang='grc' dir='ltr'><strong>’τοῦ</strong></span> <span class='ocrx_word' id='word_1_652' title='bbox 2194 4235 2362 4288; x_wconf 88' lang='grc' dir='ltr'>τόπου</span> <span class='ocrx_word' id='word_1_653' title='bbox 2411 4232 2564 4299; x_wconf 85' lang='grc' dir='ltr'>δηλοῖ</span> <span class='ocrx_word' id='word_1_654' title='bbox 2604 4232 2698 4286; x_wconf 80' lang='grc' dir='ltr'><strong>τὸν</strong></span> <span class='ocrx_word' id='word_1_655' title='bbox 2741 4233 2933 4304; x_wconf 76' lang='grc' dir='ltr'>ἄνδρα.</span> <span class='ocrx_word' id='word_1_656' title='bbox 2960 4227 3028 4304; x_wconf 80' lang='grc' dir='ltr'><strong><em>ᾯ</em></strong></span> <span class='ocrx_word' id='word_1_657' title='bbox 3077 4234 3247 4287; x_wconf 79' lang='grc' dir='ltr'>ἐστιν</span> <span class='ocrx_word' id='word_1_658' title='bbox 3280 4234 3438 4287; x_wconf 72' lang='grc' dir='ltr'><em>οἰκία</em></span> <span class='ocrx_word' id='word_1_659' title='bbox 3483 4236 3644 4302; x_wconf 84' lang='grc' dir='ltr'><em>παρὰ</em></span> 
     </span>
    </p>
   </div>
   <div class='ocr_carea' id='block_1_90' title="bbox 2064 4323 3643 4394">
    <p class='ocr_par' dir='ltr' id='par_1_90' title="bbox 2064 4323 3643 4394">
     <span class='ocr_line' id='line_1_90' title="bbox 2064 4323 3643 4394; baseline -0.002 -14"><span class='ocrx_word' id='word_1_660' title='bbox 2064 4325 2412 4380; x_wconf 74' lang='grc' dir='ltr'>θάλασσαν.</span> <span class='ocrx_word' id='word_1_661' title='bbox 2442 4323 2523 4377; x_wconf 84' lang='grc' dir='ltr'><strong>Τὰ</strong></span> <span class='ocrx_word' id='word_1_662' title='bbox 2551 4323 2872 4394; x_wconf 79' lang='grc' dir='ltr'>ἀνακεχωρη</span> <span class='ocrx_word' id='word_1_663' title='bbox 2882 4323 3018 4393; x_wconf 85' lang='grc' dir='ltr'>μένα</span> <span class='ocrx_word' id='word_1_664' title='bbox 3049 4323 3159 4376; x_wconf 87' lang='grc' dir='ltr'><strong>τῶν</strong></span> <span class='ocrx_word' id='word_1_665' title='bbox 3185 4323 3391 4376; x_wconf 86' lang='grc' dir='ltr'>πόλεων</span> <span class='ocrx_word' id='word_1_666' title='bbox 3419 4323 3643 4378; x_wconf 74' lang='grc' dir='ltr'>ἐδίωκον</span> 
     </span>
    </p>
   </div>
   <div class='ocr_carea' id='block_1_91' title="bbox 2062 4412 3641 4485">
    <p class='ocr_par' dir='ltr' id='par_1_91' title="bbox 2062 4412 3641 4485">
     <span class='ocr_line' id='line_1_91' title="bbox 2062 4412 3641 4485; baseline -0.001 -15"><span class='ocrx_word' id='word_1_667' title='bbox 2062 4418 2115 4470; x_wconf 80' lang='lat' dir='ltr'><strong>oi</strong></span> <span class='ocrx_word' id='word_1_668' title='bbox 2153 4413 2465 4478; x_wconf 78' lang='grc' dir='ltr'>ἀπόστολοι,</span> <span class='ocrx_word' id='word_1_669' title='bbox 2514 4413 2754 4483; x_wconf 71' lang='grc' dir='ltr'>ἐρημίας</span> <span class='ocrx_word' id='word_1_670' title='bbox 2798 4412 2954 4477; x_wconf 74' lang='grc' dir='ltr'>ὄντες</span> <span class='ocrx_word' id='word_1_671' title='bbox 2990 4412 3134 4482; x_wconf 86' lang='grc' dir='ltr'>φίλοι</span> <span class='ocrx_word' id='word_1_672' title='bbox 3161 4414 3257 4467; x_wconf 75' lang='grc' dir='ltr'><strong>καὶ</strong></span> <span class='ocrx_word' id='word_1_673' title='bbox 3294 4414 3545 4485; x_wconf 82' lang='grc' dir='ltr'>ἡσυχίας.</span> <span class='ocrx_word' id='word_1_674' title='bbox 3575 4415 3641 4468; x_wconf 83' lang='grc' dir='ltr'>Τί</span> 
     </span>
    </p>
   </div>
   <div class='ocr_carea' id='block_1_92' title="bbox 384 4496 1963 4585">
    <p class='ocr_par' dir='ltr' id='par_1_92' title="bbox 384 4496 1963 4569">
     <span class='ocr_line' id='line_1_92' title="bbox 384 4496 1963 4569; baseline -0.011 -2"><span class='ocrx_word' id='word_1_675' title='bbox 384 4526 539 4568; x_wconf 90' lang='lat' dir='ltr'><strong>mare</strong></span> <span class='ocrx_word' id='word_1_676' title='bbox 569 4509 863 4564; x_wconf 82' lang='lat' dir='ltr'><strong>habitaret.</strong></span> <span class='ocrx_word' id='word_1_677' title='bbox 896 4502 1013 4560; x_wconf 85' lang='lat' dir='ltr'><strong>Non</strong></span> <span class='ocrx_word' id='word_1_678' title='bbox 1042 4510 1223 4557; x_wconf 84' lang='lat' dir='ltr'><strong>autem</strong></span> <span class='ocrx_word' id='word_1_679' title='bbox 1268 4500 1403 4556; x_wconf 81' lang='lat' dir='ltr'><strong>dicit</strong></span> <span class='ocrx_word' id='word_1_680' title='bbox 1427 4513 1598 4569; x_wconf 90' lang='lat' dir='ltr'><strong>quare</strong></span> <span class='ocrx_word' id='word_1_681' title='bbox 1618 4536 1634 4562; x_wconf 92' lang='lat'><strong>,</strong></span> <span class='ocrx_word' id='word_1_682' title='bbox 1672 4512 1743 4553; x_wconf 89' lang='lat' dir='ltr'><strong>ne</strong></span> <span class='ocrx_word' id='word_1_683' title='bbox 1766 4496 1963 4569; x_wconf 81' lang='lat' dir='ltr'><strong>gaudio</strong></span> 
     </span>
    </p>
   </div>
   <div class='ocr_carea' id='block_1_93' title="bbox 2066 4496 3639 4585">
    <p class='ocr_par' dir='ltr' id='par_1_93' title="bbox 2067 4498 3639 4585">
     <span class='ocr_line' id='line_1_93' title="bbox 2067 4498 3639 4585; baseline 0.001 -25"><span class='ocrx_word' id='word_1_684' title='bbox 2067 4506 2179 4578; x_wconf 80' lang='grc' dir='ltr'><strong>γὰρ</strong></span> <span class='ocrx_word' id='word_1_685' title='bbox 2219 4506 2267 4585; x_wconf 73' lang='grc' dir='ltr'><strong>εί</strong></span> <span class='ocrx_word' id='word_1_686' title='bbox 2295 4503 2501 4576; x_wconf 74' lang='grc' dir='ltr'>συνέϐη</span> <span class='ocrx_word' id='word_1_687' title='bbox 2530 4505 2626 4558; x_wconf 80' lang='grc' dir='ltr'><strong>καὶ</strong></span> <span class='ocrx_word' id='word_1_688' title='bbox 2657 4503 2817 4559; x_wconf 75' lang='grc' dir='ltr'>ἄλλον</span> <span class='ocrx_word' id='word_1_689' title='bbox 2843 4498 3021 4571; x_wconf 75' lang='grc' dir='ltr'>εἷναις</span> <span class='ocrx_word' id='word_1_690' title='bbox 3069 4502 3200 4557; x_wconf 80' lang='grc' dir='ltr'>Ἰδού</span> <span class='ocrx_word' id='word_1_691' title='bbox 3237 4507 3356 4560; x_wconf 82' lang='grc' dir='ltr'>ἐστι</span> <span class='ocrx_word' id='word_1_692' title='bbox 3389 4509 3639 4578; x_wconf 79' lang='grc' dir='ltr'>σημεῖον,</span> 
     </span>
    </p>
   </div>
   <div class='ocr_carea' id='block_1_94' title="bbox 384 4591 1965 4673">
    <p class='ocr_par' dir='ltr' id='par_1_94' title="bbox 384 4591 1965 4673">
     <span class='ocr_line' id='line_1_94' title="bbox 384 4591 1965 4673; baseline -0.01 -16"><span class='ocrx_word' id='word_1_693' title='bbox 384 4618 510 4657; x_wconf 85' lang='lat' dir='ltr'><strong>eum</strong></span> <span class='ocrx_word' id='word_1_694' title='bbox 535 4598 909 4673; x_wconf 82' lang='lat' dir='ltr'><strong>perfunderet.</strong></span> <span class='ocrx_word' id='word_1_695' title='bbox 937 4596 1071 4650; x_wconf 81' lang='lat' dir='ltr'><strong>Cum</strong></span> <span class='ocrx_word' id='word_1_696' title='bbox 1108 4599 1339 4647; x_wconf 81' lang='lat' dir='ltr'><strong>vocasset</strong></span> <span class='ocrx_word' id='word_1_697' title='bbox 1369 4591 1500 4645; x_wconf 71' lang='lat' dir='ltr'><strong>duos</strong></span> <span class='ocrx_word' id='word_1_698' title='bbox 1529 4605 1703 4643; x_wconf 79' lang='lat' dir='ltr'><strong>servos</strong></span> <span class='ocrx_word' id='word_1_699' title='bbox 1736 4603 1878 4653; x_wconf 84' lang='lat' dir='ltr'><strong>suos,</strong></span> <span class='ocrx_word' id='word_1_700' title='bbox 1914 4597 1965 4642; x_wconf 86' lang='lat' dir='ltr'><strong>et</strong></span> 
     </span>
    </p>
   </div>
   <div class='ocr_carea' id='block_1_95' title="bbox 384 4678 1961 4757">
    <p class='ocr_par' dir='ltr' id='par_1_95' title="bbox 384 4678 1961 4757">
     <span class='ocr_line' id='line_1_95' title="bbox 384 4678 1961 4757; baseline -0.009 -10"><span class='ocrx_word' id='word_1_701' title='bbox 384 4691 606 4747; x_wconf 84' lang='lat' dir='ltr'><strong>militem</strong></span> <span class='ocrx_word' id='word_1_702' title='bbox 654 4688 980 4757; x_wconf 87' lang='lat' dir='ltr'><strong>religiosum.</strong></span> <span class='ocrx_word' id='word_1_703' title='bbox 1017 4682 1201 4749; x_wconf 85' lang='lat' dir='ltr'><strong>Vides,</strong></span> <span class='ocrx_word' id='word_1_704' title='bbox 1246 4696 1358 4735; x_wconf 90' lang='lat' dir='ltr'><strong>non</strong></span> <span class='ocrx_word' id='word_1_705' title='bbox 1400 4680 1603 4735; x_wconf 80' lang='lat' dir='ltr'><strong>frustra</strong></span> <span class='ocrx_word' id='word_1_706' title='bbox 1643 4679 1762 4734; x_wconf 70' lang='lat' dir='ltr'><strong>haec</strong></span> <span class='ocrx_word' id='word_1_707' title='bbox 1802 4678 1961 4745; x_wconf 87' lang='lat' dir='ltr'><strong>dicit,</strong></span> 
     </span>
    </p>
   </div>
   <div class='ocr_carea' id='block_1_96' title="bbox 384 4769 1963 4850">
    <p class='ocr_par' dir='ltr' id='par_1_96' title="bbox 384 4769 1963 4850">
     <span class='ocr_line' id='line_1_96' title="bbox 384 4769 1963 4850; baseline -0.009 -13"><span class='ocrx_word' id='word_1_708' title='bbox 384 4799 498 4845; x_wconf 82' lang='lat' dir='ltr'><strong>eos,</strong></span> <span class='ocrx_word' id='word_1_709' title='bbox 528 4779 621 4850; x_wconf 89' lang='lat' dir='ltr'><strong>qui</strong></span> <span class='ocrx_word' id='word_1_710' title='bbox 652 4778 725 4831; x_wconf 90' lang='lat' dir='ltr'><strong>illi</strong></span> <span class='ocrx_word' id='word_1_711' title='bbox 769 4784 967 4848; x_wconf 73' lang='lat' dir='ltr'><strong>praesto</strong></span> <span class='ocrx_word' id='word_1_712' title='bbox 1008 4781 1167 4829; x_wconf 86' lang='lat' dir='ltr'><strong>erant</strong></span> <span class='ocrx_word' id='word_1_713' title='bbox 1209 4772 1460 4839; x_wconf 89' lang='lat' dir='ltr'><strong>assidue,</strong></span> <span class='ocrx_word' id='word_1_714' title='bbox 1484 4770 1634 4845; x_wconf 81' lang='lat' dir='ltr'><strong>tales</strong></span> <span class='ocrx_word' id='word_1_715' title='bbox 1664 4769 1854 4826; x_wconf 83' lang='lat' dir='ltr'><strong>fuisse.</strong></span> <span class='ocrx_word' id='word_1_716' title='bbox 1895 4770 1963 4823; x_wconf 84' lang='lat' dir='ltr'><strong>Et</strong></span> 
     </span>
    </p>
   </div>
   <div class='ocr_carea' id='block_1_97' title="bbox 387 4862 1961 4945">
    <p class='ocr_par' dir='ltr' id='par_1_97' title="bbox 387 4862 1961 4945">
     <span class='ocr_line' id='line_1_97' title="bbox 387 4862 1961 4945; baseline -0.01 -14"><span class='ocrx_word' id='word_1_717' title='bbox 387 4873 704 4945; x_wconf 69' lang='lat' dir='ltr'><strong>exposuisset</strong></span> <span class='ocrx_word' id='word_1_718' title='bbox 734 4870 806 4924; x_wconf 83' lang='lat' dir='ltr'><strong>eis</strong></span> <span class='ocrx_word' id='word_1_719' title='bbox 828 4867 1028 4932; x_wconf 85' lang='lat' dir='ltr'><strong>omnia,</strong></span> <span class='ocrx_word' id='word_1_720' title='bbox 1052 4866 1192 4920; x_wconf 83' lang='lat' dir='ltr'><strong>misit</strong></span> <span class='ocrx_word' id='word_1_721' title='bbox 1207 4880 1291 4919; x_wconf 86' lang='lat' dir='ltr'><strong>eos</strong></span> <span class='ocrx_word' id='word_1_722' title='bbox 1311 4863 1529 4933; x_wconf 79' lang='lat' dir='ltr'><strong>Joppen.</strong></span> <span class='ocrx_word' id='word_1_723' title='bbox 1555 4862 1690 4918; x_wconf 84' lang='lat' dir='ltr'><strong>Vide</strong></span> <span class='ocrx_word' id='word_1_724' title='bbox 1717 4864 1961 4917; x_wconf 75' lang='lat' dir='ltr'><strong>animum</strong></span> 
     </span>
    </p>
   </div>
   <div class='ocr_carea' id='block_1_98' title="bbox 385 4954 1954 5026">
    <p class='ocr_par' dir='ltr' id='par_1_98' title="bbox 385 4954 1954 5026">
     <span class='ocr_line' id='line_1_98' title="bbox 385 4954 1954 5026; baseline -0.008 -5"><span class='ocrx_word' id='word_1_725' title='bbox 385 4965 720 5026; x_wconf 81' lang='lat' dir='ltr'><strong>demissum,</strong></span> <span class='ocrx_word' id='word_1_726' title='bbox 759 4975 824 5013; x_wconf 90' lang='lat' dir='ltr'><strong>ac</strong></span> <span class='ocrx_word' id='word_1_727' title='bbox 867 4959 1037 5012; x_wconf 83' lang='lat' dir='ltr'><strong>fastus</strong></span> <span class='ocrx_word' id='word_1_728' title='bbox 1079 4963 1385 5026; x_wconf 81' lang='lat' dir='ltr'><strong>expertem.</strong></span> <span class='ocrx_word' id='word_1_729' title='bbox 1432 4954 1552 5009; x_wconf 86' lang='lat' dir='ltr'><strong>Non</strong></span> <span class='ocrx_word' id='word_1_730' title='bbox 1592 4955 1739 5008; x_wconf 92' lang='lat' dir='ltr'><strong>enim</strong></span> <span class='ocrx_word' id='word_1_731' title='bbox 1779 4954 1954 5021; x_wconf 64' lang='lat' dir='ltr'><strong>dixit;</strong></span> 
     </span>
    </p>
   </div>
   <div class='ocr_carea' id='block_1_99' title="bbox 386 5044 1953 5115">
    <p class='ocr_par' dir='ltr' id='par_1_99' title="bbox 386 5044 1953 5115">
     <span class='ocr_line' id='line_1_99' title="bbox 386 5044 1953 5115; baseline -0.008 -6"><span class='ocrx_word' id='word_1_732' title='bbox 386 5056 590 5111; x_wconf 82' lang='lat' dir='ltr'><strong>Vocate</strong></span> <span class='ocrx_word' id='word_1_733' title='bbox 637 5050 773 5107; x_wconf 72' lang='lat' dir='ltr'><strong>mibi</strong></span> <span class='ocrx_word' id='word_1_734' title='bbox 812 5048 1032 5104; x_wconf 86' lang='lat' dir='ltr'><strong>Petrum</strong></span> <span class='ocrx_word' id='word_1_735' title='bbox 1075 5064 1090 5100; x_wconf 89' lang='lat'><strong>:</strong></span> <span class='ocrx_word' id='word_1_736' title='bbox 1140 5046 1237 5100; x_wconf 88' lang='lat' dir='ltr'><strong>sed</strong></span> <span class='ocrx_word' id='word_1_737' title='bbox 1276 5054 1338 5100; x_wconf 90' lang='lat' dir='ltr'><strong>ut</strong></span> <span class='ocrx_word' id='word_1_738' title='bbox 1383 5044 1806 5115; x_wconf 84' lang='lat' dir='ltr'><strong>persuaderetur</strong></span> <span class='ocrx_word' id='word_1_739' title='bbox 1851 5044 1953 5109; x_wconf 85' lang='lat' dir='ltr'><strong>illi,</strong></span> 
     </span>
    </p>
   </div>
   <div class='ocr_carea' id='block_1_100' title="bbox 383 5135 1960 5206">
    <p class='ocr_par' dir='ltr' id='par_1_100' title="bbox 383 5135 1960 5206">
     <span class='ocr_line' id='line_1_100' title="bbox 383 5135 1960 5206; baseline -0.008 -4"><span class='ocrx_word' id='word_1_740' title='bbox 383 5148 566 5202; x_wconf 84' lang='lat' dir='ltr'><strong>omnia</strong></span> <span class='ocrx_word' id='word_1_741' title='bbox 607 5140 901 5199; x_wconf 83' lang='lat' dir='ltr'><strong>enarravit.</strong></span> <span class='ocrx_word' id='word_1_742' title='bbox 928 5138 1048 5194; x_wconf 83' lang='lat' dir='ltr'><strong>Non</strong></span> <span class='ocrx_word' id='word_1_743' title='bbox 1081 5138 1227 5206; x_wconf 75' lang='lat' dir='ltr'><strong>enim</strong></span> <span class='ocrx_word' id='word_1_744' title='bbox 1254 5135 1471 5192; x_wconf 90' lang='lat' dir='ltr'><strong>volebat</strong></span> <span class='ocrx_word' id='word_1_745' title='bbox 1500 5150 1601 5206; x_wconf 91' lang='lat' dir='ltr'><strong>pro</strong></span> <span class='ocrx_word' id='word_1_746' title='bbox 1632 5137 1960 5189; x_wconf 87' lang='lat' dir='ltr'><strong>auctoritate</strong></span> 
     </span>
    </p>
   </div>
   <div class='ocr_carea' id='block_1_101' title="bbox 387 5205 1964 5312">
    <p class='ocr_par' dir='ltr' id='par_1_101' title="bbox 387 5205 1964 5312">
     <span class='ocr_line' id='line_1_101' title="bbox 387 5205 1964 5312; baseline -0.011 -15"><span class='ocrx_word' id='word_1_747' title='bbox 387 5241 673 5312; x_wconf 84' lang='lat' dir='ltr'><strong>dignitatis</strong></span> <span class='ocrx_word' id='word_1_748' title='bbox 702 5250 817 5292; x_wconf 60' lang='lat' dir='ltr'><strong>sua;</strong></span> <span class='ocrx_word' id='word_1_749' title='bbox 855 5234 1006 5288; x_wconf 90' lang='lat' dir='ltr'><strong>illum</strong></span> <span class='ocrx_word' id='word_1_750' title='bbox 1036 5205 1355 5285; x_wconf 43' lang='lat' dir='ltr'><strong>accersere.</strong></span> <span class='ocrx_word' id='word_1_751' title='bbox 1401 5228 1608 5283; x_wconf 87' lang='lat' dir='ltr'><strong>Idcirco</strong></span> <span class='ocrx_word' id='word_1_752' title='bbox 1633 5234 1822 5281; x_wconf 88' lang='lat' dir='ltr'><strong>narrat</strong></span> <span class='ocrx_word' id='word_1_753' title='bbox 1844 5241 1964 5281; x_wconf 88' lang='lat' dir='ltr'><strong>rem</strong></span> 
     </span>
    </p>
   </div>
   <div class='ocr_carea' id='block_1_102' title="bbox 406 5355 621 5384">
    <p class='ocr_par' dir='ltr' id='par_1_102' title="bbox 406 5355 621 5384">
     <span class='ocr_line' id='line_1_102' title="bbox 406 5355 621 5384; baseline 0.014 -3"><span class='ocrx_word' id='word_1_754' title='bbox 406 5355 621 5384; x_wconf 67' lang='grc' dir='ltr'><strong>ΙΙΙΙΠΕΙΙΙ.</strong></span> 
     </span>
    </p>
   </div>
   <div class='ocr_carea' id='block_1_103' title="bbox 383 5346 1953 5482">
    <p class='ocr_par' dir='ltr' id='par_1_103' title="bbox 383 5346 1953 5482">
     <span class='ocr_line' id='line_1_103' title="bbox 406 5355 621 5384; baseline -0.009 2"><span class='ocrx_word' id='word_1_755' title='bbox 406 5355 417 5381; x_wconf 75' lang='grc' dir='ltr'><strong>Ι</strong></span> <span class='ocrx_word' id='word_1_756' title='bbox 474 5372 475 5375; x_wconf 62' lang='grc' dir='ltr'><strong>η</strong></span> <span class='ocrx_word' id='word_1_757' title='bbox 609 5371 621 5384; x_wconf 82' lang='grc' dir='ltr'><strong>ι</strong></span> 
     </span>
     <span class='ocr_line' id='line_1_104' title="bbox 383 5346 1953 5482; baseline -0.01 -4"><span class='ocrx_word' id='word_1_758' title='bbox 383 5346 620 5478; x_wconf 48' lang='lat' dir='ltr'><strong>mm:</strong></span> <span class='ocrx_word' id='word_1_759' title='bbox 667 5422 722 5478; x_wconf 83' lang='lat'><strong>9.</strong></span> <span class='ocrx_word' id='word_1_760' title='bbox 774 5418 988 5475; x_wconf 87' lang='lat' dir='ltr'><strong>Postero</strong></span> <span class='ocrx_word' id='word_1_761' title='bbox 1025 5423 1201 5469; x_wconf 85' lang='lat' dir='ltr'><strong>autem</strong></span> <span class='ocrx_word' id='word_1_762' title='bbox 1228 5413 1314 5467; x_wconf 82' lang='lat' dir='ltr'><strong>die</strong></span> <span class='ocrx_word' id='word_1_763' title='bbox 1338 5411 1449 5466; x_wconf 84' lang='lat' dir='ltr'><strong>illis</strong></span> <span class='ocrx_word' id='word_1_764' title='bbox 1479 5412 1580 5465; x_wconf 87' lang='lat' dir='ltr'><strong>iter</strong></span> <span class='ocrx_word' id='word_1_765' title='bbox 1617 5409 1953 5482; x_wconf 80' lang='lat' dir='ltr'><strong>facientibus,</strong></span> 
     </span>
    </p>
   </div>
   <div class='ocr_carea' id='block_1_104' title="bbox 2067 4588 3641 4666">
    <p class='ocr_par' dir='ltr' id='par_1_104' title="bbox 2067 4588 3641 4666">
     <span class='ocr_line' id='line_1_105' title="bbox 2067 4588 3641 4666; baseline -0.002 -13"><span class='ocrx_word' id='word_1_766' title='bbox 2067 4594 2131 4653; x_wconf 74' lang='grc' dir='ltr'>τδ</span> <span class='ocrx_word' id='word_1_767' title='bbox 2154 4597 2309 4666; x_wconf 81' lang='grc' dir='ltr'>παρὰ</span> <span class='ocrx_word' id='word_1_768' title='bbox 2342 4593 2622 4650; x_wconf 83' lang='grc' dir='ltr'>θάλασσαν</span> <span class='ocrx_word' id='word_1_769' title='bbox 2670 4594 2865 4647; x_wconf 75' lang='grc' dir='ltr'>οἰκεῖν.</span> <span class='ocrx_word' id='word_1_770' title='bbox 2905 4592 3019 4646; x_wconf 85' lang='grc' dir='ltr'><strong>Οὐκ</strong></span> <span class='ocrx_word' id='word_1_771' title='bbox 3053 4588 3176 4647; x_wconf 87' lang='grc' dir='ltr'>εἷπε</span> <span class='ocrx_word' id='word_1_772' title='bbox 3207 4593 3264 4648; x_wconf 80' lang='grc' dir='ltr'>δὲ</span> <span class='ocrx_word' id='word_1_773' title='bbox 3296 4594 3387 4649; x_wconf 83' lang='grc' dir='ltr'><strong>διὰ</strong></span> <span class='ocrx_word' id='word_1_774' title='bbox 3424 4597 3518 4663; x_wconf 88' lang='grc' dir='ltr'><strong>τί,</strong></span> <span class='ocrx_word' id='word_1_775' title='bbox 3553 4597 3641 4651; x_wconf 75' lang='grc' dir='ltr'>ἵνα</span> 
     </span>
    </p>
   </div>
   <div class='ocr_carea' id='block_1_105' title="bbox 2069 4682 3641 4760">
    <p class='ocr_par' dir='ltr' id='par_1_105' title="bbox 2069 4682 3641 4760">
     <span class='ocr_line' id='line_1_106' title="bbox 2069 4682 3641 4760; baseline 0.001 -18"><span class='ocrx_word' id='word_1_776' title='bbox 2069 4688 2146 4759; x_wconf 80' lang='grc' dir='ltr'>μὴ</span> <span class='ocrx_word' id='word_1_777' title='bbox 2171 4685 2560 4760; x_wconf 67' lang='grc' dir='ltr'>ἐκχύσῃιαύτόν</span> <span class='ocrx_word' id='word_1_778' title='bbox 2583 4685 2651 4739; x_wconf 83' lang='grc'><strong>⁸⁸.</strong></span> <span class='ocrx_word' id='word_1_779' title='bbox 2683 4682 2976 4752; x_wconf 76' lang='grc' dir='ltr'>Φωνήσας</span> <span class='ocrx_word' id='word_1_780' title='bbox 2994 4684 3105 4741; x_wconf 83' lang='grc' dir='ltr'><strong>δύο</strong></span> <span class='ocrx_word' id='word_1_781' title='bbox 3125 4686 3244 4741; x_wconf 81' lang='grc' dir='ltr'><strong>τῶν</strong></span> <span class='ocrx_word' id='word_1_782' title='bbox 3261 4688 3510 4744; x_wconf 70' lang='grc' dir='ltr'><strong>οἰκετῶν</strong></span> <span class='ocrx_word' id='word_1_783' title='bbox 3535 4692 3641 4745; x_wconf 84' lang='grc' dir='ltr'><strong>αὐ-</strong></span> 
     </span>
    </p>
   </div>
   <div class='ocr_carea' id='block_1_106' title="bbox 2065 4776 3641 4851">
    <p class='ocr_par' dir='ltr' id='par_1_106' title="bbox 2065 4776 3641 4851">
     <span class='ocr_line' id='line_1_107' title="bbox 2065 4776 3641 4851; baseline 0.001 -18"><span class='ocrx_word' id='word_1_784' title='bbox 2065 4778 2194 4846; x_wconf 85' lang='grc' dir='ltr'>τοῦ,</span> <span class='ocrx_word' id='word_1_785' title='bbox 2239 4777 2339 4831; x_wconf 77' lang='grc' dir='ltr'><strong>καὶ</strong></span> <span class='ocrx_word' id='word_1_786' title='bbox 2367 4776 2741 4847; x_wconf 84' lang='grc' dir='ltr'>στρατιώτην</span> <span class='ocrx_word' id='word_1_787' title='bbox 2783 4776 3028 4846; x_wconf 77' lang='grc' dir='ltr'>εὐσεϐῆ.</span> <span class='ocrx_word' id='word_1_788' title='bbox 3076 4777 3265 4849; x_wconf 78' lang='grc' dir='ltr'>Ὁρᾷς,</span> <span class='ocrx_word' id='word_1_789' title='bbox 3299 4780 3398 4851; x_wconf 84' lang='grc' dir='ltr'><strong>οὐχ</strong></span> <span class='ocrx_word' id='word_1_790' title='bbox 3453 4781 3641 4846; x_wconf 82' lang='grc' dir='ltr'>ἁπλῶς</span> 
     </span>
    </p>
   </div>
   <div class='ocr_carea' id='block_1_107' title="bbox 2063 4867 3640 4942">
    <p class='ocr_par' dir='ltr' id='par_1_107' title="bbox 2063 4867 3640 4942">
     <span class='ocr_line' id='line_1_108' title="bbox 2063 4867 3640 4942; baseline 0.003 -20"><span class='ocrx_word' id='word_1_791' title='bbox 2063 4868 2241 4923; x_wconf 83' lang='grc' dir='ltr'>ταῦτά</span> <span class='ocrx_word' id='word_1_792' title='bbox 2263 4883 2452 4938; x_wconf 86' lang='grc' dir='ltr'>φησιν,</span> <span class='ocrx_word' id='word_1_793' title='bbox 2482 4867 2566 4921; x_wconf 87' lang='grc' dir='ltr'><strong>δτι</strong></span> <span class='ocrx_word' id='word_1_794' title='bbox 2585 4869 2637 4921; x_wconf 77' lang='grc' dir='ltr'>οἱ</span> <span class='ocrx_word' id='word_1_795' title='bbox 2665 4868 3203 4938; x_wconf 79' lang='grc' dir='ltr'>προσκαρτεροῦντες</span> <span class='ocrx_word' id='word_1_796' title='bbox 3233 4870 3383 4942; x_wconf 83' lang='grc' dir='ltr'><strong>αὐτῷ</strong></span> <span class='ocrx_word' id='word_1_797' title='bbox 3405 4871 3640 4927; x_wconf 82' lang='grc' dir='ltr'>τοιοῦτοι</span> 
     </span>
    </p>
   </div>
   <div class='ocr_carea' id='block_1_108' title="bbox 2063 4957 3642 5033">
    <p class='ocr_par' dir='ltr' id='par_1_108' title="bbox 2063 4957 3642 5033">
     <span class='ocr_line' id='line_1_109' title="bbox 2063 4957 3642 5033; baseline 0.004 -20"><span class='ocrx_word' id='word_1_798' title='bbox 2063 4957 2222 5033; x_wconf 81' lang='grc' dir='ltr'>ἦσαν.</span> <span class='ocrx_word' id='word_1_799' title='bbox 2240 4960 2347 5014; x_wconf 84' lang='lat' dir='ltr'><strong>Kal</strong></span> <span class='ocrx_word' id='word_1_800' title='bbox 2362 4958 2825 5029; x_wconf 75' lang='grc' dir='ltr'>ἐξηγησάμενος</span> <span class='ocrx_word' id='word_1_801' title='bbox 2836 4961 3037 5027; x_wconf 83' lang='grc' dir='ltr'><strong>αὐτοῖς</strong></span> <span class='ocrx_word' id='word_1_802' title='bbox 3048 4961 3642 5032; x_wconf 66' lang='grc' dir='ltr'>πάντα,ζὰπέστεαεν</span> 
     </span>
    </p>
   </div>
   <div class='ocr_carea' id='block_1_109' title="bbox 2070 5049 3639 5128">
    <p class='ocr_par' dir='ltr' id='par_1_109' title="bbox 2070 5049 3639 5128">
     <span class='ocr_line' id='line_1_110' title="bbox 2070 5049 3639 5128; baseline 0.003 -22"><span class='ocrx_word' id='word_1_803' title='bbox 2070 5051 2293 5118; x_wconf 84' lang='grc' dir='ltr'>αὐτοὺς</span> <span class='ocrx_word' id='word_1_804' title='bbox 2340 5051 2428 5116; x_wconf 80' lang='grc' dir='ltr'>εις</span> <span class='ocrx_word' id='word_1_805' title='bbox 2464 5049 2579 5117; x_wconf 86' lang='grc' dir='ltr'><strong>τὴν</strong></span> <span class='ocrx_word' id='word_1_806' title='bbox 2593 5051 2857 5118; x_wconf 77' lang='grc' dir='ltr'>Ἰόππην.</span> <span class='ocrx_word' id='word_1_807' title='bbox 2897 5053 3040 5124; x_wconf 86' lang='grc' dir='ltr'>Ὅρα</span> <span class='ocrx_word' id='word_1_808' title='bbox 3068 5054 3131 5106; x_wconf 81' lang='grc' dir='ltr'><strong>τὸ</strong></span> <span class='ocrx_word' id='word_1_809' title='bbox 3162 5052 3387 5123; x_wconf 80' lang='grc' dir='ltr'>ἄτυφον.</span> <span class='ocrx_word' id='word_1_810' title='bbox 3421 5056 3496 5109; x_wconf 82' lang='grc' dir='ltr'><strong>Οὐ</strong></span> <span class='ocrx_word' id='word_1_811' title='bbox 3529 5056 3639 5128; x_wconf 87' lang='grc' dir='ltr'>γὰρ</span> 
     </span>
    </p>
   </div>
   <div class='ocr_carea' id='block_1_110' title="bbox 2073 5137 3637 5214">
    <p class='ocr_par' dir='ltr' id='par_1_110' title="bbox 2073 5137 3637 5214">
     <span class='ocr_line' id='line_1_111' title="bbox 2073 5137 3637 5214; baseline 0.005 -19"><span class='ocrx_word' id='word_1_812' title='bbox 2073 5137 2216 5195; x_wconf 81' lang='grc' dir='ltr'>εἷπε·</span> <span class='ocrx_word' id='word_1_813' title='bbox 2246 5140 2530 5195; x_wconf 84' lang='grc' dir='ltr'>Καλέσατὲ</span> <span class='ocrx_word' id='word_1_814' title='bbox 2573 5158 2662 5212; x_wconf 90' lang='grc' dir='ltr'><strong>μοι</strong></span> <span class='ocrx_word' id='word_1_815' title='bbox 2712 5143 2954 5214; x_wconf 68' lang='grc' dir='ltr'>Πέτρον*</span> <span class='ocrx_word' id='word_1_816' title='bbox 2994 5144 3111 5199; x_wconf 85' lang='grc' dir='ltr'>ἀλλ’</span> <span class='ocrx_word' id='word_1_817' title='bbox 3136 5144 3279 5200; x_wconf 81' lang='grc' dir='ltr'>ὥστε</span> <span class='ocrx_word' id='word_1_818' title='bbox 3314 5147 3410 5202; x_wconf 78' lang='grc' dir='ltr'><strong>καὶ</strong></span> <span class='ocrx_word' id='word_1_819' title='bbox 3454 5152 3637 5203; x_wconf 85' lang='grc' dir='ltr'>πεῖσαι</span> 
     </span>
    </p>
   </div>
   <div class='ocr_carea' id='block_1_111' title="bbox 2073 5231 3638 5307">
    <p class='ocr_par' dir='ltr' id='par_1_111' title="bbox 2073 5231 3638 5307">
     <span class='ocr_line' id='line_1_112' title="bbox 2073 5231 3638 5307; baseline 0.005 -24"><span class='ocrx_word' id='word_1_820' title='bbox 2073 5231 2382 5301; x_wconf 77' lang='grc' dir='ltr'>ἐξηγήσατο</span> <span class='ocrx_word' id='word_1_821' title='bbox 2414 5231 2654 5285; x_wconf 75' lang='grc' dir='ltr'>ἅπαντα.</span> <span class='ocrx_word' id='word_1_822' title='bbox 2693 5232 2770 5284; x_wconf 86' lang='grc' dir='ltr'><strong>Οὐ</strong></span> <span class='ocrx_word' id='word_1_823' title='bbox 2808 5234 2918 5304; x_wconf 81' lang='grc' dir='ltr'><strong>γὰρ</strong></span> <span class='ocrx_word' id='word_1_824' title='bbox 2960 5233 3114 5304; x_wconf 74' lang='grc' dir='ltr'>ἠξίου</span> <span class='ocrx_word' id='word_1_825' title='bbox 3146 5235 3254 5290; x_wconf 77' lang='grc' dir='ltr'><strong>ἀπὸ</strong></span> <span class='ocrx_word' id='word_1_826' title='bbox 3273 5235 3368 5290; x_wconf 79' lang='grc' dir='ltr'><strong>τοῦ</strong></span> <span class='ocrx_word' id='word_1_827' title='bbox 3394 5236 3638 5307; x_wconf 80' lang='grc' dir='ltr'>ἀξιώμα-</span> 
     </span>
    </p>
   </div>
   <div class='ocr_carea' id='block_1_112' title="bbox 2067 5319 3563 5394">
    <p class='ocr_par' dir='ltr' id='par_1_112' title="bbox 2067 5319 3563 5394">
     <span class='ocr_line' id='line_1_113' title="bbox 2067 5319 3563 5394; baseline 0.001 -21"><span class='ocrx_word' id='word_1_828' title='bbox 2067 5337 2162 5383; x_wconf 84' lang='grc' dir='ltr'><strong>τος</strong></span> <span class='ocrx_word' id='word_1_829' title='bbox 2186 5319 2863 5389; x_wconf 69' lang='grc' dir='ltr'>αὐτὸνζμεταπέμψασοαι.</span> <span class='ocrx_word' id='word_1_830' title='bbox 2895 5322 2996 5375; x_wconf 82' lang='grc' dir='ltr'><strong>Διὰ</strong></span> <span class='ocrx_word' id='word_1_831' title='bbox 3019 5321 3200 5389; x_wconf 82' lang='grc' dir='ltr'>τοῦτο,</span> <span class='ocrx_word' id='word_1_832' title='bbox 3236 5321 3563 5394; x_wconf 75' lang='grc' dir='ltr'>ἐξηγήσατο.</span> 
     </span>
    </p>
   </div>
   <div class='ocr_carea' id='block_1_113' title="bbox 2143 5410 3635 5481">
    <p class='ocr_par' dir='ltr' id='par_1_113' title="bbox 2143 5410 3635 5481">
     <span class='ocr_line' id='line_1_114' title="bbox 2143 5410 3635 5481; baseline 0.003 -16"><span class='ocrx_word' id='word_1_833' title='bbox 2143 5411 2221 5480; x_wconf 79' lang='grc' dir='ltr'><strong>Τῇ</strong></span> <span class='ocrx_word' id='word_1_834' title='bbox 2249 5410 2316 5463; x_wconf 76' lang='grc' dir='ltr'>δὲ</span> <span class='ocrx_word' id='word_1_835' title='bbox 2344 5411 2630 5479; x_wconf 82' lang='grc' dir='ltr'>ἐπαύριον</span> <span class='ocrx_word' id='word_1_836' title='bbox 2674 5410 3178 5481; x_wconf 71' lang='grc' dir='ltr'>ὀδοιποιρούντων</span> <span class='ocrx_word' id='word_1_837' title='bbox 3230 5414 3499 5480; x_wconf 82' lang='grc' dir='ltr'>ἐκείνων,</span> <span class='ocrx_word' id='word_1_838' title='bbox 3535 5412 3635 5468; x_wconf 74' lang='grc' dir='ltr'><em>καὶ</em></span> 
     </span>
    </p>
   </div>
   <div class='ocr_carea' id='block_1_114' title="bbox 1576 5546 2407 5623">
    <p class='ocr_par' dir='ltr' id='par_1_114' title="bbox 1576 5546 2407 5623">
     <span class='ocr_line' id='line_1_115' title="bbox 1576 5546 2407 5623; baseline 0.005 -16"><span class='ocrx_word' id='word_1_839' title='bbox 1576 5548 1776 5611; x_wconf 68' lang='lat' dir='ltr'><strong>Variae</strong></span> <span class='ocrx_word' id='word_1_840' title='bbox 1805 5546 2120 5610; x_wconf 80' lang='lat' dir='ltr'><strong>lectiones</strong></span> <span class='ocrx_word' id='word_1_841' title='bbox 2161 5554 2407 5623; x_wconf 78' lang='lat' dir='ltr'><strong>etnotae</strong></span> 
     </span>
    </p>
   </div>
   <div class='ocr_carea' id='block_1_115' title="bbox 450 5676 1614 5750">
    <p class='ocr_par' dir='ltr' id='par_1_115' title="bbox 450 5676 1614 5750">
     <span class='ocr_line' id='line_1_116' title="bbox 450 5676 1614 5750; baseline -0.004 -15"><span class='ocrx_word' id='word_1_842' title='bbox 450 5684 498 5715; x_wconf 77' lang='grc'><strong>⁸⁸</strong></span> <span class='ocrx_word' id='word_1_843' title='bbox 528 5679 596 5735; x_wconf 79' lang='lat' dir='ltr'><strong>lu</strong></span> <span class='ocrx_word' id='word_1_844' title='bbox 625 5679 838 5750; x_wconf 72' lang='lat' dir='ltr'><strong>uulgato</strong></span> <span class='ocrx_word' id='word_1_845' title='bbox 894 5686 992 5746; x_wconf 84' lang='lat' dir='ltr'><strong>est,</strong></span> <span class='ocrx_word' id='word_1_846' title='bbox 1052 5677 1148 5730; x_wconf 69' lang='grc' dir='ltr'><strong>καὶ</strong></span> <span class='ocrx_word' id='word_1_847' title='bbox 1186 5676 1614 5746; x_wconf 76' lang='grc' dir='ltr'>ἐξηγησάμενος.</span> 
     </span>
    </p>
   </div>
   <div class='ocr_carea' id='block_1_116' title="bbox 461 5792 1242 5851">
    <p class='ocr_par' dir='ltr' id='par_1_116' title="bbox 461 5792 1242 5851">
     <span class='ocr_line' id='line_1_117' title="bbox 461 5792 1242 5851; baseline -0.01 1"><span class='ocrx_word' id='word_1_848' title='bbox 461 5796 476 5836; x_wconf 71' lang='grc' dir='ltr'><strong>ί</strong></span> <span class='ocrx_word' id='word_1_849' title='bbox 539 5793 759 5851; x_wconf 84' lang='lat' dir='ltr'><strong>Videtur</strong></span> <span class='ocrx_word' id='word_1_850' title='bbox 798 5793 947 5848; x_wconf 81' lang='lat' dir='ltr'><strong>locus</strong></span> <span class='ocrx_word' id='word_1_851' title='bbox 999 5792 1242 5846; x_wconf 83' lang='lat' dir='ltr'><strong>mutilus.</strong></span> 
     </span>
    </p>
   </div>
   <div class='ocr_carea' id='block_1_117' title="bbox 1690 5674 3172 5748">
    <p class='ocr_par' dir='ltr' id='par_1_117' title="bbox 1690 5674 3172 5748">
     <span class='ocr_line' id='line_1_118' title="bbox 1690 5674 3172 5748; baseline -0.002 -17"><span class='ocrx_word' id='word_1_852' title='bbox 1690 5676 1737 5709; x_wconf 80' lang='grc'><strong>⁸⁷</strong></span> <span class='ocrx_word' id='word_1_853' title='bbox 1771 5676 1867 5731; x_wconf 76' lang='grc' dir='ltr'><strong>ἀπ’</strong></span> <span class='ocrx_word' id='word_1_854' title='bbox 1919 5674 2079 5730; x_wconf 79' lang='grc' dir='ltr'>ἄλλον</span> <span class='ocrx_word' id='word_1_855' title='bbox 2109 5677 2300 5732; x_wconf 80' lang='lat' dir='ltr'><strong>eratin</strong></span> <span class='ocrx_word' id='word_1_856' title='bbox 2338 5679 2656 5748; x_wconf 61' lang='lat' dir='ltr'><strong>apographo.</strong></span> <span class='ocrx_word' id='word_1_857' title='bbox 2735 5676 2781 5709; x_wconf 78' lang='grc'>⁸⁸</span> <span class='ocrx_word' id='word_1_858' title='bbox 2816 5675 2985 5747; x_wconf 80' lang='grc' dir='ltr'><strong>αὐτὴν</strong></span> <span class='ocrx_word' id='word_1_859' title='bbox 3033 5684 3172 5729; x_wconf 86' lang='lat' dir='ltr'><strong>erat.</strong></span> 
     </span>
    </p>
   </div>
  </div>
