  <div class='ocr_page' id='page_1' title='image "/cluster/home/n/w/nwhite01/storage/ocr_20150623/125:no.3/coo.31924054870302/336.png"; bbox 0 0 4070 6412; ppageno 0'>
   <div class='ocr_carea' id='block_1_1' title="bbox 387 374 1976 507">
    <p class='ocr_par' dir='ltr' id='par_1_1' title="bbox 387 409 1976 477">
     <span class='ocr_line' id='line_1_1' title="bbox 387 409 1976 477; baseline -0.005 0"><span class='ocrx_word' id='word_1_1' title='bbox 387 412 503 477; x_wconf 59' lang='grc' dir='ltr'><em>αρτ</em></span> <span class='ocrx_word' id='word_1_2' title='bbox 1166 410 1573 474; x_wconf 83' lang='lat' dir='ltr'><strong><em>EXPOSlTIO</em></strong></span> <span class='ocrx_word' id='word_1_3' title='bbox 1597 411 1679 473; x_wconf 89' lang='grc' dir='ltr'>ΙΝ</span> <span class='ocrx_word' id='word_1_4' title='bbox 1716 409 1909 471; x_wconf 75' lang='lat' dir='ltr'><strong><em>ACTA</em></strong></span> <span class='ocrx_word' id='word_1_5' title='bbox 1938 411 1976 469; x_wconf 71' lang='grc' dir='ltr'><strong>Α</strong></span> 
     </span>
    </p>
   </div>
   <div class='ocr_carea' id='block_1_2' title="bbox 2080 374 3655 507">
    <p class='ocr_par' dir='ltr' id='par_1_2' title="bbox 2081 374 3655 507">
     <span class='ocr_line' id='line_1_2' title="bbox 2081 374 3655 507; baseline 0.003 -37"><span class='ocrx_word' id='word_1_6' title='bbox 2081 408 2507 470; x_wconf 77' lang='lat' dir='ltr'><strong><em>STOLORUM.</em></strong></span> <span class='ocrx_word' id='word_1_7' title='bbox 2540 433 2610 443; x_wconf 91' lang='lat'><strong><em>——</em></strong></span> <span class='ocrx_word' id='word_1_8' title='bbox 2641 408 2803 472; x_wconf 81' lang='lat' dir='ltr'><strong><em>CAP.</em></strong></span> <span class='ocrx_word' id='word_1_9' title='bbox 2842 412 2917 471; x_wconf 73' lang='grc' dir='ltr'><strong><em>Χ.</em></strong></span> <span class='ocrx_word' id='word_1_10' title='bbox 3135 501 3141 507; x_wconf 17' lang='grc'><strong>1</strong></span> <span class='ocrx_word' id='word_1_11' title='bbox 3248 500 3251 503; x_wconf 91' lang='lat'><em>_</em></span> <span class='ocrx_word' id='word_1_12' title='bbox 3536 374 3655 474; x_wconf 51' lang='grc' dir='ltr'><strong><em>εδδ</em></strong></span> 
     </span>
    </p>
   </div>
   <div class='ocr_carea' id='block_1_3' title="bbox 390 519 1976 597">
    <p class='ocr_par' dir='ltr' id='par_1_3' title="bbox 390 519 1971 597">
     <span class='ocr_line' id='line_1_3' title="bbox 390 519 1971 597; baseline -0.004 -16"><span class='ocrx_word' id='word_1_13' title='bbox 390 527 472 596; x_wconf 65' lang='grc' dir='ltr'><em>τῇ</em></span> <span class='ocrx_word' id='word_1_14' title='bbox 498 527 672 582; x_wconf 76' lang='grc' dir='ltr'><em>πόλει</em></span> <span class='ocrx_word' id='word_1_15' title='bbox 699 526 1069 597; x_wconf 75' lang='grc' dir='ltr'><strong><em>ἐγγιζόντων,</em></strong></span> <span class='ocrx_word' id='word_1_16' title='bbox 1103 526 1288 595; x_wconf 79' lang='grc' dir='ltr'><em>ἀνέϐη</em></span> <span class='ocrx_word' id='word_1_17' title='bbox 1318 519 1540 596; x_wconf 71' lang='grc' dir='ltr'><em>Πέτρος</em></span> <span class='ocrx_word' id='word_1_18' title='bbox 1568 523 1668 580; x_wconf 71' lang='grc' dir='ltr'><strong><em>ἐπὶ</em></strong></span> <span class='ocrx_word' id='word_1_19' title='bbox 1699 523 1767 579; x_wconf 82' lang='grc' dir='ltr'><em>τὸ</em></span> <span class='ocrx_word' id='word_1_20' title='bbox 1804 523 1971 594; x_wconf 78' lang='grc' dir='ltr'><em>δῶμα</em></span> 
     </span>
    </p>
   </div>
   <div class='ocr_carea' id='block_1_4' title="bbox 2080 519 3648 597">
    <p class='ocr_par' dir='ltr' id='par_1_4' title="bbox 2080 524 3648 596">
     <span class='ocr_line' id='line_1_4' title="bbox 2080 524 3648 596; baseline 0.003 -18"><span class='ocrx_word' id='word_1_21' title='bbox 2080 535 2127 578; x_wconf 88' lang='lat' dir='ltr'><strong><em>et</em></strong></span> <span class='ocrx_word' id='word_1_22' title='bbox 2159 524 2705 595; x_wconf 77' lang='lat' dir='ltr'><strong><em>appropinquantibus</em></strong></span> <span class='ocrx_word' id='word_1_23' title='bbox 2737 524 2874 590; x_wconf 84' lang='lat' dir='ltr'><strong><em>urbi,</em></strong></span> <span class='ocrx_word' id='word_1_24' title='bbox 2904 525 3360 581; x_wconf 62' lang='lat' dir='ltr'><strong><em>ascendi&#39;t&#39;Pi‘lrus</em></strong></span> <span class='ocrx_word' id='word_1_25' title='bbox 3400 528 3452 581; x_wconf 84' lang='lat' dir='ltr'><strong><em>in</em></strong></span> <span class='ocrx_word' id='word_1_26' title='bbox 3488 545 3648 596; x_wconf 79' lang='lat' dir='ltr'><strong><em>supe-</em></strong></span> 
     </span>
    </p>
   </div>
   <div class='ocr_carea' id='block_1_5' title="bbox 390 617 1440 693">
    <p class='ocr_par' dir='ltr' id='par_1_5' title="bbox 390 617 1440 693">
     <span class='ocr_line' id='line_1_5' title="bbox 390 617 1440 693; baseline -0.001 -19"><span class='ocrx_word' id='word_1_27' title='bbox 390 619 844 690; x_wconf 78' lang='grc' dir='ltr'><em>προσεύξασθαι</em></span> <span class='ocrx_word' id='word_1_28' title='bbox 884 618 1018 688; x_wconf 75' lang='grc' dir='ltr'><em>περὶ</em></span> <span class='ocrx_word' id='word_1_29' title='bbox 1069 617 1230 687; x_wconf 82' lang='grc' dir='ltr'><em>ὥραν</em></span> <span class='ocrx_word' id='word_1_30' title='bbox 1255 620 1440 693; x_wconf 78' lang='grc' dir='ltr'><em>ἕκτην</em></span> 
     </span>
    </p>
   </div>
   <div class='ocr_carea' id='block_1_6' title="bbox 477 710 1966 783">
    <p class='ocr_par' dir='ltr' id='par_1_6' title="bbox 477 710 1966 783">
     <span class='ocr_line' id='line_1_6' title="bbox 477 710 1966 783; baseline 0.001 -17"><span class='ocrx_word' id='word_1_31' title='bbox 477 711 748 781; x_wconf 79' lang='grc' dir='ltr'><strong><em>Ἐγένετο</em></strong></span> <span class='ocrx_word' id='word_1_32' title='bbox 776 711 846 764; x_wconf 79' lang='grc' dir='ltr'><em>δὲ</em></span> <span class='ocrx_word' id='word_1_33' title='bbox 870 713 1259 779; x_wconf 75' lang='grc' dir='ltr'><em>πρόσπεινος,</em></span> <span class='ocrx_word' id='word_1_34' title='bbox 1283 712 1381 766; x_wconf 75' lang='grc' dir='ltr'><em>καὶ</em></span> <span class='ocrx_word' id='word_1_35' title='bbox 1407 710 1589 781; x_wconf 71' lang='grc' dir='ltr'><em>ἤθελε</em></span> <span class='ocrx_word' id='word_1_36' title='bbox 1614 714 1966 783; x_wconf 77' lang='grc' dir='ltr'><em>γεύσασθαι·</em></span> 
     </span>
    </p>
   </div>
   <div class='ocr_carea' id='block_1_7' title="bbox 393 801 1967 871">
    <p class='ocr_par' dir='ltr' id='par_1_7' title="bbox 393 801 1967 871">
     <span class='ocr_line' id='line_1_7' title="bbox 393 801 1967 871; baseline 0.004 -15"><span class='ocrx_word' id='word_1_37' title='bbox 393 801 978 871; x_wconf 72' lang='grc' dir='ltr'><em>παρασκευαζόντων</em></span> <span class='ocrx_word' id='word_1_38' title='bbox 1007 803 1076 857; x_wconf 69' lang='grc' dir='ltr'><strong><em>δὲ</em></strong></span> <span class='ocrx_word' id='word_1_39' title='bbox 1109 804 1378 868; x_wconf 73' lang='grc' dir='ltr'><em>ἐκείνων,</em></span> <span class='ocrx_word' id='word_1_40' title='bbox 1409 804 1711 860; x_wconf 78' lang='grc' dir='ltr'><strong><em>ἐπέπεσεν</em></strong></span> <span class='ocrx_word' id='word_1_41' title='bbox 1737 806 1830 860; x_wconf 82' lang='grc' dir='ltr'><strong><em>ἐπ’</em></strong></span> <span class='ocrx_word' id='word_1_42' title='bbox 1859 809 1967 863; x_wconf 85' lang='grc' dir='ltr'><strong><em>αὺ-</em></strong></span> 
     </span>
    </p>
   </div>
   <div class='ocr_carea' id='block_1_8' title="bbox 390 893 841 963">
    <p class='ocr_par' dir='ltr' id='par_1_8' title="bbox 390 893 841 963">
     <span class='ocr_line' id='line_1_8' title="bbox 390 893 841 963; baseline 0 -15"><span class='ocrx_word' id='word_1_43' title='bbox 390 895 502 949; x_wconf 78' lang='grc' dir='ltr'><em>τὸν</em></span> <span class='ocrx_word' id='word_1_44' title='bbox 524 893 841 963; x_wconf 75' lang='grc' dir='ltr'><strong><em>ἔκστασις,</em></strong></span> 
     </span>
    </p>
   </div>
   <div class='ocr_carea' id='block_1_9' title="bbox 464 986 1970 1059">
    <p class='ocr_par' dir='ltr' id='par_1_9' title="bbox 464 986 1970 1059">
     <span class='ocr_line' id='line_1_9' title="bbox 464 986 1970 1059; baseline 0.003 -17"><span class='ocrx_word' id='word_1_45' title='bbox 464 986 572 1042; x_wconf 78' lang='lat' dir='ltr'><strong><em>Kai</em></strong></span> <span class='ocrx_word' id='word_1_46' title='bbox 596 987 805 1055; x_wconf 83' lang='grc' dir='ltr'><strong><em>θεωρεῖ</em></strong></span> <span class='ocrx_word' id='word_1_47' title='bbox 845 987 952 1043; x_wconf 85' lang='grc' dir='ltr'><em>τὸν</em></span> <span class='ocrx_word' id='word_1_48' title='bbox 983 989 1246 1057; x_wconf 83' lang='grc' dir='ltr'><em>οὐρανὸν</em></span> <span class='ocrx_word' id='word_1_49' title='bbox 1277 989 1676 1059; x_wconf 76' lang='grc' dir='ltr'><strong><em>ἀνεῳγμένον,</em></strong></span> <span class='ocrx_word' id='word_1_50' title='bbox 1727 990 1827 1046; x_wconf 78' lang='grc' dir='ltr'><em>καὶ</em></span> <span class='ocrx_word' id='word_1_51' title='bbox 1866 1008 1970 1046; x_wconf 81' lang='grc' dir='ltr'><em>κα-</em></span> 
     </span>
    </p>
   </div>
   <div class='ocr_carea' id='block_1_10' title="bbox 393 1075 1971 1151">
    <p class='ocr_par' dir='ltr' id='par_1_10' title="bbox 393 1075 1971 1151">
     <span class='ocr_line' id='line_1_10' title="bbox 393 1075 1971 1151; baseline 0.006 -24"><span class='ocrx_word' id='word_1_52' title='bbox 393 1075 679 1131; x_wconf 76' lang='grc' dir='ltr'><em>ταϐαῖνον</em></span> <span class='ocrx_word' id='word_1_53' title='bbox 726 1077 823 1130; x_wconf 77' lang='grc' dir='ltr'><strong><em>ἐπ’</em></strong></span> <span class='ocrx_word' id='word_1_54' title='bbox 870 1077 1059 1132; x_wconf 82' lang='grc' dir='ltr'><em>αὐτὸν</em></span> <span class='ocrx_word' id='word_1_55' title='bbox 1090 1078 1313 1143; x_wconf 83' lang='grc' dir='ltr'><em>σκεῦός</em></span> <span class='ocrx_word' id='word_1_56' title='bbox 1340 1096 1415 1143; x_wconf 88' lang='grc' dir='ltr'><strong><em>τι,</em></strong></span> <span class='ocrx_word' id='word_1_57' title='bbox 1441 1079 1531 1147; x_wconf 80' lang='grc' dir='ltr'><strong><em>ὡς·</em></strong></span> <span class='ocrx_word' id='word_1_58' title='bbox 1548 1081 1771 1147; x_wconf 79' lang='grc' dir='ltr'><em>ὀθόνην</em></span> <span class='ocrx_word' id='word_1_59' title='bbox 1791 1079 1971 1151; x_wconf 74' lang='grc' dir='ltr'><em>μετά-</em></span> 
     </span>
    </p>
   </div>
   <div class='ocr_carea' id='block_1_11' title="bbox 390 1169 1977 1243">
    <p class='ocr_par' dir='ltr' id='par_1_11' title="bbox 390 1169 1977 1243">
     <span class='ocr_line' id='line_1_11' title="bbox 390 1169 1977 1243; baseline 0.003 -20"><span class='ocrx_word' id='word_1_60' title='bbox 390 1173 537 1235; x_wconf 75' lang='grc' dir='ltr'><em>λην,</em></span> <span class='ocrx_word' id='word_1_61' title='bbox 572 1169 909 1237; x_wconf 79' lang='grc' dir='ltr'><strong><em>τέσσαρσιν</em></strong></span> <span class='ocrx_word' id='word_1_62' title='bbox 951 1170 1168 1240; x_wconf 80' lang='grc' dir='ltr'><strong><em>ἀρχαῖς</em></strong></span> <span class='ocrx_word' id='word_1_63' title='bbox 1195 1169 1542 1241; x_wconf 74' lang='grc' dir='ltr'><strong><em>δεδεμένον,</em></strong></span> <span class='ocrx_word' id='word_1_64' title='bbox 1577 1172 1687 1227; x_wconf 62' lang='grc' dir='ltr'><em>καὶ</em></span> <span class='ocrx_word' id='word_1_65' title='bbox 1710 1171 1977 1243; x_wconf 75' lang='grc' dir='ltr'><em>καθιέμεο</em></span> 
     </span>
    </p>
   </div>
   <div class='ocr_carea' id='block_1_12' title="bbox 390 1259 983 1330">
    <p class='ocr_par' dir='ltr' id='par_1_12' title="bbox 390 1259 983 1330">
     <span class='ocr_line' id='line_1_12' title="bbox 390 1259 983 1330; baseline 0.005 -16"><span class='ocrx_word' id='word_1_66' title='bbox 390 1276 507 1315; x_wconf 75' lang='grc' dir='ltr'><strong><em>νον</em></strong></span> <span class='ocrx_word' id='word_1_67' title='bbox 545 1260 643 1315; x_wconf 77' lang='grc' dir='ltr'><strong><em>ἐπὶ</em></strong></span> <span class='ocrx_word' id='word_1_68' title='bbox 688 1259 802 1330; x_wconf 80' lang='grc' dir='ltr'><em>τῆς</em></span> <span class='ocrx_word' id='word_1_69' title='bbox 846 1261 983 1330; x_wconf 78' lang='grc' dir='ltr'><em>γῆς.</em></span> 
     </span>
    </p>
   </div>
   <div class='ocr_carea' id='block_1_13' title="bbox 479 1342 1972 1425">
    <p class='ocr_par' dir='ltr' id='par_1_13' title="bbox 479 1342 1972 1425">
     <span class='ocr_line' id='line_1_13' title="bbox 479 1342 1972 1425; baseline 0.006 -23"><span class='ocrx_word' id='word_1_70' title='bbox 479 1350 579 1403; x_wconf 87' lang='grc' dir='ltr'><em>Ἐν</em></span> <span class='ocrx_word' id='word_1_71' title='bbox 622 1342 673 1416; x_wconf 83' lang='grc' dir='ltr'><strong><em>ᾧ</em></strong></span> <span class='ocrx_word' id='word_1_72' title='bbox 702 1349 940 1420; x_wconf 80' lang='grc' dir='ltr'><em>ὑπῆρχε</em></span> <span class='ocrx_word' id='word_1_73' title='bbox 995 1351 1194 1408; x_wconf 75' lang='grc' dir='ltr'><em>πάντα</em></span> <span class='ocrx_word' id='word_1_74' title='bbox 1235 1354 1317 1408; x_wconf 59' lang='lat' dir='ltr'><strong><em>res</em></strong></span> <span class='ocrx_word' id='word_1_75' title='bbox 1340 1354 1677 1425; x_wconf 73' lang='grc' dir='ltr'><em>τετράποδα</em></span> <span class='ocrx_word' id='word_1_76' title='bbox 1705 1353 1816 1425; x_wconf 80' lang='grc' dir='ltr'><em>τῆς</em></span> <span class='ocrx_word' id='word_1_77' title='bbox 1835 1354 1972 1425; x_wconf 78' lang='grc' dir='ltr'><em>γῆς,</em></span> 
     </span>
    </p>
   </div>
   <div class='ocr_carea' id='block_1_14' title="bbox 392 1441 1977 1515">
    <p class='ocr_par' dir='ltr' id='par_1_14' title="bbox 392 1441 1977 1515">
     <span class='ocr_line' id='line_1_14' title="bbox 392 1441 1977 1515; baseline 0.004 -19"><span class='ocrx_word' id='word_1_78' title='bbox 392 1442 495 1496; x_wconf 74' lang='grc' dir='ltr'><em>καὶ</em></span> <span class='ocrx_word' id='word_1_79' title='bbox 541 1441 615 1496; x_wconf 83' lang='grc' dir='ltr'><em>τὰ</em></span> <span class='ocrx_word' id='word_1_80' title='bbox 664 1442 859 1512; x_wconf 81' lang='grc' dir='ltr'><strong><em>θηρία,</em></strong></span> <span class='ocrx_word' id='word_1_81' title='bbox 908 1444 1010 1498; x_wconf 76' lang='grc' dir='ltr'><em>καὶ</em></span> <span class='ocrx_word' id='word_1_82' title='bbox 1075 1444 1312 1515; x_wconf 77' lang='grc' dir='ltr'><em>ἑρπετὰ,</em></span> <span class='ocrx_word' id='word_1_83' title='bbox 1358 1447 1460 1502; x_wconf 76' lang='grc' dir='ltr'><em>καὶ</em></span> <span class='ocrx_word' id='word_1_84' title='bbox 1500 1448 1572 1503; x_wconf 86' lang='grc' dir='ltr'><em>τὰ</em></span> <span class='ocrx_word' id='word_1_85' title='bbox 1598 1446 1839 1502; x_wconf 83' lang='grc' dir='ltr'><em>πετεινά</em></span> <span class='ocrx_word' id='word_1_86' title='bbox 1866 1446 1977 1502; x_wconf 85' lang='grc' dir='ltr'><em>τοῦ</em></span> 
     </span>
    </p>
   </div>
   <div class='ocr_carea' id='block_1_15' title="bbox 390 1534 683 1603">
    <p class='ocr_par' dir='ltr' id='par_1_15' title="bbox 390 1534 683 1603">
     <span class='ocr_line' id='line_1_15' title="bbox 390 1534 683 1603; baseline 0.003 -14"><span class='ocrx_word' id='word_1_87' title='bbox 390 1534 683 1603; x_wconf 81' lang='grc' dir='ltr'><em>οὐρανοῦ.</em></span> 
     </span>
    </p>
   </div>
   <div class='ocr_carea' id='block_1_16' title="bbox 465 1627 1976 1700">
    <p class='ocr_par' dir='ltr' id='par_1_16' title="bbox 465 1627 1976 1700">
     <span class='ocr_line' id='line_1_16' title="bbox 465 1627 1976 1700; baseline 0.003 -18"><span class='ocrx_word' id='word_1_88' title='bbox 465 1628 574 1682; x_wconf 71' lang='grc' dir='ltr'><strong><em>Καὶ</em></strong></span> <span class='ocrx_word' id='word_1_89' title='bbox 609 1627 846 1699; x_wconf 59' lang='grc' dir='ltr'><em>ἐγένετο</em></span> <span class='ocrx_word' id='word_1_90' title='bbox 869 1629 1040 1698; x_wconf 74' lang='grc' dir='ltr'><em>φωνὴ</em></span> <span class='ocrx_word' id='word_1_91' title='bbox 1068 1632 1220 1700; x_wconf 74' lang='grc' dir='ltr'><em>πρὸς</em></span> <span class='ocrx_word' id='word_1_92' title='bbox 1253 1634 1461 1689; x_wconf 82' lang='grc' dir='ltr'><em>αὐτόν’</em></span> <span class='ocrx_word' id='word_1_93' title='bbox 1512 1633 1827 1700; x_wconf 74' lang='grc' dir='ltr'><em>Ἀναστὰς,</em></span> <span class='ocrx_word' id='word_1_94' title='bbox 1863 1630 1976 1686; x_wconf 78' lang='grc' dir='ltr'><em>Πέ-</em></span> 
     </span>
    </p>
   </div>
   <div class='ocr_carea' id='block_1_17' title="bbox 393 1719 1117 1791">
    <p class='ocr_par' dir='ltr' id='par_1_17' title="bbox 393 1719 1117 1791">
     <span class='ocr_line' id='line_1_17' title="bbox 393 1719 1117 1791; baseline 0.003 -17"><span class='ocrx_word' id='word_1_95' title='bbox 393 1737 515 1788; x_wconf 83' lang='grc' dir='ltr'><em>τρε,</em></span> <span class='ocrx_word' id='word_1_96' title='bbox 549 1720 775 1785; x_wconf 80' lang='grc' dir='ltr'><em>θῦσον,</em></span> <span class='ocrx_word' id='word_1_97' title='bbox 809 1719 910 1775; x_wconf 75' lang='grc' dir='ltr'><em>καὶ</em></span> <span class='ocrx_word' id='word_1_98' title='bbox 939 1719 1117 1791; x_wconf 67' lang='grc' dir='ltr'><em>φάγε.</em></span> 
     </span>
    </p>
   </div>
   <div class='ocr_carea' id='block_1_18' title="bbox 483 1810 1977 1884">
    <p class='ocr_par' dir='ltr' id='par_1_18' title="bbox 483 1810 1977 1884">
     <span class='ocr_line' id='line_1_18' title="bbox 483 1810 1977 1884; baseline 0.003 -19"><span class='ocrx_word' id='word_1_99' title='bbox 483 1812 545 1865; x_wconf 90' lang='lat'><strong><em>&#39;0</em></strong></span> <span class='ocrx_word' id='word_1_100' title='bbox 588 1810 660 1866; x_wconf 80' lang='grc' dir='ltr'><em>δὲ</em></span> <span class='ocrx_word' id='word_1_101' title='bbox 698 1813 922 1882; x_wconf 78' lang='grc' dir='ltr'><em>Πέτρος</em></span> <span class='ocrx_word' id='word_1_102' title='bbox 955 1813 1444 1884; x_wconf 80' lang='grc' dir='ltr'><em>εἷπε-Μηδαμῶς,</em></span> <span class='ocrx_word' id='word_1_103' title='bbox 1475 1816 1674 1884; x_wconf 80' lang='grc' dir='ltr'><em>Κύριε·</em></span> <span class='ocrx_word' id='word_1_104' title='bbox 1695 1814 1787 1871; x_wconf 82' lang='grc' dir='ltr'><em>ὅτι</em></span> <span class='ocrx_word' id='word_1_105' title='bbox 1810 1812 1977 1870; x_wconf 78' lang='grc' dir='ltr'><em>οὐδέ-</em></span> 
     </span>
    </p>
   </div>
   <div class='ocr_carea' id='block_1_19' title="bbox 392 1903 1652 1976">
    <p class='ocr_par' dir='ltr' id='par_1_19' title="bbox 392 1903 1652 1976">
     <span class='ocr_line' id='line_1_19' title="bbox 392 1903 1652 1976; baseline 0.006 -19"><span class='ocrx_word' id='word_1_106' title='bbox 392 1918 542 1959; x_wconf 67' lang='grc' dir='ltr'><em>ποτε</em></span> <span class='ocrx_word' id='word_1_107' title='bbox 569 1904 798 1975; x_wconf 66' lang='grc' dir='ltr'><em>ἔφατον</em></span> <span class='ocrx_word' id='word_1_108' title='bbox 827 1903 955 1962; x_wconf 77' lang='grc' dir='ltr'><em>πᾶν</em></span> <span class='ocrx_word' id='word_1_109' title='bbox 982 1905 1193 1962; x_wconf 80' lang='grc' dir='ltr'><em>κοινὸν</em></span> <span class='ocrx_word' id='word_1_110' title='bbox 1221 1906 1261 1976; x_wconf 82' lang='grc' dir='ltr'><em>ἢ</em></span> <span class='ocrx_word' id='word_1_111' title='bbox 1293 1905 1652 1976; x_wconf 78' lang='grc' dir='ltr'><em>ἀκάθαρτον.</em></span> 
     </span>
    </p>
   </div>
   <div class='ocr_carea' id='block_1_20' title="bbox 466 2082 1974 2157">
    <p class='ocr_par' dir='ltr' id='par_1_20' title="bbox 466 2082 1974 2157">
     <span class='ocr_line' id='line_1_20' title="bbox 466 2082 1974 2157; baseline 0.006 -20"><span class='ocrx_word' id='word_1_112' title='bbox 466 2083 573 2137; x_wconf 72' lang='grc' dir='ltr'><strong><em>Καὶ</em></strong></span> <span class='ocrx_word' id='word_1_113' title='bbox 603 2082 776 2153; x_wconf 71' lang='grc' dir='ltr'><em>φωνὴ</em></span> <span class='ocrx_word' id='word_1_114' title='bbox 797 2085 987 2140; x_wconf 67' lang='grc' dir='ltr'><em>πάλιν</em></span> <span class='ocrx_word' id='word_1_115' title='bbox 1009 2086 1080 2141; x_wconf 77' lang='grc' dir='ltr'><em>ἐκ</em></span> <span class='ocrx_word' id='word_1_116' title='bbox 1103 2085 1388 2156; x_wconf 86' lang='grc' dir='ltr'><em>δευτέρου</em></span> <span class='ocrx_word' id='word_1_117' title='bbox 1420 2089 1572 2157; x_wconf 80' lang='grc' dir='ltr'><em>πρὸς</em></span> <span class='ocrx_word' id='word_1_118' title='bbox 1598 2090 1819 2145; x_wconf 82' lang='grc' dir='ltr'><em>αὐτόν·</em></span> <span class='ocrx_word' id='word_1_119' title='bbox 1852 2091 1909 2145; x_wconf 78' lang='grc' dir='ltr'><em>Ἀ</em></span> <span class='ocrx_word' id='word_1_120' title='bbox 1939 2092 1974 2145; x_wconf 78' lang='grc' dir='ltr'><em>ό</em></span> 
     </span>
    </p>
   </div>
   <div class='ocr_carea' id='block_1_21' title="bbox 400 2173 1458 2247">
    <p class='ocr_par' dir='ltr' id='par_1_21' title="bbox 400 2173 1458 2247">
     <span class='ocr_line' id='line_1_21' title="bbox 400 2173 1458 2247; baseline 0.008 -21"><span class='ocrx_word' id='word_1_121' title='bbox 400 2173 544 2240; x_wconf 83' lang='grc' dir='ltr'><strong><em>Θεὸς</em></strong></span> <span class='ocrx_word' id='word_1_122' title='bbox 565 2174 885 2245; x_wconf 78' lang='grc' dir='ltr'><em>ἐκαθάρισε</em></span> <span class='ocrx_word' id='word_1_123' title='bbox 908 2177 977 2243; x_wconf 70' lang='grc' dir='ltr'><em>δ’,</em></span> <span class='ocrx_word' id='word_1_124' title='bbox 1010 2181 1093 2233; x_wconf 87' lang='grc' dir='ltr'><em>σὺ</em></span> <span class='ocrx_word' id='word_1_125' title='bbox 1112 2178 1199 2247; x_wconf 78' lang='grc' dir='ltr'><em>μὴ</em></span> <span class='ocrx_word' id='word_1_126' title='bbox 1227 2180 1458 2235; x_wconf 81' lang='grc' dir='ltr'><em>κοίνου.</em></span> 
     </span>
    </p>
   </div>
   <div class='ocr_carea' id='block_1_22' title="bbox 474 2265 1974 2344">
    <p class='ocr_par' dir='ltr' id='par_1_22' title="bbox 474 2265 1974 2344">
     <span class='ocr_line' id='line_1_22' title="bbox 474 2265 1974 2344; baseline 0.006 -24"><span class='ocrx_word' id='word_1_127' title='bbox 474 2265 654 2320; x_wconf 84' lang='grc' dir='ltr'><em>Τοῦτο</em></span> <span class='ocrx_word' id='word_1_128' title='bbox 674 2266 744 2320; x_wconf 83' lang='grc' dir='ltr'><em>δὲ</em></span> <span class='ocrx_word' id='word_1_129' title='bbox 768 2267 1008 2338; x_wconf 78' lang='grc' dir='ltr'><em>ἐγένετο</em></span> <span class='ocrx_word' id='word_1_130' title='bbox 1029 2270 1127 2324; x_wconf 72' lang='grc' dir='ltr'><strong><em>ἐπὶ</em></strong></span> <span class='ocrx_word' id='word_1_131' title='bbox 1156 2270 1304 2339; x_wconf 74' lang='grc' dir='ltr'><em>τρὶς,</em></span> <span class='ocrx_word' id='word_1_132' title='bbox 1325 2269 1425 2325; x_wconf 78' lang='grc' dir='ltr'><em>καὶ</em></span> <span class='ocrx_word' id='word_1_133' title='bbox 1446 2270 1637 2327; x_wconf 76' lang='grc' dir='ltr'><em>πάλιν</em></span> <span class='ocrx_word' id='word_1_134' title='bbox 1657 2272 1974 2344; x_wconf 71' lang='grc' dir='ltr'><em>ἀνελήφθη</em></span> 
     </span>
    </p>
   </div>
   <div class='ocr_carea' id='block_1_23' title="bbox 395 2356 1337 2431">
    <p class='ocr_par' dir='ltr' id='par_1_23' title="bbox 395 2356 1337 2431">
     <span class='ocr_line' id='line_1_23' title="bbox 395 2356 1337 2431; baseline 0.007 -21"><span class='ocrx_word' id='word_1_135' title='bbox 395 2356 465 2410; x_wconf 80' lang='grc' dir='ltr'><em>τὸ</em></span> <span class='ocrx_word' id='word_1_136' title='bbox 515 2359 740 2426; x_wconf 63' lang='grc' dir='ltr'><em>σκεῦος</em></span> <span class='ocrx_word' id='word_1_137' title='bbox 786 2363 876 2427; x_wconf 74' lang='grc' dir='ltr'><em>εἰς</em></span> <span class='ocrx_word' id='word_1_138' title='bbox 900 2360 1010 2415; x_wconf 86' lang='grc' dir='ltr'><em>τὸν</em></span> <span class='ocrx_word' id='word_1_139' title='bbox 1054 2363 1337 2431; x_wconf 82' lang='grc' dir='ltr'><em>οὐρανόν.</em></span> 
     </span>
    </p>
   </div>
   <div class='ocr_carea' id='block_1_24' title="bbox 471 2447 1978 2527">
    <p class='ocr_par' dir='ltr' id='par_1_24' title="bbox 471 2447 1978 2527">
     <span class='ocr_line' id='line_1_24' title="bbox 471 2447 1978 2527; baseline 0.005 -23"><span class='ocrx_word' id='word_1_140' title='bbox 471 2447 615 2518; x_wconf 87' lang='grc' dir='ltr'><em>Ὅρα</em></span> <span class='ocrx_word' id='word_1_141' title='bbox 643 2450 761 2514; x_wconf 81' lang='grc' dir='ltr'><em>πῶς</em></span> <span class='ocrx_word' id='word_1_142' title='bbox 791 2453 919 2517; x_wconf 76' lang='grc' dir='ltr'><em>τοὺς</em></span> <span class='ocrx_word' id='word_1_143' title='bbox 951 2454 1189 2524; x_wconf 83' lang='grc' dir='ltr'><em>καιροὺς</em></span> <span class='ocrx_word' id='word_1_144' title='bbox 1221 2455 1452 2524; x_wconf 77' lang='grc' dir='ltr'><em>συνάγει</em></span> <span class='ocrx_word' id='word_1_145' title='bbox 1499 2457 1563 2510; x_wconf 88' lang='grc' dir='ltr'><strong><em>τδ</em></strong></span> <span class='ocrx_word' id='word_1_146' title='bbox 1595 2456 1847 2527; x_wconf 81' lang='grc' dir='ltr'><em>Πνεῦμα,</em></span> <span class='ocrx_word' id='word_1_147' title='bbox 1879 2456 1978 2512; x_wconf 79' lang='grc' dir='ltr'><em>καὶ</em></span> 
     </span>
    </p>
   </div>
   <div class='ocr_carea' id='block_1_25' title="bbox 391 2539 1972 2619">
    <p class='ocr_par' dir='ltr' id='par_1_25' title="bbox 391 2539 1972 2619">
     <span class='ocr_line' id='line_1_25' title="bbox 391 2539 1972 2619; baseline 0.008 -25"><span class='ocrx_word' id='word_1_148' title='bbox 391 2539 520 2595; x_wconf 73' lang='grc' dir='ltr'><em>οὔτε</em></span> <span class='ocrx_word' id='word_1_149' title='bbox 554 2540 775 2610; x_wconf 80' lang='grc' dir='ltr'><em>θᾶττον,</em></span> <span class='ocrx_word' id='word_1_150' title='bbox 811 2542 938 2598; x_wconf 79' lang='grc' dir='ltr'><em>οὔτε</em></span> <span class='ocrx_word' id='word_1_151' title='bbox 956 2544 1296 2618; x_wconf 85' lang='grc' dir='ltr'><em>βραδύτερον</em></span> <span class='ocrx_word' id='word_1_152' title='bbox 1334 2552 1482 2603; x_wconf 85' lang='grc' dir='ltr'><em>ποιεῖ</em></span> <span class='ocrx_word' id='word_1_153' title='bbox 1503 2548 1666 2604; x_wconf 78' lang='grc' dir='ltr'><em>τοῦτο</em></span> <span class='ocrx_word' id='word_1_154' title='bbox 1692 2551 1972 2619; x_wconf 81' lang='grc' dir='ltr'><em>γενέσθαι.</em></span> 
     </span>
    </p>
   </div>
   <div class='ocr_carea' id='block_1_26' title="bbox 398 2632 1977 2713">
    <p class='ocr_par' dir='ltr' id='par_1_26' title="bbox 398 2632 1977 2713">
     <span class='ocr_line' id='line_1_26' title="bbox 398 2632 1977 2713; baseline 0.006 -26"><span class='ocrx_word' id='word_1_155' title='bbox 398 2632 600 2702; x_wconf 70' lang='grc' dir='ltr'><em>Ἀνέϐη</em></span> <span class='ocrx_word' id='word_1_156' title='bbox 643 2635 870 2705; x_wconf 75' lang='grc' dir='ltr'><em>Πέτρος</em></span> <span class='ocrx_word' id='word_1_157' title='bbox 927 2638 1025 2693; x_wconf 71' lang='grc' dir='ltr'><strong><em>ἐπὶ</em></strong></span> <span class='ocrx_word' id='word_1_158' title='bbox 1057 2641 1125 2693; x_wconf 88' lang='grc' dir='ltr'><em>τὸ</em></span> <span class='ocrx_word' id='word_1_159' title='bbox 1157 2638 1324 2710; x_wconf 83' lang='grc' dir='ltr'><em>δῶμα</em></span> <span class='ocrx_word' id='word_1_160' title='bbox 1347 2641 1820 2710; x_wconf 78' lang='grc' dir='ltr'><em>προσεύξασθαι,</em></span> <span class='ocrx_word' id='word_1_161' title='bbox 1842 2642 1977 2713; x_wconf 75' lang='grc' dir='ltr'><em>περὶ</em></span> 
     </span>
    </p>
   </div>
   <div class='ocr_carea' id='block_1_27' title="bbox 394 2722 1977 2807">
    <p class='ocr_par' dir='ltr' id='par_1_27' title="bbox 394 2722 1977 2807">
     <span class='ocr_line' id='line_1_27' title="bbox 394 2722 1977 2807; baseline 0.013 -30"><span class='ocrx_word' id='word_1_162' title='bbox 394 2722 557 2793; x_wconf 85' lang='grc' dir='ltr'><em>ὥραν</em></span> <span class='ocrx_word' id='word_1_163' title='bbox 590 2725 799 2796; x_wconf 73' lang='grc' dir='ltr'><em>ἕκτην*</em></span> <span class='ocrx_word' id='word_1_164' title='bbox 832 2730 1084 2786; x_wconf 73' lang='grc' dir='ltr'><em>τουτέστι</em></span> <span class='ocrx_word' id='word_1_165' title='bbox 1108 2731 1231 2786; x_wconf 86' lang='grc' dir='ltr'><em>κατ’</em></span> <span class='ocrx_word' id='word_1_166' title='bbox 1266 2732 1403 2787; x_wconf 83' lang='grc' dir='ltr'><em>ίδίαν</em></span> <span class='ocrx_word' id='word_1_167' title='bbox 1430 2734 1527 2789; x_wconf 79' lang='grc' dir='ltr'><em>καὶ</em></span> <span class='ocrx_word' id='word_1_168' title='bbox 1552 2736 1612 2789; x_wconf 79' lang='grc' dir='ltr'><em>ὲν</em></span> <span class='ocrx_word' id='word_1_169' title='bbox 1637 2735 1859 2807; x_wconf 79' lang='grc' dir='ltr'><em>ἠσυχίᾳ,</em></span> <span class='ocrx_word' id='word_1_170' title='bbox 1900 2735 1977 2799; x_wconf 86' lang='grc' dir='ltr'>ὡς</span> 
     </span>
    </p>
   </div>
   <div class='ocr_carea' id='block_1_28' title="bbox 394 2818 1978 2894">
    <p class='ocr_par' dir='ltr' id='par_1_28' title="bbox 394 2818 1978 2894">
     <span class='ocr_line' id='line_1_28' title="bbox 394 2818 1978 2894; baseline 0.007 -23"><span class='ocrx_word' id='word_1_171' title='bbox 394 2818 459 2871; x_wconf 72' lang='grc' dir='ltr'><em>ἐν</em></span> <span class='ocrx_word' id='word_1_172' title='bbox 493 2819 751 2892; x_wconf 77' lang='grc' dir='ltr'><em>ὑπερῴῳ.</em></span> <span class='ocrx_word' id='word_1_173' title='bbox 783 2822 1122 2880; x_wconf 78' lang='grc' dir='ltr'><em>Ἐπέπεσεν</em></span> <span class='ocrx_word' id='word_1_174' title='bbox 1169 2824 1265 2879; x_wconf 73' lang='grc' dir='ltr'><strong><em>ἐπ’</em></strong></span> <span class='ocrx_word' id='word_1_175' title='bbox 1290 2827 1481 2882; x_wconf 76' lang='grc' dir='ltr'><em>αὐτὸν</em></span> <span class='ocrx_word' id='word_1_176' title='bbox 1522 2828 1833 2894; x_wconf 75' lang='grc' dir='ltr'><em>ἔκστασις,</em></span> <span class='ocrx_word' id='word_1_177' title='bbox 1876 2828 1978 2882; x_wconf 73' lang='grc' dir='ltr'><em>καὶ</em></span> 
     </span>
    </p>
   </div>
   <div class='ocr_carea' id='block_1_29' title="bbox 394 2909 1979 2988">
    <p class='ocr_par' dir='ltr' id='par_1_29' title="bbox 394 2909 1979 2988">
     <span class='ocr_line' id='line_1_29' title="bbox 394 2909 1979 2988; baseline 0.006 -27"><span class='ocrx_word' id='word_1_178' title='bbox 394 2909 596 2977; x_wconf 85' lang='grc' dir='ltr'><em>θεωρεῖ</em></span> <span class='ocrx_word' id='word_1_179' title='bbox 622 2911 731 2964; x_wconf 86' lang='grc' dir='ltr'><em>τὸν</em></span> <span class='ocrx_word' id='word_1_180' title='bbox 760 2914 1027 2981; x_wconf 83' lang='grc' dir='ltr'><em>οὐρανὸν</em></span> <span class='ocrx_word' id='word_1_181' title='bbox 1057 2915 1459 2985; x_wconf 79' lang='grc' dir='ltr'><em>ἀνεῳγμένον,</em></span> <span class='ocrx_word' id='word_1_182' title='bbox 1502 2914 1566 2971; x_wconf 86' lang='grc' dir='ltr'><strong>Ἦ</strong></span> <span class='ocrx_word' id='word_1_183' title='bbox 1605 2916 1862 2981; x_wconf 77' lang='grc' dir='ltr'><em>ἔκστασις</em></span> <span class='ocrx_word' id='word_1_184' title='bbox 1883 2917 1979 2988; x_wconf 80' lang='grc' dir='ltr'><em>δη-</em></span> 
     </span>
    </p>
   </div>
   <div class='ocr_carea' id='block_1_30' title="bbox 394 2998 1977 3079">
    <p class='ocr_par' dir='ltr' id='par_1_30' title="bbox 394 2998 1977 3079">
     <span class='ocr_line' id='line_1_30' title="bbox 394 2998 1977 3079; baseline 0.006 -27"><span class='ocrx_word' id='word_1_185' title='bbox 394 2998 481 3054; x_wconf 72' lang='grc' dir='ltr'><em>λοῖ</em></span> <span class='ocrx_word' id='word_1_186' title='bbox 500 3001 593 3055; x_wconf 80' lang='grc' dir='ltr'><em>καὶ</em></span> <span class='ocrx_word' id='word_1_187' title='bbox 618 3001 720 3074; x_wconf 75' lang='grc' dir='ltr'><em>τὴν</em></span> <span class='ocrx_word' id='word_1_188' title='bbox 745 3003 840 3057; x_wconf 75' lang='grc' dir='ltr'><strong><em>ἐπὶ</em></strong></span> <span class='ocrx_word' id='word_1_189' title='bbox 865 3004 1176 3077; x_wconf 86' lang='grc' dir='ltr'><em>θαυμασμῷ</em></span> <span class='ocrx_word' id='word_1_190' title='bbox 1205 3006 1489 3079; x_wconf 70' lang='grc' dir='ltr'><em>ἔκπληξιν,</em></span> <span class='ocrx_word' id='word_1_191' title='bbox 1516 3008 1614 3062; x_wconf 60' lang='grc' dir='ltr'><strong><em>καὶ⁹</em></strong></span> <span class='ocrx_word' id='word_1_192' title='bbox 1641 3008 1702 3062; x_wconf 84' lang='grc' dir='ltr'><em>τὸ</em></span> <span class='ocrx_word' id='word_1_193' title='bbox 1733 3008 1838 3076; x_wconf 75' lang='grc' dir='ltr'><strong><em>ἔξω</em></strong></span> <span class='ocrx_word' id='word_1_194' title='bbox 1866 3009 1977 3066; x_wconf 82' lang='grc' dir='ltr'><em>τῶν</em></span> 
     </span>
    </p>
   </div>
   <div class='ocr_carea' id='block_1_31' title="bbox 399 3092 1979 3171">
    <p class='ocr_par' dir='ltr' id='par_1_31' title="bbox 399 3092 1979 3171">
     <span class='ocr_line' id='line_1_31' title="bbox 399 3092 1979 3171; baseline 0.004 -25"><span class='ocrx_word' id='word_1_195' title='bbox 399 3092 675 3164; x_wconf 72' lang='grc' dir='ltr'><em>αἰσθητῶν</em></span> <span class='ocrx_word' id='word_1_196' title='bbox 707 3095 964 3162; x_wconf 86' lang='grc' dir='ltr'><em>γενέσθαι</em></span> <span class='ocrx_word' id='word_1_197' title='bbox 999 3098 1095 3151; x_wconf 73' lang='grc' dir='ltr'><strong><em>ἐπὶ</em></strong></span> <span class='ocrx_word' id='word_1_198' title='bbox 1135 3098 1205 3151; x_wconf 85' lang='grc' dir='ltr'><em>τὰ</em></span> <span class='ocrx_word' id='word_1_199' title='bbox 1236 3099 1584 3169; x_wconf 83' lang='grc' dir='ltr'><em>πνευματικά</em></span> <span class='ocrx_word' id='word_1_200' title='bbox 1631 3098 1979 3171; x_wconf 85' lang='grc' dir='ltr'><em>ποδηγούμε-</em></span> 
     </span>
    </p>
   </div>
   <div class='ocr_carea' id='block_1_32' title="bbox 397 3187 1974 3269">
    <p class='ocr_par' dir='ltr' id='par_1_32' title="bbox 397 3187 1974 3269">
     <span class='ocr_line' id='line_1_32' title="bbox 397 3187 1974 3269; baseline 0.005 -29"><span class='ocrx_word' id='word_1_201' title='bbox 397 3204 507 3242; x_wconf 87' lang='grc' dir='ltr'><em>νον.</em></span> <span class='ocrx_word' id='word_1_202' title='bbox 545 3187 898 3260; x_wconf 80' lang='grc' dir='ltr'><em>Πνευματικὴ</em></span> <span class='ocrx_word' id='word_1_203' title='bbox 951 3189 1083 3259; x_wconf 86' lang='grc' dir='ltr'><em>γοῦν</em></span> <span class='ocrx_word' id='word_1_204' title='bbox 1119 3208 1202 3255; x_wconf 89' lang='grc' dir='ltr'><strong><em>τις</em></strong></span> <span class='ocrx_word' id='word_1_205' title='bbox 1233 3191 1435 3246; x_wconf 75' lang='grc' dir='ltr'><em>ὡσανεὶ</em></span> <span class='ocrx_word' id='word_1_206' title='bbox 1490 3192 1693 3264; x_wconf 85' lang='grc' dir='ltr'><em>θεωρία</em></span> <span class='ocrx_word' id='word_1_207' title='bbox 1750 3193 1974 3269; x_wconf 84' lang='grc' dir='ltr'><em>γέγονεν</em></span> 
     </span>
    </p>
   </div>
   <div class='ocr_carea' id='block_1_33' title="bbox 2072 615 3648 684">
    <p class='ocr_par' dir='ltr' id='par_1_33' title="bbox 2072 615 3648 684">
     <span class='ocr_line' id='line_1_33' title="bbox 2072 615 3648 684; baseline 0.006 -18"><span class='ocrx_word' id='word_1_208' title='bbox 2072 615 2225 670; x_wconf 80' lang='lat' dir='ltr'><strong><em>riora</em></strong></span> <span class='ocrx_word' id='word_1_209' title='bbox 2260 616 2475 681; x_wconf 68' lang='lat' dir='ltr'><strong><em>aedium,</em></strong></span> <span class='ocrx_word' id='word_1_210' title='bbox 2508 624 2565 669; x_wconf 84' lang='lat' dir='ltr'><strong><em>ut</em></strong></span> <span class='ocrx_word' id='word_1_211' title='bbox 2600 627 2909 684; x_wconf 76' lang='lat' dir='ltr'><strong><em>precaretur</em></strong></span> <span class='ocrx_word' id='word_1_212' title='bbox 2961 619 3169 672; x_wconf 77' lang='lat' dir='ltr'><strong><em>circiter</em></strong></span> <span class='ocrx_word' id='word_1_213' title='bbox 3210 619 3393 673; x_wconf 80' lang='lat' dir='ltr'><strong><em>horam</em></strong></span> <span class='ocrx_word' id='word_1_214' title='bbox 3419 629 3648 675; x_wconf 79' lang='lat' dir='ltr'><strong><em>sextam.</em></strong></span> 
     </span>
    </p>
   </div>
   <div class='ocr_carea' id='block_1_34' title="bbox 2142 707 3651 779">
    <p class='ocr_par' dir='ltr' id='par_1_34' title="bbox 2142 707 3651 779">
     <span class='ocr_line' id='line_1_34' title="bbox 2142 707 3651 779; baseline 0.003 -18"><span class='ocrx_word' id='word_1_215' title='bbox 2142 707 2304 763; x_wconf 76' lang='lat' dir='ltr'><strong><em>Vens.</em></strong></span> <span class='ocrx_word' id='word_1_216' title='bbox 2354 707 2437 762; x_wconf 86' lang='grc' dir='ltr'><em>ιο.</em></span> <span class='ocrx_word' id='word_1_217' title='bbox 2462 709 2577 779; x_wconf 76' lang='lat'><strong>88</strong></span> <span class='ocrx_word' id='word_1_218' title='bbox 2596 710 2668 762; x_wconf 80' lang='lat' dir='ltr'><strong><em>Ac</em></strong></span> <span class='ocrx_word' id='word_1_219' title='bbox 2701 710 2854 777; x_wconf 70' lang='lat' dir='ltr'><strong><em>coepit</em></strong></span> <span class='ocrx_word' id='word_1_220' title='bbox 2877 712 3098 775; x_wconf 87' lang='lat' dir='ltr'><strong><em>esurire,</em></strong></span> <span class='ocrx_word' id='word_1_221' title='bbox 3136 722 3184 767; x_wconf 87' lang='lat' dir='ltr'><strong><em>et</em></strong></span> <span class='ocrx_word' id='word_1_222' title='bbox 3214 712 3416 767; x_wconf 84' lang='lat' dir='ltr'><strong><em>volebat</em></strong></span> <span class='ocrx_word' id='word_1_223' title='bbox 3446 728 3651 766; x_wconf 83' lang='lat' dir='ltr'><strong><em>sumere</em></strong></span> 
     </span>
    </p>
   </div>
   <div class='ocr_carea' id='block_1_35' title="bbox 2073 799 3647 874">
    <p class='ocr_par' dir='ltr' id='par_1_35' title="bbox 2073 799 3647 874">
     <span class='ocr_line' id='line_1_35' title="bbox 2073 799 3647 874; baseline 0.004 -22"><span class='ocrx_word' id='word_1_224' title='bbox 2073 799 2375 871; x_wconf 81' lang='lat' dir='ltr'><strong><em>cibum,‘qui</em></strong></span> <span class='ocrx_word' id='word_1_225' title='bbox 2398 817 2513 854; x_wconf 89' lang='lat' dir='ltr'><strong><em>cum</em></strong></span> <span class='ocrx_word' id='word_1_226' title='bbox 2541 802 2845 870; x_wconf 78' lang='lat' dir='ltr'><strong><em>parareturi</em></strong></span> <span class='ocrx_word' id='word_1_227' title='bbox 2863 806 2876 825; x_wconf 86' lang='lat'><strong>‘</strong></span> <span class='ocrx_word' id='word_1_228' title='bbox 2899 804 2965 857; x_wconf 89' lang='lat' dir='ltr'><strong><em>ab</em></strong></span> <span class='ocrx_word' id='word_1_229' title='bbox 2996 802 3122 871; x_wconf 85' lang='lat' dir='ltr'><strong><em>illis,</em></strong></span> <span class='ocrx_word' id='word_1_230' title='bbox 3154 805 3311 858; x_wconf 87' lang='lat' dir='ltr'><strong><em>irruit</em></strong></span> <span class='ocrx_word' id='word_1_231' title='bbox 3341 820 3499 874; x_wconf 81' lang='lat' dir='ltr'><strong><em>super</em></strong></span> <span class='ocrx_word' id='word_1_232' title='bbox 3527 820 3647 859; x_wconf 87' lang='lat' dir='ltr'><strong><em>eum</em></strong></span> 
     </span>
    </p>
   </div>
   <div class='ocr_carea' id='block_1_36' title="bbox 2074 891 2311 955">
    <p class='ocr_par' dir='ltr' id='par_1_36' title="bbox 2074 891 2311 955">
     <span class='ocr_line' id='line_1_36' title="bbox 2074 891 2311 955; baseline 0 -12"><span class='ocrx_word' id='word_1_233' title='bbox 2074 891 2311 955; x_wconf 85' lang='lat' dir='ltr'><strong><em>ecstasis,</em></strong></span> 
     </span>
    </p>
   </div>
   <div class='ocr_carea' id='block_1_37' title="bbox 2151 977 3658 1052">
    <p class='ocr_par' dir='ltr' id='par_1_37' title="bbox 2151 977 3658 1052">
     <span class='ocr_line' id='line_1_37' title="bbox 2151 977 3658 1052; baseline 0.003 -19"><span class='ocrx_word' id='word_1_234' title='bbox 2151 977 2315 1035; x_wconf 71' lang='lat' dir='ltr'><strong><em>Vens.</em></strong></span> <span class='ocrx_word' id='word_1_235' title='bbox 2352 979 2441 1034; x_wconf 79' lang='grc' dir='ltr'><strong><em>Η.</em></strong></span> <span class='ocrx_word' id='word_1_236' title='bbox 2476 979 2543 1035; x_wconf 82' lang='lat' dir='ltr'><strong><em>Et</em></strong></span> <span class='ocrx_word' id='word_1_237' title='bbox 2567 981 2701 1036; x_wconf 78' lang='lat' dir='ltr'><strong><em>videt</em></strong></span> <span class='ocrx_word' id='word_1_238' title='bbox 2734 983 2920 1037; x_wconf 71' lang='lat' dir='ltr'><strong><em>cretum</em></strong></span> <span class='ocrx_word' id='word_1_239' title='bbox 2944 992 3207 1052; x_wconf 87' lang='lat' dir='ltr'><strong><em>apertum,</em></strong></span> <span class='ocrx_word' id='word_1_240' title='bbox 3248 1001 3313 1039; x_wconf 92' lang='lat' dir='ltr'><strong><em>ac</em></strong></span> <span class='ocrx_word' id='word_1_241' title='bbox 3346 985 3658 1040; x_wconf 77' lang='lat' dir='ltr'><strong><em>descendere</em></strong></span> 
     </span>
    </p>
   </div>
   <div class='ocr_carea' id='block_1_38' title="bbox 2074 1068 3650 1146">
    <p class='ocr_par' dir='ltr' id='par_1_38' title="bbox 2074 1068 3650 1146">
     <span class='ocr_line' id='line_1_38' title="bbox 2074 1068 3650 1146; baseline 0.006 -25"><span class='ocrx_word' id='word_1_242' title='bbox 2074 1068 2145 1121; x_wconf 87' lang='lat' dir='ltr'><strong><em>ad</em></strong></span> <span class='ocrx_word' id='word_1_243' title='bbox 2159 1084 2214 1123; x_wconf 90' lang='lat' dir='ltr'><strong><em>se</em></strong></span> <span class='ocrx_word' id='word_1_244' title='bbox 2228 1070 2490 1138; x_wconf 77' lang='lat' dir='ltr'><strong><em>quoddam</em></strong></span> <span class='ocrx_word' id='word_1_245' title='bbox 2509 1086 2622 1136; x_wconf 80' lang='lat' dir='ltr'><strong><em>uas,</em></strong></span> <span class='ocrx_word' id='word_1_246' title='bbox 2640 1080 2891 1143; x_wconf 79' lang='lat' dir='ltr'><strong><em>tanquam</em></strong></span> <span class='ocrx_word' id='word_1_247' title='bbox 2907 1073 3127 1129; x_wconf 85' lang='lat' dir='ltr'><strong><em>linteum</em></strong></span> <span class='ocrx_word' id='word_1_248' title='bbox 3147 1092 3397 1146; x_wconf 88' lang='lat' dir='ltr'><strong><em>magnum</em></strong></span> <span class='ocrx_word' id='word_1_249' title='bbox 3410 1076 3497 1143; x_wconf 70' lang='lat' dir='ltr'><strong><em>i”,</em></strong></span> <span class='ocrx_word' id='word_1_250' title='bbox 3516 1092 3650 1146; x_wconf 86' lang='lat' dir='ltr'><strong><em>qua-</em></strong></span> 
     </span>
    </p>
   </div>
   <div class='ocr_carea' id='block_1_39' title="bbox 2075 1160 3369 1232">
    <p class='ocr_par' dir='ltr' id='par_1_39' title="bbox 2075 1160 3369 1232">
     <span class='ocr_line' id='line_1_39' title="bbox 2075 1160 3369 1232; baseline 0.006 -20"><span class='ocrx_word' id='word_1_251' title='bbox 2075 1168 2201 1213; x_wconf 69' lang='lat' dir='ltr'><strong><em>tuor</em></strong></span> <span class='ocrx_word' id='word_1_252' title='bbox 2227 1160 2393 1215; x_wconf 85' lang='lat' dir='ltr'><strong><em>initiis</em></strong></span> <span class='ocrx_word' id='word_1_253' title='bbox 2419 1160 2724 1232; x_wconf 80' lang='lat' dir='ltr'><strong><em>alligatum,</em></strong></span> <span class='ocrx_word' id='word_1_254' title='bbox 2752 1174 2801 1218; x_wconf 88' lang='lat' dir='ltr'><strong><em>et</em></strong></span> <span class='ocrx_word' id='word_1_255' title='bbox 2823 1164 3031 1218; x_wconf 75' lang='lat' dir='ltr'><strong><em>demitti</em></strong></span> <span class='ocrx_word' id='word_1_256' title='bbox 3068 1167 3124 1219; x_wconf 89' lang='lat' dir='ltr'><strong><em>in</em></strong></span> <span class='ocrx_word' id='word_1_257' title='bbox 3151 1175 3369 1231; x_wconf 79' lang='lat' dir='ltr'><strong><em>terram,</em></strong></span> 
     </span>
    </p>
   </div>
   <div class='ocr_carea' id='block_1_40' title="bbox 2147 1343 3652 1417">
    <p class='ocr_par' dir='ltr' id='par_1_40' title="bbox 2147 1343 3652 1417">
     <span class='ocr_line' id='line_1_40' title="bbox 2147 1343 3652 1417; baseline 0.002 -19"><span class='ocrx_word' id='word_1_258' title='bbox 2147 1343 2311 1398; x_wconf 79' lang='lat' dir='ltr'><strong><em>Vens.</em></strong></span> <span class='ocrx_word' id='word_1_259' title='bbox 2350 1343 2436 1398; x_wconf 74' lang='grc'><strong><em>12.</em></strong></span> <span class='ocrx_word' id='word_1_260' title='bbox 2471 1343 2535 1398; x_wconf 81' lang='lat' dir='ltr'><strong><em>In</em></strong></span> <span class='ocrx_word' id='word_1_261' title='bbox 2573 1361 2674 1416; x_wconf 91' lang='lat' dir='ltr'><strong><em>quo</em></strong></span> <span class='ocrx_word' id='word_1_262' title='bbox 2699 1345 2904 1399; x_wconf 82' lang='lat' dir='ltr'><strong><em>inerant</em></strong></span> <span class='ocrx_word' id='word_1_263' title='bbox 2945 1362 3122 1400; x_wconf 88' lang='lat' dir='ltr'><strong><em>omnes</em></strong></span> <span class='ocrx_word' id='word_1_264' title='bbox 3155 1347 3519 1417; x_wconf 66' lang='lat' dir='ltr'><strong><em>quadrupedes</em></strong></span> <span class='ocrx_word' id='word_1_265' title='bbox 3548 1358 3652 1401; x_wconf 70' lang='lat' dir='ltr'><strong><em>trr-</em></strong></span> 
     </span>
    </p>
   </div>
   <div class='ocr_carea' id='block_1_41' title="bbox 2076 1434 3327 1511">
    <p class='ocr_par' dir='ltr' id='par_1_41' title="bbox 2076 1434 3327 1511">
     <span class='ocr_line' id='line_1_41' title="bbox 2076 1434 3327 1511; baseline 0.003 -22"><span class='ocrx_word' id='word_1_266' title='bbox 2076 1452 2174 1505; x_wconf 75' lang='lat' dir='ltr'><strong><em>rtr,</em></strong></span> <span class='ocrx_word' id='word_1_267' title='bbox 2202 1445 2249 1511; x_wconf 82' lang='lat' dir='ltr'><strong><em>et</em></strong></span> <span class='ocrx_word' id='word_1_268' title='bbox 2288 1434 2436 1506; x_wconf 67' lang='lat' dir='ltr'><strong><em>ferar,</em></strong></span> <span class='ocrx_word' id='word_1_269' title='bbox 2466 1445 2515 1492; x_wconf 90' lang='lat' dir='ltr'><strong><em>et</em></strong></span> <span class='ocrx_word' id='word_1_270' title='bbox 2547 1448 2829 1506; x_wconf 81' lang='lat' dir='ltr'><strong><em>serpentes,</em></strong></span> <span class='ocrx_word' id='word_1_271' title='bbox 2865 1450 2914 1494; x_wconf 92' lang='lat' dir='ltr'><strong><em>et</em></strong></span> <span class='ocrx_word' id='word_1_272' title='bbox 2939 1438 3170 1494; x_wconf 77' lang='lat' dir='ltr'><strong><em>volucres</em></strong></span> <span class='ocrx_word' id='word_1_273' title='bbox 3195 1439 3327 1493; x_wconf 75' lang='lat' dir='ltr'><strong><em>caeli.</em></strong></span> 
     </span>
    </p>
   </div>
   <div class='ocr_carea' id='block_1_42' title="bbox 2149 1618 3652 1695">
    <p class='ocr_par' dir='ltr' id='par_1_42' title="bbox 2149 1618 3652 1695">
     <span class='ocr_line' id='line_1_42' title="bbox 2149 1618 3652 1695; baseline 0.004 -23"><span class='ocrx_word' id='word_1_274' title='bbox 2149 1618 2312 1675; x_wconf 71' lang='lat' dir='ltr'><strong><em>Vens.</em></strong></span> <span class='ocrx_word' id='word_1_275' title='bbox 2357 1620 2444 1675; x_wconf 75' lang='grc'><strong><em>15.</em></strong></span> <span class='ocrx_word' id='word_1_276' title='bbox 2485 1621 2557 1675; x_wconf 82' lang='grc' dir='ltr'><em>Ει</em></span> <span class='ocrx_word' id='word_1_277' title='bbox 2591 1622 2794 1678; x_wconf 83' lang='lat' dir='ltr'><strong><em>accidit</em></strong></span> <span class='ocrx_word' id='word_1_278' title='bbox 2821 1638 2930 1677; x_wconf 66' lang='lat' dir='ltr'><strong><em>vox</em></strong></span> <span class='ocrx_word' id='word_1_279' title='bbox 2947 1623 3015 1677; x_wconf 87' lang='lat' dir='ltr'><strong><em>ad</em></strong></span> <span class='ocrx_word' id='word_1_280' title='bbox 3047 1639 3164 1678; x_wconf 87' lang='lat' dir='ltr'><strong><em>eum</em></strong></span> <span class='ocrx_word' id='word_1_281' title='bbox 3197 1637 3218 1678; x_wconf 92' lang='lat'><strong><em>:</em></strong></span> <span class='ocrx_word' id='word_1_282' title='bbox 3248 1620 3436 1695; x_wconf 84' lang='lat' dir='ltr'><strong><em>Surge,</em></strong></span> <span class='ocrx_word' id='word_1_283' title='bbox 3474 1623 3652 1688; x_wconf 72' lang='lat' dir='ltr'><strong><em>Petro,</em></strong></span> 
     </span>
    </p>
   </div>
   <div class='ocr_carea' id='block_1_43' title="bbox 2078 1716 2607 1779">
    <p class='ocr_par' dir='ltr' id='par_1_43' title="bbox 2078 1716 2607 1779">
     <span class='ocr_line' id='line_1_43' title="bbox 2078 1716 2607 1779; baseline 0.006 -13"><span class='ocrx_word' id='word_1_284' title='bbox 2078 1722 2276 1779; x_wconf 86' lang='lat' dir='ltr'><strong><em>macta,</em></strong></span> <span class='ocrx_word' id='word_1_285' title='bbox 2306 1722 2357 1767; x_wconf 86' lang='lat' dir='ltr'><strong><em>et</em></strong></span> <span class='ocrx_word' id='word_1_286' title='bbox 2379 1716 2607 1770; x_wconf 81' lang='lat' dir='ltr'><strong><em>comede.</em></strong></span> 
     </span>
    </p>
   </div>
   <div class='ocr_carea' id='block_1_44' title="bbox 2147 1804 3659 1880">
    <p class='ocr_par' dir='ltr' id='par_1_44' title="bbox 2147 1804 3659 1880">
     <span class='ocr_line' id='line_1_44' title="bbox 2147 1804 3659 1880; baseline 0.002 -20"><span class='ocrx_word' id='word_1_287' title='bbox 2147 1804 2311 1861; x_wconf 74' lang='lat' dir='ltr'><strong><em>Vens.</em></strong></span> <span class='ocrx_word' id='word_1_288' title='bbox 2353 1805 2440 1861; x_wconf 72' lang='grc'><strong><em>14.</em></strong></span> <span class='ocrx_word' id='word_1_289' title='bbox 2488 1804 2677 1862; x_wconf 82' lang='lat' dir='ltr'><strong><em>Petrus</em></strong></span> <span class='ocrx_word' id='word_1_290' title='bbox 2716 1817 2897 1863; x_wconf 85' lang='lat' dir='ltr'><strong><em>autem</em></strong></span> <span class='ocrx_word' id='word_1_291' title='bbox 2933 1809 3121 1864; x_wconf 70' lang='lat' dir='ltr'><strong><em>dixit:</em></strong></span> <span class='ocrx_word' id='word_1_292' title='bbox 3167 1810 3514 1880; x_wconf 83' lang='lat' dir='ltr'><strong><em>Nequaquam</em></strong></span> <span class='ocrx_word' id='word_1_293' title='bbox 3548 1809 3659 1863; x_wconf 89' lang='lat' dir='ltr'><strong><em>Do-</em></strong></span> 
     </span>
    </p>
   </div>
   <div class='ocr_carea' id='block_1_45' title="bbox 1999 1897 3657 1975">
    <p class='ocr_par' dir='ltr' id='par_1_45' title="bbox 1999 1897 3657 1975">
     <span class='ocr_line' id='line_1_45' title="bbox 1999 1897 3657 1975; baseline -0.001 -18"><span class='ocrx_word' id='word_1_294' title='bbox 1999 1897 2048 1957; x_wconf 88' lang='lat' dir='ltr'><strong>B</strong></span> <span class='ocrx_word' id='word_1_295' title='bbox 2077 1902 2236 1965; x_wconf 87' lang='lat' dir='ltr'><strong><em>mine,</em></strong></span> <span class='ocrx_word' id='word_1_296' title='bbox 2273 1902 2398 1972; x_wconf 86' lang='lat' dir='ltr'><strong><em>quia</em></strong></span> <span class='ocrx_word' id='word_1_297' title='bbox 2432 1919 2703 1973; x_wconf 84' lang='lat' dir='ltr'><strong><em>nunquam</em></strong></span> <span class='ocrx_word' id='word_1_298' title='bbox 2730 1905 2929 1959; x_wconf 83' lang='lat' dir='ltr'><strong><em>comedi</em></strong></span> <span class='ocrx_word' id='word_1_299' title='bbox 2952 1905 3241 1975; x_wconf 88' lang='lat' dir='ltr'><strong><em>quidquam</em></strong></span> <span class='ocrx_word' id='word_1_300' title='bbox 3270 1921 3542 1959; x_wconf 87' lang='lat' dir='ltr'><strong><em>commune</em></strong></span> <span class='ocrx_word' id='word_1_301' title='bbox 3562 1911 3657 1957; x_wconf 89' lang='lat' dir='ltr'><strong><em>aut</em></strong></span> 
     </span>
    </p>
   </div>
   <div class='ocr_carea' id='block_1_46' title="bbox 2079 2010 2376 2063">
    <p class='ocr_par' dir='ltr' id='par_1_46' title="bbox 2079 2010 2376 2063">
     <span class='ocr_line' id='line_1_46' title="bbox 2079 2010 2376 2063; baseline 0.007 -16"><span class='ocrx_word' id='word_1_302' title='bbox 2079 2010 2376 2063; x_wconf 72' lang='lat' dir='ltr'><strong><em>impurum.</em></strong></span> 
     </span>
    </p>
   </div>
   <div class='ocr_carea' id='block_1_47' title="bbox 2147 2082 3663 2140">
    <p class='ocr_par' dir='ltr' id='par_1_47' title="bbox 2147 2082 3663 2140">
     <span class='ocr_line' id='line_1_47' title="bbox 2147 2082 3663 2140; baseline 0.001 -2"><span class='ocrx_word' id='word_1_303' title='bbox 2147 2082 2316 2139; x_wconf 77' lang='lat' dir='ltr'><strong><em>Vens.</em></strong></span> <span class='ocrx_word' id='word_1_304' title='bbox 2349 2082 2439 2138; x_wconf 76' lang='grc'><strong><em>15.</em></strong></span> <span class='ocrx_word' id='word_1_305' title='bbox 2482 2082 2550 2137; x_wconf 84' lang='grc' dir='ltr'><em>Ει</em></span> <span class='ocrx_word' id='word_1_306' title='bbox 2583 2100 2683 2138; x_wconf 72' lang='lat' dir='ltr'><strong><em>vox</em></strong></span> <span class='ocrx_word' id='word_1_307' title='bbox 2721 2098 2904 2138; x_wconf 81' lang='lat' dir='ltr'><strong><em>rursus</em></strong></span> <span class='ocrx_word' id='word_1_308' title='bbox 2932 2083 3126 2137; x_wconf 85' lang='lat' dir='ltr'><strong><em>accidit</em></strong></span> <span class='ocrx_word' id='word_1_309' title='bbox 3165 2083 3236 2137; x_wconf 89' lang='lat' dir='ltr'><strong><em>ad</em></strong></span> <span class='ocrx_word' id='word_1_310' title='bbox 3265 2099 3383 2138; x_wconf 88' lang='lat' dir='ltr'><strong><em>eum</em></strong></span> <span class='ocrx_word' id='word_1_311' title='bbox 3410 2084 3663 2140; x_wconf 84' lang='lat' dir='ltr'><strong><em>secumto:</em></strong></span> 
     </span>
    </p>
   </div>
   <div class='ocr_carea' id='block_1_48' title="bbox 2076 2173 3384 2246">
    <p class='ocr_par' dir='ltr' id='par_1_48' title="bbox 2076 2173 3384 2246">
     <span class='ocr_line' id='line_1_48' title="bbox 2076 2173 3384 2246; baseline 0.002 -18"><span class='ocrx_word' id='word_1_312' title='bbox 2076 2173 2208 2241; x_wconf 76' lang='lat' dir='ltr'><strong><em>Qua:</em></strong></span> <span class='ocrx_word' id='word_1_313' title='bbox 2233 2175 2371 2229; x_wconf 86' lang='lat' dir='ltr'><strong><em>Deus</em></strong></span> <span class='ocrx_word' id='word_1_314' title='bbox 2395 2176 2658 2246; x_wconf 86' lang='lat' dir='ltr'><strong><em>purgavit,</em></strong></span> <span class='ocrx_word' id='word_1_315' title='bbox 2695 2184 2750 2229; x_wconf 89' lang='lat' dir='ltr'><strong><em>tu</em></strong></span> <span class='ocrx_word' id='word_1_316' title='bbox 2780 2175 3077 2230; x_wconf 85' lang='lat' dir='ltr'><strong><em>communia</em></strong></span> <span class='ocrx_word' id='word_1_317' title='bbox 3112 2191 3176 2230; x_wconf 88' lang='lat' dir='ltr'><strong><em>ne</em></strong></span> <span class='ocrx_word' id='word_1_318' title='bbox 3214 2185 3384 2246; x_wconf 82' lang='lat' dir='ltr'><strong><em>putes.</em></strong></span> 
     </span>
    </p>
   </div>
   <div class='ocr_carea' id='block_1_49' title="bbox 2144 2265 3681 2333">
    <p class='ocr_par' dir='ltr' id='par_1_49' title="bbox 2144 2265 3681 2333">
     <span class='ocr_line' id='line_1_49' title="bbox 2144 2265 3681 2333; baseline 0.001 -13"><span class='ocrx_word' id='word_1_319' title='bbox 2144 2265 2310 2320; x_wconf 74' lang='lat' dir='ltr'><strong><em>Vens.</em></strong></span> <span class='ocrx_word' id='word_1_320' title='bbox 2341 2266 2427 2321; x_wconf 78' lang='lat' dir='ltr'><strong><em>l6.</em></strong></span> <span class='ocrx_word' id='word_1_321' title='bbox 2458 2267 2762 2321; x_wconf 84' lang='lat' dir='ltr'><strong><em>Hocautem</em></strong></span> <span class='ocrx_word' id='word_1_322' title='bbox 2793 2266 2992 2332; x_wconf 77' lang='lat' dir='ltr'><strong><em>factum</em></strong></span> <span class='ocrx_word' id='word_1_323' title='bbox 3017 2275 3091 2321; x_wconf 88' lang='lat' dir='ltr'><strong><em>est</em></strong></span> <span class='ocrx_word' id='word_1_324' title='bbox 3135 2276 3234 2333; x_wconf 85' lang='lat' dir='ltr'><strong><em>ter,</em></strong></span> <span class='ocrx_word' id='word_1_325' title='bbox 3284 2277 3345 2321; x_wconf 89' lang='lat' dir='ltr'><strong><em>et.</em></strong></span> <span class='ocrx_word' id='word_1_326' title='bbox 3367 2285 3546 2323; x_wconf 86' lang='lat' dir='ltr'><strong><em>rursus</em></strong></span> <span class='ocrx_word' id='word_1_327' title='bbox 3569 2283 3681 2322; x_wconf 65' lang='lat' dir='ltr'><strong><em>vast</em></strong></span> 
     </span>
    </p>
   </div>
   <div class='ocr_carea' id='block_1_50' title="bbox 2075 2357 2813 2414">
    <p class='ocr_par' dir='ltr' id='par_1_50' title="bbox 2075 2357 2813 2414">
     <span class='ocr_line' id='line_1_50' title="bbox 2075 2357 2813 2414; baseline 0.001 -2"><span class='ocrx_word' id='word_1_328' title='bbox 2075 2357 2388 2412; x_wconf 86' lang='lat' dir='ltr'><strong><em>subductum</em></strong></span> <span class='ocrx_word' id='word_1_329' title='bbox 2414 2359 2572 2413; x_wconf 80' lang='lat' dir='ltr'><strong><em>estin</em></strong></span> <span class='ocrx_word' id='word_1_330' title='bbox 2602 2359 2813 2414; x_wconf 72' lang='lat' dir='ltr'><strong><em>cazlum.</em></strong></span> 
     </span>
    </p>
   </div>
   <div class='ocr_carea' id='block_1_51' title="bbox 2147 2448 3671 2524">
    <p class='ocr_par' dir='ltr' id='par_1_51' title="bbox 2147 2448 3671 2524">
     <span class='ocr_line' id='line_1_51' title="bbox 2147 2448 3671 2524; baseline 0.002 -20"><span class='ocrx_word' id='word_1_331' title='bbox 2147 2449 2304 2516; x_wconf 78' lang='lat' dir='ltr'><strong><em>Vide,</em></strong></span> <span class='ocrx_word' id='word_1_332' title='bbox 2337 2458 2398 2505; x_wconf 87' lang='lat' dir='ltr'><strong><em>ut</em></strong></span> <span class='ocrx_word' id='word_1_333' title='bbox 2441 2448 2681 2521; x_wconf 76' lang='lat' dir='ltr'><strong><em>Spiritus</em></strong></span> <span class='ocrx_word' id='word_1_334' title='bbox 2724 2459 2972 2522; x_wconf 87' lang='lat' dir='ltr'><strong><em>tempora</em></strong></span> <span class='ocrx_word' id='word_1_335' title='bbox 3012 2451 3283 2508; x_wconf 76' lang='lat' dir='ltr'><strong><em>conducat</em></strong></span> <span class='ocrx_word' id='word_1_336' title='bbox 3327 2459 3493 2524; x_wconf 89' lang='lat' dir='ltr'><strong><em>atque</em></strong></span> <span class='ocrx_word' id='word_1_337' title='bbox 3529 2468 3671 2509; x_wconf 76' lang='lat' dir='ltr'><strong><em>eon-</em></strong></span> 
     </span>
    </p>
   </div>
   <div class='ocr_carea' id='block_1_52' title="bbox 2075 2542 3665 2615">
    <p class='ocr_par' dir='ltr' id='par_1_52' title="bbox 2075 2542 3665 2615">
     <span class='ocr_line' id='line_1_52' title="bbox 2075 2542 3665 2615; baseline 0.003 -19"><span class='ocrx_word' id='word_1_338' title='bbox 2075 2542 2288 2614; x_wconf 66' lang='lat' dir='ltr'><strong><em>jungat,</em></strong></span> <span class='ocrx_word' id='word_1_339' title='bbox 2319 2552 2377 2598; x_wconf 90' lang='lat' dir='ltr'><strong><em>et</em></strong></span> <span class='ocrx_word' id='word_1_340' title='bbox 2403 2542 2622 2608; x_wconf 78' lang='lat' dir='ltr'><strong><em>efﬁciat,</em></strong></span> <span class='ocrx_word' id='word_1_341' title='bbox 2659 2552 2721 2599; x_wconf 91' lang='lat' dir='ltr'><strong><em>ut</em></strong></span> <span class='ocrx_word' id='word_1_342' title='bbox 2755 2557 2939 2613; x_wconf 87' lang='lat' dir='ltr'><strong><em>neque</em></strong></span> <span class='ocrx_word' id='word_1_343' title='bbox 2972 2544 3205 2601; x_wconf 81' lang='lat' dir='ltr'><strong><em>celerius</em></strong></span> <span class='ocrx_word' id='word_1_344' title='bbox 3235 2560 3415 2615; x_wconf 90' lang='lat' dir='ltr'><strong><em>neque</em></strong></span> <span class='ocrx_word' id='word_1_345' title='bbox 3456 2545 3665 2601; x_wconf 86' lang='lat' dir='ltr'><strong><em>tardius</em></strong></span> 
     </span>
    </p>
   </div>
   <div class='ocr_carea' id='block_1_53' title="bbox 2078 2625 3675 2706">
    <p class='ocr_par' dir='ltr' id='par_1_53' title="bbox 2078 2625 3675 2706">
     <span class='ocr_line' id='line_1_53' title="bbox 2078 2625 3675 2706; baseline 0.003 -18"><span class='ocrx_word' id='word_1_346' title='bbox 2078 2625 2184 2689; x_wconf 83' lang='lat' dir='ltr'><strong><em>hoc</em></strong></span> <span class='ocrx_word' id='word_1_347' title='bbox 2226 2632 2338 2688; x_wconf 83' lang='lat' dir='ltr'><strong><em>ﬁat.</em></strong></span> <span class='ocrx_word' id='word_1_348' title='bbox 2373 2633 2616 2690; x_wconf 80' lang='lat' dir='ltr'><strong><em>Ascendit</em></strong></span> <span class='ocrx_word' id='word_1_349' title='bbox 2657 2635 2850 2690; x_wconf 79' lang='lat' dir='ltr'><strong><em>Petrus</em></strong></span> <span class='ocrx_word' id='word_1_350' title='bbox 2908 2636 2966 2689; x_wconf 86' lang='lat' dir='ltr'><strong><em>in</em></strong></span> <span class='ocrx_word' id='word_1_351' title='bbox 3004 2636 3272 2704; x_wconf 82' lang='lat' dir='ltr'><strong><em>superiora</em></strong></span> <span class='ocrx_word' id='word_1_352' title='bbox 3312 2637 3505 2691; x_wconf 71' lang='lat' dir='ltr'><strong><em>mdium</em></strong></span> <span class='ocrx_word' id='word_1_353' title='bbox 3546 2655 3675 2706; x_wconf 79' lang='lat' dir='ltr'><strong><em>prc-</em></strong></span> 
     </span>
    </p>
   </div>
   <div class='ocr_carea' id='block_1_54' title="bbox 2079 2726 3665 2795">
    <p class='ocr_par' dir='ltr' id='par_1_54' title="bbox 2079 2726 3665 2795">
     <span class='ocr_line' id='line_1_54' title="bbox 2079 2726 3665 2795; baseline 0.004 -17"><span class='ocrx_word' id='word_1_354' title='bbox 2079 2734 2258 2780; x_wconf 88' lang='lat' dir='ltr'><strong><em>catum</em></strong></span> <span class='ocrx_word' id='word_1_355' title='bbox 2297 2726 2508 2782; x_wconf 86' lang='lat' dir='ltr'><strong><em>circiter</em></strong></span> <span class='ocrx_word' id='word_1_356' title='bbox 2546 2727 2732 2783; x_wconf 70' lang='lat' dir='ltr'><strong><em>horam</em></strong></span> <span class='ocrx_word' id='word_1_357' title='bbox 2767 2737 2992 2782; x_wconf 71' lang='lat' dir='ltr'><strong><em>sextam.</em></strong></span> <span class='ocrx_word' id='word_1_358' title='bbox 3034 2726 3149 2785; x_wconf 80' lang='lat' dir='ltr'><strong><em>Hoc</em></strong></span> <span class='ocrx_word' id='word_1_359' title='bbox 3182 2735 3297 2795; x_wconf 87' lang='lat' dir='ltr'><strong><em>est,</em></strong></span> <span class='ocrx_word' id='word_1_360' title='bbox 3343 2729 3571 2784; x_wconf 87' lang='lat' dir='ltr'><strong><em>seorsim</em></strong></span> <span class='ocrx_word' id='word_1_361' title='bbox 3608 2737 3665 2785; x_wconf 89' lang='lat' dir='ltr'><strong><em>et</em></strong></span> 
     </span>
    </p>
   </div>
   <div class='ocr_carea' id='block_1_55' title="bbox 2079 2813 3658 2893">
    <p class='ocr_par' dir='ltr' id='par_1_55' title="bbox 2079 2813 3658 2893">
     <span class='ocr_line' id='line_1_55' title="bbox 2079 2813 3658 2893; baseline 0.004 -23"><span class='ocrx_word' id='word_1_362' title='bbox 2079 2813 2134 2871; x_wconf 90' lang='lat' dir='ltr'><strong><em>in</em></strong></span> <span class='ocrx_word' id='word_1_363' title='bbox 2166 2817 2278 2873; x_wconf 85' lang='lat' dir='ltr'><strong><em>otio</em></strong></span> <span class='ocrx_word' id='word_1_364' title='bbox 2305 2826 2460 2874; x_wconf 80' lang='lat' dir='ltr'><strong><em>extra</em></strong></span> <span class='ocrx_word' id='word_1_365' title='bbox 2489 2822 2726 2888; x_wconf 83' lang='lat' dir='ltr'><strong><em>turbam,</em></strong></span> <span class='ocrx_word' id='word_1_366' title='bbox 2753 2830 2943 2891; x_wconf 88' lang='lat' dir='ltr'><strong><em>utpote</em></strong></span> <span class='ocrx_word' id='word_1_367' title='bbox 2975 2821 3030 2875; x_wconf 91' lang='lat' dir='ltr'><strong><em>in</em></strong></span> <span class='ocrx_word' id='word_1_368' title='bbox 3066 2821 3333 2892; x_wconf 83' lang='lat' dir='ltr'><strong><em>superiori</em></strong></span> <span class='ocrx_word' id='word_1_369' title='bbox 3365 2822 3658 2893; x_wconf 78' lang='lat' dir='ltr'><strong><em>contigna-</em></strong></span> 
     </span>
    </p>
   </div>
   <div class='ocr_carea' id='block_1_56' title="bbox 2082 2907 3663 2981">
    <p class='ocr_par' dir='ltr' id='par_1_56' title="bbox 2082 2907 3663 2981">
     <span class='ocr_line' id='line_1_56' title="bbox 2082 2907 3663 2981; baseline 0.003 -18"><span class='ocrx_word' id='word_1_370' title='bbox 2082 2907 2250 2964; x_wconf 80' lang='lat' dir='ltr'><strong><em>tione.</em></strong></span> <span class='ocrx_word' id='word_1_371' title='bbox 2290 2908 2359 2964; x_wconf 86' lang='lat' dir='ltr'><strong><em>Et</em></strong></span> <span class='ocrx_word' id='word_1_372' title='bbox 2388 2910 2546 2965; x_wconf 87' lang='lat' dir='ltr'><strong><em>irruit</em></strong></span> <span class='ocrx_word' id='word_1_373' title='bbox 2579 2927 2737 2981; x_wconf 85' lang='lat' dir='ltr'><strong><em>super</em></strong></span> <span class='ocrx_word' id='word_1_374' title='bbox 2766 2929 2887 2967; x_wconf 90' lang='lat' dir='ltr'><strong><em>eum</em></strong></span> <span class='ocrx_word' id='word_1_375' title='bbox 2921 2913 3176 2978; x_wconf 84' lang='lat' dir='ltr'><strong><em>ecstasis,</em></strong></span> <span class='ocrx_word' id='word_1_376' title='bbox 3216 2920 3265 2967; x_wconf 88' lang='lat' dir='ltr'><strong><em>et</em></strong></span> <span class='ocrx_word' id='word_1_377' title='bbox 3306 2913 3440 2967; x_wconf 84' lang='lat' dir='ltr'><strong><em>videt</em></strong></span> <span class='ocrx_word' id='word_1_378' title='bbox 3476 2913 3663 2968; x_wconf 67' lang='lat' dir='ltr'><strong><em>cretum</em></strong></span> 
     </span>
    </p>
   </div>
   <div class='ocr_carea' id='block_1_57' title="bbox 2079 3002 3665 3073">
    <p class='ocr_par' dir='ltr' id='par_1_57' title="bbox 2079 3002 3665 3073">
     <span class='ocr_line' id='line_1_57' title="bbox 2079 3002 3665 3073; baseline 0.004 -21"><span class='ocrx_word' id='word_1_379' title='bbox 2079 3007 2344 3069; x_wconf 85' lang='lat' dir='ltr'><strong><em>apertum,</em></strong></span> <span class='ocrx_word' id='word_1_380' title='bbox 2383 3002 2886 3073; x_wconf 68' lang='lat' dir='ltr'><strong><em>&#39;Excrastc,fquasi</em></strong></span> <span class='ocrx_word' id='word_1_381' title='bbox 2917 3003 3067 3059; x_wconf 88' lang='lat' dir='ltr'><strong><em>dicas</em></strong></span> <span class='ocrx_word' id='word_1_382' title='bbox 3088 3043 3103 3070; x_wconf 90' lang='lat'><strong><em>,</em></strong></span> <span class='ocrx_word' id='word_1_383' title='bbox 3133 3019 3387 3060; x_wconf 78' lang='lat' dir='ltr'><strong><em>excessus</em></strong></span> <span class='ocrx_word' id='word_1_384' title='bbox 3407 3006 3665 3073; x_wconf 87' lang='lat' dir='ltr'><strong><em>,emotio,</em></strong></span> 
     </span>
    </p>
   </div>
   <div class='ocr_carea' id='block_1_58' title="bbox 2080 3089 3663 3166">
    <p class='ocr_par' dir='ltr' id='par_1_58' title="bbox 2080 3089 3663 3166">
     <span class='ocr_line' id='line_1_58' title="bbox 2080 3089 3663 3166; baseline 0.004 -20"><span class='ocrx_word' id='word_1_385' title='bbox 2080 3089 2353 3162; x_wconf 81' lang='lat' dir='ltr'><strong><em>signiﬁcat</em></strong></span> <span class='ocrx_word' id='word_1_386' title='bbox 2376 3102 2433 3148; x_wconf 91' lang='lat' dir='ltr'><strong><em>et</em></strong></span> <span class='ocrx_word' id='word_1_387' title='bbox 2453 3095 2954 3150; x_wconf 84' lang='lat' dir='ltr'><strong><em>consternationem</em></strong></span> <span class='ocrx_word' id='word_1_388' title='bbox 2977 3103 3200 3166; x_wconf 86' lang='lat' dir='ltr'><strong><em>propter</em></strong></span> <span class='ocrx_word' id='word_1_389' title='bbox 3221 3096 3663 3164; x_wconf 84' lang='lat' dir='ltr'><strong><em>admirationem,</em></strong></span> 
     </span>
    </p>
   </div>
   <div class='ocr_carea' id='block_1_59' title="bbox 2080 3183 3667 3256">
    <p class='ocr_par' dir='ltr' id='par_1_59' title="bbox 2080 3183 3667 3256">
     <span class='ocr_line' id='line_1_59' title="bbox 2080 3183 3667 3256; baseline 0.003 -19"><span class='ocrx_word' id='word_1_390' title='bbox 2080 3190 2137 3237; x_wconf 93' lang='lat' dir='ltr'><strong><em>et</em></strong></span> <span class='ocrx_word' id='word_1_391' title='bbox 2167 3183 2440 3252; x_wconf 86' lang='lat' dir='ltr'><strong><em>hominis,</em></strong></span> <span class='ocrx_word' id='word_1_392' title='bbox 2471 3185 2563 3255; x_wconf 85' lang='lat' dir='ltr'><strong><em>qui</em></strong></span> <span class='ocrx_word' id='word_1_393' title='bbox 2591 3186 2657 3241; x_wconf 90' lang='lat' dir='ltr'><strong><em>ad</em></strong></span> <span class='ocrx_word' id='word_1_394' title='bbox 2691 3185 2991 3256; x_wconf 89' lang='lat' dir='ltr'><strong><em>spiritualia</em></strong></span> <span class='ocrx_word' id='word_1_395' title='bbox 3033 3187 3354 3254; x_wconf 81' lang='lat' dir='ltr'><strong><em>deducitur,</em></strong></span> <span class='ocrx_word' id='word_1_396' title='bbox 3392 3197 3545 3243; x_wconf 80' lang='lat' dir='ltr'><strong><em>extra</em></strong></span> <span class='ocrx_word' id='word_1_397' title='bbox 3576 3204 3667 3255; x_wconf 88' lang='lat' dir='ltr'><strong><em>ea,</em></strong></span> 
     </span>
    </p>
   </div>
   <div class='ocr_carea' id='block_1_60' title="bbox 396 3272 1976 3356">
    <p class='ocr_par' dir='ltr' id='par_1_60' title="bbox 396 3277 1976 3356">
     <span class='ocr_line' id='line_1_60' title="bbox 396 3277 1976 3356; baseline 0.008 -25"><span class='ocrx_word' id='word_1_398' title='bbox 396 3277 567 3349; x_wconf 81' lang='grc' dir='ltr'><em>αὐτῷ.</em></span> <span class='ocrx_word' id='word_1_399' title='bbox 599 3278 711 3334; x_wconf 77' lang='grc' dir='ltr'><strong><em>Καὶ</em></strong></span> <span class='ocrx_word' id='word_1_400' title='bbox 758 3281 1124 3336; x_wconf 78' lang='grc' dir='ltr'><em>καταϐαῖνον</em></span> <span class='ocrx_word' id='word_1_401' title='bbox 1179 3283 1273 3336; x_wconf 82' lang='grc' dir='ltr'><strong><em>ἐπ’</em></strong></span> <span class='ocrx_word' id='word_1_402' title='bbox 1317 3284 1507 3339; x_wconf 84' lang='grc' dir='ltr'><em>αὑτὸν</em></span> <span class='ocrx_word' id='word_1_403' title='bbox 1541 3286 1766 3354; x_wconf 82' lang='grc' dir='ltr'><em>σκεῦός</em></span> <span class='ocrx_word' id='word_1_404' title='bbox 1804 3306 1859 3342; x_wconf 90' lang='grc' dir='ltr'><strong><em>τι</em></strong></span> <span class='ocrx_word' id='word_1_405' title='bbox 1894 3289 1976 3356; x_wconf 84' lang='grc' dir='ltr'><em>ὡς</em></span> 
     </span>
    </p>
   </div>
   <div class='ocr_carea' id='block_1_61' title="bbox 2080 3272 3665 3356">
    <p class='ocr_par' dir='ltr' id='par_1_61' title="bbox 2080 3277 3665 3350">
     <span class='ocr_line' id='line_1_61' title="bbox 2080 3277 3665 3350; baseline 0.005 -21"><span class='ocrx_word' id='word_1_406' title='bbox 2080 3291 2200 3345; x_wconf 79' lang='lat' dir='ltr'><strong><em>quae</em></strong></span> <span class='ocrx_word' id='word_1_407' title='bbox 2228 3290 2396 3331; x_wconf 87' lang='lat' dir='ltr'><strong><em>sensu</em></strong></span> <span class='ocrx_word' id='word_1_408' title='bbox 2425 3277 2807 3347; x_wconf 89' lang='lat' dir='ltr'><strong><em>percipiuntur</em></strong></span> <span class='ocrx_word' id='word_1_409' title='bbox 2835 3278 3171 3334; x_wconf 87' lang='lat' dir='ltr'><strong><em>cvasionem.</em></strong></span> <span class='ocrx_word' id='word_1_410' title='bbox 3197 3278 3332 3334; x_wconf 89' lang='lat' dir='ltr'><strong><em>Nam</em></strong></span> <span class='ocrx_word' id='word_1_411' title='bbox 3361 3280 3665 3350; x_wconf 84' lang='lat' dir='ltr'><strong><em>spiritualis</em></strong></span> 
     </span>
    </p>
   </div>
   <div class='ocr_carea' id='block_1_62' title="bbox 399 3367 1977 3449">
    <p class='ocr_par' dir='ltr' id='par_1_62' title="bbox 399 3367 1977 3449">
     <span class='ocr_line' id='line_1_62' title="bbox 399 3367 1977 3449; baseline 0.008 -28"><span class='ocrx_word' id='word_1_412' title='bbox 399 3369 644 3437; x_wconf 84' lang='grc' dir='ltr'><em>ὀθόνην.</em></span> <span class='ocrx_word' id='word_1_413' title='bbox 685 3367 891 3423; x_wconf 77' lang='grc' dir='ltr'><em>Ἐδεῖτο</em></span> <span class='ocrx_word' id='word_1_414' title='bbox 921 3371 1021 3440; x_wconf 83' lang='grc' dir='ltr'><em>τῆς</em></span> <span class='ocrx_word' id='word_1_415' title='bbox 1049 3371 1161 3424; x_wconf 84' lang='grc' dir='ltr'><em>τῶν</em></span> <span class='ocrx_word' id='word_1_416' title='bbox 1189 3372 1362 3426; x_wconf 82' lang='grc' dir='ltr'><em>ὲθνῶν</em></span> <span class='ocrx_word' id='word_1_417' title='bbox 1395 3374 1548 3440; x_wconf 82' lang='grc' dir='ltr'><em>θείας</em></span> <span class='ocrx_word' id='word_1_418' title='bbox 1577 3377 1977 3449; x_wconf 78' lang='grc' dir='ltr'><strong><em>ἀποκαλύψεως</em></strong></span> 
     </span>
    </p>
   </div>
   <div class='ocr_carea' id='block_1_63' title="bbox 398 3459 1980 3537">
    <p class='ocr_par' dir='ltr' id='par_1_63' title="bbox 398 3459 1980 3537">
     <span class='ocr_line' id='line_1_63' title="bbox 398 3459 1980 3537; baseline 0.006 -22"><span class='ocrx_word' id='word_1_419' title='bbox 398 3462 429 3515; x_wconf 84' lang='grc' dir='ltr'><strong><em>δ</em></strong></span> <span class='ocrx_word' id='word_1_420' title='bbox 452 3459 561 3514; x_wconf 86' lang='grc' dir='ltr'><em>τῶν</em></span> <span class='ocrx_word' id='word_1_421' title='bbox 585 3460 902 3515; x_wconf 83' lang='grc' dir='ltr'><em>ἀποστόλων</em></span> <span class='ocrx_word' id='word_1_422' title='bbox 923 3461 1152 3533; x_wconf 79' lang='grc' dir='ltr'><em>ἔξαρχος</em></span> <span class='ocrx_word' id='word_1_423' title='bbox 1185 3464 1411 3536; x_wconf 83' lang='grc' dir='ltr'><em>Πέτρος.</em></span> <span class='ocrx_word' id='word_1_424' title='bbox 1440 3466 1517 3521; x_wconf 73' lang='lat' dir='ltr'><strong><em>Oti</em></strong></span> <span class='ocrx_word' id='word_1_425' title='bbox 1542 3467 1652 3537; x_wconf 82' lang='grc' dir='ltr'><em>γὰρ</em></span> <span class='ocrx_word' id='word_1_426' title='bbox 1677 3468 1980 3536; x_wconf 76' lang='grc' dir='ltr'><em>ἐγίνωσκεν</em></span> 
     </span>
    </p>
   </div>
   <div class='ocr_carea' id='block_1_64' title="bbox 401 3549 1980 3627">
    <p class='ocr_par' dir='ltr' id='par_1_64' title="bbox 401 3549 1980 3627">
     <span class='ocr_line' id='line_1_64' title="bbox 401 3549 1980 3627; baseline 0.004 -25"><span class='ocrx_word' id='word_1_427' title='bbox 401 3550 485 3603; x_wconf 80' lang='grc' dir='ltr'><em>ὅτι</em></span> <span class='ocrx_word' id='word_1_428' title='bbox 527 3549 827 3621; x_wconf 78' lang='grc' dir='ltr'><em>περιτομῆς</em></span> <span class='ocrx_word' id='word_1_429' title='bbox 885 3550 980 3604; x_wconf 71' lang='grc' dir='ltr'><em>καὶ</em></span> <span class='ocrx_word' id='word_1_430' title='bbox 1026 3550 1394 3621; x_wconf 76' lang='grc' dir='ltr'><em>ἀκροϐυστίας</em></span> <span class='ocrx_word' id='word_1_431' title='bbox 1434 3553 1536 3607; x_wconf 83' lang='grc' dir='ltr'><em>οὐκ</em></span> <span class='ocrx_word' id='word_1_432' title='bbox 1575 3552 1692 3610; x_wconf 82' lang='grc' dir='ltr'><em>ἐστι</em></span> <span class='ocrx_word' id='word_1_433' title='bbox 1722 3554 1980 3627; x_wconf 77' lang='grc' dir='ltr'><em>διαστολὴ</em></span> 
     </span>
    </p>
   </div>
   <div class='ocr_carea' id='block_1_65' title="bbox 404 3642 1981 3719">
    <p class='ocr_par' dir='ltr' id='par_1_65' title="bbox 404 3642 1981 3719">
     <span class='ocr_line' id='line_1_65' title="bbox 404 3642 1981 3719; baseline 0.005 -24"><span class='ocrx_word' id='word_1_434' title='bbox 404 3642 548 3697; x_wconf 85' lang='grc' dir='ltr'><strong><em>κατά</em></strong></span> <span class='ocrx_word' id='word_1_435' title='bbox 579 3642 680 3716; x_wconf 77' lang='grc' dir='ltr'><em>τὴν</em></span> <span class='ocrx_word' id='word_1_436' title='bbox 705 3642 910 3697; x_wconf 77' lang='grc' dir='ltr'><em>πίστινο</em></span> <span class='ocrx_word' id='word_1_437' title='bbox 945 3642 1070 3696; x_wconf 80' lang='grc' dir='ltr'><em>οὔτε</em></span> <span class='ocrx_word' id='word_1_438' title='bbox 1108 3644 1219 3716; x_wconf 79' lang='grc' dir='ltr'><em>μὴν</em></span> <span class='ocrx_word' id='word_1_439' title='bbox 1250 3643 1367 3716; x_wconf 72' lang='grc' dir='ltr'><em>ᾔδει</em></span> <span class='ocrx_word' id='word_1_440' title='bbox 1396 3642 1610 3716; x_wconf 76' lang='grc' dir='ltr'><em>σαφῶς,</em></span> <span class='ocrx_word' id='word_1_441' title='bbox 1642 3647 1725 3701; x_wconf 79' lang='grc' dir='ltr'><em>ὅτι</em></span> <span class='ocrx_word' id='word_1_442' title='bbox 1757 3648 1849 3702; x_wconf 78' lang='grc' dir='ltr'><em>διὰ</em></span> <span class='ocrx_word' id='word_1_443' title='bbox 1876 3648 1981 3719; x_wconf 79' lang='grc' dir='ltr'><em>τῆς</em></span> 
     </span>
    </p>
   </div>
   <div class='ocr_carea' id='block_1_66' title="bbox 402 3729 1978 3807">
    <p class='ocr_par' dir='ltr' id='par_1_66' title="bbox 402 3729 1978 3807">
     <span class='ocr_line' id='line_1_66' title="bbox 402 3729 1978 3807; baseline 0.004 -22"><span class='ocrx_word' id='word_1_444' title='bbox 402 3729 544 3786; x_wconf 84' lang='grc' dir='ltr'><strong><em>κατά</em></strong></span> <span class='ocrx_word' id='word_1_445' title='bbox 590 3732 777 3786; x_wconf 85' lang='grc' dir='ltr'><em>πίστιν</em></span> <span class='ocrx_word' id='word_1_446' title='bbox 823 3731 1163 3803; x_wconf 83' lang='grc' dir='ltr'><em>φαινομένης</em></span> <span class='ocrx_word' id='word_1_447' title='bbox 1213 3732 1507 3805; x_wconf 84' lang='grc' dir='ltr'><em>λατρείας,</em></span> <span class='ocrx_word' id='word_1_448' title='bbox 1563 3736 1978 3807; x_wconf 84' lang='grc' dir='ltr'><em>μαθητευθῆναι</em></span> 
     </span>
    </p>
   </div>
   <div class='ocr_carea' id='block_1_67' title="bbox 403 3821 1980 3902">
    <p class='ocr_par' dir='ltr' id='par_1_67' title="bbox 403 3821 1980 3902">
     <span class='ocr_line' id='line_1_67' title="bbox 403 3821 1980 3902; baseline 0.004 -25"><span class='ocrx_word' id='word_1_449' title='bbox 403 3824 472 3878; x_wconf 83' lang='grc' dir='ltr'><em>τὰ</em></span> <span class='ocrx_word' id='word_1_450' title='bbox 507 3824 635 3897; x_wconf 74' lang='grc' dir='ltr'><em>ιθνη</em></span> <span class='ocrx_word' id='word_1_451' title='bbox 664 3825 694 3878; x_wconf 80' lang='grc' dir='ltr'><strong>ὁ</strong></span> <span class='ocrx_word' id='word_1_452' title='bbox 720 3824 921 3896; x_wconf 82' lang='grc' dir='ltr'><em>Κύριος</em></span> <span class='ocrx_word' id='word_1_453' title='bbox 950 3822 1125 3893; x_wconf 71' lang='grc' dir='ltr'><em>εἶπεν,</em></span> <span class='ocrx_word' id='word_1_454' title='bbox 1156 3826 1260 3891; x_wconf 75' lang='grc' dir='ltr'><strong><em>ἕως</em></strong></span> <span class='ocrx_word' id='word_1_455' title='bbox 1288 3821 1351 3882; x_wconf 72' lang='grc' dir='ltr'><em>οὗ</em></span> <span class='ocrx_word' id='word_1_456' title='bbox 1374 3829 1478 3899; x_wconf 81' lang='grc' dir='ltr'><em>τῆς</em></span> <span class='ocrx_word' id='word_1_457' title='bbox 1504 3828 1820 3902; x_wconf 72' lang='grc' dir='ltr'><em>ἀπορρήτου</em></span> <span class='ocrx_word' id='word_1_458' title='bbox 1851 3830 1980 3900; x_wconf 82' lang='grc' dir='ltr'><em>βου-</em></span> 
     </span>
    </p>
   </div>
   <div class='ocr_carea' id='block_1_68' title="bbox 346 3916 1979 3998">
    <p class='ocr_par' dir='ltr' id='par_1_68' title="bbox 346 3916 1979 3998">
     <span class='ocr_line' id='line_1_68' title="bbox 346 3916 1979 3998; baseline 0.005 -28"><span class='ocrx_word' id='word_1_459' title='bbox 346 3987 355 3998; x_wconf 80' lang='lat'>_</span> <span class='ocrx_word' id='word_1_460' title='bbox 406 3916 503 3987; x_wconf 78' lang='grc' dir='ltr'><em>λῆς</em></span> <span class='ocrx_word' id='word_1_461' title='bbox 522 3918 682 3974; x_wconf 81' lang='grc' dir='ltr'><em>αὐτοῦ</em></span> <span class='ocrx_word' id='word_1_462' title='bbox 709 3919 778 3974; x_wconf 85' lang='grc' dir='ltr'><em>δι’</em></span> <span class='ocrx_word' id='word_1_463' title='bbox 801 3920 1198 3992; x_wconf 79' lang='grc' dir='ltr'><em>ἀποκαλύψεως</em></span> <span class='ocrx_word' id='word_1_464' title='bbox 1227 3916 1541 3993; x_wconf 63' lang='grc' dir='ltr'><em>ὲφανέρωᾰε</em></span> <span class='ocrx_word' id='word_1_465' title='bbox 1568 3923 1629 3977; x_wconf 77' lang='grc' dir='ltr'><em>τὸ</em></span> <span class='ocrx_word' id='word_1_466' title='bbox 1653 3923 1979 3993; x_wconf 83' lang='grc' dir='ltr'><em>μυστήριον,</em></span> 
     </span>
    </p>
   </div>
   <div class='ocr_carea' id='block_1_69' title="bbox 350 4000 1978 4086">
    <p class='ocr_par' dir='ltr' id='par_1_69' title="bbox 350 4000 1978 4086">
     <span class='ocr_line' id='line_1_69' title="bbox 350 4000 1978 4086; baseline 0.005 -25"><span class='ocrx_word' id='word_1_467' title='bbox 410 4008 497 4063; x_wconf 80' lang='grc' dir='ltr'><em>διά</em></span> <span class='ocrx_word' id='word_1_468' title='bbox 519 4027 576 4064; x_wconf 74' lang='grc' dir='ltr'><strong><em>τε</em></strong></span> <span class='ocrx_word' id='word_1_469' title='bbox 602 4011 696 4067; x_wconf 84' lang='grc' dir='ltr'><em>τοῦ</em></span> <span class='ocrx_word' id='word_1_470' title='bbox 741 4012 883 4068; x_wconf 81' lang='grc' dir='ltr'><em>κατὰ</em></span> <span class='ocrx_word' id='word_1_471' title='bbox 906 4011 1005 4084; x_wconf 82' lang='grc' dir='ltr'><em>τὴν</em></span> <span class='ocrx_word' id='word_1_472' title='bbox 1037 4014 1251 4068; x_wconf 77' lang='grc' dir='ltr'><em>σινδόνα</em></span> <span class='ocrx_word' id='word_1_473' title='bbox 1283 4014 1728 4086; x_wconf 83' lang='grc' dir='ltr'><em>παραδείγματος</em></span> <span class='ocrx_word' id='word_1_474' title='bbox 1763 4015 1978 4083; x_wconf 84' lang='grc' dir='ltr'><em>πείσας,</em></span> 
     </span>
    </p>
   </div>
   <div class='ocr_carea' id='block_1_70' title="bbox 403 4101 1972 4177">
    <p class='ocr_par' dir='ltr' id='par_1_70' title="bbox 403 4101 1972 4177">
     <span class='ocr_line' id='line_1_70' title="bbox 403 4101 1972 4177; baseline 0.004 -22"><span class='ocrx_word' id='word_1_475' title='bbox 403 4101 492 4156; x_wconf 75' lang='grc' dir='ltr'><em>διά</em></span> <span class='ocrx_word' id='word_1_476' title='bbox 514 4119 572 4156; x_wconf 86' lang='grc' dir='ltr'><strong><em>τε</em></strong></span> <span class='ocrx_word' id='word_1_477' title='bbox 602 4104 702 4174; x_wconf 79' lang='grc' dir='ltr'><em>τῆς</em></span> <span class='ocrx_word' id='word_1_478' title='bbox 730 4103 873 4159; x_wconf 79' lang='grc' dir='ltr'><em>κατὰ</em></span> <span class='ocrx_word' id='word_1_479' title='bbox 903 4104 1002 4177; x_wconf 81' lang='grc' dir='ltr'><em>τὴν</em></span> <span class='ocrx_word' id='word_1_480' title='bbox 1042 4105 1226 4159; x_wconf 90' lang='grc' dir='ltr'><em>πίστιν</em></span> <span class='ocrx_word' id='word_1_481' title='bbox 1249 4105 1500 4177; x_wconf 81' lang='grc' dir='ltr'><em>δοθείσης</em></span> <span class='ocrx_word' id='word_1_482' title='bbox 1531 4107 1628 4160; x_wconf 80' lang='grc' dir='ltr'><em>καὶ</em></span> <span class='ocrx_word' id='word_1_483' title='bbox 1652 4109 1766 4170; x_wconf 82' lang='grc' dir='ltr'><em>τοῖς</em></span> <span class='ocrx_word' id='word_1_484' title='bbox 1789 4107 1972 4162; x_wconf 77' lang='grc' dir='ltr'><em>ἔθνεσι</em></span> 
     </span>
    </p>
   </div>
   <div class='ocr_carea' id='block_1_71' title="bbox 400 4194 1978 4270">
    <p class='ocr_par' dir='ltr' id='par_1_71' title="bbox 400 4194 1978 4270">
     <span class='ocr_line' id='line_1_71' title="bbox 400 4194 1978 4270; baseline 0.006 -24"><span class='ocrx_word' id='word_1_485' title='bbox 400 4194 617 4268; x_wconf 72' lang='grc' dir='ltr'><em>χάριτος</em></span> <span class='ocrx_word' id='word_1_486' title='bbox 671 4197 768 4251; x_wconf 77' lang='grc' dir='ltr'><em>τοῦ</em></span> <span class='ocrx_word' id='word_1_487' title='bbox 817 4198 975 4267; x_wconf 87' lang='grc' dir='ltr'><em>ἁγίου</em></span> <span class='ocrx_word' id='word_1_488' title='bbox 1034 4198 1391 4270; x_wconf 86' lang='grc' dir='ltr'><em>Πνεύματος,</em></span> <span class='ocrx_word' id='word_1_489' title='bbox 1443 4199 1520 4262; x_wconf 87' lang='grc' dir='ltr'><em>ὡς</em></span> <span class='ocrx_word' id='word_1_490' title='bbox 1556 4200 1660 4254; x_wconf 83' lang='grc' dir='ltr'><em>οὐκ</em></span> <span class='ocrx_word' id='word_1_491' title='bbox 1726 4200 1873 4255; x_wconf 76' lang='grc' dir='ltr'><em>ἔστιν</em></span> <span class='ocrx_word' id='word_1_492' title='bbox 1917 4202 1978 4256; x_wconf 78' lang='grc' dir='ltr'><em>ἐν</em></span> 
     </span>
    </p>
   </div>
   <div class='ocr_carea' id='block_1_72' title="bbox 399 4288 1982 4364">
    <p class='ocr_par' dir='ltr' id='par_1_72' title="bbox 399 4288 1982 4364">
     <span class='ocr_line' id='line_1_72' title="bbox 399 4288 1982 4364; baseline 0.005 -24"><span class='ocrx_word' id='word_1_493' title='bbox 399 4288 615 4360; x_wconf 81' lang='grc' dir='ltr'><em>Χριστῷ</em></span> <span class='ocrx_word' id='word_1_494' title='bbox 649 4289 904 4359; x_wconf 83' lang='grc' dir='ltr'><em>διαστολὴ</em></span> <span class='ocrx_word' id='word_1_495' title='bbox 960 4289 1216 4346; x_wconf 79' lang='grc' dir='ltr'><em>’ῐουδαίου</em></span> <span class='ocrx_word' id='word_1_496' title='bbox 1259 4309 1316 4344; x_wconf 85' lang='grc' dir='ltr'><strong><em>τε</em></strong></span> <span class='ocrx_word' id='word_1_497' title='bbox 1353 4292 1449 4347; x_wconf 64' lang='grc' dir='ltr'><strong><em>καὶ¹</em></strong></span> <span class='ocrx_word' id='word_1_498' title='bbox 1494 4293 1776 4364; x_wconf 85' lang='grc' dir='ltr'><em>Ἕλληνος.</em></span> <span class='ocrx_word' id='word_1_499' title='bbox 1834 4293 1982 4348; x_wconf 75' lang='grc' dir='ltr'><em>Τέσσ</em></span> 
     </span>
    </p>
   </div>
   <div class='ocr_carea' id='block_1_73' title="bbox 397 4379 1976 4454">
    <p class='ocr_par' dir='ltr' id='par_1_73' title="bbox 397 4379 1976 4454">
     <span class='ocr_line' id='line_1_73' title="bbox 397 4379 1976 4454; baseline 0.004 -21"><span class='ocrx_word' id='word_1_500' title='bbox 397 4393 621 4445; x_wconf 83' lang='grc' dir='ltr'><em>σαρσιν</em></span> <span class='ocrx_word' id='word_1_501' title='bbox 644 4379 858 4449; x_wconf 79' lang='grc' dir='ltr'><em>ἀρχαῖς</em></span> <span class='ocrx_word' id='word_1_502' title='bbox 876 4379 1222 4450; x_wconf 79' lang='grc' dir='ltr'><em>δεδεμένον,</em></span> <span class='ocrx_word' id='word_1_503' title='bbox 1243 4381 1342 4435; x_wconf 77' lang='grc' dir='ltr'><em>καὶ</em></span> <span class='ocrx_word' id='word_1_504' title='bbox 1373 4383 1728 4452; x_wconf 79' lang='grc' dir='ltr'><em>καθιέμενον</em></span> <span class='ocrx_word' id='word_1_505' title='bbox 1747 4385 1844 4439; x_wconf 75' lang='grc' dir='ltr'><strong><em>ἐπὶ</em></strong></span> <span class='ocrx_word' id='word_1_506' title='bbox 1866 4384 1976 4454; x_wconf 83' lang='grc' dir='ltr'><em>τῆς</em></span> 
     </span>
    </p>
   </div>
   <div class='ocr_carea' id='block_1_74' title="bbox 400 4467 1978 4547">
    <p class='ocr_par' dir='ltr' id='par_1_74' title="bbox 400 4467 1978 4547">
     <span class='ocr_line' id='line_1_74' title="bbox 400 4467 1978 4547; baseline 0.004 -23"><span class='ocrx_word' id='word_1_507' title='bbox 400 4467 533 4538; x_wconf 79' lang='grc' dir='ltr'><em>γῆς.</em></span> <span class='ocrx_word' id='word_1_508' title='bbox 574 4473 642 4547; x_wconf 67' lang='grc' dir='ltr'><strong>ᾼὶ</strong></span> <span class='ocrx_word' id='word_1_509' title='bbox 670 4472 939 4544; x_wconf 85' lang='grc' dir='ltr'><em>τέσσαρες</em></span> <span class='ocrx_word' id='word_1_510' title='bbox 966 4473 1155 4545; x_wconf 75' lang='grc' dir='ltr'><em>ἀρχαὶ,</em></span> <span class='ocrx_word' id='word_1_511' title='bbox 1178 4473 1430 4544; x_wconf 85' lang='grc' dir='ltr'><em>τέσσαρα</em></span> <span class='ocrx_word' id='word_1_512' title='bbox 1464 4479 1704 4546; x_wconf 85' lang='grc' dir='ltr'><em>στοιχεῖα</em></span> <span class='ocrx_word' id='word_1_513' title='bbox 1731 4477 1978 4547; x_wconf 77' lang='grc' dir='ltr'><em>δηλοῦσιο</em></span> 
     </span>
    </p>
   </div>
   <div class='ocr_carea' id='block_1_75' title="bbox 398 4562 1974 4639">
    <p class='ocr_par' dir='ltr' id='par_1_75' title="bbox 398 4562 1974 4639">
     <span class='ocr_line' id='line_1_75' title="bbox 398 4562 1974 4639; baseline 0.004 -23"><span class='ocrx_word' id='word_1_514' title='bbox 398 4564 492 4616; x_wconf 78' lang='grc' dir='ltr'><em>καὶ</em></span> <span class='ocrx_word' id='word_1_515' title='bbox 518 4562 579 4617; x_wconf 82' lang='grc' dir='ltr'><em>τὸ</em></span> <span class='ocrx_word' id='word_1_516' title='bbox 603 4564 769 4632; x_wconf 81' lang='grc' dir='ltr'><em>φανὲν</em></span> <span class='ocrx_word' id='word_1_517' title='bbox 792 4565 985 4629; x_wconf 80' lang='grc' dir='ltr'><em>σκεῦος</em></span> <span class='ocrx_word' id='word_1_518' title='bbox 1006 4565 1099 4619; x_wconf 78' lang='grc' dir='ltr'><em>τὸν</em></span> <span class='ocrx_word' id='word_1_519' title='bbox 1131 4566 1440 4638; x_wconf 84' lang='grc' dir='ltr'><em>παχύτερον</em></span> <span class='ocrx_word' id='word_1_520' title='bbox 1458 4568 1663 4638; x_wconf 77' lang='grc' dir='ltr'><em>κᾶσμον</em></span> <span class='ocrx_word' id='word_1_521' title='bbox 1690 4569 1974 4639; x_wconf 87' lang='grc' dir='ltr'><em>σημαίνει,</em></span> 
     </span>
    </p>
   </div>
   <div class='ocr_carea' id='block_1_76' title="bbox 2077 3364 3667 3443">
    <p class='ocr_par' dir='ltr' id='par_1_76' title="bbox 2077 3364 3667 3443">
     <span class='ocr_line' id='line_1_76' title="bbox 2077 3364 3667 3443; baseline 0.004 -22"><span class='ocrx_word' id='word_1_522' title='bbox 2077 3368 2327 3438; x_wconf 66' lang='lat' dir='ltr'><strong><em>quaedam</em></strong></span> <span class='ocrx_word' id='word_1_523' title='bbox 2371 3364 2528 3438; x_wconf 74' lang='lat' dir='ltr'><strong><em>Quasi</em></strong></span> <span class='ocrx_word' id='word_1_524' title='bbox 2579 3369 2882 3441; x_wconf 85' lang='lat' dir='ltr'><strong><em>speeulatio</em></strong></span> <span class='ocrx_word' id='word_1_525' title='bbox 2924 3372 3417 3443; x_wconf 88' lang='lat' dir='ltr'><strong><em>contemplatioque</em></strong></span> <span class='ocrx_word' id='word_1_526' title='bbox 3466 3373 3667 3428; x_wconf 84' lang='lat' dir='ltr'><strong><em>accidit</em></strong></span> 
     </span>
    </p>
   </div>
   <div class='ocr_carea' id='block_1_77' title="bbox 2079 3459 3668 3538">
    <p class='ocr_par' dir='ltr' id='par_1_77' title="bbox 2079 3459 3668 3538">
     <span class='ocr_line' id='line_1_77' title="bbox 2079 3459 3668 3538; baseline 0.005 -24"><span class='ocrx_word' id='word_1_527' title='bbox 2079 3459 2180 3515; x_wconf 86' lang='lat' dir='ltr'><strong><em>illi.</em></strong></span> <span class='ocrx_word' id='word_1_528' title='bbox 2208 3460 2284 3515; x_wconf 84' lang='lat' dir='ltr'><strong><em>Ac</em></strong></span> <span class='ocrx_word' id='word_1_529' title='bbox 2307 3461 2614 3516; x_wconf 84' lang='lat' dir='ltr'><strong><em>descendere</em></strong></span> <span class='ocrx_word' id='word_1_530' title='bbox 2643 3463 2713 3515; x_wconf 91' lang='lat' dir='ltr'><strong><em>ad</em></strong></span> <span class='ocrx_word' id='word_1_531' title='bbox 2743 3478 2799 3517; x_wconf 87' lang='lat' dir='ltr'><strong><em>se</em></strong></span> <span class='ocrx_word' id='word_1_532' title='bbox 2825 3480 2918 3518; x_wconf 85' lang='lat' dir='ltr'><strong><em>vas</em></strong></span> <span class='ocrx_word' id='word_1_533' title='bbox 2955 3465 3244 3535; x_wconf 87' lang='lat' dir='ltr'><strong><em>quoddam,</em></strong></span> <span class='ocrx_word' id='word_1_534' title='bbox 3276 3475 3532 3538; x_wconf 88' lang='lat' dir='ltr'><strong><em>tanquam</em></strong></span> <span class='ocrx_word' id='word_1_535' title='bbox 3562 3467 3668 3522; x_wconf 87' lang='lat' dir='ltr'><strong><em>lin-</em></strong></span> 
     </span>
    </p>
   </div>
   <div class='ocr_carea' id='block_1_78' title="bbox 2080 3550 3670 3628">
    <p class='ocr_par' dir='ltr' id='par_1_78' title="bbox 2080 3550 3670 3628">
     <span class='ocr_line' id='line_1_78' title="bbox 2080 3550 3670 3628; baseline 0.008 -25"><span class='ocrx_word' id='word_1_536' title='bbox 2080 3560 2243 3607; x_wconf 84' lang='lat' dir='ltr'><strong><em>teum.</em></strong></span> <span class='ocrx_word' id='word_1_537' title='bbox 2304 3550 2456 3622; x_wconf 90' lang='lat' dir='ltr'><strong><em>Opus</em></strong></span> <span class='ocrx_word' id='word_1_538' title='bbox 2522 3554 2756 3609; x_wconf 80' lang='lat' dir='ltr'><strong><em>habebat</em></strong></span> <span class='ocrx_word' id='word_1_539' title='bbox 2802 3555 2987 3611; x_wconf 79' lang='lat' dir='ltr'><strong><em>divina</em></strong></span> <span class='ocrx_word' id='word_1_540' title='bbox 3033 3557 3278 3628; x_wconf 78' lang='lat' dir='ltr'><strong><em>gentium</em></strong></span> <span class='ocrx_word' id='word_1_541' title='bbox 3336 3558 3670 3615; x_wconf 83' lang='lat' dir='ltr'><strong><em>revelatione</em></strong></span> 
     </span>
    </p>
   </div>
   <div class='ocr_carea' id='block_1_79' title="bbox 2080 3645 3667 3714">
    <p class='ocr_par' dir='ltr' id='par_1_79' title="bbox 2080 3645 3667 3714">
     <span class='ocr_line' id='line_1_79' title="bbox 2080 3645 3667 3714; baseline 0.004 -18"><span class='ocrx_word' id='word_1_542' title='bbox 2080 3645 2335 3714; x_wconf 87' lang='lat' dir='ltr'><strong><em>princeps</em></strong></span> <span class='ocrx_word' id='word_1_543' title='bbox 2373 3646 2746 3713; x_wconf 88' lang='lat' dir='ltr'><strong><em>apostolorum</em></strong></span> <span class='ocrx_word' id='word_1_544' title='bbox 2786 3646 3003 3703; x_wconf 84' lang='lat' dir='ltr'><strong><em>Petrus.</em></strong></span> <span class='ocrx_word' id='word_1_545' title='bbox 3045 3647 3329 3704; x_wconf 82' lang='lat' dir='ltr'><strong><em>Nesciebat</em></strong></span> <span class='ocrx_word' id='word_1_546' title='bbox 3364 3648 3512 3703; x_wconf 86' lang='lat' dir='ltr'><strong><em>enim</em></strong></span> <span class='ocrx_word' id='word_1_547' title='bbox 3555 3651 3667 3703; x_wconf 89' lang='lat' dir='ltr'><strong><em>cir-</em></strong></span> 
     </span>
    </p>
   </div>
   <div class='ocr_carea' id='block_1_80' title="bbox 2080 3736 3665 3807">
    <p class='ocr_par' dir='ltr' id='par_1_80' title="bbox 2080 3736 3665 3807">
     <span class='ocr_line' id='line_1_80' title="bbox 2080 3736 3665 3807; baseline 0.002 -16"><span class='ocrx_word' id='word_1_548' title='bbox 2080 3736 2437 3791; x_wconf 88' lang='lat' dir='ltr'><strong><em>cumcisionis</em></strong></span> <span class='ocrx_word' id='word_1_549' title='bbox 2470 3752 2535 3792; x_wconf 87' lang='lat' dir='ltr'><strong><em>ac</em></strong></span> <span class='ocrx_word' id='word_1_550' title='bbox 2559 3739 2811 3807; x_wconf 71' lang='lat' dir='ltr'><strong><em>praeputii</em></strong></span> <span class='ocrx_word' id='word_1_551' title='bbox 2844 3739 3046 3793; x_wconf 90' lang='lat' dir='ltr'><strong><em>nullam</em></strong></span> <span class='ocrx_word' id='word_1_552' title='bbox 3084 3754 3204 3794; x_wconf 89' lang='lat' dir='ltr'><strong><em>esse</em></strong></span> <span class='ocrx_word' id='word_1_553' title='bbox 3235 3739 3665 3807; x_wconf 82' lang='lat' dir='ltr'><strong><em>distinctionem,</em></strong></span> 
     </span>
    </p>
   </div>
   <div class='ocr_carea' id='block_1_81' title="bbox 2081 3827 3670 3900">
    <p class='ocr_par' dir='ltr' id='par_1_81' title="bbox 2081 3827 3670 3900">
     <span class='ocr_line' id='line_1_81' title="bbox 2081 3827 3670 3900; baseline 0.005 -22"><span class='ocrx_word' id='word_1_554' title='bbox 2081 3827 2226 3896; x_wconf 89' lang='lat' dir='ltr'><strong><em>quod</em></strong></span> <span class='ocrx_word' id='word_1_555' title='bbox 2256 3827 2455 3881; x_wconf 87' lang='lat' dir='ltr'><strong><em>attinet</em></strong></span> <span class='ocrx_word' id='word_1_556' title='bbox 2483 3827 2549 3881; x_wconf 90' lang='lat' dir='ltr'><strong><em>ad</em></strong></span> <span class='ocrx_word' id='word_1_557' title='bbox 2580 3828 2743 3883; x_wconf 81' lang='lat' dir='ltr'><strong><em>ﬁdem</em></strong></span> <span class='ocrx_word' id='word_1_558' title='bbox 2768 3844 2783 3883; x_wconf 94' lang='lat'><strong><em>:</em></strong></span> <span class='ocrx_word' id='word_1_559' title='bbox 2831 3845 3011 3899; x_wconf 90' lang='lat' dir='ltr'><strong><em>neque</em></strong></span> <span class='ocrx_word' id='word_1_560' title='bbox 3046 3845 3174 3886; x_wconf 78' lang='lat' dir='ltr'><strong><em>vero</em></strong></span> <span class='ocrx_word' id='word_1_561' title='bbox 3208 3830 3428 3900; x_wconf 88' lang='lat' dir='ltr'><strong><em>penitus</em></strong></span> <span class='ocrx_word' id='word_1_562' title='bbox 3458 3831 3670 3888; x_wconf 82' lang='lat' dir='ltr'><strong><em>sciebat.</em></strong></span> 
     </span>
    </p>
   </div>
   <div class='ocr_carea' id='block_1_82' title="bbox 2081 3917 3665 3993">
    <p class='ocr_par' dir='ltr' id='par_1_82' title="bbox 2081 3917 3665 3993">
     <span class='ocr_line' id='line_1_82' title="bbox 2081 3917 3665 3993; baseline 0.005 -23"><span class='ocrx_word' id='word_1_563' title='bbox 2081 3917 2372 3973; x_wconf 87' lang='lat' dir='ltr'><strong><em>Dominum</em></strong></span> <span class='ocrx_word' id='word_1_564' title='bbox 2409 3918 2612 3974; x_wconf 84' lang='lat' dir='ltr'><strong><em>dixisse</em></strong></span> <span class='ocrx_word' id='word_1_565' title='bbox 2641 3935 2741 3991; x_wconf 89' lang='lat' dir='ltr'><strong><em>per</em></strong></span> <span class='ocrx_word' id='word_1_566' title='bbox 2766 3936 2890 3976; x_wconf 88' lang='lat' dir='ltr'><strong><em>eum</em></strong></span> <span class='ocrx_word' id='word_1_567' title='bbox 2918 3961 2933 3986; x_wconf 95' lang='lat'><strong><em>,</em></strong></span> <span class='ocrx_word' id='word_1_568' title='bbox 2966 3922 3057 3992; x_wconf 90' lang='lat' dir='ltr'><strong><em>qui</em></strong></span> <span class='ocrx_word' id='word_1_569' title='bbox 3089 3936 3187 3992; x_wconf 89' lang='lat' dir='ltr'><strong><em>per</em></strong></span> <span class='ocrx_word' id='word_1_570' title='bbox 3218 3920 3378 3977; x_wconf 74' lang='grc' dir='ltr'><strong><em>(ἰὼ-αι</em></strong></span> <span class='ocrx_word' id='word_1_571' title='bbox 3418 3931 3665 3993; x_wconf 86' lang='lat' dir='ltr'><strong><em>apparet,</em></strong></span> 
     </span>
    </p>
   </div>
   <div class='ocr_carea' id='block_1_83' title="bbox 2081 4010 3669 4085">
    <p class='ocr_par' dir='ltr' id='par_1_83' title="bbox 2081 4010 3669 4085">
     <span class='ocr_line' id='line_1_83' title="bbox 2081 4010 3669 4085; baseline 0.004 -21"><span class='ocrx_word' id='word_1_572' title='bbox 2081 4011 2287 4065; x_wconf 89' lang='lat' dir='ltr'><strong><em>cultum</em></strong></span> <span class='ocrx_word' id='word_1_573' title='bbox 2340 4020 2531 4082; x_wconf 80' lang='lat' dir='ltr'><strong><em>gentes</em></strong></span> <span class='ocrx_word' id='word_1_574' title='bbox 2580 4010 2766 4067; x_wconf 87' lang='lat' dir='ltr'><strong><em>doceri</em></strong></span> <span class='ocrx_word' id='word_1_575' title='bbox 2816 4022 2980 4083; x_wconf 88' lang='lat' dir='ltr'><strong><em>atque</em></strong></span> <span class='ocrx_word' id='word_1_576' title='bbox 3038 4012 3363 4085; x_wconf 67' lang='lat' dir='ltr'><strong><em>evangelica:</em></strong></span> <span class='ocrx_word' id='word_1_577' title='bbox 3408 4013 3669 4072; x_wconf 75' lang='lat' dir='ltr'><strong><em>doctrina:</em></strong></span> 
     </span>
    </p>
   </div>
   <div class='ocr_carea' id='block_1_84' title="bbox 2082 4102 3668 4178">
    <p class='ocr_par' dir='ltr' id='par_1_84' title="bbox 2082 4102 3668 4178">
     <span class='ocr_line' id='line_1_84' title="bbox 2082 4102 3668 4178; baseline 0.004 -21"><span class='ocrx_word' id='word_1_578' title='bbox 2082 4102 2381 4171; x_wconf 80' lang='lat' dir='ltr'><strong><em>discipulos</em></strong></span> <span class='ocrx_word' id='word_1_579' title='bbox 2413 4102 2556 4170; x_wconf 86' lang='lat' dir='ltr'><strong><em>ﬁeri,</em></strong></span> <span class='ocrx_word' id='word_1_580' title='bbox 2588 4104 2767 4174; x_wconf 86' lang='lat' dir='ltr'><strong><em>quoad</em></strong></span> <span class='ocrx_word' id='word_1_581' title='bbox 2795 4105 2980 4159; x_wconf 89' lang='lat' dir='ltr'><strong><em>arcani</em></strong></span> <span class='ocrx_word' id='word_1_582' title='bbox 3009 4107 3223 4162; x_wconf 87' lang='lat' dir='ltr'><strong><em>consilii</em></strong></span> <span class='ocrx_word' id='word_1_583' title='bbox 3249 4122 3346 4178; x_wconf 86' lang='lat' dir='ltr'><strong><em>per</em></strong></span> <span class='ocrx_word' id='word_1_584' title='bbox 3379 4107 3668 4164; x_wconf 77' lang='lat' dir='ltr'><strong><em>revelatio~</em></strong></span> 
     </span>
    </p>
   </div>
   <div class='ocr_carea' id='block_1_85' title="bbox 2080 4192 3671 4271">
    <p class='ocr_par' dir='ltr' id='par_1_85' title="bbox 2080 4192 3671 4271">
     <span class='ocr_line' id='line_1_85' title="bbox 2080 4192 3671 4271; baseline 0.003 -20"><span class='ocrx_word' id='word_1_585' title='bbox 2080 4192 2208 4251; x_wconf 83' lang='lat' dir='ltr'><strong><em>nem</em></strong></span> <span class='ocrx_word' id='word_1_586' title='bbox 2234 4196 2284 4251; x_wconf 89' lang='lat' dir='ltr'><strong><em>ei</em></strong></span> <span class='ocrx_word' id='word_1_587' title='bbox 2315 4195 2580 4252; x_wconf 90' lang='lat' dir='ltr'><strong><em>Dominus</em></strong></span> <span class='ocrx_word' id='word_1_588' title='bbox 2603 4197 2921 4268; x_wconf 86' lang='lat' dir='ltr'><strong><em>mysterium</em></strong></span> <span class='ocrx_word' id='word_1_589' title='bbox 2949 4199 3228 4269; x_wconf 79' lang='lat' dir='ltr'><strong><em>patefecit,</em></strong></span> <span class='ocrx_word' id='word_1_590' title='bbox 3254 4209 3368 4255; x_wconf 88' lang='lat' dir='ltr'><strong><em>tum</em></strong></span> <span class='ocrx_word' id='word_1_591' title='bbox 3399 4216 3494 4271; x_wconf 87' lang='lat' dir='ltr'><strong><em>per</em></strong></span> <span class='ocrx_word' id='word_1_592' title='bbox 3519 4201 3671 4257; x_wconf 87' lang='lat' dir='ltr'><strong><em>simi-</em></strong></span> 
     </span>
    </p>
   </div>
   <div class='ocr_carea' id='block_1_86' title="bbox 2081 4276 3668 4365">
    <p class='ocr_par' dir='ltr' id='par_1_86' title="bbox 2081 4276 3668 4365">
     <span class='ocr_line' id='line_1_86' title="bbox 2081 4276 3668 4365; baseline 0.005 -23"><span class='ocrx_word' id='word_1_593' title='bbox 2081 4276 2371 4345; x_wconf 88' lang='lat' dir='ltr'><strong><em>litudinem</em></strong></span> <span class='ocrx_word' id='word_1_594' title='bbox 2419 4299 2475 4345; x_wconf 88' lang='lat' dir='ltr'><strong><em>et</em></strong></span> <span class='ocrx_word' id='word_1_595' title='bbox 2521 4291 2735 4361; x_wconf 79' lang='lat' dir='ltr'><strong><em>signum</em></strong></span> <span class='ocrx_word' id='word_1_596' title='bbox 2781 4291 2934 4347; x_wconf 87' lang='lat' dir='ltr'><strong><em>lintei</em></strong></span> <span class='ocrx_word' id='word_1_597' title='bbox 2976 4293 3111 4359; x_wconf 78' lang='lat' dir='ltr'><strong><em>veli,</em></strong></span> <span class='ocrx_word' id='word_1_598' title='bbox 3149 4302 3261 4348; x_wconf 90' lang='lat' dir='ltr'><strong><em>tum</em></strong></span> <span class='ocrx_word' id='word_1_599' title='bbox 3308 4309 3407 4364; x_wconf 90' lang='lat' dir='ltr'><strong><em>per</em></strong></span> <span class='ocrx_word' id='word_1_600' title='bbox 3439 4294 3668 4365; x_wconf 81' lang='lat' dir='ltr'><strong><em>gratiam</em></strong></span> 
     </span>
    </p>
   </div>
   <div class='ocr_carea' id='block_1_87' title="bbox 2082 4378 3671 4454">
    <p class='ocr_par' dir='ltr' id='par_1_87' title="bbox 2082 4378 3671 4454">
     <span class='ocr_line' id='line_1_87' title="bbox 2082 4378 3671 4454; baseline 0.004 -20"><span class='ocrx_word' id='word_1_601' title='bbox 2082 4381 2256 4436; x_wconf 83' lang='lat' dir='ltr'><strong><em>sancti</em></strong></span> <span class='ocrx_word' id='word_1_602' title='bbox 2289 4378 2550 4450; x_wconf 85' lang='lat' dir='ltr'><strong><em>Spiritus,</em></strong></span> <span class='ocrx_word' id='word_1_603' title='bbox 2587 4396 2710 4452; x_wconf 66' lang='lat' dir='ltr'><strong><em>quae</em></strong></span> <span class='ocrx_word' id='word_1_604' title='bbox 2740 4383 2905 4438; x_wconf 84' lang='lat' dir='ltr'><strong><em>etiam</em></strong></span> <span class='ocrx_word' id='word_1_605' title='bbox 2935 4384 3188 4454; x_wconf 77' lang='lat' dir='ltr'><strong><em>gentibus</em></strong></span> <span class='ocrx_word' id='word_1_606' title='bbox 3218 4399 3314 4453; x_wconf 88' lang='lat' dir='ltr'><strong><em>per</em></strong></span> <span class='ocrx_word' id='word_1_607' title='bbox 3353 4384 3511 4440; x_wconf 83' lang='lat' dir='ltr'><strong><em>ﬁdem</em></strong></span> <span class='ocrx_word' id='word_1_608' title='bbox 3543 4387 3671 4441; x_wconf 86' lang='lat' dir='ltr'><strong><em>data</em></strong></span> 
     </span>
    </p>
   </div>
   <div class='ocr_carea' id='block_1_88' title="bbox 2079 4473 3664 4544">
    <p class='ocr_par' dir='ltr' id='par_1_88' title="bbox 2079 4473 3664 4544">
     <span class='ocr_line' id='line_1_88' title="bbox 2079 4473 3664 4544; baseline 0.004 -18"><span class='ocrx_word' id='word_1_609' title='bbox 2079 4481 2184 4538; x_wconf 85' lang='lat' dir='ltr'><strong><em>est,</em></strong></span> <span class='ocrx_word' id='word_1_610' title='bbox 2226 4475 2274 4527; x_wconf 88' lang='lat' dir='ltr'><strong><em>ei</em></strong></span> <span class='ocrx_word' id='word_1_611' title='bbox 2320 4475 2688 4544; x_wconf 89' lang='lat' dir='ltr'><strong><em>persuadens,</em></strong></span> <span class='ocrx_word' id='word_1_612' title='bbox 2720 4473 2850 4542; x_wconf 58' lang='lat' dir='ltr'><strong><em>fnon</em></strong></span> <span class='ocrx_word' id='word_1_613' title='bbox 2896 4489 3053 4539; x_wconf 69' lang='lat' dir='ltr'><strong><em>esse,</em></strong></span> <span class='ocrx_word' id='word_1_614' title='bbox 3096 4475 3241 4543; x_wconf 92' lang='lat' dir='ltr'><strong><em>quod</em></strong></span> <span class='ocrx_word' id='word_1_615' title='bbox 3284 4475 3353 4530; x_wconf 88' lang='lat' dir='ltr'><strong><em>ad</em></strong></span> <span class='ocrx_word' id='word_1_616' title='bbox 3388 4475 3664 4532; x_wconf 86' lang='lat' dir='ltr'><strong><em>Christum</em></strong></span> 
     </span>
    </p>
   </div>
   <div class='ocr_carea' id='block_1_89' title="bbox 2080 4564 3668 4634">
    <p class='ocr_par' dir='ltr' id='par_1_89' title="bbox 2080 4564 3668 4634">
     <span class='ocr_line' id='line_1_89' title="bbox 2080 4564 3668 4634; baseline 0.003 -15"><span class='ocrx_word' id='word_1_617' title='bbox 2080 4567 2310 4632; x_wconf 86' lang='lat' dir='ltr'><strong><em>attinet,</em></strong></span> <span class='ocrx_word' id='word_1_618' title='bbox 2356 4565 2653 4621; x_wconf 85' lang='lat' dir='ltr'><strong><em>discrimen</em></strong></span> <span class='ocrx_word' id='word_1_619' title='bbox 2707 4573 2872 4634; x_wconf 86' lang='lat' dir='ltr'><strong><em>atque</em></strong></span> <span class='ocrx_word' id='word_1_620' title='bbox 2926 4565 3335 4621; x_wconf 86' lang='lat' dir='ltr'><strong><em>distinctionem</em></strong></span> <span class='ocrx_word' id='word_1_621' title='bbox 3380 4564 3550 4620; x_wconf 75' lang='grc' dir='ltr'><em>,ἰυύωί</em></span> <span class='ocrx_word' id='word_1_622' title='bbox 3608 4577 3668 4624; x_wconf 90' lang='lat' dir='ltr'><strong><em>et</em></strong></span> 
     </span>
    </p>
   </div>
   <div class='ocr_carea' id='block_1_90' title="bbox 396 4642 1976 4730">
    <p class='ocr_par' dir='ltr' id='par_1_90' title="bbox 396 4654 1976 4730">
     <span class='ocr_line' id='line_1_90' title="bbox 396 4654 1976 4730; baseline 0.006 -23"><span class='ocrx_word' id='word_1_623' title='bbox 396 4654 493 4709; x_wconf 76' lang='grc' dir='ltr'><em>καὶ</em></span> <span class='ocrx_word' id='word_1_624' title='bbox 523 4655 592 4709; x_wconf 75' lang='grc' dir='ltr'><em>τὰ</em></span> <span class='ocrx_word' id='word_1_625' title='bbox 630 4656 864 4727; x_wconf 82' lang='grc' dir='ltr'><em>διάφορα</em></span> <span class='ocrx_word' id='word_1_626' title='bbox 901 4656 1034 4721; x_wconf 79' lang='grc' dir='ltr'><em>ζῶα,</em></span> <span class='ocrx_word' id='word_1_627' title='bbox 1060 4657 1299 4727; x_wconf 73' lang='grc' dir='ltr'><em>τῆς-’τῶν</em></span> <span class='ocrx_word' id='word_1_628' title='bbox 1335 4658 1640 4730; x_wconf 81' lang='grc' dir='ltr'><em>ἀνθρώπων</em></span> <span class='ocrx_word' id='word_1_629' title='bbox 1666 4662 1775 4713; x_wconf 77' lang='grc' dir='ltr'><em>εἰσὶ</em></span> <span class='ocrx_word' id='word_1_630' title='bbox 1800 4678 1976 4716; x_wconf 90' lang='grc' dir='ltr'><em>κατα-</em></span> 
     </span>
    </p>
   </div>
   <div class='ocr_carea' id='block_1_91' title="bbox 2080 4642 3663 4730">
    <p class='ocr_par' dir='ltr' id='par_1_91' title="bbox 2082 4642 3663 4725">
     <span class='ocr_line' id='line_1_91' title="bbox 2082 4642 3663 4725; baseline -0.004 -15"><span class='ocrx_word' id='word_1_631' title='bbox 2082 4655 2278 4710; x_wconf 71' lang='lat' dir='ltr'><strong><em>Grazci.</em></strong></span> <span class='ocrx_word' id='word_1_632' title='bbox 2317 4642 2560 4721; x_wconf 82' lang='lat' dir='ltr'><strong><em>Quatuor</em></strong></span> <span class='ocrx_word' id='word_1_633' title='bbox 2600 4654 2767 4709; x_wconf 88' lang='lat' dir='ltr'><strong><em>initiis</em></strong></span> <span class='ocrx_word' id='word_1_634' title='bbox 2805 4652 3109 4725; x_wconf 78' lang='lat' dir='ltr'><strong><em>religatum,</em></strong></span> <span class='ocrx_word' id='word_1_635' title='bbox 3150 4670 3216 4707; x_wconf 90' lang='lat' dir='ltr'><strong><em>ac</em></strong></span> <span class='ocrx_word' id='word_1_636' title='bbox 3243 4653 3450 4708; x_wconf 88' lang='lat' dir='ltr'><strong><em>demitti</em></strong></span> <span class='ocrx_word' id='word_1_637' title='bbox 3473 4654 3528 4708; x_wconf 87' lang='lat' dir='ltr'><strong><em>in</em></strong></span> <span class='ocrx_word' id='word_1_638' title='bbox 3556 4666 3663 4708; x_wconf 81' lang='lat' dir='ltr'><strong><em>ter-</em></strong></span> 
     </span>
    </p>
   </div>
   <div class='ocr_carea' id='block_1_92' title="bbox 397 4744 1977 4823">
    <p class='ocr_par' dir='ltr' id='par_1_92' title="bbox 397 4744 1977 4823">
     <span class='ocr_line' id='line_1_92' title="bbox 397 4744 1977 4823; baseline 0.004 -26"><span class='ocrx_word' id='word_1_639' title='bbox 397 4744 640 4809; x_wconf 82' lang='grc' dir='ltr'><em>στάσεως</em></span> <span class='ocrx_word' id='word_1_640' title='bbox 668 4746 733 4800; x_wconf 87' lang='grc' dir='ltr'><strong><em>σύ</em></strong></span> <span class='ocrx_word' id='word_1_641' title='bbox 743 4746 938 4816; x_wconf 78' lang='grc' dir='ltr'><em>μϐολα.</em></span> <span class='ocrx_word' id='word_1_642' title='bbox 963 4749 1243 4818; x_wconf 78' lang='grc' dir='ltr'><em>Σύμϐολον</em></span> <span class='ocrx_word' id='word_1_643' title='bbox 1270 4750 1370 4818; x_wconf 83' lang='grc' dir='ltr'><em>τῆς</em></span> <span class='ocrx_word' id='word_1_644' title='bbox 1406 4750 1735 4821; x_wconf 72' lang='grc' dir='ltr'><em>οἰκουμένης</em></span> <span class='ocrx_word' id='word_1_645' title='bbox 1752 4752 1977 4823; x_wconf 81' lang='grc' dir='ltr'><em>ἀπάσης</em></span> 
     </span>
    </p>
   </div>
   <div class='ocr_carea' id='block_1_93' title="bbox 395 4834 1976 4911">
    <p class='ocr_par' dir='ltr' id='par_1_93' title="bbox 395 4834 1976 4911">
     <span class='ocr_line' id='line_1_93' title="bbox 395 4834 1976 4911; baseline 0.004 -23"><span class='ocrx_word' id='word_1_646' title='bbox 395 4835 427 4888; x_wconf 82' lang='grc' dir='ltr'><strong>ὁ</strong></span> <span class='ocrx_word' id='word_1_647' title='bbox 449 4834 546 4890; x_wconf 77' lang='grc' dir='ltr'><em>ἄνθ</em></span> <span class='ocrx_word' id='word_1_648' title='bbox 559 4853 743 4906; x_wconf 85' lang='grc' dir='ltr'><em>ρωπος</em></span> <span class='ocrx_word' id='word_1_649' title='bbox 774 4837 1080 4908; x_wconf 83' lang='grc' dir='ltr'><em>ἀκρότατον</em></span> <span class='ocrx_word' id='word_1_650' title='bbox 1117 4840 1164 4871; x_wconf 83' lang='grc'>⁹⁰</span> <span class='ocrx_word' id='word_1_651' title='bbox 1199 4834 1287 4908; x_wconf 79' lang='grc' dir='ltr'><strong><em>ἦν’</em></strong></span> <span class='ocrx_word' id='word_1_652' title='bbox 1317 4839 1472 4893; x_wconf 80' lang='grc' dir='ltr'><em>οὐδὲν</em></span> <span class='ocrx_word' id='word_1_653' title='bbox 1498 4840 1608 4911; x_wconf 86' lang='grc' dir='ltr'><em>γὰρ</em></span> <span class='ocrx_word' id='word_1_654' title='bbox 1649 4840 1828 4893; x_wconf 84' lang='grc' dir='ltr'><em>κοινὸν</em></span> <span class='ocrx_word' id='word_1_655' title='bbox 1861 4837 1976 4911; x_wconf 73' lang='grc' dir='ltr'><em>εἶχε</em></span> 
     </span>
    </p>
   </div>
   <div class='ocr_carea' id='block_1_94' title="bbox 397 4926 1976 5001">
    <p class='ocr_par' dir='ltr' id='par_1_94' title="bbox 397 4926 1976 5001">
     <span class='ocr_line' id='line_1_94' title="bbox 397 4926 1976 5001; baseline 0.004 -22"><span class='ocrx_word' id='word_1_656' title='bbox 397 4926 535 4998; x_wconf 70' lang='grc' dir='ltr'><em>πρὸς</em></span> <span class='ocrx_word' id='word_1_657' title='bbox 567 4928 848 4993; x_wconf 82' lang='grc' dir='ltr'><em>Ἰουδαίους</em></span> <span class='ocrx_word' id='word_1_658' title='bbox 870 4946 884 4959; x_wconf 91' lang='grc'><strong>·</strong></span> <span class='ocrx_word' id='word_1_659' title='bbox 911 4929 1143 4999; x_wconf 72' lang='grc' dir='ltr'><em>ἔμελλον</em></span> <span class='ocrx_word' id='word_1_660' title='bbox 1163 4930 1331 4984; x_wconf 82' lang='grc' dir='ltr'><em>αὐτοῦ</em></span> <span class='ocrx_word' id='word_1_661' title='bbox 1366 4932 1713 5001; x_wconf 71' lang='grc' dir='ltr'><em>κατηγορεῖν</em></span> <span class='ocrx_word' id='word_1_662' title='bbox 1734 4932 1976 4997; x_wconf 78' lang='grc' dir='ltr'><em>ἅπαντες</em></span> 
     </span>
    </p>
   </div>
   <div class='ocr_carea' id='block_1_95' title="bbox 395 5017 1979 5094">
    <p class='ocr_par' dir='ltr' id='par_1_95' title="bbox 395 5017 1979 5094">
     <span class='ocr_line' id='line_1_95' title="bbox 395 5017 1979 5094; baseline 0.005 -24"><span class='ocrx_word' id='word_1_663' title='bbox 395 5017 474 5080; x_wconf 81' lang='grc' dir='ltr'><em>ὡς</em></span> <span class='ocrx_word' id='word_1_664' title='bbox 518 5020 861 5089; x_wconf 79' lang='grc' dir='ltr'><em>παραϐἀτου.</em></span> <span class='ocrx_word' id='word_1_665' title='bbox 894 5022 1280 5093; x_wconf 81' lang='grc' dir='ltr'><em>Οἰκονομεῖται</em></span> <span class='ocrx_word' id='word_1_666' title='bbox 1330 5019 1427 5077; x_wconf 78' lang='grc' dir='ltr'><em>οὖν</em></span> <span class='ocrx_word' id='word_1_667' title='bbox 1465 5024 1571 5076; x_wconf 81' lang='grc' dir='ltr'><strong><em>ὑπὸ</em></strong></span> <span class='ocrx_word' id='word_1_668' title='bbox 1601 5021 1696 5077; x_wconf 79' lang='grc' dir='ltr'><em>τοῦ</em></span> <span class='ocrx_word' id='word_1_669' title='bbox 1731 5023 1979 5094; x_wconf 85' lang='grc' dir='ltr'><em>Πνεύμα-</em></span> 
     </span>
    </p>
   </div>
   <div class='ocr_carea' id='block_1_96' title="bbox 393 5109 1977 5183">
    <p class='ocr_par' dir='ltr' id='par_1_96' title="bbox 393 5109 1977 5183">
     <span class='ocr_line' id='line_1_96' title="bbox 393 5109 1977 5183; baseline 0.005 -24"><span class='ocrx_word' id='word_1_670' title='bbox 393 5122 510 5173; x_wconf 84' lang='grc' dir='ltr'><em>τος,</em></span> <span class='ocrx_word' id='word_1_671' title='bbox 531 5109 602 5162; x_wconf 77' lang='grc' dir='ltr'><strong><em>ἵν’</em></strong></span> <span class='ocrx_word' id='word_1_672' title='bbox 624 5109 725 5183; x_wconf 76' lang='grc' dir='ltr'><strong><em>ἔχῃ</em></strong></span> <span class='ocrx_word' id='word_1_673' title='bbox 742 5110 1039 5178; x_wconf 79' lang='grc' dir='ltr'><em>ἀπολογίαν</em></span> <span class='ocrx_word' id='word_1_674' title='bbox 1070 5112 1211 5181; x_wconf 80' lang='grc' dir='ltr'><em>πρὸς</em></span> <span class='ocrx_word' id='word_1_675' title='bbox 1230 5112 1357 5176; x_wconf 81' lang='grc' dir='ltr'><em>τοὺς</em></span> <span class='ocrx_word' id='word_1_676' title='bbox 1381 5112 1755 5181; x_wconf 81' lang='grc' dir='ltr'><em>ἐγκαλοῦντας</em></span> <span class='ocrx_word' id='word_1_677' title='bbox 1781 5114 1866 5167; x_wconf 84' lang='grc' dir='ltr'><em>ὅτι</em></span> <span class='ocrx_word' id='word_1_678' title='bbox 1882 5115 1977 5167; x_wconf 72' lang='grc' dir='ltr'><em>καὶ</em></span> 
     </span>
    </p>
   </div>
   <div class='ocr_carea' id='block_1_97' title="bbox 396 5200 1973 5276">
    <p class='ocr_par' dir='ltr' id='par_1_97' title="bbox 396 5200 1973 5276">
     <span class='ocr_line' id='line_1_97' title="bbox 396 5200 1973 5276; baseline 0.007 -25"><span class='ocrx_word' id='word_1_679' title='bbox 396 5200 642 5253; x_wconf 81' lang='grc' dir='ltr'><em>ἀντεῖπε·</em></span> <span class='ocrx_word' id='word_1_680' title='bbox 672 5202 812 5256; x_wconf 84' lang='grc' dir='ltr'><em>πάνυ</em></span> <span class='ocrx_word' id='word_1_681' title='bbox 849 5202 961 5274; x_wconf 77' lang='grc' dir='ltr'><em>γὰρ</em></span> <span class='ocrx_word' id='word_1_682' title='bbox 988 5203 1188 5268; x_wconf 80' lang='grc' dir='ltr'><em>αὐτοὺς</em></span> <span class='ocrx_word' id='word_1_683' title='bbox 1209 5203 1315 5257; x_wconf 78' lang='grc' dir='ltr'><em>ἔδει</em></span> <span class='ocrx_word' id='word_1_684' title='bbox 1340 5204 1432 5257; x_wconf 72' lang='grc' dir='ltr'><em>τὸν</em></span> <span class='ocrx_word' id='word_1_685' title='bbox 1461 5205 1627 5276; x_wconf 86' lang='grc' dir='ltr'><em>νόμον</em></span> <span class='ocrx_word' id='word_1_686' title='bbox 1652 5206 1973 5275; x_wconf 83' lang='grc' dir='ltr'><em>φυλάττειν.</em></span> 
     </span>
    </p>
   </div>
   <div class='ocr_carea' id='block_1_98' title="bbox 397 5285 1980 5369">
    <p class='ocr_par' dir='ltr' id='par_1_98' title="bbox 397 5285 1980 5369">
     <span class='ocr_line' id='line_1_98' title="bbox 397 5285 1980 5369; baseline 0.006 -27"><span class='ocrx_word' id='word_1_687' title='bbox 397 5289 521 5343; x_wconf 82' lang='grc' dir='ltr'><em>Ἵνα</em></span> <span class='ocrx_word' id='word_1_688' title='bbox 551 5285 647 5345; x_wconf 73' lang='grc' dir='ltr'><em>οὖν</em></span> <span class='ocrx_word' id='word_1_689' title='bbox 680 5290 755 5361; x_wconf 85' lang='grc' dir='ltr'><em>μὴ</em></span> <span class='ocrx_word' id='word_1_690' title='bbox 794 5291 959 5346; x_wconf 81' lang='grc' dir='ltr'><em>αὐτοῦ</em></span> <span class='ocrx_word' id='word_1_691' title='bbox 1002 5297 1447 5366; x_wconf 80' lang='grc' dir='ltr'><em>κατηγορήσωσι,</em></span> <span class='ocrx_word' id='word_1_692' title='bbox 1487 5295 1647 5350; x_wconf 83' lang='grc' dir='ltr'><em>τοῦτο</em></span> <span class='ocrx_word' id='word_1_693' title='bbox 1676 5298 1980 5369; x_wconf 81' lang='grc' dir='ltr'><em>οἰκονομεῖ-</em></span> 
     </span>
    </p>
   </div>
   <div class='ocr_carea' id='block_1_99' title="bbox 394 5387 1980 5463">
    <p class='ocr_par' dir='ltr' id='par_1_99' title="bbox 394 5387 1980 5463">
     <span class='ocr_line' id='line_1_99' title="bbox 394 5387 1980 5463; baseline 0.007 -25"><span class='ocrx_word' id='word_1_694' title='bbox 394 5401 512 5440; x_wconf 85' lang='grc' dir='ltr'><em>ται.</em></span> <span class='ocrx_word' id='word_1_695' title='bbox 551 5387 712 5451; x_wconf 79' lang='grc' dir='ltr'><strong><em>Ιἰσως</em></strong></span> <span class='ocrx_word' id='word_1_696' title='bbox 749 5387 805 5441; x_wconf 78' lang='grc' dir='ltr'><em>δὲ</em></span> <span class='ocrx_word' id='word_1_697' title='bbox 874 5388 970 5442; x_wconf 75' lang='grc' dir='ltr'><strong><em>ἐπὶ</em></strong></span> <span class='ocrx_word' id='word_1_698' title='bbox 1003 5389 1207 5455; x_wconf 84' lang='grc' dir='ltr'><em>γόνατα</em></span> <span class='ocrx_word' id='word_1_699' title='bbox 1255 5389 1508 5461; x_wconf 85' lang='grc' dir='ltr'><em>κείμενος</em></span> <span class='ocrx_word' id='word_1_700' title='bbox 1536 5388 1645 5445; x_wconf 83' lang='grc' dir='ltr'><em>εἶδε</em></span> <span class='ocrx_word' id='word_1_701' title='bbox 1677 5392 1777 5463; x_wconf 82' lang='grc' dir='ltr'><em>τὴν</em></span> <span class='ocrx_word' id='word_1_702' title='bbox 1808 5394 1980 5449; x_wconf 79' lang='grc' dir='ltr'><em>ὀπτα-</em></span> 
     </span>
    </p>
   </div>
   <div class='ocr_carea' id='block_1_100' title="bbox 2083 4746 3661 4820">
    <p class='ocr_par' dir='ltr' id='par_1_100' title="bbox 2083 4746 3661 4820">
     <span class='ocr_line' id='line_1_100' title="bbox 2083 4746 3661 4820; baseline -0.001 -16"><span class='ocrx_word' id='word_1_703' title='bbox 2083 4767 2219 4804; x_wconf 87' lang='lat' dir='ltr'><strong><em>ram.</em></strong></span> <span class='ocrx_word' id='word_1_704' title='bbox 2259 4748 2505 4816; x_wconf 86' lang='lat' dir='ltr'><strong><em>Quatuor</em></strong></span> <span class='ocrx_word' id='word_1_705' title='bbox 2544 4749 2695 4805; x_wconf 90' lang='lat' dir='ltr'><strong><em>initia</em></strong></span> <span class='ocrx_word' id='word_1_706' title='bbox 2737 4757 2967 4820; x_wconf 86' lang='lat' dir='ltr'><strong><em>quatuor</em></strong></span> <span class='ocrx_word' id='word_1_707' title='bbox 3011 4748 3280 4803; x_wconf 87' lang='lat' dir='ltr'><strong><em>elementa</em></strong></span> <span class='ocrx_word' id='word_1_708' title='bbox 3310 4746 3661 4820; x_wconf 79' lang='lat' dir='ltr'><strong><em>signiﬁcant:</em></strong></span> 
     </span>
    </p>
   </div>
   <div class='ocr_carea' id='block_1_101' title="bbox 2084 4839 3663 4912">
    <p class='ocr_par' dir='ltr' id='par_1_101' title="bbox 2084 4839 3663 4912">
     <span class='ocr_line' id='line_1_101' title="bbox 2084 4839 3663 4912; baseline -0.002 -16"><span class='ocrx_word' id='word_1_709' title='bbox 2084 4850 2141 4896; x_wconf 89' lang='lat' dir='ltr'><strong><em>et</em></strong></span> <span class='ocrx_word' id='word_1_710' title='bbox 2194 4857 2291 4896; x_wconf 84' lang='lat' dir='ltr'><strong><em>vas</em></strong></span> <span class='ocrx_word' id='word_1_711' title='bbox 2332 4841 2479 4911; x_wconf 87' lang='lat' dir='ltr'><strong><em>quod</em></strong></span> <span class='ocrx_word' id='word_1_712' title='bbox 2511 4840 2764 4912; x_wconf 86' lang='lat' dir='ltr'><strong><em>apparuit</em></strong></span> <span class='ocrx_word' id='word_1_713' title='bbox 2829 4839 3153 4895; x_wconf 84' lang='lat' dir='ltr'><strong><em>crassiorem</em></strong></span> <span class='ocrx_word' id='word_1_714' title='bbox 3215 4840 3476 4895; x_wconf 87' lang='lat' dir='ltr'><strong><em>mundum</em></strong></span> <span class='ocrx_word' id='word_1_715' title='bbox 3513 4839 3663 4895; x_wconf 80' lang='lat' dir='ltr'><strong><em>desi-</em></strong></span> 
     </span>
    </p>
   </div>
   <div class='ocr_carea' id='block_1_102' title="bbox 2086 4931 3666 5006">
    <p class='ocr_par' dir='ltr' id='par_1_102' title="bbox 2086 4931 3666 5006">
     <span class='ocr_line' id='line_1_102' title="bbox 2086 4931 3666 5006; baseline -0.002 -18"><span class='ocrx_word' id='word_1_716' title='bbox 2086 4943 2252 5006; x_wconf 78' lang='lat' dir='ltr'><strong><em>gnat:</em></strong></span> <span class='ocrx_word' id='word_1_717' title='bbox 2287 4942 2343 4988; x_wconf 86' lang='lat' dir='ltr'><strong><em>et</em></strong></span> <span class='ocrx_word' id='word_1_718' title='bbox 2377 4933 2592 4989; x_wconf 88' lang='lat' dir='ltr'><strong><em>diversa</em></strong></span> <span class='ocrx_word' id='word_1_719' title='bbox 2624 4933 2900 4997; x_wconf 88' lang='lat' dir='ltr'><strong><em>animalia,</em></strong></span> <span class='ocrx_word' id='word_1_720' title='bbox 2937 4931 3217 4986; x_wconf 85' lang='lat' dir='ltr'><strong><em>hominum</em></strong></span> <span class='ocrx_word' id='word_1_721' title='bbox 3255 4932 3579 4988; x_wconf 78' lang='lat' dir='ltr'><strong><em>conditionis</em></strong></span> <span class='ocrx_word' id='word_1_722' title='bbox 3611 4941 3666 4985; x_wconf 83' lang='lat' dir='ltr'><strong><em>et</em></strong></span> 
     </span>
    </p>
   </div>
   <div class='ocr_carea' id='block_1_103' title="bbox 2087 5018 3666 5095">
    <p class='ocr_par' dir='ltr' id='par_1_103' title="bbox 2087 5018 3666 5095">
     <span class='ocr_line' id='line_1_103' title="bbox 2087 5018 3666 5095; baseline -0.003 -15"><span class='ocrx_word' id='word_1_723' title='bbox 2087 5025 2498 5081; x_wconf 89' lang='lat' dir='ltr'><strong><em>constitutionis</em></strong></span> <span class='ocrx_word' id='word_1_724' title='bbox 2531 5032 2661 5081; x_wconf 86' lang='lat' dir='ltr'><strong><em>sunt</em></strong></span> <span class='ocrx_word' id='word_1_725' title='bbox 2692 5018 2864 5095; x_wconf 81' lang='lat' dir='ltr'><strong><em>signa.</em></strong></span> <span class='ocrx_word' id='word_1_726' title='bbox 2903 5023 3154 5080; x_wconf 87' lang='lat' dir='ltr'><strong><em>Universi</em></strong></span> <span class='ocrx_word' id='word_1_727' title='bbox 3192 5024 3341 5080; x_wconf 85' lang='lat' dir='ltr'><strong><em>orbis</em></strong></span> <span class='ocrx_word' id='word_1_728' title='bbox 3374 5034 3533 5081; x_wconf 64' lang='lat' dir='ltr'><strong><em>terrae</em></strong></span> <span class='ocrx_word' id='word_1_729' title='bbox 3565 5024 3666 5077; x_wconf 86' lang='lat' dir='ltr'><strong><em>ha-</em></strong></span> 
     </span>
    </p>
   </div>
   <div class='ocr_carea' id='block_1_104' title="bbox 2089 5115 3665 5190">
    <p class='ocr_par' dir='ltr' id='par_1_104' title="bbox 2089 5115 3665 5190">
     <span class='ocr_line' id='line_1_104' title="bbox 2089 5115 3665 5190; baseline -0.003 -16"><span class='ocrx_word' id='word_1_730' title='bbox 2089 5120 2272 5175; x_wconf 74' lang='lat' dir='ltr'><strong><em>bitatee</em></strong></span> <span class='ocrx_word' id='word_1_731' title='bbox 2313 5120 2525 5190; x_wconf 78' lang='lat' dir='ltr'><strong><em>signum</em></strong></span> <span class='ocrx_word' id='word_1_732' title='bbox 2569 5124 2687 5172; x_wconf 89' lang='lat' dir='ltr'><strong><em>erat</em></strong></span> <span class='ocrx_word' id='word_1_733' title='bbox 2728 5117 2891 5172; x_wconf 91' lang='lat' dir='ltr'><strong><em>homo</em></strong></span> <span class='ocrx_word' id='word_1_734' title='bbox 2925 5117 3195 5187; x_wconf 80' lang='lat' dir='ltr'><strong><em>praeputio</em></strong></span> <span class='ocrx_word' id='word_1_735' title='bbox 3233 5116 3444 5183; x_wconf 78' lang='lat' dir='ltr'><strong><em>obsitus</em></strong></span> <span class='ocrx_word' id='word_1_736' title='bbox 3479 5132 3492 5168; x_wconf 93' lang='lat'><strong><em>:</em></strong></span> <span class='ocrx_word' id='word_1_737' title='bbox 3528 5115 3665 5169; x_wconf 90' lang='lat' dir='ltr'><strong><em>nihil</em></strong></span> 
     </span>
    </p>
   </div>
   <div class='ocr_carea' id='block_1_105' title="bbox 2087 5206 3665 5266">
    <p class='ocr_par' dir='ltr' id='par_1_105' title="bbox 2087 5206 3665 5266">
     <span class='ocr_line' id='line_1_105' title="bbox 2087 5206 3665 5266; baseline -0.003 -1"><span class='ocrx_word' id='word_1_738' title='bbox 2087 5211 2234 5266; x_wconf 90' lang='lat' dir='ltr'><strong><em>enim</em></strong></span> <span class='ocrx_word' id='word_1_739' title='bbox 2275 5224 2567 5265; x_wconf 89' lang='lat' dir='ltr'><strong><em>commune</em></strong></span> <span class='ocrx_word' id='word_1_740' title='bbox 2611 5208 2845 5263; x_wconf 86' lang='lat' dir='ltr'><strong><em>habebat</em></strong></span> <span class='ocrx_word' id='word_1_741' title='bbox 2890 5221 3017 5263; x_wconf 90' lang='lat' dir='ltr'><strong><em>cum</em></strong></span> <span class='ocrx_word' id='word_1_742' title='bbox 3056 5207 3306 5263; x_wconf 75' lang='lat' dir='ltr'><strong><em>Iudaeis:</em></strong></span> <span class='ocrx_word' id='word_1_743' title='bbox 3355 5206 3665 5263; x_wconf 85' lang='lat' dir='ltr'><strong><em>accusaturi</em></strong></span> 
     </span>
    </p>
   </div>
   <div class='ocr_carea' id='block_1_106' title="bbox 2085 5298 3662 5371">
    <p class='ocr_par' dir='ltr' id='par_1_106' title="bbox 2085 5298 3662 5371">
     <span class='ocr_line' id='line_1_106' title="bbox 2085 5298 3662 5371; baseline -0.003 -13"><span class='ocrx_word' id='word_1_744' title='bbox 2085 5313 2244 5359; x_wconf 90' lang='lat' dir='ltr'><strong><em>erant</em></strong></span> <span class='ocrx_word' id='word_1_745' title='bbox 2273 5319 2398 5358; x_wconf 87' lang='lat' dir='ltr'><strong><em>eum</em></strong></span> <span class='ocrx_word' id='word_1_746' title='bbox 2431 5316 2620 5358; x_wconf 88' lang='lat' dir='ltr'><strong><em>omnes</em></strong></span> <span class='ocrx_word' id='word_1_747' title='bbox 2646 5309 2901 5370; x_wconf 83' lang='lat' dir='ltr'><strong><em>tanquam</em></strong></span> <span class='ocrx_word' id='word_1_748' title='bbox 2928 5309 3381 5371; x_wconf 79' lang='lat' dir='ltr'><strong><em>transgressorem</em></strong></span> <span class='ocrx_word' id='word_1_749' title='bbox 3409 5306 3463 5352; x_wconf 89' lang='lat' dir='ltr'><strong><em>et</em></strong></span> <span class='ocrx_word' id='word_1_750' title='bbox 3492 5298 3662 5354; x_wconf 83' lang='lat' dir='ltr'><strong><em>viola-</em></strong></span> 
     </span>
    </p>
   </div>
   <div class='ocr_carea' id='block_1_107' title="bbox 2091 5387 3661 5465">
    <p class='ocr_par' dir='ltr' id='par_1_107' title="bbox 2091 5387 3661 5465">
     <span class='ocr_line' id='line_1_107' title="bbox 2091 5387 3661 5465; baseline -0.006 -14"><span class='ocrx_word' id='word_1_751' title='bbox 2091 5406 2261 5451; x_wconf 90' lang='lat' dir='ltr'><strong><em>torem</em></strong></span> <span class='ocrx_word' id='word_1_752' title='bbox 2292 5395 2445 5465; x_wconf 83' lang='lat' dir='ltr'><strong><em>legis.</em></strong></span> <span class='ocrx_word' id='word_1_753' title='bbox 2481 5391 2590 5449; x_wconf 82' lang='lat' dir='ltr'><strong><em>Rcs</em></strong></span> <span class='ocrx_word' id='word_1_754' title='bbox 2623 5392 2785 5464; x_wconf 77' lang='lat' dir='ltr'><strong><em>igitur</em></strong></span> <span class='ocrx_word' id='word_1_755' title='bbox 2811 5391 2888 5446; x_wconf 82' lang='lat' dir='ltr'><strong><em>ita</em></strong></span> <span class='ocrx_word' id='word_1_756' title='bbox 2919 5406 2948 5445; x_wconf 89' lang='lat' dir='ltr'><strong><em>a</em></strong></span> <span class='ocrx_word' id='word_1_757' title='bbox 2991 5387 3198 5460; x_wconf 87' lang='lat' dir='ltr'><strong><em>Spiritu</em></strong></span> <span class='ocrx_word' id='word_1_758' title='bbox 3228 5387 3661 5457; x_wconf 87' lang='lat' dir='ltr'><strong><em>administratur,</em></strong></span> 
     </span>
    </p>
   </div>
   <div class='ocr_carea' id='block_1_108' title="bbox 1593 5503 2491 5570">
    <p class='ocr_par' dir='ltr' id='par_1_108' title="bbox 1593 5503 2491 5570">
     <span class='ocr_line' id='line_1_108' title="bbox 1593 5503 2491 5570; baseline 0.01 -9"><span class='ocrx_word' id='word_1_759' title='bbox 1593 5504 1798 5567; x_wconf 68' lang='lat' dir='ltr'><strong><em>Varite</em></strong></span> <span class='ocrx_word' id='word_1_760' title='bbox 1841 5503 2149 5570; x_wconf 83' lang='lat' dir='ltr'><strong><em>lectiones</em></strong></span> <span class='ocrx_word' id='word_1_761' title='bbox 2194 5514 2256 5568; x_wconf 87' lang='lat' dir='ltr'><strong><em>et</em></strong></span> <span class='ocrx_word' id='word_1_762' title='bbox 2301 5513 2491 5570; x_wconf 69' lang='lat' dir='ltr'><strong><em>noue.</em></strong></span> 
     </span>
    </p>
   </div>
   <div class='ocr_carea' id='block_1_109' title="bbox 467 5625 1016 5699">
    <p class='ocr_par' dir='ltr' id='par_1_109' title="bbox 467 5625 1016 5699">
     <span class='ocr_line' id='line_1_109' title="bbox 467 5625 1016 5699; baseline 0.002 -17"><span class='ocrx_word' id='word_1_763' title='bbox 467 5625 514 5699; x_wconf 48' lang='grc' dir='ltr'><em>δ’</em></span> <span class='ocrx_word' id='word_1_764' title='bbox 541 5625 849 5699; x_wconf 70' lang='grc' dir='ltr'><em>Εκαθάρησε</em></span> <span class='ocrx_word' id='word_1_765' title='bbox 881 5637 1016 5683; x_wconf 84' lang='lat' dir='ltr'><strong><em>erat.</em></strong></span> 
     </span>
    </p>
   </div>
   <div class='ocr_carea' id='block_1_110' title="bbox 1127 5625 3656 5700">
    <p class='ocr_par' dir='ltr' id='par_1_110' title="bbox 1127 5625 3656 5700">
     <span class='ocr_line' id='line_1_110' title="bbox 1127 5625 3656 5700; baseline -0.004 -13"><span class='ocrx_word' id='word_1_766' title='bbox 1127 5630 1174 5662; x_wconf 68' lang='lat'><strong><em>9°</em></strong></span> <span class='ocrx_word' id='word_1_767' title='bbox 1205 5630 1527 5699; x_wconf 82' lang='grc' dir='ltr'><em>ἀκρότατον,</em></span> <span class='ocrx_word' id='word_1_768' title='bbox 1550 5632 1819 5700; x_wconf 73' lang='lat' dir='ltr'><strong><em>scriptura</em></strong></span> <span class='ocrx_word' id='word_1_769' title='bbox 1873 5644 2028 5699; x_wconf 85' lang='lat' dir='ltr'><strong><em>erat;</em></strong></span> <span class='ocrx_word' id='word_1_770' title='bbox 2058 5634 2244 5689; x_wconf 83' lang='lat' dir='ltr'><strong><em>deinde</em></strong></span> <span class='ocrx_word' id='word_1_771' title='bbox 2286 5649 2387 5686; x_wconf 86' lang='lat' dir='ltr'><strong><em>non</em></strong></span> <span class='ocrx_word' id='word_1_772' title='bbox 2446 5632 2662 5685; x_wconf 87' lang='lat' dir='ltr'><strong><em>inducta</em></strong></span> <span class='ocrx_word' id='word_1_773' title='bbox 2690 5630 2789 5685; x_wconf 81' lang='lat' dir='ltr'><strong><em>hac</em></strong></span> <span class='ocrx_word' id='word_1_774' title='bbox 2812 5629 3058 5694; x_wconf 84' lang='lat' dir='ltr'><strong><em>dictione,</em></strong></span> <span class='ocrx_word' id='word_1_775' title='bbox 3089 5641 3250 5695; x_wconf 84' lang='lat' dir='ltr'><strong><em>supra</em></strong></span> <span class='ocrx_word' id='word_1_776' title='bbox 3272 5625 3514 5700; x_wconf 75' lang='lat' dir='ltr'><strong><em>ultimam</em></strong></span> <span class='ocrx_word' id='word_1_777' title='bbox 3544 5625 3656 5693; x_wconf 84' lang='lat' dir='ltr'><strong><em>syl-</em></strong></span> 
     </span>
    </p>
   </div>
   <div class='ocr_carea' id='block_1_111' title="bbox 394 5694 3664 5773">
    <p class='ocr_par' dir='ltr' id='par_1_111' title="bbox 394 5694 3664 5773">
     <span class='ocr_line' id='line_1_111' title="bbox 394 5694 3664 5773; baseline 0.001 -25"><span class='ocrx_word' id='word_1_778' title='bbox 394 5694 600 5773; x_wconf 72' lang='lat' dir='ltr'><strong><em>la’ram,</em></strong></span> <span class='ocrx_word' id='word_1_779' title='bbox 626 5694 826 5773; x_wconf 53' lang='lat' dir='ltr'><strong><em>nempe,</em></strong></span> <span class='ocrx_word' id='word_1_780' title='bbox 851 5714 1036 5773; x_wconf 71' lang='grc' dir='ltr'><em>τατον,</em></span> <span class='ocrx_word' id='word_1_781' title='bbox 1060 5699 1249 5773; x_wconf 80' lang='lat' dir='ltr'><strong><em>litteris</em></strong></span> <span class='ocrx_word' id='word_1_782' title='bbox 1281 5694 1536 5773; x_wconf 66' lang='lat' dir='ltr'><strong><em>minimis,</em></strong></span> <span class='ocrx_word' id='word_1_783' title='bbox 1556 5694 1793 5773; x_wconf 81' lang='lat' dir='ltr'><strong><em>positum</em></strong></span> <span class='ocrx_word' id='word_1_784' title='bbox 1855 5713 1953 5766; x_wconf 88' lang='lat' dir='ltr'><strong><em>est,</em></strong></span> <span class='ocrx_word' id='word_1_785' title='bbox 1984 5694 2200 5771; x_wconf 72' lang='grc' dir='ltr'><em>βυστὸς,</em></span> <span class='ocrx_word' id='word_1_786' title='bbox 2241 5712 2402 5773; x_wconf 85' lang='lat' dir='ltr'><strong><em>atque</em></strong></span> <span class='ocrx_word' id='word_1_787' title='bbox 2442 5703 2540 5769; x_wconf 88' lang='lat' dir='ltr'><strong><em>ita,</em></strong></span> <span class='ocrx_word' id='word_1_788' title='bbox 2573 5711 2630 5755; x_wconf 89' lang='lat' dir='ltr'><strong><em>ut</em></strong></span> <span class='ocrx_word' id='word_1_789' title='bbox 2657 5702 2920 5756; x_wconf 85' lang='lat' dir='ltr'><strong><em>sententia</em></strong></span> <span class='ocrx_word' id='word_1_790' title='bbox 2949 5714 3153 5771; x_wconf 80' lang='lat' dir='ltr'><strong><em>quoque</em></strong></span> <span class='ocrx_word' id='word_1_791' title='bbox 3182 5695 3436 5767; x_wconf 83' lang='lat' dir='ltr'><strong><em>postulat,</em></strong></span> <span class='ocrx_word' id='word_1_792' title='bbox 3486 5694 3664 5765; x_wconf 79' lang='lat' dir='ltr'><strong><em>legen-</em></strong></span> 
     </span>
    </p>
   </div>
   <div class='ocr_carea' id='block_1_112' title="bbox 391 5766 1976 5855">
    <p class='ocr_par' dir='ltr' id='par_1_112' title="bbox 391 5766 1974 5855">
     <span class='ocr_line' id='line_1_112' title="bbox 391 5766 1974 5855; baseline 0.006 -40"><span class='ocrx_word' id='word_1_793' title='bbox 391 5766 535 5820; x_wconf 82' lang='lat' dir='ltr'><strong><em>dum</em></strong></span> <span class='ocrx_word' id='word_1_794' title='bbox 565 5766 830 5833; x_wconf 69' lang='lat' dir='ltr'><strong><em>existimo,</em></strong></span> <span class='ocrx_word' id='word_1_795' title='bbox 854 5768 1138 5838; x_wconf 70' lang='grc' dir='ltr'><em>ἄνθρωπος</em></span> <span class='ocrx_word' id='word_1_796' title='bbox 1164 5769 1522 5855; x_wconf 77' lang='grc' dir='ltr'><em>ἀκρόδυστος,</em></span> <span class='ocrx_word' id='word_1_797' title='bbox 1546 5766 1811 5842; x_wconf 81' lang='grc' dir='ltr'><em>δηλονότι,</em></span> <span class='ocrx_word' id='word_1_798' title='bbox 1840 5774 1868 5824; x_wconf 86' lang='grc' dir='ltr'>ὁ</span> <span class='ocrx_word' id='word_1_799' title='bbox 1896 5774 1974 5827; x_wconf 82' lang='grc' dir='ltr'><em>Κο</em></span> 
     </span>
    </p>
   </div>
   <div class='ocr_carea' id='block_1_113' title="bbox 2080 5766 2464 5855">
    <p class='ocr_par' dir='ltr' id='par_1_113' title="bbox 2083 5766 2464 5837">
     <span class='ocr_line' id='line_1_113' title="bbox 2083 5766 2464 5837; baseline 0.003 -12"><span class='ocrx_word' id='word_1_800' title='bbox 2083 5775 2193 5837; x_wconf 82' lang='grc' dir='ltr'><em>λιος</em></span> <span class='ocrx_word' id='word_1_801' title='bbox 2233 5766 2464 5836; x_wconf 72' lang='grc' dir='ltr'><em>ἐκεῖνος.</em></span> 
     </span>
    </p>
   </div>
   <div class='ocr_carea' id='block_1_114' title="bbox 482 5856 1857 5931">
    <p class='ocr_par' dir='ltr' id='par_1_114' title="bbox 482 5856 1857 5931">
     <span class='ocr_line' id='line_1_114' title="bbox 482 5856 1857 5931; baseline 0.003 -18"><span class='ocrx_word' id='word_1_802' title='bbox 482 5856 537 5899; x_wconf 68' lang='grc' dir='ltr'><em>ἱθ</em></span> <span class='ocrx_word' id='word_1_803' title='bbox 564 5858 782 5926; x_wconf 82' lang='lat' dir='ltr'><strong><em>accidit,</em></strong></span> <span class='ocrx_word' id='word_1_804' title='bbox 818 5868 873 5913; x_wconf 88' lang='lat' dir='ltr'><strong><em>ut</em></strong></span> <span class='ocrx_word' id='word_1_805' title='bbox 900 5870 1050 5917; x_wconf 68' lang='lat' dir='ltr'><strong><em>extra</em></strong></span> <span class='ocrx_word' id='word_1_806' title='bbox 1078 5878 1133 5917; x_wconf 86' lang='lat' dir='ltr'><strong><em>se</em></strong></span> <span class='ocrx_word' id='word_1_807' title='bbox 1162 5869 1452 5931; x_wconf 80' lang='lat' dir='ltr'><strong><em>raperetur.</em></strong></span> <span class='ocrx_word' id='word_1_808' title='bbox 1537 5863 1605 5902; x_wconf 71' lang='lat' dir='ltr'><strong><em>i“</em></strong></span> <span class='ocrx_word' id='word_1_809' title='bbox 1668 5862 1857 5917; x_wconf 68' lang='lat' dir='ltr'><strong><em>return.</em></strong></span> 
     </span>
    </p>
   </div>
  </div>
