4070 6422
397 347 504 410 663
1336 342 1908 402 THEOPHYLACTI
1943 341 2348 401 BULGARI/E
2387 342 2739 405 ARCHIEP.
2844 340 2846 343 ’
3523 340 3642 406 (64

395 458 440 512 si
475 465 533 512 et
561 456 666 511 hoc
697 455 899 511 factum
929 461 1032 519 est,
1064 461 1118 507 ct
1141 451 1504 507 nihilominus
1530 450 1955 506 scandalizantur

2064 444 2150 519 ἦν,
2176 449 2229 502 τί
2253 450 2437 504 οὐκᾶν
2465 453 2711 519 crevere;
2748 453 2820 506 Τὸ
2836 453 2912 518 δὲ,
2929 452 3444 522 Μεταπέμψασθαί
3457 470 3529 505 σε
3552 458 3640 518 εις

395 557 450 602 et
492 546 883 602 olIenduntur:
937 545 979 600 si
1025 545 1128 600 hoc
1174 559 1286 598 non
1333 543 1403 597 ita
1449 550 1627 604 esset,
1671 540 1800 610 quid
1850 556 1955 595 non

2064 541 2171 594 τὸν
2185 537 2352 595 οἷκον
2363 543 2568 608 αὐτοῦ’,
2581 544 2677 613 οὐχ
2690 543 2765 606 ὡς
2780 545 3156 615 καταφρονῶν,
3173 544 3358 614 φησὶν,
3374 543 3638 613 ἔπεμψεν,

394 637 639 692 futurum
670 636 907 690 fuisset?
948 636 1216 690 Caeterum
1243 634 1383 704 quod
1415 633 1565 696 dicit,
1588 633 1651 687 Ut
1681 642 1955 685 arcesseret

2065 633 2180 685 ἀλλ’
2216 633 2510 703 ἐκελεύσθη
2541 634 2683 688 οὕτω
2706 651 2720 665 ⁸
2747 635 2822 706 μὴ
2849 635 2941 688 οὖν
2971 636 3411 707 καταφρονήσῃς.
3444 633 3642 695 Καλῶς

386 741 443 784 ,ιε
473 730 682 781 domum
717 742 914 781 suam:
957 742 1066 781 non
1104 736 1357 796 tanquam
1385 724 1731 794 despiciens,
1767 723 1962 793 inquit,

394 818 570 881 misit,
616 819 709 873 sed
743 817 1023 887 itajussus
1060 825 1180 872 est:
1218 831 1288 870 ne
1327 815 1488 885 igitur
1523 813 1760 884 negligas
1803 822 1963 882 atque

391 918 732 964 contemnas.
772 908 941 966 Recte
975 907 1136 978 igitur
1160 907 1310 977 prius
1339 905 1621 970 homines,
1657 914 1720 959 ut
1752 905 1843 974 qui
1875 904 1964 958 iti-

393 999 544 1054 neris
574 1000 758 1054 labore
778 999 908 1054 fessi
933 1007 1136 1063 essent,
1167 998 1404 1069 benigne
1430 997 1629 1051 invitat
1650 1004 1706 1051 et
1726 994 1964 1065 hospitio

391 1089 611 1159 accipit,
635 1099 795 1158 atque
819 1089 892 1143 ita
930 1090 1032 1145 sibi
1056 1089 1309 1145 conciliat
1337 1104 1401 1144 ac
1426 1090 1760 1144 demeretur.
1789 1085 1960 1142 Porro

2066 721 2157 776 οὖν
2205 725 2469 796 πρότερον
2513 725 2826 796 φιλοφρονεῖ
2894 727 3020 790 τοὺς
3077 727 3311 796 ἄνδρας,
3369 725 3464 779 ἅτε
3528 727 3637 779 ἀπὸ

2068 815 2317 885 καμάτου
2343 815 2525 883 ὄντας,
2563 818 2659 871 καὶ
2685 818 2901 872 οἱκειῶν
2935 820 3132 889 ἐαυτῷ.
3163 819 3242 872 To
3271 819 3330 873 δὲ
3362 818 3637 871 συνελθεῖν

2068 905 2218 976 αὐτῷ
2245 924 2400 970 τινας
2433 908 2492 974 ἐξ
2527 907 2774 980 Ἰόππης,
2801 910 3160 980 οἰκονομικῶς
3201 906 3290 981 ἦν,
3320 908 3461 962 ὥστε
3497 902 3645 961 εῖναι-

2066 997 2349 1069 μάρτυρας
2383 999 2521 1069 μετὰ
2548 999 2740 1068 ταῦτα,
2770 1000 2897 1054 ὅταν
2925 1000 3368 1072 ἀπολογήσασθαι
3397 1000 3492 1070 δέῃ
3531 999 3638 1051 Πέ-

2067 1105 2217 1158 τρον.

391 1189 453 1234 ut
480 1194 543 1233 ex
568 1178 739 1250 Jeppe
779 1179 992 1250 quidam
1028 1196 1134 1235 una
1173 1180 1676 1249 proﬁciscerentur,
1714 1178 1819 1232 hoc
1860 1177 2055 1241 accidit
2095 1179 2275 1234 divina
2309 1181 2669 1252 providentia,
2703 1191 2762 1238 ut
2830 1192 2993 1239 testes
3060 1183 3318 1238 nimirum
3386 1181 3621 1252 posthac

389 1279 602 1335 essent,
635 1285 760 1325 cum
787 1271 981 1327 Petrus
1007 1287 1146 1342 opus
1185 1273 1410 1328 haberet
1447 1271 1769 1343 purgatione
1800 1277 1965 1339 atque
1999 1269 2338 1328 defensione.

456 1367 525 1419 At
555 1366 853 1433 Cornelius,
899 1372 1193 1424 convocatis
1224 1373 1330 1425 suis
1359 1370 1603 1441 cognatis
1631 1386 1694 1424 ac
1725 1383 1963 1423 necessa-
2023 1407 2029 1413 .

389 1459 484 1513 riis
510 1460 720 1525 amicis,
746 1462 1056 1531 expectabat
1088 1461 1226 1515 illas.

457 1630 624 1686 Vens.
657 1633 748 1688 25.
773 1634 834 1690 Ut
853 1642 1028 1688 autem
1046 1633 1232 1689 Petrus
1249 1635 1575 1706 ingressurus
1593 1642 1724 1699 erat,
1744 1635 1971 1688 occurrit

387 1725 439 1776 ei
453 1721 813 1789 Cornelius,ac
831 1727 1169 1795 procumbens
1194 1727 1264 1781 ad
1282 1728 1433 1795 pedes
1448 1743 1565 1781 eum
1583 1735 1857 1780 veneratus
1873 1733 1970 1780 est.

458 1896 624 1952 Vens.
659 1898 748 1953 26.
796 1899 900 1954 Sed
927 1899 1118 1955 Petrus
1158 1917 1275 1955 eum
1317 1903 1482 1956 erexit
1538 1920 1600 1955 ac
1641 1902 1966 1964 sublevavit;

387 1984 587 2057 Surge,
607 1988 845 2056 inquiens
871 2032 886 2055 ,
925 2007 1049 2044 nam
1072 2000 1120 2044 et
1150 1994 1459 2062 egometipse
1485 1996 1636 2047 homo
1664 2009 1801 2047 sum.

454 2077 614 2134 Vnus.
655 2079 744 2134 27.
779 2082 848 2135 Et
877 2082 1176 2152 colloquens
1225 2100 1343 2137 cum
1377 2101 1435 2138 eo
1477 2087 1740 2155 ingressus
1769 2094 1867 2149 est,
1899 2100 1964 2138 ac

382 2169 575 2235 reperit
606 2171 797 2226 multos
827 2182 1184 2243 congregatos.

453 2256 646 2316 Clarus
697 2276 760 2316 ac
801 2263 1119 2333 splendidus
1168 2275 1285 2320 erat
1330 2266 1412 2321 vir
1447 2265 1770 2331 Cornelius,
1811 2279 1865 2324 et
1907 2271 1960 2324 in

385 2345 599 2402 celebri
630 2364 706 2405 ac.
726 2352 899 2407 nobili
936 2355 1070 2409 urbe
1097 2355 1430 2411 domicilium
1458 2357 1711 2413 habebat.
1752 2359 1956 2414 Convo-

383 2438 517 2491 catis
538 2442 770 2508 cognatis
788 2453 833 2496 et
858 2447 1391 2501 necessariisamicis.
1419 2446 1626 2502 Revera
1651 2457 1831 2504 autem
1857 2449 1960 2506 hoc

382 2538 504 2583 erat
529 2531 689 2586 amici
714 2533 884 2588 Deum
913 2536 1162 2603 colentis,
1191 2537 1389 2592 talibus
1417 2537 1574 2593 bonis
1593 2539 1809 2611 oblatis,
1837 2555 1956 2594 om-

313 2620 325 2636 ’
381 2620 533 2677 nium
579 2623 790 2689 socios,
843 2635 1004 2696 atque
1057 2628 1350 2699 participes
1398 2628 1578 2684 facere
1621 2631 1957 2686 necessarios

381 2712 603 2768 amicos.
646 2713 998 2774 Necessarios
1027 2728 1209 2774 autem
1235 2720 1456 2788 amicos,
1493 2731 1552 2776 ut
1579 2722 1779 2787 quibus
1807 2737 1954 2777 sem-

379 2817 477 2872 per
504 2805 823 2871 conﬁderet,
851 2818 1000 2864 recte
1016 2823 1430 2878 convocaverat,
1477 2828 1601 2869 cum
1644 2815 1712 2870 de
1755 2815 1952 2870 talibus

378 2893 542 2948 rebus
571 2896 622 2949 ei
651 2906 926 2954 certamen
949 2903 1092 2958 esset
1116 2896 1418 2974 i'“.Atque
1449 2907 1608 2961 amici
1651 2915 1708 2961 et
1741 2905 1952 2977 cognati

377 2983 510 3037 mihi
544 2986 708 3040 etiam
733 2990 878 3058 apud
901 3007 1024 3046 eum
1053 2995 1256 3064 epulati
1282 3004 1443 3067 atque
1465 2997 1717 3052 convivio
1739 2996 1948 3066 accepti

2147 1368 2212 1422 '0
2241 1369 2310 1423 δὲ
2339 1371 2678 1439 Κορνήλιος
2704 1367 2783 1442 ἦν
2812 1369 3173 1440 προσδοκῶν
3202 1367 3445 1434 αὐτοὺς,
3489 1382 3636 1435 συγ-

2068 1462 2484 1532 καλεσάμενος
2534 1463 2677 1530 τοὺς
2737 1463 3050 1533 συγγενεῖς
3106 1459 3296 1516 αὐτοῦ
3348 1458 3446 1513 καὶ
3496 1457 3640 1524 τοὺς

2068 1553 2434 1622 ἀναγκαίους
2473 1557 2709 1623 φίλους.

2152 1643 2251 1708 Ὠς
2293 1641 2362 1696 δὲ
2406 1643 2645 1713 ἐγένετο
2694 1643 2800 1697 τοῦ
2827 1643 2843 1675 ¹
2897 1641 3193 1697 εἰσελθεῖν
3239 1641 3348 1695 τὸν
3394 1638 3640 1705 Πέτρον,

2073 1734 2473 1803 συναντήσας
2501 1733 2660 1799 αὐτῷ
2693 1736 2726 1788 ὀ
2754 1733 3105 1802 Κορνήλιος,
3138 1731 3345 1786 πεσὼν
3371 1727 3471 1783 ἐπὶ
3501 1727 3650 1793 τοὺς

2003 1808 2044 1862 Β
2075 1824 2284 1891 πόδας,
2316 1826 2793 1894 προσεκύνησεν.

2152 1916 2208 1968 '0
2242 1914 2310 1968 δὲ
2335 1915 2557 1984 Πέτρος
2581 1916 2769 1970 αὐτὸν
2799 1915 2997 1984 ἤγειρε
3024 1914 3222 1984 λέγων
3239 1927 3256 1945 ο
3308 1909 3641 1978 Ἀνάστηθι,

2069 2006 2230 2076 κάγὼ
2260 2007 2442 2074 αὐτὸς
2471 2007 2780 2074 ἅνθρωπός
2804 2008 2942 2076 εἰμι.

2137 2096 2249 2150 Kal
2277 2095 2622 2167 συνομιλῶν
2669 2095 2851 2161 αὐτῷ,
2888 2093 3155 2165 εἰσῆλθε,
3222 2092 3318 2148 καὶ
3374 2092 3640 2162 εὑρίσκει

2065 2189 2478 2254 συνελθόντας
2505 2189 2525 2219 ¹
2555 2189 2844 2253 πολλούς.

2148 2277 2446 2348 Ἐπισημος
2477 2274 2546 2350 ἦν
2575 2281 2602 2331 ὁ
2636 2277 2796 2348 ἀνὴρ,
2827 2277 2925 2332 καὶ
2950 2278 3008 2331 ὲν
3035 2277 3294 2346 ἐπισήμῳ
3326 2273 3478 2328 πόλει
3505 2289 3640 2340 τυγ-

2063 2370 2262 2440 χάνων.
2295 2369 2834 2439 Συγκαλεσάμενος
2862 2369 3004 2436 τοὺς
3033 2366 3369 2438 συγγενεῖς.
3396 2364 3488 2435 Τῷ
3518 2363 3641 2418 ὄντι

2062 2459 2118 2514 δὲ
2141 2461 2322 2524 τοῦτο,
2351 2461 2504 2528 φίλου
2545 2459 2850 2525 θεοσεϐοῦς,
2893 2463 2952 2514 ὲν
2981 2461 3092 2522 τοῖς
3118 2458 3381 2521 τοιούτοις
3406 2455 3631 2524 ἀγαθοῖς

2060 2551 2286 2605 πάντων.
2316 2551 2586 2604 ποιεῖσθαι
2633 2550 2926 2614 κοινωνοὺς
2977 2551 3105 2614 τοὺς
3153 2547 3486 2617 ἀναγκαίους
3539 2543 3626 2613 φί-

2059 2641 2204 2704 λους.
2253 2641 2605 2709 Ἀναγκαιους
2633 2641 2691 2695 δὲ
2713 2641 2897 2710 φίλους
2921 2641 3142 2703 εἰκότως
3165 2635 3243 2702 οἷς
3265 2638 3487 2708 ἐθάρρει
3514 2635 3634 2700 ἀεὶ,

2057 2733 2187 2803 περὶ
2215 2732 2323 2786 τῶν
2349 2732 2604 2786 τοιούτων
2636 2733 2788 2796 ὄντος
2808 2732 2954 2799 αὐτῷ
2974 2731 3068 2784 τοῦ
3095 2731 3326 2800 ἀγῶνος.
3351 2729 3460 2784 Καὶ
3482 2727 3630 2797 φίλοι

2055 2823 2111 2876 δὲ
2146 2823 2241 2876 καὶ
2295 2827 2574 2892 συγγενεῖς
2624 2824 2746 2894 ἐμοὶ
2773 2821 2986 2876 δοκοῦσι
3041 2825 3175 2892 παρ’
3206 2820 3356 2890 αὑτῷ
3397 2821 3628 2889 εὐωχεῖ-

2055 2915 2200 2970 σθαι.
2247 2917 2390 2986 Ὅρα
2435 2915 2495 2968 δὲ
2525 2915 2641 2980 πῶς
2688 2917 3008 2969 ἐπίστευσεν
3065 2914 3146 2967 ὅτι
3189 2913 3405 2974 πάντως
3443 2911 3558 2980 ἥξει
3601 2912 3631 2964 5

2054 3005 2296 3076 Πέτρος·
2354 3007 2436 3059 ὅτι
2487 3007 2588 3060 οὐκ
2631 3007 2691 3060 ὲν
2747 3004 2899 3074 ὕπνῳ
2932 3003 3090 3073 ὤφθη
3139 3002 3286 3073 αὐτῷ
3317 3004 3346 3055 ὁ
3373 2998 3631 3070 ἄγγελος,

377 3087 500 3127 esse
532 3074 818 3135 videntur.
844 3080 922 3135 Ac
951 3083 1076 3139 vide
1109 3093 1170 3139 ut
1197 3088 1419 3142 omnino
1449 3089 1696 3144 crederet
1726 3088 1945 3144 Petrum

2052 3074 2179 3152 ἀλλ(
2201 3098 2524 3169 ἐγρηγορότι
2554 3097 2645 3151 καὶ
2678 3098 2745 3151 ὲν
2765 3096 2972 3168 ἡμέρᾳ.
3017 3096 3079 3187 ξο
3097 3093 3171 3187 δὲ
3192 3089 3624 3187 numquam

375 3173 665 3222 venturum
694 3208 709 3235 ,
734 3171 859 3239 quia
889 3189 995 3228 non
1025 3175 1079 3229 in
1105 3192 1298 3234 somno
1324 3180 1533 3234 viderat
1552 3179 1824 3251 angelum,
1852 3181 1947 3236 sed

2052 3188 2250 3258 ἤγειρε
2297 3188 2520 3258 λέγων·
2581 3187 2918 3255 Ἀνάστηθι,
2968 3184 3130 3256 κάγὼ
3177 3183 3362 3247 αὐτὸς
3396 3181 3619 3249 ἄνθρω-

373 3254 604 3327 vigilans
621 3269 675 3315 et
689 3259 944 3319 interdiu.
969 3267 1076 3322 Sed
1091 3267 1278 3324 Petrus
1295 3287 1414 3326 eum
1431 3273 1735 3339 sublevavit,
1759 3273 1946 3346 Surge,
1981 3305 1992 3314 -

372 3351 636 3420 inquiens,
667 3371 788 3409 nam
826 3370 876 3412 et
905 3363 1217 3432 egometipse
1245 3365 1399 3418 homo
1425 3382 1563 3420 sum.
1597 3367 1707 3424 llac
1731 3387 1865 3426 voce
1894 3383 1950 3427 et

373 3442 510 3499 alios
553 3445 808 3513 docebat,
843 3461 897 3506 et
932 3451 1042 3508 Deo
1079 3457 1279 3526 gratias
1317 3458 1538 3526 agebat,
1575 3470 1628 3515 et
1663 3462 1830 3518 animi
1863 3467 1947 3520 sui

374 3533 740 3592 humilitatem
777 3544 1116 3601 ostendebat.
1155 3547 1544 3605 Animadverte
1577 3561 1782 3620 autem,
1818 3564 1946 3610 ante

371 3628 558 3683 omnia
597 3629 699 3686 hoc
728 3648 822 3689 eos
861 3636 1048 3704 docet,
1088 3654 1160 3694 ne
1195 3639 1323 3710 quid
1369 3643 1609 3712 amplum
1647 3645 1714 3700 de
1751 3647 1946 3717 seipsis

371 3719 554 3793 animo
583 3725 934 3795 conciperent
962 3737 1126 3800 atque
1157 3733 1479 3803 cogitarent.

437 3808 604 3866 Vens.
624 3813 713 3868 28.
733 3815 808 3870 Ac
826 3819 1045 3874 aixitad
1068 3839 1152 3877 eos
1174 3842 1191 3877 :
1222 3823 1322 3878 Vos
1337 3827 1479 3881 scitis
1501 3845 1660 3899 quam
1679 3831 1942 3901 nefarium
1972 3817 1976 3824 ’

368 3903 418 3948 et
439 3899 760 3956 nonlicitum
788 3904 859 3957 sit
875 3905 1074 3963 homini
1111 3909 1296 3966 Judteo
1322 3914 1687 3988 seladjungere
1721 3899 1940 3985 etacce-

368 3987 492 4042 dere
517 3989 588 4044 ad
625 3991 982 4064 alienigenam
1004 4014 1023 4052 :
1063 4002 1156 4055 sed
1183 4003 1312 4057 mihi
1340 4003 1482 4060 Deus
1517 3987 1744 4065 ostendit
1768 4013 1938 4066 nemi-

368 4093 486 4131 nem
535 4095 864 4140 communem
920 4097 1015 4141 aut
1071 4089 1338 4159 impurum
1387 4095 1649 4155 hominem
1695 4119 1806 4158 esse
1853 4106 1939 4158 di-

366 4170 606 4224 cendum.

439 4255 601 4314 Vens.
619 4260 1064 4328 29.Quanzoarem
1080 4271 1360 4330 etiamsine
1375 4282 1700 4336 recusatione
1711 4285 1827 4339 veni
1848 4302 1938 4340 ac-

360 4348 598 4405 cersitus.
625 4347 813 4414 Qiter
851 4357 1031 4425 igitur,
1049 4375 1153 4428 qua
1172 4363 1235 4416 de
1246 4379 1406 4420 causa
1423 4372 1798 4427 accersiveritis
1824 4376 1938 4428 me?

2047 3283 2161 3348 πός
2206 3283 2352 3352 ειμι·
2385 3281 2559 3351 τούτῳ
2593 3281 2839 3346 καὶτοὺς
2873 3281 3065 3343 ἄλλους
3092 3276 3380 3339 παιδεύων,
3419 3273 3515 3328 καὶ
3541 3271 3622 3341 τῷ

2047 3373 2165 3443 Θεῷ
2195 3372 2535 3443 εὐχαριστῶν
2558 3373 2599 3438 ³,
2641 3372 2701 3426 τὸ
2742 3373 2996 3429 ταπεινὸν
3028 3371 3194 3426 αὐτοῦ
3240 3365 3621 3436 ἐπιδεικνύμερ

2046 3480 2156 3526 νος.
2199 3463 2343 3532 Ὅρα
2367 3461 2446 3526 δὲ,
2475 3462 2582 3532 πρὸ
2613 3463 2720 3516 τῶν
2743 3462 2916 3518 ἄλλων
2937 3461 3096 3516 τοῦτο
3123 3460 3319 3524 αὐτοὺς
3350 3455 3624 3523 παιδεύει,

2048 3552 2215 3624 μηδὲν
2244 3552 2391 3623 μέγα
2425 3553 2554 3624 περὶ
2589 3553 2799 3610 ἑαυτῶν
2831 3553 3220 3624 φαντάζεσθαι.

2117 3822 2271 3890 Ἔφη,
2302 3837 2364 3874 τε
2413 3819 2564 3888 πρὸς
2597 3820 2818 3884 αὐτούς
2840 3837 2853 3850 ο
2901 3815 3096 3887 ’Υμεῖς
3145 3814 3492 3876 ἐπίστασθε,
3533 3810 3616 3875 ὡς

2040 3910 2319 3982 ἀθέμιτόν
2377 3911 2549 3964 ἐστιν
2622 3909 2794 3978 ἀνδρὶ
2855 3908 3122 3972 Ἰουδαίῳ
3179 3901 3515 3960 κολλᾶσθαι
3572 3899 3612 3968 ἣ

2041 4001 2486 4074 προσέρχεσθαι
2516 4002 2874 4071 ἀλλοφύλῳι
2906 3999 3003 4054 καὶ
3028 3998 3156 4068 ἐμοὶ
3189 3999 3221 4052 ό
3251 3994 3399 4065 Θεὸς
3424 3990 3616 4057 ἔδειξε

2035 4095 2271 4165 μηδένα
2302 4094 2508 4149 κοινὸν
2534 4093 2574 4162 ἢ
2607 4092 2943 4162 ἀκάθαρτον
2967 4091 3172 4160 λέγειν
3208 4088 3552 4156 ἄνθρωπον-

2109 4277 2207 4330 Διὸ
2253 4273 2352 4329 καὶ
2406 4271 2852 4338 ἁναντιρῤητως
2903 4263 3096 4338 ἦλθον
3146 4261 3607 4334 μεταπεμφθείς.

2037 4367 2422 4436 Πυνθάνομαι
2457 4359 2594 4428 οὖν,
2623 4362 2740 4416 τίνι
2774 4363 2937 4430 λόγῳ
2957 4354 3420 4428 μετεπέμψασθέ
3445 4368 3557 4422 με;

432 4437 593 4496 Vens.
616 4443 704 4500 5'0.
732 4444 802 4500 Et
826 4446 1351 4511 Carnelius:Nudius
1372 4469 1613 4526 quartus,
1639 4461 1827 4532 inquit,
1853 4480 1936 4518 us-

2111 4459 2222 4512 Kal.
2259 4461 2292 4512 ό
2321 4455 2651 4524 Κορνήλιος
2691 4454 2808 4524 ἔφη
2830 4470 2845 4486 °
2896 4451 3035 4506 Ἀπὸ
3072 4447 3360 4517 τετάρτης
3388 4445 3612 4514 ἡμέρας

359 4545 459 4600 que
481 4533 550 4586 ad
569 4534 704 4590 hanc
734 4535 919 4594 horam
955 4557 1099 4597 eram
1134 4545 1373 4614 jejunus,
1399 4548 1510 4619 92
1540 4560 1589 4604 et
1635 4555 1765 4606 hora
1797 4570 1936 4610 nona

2052 4550 2206 4619 ιέχρι
2253 4549 2478 4614 ταύτης
2517 4546 2627 4616 τῆς
2669 4544 2823 4614 ὥρας
2897 4543 3060 4613 ἥμην
3128 4538 3461 4605 νηστεύων,
3509 4536 3612 4590 καὶ

357 4621 614 4684 precabar
658 4626 800 4682 domi
829 4645 998 4688 mea:
1032 4642 1080 4687 et
1110 4650 1222 4688 ecce
1254 4637 1337 4690 vir
1357 4642 1498 4692 stetit
1535 4655 1714 4695 coram
1751 4658 1834 4696 me
1879 4644 1935 4697 in

358 4715 492 4760 veste
520 4710 813 4778 splendida.

425 4881 589 4940 Vens.
618 4886 705 4977 Eii.
737 4888 807 4943 Et
840 4893 918 4947 ait
950 4910 969 4950 :
1001 4895 1240 4966 Corneli,
1273 4903 1539 4957 exaudita:
1601 4917 1724 4958 sunt
1752 4923 1928 4977 preces

340 4983 462 5027 .tuaz
504 4985 554 5047 et
603 4975 942 5054 eleemosynte
986 4997 1089 5045 tua:
1136 4991 1193 5046 in
1231 4995 1488 5048 memoria
1556 4975 1760 5053 habitat
1805 5009 1926 5054 sunt

340 5078 534 5119 .coram
562 5065 692 5124 Deo.

422 5152 585 5211 Vens.
618 5160 705 5215 52.
734 5160 881 5218 Mitte
911 5167 1077 5237 igitur
1110 5170 1312 5240 Joppen
1353 5177 1562 5230 nuntios
1583 5216 1597 5241 ,
1639 5187 1688 5230 et
1719 5195 1922 5234 accerse

353 5241 634 5318 Simonem,
671 5256 763 5319 qui
799 5260 1195 5326 cognominatur
1223 5262 1415 5319 Petrus
1441 5281 1460 5319 .'
1495 5267 1578 5320 hic
1607 5268 1761 5322 habet
1802 5271 1920 5324 hos-

2034 4643 2150 4709 τὴν
2193 4639 2455 4706 ἐννιὶτην
2505 4637 2676 4706 ὥραν¹
2701 4638 3190 4706 προσευχόμενος
3225 4633 3295 4685 ἐν
3343 4628 3424 4694 τῷ
3462 4628 3612 4694 οἴκῳ

2032 4739 2184 4799 ιιουῖ
2223 4729 2322 4784 καὶ
2354 4728 2483 4783 ὶδοὺ
2512 4728 2669 4797 ἀνὴρ
2701 4729 2850 4799 ἔστη
2879 4728 3138 4783 ἐνώπιόν
3152 4743 3271 4798 μου
3300 4727 3370 4781 ἐν
3399 4720 3612 4789 ἐσθῆτι

2035 4821 2298 4891 λαμπρᾷ,

2105 4913 2218 4967 Καί
2243 4929 2395 4982 φησι
2414 4931 2426 4944 ·
2459 4913 2770 4984 Κορνήλιε,
2793 4913 3170 4980 εἰσηκούσθη,
3193 4925 3311 4964 σου
3342 4909 3380 4976 ἡ
3412 4915 3606 4975 προσ-

2033 5004 2207 5073 ευχὴ,
2234 5007 2334 5060 καὶ
2371 5010 2430 5061 al
2475 5007 2883 5076 ἐλεημοσύναι
2915 5019 3030 5058 σου
3069 5000 3468 5073 ἐμνήσθησαν
3507 4999 3604 5053 ἐν-

2031 5092 2219 5149 ώπιον
2249 5096 2355 5150 τοῦ
2388 5096 2557 5150 Θεοῦ.

2036 5161 2038 5163 ¹
2099 5183 2349 5252 Πέμψον
2376 5179 2491 5238 οὖν
2515 5187 2602 5248 εὶς
2643 5181 2916 5249 Ἰόππην,
2956 5181 3050 5235 καὶ
3073 5177 3476 5249 μετακάλεσαι
3498 5178 3601 5231 Σί-

2025 5291 2215 5344 μωνα,
2264 5274 2331 5340 ὃς
2379 5273 2747 5328 ἐπικαλεῖται
2779 5271 3030 5340 Πέτρος·
3081 5267 3258 5339 οὗτος
3313 5268 3601 5338 ξενίζεται

1536 5452 1737 5513 Variae
1783 5455 2091 5519 lectiones
2109 5467 2170 5520 et
2214 5467 2402 5521 notae.

423 5594 441 5628 ⁸
469 5597 588 5663 τοῦ,
621 5614 725 5653 non
758 5613 832 5657 est
873 5607 929 5660 in
977 5612 1210 5683 vulgato.
1296 5616 1402 5672 ³1η
1455 5621 1664 5692 vulgato
1698 5635 1794 5692 est,
1830 5644 1951 5682 συνε

2052 5628 2302 5694 .ουθότας.
2383 5633 2402 5663 ³
2433 5630 2601 5688 Locus
2653 5634 3124 5691 muti-lustvidetur.

427 5734 805 5793 imlaboraret.
