4070 6408
361 395 458 461 665

1076 382 1485 445 EXPOSITIO‘
1517 382 1599 441 IN
1622 381 1808 439 ACTA
1839 379 2409 441 APOSTDLORUM.
2449 406 2517 417 -ο
2555 383 2712 446 CAP.
2742 384 2816 444 X.
2925 331 2933 337 ι

3455 386 3562 452 €66

360 508 425 560 ἐν
445 502 602 569 οἰκίᾳ
641 500 898 568 Σίμωνος
924 494 1203 564 βυρσέως
1250 492 1409 561 παρὰ
1453 491 1793 554 θάλασσαν,
1842 487 1910 553 ὃς

2010 489 2195 556 pitium
2209 491 2261 541 in
2290 490 2444 543 domo
2470 488 2695 545 Simonis
2726 492 2944 546 coriarii
2961 492 3119 562 juxta
3147 511 3292 549 mare
3317 498 3440 566 :qui
3477 498 3560 551 ubi

360 593 822 662 παραγενόμενος
850 586 1106 653 λαλήσει
1136 600 1254 638 σοι.

435 683 528 748 Ἐξ
549 680 733 748 αὐτῆς
753 675 868 733 οὖν
887 677 1123 745 ἔπεμψα
1134 675 1281 743 πρὸς
1297 672 1370 726 σέ
1390 674 1432 705 ⁸·
1456 673 1503 703 ⁸·
1528 673 1608 726 σύ
1623 686 1683 724 τε
1705 667 1903 734 καλῶς

358 768 646 835 ἐποίησας
668 764 1165 832 παραγενόμενος.
1195 761 1326 814 Νῦν
1354 755 1466 815 οὖν
1486 759 1702 824 πάντες
1734 755 1904 825 ἡμεῖς

355 861 607 913 ἐνώπιον
673 854 778 909 τοῦ
847 852 993 907 Θεοῦ
1066 851 1524 920 παρεστήκαμεν
1548 852 1568 882 ⁸
1650 850 1904 905 ἀκοῦσαι

364 946 548 1001 πάντα
582 945 655 999 τὰ
691 941 1177 1011 προστεταγμένα
1205 955 1303 992 σοι
1334 937 1452 991 ὑπὸ
1490 939 1596 991 τοῦ
1628 939 1794 991 Θεοῦ.

431 1037 629 1105 ’Υμεῖς
659 1034 1006 1099 ἐπίστασθε,
1047 1032 1127 1096 ὡς
1152 1029 1427 1097 ἀθέμιτόν
1458 1030 1647 1083 ἐστιν.
1686 1028 1905 1092 Εὐθέως

358 1126 480 1197 περὶ
520 1128 619 1194 τῆς
672 1123 764 1177 τοῦ
802 1121 936 1176 Θεοῦ
983 1118 1386 1190 φιλανθρωπίας
1428 1118 1767 1186 διαλέγεται,
1808 1117 1904 1170 καὶ

355 1214 622 1269 δείκνυσιν
645 1213 726 1265 ὅτι
759 1211 968 1283 μεγάλα
987 1210 1171 1271 αὐτοῖς
1203 1208 1490 1279 ἐχαρίσατο
1510 1213 1538 1263 6
1571 1209 1701 1272 Θεός
1721 1225 1737 1241 ⁶
1765 1206 1901 1279 ὁμοῦ

354 1304 409 1358 δὲ
432 1304 527 1357 καὶ
559 1302 774 1374 μεγάλα
805 1301 1097 1371 φθέγγεται
1121 1301 1215 1353 καὶ
1245 1300 1541 1370 μετριάζει.
1576 1299 1650 1353 Οὐ
1675 1299 1781 1367 γὰρ
1814 1293 1904 1351 εῖ-

353 1409 473 1457 πεν,
518 1392 862 1462 ΙἌνθρωποι,
915 1389 1104 1460 μηδενὶ
1160 1389 1541 1454 καταξιοῦντες
1590 1387 1902 1451 κολλᾶσθαι,

352 1482 586 1553 ἦλθομεν
618 1481 753 1552 πρὸς
784 1483 926 1551 ὑμᾶς
948 1496 963 1510 ⁸
1000 1480 1134 1534 ἀλλᾶ
1164 1480 1251 1545 τίς
1288 1481 1474 1550 Ὑμεῖς
1502 1478 1791 1531 ἐπίστασθε
1828 1477 1905 1541 ὡς

349 1575 377 1625 6
411 1572 545 1635 Θεὸς
570 1571 728 1625 τοῦτο
763 1572 1047 1634 ἐκέλευσε,
1094 1571 1410 1641 παράνομον
1439 1565 1577 1622 εἶναι
1611 1567 1904 1621 κολλᾶσθαι

347 1664 380 1734 ἢ
412 1663 812 1734 προσέρχεσθαι
850 1661 1162 1732 ἀλλοφύλῳο
1204 1662 1299 1715 καὶ
1341 1661 1463 1730 ἐμοὶ
1496 1662 1525 1714 6
1570 1660 1701 1722 Θεὸς
1737 1658 1904 1722 ἔδειξε

351 1755 552 1826 μηδένα
607 1753 807 1819 κοινὸν,
871 1753 904 1824 ἢ
963 1753 1270 1824 ἀκάθαρτον
1343 1750 1524 1818 λέγειν
1595 1750 1900 1820 ἄνθρωπον.

348 1844 686 1916 Σημειωτέον
713 1842 794 1897 ὅτι
815 1844 843 1895 6
866 1841 1028 1905 αὐτὸς
1054 1840 1184 1905 Θεὸς
1210 1840 1469 1911 ἐπέτρεψε
1494 1840 1573 1911 τῷ
1593 1838 1897 1912 Χριστιανῷ

347 1935 457 2005 λαῷ
484 1934 687 2005 μηδένα
725 1934 1008 2004 ἄνθρωπον
1036 1932 1212 1986 κοινὸν
1254 1932 1287 2002 ἢ
1335 1932 1638 2002 ἀκάθαρτον
1677 1931 1890 1999 λέγειν,

346 2027 479 2081 ἀλλὰ
517 2028 756 2080 συνεῖναι
784 2025 990 2088 αὐτοῖς,
1024 2024 1120 2078 ἅτε
1161 2023 1385 2086 ιλπίδας
1430 2023 1611 2094 ἔχουσι
1659 2022 1753 2075 τοῦ
1799 2038 1887 2075 πι-

346 2119 555 2174 στεύειν
576 2114 808 2186 μάλιστα
827 2115 907 2178 είς
934 2116 1186 2184 Χριστόν.
1217 2113 1591 2181 Πυνθάνομαι
1617 2106 1749 2174 οὖν,
1775 2112 1894 2163 τίνι

341 2209 500 2279 λόγῳ
523 2203 985 2278 μετεπέμψασθέ
1021 2219 1097 2273 με
1113 2218 1134 2267 ;
1187 2204 1326 2273 Ἤδη
1368 2203 1429 2256 τὸ
1482 2203 1590 2256 πᾶν
1628 2204 1657 2254 6
1693 2201 1895 2270 Πέτρος

344 2299 542 2369 llum:
580 2297 676 2350 καὶ
701 2295 852 2365 παρά
888 2294 994 2348 τῶν
1025 2293 1399 2365 στρατιωτῶν·
1434 2291 1571 2347 ἀλλὰ
1602 2291 1848 2363 βούλεται
1869 2300 1892 2332 ⁷

344 2387 557 2458 πρῶτον
586 2386 782 2450 αὐτοὺς
807 2384 1138 2455 ὁμολογῆσαι
1171 2384 1266 2438 καὶ
1298 2382 1625 2447 ὑπευθύνους
1668 2383 1895 2454 ποιῆσαι

341 2481 404 2549 τῇ
436 2477 640 2531 πίστει.
686 2476 805 2544 Τὴν
830 2476 1090 2545 ἐννάτην
1110 2475 1289 2543 ὥραν,
1324 2478 1475 2546 φησι,
1502 2477 1897 2544 προσευχόμε-

342 2586 479 2634 νος.
493 2567 559 2621 Τί
581 2567 697 2620 ἔστι
726 2567 921 2632 τοῦτος
970 2568 1123 2636 Ἐμοὶ
1154 2566 1301 2620 δοκεί
1328 2567 1552 2636 καιροὺς
1586 2561 1736 2628 οὗτος
1761 2564 1895 2634 ὡρι-

340 2657 496 2714 κέναι
527 2655 704 2728 ἐαυτῷ
732 2655 850 2727 βίου
878 2655 1292 2725 ἀκριϐεστάτου,
1341 2656 1437 2709 καὶ⁸
1479 2654 1537 2707 εν
1577 2671 1717 2707 τισιν
1757 2654 1898 2723 ἠμέ-

342 2759 491 2818 pate.
511 2746 611 2800 Διὰ
639 2746 748 2815 γὰρ
769 2743 932 2800 τοῦτο
956 2740 1110 2797 εἷπεν
1126 2760 1141 2776 ο
1181 2742 1319 2796 Ἀπὸ
1342 2743 1623 2812 τετάρτης
1651 2742 1894 2811 ἡμέρας.

342 2834 485 2906 Ὅρα
507 2836 679 2889 πόσον
697 2837 844 2889 ἐστίν
863 2836 1026 2907 εὐχήι
1048 2833 1178 2889 Ὅτε
1199 2832 1470 2888 ἐπέδωκεν
1491 2834 1569 2896 εἰς
1589 2833 1893 2897 εὐλάϐειαν,

340 2925 458 2980 τότε
506 2926 753 2996 φαίνεται
785 2926 935 2996 αὐτῷ
977 2927 1006 2979 6
1042 2925 1290 2993 ἄγγελος.
1335 2921 1480 2995 Αὕτη
1532 2922 1628 2994 μία
1669 2923 1893 2993 ἡμέρωθ

339 3017 435 3071 καὶ
460 3017 551 3088 ’ἣν
603 3015 844 3087 ἀπῆλθον
894 3018 943 3070 οί
980 3015 1323 3086 πεμφθέντες
1379 3015 1529 3085 παρὰ
1572 3012 1892 3086 Κορνηλίου,

343 3109 438 3178 μία
457 3123 474 3139 °
506 3108 601 3162 καὶ
621 3106 689 3179 ἥν
721 3103 904 3179 ἦλθον,
954 3107 1075 3177 μία,
1115 3109 1206 3160 καὶ
1237 3107 1512 3177 τέταρτον’
1536 3107 1732 3176 ἐφάνη,
1763 3106 1896 3162 ὡσεὶ

2009 586 2225 644 uenerit,
2259 580 2493 649 loquetur
2516 582 2628 638 tibi.

2071 665 2233 722 Vens.
2256 670 2345 722 55.
2366 670 2551 739 Itaque
2579 672 2841 740 extemplo,
2857 673 2971 726 misi
2999 674 3068 727 ad
3100 675 3174 728 tei
3209 693 3224 729 :
3257 692 3320 729 ac
3345 684 3402 730 tu
3429 676 3557 730 bene

2004 756 2192 824 fecisti,
2216 760 2304 828 qui
2333 762 2621 815 adveneris.
2648 760 2803 814 Nunc
2831 764 3108 833 igiturnos
3125 781 3300 820 omnes
3325 777 3562 820 astamus

2005 848 2061 900 in
2089 858 2359 918 conspectu
2379 851 2494 916 Dei,
2518 854 2695 920 parati
2715 855 2898 908 audire
2926 856 3118 921 omnia,
3154 872 3269 925 quae
3294 858 3385 909 tibi
3408 874 3562 911 man-

2004 938 2133 993 data
2163 950 2284 993 sunt
2316 959 2349 995 a
2391 943 2515 997 Deo.

2083 1025 2184 1082 Vos
2205 1032 2354 1084 scitis
2377 1048 2534 1100 quam
2553 1048 2655 1085 non
2680 1034 2881 1087 licitum
2905 1034 2993 1098 sit,
3022 1045 3128 1089 ctc.
3161 1036 3353 1090 Statim
3375 1036 3443 1090 de
3467 1036 3563 1090 Dei

2004 1117 2262 1172 adversus
2286 1119 2534 1175 homines
2552 1122 2731 1175 studio
2752 1131 2913 1191 atque
2940 1123 3276 1177 humanitate
3302 1123 3562 1192 loquitur,

2005 1212 2061 1258 et
2101 1205 2341 1259 ostendit
2371 1205 2540 1259 Deum
2581 1222 2772 1276 magna
2803 1208 2884 1262 eis
2925 1207 3173 1276 largitum
3206 1222 3347 1263 esse.
3391 1207 3573 1261 Simul

2004 1303 2180 1349 autem
2202 1303 2257 1349 et
2280 1311 2471 1367 magna
2492 1297 2750 1366 loquitur,
2774 1308 2829 1352 et
2854 1299 3176 1353 modestiam
3200 1299 3419 1353 adhibet
3443 1314 3561 1353 ser-

2004 1385 2201 1439 monis.
2235 1383 2354 1440 Non
2385 1386 2527 1439 enim
2561 1387 2729 1452 dixit,
2771 1388 3058 1451 Homines,
3092 1389 3182 1457 qui
3221 1389 3424 1442 nemini
3462 1403 3577 1441 nos

2004 1476 2298 1546 adiungere
2334 1486 2494 1546 atque
2534 1493 2821 1549 aggregare
2861 1482 3176 1549 dignamur,
3219 1482 3464 1534 venimus
3498 1480 3570 1534 ad

2003 1582 2098 1620 vos
2125 1608 2141 1632 ,
2176 1567 2268 1620 sed
2313 1567 2485 1636 quid?
2515 1566 2624 1621 Vos
2658 1570 2811 1623 scitis
2851 1569 3015 1623 Deum
3054 1570 3106 1623 id
3146 1570 3373 1639 iussisse
3402 1584 3416 1621 :
3446 1568 3571 1636 lege

2006 1657 2233 1711 vetitum
2267 1672 2388 1712 esse
2418 1658 2668 1730 conjungi
2705 1668 2755 1714 et
2799 1658 3074 1730 aggregari
3113 1674 3247 1723 nos,
3278 1667 3371 1712 aut
3409 1673 3567 1713 acce-

2005 1748 2133 1803 dere
2164 1747 2232 1803 ad
2261 1748 2642 1819 alienigenam.
2678 1748 2784 1805 Sed
2822 1752 2950 1803 mihi
2988 1751 3132 1803 Deus
3169 1749 3432 1811 ostendit,
3470 1763 3569 1801 ne~

2006 1839 2207 1893 minem
2253 1838 2538 1908 profanum
2570 1849 2663 1893 aut
2706 1842 2979 1909 impurum
3017 1839 3292 1893 hominem
3333 1852 3452 1893 esse
3485 1838 3571 1892 di-

2005 1930 2258 1984 cendum.
2317 1929 2622 1985 Notandum
2687 1931 2939 1984 eumdem
2999 1930 3164 1984 Deum
3226 1928 3571 1998 permississe

2000 2021 2200 2090 populo
2247 2020 2593 2085 Christiano,
2635 2020 2911 2074 neminem
2953 2020 3231 2074 hominem
3279 2018 3565 2089 profanum

1998 2121 2093 2165 aut
2134 2111 2405 2182 impurum
2447 2111 2647 2176 dicere,
2698 2093 2802 2166 sed‘
2825 2126 2928 2165 una
2964 2112 3146 2166 vivere
3188 2110 3467 2173 cum'eis,
3507 2095 3572 2163 ιιι

2004 2203 2092 2270 qui
2120 2218 2272 2272 spem
2302 2202 2538 2258 habeant
2566 2202 2703 2264 fore,
2737 2211 2796 2256 ut
2817 2203 3046 2256 maxime
3071 2201 3293 2256 credant
3322 2200 3376 2254 in
3405 2200 3567 2255 Chri-

1999 2303 2163 2348 stum.
2196 2292 2385 2358 Qutsro
2419 2295 2583 2364 igitur
2612 2310 2715 2363 qua
2749 2294 2812 2347 de
2851 2310 3015 2347 causa
3055 2292 3400 2346 accersivistis
3443 2307 3523 2344 me
3543 2291 3570 2344 ἲ

1998 2382 2116 2439 1am
2140 2397 2357 2438 omnem
2382 2398 2496 2437 rem
2520 2382 2717 2437 Petrus
2732 2384 3010 2437 audiverat
3034 2383 3194 2436 etiam
3216 2398 3244 2435 a
3266 2381 3525 2436 militibus
3550 2397 3566 2433 :

2000 2479 2093 2534 sed
2127 2478 2244 2533 vult
2273 2493 2369 2533 eos
2396 2478 2631 2548 primum
2667 2479 2933 2538 conﬁteri.
2969 2486 3025 2533 et
3059 2477 3181 2533 ﬁdei
3209 2477 3438 2543 reddere
3468 2477 3569 2531 oh-

2001 2570 2211 2625 noxios.
2239 2570 2416 2632 Nona,
2450 2570 2643 2639 inquit,
2676 2573 2805 2622 hora
2835 2570 3108 2637 precabar.
3146 2568 3286 2633 Quid
3318 2569 3422 2622 hoc
3448 2569 3573 2621 est?

2002 2660 2131 2716 Mihi
2172 2661 2385 2716 videtur
2427 2661 2516 2715 hic
2561 2660 2665 2715 sibi
2715 2659 2971 2729 temporis
3017 2659 3272 2713 articulos
3316 2658 3573 2713 statuisse

1999 2749 2357 2804 exactissima:
2391 2760 2554 2817 atque
2593 2748 3155 2811 attentissimm‘vitm,
3199 2747 3361 2816 idque
3404 2746 3576 2800 certis

2002 2835 2233 2902 diebus;
2280 2852 2405 2891 nam
2452 2837 2649 2891 idcirco
2693 2836 2870 2893 dixit:
2947 2835 3393 2906 Nudiusquartus.
3435 2834 3567 2889 Vide

2001 2935 2198 2995 quanta
2231 2942 2318 2981 res
2362 2926 2433 2980 sit
2471 2926 2709 2995 precatio
2757 2943 2771 2979 :
2805 2925 3325 2996 quando'religione
3385 2926 3565 2995 profe-

2001 3026 2167 3083 cerat,
2189 3026 2317 3073 tunc
2337 3017 2559 3088 angelus
2583 3017 2633 3073 ei
2658 3027 2900 3087 apparet.
2943 3017 3040 3071 Hic
3063 3032 3203 3072 unus
3227 3025 3311 3071 est
3333 3017 3483 3071 dies:
3511 3025 3569 3071 et

2001 3126 2109 3181 quo
2133 3107 2389 3167 abierunt
2415 3108 2505 3181 qui
2539 3108 2870 3183 Inissi‘eraut
2909 3123 2936 3161 a
2967 3105 3248 3171 Cornelio,
3285 3122 3425 3166 unus
3457 3124 3472 3164 :
3510 3115 3567 3165 et

339 3198 532 3269 τρίτην
572 3196 721 3296 ωραν
771 3197 888 3267 μεθ’
916 3198 984 3269 ἢν
1024 3196 1386 3267 προσηύξατο.
1425 3196 1536 3250 Καὶ
1584 3197 1714 3251 ἰδοὺ
1741 3196 1896 3266 ἀνὴρ
1923 3244 1931 3289 ε

2001 3214 2108 3267 quo
2138 3209 2425 3263 venerunt,
2461 3215 2621 3261 unus,
2649 3208 2704 3253 et
2728 3208 2918 3269 quarto
2946 3209 3190 3269 apparet,
3224 3201 3438 3255 circiter
3461 3200 3564 3253 ho-

340 3289 488 3357 ἔστη
511 3287 767 3344 ἐνώπιόν
780 3306 920 3358 μου.
943 3289 1018 3342 Οὐ
1035 3289 1200 3357 λέγει,
1232 3289 1518 3357 Ἄγγελος,
1543 3289 1680 3354 ἀλλ’,
1708 3289 1897 3357 Ἀνήρ·

341 3379 513 3442 οὕτως
538 3379 686 3431 εστὶν
717 3379 942 3448 ἄτυφος.
982 3380 1155 3433 Ἴδετε
1187 3380 1244 3432 δὲ
1281 3381 1517 3434 διάνοιαν
1544 3380 1901 3450 διεγηγερμέ-

341 3485 470 3540 νην·
503 3470 643 3524 ἴδετε
675 3470 791 3533 πῶς
815 3470 961 3534 ἄξιος
990 3466 1060 3540 ἦν
1103 3470 1308 3524 τούτων
1347 3471 1583 3524 πάντων.
1625 3471 1757 3526 Νῦν
1787 3466 1902 3525 οὗν

343 3560 564 3626 πάντες
605 3560 776 3630 ἡμεῖς
817 3560 1073 3615 ἐνώπιον
1104 3561 1207 3615 τοῦ
1242 3562 1388 3616 Θεοῦ
1418 3563 1896 3632 παρεστήκαμεν.

340 3652 454 3706 οὐκ
497 3647 673 3718 εἶπεν,
729 3649 986 3707 Ἐνώπιον
1030 3652 1317 3723 ἀνθρώπου
1341 3695 1356 3719 ,
1402 3653 1539 3707 ἀλλὰ
1564 3654 1687 3710 τοῦ
1725 3654 1895 3709 Θεοῦ.

343 3741 496 3799 οὕτω
520 3742 602 3797 δεῖ
624 3742 915 3814 προσέχειν
940 3743 1054 3808 τοῖς
1090 3742 1185 3797 τοῦ
1213 3743 1348 3797 Θεοῦ
1385 3743 1614 3807 δούλοις.

428 3986 694 4056 Ἀνοιξας
738 3988 807 4044 δὲ
838 3988 1055 4059 Πέτρος
1086 3990 1151 4043 τὸ
1197 3990 1391 4059 στόμα
1419 3990 1603 4045 αὐτοῦ
1627 3991 1648 4024 ⁸
1691 3990 1893 4045 εἶπεν·

300 4082 307 4157 ξ
359 4076 480 4133 Ἐπ’
523 4082 807 4150 ἀληθείας
854 4080 1373 4153 καταλαμϐάνομαι
1396 4122 1411 4148 ,
1461 4082 1550 4136 ὅτι
1601 4084 1711 4137 οὐκ
1765 4083 1897 4138 ἐστι

296 4168 303 4243 ί
340 4171 858 4242 εροσωπολήπτης
888 4176 921 4228 ὁ
951 4174 1095 4238 Θεός
1113 4187 1128 4206 ο

420 4261 581 4316 Ἀλλ’
611 4263 679 4315 ὲν
711 4262 890 4316 παντί
919 4263 1074 4317 ἔθνει
1099 4266 1134 4318 ὁ
1158 4265 1525 4336 φοϐούμενος
1560 4267 1765 4333 αὐτὸν,
1795 4267 1893 4323 καὶ

336 4347 719 4421 ἐργαζόμενος
749 4352 1163 4421 δικαιοσύνην,
1204 4354 1412 4419 δεκτὸς
1441 4353 1600 4420 αὐτῷ
1636 4357 1788 4413 ἐστι.

411 4443 526 4497 Τὸν
565 4444 770 4511 λόγον,
823 4442 894 4496 ὃν
940 4443 1258 4499 ἀπέστειλε
1294 4446 1417 4511 τοῖς
1462 4435 1612 4512 υἱοῖς
1649 4446 1894 4516 Ἰσραὴλ

2003 3306 2117 3344 ram
2161 3291 2372 3345 tertiam
2409 3309 2424 3347 :
2470 3304 2755 3363 postquam
2802 3294 2989 3346 horam
3031 3301 3279 3359 precatus
3317 3300 3450 3345 erat.
3495 3291 3565 3345 Et

2000 3398 2112 3436 ecce
2143 3383 2225 3435 vir
2256 3385 2396 3437 stetit
2441 3400 2620 3437 coram
2660 3400 2761 3438 me.
2806 3382 2925 3437 Non
2970 3382 3119 3446 dicit,
3162 3382 3427 3453 angelus:
3469 3381 3565 3435 sed

1998 3474 2098 3527 vir.
2144 3474 2292 3529 Adeo
2323 3490 2430 3529 non
2471 3481 2557 3529 est
2594 3475 2887 3546 gloriosus.
2927 3488 3031 3527 nec
3064 3474 3314 3542 iactator.
3374 3472 3568 3526 Videte

1998 3574 2180 3618 autem
2201 3574 2437 3619 mentem
2462 3566 2832 3620 excitatam'et
2862 3573 3136 3618 erectam:
3167 3563 3341 3616 videte
3372 3577 3566 3631 quem-

1998 3653 2287 3708 admodum
2348 3653 2434 3707 his
2487 3652 2740 3707 omnibus
2782 3651 2975 3721 dignus
3030 3657 3161 3705 erat.
3199 3649 3354 3703 Nunc
3403 3652 3567 3719 igitur

1999 3759 2092 3797 nos
2120 3759 2294 3796 omnes
2325 3744 2379 3796 in
2410 3750 2681 3809 conspectu
2723 3740 2817 3793 Dei
2858 3750 3116 3793 astamus.
3158 3739 3278 3793 Non
3298 3739 3453 3800 dixit.
3503 3744 3562 3793 In

1998 3840 2292 3900 conspectu
2334 3830 2613 3885 hominis:
2653 3830 2747 3884 sed
2776 3829 2893 3883 Dei.
2938 3830 3012 3881 Ita
3040 3838 3254 3898 Oportet
3280 3829 3565 3886 attendere

1997 3930 2053 3976 et
2078 3921 2387 3975 auscultare
2418 3920 2593 3975 servis
2622 3919 2739 3973 Dei.

2002 4081 2015 4093 .
2065 4007 2232 4064 Vsus.
2250 4007 2604 4075 54.Aperiens
2630 4017 2806 4061 autem
2835 4006 3021 4061 Petrus
3052 4022 3106 4060 os
3131 4021 3283 4059 suum
3308 4006 3458 4059 dixit.
3493 4005 3569 4061 Re

1996 4098 2110 4168 'psa
2140 4098 2421 4167 comperio,
2449 4096 2614 4152 Deum
2644 4113 2747 4154 non
2777 4099 3027 4168 respicere
3056 4097 3221 4151 solere
3243 4112 3526 4167 personas:

2065 4280 2230 4336 Vens.
2264 4279 2356 4334 35.
2397 4277 2499 4333 Sed
2536 4279 2592 4332 in
2617 4278 2851 4350 qualibet
2881 4280 3099 4334 natione
3119 4282 3208 4350 qui
3233 4282 3378 4337 timet
3415 4299 3567 4348 eum,

1993 4376 2044 4423 et
2062 4368 2329 4436 justitiam
2349 4375 2569 4430 exercet,
2596 4368 2640 4421 is
2668 4366 2747 4420 illi
2771 4378 3011 4435 acceptus
3039 4377 3137 4422 est.

2065 4457 2227 4512 Vens.
2270 4455 2361 4512 56.
2397 4455 2558 4520 Quem
2589 4455 2696 4525 93
2730 4472 3019 4510 sermonem
3048 4458 3187 4510 misit
3220 4458 3344 4525 ﬁliis
3386 4462 3568 4514 Israe-

336 4535 852 4607 εὐαγγελιζόμενος
913 4537 1159 4605 εἰρήνην
1207 4537 1305 4592 διὰ
1359 4539 1553 4607 Ἰησοῦ
1602 4538 1888 4609 Χριστοῦ,
1922 4559 1931 4615 ]

2000 4548 2079 4614 lis,
2126 4546 2448 4600 annuntians
2488 4560 2668 4615 pacem
2698 4558 2790 4611 per
2834 4544 3014 4599 Iesum
3040 4543 3324 4610 Christum,
3367 4547 3450 4601 hic
3487 4556 3565 4602 est

332 4628 515 4690 αὐτός
539 4626 671 4682 ἐστι
697 4626 937 4681 πάντων
968 4628 1208 4696 Κύριος.

412 4716 613 4784 ’Υμεῖς
657 4718 852 4771 οἴδατε
895 4718 962 4771 τὸ
1014 4720 1336 4787 γενόμενον
1373 4718 1540 4788 ῥῆμα
1589 4721 1717 4776 καθ’
1746 4721 1895 4788 ὅλης

333 4803 445 4871 τῆς
506 4804 833 4871 Ἰουδαίας,
879 4806 1216 4875 ἀρξάμενον
1245 4805 1363 4861 ἀπὸ
1407 4807 1517 4877 τῆς
1568 4801 1895 4878 Γαλιλαίας

328 4892 480 4959 μετὰ
513 4895 580 4948 τὸ
610 4894 946 4963 βάπτισμα,
986 4895 1018 4949 ὃ
1049 4896 1345 4965 ἐκήρυξεν
1390 4899 1682 4966 Ἰωάννης,

412 4985 651 5056 Ἰησοῦν
678 4990 786 5044 τὸν
826 4993 943 5047 ἀπὸ
989 4990 1243 5060 Ναζαρὲτ
1268 4995 1311 5057 ⁸,
1341 4994 1420 5059 ὡς
1447 4993 1689 5063 ἔχρισεν
1708 4995 1894 5051 αὑτὸν

331 5078 366 5130 ό
403 5078 552 5143 Θεὸς
594 5081 892 5148 ΙΙνεύματι
921 5082 1088 5150 ἁγίῳ,
1122 5082 1222 5135 καί
1259 5081 1526 5149 δυνάμει,
1552 5084 1620 5149 δς
1645 5082 1893 5153 διῆλθεν

329 5165 659 5234 εὐεργετῶν
685 5168 783 5221 καὶ
812 5167 1057 5236 ἰώμενος
1096 5168 1329 5236 πάντας
1370 5169 1510 5236 τοὺς
1562 5171 1891 5225 καταδυνα-

332 5253 741 5322 στευομένους
768 5257 881 5310 ὑπὸ
929 5255 1035 5310 τοῦ
1089 5257 1391 5325 διαϐόλου,
1433 5258 1522 5313 ὅτι
1567 5263 1599 5314 ό
1640 5260 1785 5326 Θεὸς
1811 5257 1891 5331 ἦν

322 5342 458 5410 μετ’
485 5344 691 5400 αὐτοῦ.

1999 4640 2231 4694 omnium
2259 4638 2533 4692 Dominus.

2063 4730 2228 4784 Vens.
2268 4728 2358 4782 57.
2407 4726 2510 4782 Vos
2543 4727 2690 4781 scitis
2713 4727 2942 4791 uerbum,
2970 4731 3106 4797 quod
3141 4727 3464 4798 divulgatum
3485 4739 3566 4783 est

1994 4820 2053 4873 in
2086 4828 2195 4872 tota
2242 4818 2461 4884 Judwa,
2500 4833 2618 4871 cum
2668 4819 2880 4872 initium
2925 4818 3222 4884 sumpsisset
3263 4836 3296 4872 a
3336 4817 3558 4874 Galiltea

1996 4920 2108 4979 post
2138 4909 2395 4979 baptisma
2422 4910 2559 4980 quod
2587 4909 2895 4979 pradiysuit
2922 4907 3174 4976 Joannes,

2067 5000 2234 5054 Vens.
2286 4998 2376 5053 38.
2409 4997 2587 5053 Jesum
2632 5014 2665 5051 a
2710 4996 3002 5063 Nasaretli,
3037 5006 3095 5050 ut
3122 5014 3241 5057 eum
3274 4997 3411 5052 Deus
3441 4996 3564 5063 Spi-

1996 5089 2102 5141 ritu
2133 5095 2336 5149 saucto,
2364 5094 2412 5140 et
2442 5093 2691 5156 potestate
2721 5085 2966 5138 auxerit:
2996 5083 3084 5152 qui
3116 5083 3411 5152 peragravit
3437 5082 3563 5135 illas

1993 5186 2169 5245 partes
2200 5175 2525 5246 benefaciens
2542 5183 2592 5228 et
2616 5189 2813 5227 sanans
2834 5188 3010 5227 omnes
3029 5174 3118 5243 qui
3139 5169 3562 5241 opprimebantur

1997 5284 2029 5320 a
2053 5268 2281 5333 diabolo,
2311 5268 2437 5339 quia
2464 5264 2600 5319 Deus
2622 5274 2735 5318 erat
2761 5279 2875 5318 cum
2906 5264 3016 5318 illo.

1490 5467 1687 5529 Variae
1728 5468 2036 5533 lectiones
2077 5475 2138 5533 et
2179 5475 2371 5533 note).
3132 5544 3135 5545 ν

405 5563 451 5646 ξ·
479 5567 501 5599 ⁸
534 5564 601 5646 lu
644 5564 991 5646 uulgato-est_,
1030 5566 1166 5646 πρός
1194 5583 1273 5621 σε.
1350 5570 1370 5602 ⁸
1403 5567 1469 5623 In
1491 5572 1697 5643 uulgato
1719 5582 1811 5639 est,
1841 5574 1931 5646 πάι

2000 5590 2144 5645 suav.
2219 5575 2239 5608 ⁷
2273 5572 2492 5644 βούλετε
2526 5580 2662 5628 erat.
2737 5569 2757 5601 '
2802 5565 2962 5622 αὑτοῦ
2994 5581 3093 5620 non
3123 5572 3199 5619 est
3244 5561 3298 5616 in
3323 5553 3563 5632 uulgata.

328 5646 353 5681 s
386 5630 459 5686 In
483 5635 691 5704 uulgato
717 5630 814 5699 εει,
864 5630 1139 5705 Ναζαρὶθ.

414 5732 437 5774 1
466 5740 524 5780 ac
550 5727 782 5797 gratiam
812 5724 976 5780 habeo
1011 5724 1127 5791 tibi,
1146 5723 1234 5796 qui
1265 5724 1557 5779 adveneris.

2502 5826 2533 5844 Ι-
