4070 6444
357 432 473 497 669

1056 429 1464 492 EXPOSlTIO
1499 430 1580 491 IN
1616 431 1811 492 ACTA
1846 432 2425 495 APOSTOLORUM.
2476 460 2532 470 -
2571 436 2730 498 CAP.
2765 437 2874 498 XI.

3546 442 3654 506 670

362 546 639 618 φανερῶςν
683 544 771 597 ἵνα
823 543 898 615 μὴ
936 542 1136 612 ἔχωσιν
1190 544 1273 608 εἷς
1323 546 1550 614 ἄγνοιαν
1590 548 1938 599 καταπεσεῖν.

2056 546 2180 616 quia
2225 549 2557 604 resurrectio
2608 567 2864 621 magnum
2912 555 3037 606 erat”
3076 549 3192 622 sign
3217 565 3336 605 nn:
3382 560 3439 608 at
3480 553 3648 625 hujus

369 640 564 702 Τούτῳ
608 635 836 701 πάντες
884 637 940 690 οἱ
993 634 1295 705 προφῆται
1323 637 1758 706 μαρτυροῦσιν.
1794 637 1951 690 Ὅσοι

360 731 665 803 προφῆται,
694 729 885 799 φησὶν.
910 728 1181 798 ἐλάλησαν
1210 730 1337 801 περὶ
1363 729 1652 800 ἁμαρτιῶν
1676 729 1951 799 ἀφέσεως,

360 826 418 877 ἐν
455 820 631 891 τούτῳ
659 818 738 891 τῷ
773 817 951 889 Ἰησοῦ
976 814 1134 874 εἷπον
1161 819 1332 884 αὐτὰς
1359 821 1637 889 ἀφεῖσθαι.
1670 819 1828 875 Οὕτω
1857 821 1951 873 καὶ

368 910 605 974 Ἡσαΐας
627 909 695 963 τὸ
733 908 900 963 αὕτοῦ
940 909 1217 981 εἰσφέρων
1242 910 1553 980 πρόσωπον,
1585 910 1765 980 λέγει·
1802 911 1954 980 Ἑγώ

359 1007 477 1072 ειμι
498 1006 533 1058 ὁ
569 1002 911 1071 ἐξαλείφων
934 1001 1047 1068 τὰς
1072 1003 1365 1075 ᾀμαρτίας
1386 1019 1503 1058 σου
1533 1003 1633 1059 καὶ
1672 1003 1781 1068 τὰς
1810 1003 1950 1058 dro-

2058 637 2267 692 nullum
2298 640 2496 710 majus,
2528 657 2689 710 quam
2728 643 2872 712 quod
2908 642 3147 697 comedit
3186 658 3250 696 ac
3288 643 3444 698 bibit.
3481 644 3549 698 Et
3574 658 3651 700 te-

2059 731 2297 799 stiﬁcari.
2330 732 2630 789 Testificari
2653 776 2668 800 ,
2702 734 2912 805 inquit,
2949 735 3149 804 palam,
3183 750 3251 790 ne
3293 748 3519 806 possent
3546 738 3647 792 de-

2059 834 2286 876 currere
2322 823 2387 876 ad
2438 823 2822 899 ignorantiam.
2873 825 3011 879 lluic
3043 843 3221 880 omnes
3254 829 3518 896 propitium
3556 838 3648 882 te-

2057 911 2362 967 stimonium
2404 915 2694 982 perhibent.
2738 915 3064 986 Quicunque
3105 918 3407 987 prophetae,
3444 919 3641 988 inquit.

2052 1005 2220 1061 locuti
2269 1014 2397 1061 sunt
2430 1007 2497 1061 de
2542 1016 2891 1077 peccaturum
2945 1010 3296 1075 remissione,
3343 1027 3442 1080 per
3492 1013 3643 1067 hunc

354 1096 501 1165 μίας
533 1109 673 1149 σου.
701 1095 820 1149 Οὐκ
866 1091 988 1148 εἶπε
1033 1094 1091 1150 δὲ
1118 1095 1202 1149 ὅτι
1252 1095 1417 1160 αὐτός
1446 1096 1593 1150 ἐστιν
1625 1098 1654 1149 ὁ
1695 1095 1823 1159 Υἱὸς
1847 1095 1938 1150 τοῦ

2047 1096 2234 1152 Jesum
2276 1097 2535 1153 dixerunt
2583 1115 2645 1154 ea
2691 1100 2917 1154 remitti.
2964 1102 3055 1156 Sic
3102 1103 3268 1157 etiam
3313 1102 3481 1157 Isaias
3525 1105 3643 1174 ejus

358 1186 529 1240 Θεοῦ·
557 1186 682 1240 ἀλλ”
707 1185 737 1239 ὃ
777 1185 979 1257 μᾶλλον
1007 1185 1209 1249 αὐτοὺς
1237 1186 1443 1255 ἐφόϐει,
1475 1187 1509 1257 ἡ
1540 1186 1731 1258 καιρία
1771 1202 1938 1240 κατα-

2051 1202 2345 1258 personam
2377 1188 2753 1255 introduccns,
2797 1191 2911 1246 ait:
2948 1192 3056 1262 It‘go
3083 1210 3201 1246 sunt
3232 1193 3324 1263 qui
3352 1192 3499 1248 deleo
3522 1211 3673 1267 pec—ﬂ

360 1275 533 1348 σκευὴ
559 1276 668 1330 ἀπὸ
691 1275 803 1332 τῶν
832 1276 1164 1348 προφητῶν*
1198 1277 1445 1348 μεγάλην
1469 1279 1578 1351 γὰρ
1600 1277 1760 1343 δόξαν
1792 1273 1938 1347 εἶχον

2044 1288 2169 1334 cata
2206 1289 2298 1333 tua
2343 1297 2407 1334 ac
2435 1281 2632 1336 scelera
2664 1292 2754 1338 tua
2774 1283 2837 1338 ³⁷.
2868 1284 2986 1337 Non
3022 1285 3152 1339 dixit
3177 1295 3381 1349 autem,
3412 1284 3527 1357 Ipse
3557 1296 3642 1340 est

359 1371 583 1422 ἐκεῖνοι.
619 1369 751 1422 Ὅτε
783 1368 848 1423 ’δέ
899 1368 979 1441 τῷ
1032 1368 1186 1441 φόϐῳ
1214 1370 1524 1435 κατέσεισε,
1575 1370 1697 1423 τότε
1743 1369 1938 1437 ἐπάγει

2043 1370 2212 1426 Filius
2244 1371 2360 1437 Dei,
2389 1374 2504 1439 sed,
2530 1375 2675 1445 quod
2714 1377 2884 1445 magis
2912 1393 3007 1432 eos
3039 1378 3298 1439 terrebat,
3333 1385 3638 1448 opportuna

357 1457 457 1530 τὴν
501 1458 879 1530 συγχώρησιν,
907 1459 967 1513 οὐ
1030 1462 1162 1532 παρ’
1213 1460 1380 1515 αὑτοῦ
1436 1460 1759 1531 λεγομένην,
1809 1458 1938 1513 ἀλλᾶ

2046 1465 2391 1520 confirmatio
2440 1469 2678 1521 sumitur
2720 1483 2750 1519 τι
2790 1468 3096 1537 prephetis.
3140 1469 3201 1523 In
3250 1484 3444 1539 magna
3491 1467 3636 1521 enim

358 1547 514 1619 παρὰ
540 1548 653 1602 τῶν
685 1549 987 1619 προφητῶν
1008 1565 1024 1581 ο
1054 1552 1149 1605 καὶ
1174 1552 1236 1604 τδ
1267 1551 1370 1621 μὲν
1408 1551 1660 1622 φοϐερὸν,
1692 1551 1827 1622 παρ’
1850 1553 1938 1605 αὖ·

2050 1554 2127 1608 ἰῐιῑ
2182 1555 2387 1626 gloria,
2439 1564 2605 1625 atque
2658 1557 3062 1612 existimatione
3109 1568 3289 1613 erant.
3342 1558 3637 1628 Postquam

355 1639 455 1693 τοῦ
474 1680 490 1704 ,
529 1641 599 1694 τὸ
631 1641 689 1695 δὲ
716 1642 950 1713 ἥμερον,
984 1643 1140 1715 παρὰ
1169 1644 1281 1698 τῶν
1308 1644 1625 1715 προφητῶν.

2055 1653 2237 1700 autem
2269 1655 2472 1701 metum
2505 1645 2571 1701 iis
2609 1648 2858 1709 incuSsit,
2887 1657 3018 1703 tunc
3045 1649 3324 1719 subjungit
3356 1648 3636 1703 condona-

361 1732 602 1800 tionem,
643 1749 767 1804 quae
801 1750 913 1789 non
941 1735 1010 1791 ab
1043 1736 1163 1806 ipso
1199 1736 1599 1806 proferebatur,
1636 1735 1731 1792 sed
1766 1751 1797 1791 a
1825 1736 2144 1808 prophetis:
2189 1752 2255 1792 ac
2284 1746 2465 1794 terror
2528 1740 2747 1811 quidem
2827 1741 2894 1796 ab
2933 1742 3052 1811 ipso
3129 1740 3580 1811 proficiscebatur
3618 1760 3634 1796 :

354 1823 501 1894 quod
533 1829 718 1878 autem
749 1832 1010 1880 terrorem
1043 1826 1344 1897 mitigabat,
1375 1843 1405 1881 a
1435 1827 1740 1898 prophetis.

429 1915 562 1970 ’Ἔτι
579 1917 919 1983 λαλοῦντος
946 1919 1053 1975 τοῦ
1100 1920 1327 1988 Πέτρου
1370 1920 1442 1974 τὰ
1460 1920 1701 1990 ῥήματα
1726 1919 1934 1985 ταῦτα,

2112 1924 2276 1980 Vens.
2308 1925 2602 1980 M.Adltuc
2626 1929 2923 1996 proferente
2950 1926 3109 1980 Petro
3130 1927 3283 1980 verba
3319 1927 3449 1989 haec,
3480 1920 3638 1981 irrui‘

352 2010 617 2068 ἐπέπεσε
665 2013 735 2068 τὸ
785 2016 1031 2085 Πνεῦμα
1059 2015 1122 2069 τὸ
1177 2015 1350 2086 ἅγιον
1376 2016 1476 2071 ἐπὶ
1521 2016 1755 2083 πάντας
1801 2016 1938 2083 τοὺς

2053 2015 2288 2081 Spiritus
2325 2028 2540 2072 sanctus
2572 2019 2626 2072 in
2659 2034 2856 2079 omnes,
2886 2018 2978 2089 qui
2998 2018 3284 2073 audiebant
3315 2019 3631 2084 orationem,

353 2102 692 2170 ἀκούοντας
723 2102 832 2158 τὸν
867 2104 1078 2175 λόγον.

425 2194 538 2249 Καὶ
580 2196 930 2265 ἐξέστησαν
974 2201 1037 2253 οι
1068 2198 1139 2253 ἐκ
1180 2196 1495 2269 περιτομῆς
1542 2199 1766 2265 πιστοὶ,
1807 2198 1942 2254 ὅσοι

353 2283 676 2354 συνῆλθον
702 2284 782 2353 τῷ
808 2288 1029 2358 Πέτρῳ,
1050 2289 1139 2344 ὅτι
1166 2291 1266 2344 καὶ
1285 2290 1382 2345 ἐπὶ
1410 2291 1480 2345 τὰ
1510 2289 1653 2359 ἔθνη
1679 2290 1718 2359 ἦ
1748 2291 1936 2361 δωρεά

356 2375 466 2434 τοῦ
495 2379 670 2452 ἁγίου
696 2382 1045 2452 Πνεύματος
1066 2383 1413 2454 ἐκκέχυται.

429 2561 698 2618 Ἤκουον
723 2563 833 2634 γὰρ
862 2563 1064 2622 αὐτῶν
1095 2569 1450 2623 λαλούντων
1479 2569 1804 2641 γλώσσαις,
1839 2572 1940 2626 καὶ

351 2654 821 2722 μεγαλυνόντων
839 2654 946 2710 τὸν
965 2658 1135 2712 Θεόν.
1160 2659 1298 2714 Τότε
1321 2659 1612 2729 ἀπεκρίθη
1632 2664 1665 2716 ὁ
1681 2661 1903 2730 Πέτρος
1922 2680 1934 2693 ·

422 2744 580 2811 Μήτι
619 2746 686 2800 τὸ
719 2746 878 2816 ὕδωρ
904 2750 1178 2805 κωλῦσαι
1221 2749 1476 2806 δύναται
1518 2769 1609 2820 τις
1646 2753 1754 2807 τοῦ
1778 2753 1865 2823 μὴ
1893 2755 1939 2786 ¹¹⁵

355 2836 765 2908 βαπτισθῆναι
786 2841 1060 2908 τούτους,
1080 2843 1299 2910 οἵτινες
1325 2844 1391 2899 τὸ
1409 2843 1651 2915 Πνεῦμα
1673 2845 1740 2899 τὸ
1766 2843 1939 2917 ἅγιον

356 2927 598 2995 ἔλαϐον,
630 2931 827 2998 καθὼς
857 2933 956 2987 καὶ
982 2933 1153 3003 ἡμεῖς
1172 2951 1192 2999 ;

426 3021 772 3091 Προσέταξέ
804 3038 868 3078 τε
890 3023 1115 3091 αὐτοὺς
1150 3025 1571 3097 ,ϐαπτισθῆναι
1597 3027 1668 3081 ἐν
1691 3025 1770 3094 τῷ
1799 3028 1934 3083 ὀνο-

349 3129 492 3181 ματι
516 3112 626 3169 τοῦ
650 3115 873 3184 Kvplov
910 3116 1117 3186 Ἰησοῦ
1136 3118 1201 3174 ’⁸.
1232 3120 1369 3177 Τότε
1403 3118 1726 3189 ἠρώτησαν
1749 3120 1937 3176 αὐτὸν

355 3204 648 3275 ἐπιμεῖναι
678 3205 903 3277 ἡμέρας
932 3207 1119 3276 τινάς.

948 3304 1203 3357 ΚΕΦΛΛ.
1238 3303 1345 3359 lA'.

429 3392 737 3448 Ἤκουσαν
763 3392 917 3448 δὲοὶ
961 3394 1294 3450 ἀπόστολοι
1333 3394 1433 3448 καὶ
1461 3397 1516 3449 οὶ
1562 3393 1819 3464 ἀδελφοὶ
1879 3397 1935 3450 ol

358 3483 528 3550 ὄντες
553 3484 705 3539 κατὰ
726 3483 844 3554 τὴν
880 3484 1204 3549 Ἰουδαίαν,
1241 3485 1333 3541 ὅτι
1367 3485 1469 3541 καὶ
1505 3485 1580 3541 τὰ
1626 3486 1772 3556 ἔθνη
1810 3486 1939 3541 ἐδέ-

356 3574 541 3641 ξαντο
565 3576 676 3631 τὸν
696 3577 886 3647 λόγον
911 3577 1020 3633 τοῦ
1046 3576 1216 3633 Θεοῦ.

425 3665 535 3720 θέα
567 3665 663 3721 τοῦ
700 3666 838 3722 θεοῦ
882 3668 982 3740 τὴν
1005 3669 1340 3740 οἰκονομίαν.
1374 3670 1489 3725 Οὐκ
1521 3671 1734 3743 ἀφῆκεν
1754 3671 1937 3743 ἀπαρ-

357 3756 602 3829 τισθῆναι
627 3759 720 3814 τδν
735 3758 912 3830 λόγον,
934 3760 1055 3815 οὐδὲ
1080 3760 1144 3815 ὲκ
1165 3763 1588 3834 προστάγματος
1616 3763 1710 3819 τοῦ
1727 3764 1935 3836 Πέτρου

361 3850 609 3916 γενέσθαι
656 3850 719 3905 τὸ
773 3851 1095 3923 βάπτισμαο
1143 3852 1262 3908 ἀλλ’
1311 3854 1499 3925 ἐπειδὴ
1547 3854 1647 3925 τὴν
1697 3854 1938 3910 διάνοιαν

368 3938 538 3994 αὑτῶν
578 3937 687 3996 εἶδε
736 3942 1061 4015 θαυμαστὴν
1107 3938 1293 4011 οὖσαν,
1324 3946 1422 3998 καὶ
1450 3944 1553 4016 τῆς
1588 3944 1937 4009 διδασκαλίας

365 4032 503 4103 ἀρχὴ
524 4033 733 4102 γέγονε,
752 4034 848 4088 καὶ
867 4033 1197 4091 ἐπίστευσαν
1221 4035 1303 4089 ὅτι
1330 4034 1547 4102 πάντως
1567 4035 1627 4090 τὸ
1650 4035 1939 4107 βάπτισμα

360 4122 556 4192 ἄφεσίς
600 4126 752 4179 ἐστιν
800 4125 1108 4198 ἁμαρτιῶν,
1141 4127 1264 4181 τότε
1320 4126 1524 4199 ἐπῆλθε
1573 4127 1636 4181 τὸ
1687 4127 1934 4199 Πνεῦμα.

369 4212 529 4267 Ἀλλὰ
555 4214 651 4269 καὶ
681 4213 958 4284 γλώσσαις
1011 4215 1255 4283 ἐλάλουν,
1285 4217 1423 4289 ὅπερ
1477 4216 1774 4289 ἐξέπληττε
1811 4219 1939 4283 τοὺς

358 4304 712 4371 συνελθόντας
732 4322 746 4338 ο
775 4306 1295 4378 προοικονομοῢντος
1324 4309 1390 4361 ὲκ
1418 4308 1610 4363 τούτου
1639 4308 1938 4377 ἀπολογίαν

357 4399 606 4470 μεγάλην
630 4399 710 4470 τῷ
734 4399 926 4471 Πέτρῳ
953 4399 1046 4455 τοῦ
1096 4398 1254 4455 Θεοῦ.
1282 4400 1436 4470 Μήτι
1466 4401 1533 4455 τὸ
1564 4400 1725 4471 ὕδωρ
1750 4401 1940 4458 κωλῦ-

354 4504 460 4542 σαι
486 4487 736 4543 δύναται
766 4486 874 4542 τοῦ
913 4487 1001 4557 μὴ
1035 4486 1455 4554 βαπτισθῆναι
1496 4488 1793 4554 τούτους;
1828 4486 1940 4541 Καὶ

353 4578 441 4642 τίς
491 4572 562 4649 ἦν
602 4578 637 4650 ἠ
677 4575 773 4631 τοῦ
829 4576 1024 4641 ὓδατος
1051 4577 1233 4647 χρεία,
1271 4575 1368 4632 τοῦ
1416 4578 1573 4646 ἁγίου
1619 4577 1939 4648 Πνεῦματος

352 4669 710 4731 ἐπιπεσόντος
741 4669 960 4736 abacis;
990 4668 1135 4740 Ἐρῶ
1187 4668 1289 4725 οὖν
1309 4668 1517 4741 ταύτην
1561 4669 1694 4739 ἐγὼ,
1738 4669 1799 4723 τὸ
1830 4686 1935 4740 μυ-

353 4761 576 4831 στήριον
615 4759 976 4815 ἐκκαλύπτων
1004 4762 1137 4832 ἡμῖν
1169 4761 1231 4815 τὸ
1260 4761 1774 4834 ἀποκεκρυμμένον.
1801 4760 1937 4816 Gela

350 4851 587 4921 τελεῖται
610 4853 670 4904 ἐν
704 4851 858 4920 αὐτῷ
890 4852 1157 4924 σύμῦολα,
1191 4854 1364 4923 τάφος
1392 4852 1489 4907 καὶ
1518 4853 1808 4923 νέκρωσις,
1840 4855 1935 4906 καὶ

351 4943 649 5007 ἀνάστασις
672 4943 766 4997 καὶ
798 4944 936 5016 ζωή.
979 4945 1193 5017 Ὠσπερ
1244 4943 1467 5000 εὔκολον
1499 4946 1631 5017 ἡμῖν
1662 4944 1936 5014 βαπτίσα-

354 5034 481 5087 sliat
511 5036 606 5090 καὶ
644 5035 960 5103 ἀνανεῦσαι,
996 5036 1173 5101 οὕτως
1222 5035 1445 5091 εὔκολον
1479 5036 1558 5106 τῷ
1580 5036 1720 5109 Θεῷ,
1766 5034 1936 5106 Malm

351 5124 447 5180 τὸν
480 5126 713 5183 παλαιὸν
734 5127 1047 5200 ἄνθρωπον,
1084 5129 1180 5184 καὶ
1207 5128 1486 5194 ἀναδεῖξαι
1520 5128 1611 5184 τὸν
1637 5129 1777 5183 νέον.
1807 5129 1938 5201 Τρι-

350 5235 445 5274 τον
466 5220 523 5275 δὲ
548 5221 710 5285 τοῦτο
735 5220 973 5290 γίνεται,
999 5220 1087 5275 ἵνα
1127 5220 1307 5295 μάθῃς
1333 5222 1416 5275 ὅτι
1448 5220 1680 5292 δυνάμει
1721 5221 1936 5293 Πατρδς

352 5314 450 5369 καὶ
471 5312 603 5369 Υἱοῦ
638 5312 737 5368 καὶ
778 5313 938 5382 ἁγίου
981 5312 1402 5386 Πνεύματος,τὰ
1430 5312 1621 5370 πάντα·
1641 5315 1759 5369 ἐκεῖ
1793 5313 1934 5384 πλη-

354 5405 573 5479 ροῦνται
594 5406 732 5481 ’,καὶ
757 5406 855 5460 ὅτι·
875 5404 937 5459 οὐ
970 5404 1282 5479 στοχασμὸς
1311 5403 1372 5458 τὺ
1418 5405 1731 5478 λεγόμενον,
1768 5404 1935 5461 ἄκου-

352 5514 448 5550 σον
469 5495 565 5550 τοῦ
601 5496 816 5551 Παύλου
856 5495 1136 5573 λέγοντος·
1170 5496 1599 5567 Συνετάφημεν
1644 5496 1805 5564 αὐτῷ
1832 5497 1933 5551 διὰ

350 5587 461 5643 τοῦ
483 5587 907 5659 ,ϐαπτίσματος
944 5590 1031 5653 εὶς
1064 5586 1171 5642 τὸν
1202 5586 1493 5642 θάνατον·
1530 5588 1622 5643 καὶ
1651 5589 1833 5656 πάλιν,
1874 5589 1927 5642 '0

425 5711 469 5745 "
500 5710 603 5767 lsa.
636 5726 786 5776 mu,
807 5709 899 5764 2'5.

2123 2199 2287 2255 Vens.
2322 2198 2413 2254 45.
2455 2197 2525 2251 Et
2561 2214 2672 2269 pra:
2703 2198 3060 2252 admiratione
3102 2198 3283 2252 animo
3313 2200 3633 2252 consternati

2046 2301 2189 2351 sunt,
2225 2290 2517 2361 quicunque
2554 2306 2618 2343 ea:
2653 2306 2838 2357 genere
2870 2288 3296 2343 circumcisorum
3334 2287 3512 2357 ﬁdeles
3545 2305 3634 2342 vc-

2049 2390 2235 2434 nerant
2277 2397 2382 2434 una
2428 2396 2548 2434 eum
2577 2379 2756 2441 Petro,
2781 2378 2919 2450 quod
2945 2387 2992 2433 et
3020 2378 3072 2431 in
3103 2386 3349 2431 externas
3395 2378 3635 2431 nationes

2008 2474 2262 2542 ‘eﬂ‘usmn
2293 2481 2423 2527 esset
2451 2477 2645 2525 donum
2678 2471 2908 2541 Spiritus
2930 2470 3126 2525 sancti.

2119 2567 2281 2622 Vens.
2318 2565 2405 2621 46.
2450 2565 2742 2619 Audiebant
2773 2565 2912 2625 enim
2947 2580 3032 2617 eos
3066 2562 3256 2631 linguis
3282 2563 3563 2631 loquentes,
3584 2571 3634 2616 et

2049 2659 2211 2713 Deum
2242 2658 2657 2729 magniﬁcanles.
2695 2656 2839 2709 Tunc
2870 2655 3133 2724 respondit
3175 2654 3364 2709 Petrus
3384 2672 3404 2709 :

2118 2753 2273 2806 Vens.
2323 2751 2414 2806 47.
2455 2749 2710 2822 Nunquid
2748 2764 2888 2819 aqua
2929 2747 3046 2816 quis
3084 2748 3357 2817 prohibere
3407 2763 3499 2800 nos
3534 2764 3632 2815 po.-

2046 2851 2167 2907 test‘,
2200 2859 2261 2895 ne
2289 2842 2619 2911 baptizentur
2646 2841 2700 2894 Ιιὶ
2719 2881 2733 2907 ,
2774 2840 2864 2911 qui
2889 2838 3149 2910 Spiritum
3193 2847 3439 2892 sanctum
3481 2853 3633 2891 accc-

2041 2943 2250 3002 pcrunt,
2273 2933 2406 2988 sicut
2438 2943 2484 2987 et
2517 2949 2607 2988 nos
2628 2935 2654 2988 .7

2116 3026 2277 3082 Vens.
2309 3027 2399 3083 48.
2442 3024 2509 3080 Et
2528 3026 2688 3096 jussit
2712 3042 2797 3081 eos
2816 3024 3082 3096 baptizari
3104 3024 3161 3079 in
3184 3024 3391 3077 nomine
3418 3021 3631 3076 Domini

2041 3119 2191 3175 Jesu.
2249 3120 2390 3174 Tunc
2448 3127 2761 3192 rogaverunt
2792 3135 2942 3184 eum,
3001 3127 3057 3174 ut
3094 3126 3328 3173 maneret
3359 3116 3503 3187 apud
3544 3132 3630 3170 eos

2044 3213 2243 3283 aliquot
2281 3213 2419 3267 dies.

2647 3300 2879 3360 CAPUT
2917 3302 3016 3358 XI.

2112 3395 2273 3452 Vens.
2309 3396 2361 3452 l.
2391 3395 2715 3451 Audiverunt
2752 3403 2930 3449 autem
2957 3392 3188 3465 apostoli
3210 3400 3260 3447 et
3288 3391 3504 3461 fratres,
3536 3388 3628 3459 qui

2037 3493 2188 3539 erant
2232 3485 2287 3538 in
2343 3483 2568 3554 Judata,
2611 3485 2774 3540 etiam
2832 3484 3078 3539 nationes
3128 3492 3333 3537 exteras
3378 3479 3629 3550 recepisse

2039 3575 2251 3631 verbum
2290 3575 2408 3632 Dei.
3155 3623 3158 3627 .

2108 3667 2220 3739 95
2249 3666 2385 3724 Vide
2406 3667 2603 3723 divina:
2642 3666 2951 3739 prudentia:
2989 3664 3477 3737 dispensationem.
3503 3661 3625 3717 Non

2041 3760 2295 3829 permisit
2320 3759 2527 3815 absolvi
2553 3758 2885 3821 orationem,
2919 3772 3097 3828 neque
3117 3756 3275 3826 jussu
3312 3754 3457 3811 Petri
3481 3755 3619 3825 bap-

2044 3851 2206 3906 tisma
2232 3847 2643 3906 administrari:
2676 3848 2772 3904 sed
2809 3858 3171 3919 posteaquam
3220 3844 3626 3901 animadverte-

2042 3949 2166 3996 rent
2197 3951 2437 3997 mentem
2471 3956 2661 3996 eorum
2695 3938 3066 3995 admirandam
3100 3953 3242 4003 esse,
3270 3952 3334 3992 ac
3354 3935 3625 3992 doctrinm

2040 4032 2264 4088 initium
2315 4031 2521 4087 factum
2572 4039 2712 4091 erat,
2775 4037 2939 4101 atque
2985 4028 3335 4085 crediderant
3393 4025 3622 4081 omnino

2038 4123 2310 4193 baptisma
2382 4136 2505 4178 esse
2570 4119 2957 4177 remissionem
3026 4128 3378 4190 peccatorum
3412 4158 3428 4184 ,
3491 4124 3623 4170 tunc

2040 4216 2277 4288 Spiritus
2327 4214 2664 4285 supervenit.
2713 4212 3030 4281 Quinetiam
3080 4210 3281 4282 linguis
3327 4208 3627 4288 loqueban-

2043 4318 2164 4365 tur:
2220 4323 2344 4378 qua:
2382 4322 2471 4362 res
2532 4306 2718 4361 animo
2768 4313 3150 4362 consternatos
3203 4303 3461 4359 reddebat
3507 4317 3625 4364 eos,

2041 4401 2134 4473 qui
2168 4415 2280 4456 una
2332 4414 2456 4454 cum
2510 4398 2674 4454 Petro
2733 4406 3024 4455 venerant.
3081 4398 3259 4466 AtQue
3311 4396 3415 4451 hoc
3462 4392 3627 4447 modo

2040 4492 2411 4550 defensionem
2447 4490 2609 4547 Petro
2640 4506 2889 4560 magnam
2939 4488 3084 4543 Deus
3138 4485 3405 4556 parabat:
3468 4485 3627 4539 Nun-

2042 4584 2171 4656 quid
2197 4598 2340 4654 aqua
2366 4583 2483 4653 quis
2516 4580 2789 4651 prohibere
2818 4594 2910 4631 nos
2952 4582 3144 4646 potest,
3187 4591 3251 4628 ne
3288 4574 3626 4642 baptizentur

1968 4655 2138 4733 Diti?
2189 4677 2258 4731 Et
2311 4675 2563 4746 quisnam
2616 4678 2736 4727 erat
2785 4683 2941 4739 aqum
2989 4680 3144 4732 usus,
3201 4680 3327 4720 eum
3383 4664 3623 4734 Spiritus

2044 4775 2269 4823 sanctus
2326 4765 2584 4834 delapsus
2631 4768 2779 4817 esset
2825 4772 2990 4828 super
3034 4756 3200 4812 illos?
3248 4753 3405 4810 Iluuc
3459 4754 3623 4827 igitur

2045 4872 2204 4913 usum
2233 4872 2335 4929 ego
2384 4855 2583 4919 dicam,
2635 4866 2701 4907 ac
2757 4848 3075 4922 mysterium
3135 4861 3398 4903 arcanum
3463 4846 3623 4902 vobis

2044 4948 2318 5005 revelabo.
2376 4945 2568 5002 Divina
2638 4958 2737 5015 per
2797 4955 2921 4998 eam
2990 4939 3355 5011 perficiuntur
3412 4940 3618 5011 signa:

2046 5039 2329 5110 sepultura
2367 5045 2422 5092 et
2479 5032 2849 5100 mortiﬁcatio,
2902 5031 3144 5102 itemque
3196 5032 3528 5088 resurrectio
3566 5039 3622 5087 et

2041 5133 2173 5188 vita.
2208 5131 2363 5188 Sicut
2392 5128 2551 5186 nobis
2581 5127 2739 5183 facile
2770 5132 2855 5183 est
2900 5124 3167 5196 baptizari
3217 5132 3274 5181 et
3301 5138 3614 5197 emergere:

2041 5225 2113 5281 ita
2153 5225 2265 5281 Deo
2317 5222 2475 5279 facile
2517 5229 2601 5277 est
2634 5228 2876 5276 veterem
2929 5218 3209 5275 hominem
3266 5217 3517 5288 sepelire,
3563 5224 3619 5272 et

2040 5332 2243 5371 novum
2272 5313 2582 5385 designare.
2616 5308 2729 5367 Hoc
2755 5318 2941 5366 autem
2974 5310 3037 5366 ﬁt
3067 5307 3312 5374 tertium,
3359 5316 3418 5361 ut
3452 5308 3614 5362 intel-

2041 5404 2175 5478 ligas
2204 5405 2448 5475 potentia
2479 5400 2657 5457 Patris
2682 5410 2738 5456 et
2767 5398 2887 5455 Filii
2934 5410 2989 5455 et
3015 5398 3256 5469 Spiritus
3296 5398 3472 5453 sancti
3506 5398 3617 5453 illic

2039 5497 2222 5552 omnia
2274 5495 2481 5567 perfici.
2539 5494 2617 5550 Ac
2685 5508 2793 5549 non
2852 5505 2973 5547 esse
3023 5487 3395 5560 conjecturam
3466 5488 3615 5557 quod

2037 5591 2182 5655 dico,
2209 5588 2337 5644 audi
2365 5586 2594 5643 Paulum
2642 5585 2957 5643 dicentem:
3001 5579 3118 5638 Una
3150 5596 3269 5637 eum
3322 5595 3385 5637 eo
3422 5579 3615 5651 sepulti

1559 5780 1759 5842 Varite
1802 5779 2115 5844 lectiones
2163 5789 2222 5842 et
2268 5795 2457 5842 uotae.

430 5882 474 5917 ’⁸
508 5880 607 5954 Μὴ
637 5897 739 5937 non
775 5891 848 5939 est
875 5882 930 5938 in
963 5883 1265 5954 apographo
1299 5883 1536 5952 antiquo.
1617 5883 1657 5915 ¹⁸
1691 5881 1753 5937 In
1788 5884 1938 5956 vulgo

2041 5901 2131 5939 non
2186 5883 2448 5954 adjectum
2487 5891 2561 5936 est
2586 5880 2780 5953 Ἰησοῦ.
