4070 6452
409 414 513 478 671
1308 408 1892 471 THEOPHYLACTI
1933 408 2349 469 BULGABI/E
2379 408 2737 470 ARCHlEP.
3553 408 3662 472 672

407 537 590 577 sumus
635 536 727 590 per
773 518 1098 588 baptismum
1148 516 1207 569 in
1266 526 1486 570 mortem
1518 515 1584 568 ³⁸.
1632 514 1700 569 Et
1744 528 2014 574 rursusz,

2082 514 2338 581 παλαιὸς
2367 514 2538 584 ήμῶν
2565 515 2875 582 ἅνθρωπος
2897 514 3365 585 συνεσταυρώθη
3389 532 3399 545 ·
3433 516 3526 570 καὶ
3559 519 3663 570 πά.

424 614 578 669 Vetus
603 613 756 667 homo
792 620 968 665 noster
990 626 1099 663 una
1122 608 1400 677 cruciﬁxus
1422 616 1499 662 est
1531 606 1596 659 ³⁸.
1652 606 1719 659 Et
1748 620 1973 660 rursus:

2088 607 2190 670 λιν,
2221 609 2523 677 Σύμςουτοι
2550 609 2878 678 γεγόναμεν
2906 608 2986 673 τῷ
3011 607 3326 678 ὁμοιώματι
3355 606 3462 662 τοῦ
3485 608 3663 663 θανά..

410 706 633 762 Ins'titii
676 703 940 758 evasimus
988 710 1036 756 et
1064 700 1355 755 coaluimus
1404 697 1749 753 similitudine
1796 700 1980 752 mortis
2088 717 2195 756 του
2217 700 2422 756 αὐτοῦ.

411 797 524 850 eius
545 796 613 850 ‘°.

432 814 646 941 ﬁgens.
681 886 735 942 2.
768 884 830 938 Et
885 885 973 938 ubi
1015 883 1200 937 Petrus
1255 881 1488 936 ascendit
1535 878 1979 949 Hierosolymam,

2159 886 2266 940 Kal
2289 885 2387 940 ὅτε
2416 886 2598 954 ἀνέϐη
2633 885 2855 956 Πέτρος
2877 888 2963 955 εὶς
3002 889 3414 961 Ἰεροσόλυμα,
3444 890 3662 961 διεκρί-

416 976 783 1046 disceptabant
812 977 1061 1030 adversus
1109 973 1283 1036 illum,
1334 973 1424 1043 qui
1457 980 1608 1025 erant
1661 987 1725 1026 ea:
1753 972 1983 1025 circum-

1597 980 1608 1024 t
1661 987 1725 1026 ea:
1753 972 1983 1025 circum-
2091 994 2273 1033 νοντο
2298 978 2448 1047 πρὸς
2470 978 2657 1034 αὐτὸν
2688 983 2743 1033 ol
2763 980 2832 1035 ἐκ
2859 980 3204 1052 περιτομῆς,

413 1085 556 1133 cms,

486 1158 648 1211 Vens.
677 1158 730 1211 5.
764 1156 1043 1212 Dicentes:
1101 1155 1184 1211 Ad
1212 1155 1446 1220 homines
1494 1156 1754 1225 prwputio
1797 1153 1985 1208 obsitos

2163 1158 2474 1228 Λέγοντες,
2500 1159 2589 1213 ὅτι
2620 1161 2774 1227 Πρὸς
2805 1159 3029 1230 ἄνδρας
3054 1163 3464 1232 ἀκροϐυστίαν
3489 1166 3666 1236 ἕχον-

398 1252 673 1322 ‘ingressus
703 1266 778 1310 es.
810 1259 859 1302 et
883 1266 989 1303 una
1021 1266 1139 1303 cum
1160 1249 1267 1303 illis
1287 1248 1575 1303 comedisti.

2095 1266 2201 1315 τας
2237 1250 2542 1317 εἰσῆλθες,
2575 1251 2673 1305 καὶ
2712 1251 3052 1323 συνέφαγες
3085 1256 3308 1324 αὐτοῖς.

485 1340 650 1394 Vens.
676 1340 726 1392 ιι.
769 1337 955 1393 Petrus
988 1351 1165 1393 autem
1210 1340 1382 1392 dicere
1419 1355 1657 1405 exorsus,
1702 1335 1986 1406 exponebat

2169 1340 2520 1411 Ἇρξάμενος
2544 1342 2612 1396 δὲ
2635 1346 2669 1398 ό
2703 1343 2945 1414 Πέτρος,
2970 1345 3266 1411 ἐξετίθετο
3301 1348 3506 1415 αὐτοῖς
3527 1353 3665 1404 καθ-

412 1432 486 1498 eis
517 1432 699 1484 ordine
722 1432 899 1485 omnia
928 1430 1237 1501 singulatim
1260 1430 1339 1484 his
1365 1430 1566 1484 verbis:

886 1449 899 1484 ι
928 1430 1237 1501 singulatim
1260 1430 1339 1484 his
1365 1430 1566 1484 verbis:
2094 1427 2242 1495 εξῆς
2267 1429 2493 1507 λέγωνέ

486 1520 648 1577 Vens.
680 1522 733 1576 5.
772 1521 883 1592 Ego
937 1538 1084 1576 eram
1124 1522 1179 1574 in
1235 1523 1424 1591 Oppido
1473 1522 1642 1589 Joppe
1691 1536 1869 1586 orans,
1922 1535 2001 1573 ασ

2167 1520 2318 1589 Ἐγὼ
2379 1520 2542 1591 ἤμην
2580 1523 2651 1578 ἐν
2694 1525 2869 1580 πόλει
2908 1524 3122 1594 Ἰόππῃ
3158 1529 3668 1598 προσευχόμενος.

412 1612 521 1666 uidi
550 1613 603 1665 in
644 1613 842 1667 εωθιαεὶ
882 1613 909 1652 ιι
935 1612 1205 1678 visionem,
1244 1609 1427 1681 nempe
1463 1628 1555 1666 vas
1585 1612 1845 1682 quoddam
1871 1611 1988 1664 des-

2095 1611 2197 1666 καὶ
2225 1608 2467 1668 εἶδονέν
2488 1614 2773 1671 ἐκστάσει
2805 1616 3017 1688 ὅραμα,
3048 1619 3413 1674 καταϐαῖνον
3447 1621 3672 1686 σκεῦός

415 1705 652 1765 cendere,
711 1714 966 1774 tanquam
1011 1704 1181 1757 uelum
1245 1719 1519 1774 magnum,
1572 1702 1711 1770 quod
1761 1708 1990 1772 quatuor

2097 1720 2173 1768 τι,
2203 1704 2285 1769 ὡς
2316 1704 2539 1772 ὀθόνην
2558 1706 2834 1776 μεγάλην
2877 1707 3209 1779 τέσσαρσιν
3239 1710 3451 1779 ἀρχαῖς
3478 1713 3672 1765 καθιε-

415 1790 584 1846 initiis
634 1793 699 1847 de
771 1792 896 1847 cazlo
952 1792 1359 1858 demittebatur,
1411 1808 1474 1845 ac
1525 1790 1758 1860 pervenit
1828 1805 1990 1860 usque

2091 1792 2289 1862 μένην
2314 1793 2382 1849 ἐκ
2414 1795 2522 1851 τοῦ
2552 1798 2835 1866 οὐρανοῦ,
2865 1802 2963 1855 καὶ
2994 1800 3183 1871 ἦλθεν
3214 1799 3387 1870 ἄχρις
3418 1801 3565 1872 ἐμοῦ
3584 1819 3598 1836 ·

417 1883 642 1936 adme:
2028 1896 2068 1951 Β

494 1969 656 2026 Vens.
676 1971 729 2027 6.
748 1971 814 2025 In
845 1972 984 2041 quod
1003 1972 1230 2036 intuens,
1262 1970 1744 2025 animadvertebam
1767 1984 1831 2023 ac
1853 1969 1996 2023 vide-

2168 1975 2275 2040 εις
2303 1972 2385 2043 ἢν
2427 1958 2733 2045 ἀτενίσας,
2771 1980 3098 2035 κατενόουν
3136 1981 3233 2037 καὶ
3280 1977 3446 2038 εἶδον
3476 1982 3550 2037 τὰ
3582 2000 3678 2039 τε·

419 2060 538 2114 bam
579 2061 947 2133 quadrupedes
984 2070 1160 2126 terror,
1193 2077 1257 2115 ac
1314 2062 1477 2131 feras,
1528 2070 1577 2113 et
1629 2068 1915 2129 serpentes,
1948 2065 1996 2112 et

2097 2062 2365 2131 τράποδα
2395 2065 2506 2135 τῆς
2534 2065 2669 2137 γῆς,
2712 2069 2809 2122 καὶ
2845 2070 2919 2125 τὰ
2958 2072 3155 2139 θηρία,
3183 2072 3283 2127 καὶ
3327 2073 3401 2127 τὰ
3437 2072 3674 2143 ἑρπετὰ,

419 2151 655 2206 volucres
684 2152 820 2207 caeli.

2099 2154 2198 2209 καὶ
2234 2156 2307 2210 τὰ
2339 2158 2581 2212 πετεινὰ
2608 2159 2715 2214 τοῦ
2746 2161 3028 2228 οὐρανοῦ.
3214 2211 3228 2221 .

488 2241 654 2298 Vens.
684 2242 955 2297 7.~Audivi
980 2243 1104 2296 item
1133 2257 1309 2296 vocem
1331 2241 1587 2296 dicentem
1610 2240 1778 2296 mihi:
1807 2237 1994 2310 Surge,

2177 2247 2453 2304 Ἤκουσα
2484 2249 2554 2303 δὲ
2601 2251 2808 2321 φωνῆς
2844 2254 3145 2324 λεγούσης
3164 2272 3268 2325 μοι
3288 2271 3304 2288 ο
3361 2255 3676 2324 Ἀναστὰς,

419 2332 597 2398 Petre,
630 2342 806 2388 macta
844 2344 892 2387 et
921 2334 1150 2387 comede.

2098 2340 2304 2409 Πέτρε,
2329 2342 2526 2398 θῦσον
2562 2344 2658 2397 καὶ
2693 2343 2870 2414 φάγε.

493 2424 657 2481 Vens.
690 2425 745 2480 8.
775 2426 854 2479 Ac
881 2426 1029 2480 dixi:
1082 2425 1316 2487 Minime,
1367 2424 1628 2484 Domine:
1685 2426 1810 2495 quia
1870 2425 2002 2481 nihil

2164 2428 2357 2487 Εἶπον
2400 2432 2503 2488 δέ’
2559 2434 2879 2504 Μηδαμῶς,
2923 2437 3139 2505 Κύριε·
3173 2437 3260 2492 ὅτι
3299 2438 3425 2495 πᾶν
3473 2438 3683 2493 κοινὸν

425 2533 699 2571 commune
761 2526 811 2571 et
868 2518 1199 2571 immundum
1263 2533 1495 2587 unquam
1551 2516 1772 2572 intravit
1829 2518 1884 2574 in
1942 2535 2000 2574 os

2101 2525 2202 2580 καὶ
2228 2525 2567 2595 ἀκάθαρτον
2594 2527 2638 2559 ¹⁸
2665 2526 2953 2582 οὐδέποτε
2977 2528 3266 2599 εἰσῆλθεν
3293 2531 3381 2596 εις
3400 2529 3467 2585 τὸ
3487 2532 3685 2598 στόμα

426 2623 620 2663 meum.
2094 2630 2216 2685 μου
2234 2629 2250 2646 ο

500 2698 662 2755 Vens.
714 2700 769 2757 9.
802 2699 1086 2772 Respondit
1133 2709 1312 2754 autem
1373 2701 1502 2755 mihi
1554 2717 1653 2755 uox
1695 2702 1889 2756 iterum
1937 2702 2001 2756 de

2188 2703 2505 2774 Ἀπεκρίθη
2541 2704 2610 2759 δέ
2648 2723 2751 2774 μοι
2805 2705 2973 2776 φωνὴ
3009 2707 3078 2761 ἐκ
3137 2707 3420 2778 δευτέρου
3471 2709 3539 2764 ἐκ
3573 2706 3684 2763 τοῦ

424 2789 587 2845 caelo:
647 2790 776 2857 Quas
817 2788 964 2846 Deus
1029 2792 1305 2863 purgavit,
1338 2802 1395 2846 tu
1442 2793 1740 2847 communia
1794 2809 1858 2848 ne
1901 2810 1998 2864 pu-

2107 2796 2401 2864 οὑρανοῦ·
2443 2798 2513 2852 Ἀ
2546 2801 2579 2852 ό
2613 2798 2756 2866 Θεὸς
2780 2799 3033 2868 ἐκάθαρε
3056 2800 3124 2868 ⁸⁷,
3158 2799 3239 2855 σὺ
3259 2800 3346 2871 μὴ
3378 2801 3606 2857 κοίνου.

429 2889 523 2935 188.

501 2970 664 3027 Vens.
696 2970 782 3027 10.
816 2972 987 3043 Atque
1039 2973 1135 3026 hoc
1167 2974 1369 3045 factum
1418 2983 1494 3028 est
1539 2985 1656 3030 ter:
1709 2989 1777 3029 ac
1818 2990 2003 3030 rursus

2179 2979 2360 3036 Τοῦτο
2383 2980 2452 3034 δὲ
2489 2982 2727 3052 ἐγένετο
2754 2982 2853 3036 ἐπὶ
2888 2984 3041 3051 τρίς·
3068 2984 3169 3038 καὶ
3196 2983 3387 3040 πάλιν
3417 2985 3686 3041 ἀνεσπά-

426 3064 607 3118 omnia
637 3061 896 3117 subducta
927 3072 1049 3117 sunt
1071 3064 1127 3117 in
1147 3063 1352 3119 calum.

2102 3075 2222 3137 σθη
2254 3071 2492 3127 ἅπαντα
2528 3074 2616 3140 εἰς
2648 3072 2758 3127 τὸν
2786 3073 3068 3142 οὐρανόν.

497 3151 688 3208 Vidisti
724 3152 899 3207 zelum
932 3152 1285 3225 studiumque
1316 3154 1640 3218 vehemens,
1673 3170 1783 3225 quo
1825 3155 1998 3227 legem
2033 3225 2069 3239 Α

2175 3161 2332 3227 Εἶδες
2359 3163 2450 3216 τὸν
2483 3162 2666 3234 ζῆλον,
2705 3164 2764 3218 ὃν
2795 3161 2943 3236 εἶχον
2972 3165 3111 3239 ὑπὲρ
3156 3165 3250 3220 τοῦ
3287 3167 3474 3239 νόμον.
3515 3168 3589 3223 Oi:
3623 3170 3688 3222 τδ

431 3245 745 3300 tuebantur.
776 3243 895 3300 Non
919 3244 1236 3316 dignitatem
1266 3245 1378 3317 96
1404 3246 1549 3300 Petri
1579 3245 1796 3300 reveriti
1832 3225 1998 3300 sunt:
2028 3233 2038 3277 ⁴

2108 3225 2325 3325 ἀξίωμα
2351 3225 2560 3325 Πέτρον
2595 3225 2922 3326 ᾐδέσθησαν,
2952 3256 3012 3309 οὐ
3042 3225 3111 3311 τὰ
3144 3225 3415 3328 γενόμενα
3461 3262 3688 3330 σημεῖα,

427 3352 537 3392 non
568 3338 743 3410 signa,
769 3351 891 3407 qua:
931 3336 1073 3391 facta
1104 3345 1293 3392 erant:
1348 3353 1459 3414 non
1493 3346 1886 3407 reputaverunt
1915 3351 2002 3391 res

2106 3347 2168 3401 οὐ
2199 3348 2260 3401 τὺ
2290 3347 2623 3418 κατόρθωμα
2670 3349 2793 3402 ὅσον
2839 3347 2905 3421 ἦν
2955 3350 3014 3404 τὸ
3048 3351 3306 3417 δέξασθαι
3350 3353 3444 3407 τὸν
3490 3354 3685 3422 λόγον·

427 3436 654 3497 quanta,
702 3442 866 3497 quam
917 3427 1060 3482 bene
1121 3435 1274 3498 gesta
1329 3438 1495 3492 esset,
1544 3441 1774 3499 nempe,
1822 3435 1883 3482 ιιι
1933 3428 2003 3483 ab

2104 3440 2222 3495 ἀλλ’
2258 3438 2398 3511 ὑπὲρ
2429 3438 2538 3492 τῶν
2588 3441 2801 3510 μικρῶν
2854 3440 3079 3496 ἐκείνων
3123 3443 3476 3512 διεκρίνοντο.
3523 3445 3587 3499 Ol
3624 3447 3690 3499 ἐκ

427 3519 638 3574 exteris
691 3519 922 3574 verbum
974 3520 1070 3574 Dei
1130 3520 1501 3590 reciperetur:
1555 3521 1651 3575 sed
1704 3520 1772 3574 de
1822 3519 2005 3589 parvis

2104 3532 2409 3601 περιτομῆς
2457 3530 2812 3603 διεκρίνοντο,
2866 3534 2964 3604 οὐχ
3020 3536 3068 3588 οε
3108 3534 3429 3590 ἀπόστολοι·
3483 3537 3558 3607 μὴ
3592 3538 3691 3606 γέ-

432 3614 540 3670 illis
577 3614 982 3686 disceptabant.
1013 3615 1117 3682 Qui
1149 3623 1309 3671 erant
1330 3615 1397 3670 de
1426 3630 1625 3687 genere
1651 3616 2007 3671 circumciso-

2103 3632 2269 3671 νοιτο.
2293 3618 2366 3670 Οὐ
2401 3616 2617 3685 λέγουσι
2644 3617 2720 3682 δὲ,
2751 3619 2851 3671 Διὰ
2882 3619 2933 3671 τί
2964 3618 3359 3689 κατήγγειλαςς
3408 3621 3564 3687 ἀλλὰ,
3591 3623 3692 3678 Διὰ

426 3722 550 3761 rum
580 3707 977 3777 disceptabant,
1009 3723 1119 3763 non
1170 3709 1428 3779 apostoli.
1465 3709 1642 3765 Absit.
1668 3708 1789 3763 Non
1814 3706 2006 3761 dicunt

2106 3702 2163 3760 τι
2203 3707 2540 3777 συνέφαγεςς
2578 3706 2637 3760 Ὀ
2662 3706 2719 3761 δὲ
2779 3708 2987 3778 Πέτρος
3019 3709 3080 3762 οὒ
3111 3709 3251 3782 πρὸς
3292 3710 3451 3765 τοῦτο
3502 3711 3694 3765 ἵστατο

425 3808 644 3855 autem:
695 3798 806 3857 Cur
857 3800 1226 3856 annuntiasti?
1285 3801 1401 3866 sed,
1462 3800 1576 3857 Cur
1655 3816 1763 3855 una
1824 3799 2005 3855 cibum

2106 3797 2170 3852 τὸ
2197 3797 2426 3870 ψυχρὸν,
2462 3798 2597 3853 ἀλλὰ
2626 3800 2764 3868 πρὸς
2807 3801 2983 3853 ἐκεῖνο
3010 3801 3069 3854 τδ
3101 3801 3267 3872 μέγα,
3298 3802 3379 3856 ὅτι
3422 3804 3483 3856 El
3517 3802 3694 3856 Πνεύ-

426 3892 748 3964 sumpsisti?
770 3892 840 3948 At
889 3893 1087 3951 Petrus
1115 3893 1171 3948 in
1204 3893 1329 3958 hoc,
1363 3894 1507 3964 quod
1547 3893 1803 3964 frigidum
1854 3900 1994 3955 erat,

2116 3905 2288 3959 ματος
2324 3889 2645 3959 μετέλαϐον,
2682 3890 2837 3960 φησι,
2870 3890 2989 3953 πῶς
3017 3889 3208 3945 τούτου
3240 3891 3560 3962 μεταδοῦναι
3591 3896 3696 3949 οὐκ

426 4000 538 4040 non
568 3985 922 4052 consistebat,
950 4000 1051 4040 nec
1075 3985 1491 4049 immorabatur,
1526 3985 1622 4040 sed
1649 3985 1703 4039 in
1727 3984 1840 4050 illo,
1864 3982 2010 4054 quod

2110 3977 2214 4053 ἦνς
2245 3982 2499 4035 Δείκνυσι
2527 3982 2585 4036 δὲ
2622 3981 2712 4035 διὰ
2740 3982 2841 4052 τῆς
2870 3982 3194 4053 ἀπολογίας,
3241 3984 3432 4038 ἑαυτὸν
3462 3986 3561 4056 μὲν
3597 3986 3694 4039 οὐ-

431 4091 686 4147 magnum
730 4084 850 4133 erat
880 4092 896 4131 τ
927 4091 1148 4145 nempe,
1175 4074 1234 4131 Si
1264 4074 1552 4146 Spiritum,
1575 4075 1773 4147 inquit,
1796 4076 1939 4131 sicut
1958 4083 2014 4131 et

2111 4072 2286 4145 δειμοῦ
2316 4074 2491 4130 αἴτιον
2513 4090 2533 4106 ι
2555 4074 2833 4144 πανταχοῦ
2862 4074 2919 4129 δὲ
2948 4075 3041 4129 τὸν
3076 4077 3234 4142 Θεὸν,
3260 4077 3438 4146 ὲφ’.ὃν
3470 4077 3625 4150 ἔριψε
3650 4079 3695 4112 ’³

431 4182 554 4232 nos,
588 4176 940 4237 acceperunt,
972 4170 1068 4239 qui
1115 4169 1220 4223 hoc
1254 4169 1360 4223 illis
1413 4167 1682 4239 impartiri
1716 4182 1822 4222 non
1875 4167 2010 4223 lice-

2112 4167 2174 4220 τὸ
2210 4170 2341 4222 πᾶν.
2376 4169 2449 4222 Τὸ
2478 4167 2672 4233 σκεῦος
2707 4169 2836 4239 γὰρ,
2876 4170 3061 4241 φησὶν,
3101 4168 3267 4235 αὐτὸς
3319 4169 3547 4235 ἔδειξεν·
3584 4171 3697 4240 ἐγὼ

434 4259 566 4314 bat?
595 4258 846 4315 Ostendit
870 4270 1051 4316 autem
1085 4276 1176 4331 per
1208 4276 1362 4316 suam
1385 4261 1760 4317 defensionem
1795 4275 1854 4315 se
1888 4261 2013 4331 qui-

2116 4261 2394 4313 ὰντεῖπον.
2443 4261 2553 4314 Kal.
2595 4260 2761 4315 πάλιν
2802 4259 2965 4323 αὐτὸς
3007 4255 3168 4314 εἴπεο
3219 4261 3314 4314 καὶ
3354 4261 3476 4316 οὐδὲ
3525 4261 3698 4327 οὕτως

434 4351 559 4406 dem
590 4367 857 4421 nusquam
890 4393 906 4419 ,
965 4353 1168 4424 ubique
1197 4368 1327 4409 vero
1373 4371 1590 4410 causam
1618 4364 1673 4409 et
1732 4363 2012 4410 auctorem

2118 4351 2348 4422 ἥκουσα.
2379 4350 2455 4405 Τὸ
2496 4350 2722 4420 Πνεῦμα
2766 4349 3056 4404 ἐκέλευσεν
3102 4349 3391 4404 ἀπελθεῖν·
3423 4350 3697 4413 ἀπελθὼν,

437 4442 517 4497 rei
548 4452 716 4514 gesta:
744 4458 866 4498 esse
918 4444 1108 4509 Deum,
1168 4445 1223 4499 in
1282 4462 1442 4516 quem
1502 4445 1680 4516 rejicit
1730 4445 2014 4516 negotium

2119 4444 2220 4499 οὐκ
2246 4444 2576 4514 ἐπέδραμον,
2605 4441 2715 4497 οὐδ’
2736 4442 2941 4506 εὐθέως
2974 4440 3246 4496 ἐϐάπτισα
3265 4457 3280 4472 °
3310 4439 3447 4494 ἀλλὰ
3478 4440 3640 4492 πάλιν
3670 4443 3698 4495 ὁ

436 4545 631 4592 totum.
663 4534 771 4593 Vas
814 4538 982 4603 enim,
1023 4539 1220 4608 inquit,
1257 4539 1373 4609 ipse
1422 4539 1689 4597 ostendit:
1741 4555 1841 4610 ego
1876 4553 2001 4593 con-

2120 4537 2251 4601 Θεὸς
2271 4538 2331 4590 τὸ
2355 4538 2464 4591 πᾶν
2492 4535 2808 4607 εἰργάσατο.
2842 4537 3121 4592 Ἤκουσα
3147 4535 3216 4589 δὲ
3244 4535 3346 4589 καὶ
3374 4532 3577 4605 φωνῆς
3600 4538 3701 4589 λε-

366 4652 369 4655 λ
438 4627 670 4695 tradixi;
711 4643 778 4683 ac
826 4645 1015 4687 rursus
1067 4630 1182 4699 ipse
1228 4630 1400 4695 dixit,
1447 4645 1512 4684 ac
1564 4645 1635 4684 ne
1665 4629 1746 4687 sic
1792 4629 1973 4700 quidet

2118 4629 2348 4700 γούσης
2367 4647 2490 4698 μοι.
2531 4628 2735 4683 Ἱκανὸν
2769 4628 2867 4698 μὲν
2911 4623 2981 4699 ἦν
3036 4630 3132 4682 καὶ
3181 4626 3340 4680 τοῦτο
3388 4628 3594 4691 πεῖσαι,
3640 4626 3701 4681 τὸ

440 4719 683 4776 obedivi.
718 4718 1143 4790 Spiritusjussit
1174 4721 1364 4774 abire:
1408 4720 1600 4774 abiens
1632 4736 1741 4774 non
1774 4719 2012 4783 accurri,

2121 4720 2423 4774 θεάσασθαι
2457 4720 2556 4791 τὴν
2606 4720 2837 4787 σινδόνα,
2875 4719 3015 4788 πλὴν
3043 4719 3180 4774 ἀλλὰ
3223 4720 3317 4774 καὶ
3349 4718 3500 4789 φωνὴ
3527 4737 3700 4790 προσ-

338 4828 344 4833 ~
437 4822 615 4877 neque
669 4808 850 4863 statim
907 4808 1236 4877 baptizavi:
1293 4809 1388 4861 sed
1462 4807 1605 4886 Deus
1677 4823 1868 4862 rursus
1934 4816 1945 4861 I

2123 4808 2315 4878 ετέοη·
2346 4809 2664 4875 Ἀναστὰς,
2702 4806 2906 4875 Πέτρε,
2944 4805 3139 4861 θῦσον
3180 4808 3278 4861 καὶ
3313 4806 3484 4876 φάγε.
3511 4803 3702 4861 Εἶπον

440 4907 556 4952 tum
590 4899 864 4969 negotium
932 4899 1160 4971 peregit.
1222 4899 1415 4953 Audivi
1466 4910 1637 4954 autem
1661 4902 1821 4952 etiam
1847 4915 2020 4953 vocem

2125 4899 2192 4954 δέ
2215 4918 2228 4931 ’
2261 4898 2580 4970 Μηδαμῶς,
2614 4901 2812 4968 Κύριε.
2852 4900 3017 4970 Ὁρᾷς
3061 4899 3142 4952 ὅτι
3181 4897 3242 4950 τὸ
3287 4899 3418 4967 ὲμδν
3448 4897 3700 4968 ἐποίησα,

441 4991 697 5044 dicentem
750 4989 896 5044 mihi.
951 4989 1096 5045 Satis
1142 4990 1364 5060 quidam
1434 4999 1552 5044 erat
1607 4990 1769 5044 etiam
1822 4991 1924 5044 hoc
1950 4990 2016 5045 ad

2129 4993 2283 5062 φησι.
2328 4990 2470 5060 Πρὸς
2498 4989 2659 5044 τοῦτο
2698 4990 2754 5043 δὲ
2785 4991 2818 5059 ἡ
2862 4988 3149 5057 ἀπολογία,
3182 4987 3210 5040 ὂ
3259 4988 3444 5055 ἔλεγον
3482 4988 3701 5051 ἐκεῖνοι,

441 5080 907 5155 persuadendum,
972 5096 1204 5151 nempe,
1260 5081 1402 5151 quod
1463 5080 1705 5135 videram
1753 5081 2018 5139 linteum:

2125 5085 2206 5138 ὅτι
2232 5082 2535 5151 Εἰσῆλθες
2559 5082 2657 5135 καὶ
2683 5079 3025 5148 συνέφαγες
3062 5076 3287 5145 αὐτοῖς.
3329 5076 3705 5145 Ἀπολογείται

444 5193 636 5234 verum
673 5185 857 5232 tamen
886 5177 1052 5232 etiam
1082 5192 1185 5232 vox
1216 5176 1426 5245 adjecta
1468 5186 1553 5230 est
1583 5194 1596 5229 :
1628 5174 1816 5246 Surge,
1845 5175 2019 5243 Petre,

2131 5176 2210 5238 δὲ,
2245 5175 2341 5228 καὶ
2366 5174 2465 5226 οὐκ
2486 5171 2631 5236 ἀξιοῖ
2651 5171 2728 5242 τῷ
2747 5169 2841 5223 τοῦ
2868 5167 3190 5223 διδασκάλου
3209 5165 3480 5238 ἀξιώματι
3508 5168 3707 5237 κεχρῆ-
3728 5167 3735 5174 ’

448 5278 622 5323 macta
664 5277 715 5323 et
742 5268 972 5322 comede.
1006 5267 1080 5320 Ac
1104 5268 1237 5334 dimi,
1273 5264 1515 5330 Minime,
1546 5266 1800 5321 Domine.
1835 5267 2021 5335 Vides,

2130 5265 2275 5320 σθαι.
2313 5264 2468 5334 Ὀσῳ
2519 5263 2627 5335 γὰρ
2662 5261 3069 5332 ἐπιεικέστερον
3113 5259 3433 5328 φθέγγεται,
3468 5256 3707 5326 τοσούτῳ

448 5360 652 5430 inquit,
676 5374 764 5415 me
790 5374 972 5414 meum
1020 5358 1213 5416 iecisse
1237 5357 1496 5413 oﬂicium.
1553 5357 1724 5414 Porro
1767 5358 2020 5415 defensio

1282 5357 1496 5413 ilicium.
1553 5357 1724 5414 Porro
1767 5358 2020 5415 defensio
2132 5357 2332 5429 μᾶλλον
2356 5355 2555 5418 αὐτοὺς
2587 5352 2889 5424 χειροῦται.

448 5461 663 5524 spectat
684 5451 753 5507 ad
783 5452 860 5518 id,
884 5452 1027 5522 quod
1054 5451 1132 5507 illi
1169 5452 1445 5517 dicebant,
1484 5468 1715 5523 nempe:
1751 5452 2021 5524 Ingressus
2056 5469 2128 5520 es,
2153 5459 2204 5507 et
2245 5467 2353 5504 una
2378 5447 2651 5504 comedisti
2689 5463 2806 5501 cum
2832 5446 2957 5500 illis.
2995 5444 3227 5502 Causam
3303 5450 3485 5498 autem
3554 5451 3708 5495 snam

458 5626 465 5633 ,
521 5569 567 5603 ³⁸
610 5570 769 5624 Rom.
819 5584 897 5635 vr,
948 5568 1005 5623 4.
1083 5570 1129 5603 ³⁸
1180 5568 1338 5637 ibid.,
1396 5569 1451 5626 6.
1527 5569 1763 5638 ‘°ibid.,
1805 5571 1860 5626 5.

1671 5663 1869 5724 Variae
1916 5661 2223 5725 lectiones
2265 5668 2327 5721 et
2371 5666 2539 5721 notat

526 5761 572 5792 ¹⁶
607 5757 671 5812 In
704 5758 915 5829 vulgato
954 5769 1049 5825 est,
1081 5761 1113 5831 ἢ
1156 5762 1250 5816 καὶ
1270 5761 1599 5836 ἀκάθαρτον.
1681 5764 1722 5795 ¹⁷
1748 5760 1817 5818 In
1860 5763 2072 5834 vulgato
2103 5779 2133 5816 ε.

1419 5780 1599 5836 αρτον.
1681 5764 1722 5795 ¹⁷
1748 5760 1817 5818 In
1860 5763 2072 5834 vulgato
2103 5771 2199 5829 est,
2228 5759 2543 5831 ἐκαθάρισε.
2622 5753 2666 5788 ¹⁸
2695 5752 2907 5828 ἔρριψε,
2941 5754 3026 5808 Ζσ.

528 5854 556 5895 ιι
606 5851 663 5908 ν.
694 5852 754 5909 lu
779 5869 993 5909 excessu
1022 5858 1206 5913 mentis
1241 5873 1387 5915 metu.
