4070 6416
344 367 412 426 ’ἶ3
995 365 1398 427 EXPOSlTIO
1431 369 1510 426 ΙΝ
1542 368 1729 428 ACTA
1763 368 2336 430 APOSTOLORUM.
2373 396 2437 405 —
2478 371 2634 433 CAP.
2663 372 2770 434 XI.

3459 372 3563 442 67-1

309 479 459 541 dicit,
499 486 556 531 et
598 492 709 530 non
762 476 872 530 vult
914 476 990 529 ιιιί
1042 477 1303 547 dignitate
1349 478 1614 548 magistri.
1667 478 1882 543 Quanto
1921 477 2068 532 enim
2097 478 2286 533 mitius
2348 493 2413 534 ac
2484 479 2772 550 benignius
2827 479 3087 550 loquitur,
3179 485 3334 540 tanto
3387 498 3565 558 magis

308 584 406 624 eos
444 567 500 622 in
551 583 708 623 suam
763 577 1086 637 potestatem
1136 577 1300 636 atque
1344 568 1672 623 sententiam
1707 567 1947 622 adducit.

384 664 494 718 Kal
547 664 680 718 ἰδοὺ
719 665 788 729 ἐξ
828 664 1018 733 αὐτῆς
1079 665 1232 733 τρεῖς
1280 664 1496 733 ἄνδρες
1541 663 1892 730 ἐπέστησαν

2065 666 2227 722 νεεδ.
2255 667 2341 722 Η.
2378 665 2444 720 Et
2497 685 2610 722 ecce
2639 667 2898 738 extemplo
2944 669 3042 722 viri
3079 679 3181 723 tres
3217 679 3406 739 prazsto
3448 669 3567 738 [ιιι--
3635 643 3639 652 1

310 751 408 804 ἐπὶ
444 750 556 818 τὴν
592 751 810 816 οὶκίαν,
849 751 918 806 ἐν
958 748 998 824 ᾖ
1031 752 1214 822 ἤμην,
1263 753 1711 824 ἀπεσταλμένοι
1769 755 1888 808 άπὸ

312 844 672 909 Καισαρείας
697 844 846 910 πρός
879 859 974 912 με.

387 933 538 985 Ετπε
587 931 655 984 δέ
707 949 810 1000 μοι
853 932 920 985 τὸ
975 931 1242 1002 Πνεῦμα,
1293 933 1617 988 συνελθεῖν
1661 933 1886 999 αὐτοῖς,

305 1024 502 1094 μηδὲν
533 1024 1022 1092 διακρινόμενον·
1053 1021 1246 1095 ἦλθον
1277 1025 1346 1078 δὲ
1388 1025 1510 1079 σὺν
1544 1025 1672 1094 ἐμοὶ
1701 1025 1800 1078 καὶ
1835 1027 1890 1078 ol

309 1117 379 1178 ἐξ
404 1115 660 1184 ἀδελφοὶ
688 1111 876 1180 οὗτοι,
914 1115 1012 1171 καὶ
1043 1117 1408 1188 εἰσήλθομεν
1453 1119 1542 1184 εὶς
1575 1117 1684 1172 τὸν
1719 1113 1891 1172 οἷκον

312 1207 420 1262 τοῦ
450 1207 676 1273 ἀνδρός
695 1223 712 1239 ⁸

393 1297 750 1368 Ἀπήγγειλέ
782 1315 846 1352 τε
883 1299 1027 1368 ἡμῖν
1071 1298 1198 1367 πῶς
1225 1297 1346 1356 εἶδε
1385 1301 1494 1356 τὸν
1521 1301 1780 1370 ἄγγελον
1822 1301 1891 1354 ἐν

311 1391 390 1457 τῷ
436 1393 582 1458 olm,»
639 1393 827 1446 αὐτοῦ
874 1392 1171 1447 σταθέντα
1225 1393 1323 1446 καὶ
1378 1395 1624 1448 εἰπόντα
1685 1393 1846 1458 αὐτῷ
1871 1410 1884 1424 ·

324 1484 722 1538 Ἀπόστειλον
743 1486 831 1548 εὶς
857 1484 1110 1552 Ἰόππην
1127 1484 1371 1552 ἄνδρας,
1385 1485 1483 1538 καὶ
1504 1484 1887 1554 μετάπεμψαι

310 1577 548 1646 Σίμωνα
574 1575 682 1630 τὸν
705 1576 1186 1647 ἐπικαλούμενον
1214 1577 1465 1645 Πέτρον,

385 1670 494 1734 ⁸ος
525 1669 789 1734 λαλήσει
828 1667 1068 1738 ῥήματα
1100 1668 1247 1737 πρὸς
1284 1670 1382 1735 σὲ,
1403 1669 1474 1723 ἐν
1517 1664 1608 1736 οἷς
1632 1669 1887 1737 σωθήσῃ

311 1759 393 1813 σὺ
428 1758 526 1812 καὶ
555 1757 675 1825 πᾶς
701 1760 736 1813 ὁ
757 1755 922 1824 οῒκός
949 1775 1087 1814 σου.

394 1851 492 1904 Ἑν
525 1850 594 1903 δὲ
623 1849 702 1914 τῷ
729 1849 771 1882 ¹⁹
814 1849 1111 1918 ἄρξασθαι
1136 1867 1215 1920 με
1256 1851 1491 1917 λαλεῖν,
1526 1851 1788 1907 ἐπέπεσε
1821 1853 1889 1907 τὸ

313 1942 557 2012 Πνεῦμα
585 1945 649 1996 τὸ
674 1941 846 2012 ἄτιον
872 1941 965 1996 ἐπ’
993 1942 1236 2009 αὐτοὺς,
1260 1941 1463 2013 ὥσπερ
1495 1943 1596 1998 καὶ
1615 1943 1708 2012 ἐφ’
1730 1942 1889 2014 ἡμᾶς

311 2035 380 2088 ἐν
415 2033 595 2102 ἀρχῇ.

396 2125 747 2193 Ἐμνήσθην
773 2125 841 2179 δὲ
862 2126 970 2181 τοῦ
1001 2125 1273 2196 ῥήματος
1310 2127 1356 2159 ²⁰
1385 2125 1491 2180 τοῦ
1528 2127 1772 2194 Κυρίου,
1807 2126 1888 2192 ὡς

311 2216 528 2285 ἔλεγεν
561 2217 650 2271 ὅτι
683 2216 961 2286 Ἰωάννης
980 2219 1097 2288 μὲν
1125 2218 1450 2273 ἐϐάπτισεν
1473 2217 1643 2272 ὕδατι
1667 2259 1682 2286 ,
1718 2217 1889 2288 ὑμεῖς

311 2310 379 2362 δὲ
402 2310 903 2376 ,ϐαπτισθήσεσθε
935 2312 1004 2364 ἐν
1037 2313 1334 2381 Πνεύματι
1365 2313 1531 2381 ἁγίῳ.

383 2406 453 2457 ει
480 2398 594 2458 οὖν
623 2402 740 2471 τὴν
765 2403 911 2470 ἴσην
932 2403 1159 2472 δωρεὰν
1182 2403 1406 2458 ἔδωκεν
1427 2406 1632 2472 αὐτοῖς
1663 2408 1697 2459 ὀ
1719 2404 1885 2470 Θεὸς,

311 2494 392 2566 ῥς
424 2493 519 2546 καὶ
542 2493 687 2563 ἡμῖν
708 2496 1114 2549 πιστεύσασιν
1140 2495 1239 2550 ἐπὶ
1270 2497 1378 2550 τὸν
1402 2497 1622 2566 Κύριον
1643 2495 1889 2565 Ἰησοῦν

313 2587 572 2652 Χριστόν
591 2601 604 2614 ·
633 2583 750 2654 ἐγὼ
777 2584 846 2638 δὲ
877 2587 968 2650 τίς
991 2585 1154 2654 ἢμην
1177 2587 1440 2653 δυνατὸς
1474 2588 1749 2642 κωλῦσαι
1780 2588 1889 2642 τὸν

317 2679 468 2730 θεόν
486 2694 506 2741 ;

385 2747 789 2812 Ἀκούσαντες
807 2746 876 2800 δὲ
903 2747 1105 2814 ταῦτα,
1124 2748 1455 2817 ἡσύχασαν
1484 2750 1582 2803 καὶ
1607 2747 1890 2814 ἐδόξαζον

317 2834 424 2886 τὸν
459 2835 630 2901 Θεὸν,
667 2833 947 2902 λέγοντες
968 2851 983 2866 ·
1015 2830 1157 2904 Ἆρά
1185 2853 1251 2905 γε
1273 2837 1317 2867 ’⁸
1355 2837 1453 2890 καὶ
1486 2837 1612 2904 τοῖς
1644 2837 1888 2891 ἔθνεσιν

317 2924 351 2976 ὁ
384 2921 528 2988 Θεὸς
556 2923 670 2990 τὴν
693 2921 1021 2992 μετάνοιαν
1039 2924 1261 2979 ἔδωκεν
1279 2927 1366 2991 εὶς
1392 2924 1564 2994 ζωήν.

387 3104 611 3160 Ἦλθον
653 3105 722 3160 δὲ
767 3106 890 3160 σὺν
921 3107 1050 3178 ἐμοὶ
1088 3109 1188 3162 καὶ
1219 3112 1272 3165 οἱ
1317 3109 1387 3176 ἓξ
1423 3110 1671 3181 ἀδελφοὶ
1700 3107 1886 3168 οὗτοι.

320 3198 484 3252 Οὐδὲν
515 3201 918 3270 ταπεινότερον,
966 3200 1094 3253 ὅταν
1125 3201 1232 3254 τῶν
1265 3201 1509 3271 ἀδελφῶν
1541 3205 1640 3276 τὴν
1672 3222 1881 3276 p.3th-

1991 769 2114 813 runt
2148 761 2204 813 in
2233 760 2455 827 ardibus,
2503 761 2558 814 in
2608 761 2794 830 quibus
2817 777 2986 823 eram,
3035 777 3068 816 a
3119 759 3363 816 Caesarea
3415 763 3563 816 missi

1990 850 2061 903 ad
2088 867 2188 905 me.

2061 939 2223 996 Vens.
2254 942 2338 997 l2.
2391 943 2467 996 Ac
2495 944 2628 996 dixit
2659 945 2784 997 mihi
2827 943 3096 1012 Spiritus,
3156 953 3213 998 ut
3265 945 3398 999 irem
3447 962 3563 998 cum

1989 1031 2098 1084 illis
2132 1031 2264 1084 nihil
2298 1032 2568 1086 lia’sitans.
2603 1033 2858 1087 Venerunt
2908 1046 3086 1088 autem
3143 1051 3347 1087 mecum
3394 1035 3560 1089 etiam

1987 1122 2078 1175 isti
2108 1123 2300 1193 fratres
2331 1138 2445 1187 sex,
2475 1131 2524 1175 et
2552 1123 2770 1191 ingressi
2791 1139 2974 1176 sumus
2991 1124 3203 1176 domum
3231 1121 3356 1187 viri,

2063 1301 2226 1356 Vnus.
2253 1300 2340 1355 15.
2367 1299 2468 1365 Qui
2490 1305 2729 1364 exposuit
2757 1301 2920 1362 nobis,
2953 1301 3393 1371 quemadmodum
3419 1301 3561 1353 domi

1987 1409 2101 1448 sua:
2154 1394 2363 1446 vidisset
2417 1394 2663 1462 angelum
2726 1403 2950 1446 stantem
3006 1409 3070 1446 ac
3129 1393 3384 1446 dicentem
3413 1393 3559 1444 sibi:

1992 1484 2145 1539 Mitte
2175 1486 2313 1538 viros
2334 1485 2390 1538 in
2417 1484 2640 1555 Joppen,
2676 1494 2722 1538 et
2782 1501 2990 1538 accerse
3037 1483 3324 1549 Simonem,
3374 1500 3564 1554 cogno-

1991 1585 2162 1630 mento
2195 1575 2434 1639 Petrum,

2064 1663 2230 1720 Vnus.
2266 1664 2354 1718 14.
2381 1664 2482 1728 Qui
2510 1663 2752 1734 loquetur
2771 1663 2924 1718 verba
2955 1664 3025 1717 ad
3050 1672 3120 1728 te,
3166 1664 3355 1732 quibus
3385 1679 3568 1717 serva-

1991 1755 2126 1807 beris
2159 1762 2215 1805 tu
2253 1761 2302 1807 et
2335 1760 2444 1805 tota
2467 1753 2654 1806 domus
2689 1762 2804 1806 tua.

2061 1842 2221 1897 Vsus.
2256 1843 2342 1896 15.
2372 1841 2504 1898 Cum
2534 1836 2709 1896 autem
2741 1845 3006 1914 coepissem
3033 1844 3196 1914 loqui,
3243 1844 3402 1897 irruit
3441 1841 3567 1912 Spi-

1989 1934 2122 1988 ritus
2152 1941 2369 1987 sanctus
2396 1930 2415 1970 1
2442 1933 2497 1985 in
2520 1932 2656 1994 illos,
2695 1935 3137 2002 quemadmodum
3165 1935 3322 1986 etiam
3342 1934 3397 1984 in
3418 1933 3568 1986 initio

1991 2027 2044 2078 in
2075 2040 2188 2077 nos.

2065 2113 2220 2166 Vens.
2254 2111 2340 2167 16.
2378 2111 2504 2164 Tum
2537 2111 2844 2165 recordatus
2873 2127 2990 2164 sum
3020 2110 3157 2164 verbi
3183 2109 3421 2173 Domini,
3448 2125 3568 2164 cum

1989 2206 2182 2260 diceret
2207 2221 2224 2258 :
2247 2203 2485 2257 Joannes
2509 2204 2717 2272 quidem
2748 2219 2890 2272 aqua
2918 2203 3210 2272 baptizavit
3236 2219 3254 2256 :
3286 2219 3370 2256 ros
3391 2213 3568 2256 autem

1987 2295 2385 2362 baptizabimini
2414 2295 2470 2346 in
2497 2292 2702 2362 Spiritu
2732 2302 2934 2348 sancto.

2063 2386 2340 2441 “135.17.
2391 2385 2449 2440 Si
2484 2386 2650 2456 igitur
2679 2386 2815 2439 idem
2846 2387 3040 2439 donum
3087 2385 3229 2440 dedit
3272 2385 3346 2439 eis
3399 2384 3564 2450 Deus,

1989 2482 2127 2548 quod
2180 2488 2230 2534 et
2294 2479 2480 2544 nobis,
2548 2479 2638 2549 qui
2701 2478 3096 2531 credideramus
3160 2477 3218 2530 in
3280 2477 3565 2530 Dominum

1987 2570 2492 2624 .lesumC/aristum:
2550 2585 2644 2640 ego
2673 2585 2794 2623 vero
2845 2569 2940 2638 qui
2977 2569 3258 2638 potuissem
3302 2569 3572 2638 prohibere

1989 2661 2158 2714 Deum
2180 2661 2205 2713 ἱ)
3243 2660 3251 2666 ’

2066 2753 2226 2807 Vens.
2266 2753 2348 2808 l8.
2404 2752 2602 2817 Quibus
2640 2750 2749 2804 illis
2797 2750 3020 2814 auditis,
3084 2749 3468 2813 conticuerunt,
3520 2761 3569 2804 et

1988 2843 2413 2916 gloriﬁcaverunt
2449 2843 2611 2895 Deum
2637 2843 2898 2894 dicentes:
2919 2840 3056 2910 Ergo
3080 2841 3268 2894 exteris
3291 2841 3400 2911 97
3436 2857 3537 2912 quo
3555 2874 3568 2884 -

1990 2952 2090 3002 que
2154 2934 2460 2988 nationibus
2533 2933 2673 2986 Deus
2745 2931 3107 3001 paenitentiam
3165 2931 3308 2984 dedit
3367 2933 3438 2984 ad
3489 2931 3569 2986 ui-

1990 3036 2126 3080 tam.

2065 3117 2323 3171 Venerunt
2372 3123 2552 3168 autem
2602 3128 2809 3166 mecum
2865 3111 3026 3166 etiam
3071 3112 3159 3165 isti
3204 3111 3397 3182 fratres
3456 3125 3566 3164 sex.

1991 3206 2139 3264 Nihil
2188 3207 2368 3277 potuit
2420 3206 2534 3261 fieri
2583 3204 2882 3268 humilius,
2944 3218 3106 3273 quam
3160 3218 3282 3257 cum
3340 3202 3568 3257 fratrum

325 3290 443 3360 ρίαν
484 3289 756 3358 ἑπάγηται
777 3303 793 3318 θ
820 3288 944 3342 οὔτε
972 3290 1039 3344 τὰ
1060 3292 1210 3360 παρά
1241 3293 1332 3345 τοῦ
1369 3294 1598 3362 ἀγγέλου
1634 3295 1888 3366 ρηθέντα,

1995 3298 2366 3356 testimonium
2422 3295 2695 3368 producit.
2763 3295 2953 3364 Neque
3022 3294 3247 3364 exponit
3304 3309 3389 3358 ea,
3449 3309 3572 3363 quae

319 3379 357 3434 ἃ.
393 3376 511 3433 εἷπε
542 3380 620 3452 τῷ
657 3380 941 3451 Κορνηλίῳ
965 3397 979 3410 ο
1010 3383 1078 3435 Al
1108 3383 1286 3451 εὐχαί
1312 3398 1428 3436 σου
1478 3385 1576 3437 καὶ
1616 3387 1676 3437 al
1703 3385 1890 3454 ἐλεη-

1994 3393 2211 3448 diserat
2238 3388 2464 3460 angelus
2489 3387 2556 3442 ad
2593 3385 2931 3450 Cornelium,
2974 3399 3174 3454 nempe
3227 3383 3419 3438 Preces
3465 3394 3573 3438 tua:

316 3473 580 3540 μοσύναι
609 3487 726 3525 σου
759 3487 773 3501 ⁸
807 3469 931 3524 οὔτε
985 3471 1114 3542 περὶ
1167 3475 1267 3542 τῆς
1319 3475 1622 3539 ἐπιεικείας
1670 3476 1891 3543 διέξεισι

322 3565 414 3616 τοῦ
439 3563 629 3632 ἀνδρὸς
652 3577 669 3594 ⁶
701 3562 822 3616 οὐδὲ
854 3561 1024 3630 λέγει,
1061 3563 1141 3617 ὅτι
1169 3563 1262 3617 τοῦ
1293 3564 1608 3636 Πνεύματος
1645 3567 1895 3638 πέμψαν-

322 3671 434 3718 τος,
467 3652 562 3706 τοῦ
592 3651 730 3706 Θεοῦ
772 3650 1128 3714 κελεύσαντος
1173 3653 1262 3707 διὰ
1293 3652 1388 3705 τοῦ
1421 3654 1655 3722 ἀγγέλου
1681 3655 1893 3708 ἐκεῖθεν

323 3741 654 3799 καλέσαντος
685 3756 701 3772 ο
753 3740 868 3793 ἀλλ’
915 3741 1024 3794 ἀπὸ
1075 3739 1167 3793 τοῦ
1227 3741 1458 3811 ὑστέρου
1511 3741 1844 3814 ἰσχυρίζεται
1875 3759 1893 3775 ο

324 3829 355 3881 ὃ
384 3829 476 3882 καὶ
496 3827 617 3881 καθ’
657 3827 789 3881 αὐτὸ
821 3827 1302 3898 ἀναμφισϐήτητον
1333 3822 1401 3899 ἦν
1428 3830 1747 3899 τεκμήριον.
1783 3827 1898 3881 Οὐκ

333 3919 576 3988 ἀρκεῖται
622 3917 679 3970 δὲ
735 3918 846 3980 τοῖς
904 3917 1261 3988 εἰρημένοις,
1319 3917 1455 3970 ἀλλά
1503 3918 1598 3969 καὶ
1651 3917 1896 3988 ῥήματος

330 4011 727 4081 ἀναμιμνήσκει
756 4009 849 4063 τοῦ
885 4010 1116 4078 Κυρίου,
1151 4009 1210 4062 τὸ
1231 4010 1299 4074 ’⁸,
1349 4009 1537 4077 Ὑμεῖς
1571 4007 1639 4061 δὲ
1673 4009 1894 4074 ,ϐαπτι-

323 4102 628 4172 σθήσεσθε
661 4101 732 4155 ὲν
760 4101 1056 4169 Πνεύματι
1082 4101 1249 4169 ἁγίῳ.
1290 4099 1477 4162 Οὐδὲν,
1510 4101 1664 4169 φησι,
1707 4100 1894 4152 καινό-

319 4215 479 4270 τερον
504 4200 729 4266 γέγονεν
752 4212 765 4226 °
809 4195 927 4249 ἀλλ’
955 4196 1095 4266 ὅπερ
1133 4196 1416 4264 προεῖπεν.
1474 4193 1620 4246 Ἀλλ’
1649 4195 1749 4248 οὐκ
1787 4195 1897 4248 ἔδει

326 4290 626 4360 βαπτίσαιο
675 4286 792 4340 ἀλλ’
839 4286 1144 4356 ἀπήρτιστο
1191 4284 1252 4337 τὺ
1312 4283 1617 4354 βάπτισμα.
1688 4287 1798 4340 Καὶ
1836 4285 1896 4338 οὐ

323 4382 493 4449 λέγει,
537 4377 832 4431 Ἐκέλευσα
863 4376 1058 4438 αὐτοὺς
1092 4374 1479 4444 βαπτισθῆναι,
1513 4375 1651 4428 ἀλλά
1682 4377 1886 4430 δείκνυο

323 4489 408 4524 σιν
462 4470 629 4524 αὑτὸν
698 4468 849 4521 οὐδὲν
901 4468 1234 4538 ποιήσαντα.
1294 4467 1474 4533 Ὅπερ
1541 4469 1896 4539 ἐσχήκαμεν,

321 4563 507 4630 φησιν,
550 4562 731 4631 ἡμεῖς,
761 4557 951 4612 ἔλαϐον
997 4559 1212 4610 ἐκεῖνοι.
1237 4559 1303 4610 El
1325 4553 1438 4611 οὖν
1467 4557 1583 4625 τὴν
1616 4559 1762 4627 ἴσην
1789 4559 1896 4612 6w-

1992 3493 2040 3538 et
2081 3483 2419 3551 eleemosyna:
2467 3488 2607 3533 tuae:
2640 3492 2817 3548 neque
2843 3476 3009 3531 verba
3037 3475 3167 3530 facit
3207 3474 3276 3529 de
3303 3474 3574 3544 probitate

1992 3590 2056 3630 ac
2084 3572 2419 3644 benignitate
2448 3570 2571 3634 viri,
2601 3583 2779 3639 neque
2805 3567 2956 3631 dicit,
2983 3581 3042 3622 se
3087 3566 3257 3621 missu
3313 3566 3573 3636 Spiritus,

1990 3669 2148 3736 jussu
2175 3663 2269 3718 Dei
2322 3677 2422 3733 per
2450 3661 2706 3730 angelum
2761 3659 2914 3714 illinc
2942 3658 3220 3713 evocantis
3264 3657 3571 3727 profectum

1998 3763 2155 3804 esse:
2212 3749 2308 3804 sed
2355 3764 2384 3802 a
2416 3749 2722 3817 posteriore
2776 3747 2978 3802 factum
3035 3763 3196 3802 suum
3254 3753 3579 3820 comprobat

1996 3847 2161 3908 atque
2207 3837 2524 3894 confirmat.
2578 3835 2734 3902 Quod
2762 3846 2818 3890 et
2846 3853 2944 3906 per
2987 3852 3048 3893 se
3092 3847 3302 3892 certum
3353 3847 3472 3892 crat
3521 3849 3578 3894 et

1997 3928 2226 3984 minime
2251 3927 2564 3998 ambiguum
2597 3935 3004 3996 argumentum.
3032 3925 3138 3980 Sed
3163 3925 3249 3979 his
3275 3924 3437 3980 dictis
3464 3942 3576 3982 non

1997 4028 2082 4077 est
2104 4027 2416 4074 contentus.
2445 4018 2751 4083 Quinetiam
2773 4017 2922 4072 verbi
2945 4016 3211 4071 Dotninici
3241 4017 3574 4071 mentionem

1998 4111 2164 4165 facit:
2216 4123 2434 4178 nempe,
2470 4109 2565 4164 Vos
2623 4109 3022 4178 baptizabimini
3046 4111 3099 4162 in
3131 4106 3333 4176 Spiritu
3370 4117 3572 4162 sancto.

1998 4202 2144 4256 Nihil
2170 4216 2395 4260 novum,
2429 4201 2629 4270 inquit,
2673 4200 2908 4254 accidit:
2941 4201 3060 4263 sed,
3101 4199 3249 4268 quod
3297 4199 3574 4268 prtedixit.

1998 4293 2069 4347 At
2095 4306 2206 4346 non
2237 4291 2523 4361 Oportebat
2546 4290 2822 4360 baptizare
2859 4307 2872 4343 :
2907 4298 2966 4346 at
2984 4290 3248 4360 baptisma
3278 4299 3395 4345 erat
3413 4291 3579 4346 abso-

1998 4383 2196 4437 lutum.
2256 4383 2333 4436 Ac
2387 4397 2498 4435 non
2557 4382 2712 4446 dicit,
2766 4379 2910 4435 Jussi
2961 4397 3056 4436 eos
3117 4381 3426 4450 baptizari:
3480 4382 3576 4437 sed

1998 4472 2238 4529 ostendit
2267 4486 2326 4526 se
2368 4471 2506 4525 nihil
2538 4470 2752 4526 fecisse.
2779 4470 2934 4537 Quod
2983 4486 3106 4533 nos,
3159 4471 3358 4538 inquit,
3382 4485 3579 4526 conse-

1999 4564 2112 4620 cuti
2160 4577 2386 4626 sumus,
2421 4562 2496 4616 illi
2549 4568 2894 4630 acceperunt.
2962 4559 3023 4614 Si
3073 4559 3236 4628 igitur
3283 4560 3423 4612 idem
3467 4559 3578 4612 illis

310 4656 465 4724 ρεάν
517 4653 744 4706 ἔδωκεν
796 4651 1000 4717 αὐτοῖς
1050 4653 1083 4705 ὀ
1122 4650 1287 4716 Θεὸς,
1320 4650 1400 4715 ὡς
1425 4650 1521 4702 καὶ
1548 4650 1725 4718 ἡμῖν,
1775 4653 1894 4704 Ἵνα

1998 4657 2191 4710 donum
2244 4653 2382 4707 Deus
2422 4652 2566 4706 dedit
2621 4652 2759 4721 quod
2816 4650 2977 4703 etiam
3018 4651 3192 4704 nobis.
3247 4646 3317 4702 Ut
3361 4649 3443 4701 eis
3481 4663 3576 4703 ora

316 4744 581 4816 ἐμφράξῃ
607 4742 786 4796 αὐτῶν
817 4743 887 4796 τὰ
932 4743 1200 4813 στόματα,
1233 4743 1561 4812 προσέθηκε⁸
1601 4743 1719 4811 Τὴν
1751 4744 1897 4813 ἴσην

318 4839 574 4910 δωρεάν.
610 4839 725 4891 Οὐκ
747 4837 957 4908 ἀφίησι,
985 4837 1170 4906 φησὶν,
1198 4835 1381 4898 αὐτοῖς
1406 4835 1450 4866 ’³
1475 4833 1693 4887 ἔλαττον
1725 4839 1894 4904 σχεῖν,

316 4935 372 4984 εἰ
403 4931 724 4985 πιστεύσασι
759 4928 855 5001 τὴν
889 4930 1011 4999 ἴσην
1049 4926 1256 4997 δωρεὰν
1286 4927 1475 4980 ἔδωκε.
1503 4927 1608 4979 Καὶ
1639 4927 1699 4980 οὐ
1724 4926 1894 4996 λέγει,

327 5023 420 5084 Ὠς
452 5023 548 5074 καὶ
577 5022 727 5090 ὑμῖν,
759 5020 896 5085 ἀλλ’,
935 5019 1015 5084 ὡς
1043 5019 1140 5071 καὶ
1170 5016 1333 5086 ἡμῖν.
1372 5017 1438 5070 Τί
1460 5016 1896 5082 ἀναξιοπαοείτε.

1999 4748 2302 4812 obturarct,
2329 4745 2562 4815 adjecit,
2591 4742 2726 4798 idem
2769 4743 2986 4798 donum.
3022 4741 3139 4796 Non
3185 4739 3340 4807 sinit,
3379 4740 3576 4810 inquit,

2002 4838 2123 4892 illos
2155 4835 2338 4890 minus
2386 4835 2609 4898 habere,
2648 4849 2810 4902 quam
2842 4847 2962 4897 nos,
3004 4832 3048 4886 si
3083 4839 3374 4902 postquam
3396 4831 3578 4886 credi-

2001 4930 2214 4992 derant,
2247 4927 2392 4981 idem
2443 4927 2648 4980 donum
2703 4925 2874 4986 dedit,
2923 4923 3068 4994 quod
3098 4924 3274 4979 nobis.
3325 4921 3404 4979 Ac
3465 4938 3577 4978 non

2001 5020 2157 5084 dicit,
2205 5019 2350 5090 quod
2413 5019 2580 5073 etiam
2623 5016 2810 5072 vobis:
2851 5017 2968 5081 sed,
3033 5018 3170 5087 quod
3196 5019 3353 5071 etiam
3410 5017 3573 5070 nobis.

311 5114 450 5169 ὅταν
477 5115 639 5184 ἡμεῖς
677 5114 966 5174 κοινωνοὺς
1013 5113 1207 5174 αὐτοὺς
1235 5112 1511 5178 λέγωμενς
1543 5108 1694 5178 Ἐγὼ
1720 5109 1788 5163 δὲ
1810 5113 1894 5178 τίς

2000 5112 2144 5179 Quid
2197 5109 2580 5181 indignamini,
2644 5123 2770 5162 cum
2825 5124 2927 5163 nos
2986 5107 3109 5164 illos
3157 5109 3450 5178 participes
3512 5123 3576 5162 ac

316 5204 495 5274 ἤμην
519 5205 856 5274 δυνάμενος
879 5203 1151 5258 κωλῦσαι
1177 5205 1285 5258 τὸν
1316 5205 1464 5256 Θεόν
1489 5219 1509 5267 ;
1545 5201 1899 5271 Ἐγκαλοῦσιν

315 5301 670 5371 ἀπολογεῖται
718 5301 922 5371 σφόδρα
952 5299 1323 5371 ὲντρεπτικῶς
1370 5299 1465 5352 καὶ
1507 5297 1721 5368 βαρέως
1744 5314 1759 5329 ο
1796 5299 1899 5351 οὐκ

1997 5203 2174 5259 socios
2201 5202 2433 5257 dicimus
2470 5201 2492 5254 ?
2526 5199 2636 5270 Ego
2678 5215 2795 5254 vero
2849 5200 2939 5269 qui
2969 5201 3254 5269 potuissem
3304 5199 3576 5268 prohibere

1996 5295 2165 5350 Deum
2191 5295 2216 5348 ?
2247 5291 2726 5364 Expostulantibus
2746 5306 2931 5346 secum
2967 5291 3202 5364 graviter
3259 5290 3570 5362 respondet,

1527 5452 1729 5515 Variae
1773 5451 2084 5514 lectiones
2121 5458 2183 5512 et
2224 5455 2416 5510 notae.

397 5585 442 5617 ι’
463 5581 522 5634 τὸ
551 5593 690 5636 erat.

316 5663 420 5712 est.
471 5653 666 5724 ἄραγε.
738 5651 784 5682 ²²
808 5649 1055 5703 τσ.τοῦ.ή
1112 5649 1159 5682 ⁸³
1193 5649 1420 5710 αὐτοὺς,
1462 5651 1548 5702 ἷσ.

406 5768 423 5808 ι
463 5767 523 5824 ν.
569 5769 759 5823 cedidit
793 5783 950 5836 super
984 5783 1088 5820 eos.

786 5580 832 5611 '°
860 5577 925 5633 In
949 5579 1185 5651 vulgato,
1220 5587 1343 5651 ante
1395 5578 1604 5649 Κυρίου
1654 5595 1757 5634 non
1792 5587 1866 5634 est

1994 5575 2161 5629 iculus
2207 5573 2322 5640 τοῦ,
2355 5591 2448 5629 nec
2478 5573 2560 5628 ὅτι
2608 5584 2730 5629 ante
2770 5573 3046 5644 Ἰωάννης.

3153 5572 3198 5605 ²¹
3229 5571 3294 5628 In
3359 5571 3570 5644 vulgato
