4070 6432
346 348 466 417 679

427 555 596 610 Vens.
633 553 685 607 1.
727 550 989 608 σιτίου-ωτι
1017 548 1112 603 illa
1144 554 1452 616 tempestate
1483 541 1662 611 injecit
1696 537 1931 592 Herodes

363 663 459 705 rex
501 660 709 712 manus,
744 652 800 697 ut
828 642 1073 714 aﬂligeret
1103 639 1355 711 quosdaut
1391 636 1455 689 de
1497 632 1751 687 Ecclesia.

429 830 597 886 Vens.
623 831 679 884 9..
711 830 878 899 Atque
923 825 1178 897 interfecit
1211 823 1374 877 etiam
1422 819 1680 875 Jacobum
1716 817 1937 886 fratrem

358 921 589 977 Joannis
621 920 818 991 gladio.

442 1014 597 1069 Vens.
626 1015 679 1067 5.
718 1011 929 1065 Etcum
971 1006 1426 1061 animadvertisset
1475 1002 1529 1055 id
1574 1008 1786 1070 gratum
1830 1013 1940 1052 esse

1254 331 1833 402 THEOPHY'LACT‘I
1868 328 2279 392 BULGARIIE
2307 327 2662 391 ABCHIEP.

946 453 1177 514 CAPUT
1212 456 1326 510 XII.
1952 450 2007 506 Δ

3503 322 3614 389 689

2630 441 2883 497 ΚΕΦΑΛ.
2913 438 3014 494 IB’.

2109 541 2249 596 Κατ’
2271 538 2518 593 ἐκεῖνον
2545 536 2613 589 δὲ
2660 534 2768 589 τὸν
2789 533 2999 603 καιρὸν
3025 528 3322 586 ἐπέϐαλεν
3355 528 3616 599 Ἡρώδης

2039 634 2073 687 ὁ
2099 630 2398 697 βασιλεὺς
2446 628 2554 695 τὰς
2599 626 2819 696 χεῖρας,
2863 622 3135 679 κακῶσαί
3157 638 3327 688 τινας
3349 622 3468 677 τῶν
3488 622 3619 677 ἀπὸ

2040 723 2150 791 τῆς
2172 722 2554 787 Ἐκκλησίας.

2114 774 2441 866 ’Ᾰᾶἐλέὲέ
2478 774 2577 863 καὶ
2597 808 2643 841 ³⁸
2683 807 2964 863 Ἰάκωϐον
2999 807 3108 861 τὸν
3129 774 3400 876 ἀδελφὸν
3421 804 3620 860 ἰωάν-

2043 921 2154 959 νου
2172 903 2460 974 μαχαίρᾳ.

2116 997 2225 1051 Kal
2284 995 2426 1050 ῑδὼν
2475 997 2566 1050 ὅτι
2620 995 2883 1064 ἀρεστόν
2930 993 3063 1047 ἐστι
3110 991 3234 1059 τοῖς
3291 990 3620 1057 Ἰουδαίοις,

361 1107 584 1168 Iudaeis,
611 1103 809 1172 adjecit
846 1100 1082 1155 animum
1118 1099 1190 1150 ad
1215 1090 1754 1164 comprehendendum
1782 1088 1942 1142 etiam

2062 1088 2371 1157 προσέθετο
2425 1087 2762 1144 συλλαϐεῖν
2808 1085 2907 1143 καὶ
2958 1082 3189 1153 Πέτρον
3230 1079 3415 1154 (ἦσαν
3440 1082 3511 1137 δὲ
3561 1083 3622 1137 al

360 1197 581 1252 Petrum
618 1196 791 1266 (erant
816 1205 992 1246 autem
1022 1191 1131 1245 dies
1158 1184 1525 1259 Azymorum).

435 1288 600 1341 Vens.
637 1288 691 1341 4.
726 1286 895 1350 Quem
920 1298 1041 1337 cum
1069 1282 1232 1335 etiam
1280 1275 1774 1345 comprehendisset,
1802 1289 1937 1328 con-

357 1379 489 1449 jecit
524 1379 582 1431 in
619 1393 909 1442 carcerem,
944 1390 1008 1427 ac
1034 1372 1259 1426 tradidit
1314 1385 1434 1425 eum
1466 1378 1696 1438 quatuor
1725 1378 1941 1437 quater—

2043 1179 2257 1249 ἡμέραι
2288 1178 2409 1233 τῶν
2436 1178 2732 1250 Ἀζύμων).

2123 1272 2225 1326 ’Ὁν
2252 1272 2352 1325 καὶ
2381 1271 2612 1335 πιάσας
2646 1272 2813 1325 ἔθετο
2849 1271 2937 1334 εἰς
2964 1268 3271 1339 φυλακὴν,
3316 1264 3624 1334 παραδοὺς

2046 1363 2345 1432 τέσσαρσι
2369 1363 2698 1432 τετραδίοις
2714 1360 3112 1430 στρατιωτῶν
3137 1360 3485 1429 φυλάσσειν
3512 1358 3625 1411 αὐ·

367 1467 613 1522 uionibus
664 1466 897 1520 militum
962 1463 1387 1525 custodiendum,
1434 1457 1611 1513 volens
1659 1472 1779 1510 eum
1832 1466 1944 1527 post

2062 1457 2179 1519 rer,
2204 1458 2586 1525 βουλόμενος
2624 1454 2769 1521 μετὰ
2796 1454 2880 1507 ’τὸ
2923 1453 3141 1521 Πάσχα
3175 1448 3501 1521 ἀναγαγεῖν
3521 1449 3628 1504 αὐ-

364 1557 573 1611 Pascha
610 1556 893 1626 producere
916 1555 1131 1622 populo.

438 1648 603 1703 Vens.
639 1648 692 1702 5.
721 1645 788 1700 Et
822 1645 1017 1700 Petrus
1046 1643 1253 1715 quidem
1284 1639 1598 1695 servabatur
1625 1639 1680 1692 in
1704 1652 1944 1691 carcere:

2049 1548 2159 1601 τὸν
2181 1546 2260 1611 τῷ
2288 1545 2434 1611 λαῷ.

2134 1639 2196 1692 '0
2233 1637 2351 1709 μὲν
2402 1632 2519 1693 οὖν
2574 1636 2797 1706 Πέτρος
2825 1633 3090 1704 ἐτηρεῖτο
3116 1634 3186 1687 ἐν
3232 1631 3308 1701 τῇ
3339 1628 3587 1702 φυλακῇ
3611 1644 3627 1658 °

368 1739 689 1811 supplicatio
723 1749 900 1792 autem
925 1736 1144 1791 assidua
1174 1750 1239 1787 ac
1270 1732 1456 1787 sedula
1503 1730 1568 1784 ab
1610 1728 1849 1784 Ecclesia
1875 1728 1946 1782 ad

2062 1729 2366 1801 προσευχὴ
2398 1728 2467 1783 δὲ
2493 1726 2573 1801 ἦν
2594 1727 2850 1796 ἑκτενὴς
2880 1725 3166 1796 γινομένη
3200 1725 3316 1779 ὑπὸ
3355 1722 3465 1791 τῆς
3503 1724 3630 1777 Ἔκ-

370 1833 540 1888 Deum
575 1848 669 1901 pro
693 1830 783 1884 illo
799 1830 981 1899 ﬁebat.

439 1923 544 1978 Illa
583 1930 909 1991 tempestate.
951 1919 1066 1985 Qua
1113 1916 1484 1988 tempestate?
1541 1930 1761 1986 nempe,
1811 1923 1948 1971 tem-

2058 1822 2326 1891 πλησίας
2360 1823 2512 1892 πρὸς
2539 1822 2648 1877 τὸν
2670 1819 2821 1875 Θεὸν
2848 1818 3001 1888 ὑπὲρ
3025 1817 3236 1872 αὐτοῦ.

2126 1917 2264 1972 Κατ’
2300 1914 2537 1970 ἐκεῖνον
2557 1914 2627 1968 δὲ
2658 1913 2767 1967 τὸν
2787 1914 3021 1981 καιρόν.
3057 1912 3215 1965 Ποῐον
3250 1909 3481 1981 καιρόν;
3524 1908 3632 1964 Τὸν

363 2030 503 2085 pore
536 2012 748 2069 Claudii
780 2010 1034 2067 Cmsaris.
1068 2009 1236 2066 Caius
1271 2009 1431 2079 100
1459 2009 1606 2064 enim
1651 2008 1949 2079 imperator

2062 2008 2152 2060 ἐπὶ
2197 2006 2473 2060 Κλαυδίου
2531 2006 2831 2075 Καίσαρος.
2894 2004 3054 2067 Γάϊος
3111 2005 3223 2074 γὰρ
3272 2002 3634 2072 αὐτοκράτωρ

368 2105 743 2161 Romanorum
806 2103 1100 2175 Agrippam
1164 2100 1449 2155 constituit
1497 2115 1677 2172 regem
1721 2099 1947 2164 ludam,

2071 2099 2366 2169 Ῥωμαίων
2411 2098 2724 2170 ’Δγρίππαν
2756 2096 3047 2167 καθίστησι
3079 2095 3306 2167 βασιλέα
3358 2095 3458 2165 τῆς
3496 2093 3633 2149 Ἰου-

370 2212 499 2252 cum
551 2195 821 2251 Herodem
873 2205 1038 2263 atque
1085 2192 1248 2246 etiam
1303 2190 1606 2246 llerodiada
1664 2191 1719 2245 in
1763 2190 1949 2247 Gallia:

2062 2190 2233 2257 Βαίας,
2267 2190 2360 2244 τὸν
2399 2189 2648 2262 Ἡρώδην
2675 2188 2928 2260 ἑξορίσας
2956 2188 3016 2241 ὲν
3061 2185 3350 2257 Λουγδόνιρ
3380 2184 3482 2251 τῆς
3520 2183 3632 2238 Γαο

375 2287 567 2340 urbem
594 2286 919 2354 Lugdunum
948 2285 1262 2355 relegasset.
1316 2282 1415 2337 llic
1441 2291 1525 2337 est
1568 2282 1657 2336 ille
1687 2279 1949 2348 Herodes,

373 2377 469 2447 qui
523 2376 624 2430 fuit
653 2392 717 2431 eo
744 2386 1016 2445 tempore,
1061 2390 1170 2444 quo
1197 2373 1439 2429 Joannes
1494 2381 1672 2428 morte
1718 2374 1951 2429 allectus

373 2474 483 2529 est,
510 2476 571 2520 ut
630 2467 908 2521 memoriae
957 2465 1202 2536 prodidit
1245 2464 1520 2536 Josephus
1556 2474 1612 2519 et
1660 2465 1947 2522 Eusebius.

376 2559 755 2627 Discrepantia
796 2558 959 2629 igitur
983 2557 1248 2619 nominis,
1271 2557 1413 2626 quod
1445 2572 1544 2627 pro
1562 2558 1801 2630 Agrippa
1822 2558 1954 2614 dicit

372 2649 669 2714 llerodem,
707 2658 800 2703 aut
830 2664 1017 2705 errore
1050 2649 1250 2704 accidit
1273 2650 1575 2720 scriptoris,
1606 2660 1701 2705 aut
1730 2659 1953 2721 propte-

372 2757 470 2796 rea
500 2741 574 2795 ita
605 2741 785 2796 dictus
810 2750 916 2807 est,
943 2742 1089 2811 quod
1118 2741 1417 2798 binominis
1447 2753 1612 2798 esset.
1642 2741 1953 2799 Notandum

373 2840 462 2887 est
490 2842 675 2886 autem
707 2848 772 2886 ex
806 2832 1097 2887 duodecim
1134 2832 1240 2888 illis
1268 2831 1552 2903 discipulis
1590 2833 1807 2890 Domini
1839 2835 1953 2905 pri-

377 2940 528 2978 mum
560 2924 827 2978 Jacobum
867 2924 938 2979 ob
979 2924 1355 2979 testimonium
1390 2925 1609 2981 Christo
1667 2926 1954 2996 praebitum

379 3012 651 3083 supplicio
679 3010 849 3067 fuisse
874 3011 1152 3068 affectum.
1220 3014 1283 3070 Ut
1323 3013 1571 3085 afﬂigeret
1611 3016 1864 3085 quosdam
1892 3018 1956 3071 de

2052 2282 2269 2346 λιλαίας
2300 2281 2343 2315 ⁸⁸
2396 2282 2494 2336 σὺν
2551 2282 2647 2336 καὶ
2702 2283 2769 2353 τῇ
2829 2279 3143 2351 Ἡρωδιάδι.
3200 2271 3370 2341 Οὗτός
3406 2276 3636 2341 ὲστιν,δ

2059 2376 2201 2428 κατὰ
2226 2375 2288 2427 τὸ
2316 2375 2488 2439 πάθος
2512 2374 2609 2429 τοῦ
2654 2373 2926 2438 Ἰωάννου,
2959 2373 3034 2435 ὼς
3078 2372 3283 2442 ίστορεῖ
3324 2367 3634 2440 Ἰὡσηππος

2059 2469 2156 2523 καὶ
2208 2469 2490 2532 Εὐσέϐιος.
2558 2469 2624 2522 Ἦ
2672 2463 2766 2522 οὖν
2820 2466 3090 2535 διαφωνία
3130 2465 3226 2519 τοῦ
3255 2464 3519 2535 ὀνόματος
3548 2463 3637 2515 ὲν-

2060 2564 2239 2618 ταῦθα
2269 2564 2329 2616 τὸ
2357 2560 2541 2630 λέγειν
2568 2557 2690 2613 ἀντὶ
2751 2558 3035 2630 Ἀγρίππα
3087 2555 3369 2626 Ἡρώδην,
3410 2555 3443 2625 ἢ
3489 2553 3636 2608 κατὰ

2061 2654 2287 2725 σφάλμα
2317 2653 2509 2723 γέγονε
2548 2650 2841 2722 γραφικδν,
2876 2650 2909 2721 ἢ
2964 2649 3105 2703 κατὰ
3133 2647 3433 2718 διωνυμίαν
3478 2645 3637 2718 εἴρη-

2062 2722 2175 2800 ται.
2211 2722 2552 2816 Σημειωτέον
2580 2742 2637 2796 δὲ
2674 2741 2757 2796 ὅτι
2788 2740 3003 2813 πρῶτος
3046 2739 3300 2802 Ίὰκωεος
3327 2735 3640 2809 ἐμαρτύρη-

2064 2854 2156 2890 σεν
2193 2834 2302 2889 ἀπὸ
2350 2833 2462 2888 τῶν
2512 2832 2580 2904 ιβ’
2642 2831 2919 2903 μαθητῶν.
2970 2827 3252 2885 Κακῶσαί
3300 2845 3471 2895 τινας
3517 2829 3639 2885 άπὸ

2063 2928 2174 2998 τῆς
2202 2926 2592 2998 Ἐκκλησίας.
2642 2925 2755 2979 Θέα
2784 2926 2867 2979 ὅτι
2899 2923 3081 2979 πιστοὶ
3122 2924 3335 2993 ἄνδρες,
3370 2920 3468 2976 καὶ
3487 2921 3549 2976 τὸ
3577 2917 3638 2984 ἐξ

2063 3021 2244 3075 αὐτῶν
2273 3019 2549 3091 σύστημα,
2577 3016 2880 3088 Ἐκκλησία
2908 3017 3177 3072 καλεῖται.
3227 3015 3340 3069 Kal
3380 3013 3525 3069 ίδὼν
3547 3013 3640 3069 ὅτι

380 3104 642 3159 Ecclesia.
694 3104 1106 3173 Animadverte,
1164 3105 1351 3163 ﬁdeles
1409 3108 1596 3174 viros,
1651 3116 1707 3163 et
1769 3123 1838 3163 ex
1893 3108 1959 3165 iis

2062 3110 2322 3180 ἀρεστόν
2343 3109 2477 3163 ἐστι
2498 3109 2624 3175 τοῖς
2655 3107 2992 3173 Ἰουδαίοις,
3032 3104 3366 3175 προσέθετο
3405 3108 3640 3160 cvm-

379 3210 583 3267 corpus
635 3198 1024 3266 constitutum,
1082 3198 1384 3255 Ecclesiam
1448 3199 1657 3255 vocari.
1718 3198 1790 3255 Et
1842 3216 1961 3258 cum

380 3290 843 3346 animadvertisset
882 3292 938 3345 id
973 3301 1187 3364 gratum
1228 3309 1340 3347 esse
1365 3292 1589 3361 Juda’is,
1621 3293 1819 3363 adjecit
1839 3294 1961 3349 ani-

377 3396 529 3434 suum
548 3383 618 3435 ad
634 3380 1185 3451 comprehendendum
1240 3385 1405 3439 etiam
1454 3382 1695 3440 Petrum.
1735 3384 1815 3441 Ne
1842 3385 1965 3455 quis

380 3472 555 3536 dicat,
584 3473 788 3529 idcirco
814 3473 936 3530 illos
964 3474 1170 3545 absque
1197 3474 1448 3546 periculo
1492 3474 1765 3545 intrepide
1803 3484 1965 3546 atque

382 3564 651 3620 audacter
682 3580 805 3621 sese
837 3567 999 3622 morti
1029 3565 1250 3630 offerre,
1285 3568 1430 3636 quod
1471 3565 1613 3622 Deus
1662 3582 1757 3623 eos
1784 3566 1966 3638 eripe-

383 3668 509 3714 ret:
542 3668 834 3732 propterea
874 3661 1143 3731 permittit
1175 3658 1411 3714 interﬁci
1456 3661 1618 3714 etiam
1668 3659 1963 3730 principes,

380 3750 725 3819 Stephanum
760 3752 1019 3808 videlicet
1068 3759 1125 3806 et
1165 3749 1452 3816 Jacobum,
1496 3760 1557 3805 ut
1613 3751 1968 3821 persuaderet

384 3842 522 3912 ipsis
557 3843 1027 3911 interfectoribus,
1058 3858 1129 3899 ne
1170 3842 1256 3899 his
1288 3843 1507 3915 quidem
1534 3843 1655 3899 illos
1685 3844 1966 3915 suppliciis

386 3936 456 3990 ad
487 3935 853 3991 defectionem
891 3937 1146 4007 compelli
1209 3948 1266 3992 et
1320 3937 1590 4008 impediri.
1631 3939 1741 3994 Res
1783 3948 1966 3994 autem

385 4033 537 4096 grata
564 4033 689 4081 erat
720 4026 919 4092 caades,
955 4034 1013 4081 et
1061 4027 1241 4081 caedes
1297 4026 1496 4097 injusta
1554 4028 1803 4084 absurdis
1846 4029 1967 4085 illo-

388 4131 510 4171 rum
543 4124 602 4170 et
625 4115 954 4186 importunis
1009 4117 1395 4186 cupiditatibus
1420 4118 1751 4177 inserviebat
1787 4138 1800 4174 :
1834 4136 1958 4175 cum

388 4214 671 4275 oporteret
704 4207 1051 4270 exscindere,
1088 4222 1154 4263 ac
1208 4208 1490 4265 refrenare
1543 4210 1759 4267 illorum
1796 4213 1968 4284 impe-

388 4306 584 4354 tumet
634 4301 955 4370 appetitum,
1019 4301 1128 4367 ille,
1156 4311 1213 4356 ut
1249 4303 1339 4372 qui
1390 4303 1653 4370 carnifex,
1703 4320 1809 4361 non
1847 4320 1966 4361 me-

2064 3204 2189 3260 δεῖν
2215 3201 2316 3257 καί
2345 3201 2595 3272 Πέτρον.
2648 3200 2766 3256 Ἵνα
2791 3200 2981 3271 μηδεὶς
3008 3199 3147 3271 λέγῃ
3172 3200 3217 3232 ³³
3252 3200 3335 3255 ὅτι
3363 3198 3455 3253 διὰ
3481 3196 3641 3252 τοῦτο

2063 3294 2364 3358 ἀκινδύνως
2406 3293 2503 3349 καὶ
2558 3291 2732 3355 ἀδεῶς
2788 3291 3174 3361 κατατολμῶσι
3226 3290 3322 3345 τοῦ
3381 3290 3637 3355 θανάτου,

2067 3389 2168 3444 ﬁte
2201 3385 2603 3458 ὲξαρπάζοντος
2637 3384 2836 3447 αὐτοὺς
2867 3382 2963 3436 τοῦ
2997 3382 3157 3451 Θεοῦ,
3190 3382 3280 3439 διὰ
3314 3382 3480 3437 τοῦτο
3509 3400 3642 3452 συγ-

2063 3482 2236 3552 χωρεῖ
2283 3477 2641 3550 ἀναιρεθῆναι
2676 3477 2771 3530 καὶ
2813 3475 2941 3537 τοὺς
2977 3473 3331 3546 κορυφαίους,
3366 3473 3641 3543 Στέφανον

2066 3574 2162 3628 καὶ
2216 3571 2478 3628 Ἰάκωόον
2503 3585 2520 3602 ο
2573 3568 2780 3623 πείθων
2825 3567 3026 3633 αὐτοὺς
3075 3569 3202 3632 τοὺς
3258 3566 3640 3639 ἀναιροῦντας,

2063 3665 2147 3719 ὅτι
2179 3662 2301 3716 οὐδὲ
2335 3660 2510 3716 ταῦτα
2532 3659 2826 3730 ἀφίστησιν
2860 3659 3057 3723 αὐτοὺς
3086 3658 3182 3713 καὶ
3222 3657 3444 3712 κωλύει.
3488 3659 3644 3729 Ἀρε-

2068 3756 2193 3810 στὸν
2221 3754 2277 3807 δὲ
2301 3753 2481 3823 φόνος,
2521 3755 2616 3807 καὶ
2646 3752 2807 3822 φόνος
2835 3750 3021 3815 ἄδικος
3048 3753 3169 3815 ταῖς
3195 3750 3517 3822 ἐπιθυμίαις
3543 3752 3644 3806 αὐ-

2064 3848 2174 3903 τῶν
2204 3848 2325 3910 ταῖς
2356 3845 2580 3908 ἀτόποις
2606 3844 2936 3915 ὑπηρετεῖτο
2965 3860 2977 3874 ·
3006 3843 3123 3897 δέον
3144 3844 3433 3898 ἐκκόπτειν
3462 3844 3645 3898 αὐτῶν

2064 3939 2163 4011 τὴν
2194 3938 2394 4011 ὁρμὴν,
2428 3939 2455 3991 ὁ
2483 3936 2538 3990 δὲ
2569 3937 2815 3989 ἐπέτεινε
2876 3934 3130 4007 καθάπερ
3173 3953 3256 3999 τις
3318 3936 3514 4007 δήμιος
3566 3936 3645 3990 ὢν

2065 4033 2173 4087 τῶν
2198 4032 2519 4098 νοσούντων,
2550 4029 2667 4083 ἀλλ’
2698 4030 2799 4082 οὐκ
2832 4029 3033 4099 ἰατρὸς,
3054 4028 3236 4083 καίτοι
3263 4029 3433 4100 μυρία
3461 4046 3644 4100 παρα-

2065 4124 2340 4194 δείγματα
2397 4120 2539 4190 ἔχων
2583 4117 2677 4172 καὶ
2726 4116 2822 4171 τοῦ
2882 4117 3108 4171 πάππου
3148 4116 3244 4170 καὶ
3292 4114 3389 4169 τοῦ
3437 4119 3646 4188 πατρὸς

2078 4215 2340 4287 Ἡρώδου.
2376 4208 2580 4266 Ἦσαν
2627 4209 2697 4262 δὲ
2717 4211 2777 4263 al
2804 4208 3018 4278 ἡμέραι
3056 4206 3174 4262 τῶν
3220 4206 3490 4278 Ἆζύμων.
3532 4208 3649 4263 ’ον

2066 4307 2167 4365 καὶ
2216 4306 2463 4371 πιάσας,
2497 4304 2665 4357 ἔθετο
2693 4302 2781 4366 εὶς
2810 4299 3121 4369 φυλακήν,
3151 4300 3323 4354 Πάλιν
3350 4300 3384 4370 ἡ
3412 4300 3646 4371 περιττὴ

385 4391 543 4448 dicus
579 4386 741 4448 esset
782 4394 1178 4465 aegrotandum,
1204 4396 1371 4449 ‘auxit
1440 4386 1654 4451 illorum
1702 4398 1959 4467 impetum

2067 4401 2177 4456 τῶν
2219 4394 2487 4451 Ἰουδαίων
2518 4384 2897 4464 ἀκριϐολογία.
2949 4392 3219 4463 ’Δναιρεϊν
3247 4391 3346 4463 μὲν
3372 4391 3474 4445 οὐκ
3502 4392 3645 4445 ἑκώ-

1988 4446 2044 4507 D

385 4488 444 4533 et
474 4479 754 4535 incitavit:
790 4482 1006 4536 tametsi
1056 4491 1317 4538 sexcenta
1350 4484 1587 4541 habebat
1631 4487 1880 4558 exempla
1908 4497 1959 4544 et

2068 4482 2218 4556 λυον,
2259 4491 2317 4543 ὲν
2341 4487 2397 4541 δὲ
2421 4484 2597 4557 καιρῷ
2629 4483 2881 4555 τοιούτῳ,
2921 4483 2990 4537 τὰ
3018 4483 3244 4537 τοιαῦτα
3271 4483 3316 4516 ³⁸
3347 4482 3641 4554 ἔπραττον.

384 4572 470 4624 avi
511 4580 567 4626 et
596 4572 765 4643 patris
793 4571 1045 4629 Herodis.
1069 4573 1238 4650 Erant
1266 4584 1444 4630 autem
1486 4581 1600 4632 dies
1624 4578 1969 4650 Azymorum:

384 4679 541 4732 quem
575 4679 692 4716 cum
733 4664 894 4716 etiam
925 4667 1428 4735 comprehendisset,
1460 4669 1682 4738 conjecit
1713 4670 1767 4723 in
1792 4687 1971 4725 carce-

2065 4578 2380 4652 Παραδοὺς
2419 4577 2719 4645 τέσσαρσι
2756 4573 3085 4643 τετραδίοις
3108 4573 3489 4644 στρατιωτῶν
3531 4592 3647 4644 φυ.

2063 4678 2331 4735 λᾶσσειν
2363 4673 2573 4728 αὐτόν.
2606 4669 2777 4724 Τοῦτο
2802 4670 2896 4722 καὶ
2912 4666 3007 4722 τοῦ
3041 4666 3217 4735 θυμοῦ
3245 4668 3339 4720 καὶ
3370 4668 3466 4721 τοῦ
3492 4668 3646 4731 δέους

387 4773 521 4810 rem.
571 4748 785 4811 Rursus
843 4758 1121 4827 superﬂua
1160 4773 1224 4814 ac
1269 4774 1608 4831 supervacua
1657 4762 1959 4817 Judseorum

2063 4767 2155 4842 ἦν,
2194 4769 2344 4836 Ὀσῳ
2389 4764 2449 4816 δὲ
2480 4759 2854 4833 ἀκριϐεστέρα
2899 4760 2933 4829 ή
2974 4758 3209 4830 φρουρὰ,
3244 4757 3485 4830 τοσούτῳ
3518 4758 3652 4813 θαυ-

385 4857 640 4903 accurata
672 4849 812 4901 ratio
842 4851 1125 4904 servanda:
1154 4850 1291 4920 legis
1352 4852 1694 4922 proponitur.
1750 4853 1959 4909 [nterii-

2075 4856 2392 4933 μασιωτέρα
2421 4857 2457 4926 ἡ
2490 4850 2769 4917 ἐπίδειξις.
2821 4850 2991 4905 Τοῦτο
3037 4849 3093 4903 δὲ
3140 4845 3208 4921 ἦν
3243 4850 3384 4921 ὑπὲρ
3434 4842 3648 4922 Πέτρου

385 4955 516 4994 cere
545 4939 765 5009 quidem
807 4954 919 4994 non
974 4941 1255 5006 vetabant,
1293 4943 1388 4996 sed
1422 4943 1474 4996 in
1515 4944 1784 5013 ejusmodi
1827 4956 1959 5000 lem-

2069 4948 2425 5020 δοκιμοτέρου
2462 4943 2768 5013 γινομένου.
2822 4939 3141 5009 Προσευχὴ
3168 4940 3238 4993 δὲ
3283 4936 3359 5010 ἦν
3394 4940 3652 5009 ἐκτενὴς

391 5030 540 5101 poris
570 5038 711 5084 statu
755 5030 812 5084 id
853 5044 1013 5100 agere
1064 5031 1447 5100 prohibebant.
1492 5032 1567 5086 Ac
1596 5034 1812 5088 tradidit
1842 5052 1959 5090 eum

2071 5037 2352 5113 γινομένη
2393 5035 2510 5091 ὑπὸ
2551 5033 2663 5101 τῆς
2716 5032 3083 5101 Ἐκκλησίας
3131 5031 3285 5100 πρὸς
3347 5032 3455 5087 τὸν
3498 5033 3653 5088 Θεὸν

383 5132 621 5194 quatuor
651 5122 1079 5193 quaternionibus
1126 5125 1354 5178 militum
1390 5124 1809 5184 custodiendum.
1851 5126 1959 5186 Iloc

2071 5132 2226 5201 ὑπὲρ
2250 5128 2459 5185 αὐτοῦ.
2536 5123 2834 5178 Ἀκούσατε
2892 5122 3010 5185 πῶς
3041 5122 3307 5176 διέκειντο
3346 5125 3483 5195 πρὸς
3515 5125 3651 5192 τοὺς

386 5226 447 5271 et
474 5217 771 5272 iracundia:
803 5224 858 5271 et
917 5217 1126 5271 timoris
1163 5226 1297 5271 erat.
1334 5218 1552 5283 Quanto
1582 5228 1766 5275 autem
1796 5237 1959 5278 accu-

2068 5222 2423 5283 διδασκάλους
2454 5235 2469 5250 ·
2517 5217 2619 5271 οὐκ
2660 5215 3015 5277 ἐστασίασαν,
3043 5215 3144 5267 οὐκ
3183 5214 3599 5287 ἐθορυϐήθησαν
3630 5234 3647 5249 ο

392 5306 561 5361 ratior
575 5316 693 5361 erat
716 5306 988 5371 custodia,
1012 5315 1162 5362 tanto
1183 5307 1481 5363 mirabilius
1497 5319 1612 5365 erat
1629 5310 1830 5368 divime
1861 5330 1959 5385 po-

2072 5317 2188 5371 ἀλλ’
2229 5313 2324 5367 ἐπὶ
2365 5313 2496 5381 εὐχῇ
2525 5309 2571 5341 ³⁸
2599 5309 2938 5377 ἐτράπησαν,
2977 5307 3076 5377 τὴν
3099 5305 3266 5370 ὅντως
3301 5308 3649 5378 συμμαχίαν.

396 5398 578 5452 tentias
606 5398 1016 5454 documentum.
1040 5396 1154 5455 lloc
1182 5409 1365 5455 autem
1407 5400 1569 5457 ﬁebat
1588 5418 1687 5474 pro
1711 5403 1893 5472 Petro,
1924 5408 2017 5477 qui
2050 5408 2244 5481 melior
2265 5401 2627 5475 acprabatior
2645 5399 2929 5457 evadebat.
2956 5399 3201 5454 Precatio
3235 5411 3411 5455 autem
3436 5403 3647 5472 sedula,

1594 5513 1802 5577 Varia:
1849 5517 2155 5583 lectiones
2197 5524 2259 5582 ct
2301 5524 2487 5581 ηοω).

468 5626 625 5710 “aut
679 5636 908 5710 nonest
967 5630 1023 5683 in
1079 5630 1314 5700 vulgato.
1450 5631 1611 5710 "lc.
1660 5632 1758 5702 τῆς
1815 5634 1957 5691 rm

2062 5678 2069 5701 ,
2108 5638 2171 5708 ᾗ,
2207 5639 2305 5710 τῆς
2334 5637 2628 5701 Γαλατίας.
2760 5634 2804 5666 ³²
2829 5633 2978 5710 λέγει
3019 5648 3154 5692 erat.
3260 5641 3305 5673 ³³
3343 5640 3510 5695 Locus
3529 5658 3651 5697 cor-

398 5706 603 5785 tit-p39-
630 5698 998 5785 essIe-pidetur,
1054 5710 1145 5785 aut
1172 5698 1333 5785 '_fe_rte
1391 5702 1644 5785 mutilus;
1673 5698 1796 5758 nam
1848 5722 1941 5761 aut

2062 5698 2093 5764 Ve
2118 5698 2417 5781 ἔπραττον,
2455 5698 2561 5762 ὀὐκ
2586 5698 3019 5777 pra’ponendum,
3058 5717 3153 5762 aut
3212 5726 3309 5780 pro
3351 5712 3647 5785 ἔπραττον,

398 5766 682 5837 πράττειν,
702 5766 977 5836 legendum
1001 5779 1093 5824 est.
1173 5771 1217 5803 ”
1238 5773 1325 5828 ισ.
1356 5775 1541 5845 εὐχήν.
