4070 6424
350 381 455 446 68⁵1

1276 370 1895 436 .THEOPHYLACTI
1937 369 2348 433 BULGARI/E
2386 373 2745 436 ARCIIIEP.

3528 379 3637 443 688

350 494 461 566 gali
489 492 727 553 indutus,
759 505 819 545 ac
846 488 1028 544 sedens
1065 500 1161 558 pro
1192 486 1471 554 tribunali,
1505 481 1932 546 concionemha-

2052 479 2268 551 ἐσθῆτα
2290 483 2653 553 βασιλικὴν,
2680 483 2780 539 καὶ
2801 482 3058 551 καθίσας
3083 482 3179 539 ἐπὶ
3208 485 3314 540 τοῦ
3356 487 3636 558 ,βήματος

349 590 499 643 bebat
534 588 603 639 ad
657 584 800 638 illos.

427 676 590 731 Vens.
632 675 724 729 22.
755 673 820 727 At
848 670 1074 743 populus
1106 669 1464 733 acclamabat,
1501 667 1613 723 Vox
1646 667 1733 723 dei
1755 676 1803 721 et
1840 681 1945 721 non

352 768 600 824 hominis.

423 859 585 931 105.
610 858 770 914 Vens.
801 857 894 912 25.
926 842 1207 926 Extemplo
1228 864 1408 911 autem
1428 854 1678 925 percussit
1703 868 1822 907 eum
1844 866 1941 905 an-

349 953 496 1023 gelus
530 951 760 1017 Domini,
787 960 1062 1021 propterea
1087 948 1228 1020 quod
1257 964 1364 1003 non
1395 947 1657 1002 tribuisset
1693 946 1971 1017 honorem‘

349 1056 400 1099 et
434 1044 646 1098 laudem
684 1041 818 1110 Deo,
843 1051 892 1095 et
950 1055 1129 1094 erosus
1152 1056 1184 1092 a
1212 1037 1476 1094 vermibus
1507 1035 1816 1104 exspiravit.

422 1141 587 1195 Vens.
612 1138 703 1193 24.
738 1137 906 1199 Porro
935 1136 1147 1192 verbum
1173 1134 1271 1191 Dei
1318 1132 1580 1191 crescebat
1603 1141 1651 1186 et
1690 1126 1947 1197 multipli-

351 1234 595 1288 cabatur.
1916 1248 1919 1249 ν

432 1324 583 1380 Veste
612 1323 781 1396 regali
816 1319 1363 1392 indutumdosepbus
1391 1318 1526 1374 dicit
1576 1313 1831 1373 Heroden
1857 1313 1947 1368 in-

350 1417 545 1471 dutum
574 1424 751 1482 veste,
801 1423 1062 1484 quaetota
1090 1428 1161 1471 ex
1209 1419 1436 1484 argento
1492 1408 1798 1465 admirabili
1828 1415 1947 1462 tex-

351 1519 474 1564 tura
502 1508 752 1564 confecta
799 1507 1015 1573 fuisset,
1058 1506 1117 1562 in
1170 1505 1444 1562 theatrum
1497 1499 1787 1573 prodiisse,
1819 1498 1969 1557 inci-.

350 1602 539 1671 picnte
568 1609 623 1657 et
688 1601 1041 1656 illucescente
1096 1597 1239 1652 die:
1294 1594 1386 1661 ubi
1447 1592 1640 1664 primis
1687 1590 1948 1648 solarium

355 1696 633 1750 radiorum
666 1692 1107 1749 immissionibus
1135 1696 1425 1762 argentum
1457 1687 1787 1742 illustratum
1836 1683 1946 1740 mi-

354 1789 591 1845 randum
624 1788 678 1851 in
709 1786 931 1843 modum
962 1783 1287 1855 refulgebat,
1319 1779 1622 1837 terribilem
1657 1766 1945 1847 quemdam

353 1889 410 1935 et
436 1878 779 1935 intuentibus
821 1875 1153 1932 horrendum
1192 1873 1453 1929 emittens
1478 1869 1846 1942 Splendorem,
1880 1882 1944 1922 ac

356 1968 540 2025 statim
585 1968 898 2024 adulatores
950 1966 1104 2021 illum
1142 1964 1307 2021 deum
1370 1960 1738 2032 appellabant,
1764 1956 1940 2013 accla-

356 2071 573 2117 mantes
603 2079 618 2116 :
668 2060 947 2132 Propitius
981 2059 1059 2115 sis
1087 2074 1101 2112 :
1134 2056 1237 2113 etsi
1270 2063 1323 2112 te
1353 2055 1622 2109 hactenus
1649 2058 1710 2106 ut
1766 2049 1946 2106 homi-

356 2169 483 2210 nem
514 2153 736 2210 reveriti
793 2168 1006 2220 sumus,
1059 2156 1303 2207 attamen
1346 2147 1606 2216 deinceps
1662 2155 1717 2201 te
1745 2150 1943 2199 natura

360 2248 601 2302 humana
631 2245 896 2315 majorem
924 2257 1052 2299 esse
1099 2239 1449 2297 conﬁtemur.
1478 2236 1616 2292 Vide
1644 2235 1834 2307 quales
1863 2234 1942 2289 illi

356 2347 516 2393 erant
566 2337 898 2400 adulatores,
952 2344 1119 2405 atque
1176 2332 1343 2387 etiam
1393 2329 1518 2386 vide
1567 2327 1939 2400 apostolorum

359 2431 528 2486 animi
584 2428 1039 2501 magnitudinem.
1070 2425 1243 2492 Quem
1276 2423 1421 2480 enim
1452 2421 1660 2492 integra
1685 2421 1836 2479 natio
1864 2421 1940 2475 ita

358 2523 591 2588 colebat,
648 2521 796 2577 hunc
828 2520 902 2575 illi
928 2518 1377 2583 contemnebant,
1404 2524 1461 2570 et
1487 2513 1643 2585 quasi
1671 2526 1941 2582 conspue—

358 2618 512 2674 bant.
540 2615 703 2686 Atqui
729 2614 775 2671 si
808 2613 906 2681 illi,
943 2614 1091 2669 dicat
1116 2610 1331 2683 aliquis,
1358 2609 1691 2675 clamabant,
1721 2605 1849 2676 quid
1873 2605 1942 2660 ad

362 2708 549 2779 hunc?
574 2706 711 2775 Quia
747 2705 1013 2777 probabat
1059 2718 1273 2771 vocem,
1307 2702 1433 2773 quia
1472 2716 1532 2757 se
1583 2700 1812 2772 dignum
1847 2697 1939 2753 illa

362 2798 679 2854 adulatione
708 2797 957 2869 putabat.
989 2797 1097 2851 Per
1126 2796 1277 2851 hunc
1331 2802 1518 2849 autem
1550 2791 1788 2846 maxime
1841 2788 1942 2855 illi,

360 2892 456 2964 qui
507 2892 583 2948 ita
613 2899 823 2947 temere
845 2889 1229 2955 adulabautur,
1262 2886 1530 2942 docentur
1552 2892 1608 2940 et
1639 2882 1945 2939 emendan-

363 2995 453 3042 tur
483 3003 497 3041 :
532 3000 595 3041 ac
618 2984 835 3055 utrique
866 2981 1084 3054 quidem
1119 2978 1385 3051 supplicio
1438 2974 1586 3048 digni
1636 2981 1814 3039 erant,
1846 2970 1942 3028 sed

361 3076 831 3147 quoniam'judicii
859 3085 1074 3145 tempus
1099 3086 1210 3127 non
1234 3078 1371 3133 erat,
1400 3067 1490 3123 ille
1517 3067 1609 3137 qui
1632 3065 1805 3135 culpae
1826 3078 1942 3119 ma-

2049 571 2403 643 ἐδημηγόρει
2436 576 2589 644 πρὸς
2613 577 2858 643 αὐτούς.

2129 666 2196 720 '0
2231 666 2302 721 δὲ
2357 667 2549 738 δῆμος
2586 670 2907 741 ἐπεφώνεν
2948 670 3122 740 Φωνὴ
3171 672 3355 739 θεοῢ,’
3380 672 3481 727 καὶ
3525 676 3637 728 οὐκ

1972 808 1979 815 .
2046 757 2385 827 ἀνθρώπου.

2122 849 2496 920 Παραχρῆμα
2534 849 2604 905 δὲ
2630 850 2937 918 ἐπάταξεν
2975 852 3164 908 αὐτὸν
3223 853 3482 924 ἅγγελος
3516 858 3637 911 Κυ-

2041 941 2201 1011 ρίου,
2235 943 2367 998 ἀνθ’
2391 937 2479 999 ὧν
2511 947 2625 1001 οὐκ
2675 945 2864 1001 ἔδωκε
2912 946 3105 1013 δόξαν
3134 947 3214 1015 τῷ
3242 947 3385 1017 Θεῷ,
3422 949 3521 1005 καὶ
3551 967 3640 1021 τε·

2047 1034 2302 1105 νόμενος
2332 1036 2850 1106 σκωληκόϐροτος,
2886 1037 3211 1107 ἐξέψυξεν.
3474 1096 3475 1099 η

2131 1127 2196 1181 '0
2229 1125 2299 1181 δὲ
2328 1128 2514 1199 ,λόγος
2540 1129 2646 1187 τοῦ
2675 1129 2823 1185 Θεοῦ
2844 1131 3073 1200 ηὔξανε
3104 1133 3205 1187 καὶ
3235 1135 3634 1204 ἐπληθύνετο.

2143 1317 2589 1391 Ἐ’νδυσάμενος
2644 1319 2877 1390 ἐσθῆτα
2936 1322 3300 1393 βασιλικήν.
3374 1323 3638 1396 Ἰώσηπος

2047 1417 2220 1486 λέγει,
2249 1415 2326 1479 ὡς
2358 1416 2388 1469 ὁ
2438 1411 2685 1487 Ἡρώδης
2737 1413 2933 1485 στολὴν
2975 1414 3340 1486 ἐνδυσάμενος
3365 1417 3426 1481 ὲξ
3451 1419 3635 1489 ἁργυτ

2053 1508 2168 1581 ρίου
2194 1507 2577 1578 πεποιημένην
2613 1507 2815 1572 πᾶσαν,
2840 1505 2917 1569 ὡς
2949 1505 3265 1577 Θαυμάσιον
3289 1508 3434 1580 ὑφὴν
3456 1505 3624 1576 εἶναι,

2054 1599 2337 1672 παρῆλθεν
2375 1599 2456 1664 εἰς
2496 1599 2558 1652 τὸ
2606 1598 2839 1669 θέατρον
2886 1600 3478 1672 ἀρχομέηςμήμέραςο
3505 1603 3644 1677 ἔνθα,

2049 1695 2170 1758 ταῖς
2198 1694 2448 1767 πρώταις
2475 1692 2584 1747 τῶν
2615 1692 2856 1764 ἡλιακῶν
2884 1694 3122 1748 ἀκτίνων
3169 1695 3453 1762 ἐπιϐολαῖς
3473 1699 3502 1751 ὁ
3530 1698 3638 1768 ἀρ-

2050 1803 2217 1857 γυρος
2245 1784 2675 1856 καταυγασθεὶς,
2716 1784 3038 1856 θαυμασίως
3085 1784 3376 1841 ἐπέστιλϐε
3410 1805 3638 1860 μαρμα-

2054 1878 2240 1953 ρυγῶν
2291 1896 2345 1933 τι
2391 1877 2644 1950 φοϐερὸν,
2679 1878 2775 1932 καὶ
2809 1878 2925 1942 τοῖς
2981 1881 3064 1958 είς
3108 1878 3275 1951 αὐτὸν
3325 1878 3637 1945 ἀτενίζουσι

2054 1974 2327 2045 φρικῶδες
2345 1991 2361 2006 ο
2393 1973 2557 2039 εὐθύς
2584 1990 2646 2028 τε
2675 1973 2727 2027 ol
2753 1973 3008 2038 κόλακες,
3045 1972 3167 2028 θεὸν
3188 1975 3599 2046 προσηγόρευον
3617 1992 3633 2007 ο

2054 2065 2307 2138 Εὐμενής
2327 2081 2388 2119 τε
2414 2066 2553 2137 εἴης,
2595 2064 2941 2134 ἐπιλέγοντες
2961 2081 2976 2095 ο
3006 2066 3055 2119 εί
3085 2065 3180 2119 καὶ
3226 2065 3393 2137 μέχρι
3432 2065 3529 2121 νῦν
3558 2066 3637 2132 ὡς

2051 2158 2342 2231 ἄνθρωπον
2371 2156 2752 2229 ἐφοϐήθημεν·
2787 2157 2924 2211 ἀλλά
2956 2156 3303 2225 τούντεῦθεν,
3350 2144 3673 2229 κρείπονάή

2054 2266 2115 2303 σε
2147 2248 2251 2318 τῆς
2269 2248 2316 2281 ’ί
2363 2248 2580 2318 φύσεως
2622 2246 3020 2317 ὁμολογοῦμεν.
3048 2246 3194 2319 Ὅρα
3234 2247 3353 2310 πῶς
3401 2248 3639 2312 κόλακες

2050 2336 2195 2413 ἦσαν
2218 2341 2571 2412 ὲκεῖνοιεὸρα
2598 2339 2669 2393 se
2707 2339 2803 2393 καὶ
2861 2337 2969 2391 τῶν
2999 2337 3313 2392 ἀποστόλων
3341 2336 3403 2391 τὸ
3434 2337 3640 2409 φρόνη-

2055 2449 2156 2506 μα.
2197 2435 2296 2488 Ὃν
2349 2432 2461 2504 γὰρ
2511 2430 2667 2494 ἔθνος
2713 2429 3010 2500 ὁλόκληρον
3058 2427 3238 2493 οὕτως
3272 2428 3636 2500 ἐθεράπευσε,

2052 2525 2241 2580 τοῦτον
2291 2516 2440 2578 οὗτοι
2496 2523 2771 2577 διέπτυον.
2807 2521 2915 2576 Καὶ
2958 2521 3087 2594 μὴν,
3115 2523 3166 2575 εί
3199 2523 3417 2588 ἐκεῖνοι,
3449 2522 3637 2592 φησιν,

2052 2617 2306 2689 ἐϐόησαν,
2337 2616 2391 2670 τί
2435 2616 2572 2687 πρὸς
2603 2614 2830 2683 τοῦτονς
2863 2614 2987 2670 Ὅτι
3015 2613 3345 2679 κατεδέξατο
3388 2612 3487 2683 τὴν
3520 2631 3639 2684 cpio-

2053 2711 2175 2783 νὴν,
2201 2711 2283 2765 ὅτι
2313 2706 2464 2776 ἀξιον
2495 2709 2687 2763 ἑαυτὸν
2718 2706 2973 2778 ἐνόμισεν
3002 2700 3144 2761 εἶναι
3175 2705 3277 2776 τῆς
3319 2705 3635 2769 κολακείας.

2054 2804 2157 2858 Διά
2198 2800 2390 2857 τούτου
2415 2800 2472 2855 δὲ
2506 2800 2742 2871 μάλιστα
2764 2800 2964 2854 ἐκεῖνοι
2987 2798 3342 2855 παιδεύονται
3379 2798 3431 2857 ol
3467 2798 3637 2852 κολα-

2053 2891 2310 2955 κεύοντες
2339 2890 2489 2961 εικῆ.
2539 2889 2867 2960 Ἀμφότεροι
2893 2888 2994 2960 μὲν
3023 2885 3116 2944 οὖν
3137 2885 3278 2960 ἦσαν
3298 2888 3440 2958 ἄξιοι
3462 2906 3640 2959 τιμωα

2055 2985 2208 3055 ρίας·
2235 2983 2354 3038 ἀλλ’
2380 2983 2504 3038 ἐπεὶ
2532 2982 2770 3054 κρίσεως
2808 2982 2910 3036 οὐκ
2943 2981 3062 3036 ἔστι
3088 2981 3301 3052 καιρὸς,
3335 2983 3363 3036 ὁ
3403 2981 3638 3053 μάλιστα

2055 3072 2356 3140 ὑπεύθυνος
2385 3073 2696 3140 κολάζεται.
2727 3074 2791 3128 Εἰ
2819 3073 2875 3127 δὲ
2903 3069 3057 3138 οὗτος
3082 3074 3320 3137 ἀκούσας
3351 3074 3434 3128 ὅτι
3463 3074 3638 3143 Φωνὴ

362 3168 509 3224 xime
547 3174 666 3223 erat
697 3164 893 3231 allinis,
927 3166 1176 3236 punitur.
1211 3157 1370 3225 Quod
1442 3156 1488 3211 si
1519 3155 1629 3222 ille,
1658 3153 1806 3224 quod
1840 3167 1942 3207 an-

2052 3167 2208 3235 θεοῦ,
2257 3167 2359 3222 καὶ
2432 3170 2545 3223 οὐκ
2580 3165 2942 3245 ανθρώπου,
2985 3167 3163 3221 καίτοι
3219 3168 3387 3237 μηδὲν
3439 3166 3635 3234 εἰπὼν,

365 3264 485 3319 dire
533 3258 903 3322 sustinuisset,
952 3254 1064 3310 Vox
1100 3252 1199 3308 Dei
1228 3260 1280 3306 et
1317 3266 1423 3306 non
1454 3246 1700 3312 hominis,
1727 3245 1944 3302 tametsi

363 3352 502 3409 nihil
524 3351 760 3415 dixerat,
800 3363 897 3404 eas
944 3360 1137 3418 pcenas
1169 3343 1359 3399 dedit:
1410 3341 1585 3396 multo
1604 3338 1799 3409 majori
1825 3353 1945 3394 me-

364 3446 473 3501 rito
494 3441 768 3505 Christus,
797 3437 905 3494 nisi
950 3439 1069 3508 ipse
1105 3443 1251 3491 esset
1298 3433 1466 3501 Deus,
1488 3447 1678 3504 plenas
1706 3431 1947 3487 dedisset

367 3536 463 3611 qui
490 3550 708 3606 semper
730 3531 946 3589 dicebat
1005 3548 1021 3587 :
1071 3529 1239 3584 Verba
1268 3529 1378 3584 hate
1403 3542 1506 3584 non
1535 3533 1658 3580 sunt
1696 3540 1836 3592 mea,
1866 3531 1947 3591 et,

367 3626 560 3699 Angeli
589 3626 719 3681 mihi
750 3624 1078 3680 ministrant.

427 3721 592 3781 Vens.
614 3718 704 3774 25.
724 3716 1000 3774 Barnabas
1011 3721 1187 3771 autem
1206 3720 1254 3780 et
1272 3710 1470 3769 Saulus
1485 3710 1745 3781 perfuncti
1789 3708 1948 3764 mini-

364 3816 545 3879 sterio,
583 3811 648 3867 ab
680 3808 1055 3881 Hierosolymis
1083 3806 1411 3862 Antiochiam
1461 3804 1655 3858 reversi
1675 3810 1796 3857 sunt
1818 3840 1835 3865 .
1862 3817 1948 3856 as-

365 3916 575 3979 sumpto
585 3921 759 3962 secum
773 3904 933 3960 etiam
946 3900 1170 3968 Joanne,
1191 3898 1276 3954 cui
1289 3913 1571 3970 cognomen
1594 3894 1691 3967 fuit
1709 3894 1942 3951 Marcus.

876 4150 885 4157 _
959 4081 1185 4140 CAPUT
1235 4079 1379 4137 xm.

443 4203 607 4259 Vens.
635 4200 687 4256 1.
717 4198 891 4261 Erant
906 4202 1086 4252 autem
1102 4195 1389 4273 quidamin
1410 4192 1662 4258 Ecclesia,
1693 4208 1809 4264 qua:
1835 4201 1954 4248 erat

370 4294 682 4357 Antiochiae,
737 4292 1004 4360 prapheta:
1051 4296 1100 4343 et
1140 4289 1396 4353 doctores,
1451 4285 1730 4341 Barnabas
1766 4283 1951 4340 videli-

2049 3259 2276 3314 τοιαῦτα
2306 3260 2475 3314 ἔπαθε
2499 3274 2513 3289 ⁸
2541 3259 2723 3330 πολλῴ
2752 3259 2952 3330 μᾶλλον
2982 3261 3009 3312 ὁ
3036 3258 3291 3330 Χριστὸς,
3312 3262 3363 3313 ει
3399 3260 3476 3333 μὴ
3503 3260 3638 3323 Θεὸς

2050 3348 2122 3427 ἦν
2168 3352 2350 3419 αὐτὸς,
2384 3352 2472 3406 dei.
2498 3352 2695 3422 λέγων,
2728 3353 2835 3416 ὅτι,
2873 3352 2949 3406 Τὰ
2993 3350 3235 3420 ῥήματα
3285 3351 3474 3406 ταῦτα
3524 3353 3638 3406 οὐκ

2043 3438 2222 3501 ’ἐστιν
2245 3443 2357 3516 ἐμά
2380 3459 2395 3477 ·
2428 3443 2545 3508 καὶ,
2583 3441 2853 3515 Ἄγγελοι
2868 3459 2971 3513 μοι
2997 3441 3423 3513 ὑπηρετοῦσιν.

2127 3719 2440 3791 Βαρνάϐας
2475 3718 2547 3773 δὲ
2579 3718 2678 3773 καὶ
2709 3718 2947 3788 Σαῦλος
2993 3720 3393 3790 ὑπέστρεψαν
3411 3722 3500 3787 είς
3541 3722 3639 3777 Ἰε-

2048 3814 2380 3887 ρουσαλὴμ
2401 3815 2472 3879 ³³,
2512 3811 2945 3881 πληρώσαντες
2970 3812 3088 3881 τὴν
3114 3812 3447 3881 διακονίαν,
3481 3828 3641 3886 συμ-

2056 3907 2509 3977 παραλαϐόντες
2534 3903 2634 3960 καί
2660 3905 2768 3961 τὸν
2803 3903 3095 3977 Ἰωάννην
3114 3906 3222 3961 τὸν
3239 3903 3641 3976 ἐπικληθέντα

2058 3997 2322 4068 Μάρκον.
2436 4024 2443 4027 ν
2614 4070 2617 4073 ὗ

2653 4090 2911 4149 ΚΕΦΑΛ.
2944 4091 3048 4147 II".

2132 4202 2328 4263 Ἦσαν
2352 4205 2421 4261 δέ
2461 4223 2622 4272 τινες
2658 4205 2730 4260 ἐν
2773 4206 3097 4274 Ἀντιοχείᾳ
3118 4203 3272 4260 κατὰ
3297 4203 3413 4273 τὴν
3440 4198 3641 4260 οὖσαν

2073 4297 2466 4366 Ἐκκλησίαν,
2489 4295 2790 4367 προφῆται
2812 4296 2912 4351 καὶ
2940 4294 3376 4360 ﬁnitivum/loud
3399 4309 3464 4349 τε
3487 4296 3642 4364 Βαρ-

372 4401 476 4453 cet,
507 4398 556 4442 et
581 4384 827 4450 Simeon,’
845 4382 936 4454 qui
965 4379 1254 4436 uocabatur
1283 4377 1472 4450 Niger,
1494 4386 1544 4433 et
1577 4378 1768 4438 Lucius
1791 4377 1946 4447 Cyre-

2060 4388 2251 4457 νάϐας
2297 4389 2399 4444 καὶ
2440 4390 2686 4460 Συμεὼν
2720 4390 2756 4444 ὁ
2804 4389 3181 4459 καλούμενος
3197 4388 3245 4421 ⁵³
3287 4388 3485 4458 Νίγερ,
3537 4386 3641 4460 καί

370 4481 566 4546 nensis,
595 4484 788 4550 prazter
833 4477 925 4529 hos
954 4471 1242 4536 Mona/ten,
1272 4471 1360 4542 qui
1409 4479 1524 4525 erat
1542 4485 1652 4524 una
1685 4484 1803 4526 cum
1844 4465 1946 4521 He‘

2063 4456 2320 4549 Λούκιος
2341 4484 2376 4536 d
2406 4456 2740 4551 Κυρηναῖος
2761 4479 2829 4549 ⁸⁸,
2861 4456 3120 4549 Μαναήν
3138 4496 3204 4534 τε
3243 4456 3504 4549 Ἡρώδου
3530 4456 3641 4535 tofi

374 4573 502 4629 rode
525 4569 795 4633 tetrarcha
824 4568 1100 4631 educatus,
1141 4573 1190 4618 et
1215 4561 1437 4619 Saulus.
1777 4617 1783 4622 ,

2060 4575 2390 4646 τετράρχου
2422 4575 2788 4645 σύντροφος,
2819 4573 2918 4629 καὶ
2951 4571 3209 4640 Σαῦλος.

446 4665 638 4733 Adhuc
667 4660 929 4717 Barnabas
958 4658 1197 4737 primum
1230 4653 1588 4710 mentionem
1628 4653 1780 4711 facit.
1813 4653 1946 4710 Pau-

2135 4668 2259 4722 Ἔτι
2312 4667 2601 4738 Βαρνάϐαν
2635 4665 2853 4737 πρῶτον
2890 4663 3221 4736 μνημονεύει
3248 4678 3262 4694 ⁸
3321 4661 3478 4716 οῦπω
3528 4662 3641 4732 γὰρ

372 4762 462 4817 lus
483 4757 629 4814 enim
660 4753 906 4810 nondum
938 4759 1061 4837 erat
1098 4749 1280 4806 clarus
1317 4763 1332 4801 ι
1368 4747 1613 4803 nondum
1671 4746 1839 4802 ullum
1870 4746 1946 4803 fe-

2059 4757 2273 4823 Παῢλος
2300 4746 2381 4829 ἦν’
2395 4750 2651 4828 λαμπρός
2673 4749 2698 4786 ·’
2717 4754 2871 4810 οὔπω
2892 4755 3118 4825 σημεῖον
3143 4752 3297 4807 οὐδὲν
3320 4751 3639 4822 εἰργάσατο.

374 4842 527 4906 cerat
557 4845 794 4917 signum.
838 4835 1148 4898 Notandum
1181 4846 1267 4895 est
1288 4836 1476 4894 autem
1533 4846 1591 4894 et
1634 4835 1860 4891 Paulum
1892 4846 1946 4893 et

2057 4849 2406 4923 Σημειωτέον
2438 4848 2496 4902 δὲ
2537 4848 2621 4902 ὅτι
2650 4846 2747 4901 καὶ
2789 4845 3003 4909 Παῦλος
3040 4844 3140 4898 καὶ
3171 4841 3464 4912 Βαρνάϐας
3490 4840 3643 4911 μετά

303 5013 306 5016 ἢ
374 4939 831 5016 Barnabampum
854 4933 1142 5005 prophetis
1175 4931 1490 4996 collocatos,
1515 4938 1573 4986 et
1610 4938 1952 5002 comparatos

372 5049 520 5090 esse.
573 5030 775 5091 Praeter
826 5029 919 5083 hos
949 5024 1236 5092 Hanahen,
1270 5022 1360 5095 qui
1416 5030 1533 5077 erat
1587 5037 1705 5076 cum
1747 5020 1955 5077 Herode

378 5125 645 5181 tetrarcha
670 5121 944 5177 educatus.
975 5117 1116 5173 Ecce
1144 5130 1328 5183 mores
1365 5113 1958 5191 uniuscujusqueive-

380 5232 500 5272 rum
523 5231 685 5289 quam
721 5229 751 5269 a
785 5210 1019 5283 pueritia
1043 5196 1372 5279 acceperant
1402 5207 1807 5272 educationem,
1842 5221 1954 5261 non

381 5316 616 5376 uterque
661 5300 909 5359 retinuit.
943 5294 1078 5353 Vide
1104 5296 1313 5361 ‘enim,
1364 5305 1426 5351 ut
1450 5295 1690 5351 Herodes
1733 5295 1955 5365 quidem

378 5399 652 5472 pessimus
713 5391 880 5449 fuerit
917 5407 933 5446 :
977 5389 1243 5445 Manahen
1294 5397 1500 5455 autem,
1542 5387 1637 5458 qui
1683 5402 1790 5442 una
1829 5402 1954 5442 cum

382 5491 487 5545 hoc
516 5487 779 5543 educatus
807 5482 1006 5547 fuerat,
1038 5488 1249 5535 tantum
1278 5478 1347 5533 ab
1378 5477 1471 5534 illo
1497 5484 1740 5532 mutatus
1762 5485 1864 5544 est,
1895 5484 1956 5531 ut

385 5581 552 5639 etiam
581 5590 785 5634 munus
809 5572 1110 5646 prophetiae
1143 5578 1480 5628 consecutus
1505 5572 1594 5627 sit.

2052 4944 2163 4995 τῶν
2203 4937 2506 5013 προφητῶν
2528 4935 2942 5007 κατετάγησαν.
2984 4931 3245 4999 Μαναήν
3284 4947 3349 4985 τε
3388 4928 3640 4999 Ἡρώδου

2051 5030 2161 5087 τοῦ
2186 5030 2515 5100 τετράρχου
2540 5027 2908 5096 σύντροφος.
2937 5022 3114 5077 Ἰδοὺὸ
3142 5020 3342 5092 τρόπος
3383 5020 3639 5099 ὲηκάστου,

2051 5120 2176 5191 οὐχὶ
2205 5122 2238 5190 ἡ
2269 5121 2333 5173 ἐκ
2368 5117 2556 5181 παιδὸς
2586 5115 2870 5187 ἀνατροφὴ
2896 5112 3082 5180 σώζει.
3125 5112 3302 5184 Βλέπε
3334 5111 3443 5182 γὰρ
3468 5110 3585 5173 πῶς
3612 5109 3643 5162 ὁ

2058 5212 2158 5283 μὲν
2203 5209 2453 5280 Ἡρώδης
2484 5208 2747 5270 κάκιστος
2784 5201 2890 5277 ἦν·
2925 5207 2953 5258 ὁ
2977 5200 3080 5277 [δὲ]
3116 5201 3306 5257 τούτου
3334 5201 3637 5272 σύντροφος

2058 5301 2289 5372 Μαναήν
2345 5299 2600 5355 τοσοῦτον
2661 5295 2995 5370 μετεϐλήθη,
3032 5295 3117 5350 ὅτι
3165 5294 3264 5349 καὶ
3303 5287 3642 5366 προφητείας

2059 5393 2289 5467 ἠξιώθη.
2763 5378 2792 5408 ⁸

1594 5659 1797 5724 Variae
1841 5660 2150 5725 lectiones
2193 5665 2249 5720 et
2296 5661 2485 5720 notis.

460 5781 504 5811 ⁸³
546 5776 767 5830 Videtur
781 5772 1088 5835 desiderari,
1123 5770 1494 5841 ἀνθρωπίνης.

1593 5767 1639 5799 ⁸¹
1676 5765 1740 5820 In
1760 5780 1946 5831 exemp.

2094 5762 2316 5817 Lutetiae
2360 5761 2500 5813 edito
2528 5768 2628 5831 est,
2681 5757 2741 5831 εξ
2772 5753 3131 5831 Ἰερουσαλὴμ
3166 5752 3248 5813 είς
3262 5750 3639 5831 ’Ἀντιόχειαη

420 5865 577 5907 quam
628 5846 901 5899 lectionem
929 5825 1115 5912 sequor
1133 5825 1201 5895 ac
1229 5825 1555 5895 'veram'esse
1585 5847 1732 5908 puto.
1809 5835 1853 5869 "
1880 5825 1944 5888 In

2052 5845 2172 5906 gata
2201 5841 2298 5900 est,
2324 5831 2507 5903 Σίμων
2542 5825 2897 5901 καλούμενος.
2974 5827 3022 5860 ⁸⁸
3045 5825 3362 5896 Κυριναίος,
3405 5832 3541 5876 erat.
