4070 6462
334 418 445 485 695

1258 425 1831 490 THEOPIIYLACTi
1877 425 2295 488 numam/32'
2322 401 2712 497 AucmEP.

3500 430 3607 495 69‘)

336 540 431 586 tus
474 536 592 585 erat
630 529 904 589 Christus.
950 533 1352 602 ,‘Animadverte
1388 545 1570 591 autem
1603 535 1765 591 etiam
1795 533 1927 588 Bar-

2035 536 2234 609 ροῦντα
2282 524 2363 610 τῷ
2411 539 2630 612 Παύλῳ,
2684 539 2876 613 ὥσπερ
2918 540 3014 597 καὶ
3054 540 3251 614 Πέτρῳ
3286 543 3315 597 ὁ
3355 520 3611 612 Ἰώάννης

341 624 524 678 nuban
563 624 759 680 cedere
806 625 999 691 Paulo,
1050 627 1527 700 (quemadmodum
1566 626 1731 682 etiam
1763 626 1926 681 Petro

339 717 577 774 Joannes
606 718 809 790 ubique
841 720 1026 792 cedit)
1053 736 1361 795 quanquam
1388 720 1758 777 venerabilior
1781 727 1924 787 erat,

340 824 504 877 quam
537 809 663 865 ille:
686 826 880 867 verum
903 816 1247 868 communem
1267 812 1554 868 utilitatem
1586 813 1923 885 spectabant.

344 900 483 956 Deus
519 903 700 971 populi
722 903 879 973 hujus
912 903 1068 975 elegit
1094 913 1273 974 patres
1307 914 1531 961 nostros.
1563 905 1925 976 Antiquarum

340 993 571 1063 repetita
602 994 863 1049 memoria
888 1010 1069 1050 rerum
1100 996 1338 1052 ostendit
1378 1012 1573 1069 magna
1604 1012 1726 1054 esse
1757 998 1927 1054 bene-

342 1084 484 1151 ticia,
520 1099 643 1155 quae
688 1085 832 1141 Deus
874 1086 1168 1142 contulerit
1199 1087 1255 1142 in
1288 1088 1432 1153 illos,
1469 1089 1927 1159 quemadmodum

341 1175 506 1230 etiam
540 1175 853 1246 Stephanus
881 1176 1032 1234 facit.
1079 1177 1290 1234 Nactus
1324 1194 1443 1234 sum
1472 1179 1726 1245 Davidem
1754 1181 1929 1250 ﬁlium

338 1264 542 1333 Jesscei,
582 1267 753 1321 virum
803 1270 894 1339 qui
940 1270 1074 1325 mihi
1111 1272 1258 1326 cordi
1314 1280 1409 1326 est.
1462 1269 1768 1329 Notandum
1816 1288 1927 1329 non

339 1360 458 1427 ipso
501 1367 760 1415 contextu
791 1361 1093 1417 dictionum
1123 1362 1238 1419 haec
1269 1362 1433 1419 verba
1459 1373 1670 1420 exstare
1708 1364 1764 1419 in
1792 1364 1928 1421 libro

340 1449 568 1523 Regum,
627 1453 722 1508 sed
781 1454 1125 1510 solummodo
1180 1455 1504 1526 prophetico
1548 1471 1698 1512 more
1730 1456 1799 1512 ab
1840 1456 1928 1512 di-

341 1539 469 1595 vino
508 1539 762 1598 Samuele
788 1543 937 1599 dicta
966 1558 1090 1599 esse
1129 1544 1198 1600 ad
1227 1543 1447 1601 Saulem
1480 1562 1496 1601 :
1529 1544 1740 1611 Quaeret
1763 1547 1926 1615 enim,

341 1631 544 1703 inquit,
589 1633 694 1687 sibi
738 1633 997 1692 Dominus
1034 1637 1320 1705 hominem,
1367 1638 1458 1709 qui
1507 1637 1607 1692 sibi
1636 1639 1780 1692 cordi
1831 1639 1922 1700 sit.

341 1733 392 1779 et
431 1725 705 1780 mandabit
739 1728 786 1781 ei
814 1726 1093 1797 Dominus,
1131 1736 1191 1784 ut
1213 1732 1390 1799 praesit
1414 1729 1607 1800 populo
1627 1747 1723 1787 suo
1745 1747 1765 1788 :
1800 1732 1927 1803 quia

342 1833 448 1872 non
486 1820 711 1874 seruasti
740 1828 790 1875 et
815 1831 1088 1877 exsecutus
1127 1838 1181 1877 es
1219 1836 1539 1894 quacunque
1582 1822 1930 1878 mandauerat

341 1913 439 1967 tibi
464 1911 718 1967 Dominus
743 1912 812 1968 ⁸⁸.
854 1912 993 1969 Hinc
1025 1912 1225 1970 Paulus
1262 1914 1445 1985 posuit
1489 1933 1504 1970 :
1547 1914 1730 1970 Ismeni
1772 1913 1930 1971 Daui-
1958 1895 2004 1957 Β

342 2003 460 2058 dcit:
499 2002 669 2073 ﬁlium
714 2002 918 2070 Jcssazi,
968 2005 1139 2060 uirum
1181 2005 1271 2076 qui
1305 2006 1433 2061 mihi
1475 2006 1619 2063 cordi
1647 2016 1743 2062 est.
1774 2006 1931 2075 Quod

342 2102 525 2153 autem
548 2095 685 2152 dixit
717 2115 733 2152 :
765 2097 873 2151 Viri
898 2097 1116 2167 fratres,
1145 2097 1193 2152 si
1225 2113 1385 2168 quam
1407 2098 1611 2155 habetis
1635 2101 1931 2155 orationem

341 2187 506 2257 plebis
536 2187 871 2259 appellanda
901 2197 951 2243 et
977 2188 1329 2244 adhortando:
1359 2206 1527 2245 causa
1561 2192 1930 2261 compositam,

342 2278 527 2348 dicite,
552 2280 604 2334 id
633 2287 718 2335 est
748 2280 1083 2349 huiusmodi.
1120 2279 1236 2336 Mos
1263 2289 1381 2337 erat
1401 2280 1605 2339 Iudaeis
1638 2282 1695 2338 in
1724 2282 1934 2340 Sabbu-

345 2372 418 2428 tis
450 2371 683 2427 recitare
727 2371 903 2442 legem
955 2370 1153 2443 Moysis
1195 2380 1251 2428 et
1293 2373 1590 2443 prophetas
1629 2392 1645 2429 :
1699 2390 1763 2432 ac
1810 2382 1935 2446 post

346 2478 538 2519 eorum
586 2462 963 2519 recitationem
1011 2463 1214 2535 alloqui
1269 2464 1483 2535 plebem
1528 2474 1584 2520 et
1637 2466 1932 2536 explicare.

348 2555 714 2622 Quamobrem
749 2555 914 2610 etiam
948 2554 1028 2610 illi
1058 2556 1353 2611 hortantur
1382 2555 1611 2612 Paulum
1638 2566 1695 2613 et
1732 2556 1935 2614 Barna-

347 2650 471 2705 bam
520 2648 588 2706 ad
640 2647 1027 2721 proferendum
1099 2649 1302 2717 verba,
1358 2650 1558 2721 quibus
1602 2661 1933 2718 conventum

350 2743 725 2798 admonerent.
772 2740 949 2813 Hujus
979 2758 1044 2798 ea:
1072 2746 1272 2799 semine
1299 2743 1462 2812 Deus,
1490 2745 1933 2816 quemadmodum

352 2837 685 2905 promiserat,
709 2837 888 2891 eduxit
922 2836 1113 2892 Israeli
1138 2835 1491 2893 Senatorem.
1524 2838 1688 2896 Valde
1714 2839 1934 2897 deside-

351 2931 520 2987 rubile
553 2941 675 2989 erat
718 2932 832 2989 illis
859 2948 1061 2989 nomen
1093 2933 1339 2992 Davidis.
1376 2933 1549 3006 Hujus
1578 2935 1657 2991 rei
1685 2937 1856 3008 gratia
1900 2950 1932 2991 a

350 3024 522 3094 stirpe
577 3024 722 3081 illius
756 3024 832 3082 ait
879 3037 1163 3098 regnatum
1220 3027 1310 3084 iri.
1352 3028 1483 3086 Cum
1527 3038 1649 3085 ante
1699 3030 1930 3088 Joannes

351 3114 686 3182 prazdicasset
743 3125 868 3171 ante
899 3117 1092 3187 faciem
1112 3120 1389 3176 [introitus
1442 3120 1577 3191 ejus.
1637 3121 1929 3178 lntroitum

352 3215 532 3263 autem
554 3208 988 3267 incarnationem
1018 3211 1168 3268 dicit.
1377 3277 1382 3283 _

422 3303 592 3361 Vens.
634 3303 728 3361 25.
759 3302 892 3360 Cum
915 3314 1092 3359 autem
1129 3303 1366 3362 Joannes
1392 3322 1600 3362 cursum
1631 3307 1931 3378 conﬁceret,

352 3396 558 3451 dicebat
587 3411 609 3452 :
638 3393 932 3462 Quemnam.
960 3412 1042 3452 me
1065 3412 1179 3454 esse
1202 3398 1578 3468 suspicamini?
1608 3397 1721 3472 Ego
1755 3402 1800 3455 is
1833 3416 1938 3455 non

354 3504 474 3544 sum
504 3504 523 3543 :
556 3488 649 3543 sed
680 3502 794 3542 ecce
823 3485 960 3540 venit
982 3495 1097 3557 post
1128 3504 1229 3553 me,
1269 3487 1421 3558 cujus
1458 3504 1564 3544 non
1601 3506 1721 3544 sum
1747 3489 1937 3560 dignus

354 3580 446 3644 qui
474 3578 676 3643 solvam
699 3577 1109 3634 calceamentum
1133 3581 1347 3651 pedum.
1404 3568 1407 3571 ’

426 3671 591 3730 Vsus.
619 3671 711 3727 26.
744 3670 857 3727 Viri
878 3671 1091 3744 fratres,
1115 3674 1308 3742 posteri
1330 3674 1536 3745 generis
1558 3674 1870 3739 Abrahami,
1890 3681 1941 3729 et

355 3768 446 3837 qui
472 3766 609 3821 inter
636 3780 724 3821 vos
758 3763 927 3820 Deum
950 3764 1153 3833 timent,
1181 3767 1324 3822 vobis
1359 3768 1571 3824 verbum
1603 3766 1794 3823 salutis
1838 3768 1939 3822 Im-

350 3863 441 3931 jus
478 3861 699 3916 missum
726 3869 823 3916 est.
1090 3865 1095 3877 '

425 3951 589 4009 Vnus.
631 3952 724 4007 27.
758 3952 903 4008 Nam
950 3956 1042 4027 qui
1082 3953 1395 4010 habitabant
1433 3952 1491 4009 in
1532 3951 1852 4017 Jerusalem,
1892 3961 1944 4008 et

353 4042 616 4112 principes
644 4045 1020 4113 eorum,illum
1043 4047 1342 4117 ignorantes
1367 4044 1787 4117 quisnamlessct,
1820 4059 1943 4099 cum

352 4152 501 4192 uoces
544 4138 956 4207 prophetarum,
1000 4154 1121 4210 quae
1154 4140 1298 4195 omni
1338 4137 1571 4196 Sabban
1626 4139 1941 4206 recitantur;

352 4228 552 4300 judicio
579 4245 674 4284 suo
704 4231 1129 4300 comprobarunt,

433 4320 594 4391 109
626 4318 793 4378 Vens.
822 4321 913 4378 98.
946 4323 1074 4379 Tum
1113 4326 1264 4381 nulla
1295 4343 1460 4384 causa
1492 4330 1678 4385 mortis
1710 4329 1943 4393 inuenta,

353 4413 613 4482 petierunt
637 4430 669 4469 a
695 4412 872 4471 Pilato
894 4426 951 4471 ut
984 4416 1275 4476 tolleretur.

429 4502 589 4561 Vens.
622 4505 714 4562 29.
748 4507 812 4566 Ut
837 4518 1010 4565 autem
1052 4512 1380 4584 perfecerunt
1422 4515 1603 4569 omnia
1637 4529 1755 4586 qua:
1794 4516 1859 4569 de
1884 4528 1945 4568 eo

2031 632 2333 702 πανταχοῦ,
2388 632 2570 688 καίτοι
2629 633 2800 689 αὑτοῦ
2857 634 3284 705 αίδεσιμώτερος
3333 629 3441 698 ἦνι
3471 635 3608 689 ἀλλὰ

2029 725 2165 794 πρὸς
2199 723 2261 777 τὸ
2298 726 2451 795 κοινῇ
2492 725 2774 796 συμφέρον
2805 723 3014 797 ἑώρων.
3054 725 3119 780 '0
3143 725 3287 792 Θεὸς
3315 724 3423 780 τοῦ
3451 724 3608 780 λαοῦ

2028 818 2247 873 τούτου
2279 816 2599 884 ἐξελέξατο
2627 817 2769 884 τοὺς
2821 816 3085 887 πατέρας
3127 815 3318 888 ἡμῶν.
3366 816 3613 870 ’Δνωθεν

2027 912 2267 966 δείκνυσι
2323 911 2420 976 τὰς
2462 912 2784 984 εὐεργεσίας
2836 910 2931 965 τοῦ
2962 909 3098 965 Θεοῦ
3130 909 3374 981 μεγάλας
3413 907 3609 971 οὔσας,

2029 1003 2283 1074 καθάπερ
2313 1003 2409 1057 καὶ
2438 1002 2711 1071 Στέφανος
2736 1003 2902 1056 ποιεῖ.
2931 997 3132 1070 Εὗρον
3157 1000 3341 1054 Δαυῖδ
3360 998 3465 1053 τὸν
3501 996 3611 1052 τοῦ

2041 1094 2291 1160 Ἰεσσαί,
2309 1094 2501 1164 ἄνδρα
2521 1092 2673 1149 κατὰ
2687 1093 2804 1163 τὴν
2819 1093 3077 1163 καρδίαν
3091 1110 3234 1165 μου.
3259 1091 3334 1162 Ση
3343 1090 3612 1162 μειωτέον

2027 1188 2111 1242 ὅτι
2144 1187 2244 1242 οὐκ
2281 1186 2419 1259 αὗτῇ
2450 1185 2595 1253 λέξει
2640 1185 2814 1241 ταῦτα
2844 1186 2915 1241 τὰ
2946 1185 3170 1257 ῥήματα
3213 1185 3427 1240 κεῖνται
3448 1182 3507 1236 ἒν
3539 1182 3610 1252 τῇ

2030 1282 2199 1355 βίϐλῳ
2226 1282 2336 1338 τῶν
2365 1280 2688 1348 Βασιλειῶν,
2719 1280 2754 1352 ἦ
2802 1281 2964 1353 μόνον
3000 1276 3355 1351 προφητικῶς
3381 1276 3490 1330 ὑπὸ
3513 1273 3611 1329 τοῦ

2029 1378 2175 1433 θείου
2210 1378 2466 1449 Σαμουὴλ
2495 1377 2766 1449 εἰρημένα
2792 1374 2930 1445 πρὸς
2974 1374 3068 1428 τὸν
3095 1371 3318 1427 Σαούλ.
3348 1369 3612 1438 Ζητήσει

2028 1470 2157 1542 γὰρ,
2211 1468 2370 1540 φησὶ,
2408 1468 2623 1537 Κύριος
2672 1464 2868 1532 ἑαυτῷ
2933 1465 3250 1533 ἄνθρωπον
3287 1459 3439 1516 κατὰ
3495 1457 3615 1526 τὴν

2029 1561 2284 1633 καρδίαν
2308 1559 2519 1627 αὑτοῦ,
2545 1558 2647 1615 καὶ
2683 1557 3011 1614 ἐντελεῖται
3063 1550 3224 1623 αὐτῷ
3254 1555 3478 1623 Κύριος
3523 1553 3615 1620 είς

2028 1654 2295 1725 ἄρχοντα
2330 1652 2429 1707 ἐπὶ
2453 1653 2562 1709 τὸν
2584 1650 2740 1707 λαὸν
2766 1650 2954 1706 αὐτοῦ
2985 1651 3001 1681 δ
3032 1649 3124 1704 ὅτι
3159 1649 3272 1703 οὐκ
3298 1643 3618 1716 ἐφύλαξας

2030 1747 2149 1803 ὅσα
2180 1743 2522 1801 ἐνετείλατό
2571 1756 2673 1799 σοι
2717 1743 2955 1812 Κύριος.
2999 1738 3285 1795 Ἐντεῦθεν
3329 1738 3358 1791 ὁ
3399 1734 3617 1798 Παῦλος
3664 1738 3669 1743 ’

2028 1834 2243 1889 τέθεικε
2279 1833 2360 1898 τὸ,
2389 1828 2585 1903 Εὗρον
2613 1830 2795 1887 Δαυῖδ
2823 1829 2935 1885 τὸν
2980 1829 3091 1884 τοῦ
3142 1825 3394 1893 Ἰεσσαὶ,
3425 1823 3618 1892 ἄνδρα

2033 1927 2186 1982 κατὰ
2204 1925 2322 1995 τὴν
2341 1925 2596 1994 καρδίαν·
2612 1939 2753 1993 μου.
2780 1922 2856 1977 Τὸ
2876 1921 2934 1975 δὲ
2956 1921 3153 1984 εἰπεῖν,
3175 1918 3420 1988 Ἄνδρες
3438 1917 3619 1973 ἀδελ-

2033 2017 2160 2088 φοὶ,
2212 2017 2266 2071 ει
2290 2014 2426 2070 ἐστι
2472 2015 2654 2083 λόγος
2682 2014 2753 2068 ἐν
2775 2011 2923 2084 ὑμῖν
2950 2007 3390 2081 παρακλήσεως
3463 2006 3615 2077 πρὸς

2033 2111 2144 2166 τὸν
2189 2110 2344 2164 λαὸν
2378 2108 2624 2178 λέγετε,
2679 2107 2838 2162 τοῦτο
2873 2102 2944 2178 ἦν
2971 2122 2986 2140 ο
3025 2103 3186 2168 Ἔθος
3222 2101 3293 2177 ἦν
3335 2104 3449 2166 τοῖς
3486 2103 3619 2156 ’1ου-

2032 2202 2205 2268 δαίοις
2261 2205 2322 2258 ἐν
2373 2205 2488 2266 τοῖς
2544 2201 2822 2257 Σάϐϐασιν
2873 2200 3272 2268 ἀναγινώσκειν
3318 2197 3411 2251 τὸν
3451 2194 3620 2266 νόμον

2034 2297 2317 2364 Μωῦσέως
2347 2298 2394 2351 ⁷⁸
2427 2297 2522 2352 καὶ
2551 2296 2676 2361 τοὺς
2701 2296 3023 2368 προφήταςο
3073 2293 3169 2349 καὶ
3200 2292 3340 2363 μετὰ
3369 2289 3469 2362 τὴν
3491 2288 3620 2343 τοῦ-

2034 2408 2144 2447 των
2164 2391 2495 2462 ἀνάγνωσιν,
2524 2388 2998 2463 προσομιλεῖνκαὶ
3026 2384 3364 2458 ἐξηγεῖσθαι.
3399 2382 3493 2437 Διὸ
3521 2382 3622 2435 καὶ

2035 2475 2181 2537 οὗτοι
2230 2482 2643 2554 ’προτρέπονται
2696 2480 2823 2545 τοὺς
2839 2479 2887 2513 ⁷⁸
2955 2479 3080 2549 περὶ
3125 2474 3339 2530 Παῦλον
3382 2470 3621 2543 λαλῆσαι

2035 2580 2105 2650 τῇ
2133 2576 2456 2647 Συναγωγῇ.
2496 2576 2721 2631 Τούτου
2748 2576 2782 2628 ὀ
2823 2571 2968 2639 Θεὸς
2996 2569 3115 2627 ἀπὸ
3143 2568 3252 2624 τοῦ
3277 2565 3625 2636 σπέρματος

2036 2671 2166 2726 κατ’
2194 2668 2568 2741 ἐπαγγελίαν
2602 2667 2792 2738 ἤγαγε
2811 2663 2894 2731 τῷ
2926 2662 3176 2734 Ἰσραὴλ
3204 2658 3511 2730 σωτηρίαν
3547 2656 3620 2711 ’⁷.

2037 2765 2189 2821 Πάνυ
2216 2763 2467 2819 ποθεινὸν
2483 2757 2554 2835 ἦν
2579 2761 2766 2826 αὐτοῖς
2791 2758 2854 2813 τὸ
2874 2756 2970 2812 τοῦ
2998 2755 3165 2811 Δασὶδ
3191 2752 3394 2824 ὃνομαο
3424 2748 3622 2804 τούτου

2035 2858 2197 2931 χάριν
2245 2855 2352 2911 ὑπὸ
2398 2854 2492 2909 τοῦ
2535 2852 2729 2917 παιδὸς
2810 2847 2979 2905 αὐτοῦ
3040 2843 3426 2920 βασιλεύεσθαί
3459 2857 3620 2931 φησι.

2035 2929 2540 3020 Προκηρύεαντος
2591 2943 2880 3000 Ἰωάννου
2931 2937 3047 3008 πρὸ
3109 2934 3434 3007 προσώπου
3508 2929 3624 3001 τῆς

2034 3044 2282 3102 εἰσόδου
2309 3040 2519 3099 αὐτοῦ.
2550 3038 2771 3094 Εῐσοδον
2792 3036 2852 3092 δὲ
2874 3036 2977 3107 τὴν
3014 3031 3293 3103 σάρκωσιν
3313 3028 3485 3100 λέγει.

2122 3303 2223 3370 Ὠς
2252 3298 2323 3354 δὲ
2342 3295 2616 3367 ἐπλήρου
2656 3292 2938 3361 Ἰωάννης
2979 3289 3090 3344 τὸν
3128 3285 3376 3357 δρόμον,
3413 3285 3585 3354 ἔλεγε
3606 3299 3623 3314 ο

2045 3397 2186 3453 Τίνα
2228 3409 2305 3465 με
2345 3388 2660 3449 ὑπονοεῖτε
2681 3387 2730 3421 ⁷⁸
2778 3385 2932 3441 εἶναι
2949 3399 2971 3450 ;
2996 3383 3122 3437 Οὐκ
3148 3380 3268 3450 ειμι
3309 3378 3456 3450 ἐγώ·
3485 3377 3628 3431 ἀλλ’

2042 3488 2175 3543 ἰδοὺ
2200 3471 2436 3555 ἔρχεται
2452 3480 2582 3553 μετ’
2615 3479 2744 3551 ἐμὲ,
2769 3472 2842 3534 οὖ
2870 3478 2985 3532 οὐκ
3010 3470 3128 3545 ειμι
3163 3471 3335 3540 ἄξιος
3368 3471 3438 3526 τὸ
3474 3469 3629 3527 ὑπό-

2040 3581 2205 3651 δημα
2223 3576 2346 3633 τῶν
2362 3572 2567 3630 ποδῶν
2583 3570 2795 3627 λῦσαι.

2126 3669 2381 3739 Ἄνδρες
2404 3662 2679 3735 ἀδελφοί,
2713 3659 2834 3718 υἱοί
2882 3659 3101 3731 γένους
3122 3654 3406 3725 Ἀϐραὰμ,
3446 3652 3545 3710 καί
3571 3653 3631 3709 οι

2041 3766 2113 3823 ἐν
2150 3762 2295 3836 ὑμῖν
2312 3758 2673 3832 φοϐούμενοι
2709 3755 2818 3809 τὸν
2842 3752 3012 3819 Θεὸν,
3040 3749 3184 3822 ὑμῖν
3218 3748 3252 3803 d
3289 3747 3473 3817 λόγος
3517 3744 3633 3813 τῆς

2044 3859 2347 3932 σωτηρίας
2370 3856 2596 3925 ταύτης
2625 3849 2968 3921 ἀπεστάλη.

2115 3957 2182 4012 Οί
2215 3953 2328 4026 γὰρ
2360 3948 2790 4015 κατοικοῦντες
2837 3946 2909 4002 ὲν
2971 3939 3395 4013 Ἰερουσαλὴμ,
3452 3935 3553 3992 καί
3577 3937 3636 3992 οί

2045 4050 2340 4120 ἄρχοντες
2375 4042 2596 4110 αὐτῶν,
2643 4040 2864 4097 τοῦτον
2898 4033 3340 4109 ἀγνοήσαντες,
3394 4030 3493 4085 καὶ
3523 4028 3637 4095 τὰς

2046 4140 2251 4214 φωνὰς
2273 4137 2395 4194 τῶν
2428 4131 2778 4207 προφητῶν,
2814 4132 2924 4199 τὰς
2973 4128 3127 4183 κατὰ
3173 4122 3299 4182 πᾶν
3328 4121 3638 4179 Σάϐϐατον

2047 4232 2641 4309 ἀναγινωσκομένας,
2675 4227 2995 4296 κρίναντες
3013 4221 3401 4292 ἐπλήρωσανο

2118 4307 2230 4387 Κάι
2261 4324 2567 4399 μηδεμίαν
2612 4320 2814 4377 αἰτίαν
2863 4314 3124 4372 θανάτου
3150 4312 3452 4382 εὑρόντες,
3483 4307 3631 4387 ᾐτή-

2049 4437 2243 4479 σαντο
2258 4416 2526 4475 Πιλάτον
2581 4406 2976 4479 ἀναιρεθῆναι
2995 4406 3205 4461 αὐτόν.

2128 4515 2230 4580 Ὠς
2265 4510 2338 4565 es
2353 4508 2647 4565 ἐτέλεσαν
2673 4498 2874 4556 πάντα
2899 4499 2947 4534 ⁷⁸
2997 4498 3073 4554 τὰ
3095 4495 3233 4568 περὶ
3293 4491 3484 4550 αὑτοῦ
3536 4506 3631 4562 τε·

356 4597 556 4667 scripta
583 4609 757 4668 erant,
788 4601 1053 4672 demptum
1077 4581 1331 4677 de'ligno,
1361 4581 1660 4677 posuerunt
1674 4609 1733 4663 in
1758 4621 1934 4662 monu-

2049 4602 2376 4680 γραμμένα,
2403 4593 2766 4659 καθελόντες
2793 4590 2913 4647 ἀπὸ
2960 4588 3072 4646 τοῦ
3145 4586 3361 4655 ξύλου,
3406 4581 3632 4654 ἔθηκαν

354 4699 551 4746 mento.

431 4781 591 4841 Vens.
623 4783 714 4842 30.
744 4785 882 4842 Deus
913 4797 1093 4845 autem
1117 4792 1392 4849 suscitauit
1418 4810 1538 4848 eum
1567 4811 1598 4848 a
1628 4795 1871 4859 mortuis,

434 4874 594 4928 Vnus.
635 4874 726 4931 3i.
755 4874 859 4942 Qui
879 4880 1023 4935 visus
1053 4889 1129 4936 est
1154 4898 1246 4952 per
1273 4870 1708 4955 dies'complures
1738 4883 1803 4938 ab
1838 4882 1943 4948 his,

357 4966 449 5037 qui
478 4983 586 5022 una
613 4983 734 5024 cum
754 4986 813 5026 eo
829 4975 1171 5029 ascenderant
1200 4993 1264 5031 ea:
1289 4975 1514 5035 Galilwa
1543 4981 1598 5034 in
1626 4977 1944 5043 Jerusalem,

357 5063 447 5132 qui
478 5071 603 5118 sunt
623 5070 777 5120 testes
805 5065 922 5136 ejus
950 5068 1094 5137 apud
1120 5068 1338 5139 plebem.

423 5246 580 5302 Vnus.
604 5245 696 5302 52.
725 5244 796 5301 Et
820 5262 914 5301 nos
938 5247 1079 5302 vobis
1108 5251 1488 5305 annuutiamus
1511 5246 1651 5315 eam,
1678 5264 1796 5314 qua:
1830 5264 1950 5301 ma-

358 5339 561 5403 ioribus
573 5339 812 5410 contigit,
840 5340 1239 5408 promissionem
1258 5359 1275 5397 :
1293 5359 1476 5411 nempe
1501 5343 1637 5398 hanc
1658 5340 1830 5396 Deum
1858 5356 1950 5395 es;-

358 5429 577 5497 plerisse
606 5445 673 5484 ac
699 5431 1009 5500 prwstitisse
1034 5432 1183 5504 uobis
1213 5435 1437 5503 posteris
1462 5435 1680 5489 illorum
1718 5432 1949 5488 resusci-

365 5527 475 5574 tato
499 5517 645 5575 Iesu.

471 5637 519 5669 “
556 5635 740 5711 llicg.
774 5652 878 5695 xu.

2049 4702 2135 4765 εις
2149 4702 2465 4767 μνημεῖσνο

2135 4790 2200 4842 '0
2224 4785 2292 4840 δὲ
2308 4782 2452 4848 Θεὸς
2484 4777 2726 4850 ἤγειρεν
2770 4773 2960 4832 αὑτὸν
2982 4775 3053 4829 ἐκ
3090 4770 3342 4843 νεκρῶν,

2131 4882 2239 4944 ⁸³ος
2272 4875 2439 4945 ὤφθη
2469 4870 2570 4925 ἐπὶ
2597 4868 2825 4940 ἡμέρας
2853 4868 3105 4932 πλείους
3149 4864 3276 4931 τοῖς
3312 4860 3639 4937 συν[αν]α-

2054 4971 2235 5029 ϐᾶσιν
2264 4961 2428 5031 αὐτῷ
2454 4963 2576 5020 ἀπὸ
2630 4960 2742 5030 τῆς
2790 4958 3129 5024 Γαλιλαίας
3194 4958 3282 5022 εἰς
3342 4955 3639 5025 Ἰερουσα-

2046 5065 2194 5134 λὴμ,
2241 5057 2466 5123 οἵτινές
2518 5057 2640 5110 εἱσι
2696 5052 2996 5125 μάρτυρες
3063 5050 3251 5107 αὐτοῦ
3312 5050 3463 5118 πρὸς
3530 5048 3637 5104 τὸν

2048 5157 2223 5212 λαόν.
3520 5166 3523 5173 ·

2120 5245 2229 5301 Καὶ
2278 5242 2450 5312 ἡμεῖς
2510 5238 2667 5311 ὑμᾶς
2742 5235 3237 5309 εὐαγγελιζόμεθα
3294 5234 3409 5305 τὴν
3490 5232 3631 5304 πρὸς

2050 5340 2197 5406 τοὺς
2250 5336 2512 5405 πατέρας
2578 5332 2946 5405 ἐπαγγελίαν
3030 5327 3365 5400 γενομένην
3420 5327 3489 5390 ⁸⁸,
3553 5327 3633 5381 ὅτι

2054 5434 2284 5500 ταύτην
2358 5432 2392 5484 ό
2473 5427 2619 5494 Θεὸς
2686 5422 3120 5493 ἐκπεπλήρωκε
3213 5419 3339 5487 τοῖς
3410 5418 3629 5485 τέκνοις

2055 5524 2277 5592 αὐτῶν,
2299 5521 2444 5592 ὑμῖν
2461 5520 2507 5554 ⁸⁸
2537 5517 2896 5589 ἀναστήσας
2934 5513 3189 5585 Ἰησοῦν.

1582 5739 1788 5801 Varia:
1828 5737 2147 5802 lectiones
2191 5743 2254 5801 et
2277 5742 2470 5801 notae.

438 5840 484 5871 "
520 5840 806 5908 Μωυσέος,
838 5851 972 5897 erat.

1078 5842 1230 5915 Ἶ⁸τὰ,
1262 5852 1399 5915 ενοι.
1468 5844 1512 5875 ⁷⁷
1544 5843 1647 5915 ίϊσ.
1674 5843 2156 5915 Σιυτῆραίησοῦν.

367 5906 415 5941 ⁸⁸
449 5909 513 5966 In
548 5906 801 5985 vulgatis,
827 5906 1227 5989 γεγενημένην.
1299 5915 1343 5949 ⁸⁸
1371 5912 1437 5973 In
1462 5914 1689 5987 vulgatis
1708 5906 1934 5986 plerisqu

2035 5924 2090 5980 st,
2116 5916 2264 5988 ἡμῖν.

2259 5844 2304 5877 ⁷⁸
2323 5838 2655 5908 ὑπονοεῖται,
2671 5846 2805 5895 erat.
2884 5837 2929 5871 "
2960 5836 3026 5895 In
3044 5834 3254 5908 uulgato
3277 5841 3374 5903 est,
3397 5833 3640 5939 απαντσ..
