4070 6418
379 425 485 489 697

1105 419 1520 486 EXPO-SITIO
1554 420 1638 482 IN
1679 419 1870 482 ACTA
1909 392 2473 486 APOSTOLORUM
2502 424 2747 485 -—CAP.
2787 425 2960 486 x111;

3553 425 3661 488 603

469 536 692 602 Ὠς-καὶ
716 535 785 590 ἐν
819 532 897 602 τῷ
923 534 1148 605 ψαλμῷ
1173 533 1255 599 τῷ
1290 532 1548 599 δευτέρῳ
1597 529 1923 601 γέγραπται
1948 548 1963 563 ο

2139 534 2303 590 Vens.
2363 536 2452 591 53.
2495 537 2558 593 Ut
2600 537 2761 592 etiam
2796 538 2852 592 in
2896 538 3100 607 psalmo
3151 539 3376 592 secundo
3408 539 3658 606 scriptum

392 630 520 692 Υιός
543 645 664 697 μου
683 623 840 683 εἳσύ
869 643 885 657 ·
915 628 1030 699 ἐγὼ
1068 627 1340 697 σήμερον
1359 624 1696 697 γεγέννηκά
1722 640 1820 678 σε.

456 721 577 773 Ὀτι
605 718 675 774 δὲ
727 720 1072 790 ἀνέστησεν
1107 720 1295 774 αὐτὸν
1348 720 1416 773 ἐκ
1459 716 1712 786 νεκρῶν,
1757 715 1970 789 μηκέτι

384 811 690 883 μέλλοντα
723 813 770 848 ⁸¹
800 812 1208 883 ὑποστρέφειν
1252 813 1342 876 εἷς
1379 809 1730 880 διαφθορὰν,
1779 809 1971 876 οὕτως

383 903 647 971 ειρηκεν,
688 902 779 957 ὅτι
811 903 988 958 Δώσω
1010 903 1157 974 ὑμῖν
1179 901 1252 956 τὰ
1299 902 1439 957 ὅσια
1470 900 1643 957 Δαυῒδ
1664 902 1737 956 τὰ
1759 901 1968 955 πιστά.

456 995 556 1050 Διὸ
577 995 680 1049 καί
708 995 778 1049 ἐν
798 994 981 1064 ἑτέρῳ
1008 995 1173 1066 λέγει
1192 1009 1207 1026 ο
1239 995 1324 1050 οὐ
1361 993 1578 1062 δώσεις
1627 993 1738 1048 τὸν
1796 992 1971 1048 ὅσιόν

380 1105 500 1144 σσυ
534 1088 686 1143 ίδεῒν
712 1087 1064 1163 διαφθοράν.
1386 1119 1390 1128 ι

455 1180 641 1235 Δαυτὸ
670 1180 792 1250 μὲν
812 1181 926 1252 γὰρ
953 1181 1072 1250 ῑδίᾳ
1103 1181 1285 1253 γενεᾷ
1330 1180 1742 1252 ὑπηρετήσας,
1769 1179 1846 1251 τῇ
1862 1181 1970 1237 τοῦ

382 1273 539 1326 Θεοῦ
560 1274 770 1344 βουλῇ
807 1275 1117 1346 ἐκοιμήθη,
1135 1277 1234 1331 καὶ
1257 1275 1593 1346 προσετέθη
1625 1276 1776 1346 πρὸς
1826 1275 1971 1344 τοὺς

376 1363 647 1432 πατέρας
670 1366 879 1430 αὐτοῦ,
916 1366 1016 1421 καί
1043 1362 1166 1425 εἶδε
1201 1367 1553 1436 διαφθοράν.

469 1629 731 1708 Ἰωάννης
779 1640 1053 1710 μαρτυρεῖ
1105 1639 1203 1710 οὐχ
1257 1637 1479 1703 ἁπλῶς·
1559 1637 1698 1694 ἀλλὰ
1753 1639 1972 1693 πάντων

379 1729 478 1783 ὑπ’
511 1729 682 1784 αὐτὸν
703 1729 948 1798 ἀγόντων
959 1729 1059 1800 τὴν
1081 1729 1264 1798 δόξαν,
1290 1730 1454 1794 αὐτὸς
1482 1730 1670 1802 ἀὐτὴν
1693 1729 1975 1801 ἀποκροιΐ-

375 1839 523 1877 εται.
562 1822 638 1875 Οὐ
659 1821 768 1892 γάρ
787 1823 938 1876 ἐστιν
966 1821 1086 1876 ἴσον
1120 1823 1354 1894 μηδενὸς
1375 1823 1610 1888 διδόντος
1637 1824 1731 1878 καὶ
1759 1821 1972 1878 πολλῶν

2072 636 2146 681 est
2169 643 2188 681 :
2224 626 2398 682 Filius
2425 645 2570 682 meus
2596 646 2648 683 es
2681 641 2758 696 tu,
2779 646 2883 701 ego
2914 631 3066 684 hodie
3091 631 3251 702 genui
3279 641 3346 683 te‘.

2141 718 2303 773 Vens.
2331 720 2420 774 3d.
2456 719 2610 784 Quod
2638 730 2816 775 autem
2846 738 2965 776 eum
2993 722 3325 776 suscitaverit
3349 738 3380 772 a
3412 720 3657 785 mortuis,

2073 828 2176 866 non
2206 812 2436 878 amplius
2462 814 2802 885 redigendum
2838 816 2908 869 ad
2935 816 3349 884 corruptionem,
3374 815 3451 867 ita
3487 813 3659 868 dixit:

2073 901 2224 957 Dabo
2252 905 2392 959 vobis
2412 917 2600 960 sancta
2642 905 2815 960 David
2843 906 3047 976 ﬁdelia.

2142 994 2302 1051 Vens.
2341 996 2820 1062 55.-Quamobrem
2853 1001 3016 1054 etiam
3037 999 3170 1055 alibi
3195 1000 3321 1054 dicit
3349 1017 3368 1054 :
3402 998 3522 1054 Non
3544 1016 3662 1065 per-

2073 1087 2269 1154 mittes,
2301 1096 2358 1142 ut
2381 1099 2596 1144 sanctus
2626 1099 2746 1146 tuus
2764 1092 2936 1146 videat
2963 1093 3374 1162 corruptionem.

2142 1181 2307 1238 Vens.
2336 1182 2424 1238 56.
2446 1183 2589 1238 Nam
2611 1183 2784 1239 David
2810 1186 3017 1256 quidem
3038 1202 3156 1239 cum
3182 1202 3292 1240 sua:
3320 1186 3469 1239 aetati
3493 1187 3665 1242 inser-

2073 1275 2253 1340 visset,
2301 1275 2523 1329 consilio
2564 1275 2662 1330 Dei
2704 1277 3036 1342 obdormivit,
3073 1289 3123 1332 et
3168 1280 3436 1349 appositus
3483 1291 3561 1334 est
3589 1282 3662 1332 ad

1994 1422 2013 1441 ο,
2075 1365 2304 1436 majores
2334 1383 2476 1432 suos,
2503 1376 2554 1421 et
2590 1368 2721 1422 uidit
2755 1371 3165 1440 corruptionem.

462 1456 572 1510 ’ον
597 1456 667 1510 δὲ
694 1461 727 1513 ό
753 1458 897 1527 Θεὸς
917 1456 1182 1530 ἤγειρεν,
1208 1460 1322 1515 οὐκ
1345 1454 1466 1514 εἶδε
1489 1456 1897 1532 διαφξθ]οριῖν.
1991 1444 1999 1492 ί

2143 1461 2311 1516 Vens.
2359 1461 2454 1516 '57.
2485 1457 2588 1515 Sed
2624 1477 2777 1531 quem
2811 1460 2954 1516 Deus
3008 1463 3358 1525 resuscitavit.
3404 1480 3505 1518 non
3530 1462 3662 1519 vidit

2073 1553 2478 1624 corruptionem.

2144 1644 2387 1700 Joannes
2404 1658 2515 1698 non
2544 1642 2866 1714 simpliciter
2893 1643 3238 1707 testiﬁcatur,
3265 1641 3361 1698 sed
3389 1656 3516 1696 cum
3543 1655 3665 1694 om-

2074 1751 2174 1792 nes
2231 1736 2298 1792 ad
2347 1751 2474 1792 eum
2538 1736 2821 1792 deferrent
2869 1735 3355 1800 existimationem,
3384 1733 3502 1804 ipse
3545 1747 3664 1784 eam

2073 1829 2276 1900 reiicit.
2307 1828 2424 1884 Non
2457 1829 2601 1884 enim
2627 1827 2767 1884 idem
2799 1837 2901 1893 est,
2935 1828 3156 1883 nemine
3185 1828 3367 1892 dante,
3398 1834 3453 1880 et
3483 1823 3670 1880 multis

378 1912 759 1984 παρεχόντων,
791 1913 998 1984 ταύτην
1023 1913 1122 1984 τὴν
1159 1914 1328 1985 τιμὴν
1366 1913 1697 1968 διωθεῖσθαι.
1734 1911 1975 1983 Ἄνδρες

2079 1923 2452 1994 praebentibus
2479 1923 2628 1978 hunc
2662 1923 2927 1977 honorem
2957 1921 3139 1992 respui
3167 1930 3330 1991 atque
3364 1916 3664 1988 repudiari.

376 2001 658 2070 ἀδελφοὶ,
731 2003 850 2058 vlol
909 2002 1130 2074 γένους
1187 2003 1456 2076 Ἀϐραάμ.
1519 2004 1632 2075 Τὴν
1689 2003 1974 2071 εὐγένειαν

379 2091 620 2148 ὲνθαῦθα
675 2093 916 2148 δείκνυσι
975 2092 1074 2165 τὴν
1117 2095 1439 2166 Ἰουδαῖκήν.
1484 2095 1597 2152 Kal
1648 2097 1704 2150 ol
1744 2096 1969 2165 ἄρχον-

381 2199 485 2248 τες
539 2184 740 2241 αὐτῶν
780 2186 994 2243 τοῦτον
1031 2185 1470 2256 ἀγνοήσαντες.
1520 2187 1692 2259 ’Υπὲρ
1744 2185 1970 2240 ἐκείνων

380 2276 734 2348 ἀπολογεῖται
800 2279 1008 2352 ἡρέμα.
1067 2279 1450 2352 Ἐσταύρωσαν
1475 2322 1490 2346 ,
1543 2281 1708 2350 φησὶν
1731 2319 1747 2346 ,
1806 2279 1970 2334 αὐτὸν

346 2372 786 2443 ⁸ιἰγνοήσαντεςο
820 2374 1044 2443 ἀγνοίας
1071 2375 1180 2446 γὰρ
1227 2372 1297 2448 ἦν
1351 2376 1413 2430 τδ
1467 2375 1794 2449 ἁμάρτημα.
1850 2375 1969 2430 Kal

381 2465 681 2535 μηδεμίαν
723 2467 923 2522 αἰτίαν
985 2470 1248 2525 θανάτου
1303 2471 1604 2539 εὑρόντες,
1661 2469 1972 2539 ᾐτήσαντο

385 2559 650 2614 Πιλᾶτον
731 2561 1124 2631 ἀναιρεθῆναι
1202 2565 1410 2619 αὐτόν.
1494 2564 1970 2635 Περισπούδαστον

381 2651 571 2715 αὐτοῖς
591 2650 683 2705 τὸν
712 2654 916 2723 τρόπον
990 2649 1114 2708 εἷπε
1172 2654 1268 2710 τοῦ
1325 2655 1580 2712 θανάτου.
1611 2656 1864 2719 ,Πιλάτον
1917 2655 1974 2710 δὲ

379 2741 465 2805 εἰς
493 2741 660 2812 μέσον
692 2743 974 2815 φέρουσιν,
1021 2743 1112 2798 ἴνα
1137 2745 1232 2798 καὶ
1286 2745 1346 2799 τὸ
1405 2746 1580 2811 πάθος
1647 2746 1804 2818 δῆλον
1874 2748 1969 2817 γέ-

376 2851 541 2904 νηται
607 2834 715 2890 ἀπὸ
785 2835 878 2890 τοῦ
949 2837 1262 2908 κριτηρίου,
1317 2839 1413 2892 καὶ
1477 2837 1566 2892 ἵνα
1613 2838 1811 2894 ἐκεῖνοι
1846 2857 1972 2912 μει-

380 2927 555 2993 ζόνως
583 2928 1024 3000 κατηγορῶνται,
1061 2928 1218 3002 ἀνδρὶ
1267 2929 1604 3001 παραδόντες
1661 2929 1971 3002 ἀλλοφύλῳ.

382 3022 495 3075 Καὶ
531 3020 630 3076 οὐκ
668 3017 846 3090 εἶπεν,
880 3021 1182 3094 Ἐνέτυχον,
1217 3022 1336 3077 ἀλλ’
1397 3023 1758 3096 ’ῌτήσαντο.
1793 3024 1973 3098 Χάριν

383 3113 603 3180 ελαϐον,
636 3113 822 3184 φησὶν,
855 3114 932 3178 ὡς
961 3114 1174 3168 ἐκείνου
1212 3113 1290 3187 μὴ
1325 3115 1593 3180 θέλοντος.
1647 3116 1826 3188 Ὅπερ
1877 3132 1976 3171 σα-

384 3205 650 3275 φέστερον
673 3203 878 3274 Πέτρος
905 3203 1076 3272 λέγει·
1105 3202 1350 3258 Ἐκείνου
1377 3203 1663 3277 κρίναντος
1688 3204 1970 3260 ἀπολύειν.

395 3296 452 3350 ⁸ο
477 3296 547 3350 δὲ
565 3297 710 3362 Θεὸς
732 3295 974 3365 ἤγειρεν
991 3295 1180 3351 αὑτὸν
1195 3297 1265 3350 ἐκ
1289 3295 1540 3365 νεκρῶν.
1565 3296 1656 3368 Μὴ
1673 3297 1972 3368 θορυϐείτω

386 3406 449 3441 σε
466 3389 545 3454 τὸ,
561 3388 655 3444 τὸν
685 3384 896 3460 Ἰησοῦν
947 3387 1251 3460 ἐγηγέρθαι
1275 3387 1384 3442 ὑπὸ
1405 3388 1502 3444 τοῦ
1533 3389 1671 3444 Θεοῦ
1695 3390 1974 3460 λέγεσθαι..

387 3483 451 3534 Ei
484 3480 596 3552 γὰρ
633 3480 842 3551 Ἰησοῦς
869 3480 970 3534 οὐκ
993 3479 1155 3543 ἄλλος
1181 3481 1353 3549 ἐστὶν,
1394 3481 1474 3554 ἢό
1519 3482 1696 3553 Λόγος
1753 3485 1782 3538 ὁ
1842 3500 1978 3555 σαρ-

386 3572 586 3637 κωθείς
618 3585 634 3604 ⁶
703 3567 858 3635 οὗτος
901 3573 959 3626 δὲ
1005 3574 1038 3644 ἡ
1081 3571 1313 3646 δύναμις
1361 3575 1461 3629 τοῦ
1513 3577 1752 3649 Πατρδς,
1800 3575 1870 3631 δι’
1901 3572 1979 3650 ,ἦς

385 3667 607 3722 ἅπαντα
628 3666 846 3738 ἐνεργεῖ
879 3666 1026 3720 κατὰ
1056 3666 1138 3732 τὸ,
1198 3667 1478 3736 Χριστὸς,
1517 3670 1668 3725 Θεοῦ
1720 3669 1976 3740 δύναμις

388 3759 487 3814 καὶ
529 3757 679 3814 Θεοῦ
698 3761 909 3828 σοφία,
939 3751 1105 3824 αὐτὸς
1133 3761 1331 3816 ἑαυτὸν
1362 3762 1723 3816 ἁνεστακέναι
1778 3763 1978 3835 νοηοή-

396 3870 566 3919 σεται,
617 3854 716 3907 καὶ
754 3853 1060 3924 ὲγηγέρθαι
1099 3853 1399 3926 λεγόμενος
1453 3855 1562 3910 ὑπὸ
1614 3855 1708 3910 τοῦ
1735 3855 1974 3926 Πατρός,

400 3943 484 4012 ἐφ’
507 3943 584 4010 ὃν,
615 3945 694 4010 ὡς
725 3945 907 4016 ἀρχὴν
943 3945 1039 3998 καὶ
1084 3944 1269 4000 αἰτίαν
1314 3945 1567 4016 ἄχρονον,
1602 3944 1820 4000 ἅπαντα
1843 3947 1979 4000 ἀνα-

399 4036 638 4108 φέρεται.
675 4036 832 4090 Ἐπεὶ
864 4037 960 4092 καὶ
976 4037 1141 4101 αὑτός
1167 4054 1304 4108 φησι
1331 4053 1346 4067 ·
1406 4037 1648 4092 Λύσατε
1689 4037 1799 4091 τὸν
1825 4037 1978 4092 ναὸν

389 4125 624 4196 τοῦτον,
653 4129 754 4186 καὶ
770 4131 841 4184 ἐν
855 4131 1053 4198 τρισὶν
1083 4129 1332 4200 ἡμέραις
1345 4128 1528 4200 ἐγερῶ
1554 4130 1764 4186 αὐτόν.
1785 4160 1856 4174 -
1872 4132 1978 4196 Ὃς

387 4219 554 4290 ὤφθη
579 4219 706 4288 τοῖς
725 4219 1150 4276 συναναϐᾶσιν
1171 4219 1334 4287 αὐτῷ
1365 4222 1412 4256 ⁸³
1434 4223 1523 4289 εὶς
1557 4221 1978 4292 Ἰερουσαλὴμ,

392 4315 492 4370 ἐπὶ
551 4316 778 4387 ἡμέρας
797 4315 1297 4383 πλείουςβῖτινές
1325 4316 1446 4370 είσι
1467 4314 1772 4386 μάρτυρες
1790 4315 1980 4371 αὐτοῦ

391 4409 539 4477 πρὸς
556 4408 666 4464 τὸν
693 4410 852 4464 λαόν
875 4424 890 4440 ⁸
938 4408 1040 4463 οὐκ
1076 4405 1143 4461 ἂν
1179 4407 1359 4472 ὄντες,
1382 4409 1432 4461 εί
1481 4407 1556 4481 μὴ
1591 4406 1712 4479 θείᾳ
1752 4406 1981 4479 δυνάμει

387 4499 755 4556 ἐϐεϐαιοῦντο.
787 4500 914 4566 Τοῖς
929 4500 1166 4567 τέκνοις
1185 4499 1304 4554 τῶν
1330 4498 1602 4568 πατέρων
1637 4499 1803 4570 ὑμῖν,
1829 4501 1980 4556 ἁνα-

2082 2015 2192 2070 Viri
2223 2017 2435 2086 fratres,
2473 2016 2669 2085 posteri
2713 2014 2918 2085 generis
2957 2013 3269 2067 Abraltami.
3319 2009 3666 2066 Nobilitatem

2077 2107 2134 2162 in
2166 2107 2271 2163 hoc
2296 2107 2438 2174 loco,
2461 2121 2525 2162 ac
2551 2104 3089 2178 generisludazorum
3111 2103 3458 2174 splendorem
3480 2109 3670 2156 osten-

2075 2201 2175 2257 dit.
2201 2201 2271 2256 Et
2299 2200 2563 2270 principes
2593 2217 2772 2254 eorum
2800 2199 2949 2254 illum
2977 2200 3302 2271 ignorantes.
3337 2193 3590 2250 Defendit
3613 2198 3670 2246 et

2075 2291 2440 2350 excusatillos
2460 2291 2646 2362 aliquo
2669 2290 2853 2347 modo.
2877 2289 3300 2356 Cruciﬁxerunt,
3317 2285 3514 2357 inquit,
3539 2298 3666 2339 eum

2077 2387 2398 2459 ignorantes
2430 2385 2682 2452 quisnam
2712 2393 2860 2441 esset
2905 2401 2920 2438 :
2979 2381 3303 2455 ignorantia:
3349 2379 3494 2435 enim
3549 2385 3672 2432 erat

2076 2481 2360 2538 delictum.
2397 2478 2466 2534 Et
2491 2477 2640 2550 nulla
2669 2493 2832 2532 causa
2863 2477 3044 2531 mortis
3075 2477 3310 2537 inventa.
3347 2472 3608 2544 petierunt
3635 2487 3670 2523 a

2075 2574 2279 2638 Pilato,
2302 2581 2360 2628 ut
2388 2571 2680 2626 tolleretur.
2696 2568 3006 2640 Expetitum
3038 2567 3108 2622 ab
3127 2565 3233 2620 illis
3262 2563 3485 2619 modum
3514 2577 3672 2616 mor-

2079 2667 2148 2724 tis
2177 2680 2299 2722 esse
2331 2665 2482 2721 dicit.
2514 2663 2745 2720 Pilatum
2772 2669 2955 2716 autem
2981 2659 3035 2714 in
3067 2658 3308 2713 medium
3339 2655 3670 2724 producunt,

2077 2769 2141 2814 ut
2177 2767 2233 2814 et
2267 2757 2596 2828 supplicium
2635 2755 2806 2810 aloco
2854 2752 3054 2824 judicii|
3087 2751 3435 2806 manifestum
3487 2747 3670 2810 ﬁeret,

2075 2858 2131 2906 et
2153 2848 2227 2904 illi
2259 2847 2641 2904 vehementius
2663 2851 3074 2908 accusarentur,
3089 2841 3180 2912 qui
3205 2839 3322 2894 viro
3353 2837 3672 2909 alienigenae

2079 2943 2362 3001 Christum
2396 2940 2770 2996 tradidissent.
2799 2939 2868 2993 Et
2895 2952 3006 2991 non
3033 2934 3190 3000 dixit,
3227 2931 3670 2994 Postulaverunt,

2077 3034 2175 3090 sed
2206 3033 2489 3104 petierunt.
2531 3029 2719 3085 Gratia
2753 3027 3209 3096 impetraverunt,
3247 3021 3446 3090 inquit,
3480 3027 3672 3089 utpote

2078 3126 2174 3182 illo
2219 3125 2466 3180 nolente.
2501 3121 2659 3188 Quod
2708 3121 2903 3176 Petrus
2935 3117 3176 3189 apertius
3197 3115 3333 3171 dicit
3364 3131 3380 3168 :
3411 3113 3547 3168 Cum
3581 3111 3684 3166 ille-

2079 3217 2361 3274 statuisset
2392 3230 2518 3271 eum
2547 3213 2837 3270 absolvere
2887 3226 2950 3267 ac
2980 3210 3274 3265 dimittere.
3312 3207 3450 3261 Deus
3490 3214 3670 3258 autem

2080 3327 2200 3367 eum
2235 3309 2510 3364 suscitavit
2558 3323 2593 3361 a
2638 3305 2881 3360 mortuis.
2918 3300 2998 3358 Ne
3035 3310 3088 3356 te
3125 3307 3341 3355 moveat
3366 3311 3430 3351 ac
3465 3294 3668 3356 turbet,

2079 3403 2225 3475 quod
2256 3401 2418 3457 Jesus
2443 3397 2647 3455 dicitur
2674 3397 2974 3453 suscitatus
3013 3407 3134 3449 esse
3174 3405 3206 3446 a
3256 3390 3392 3445 Deo.
3435 3385 3572 3441 Nam
3621 3385 3670 3438 si

2077 3495 2239 3552 Jesus
2260 3509 2371 3550 non
2400 3492 2540 3548 alius
2559 3499 2643 3546 est
2671 3499 2836 3562 atque
2854 3486 3094 3544 Verbum
3119 3485 3484 3542 incarnatum,
3509 3488 3674 3548 atque.

2079 3589 2186 3645 hoc
2229 3584 2477 3659 potentia
2522 3582 2702 3640 Patris
2735 3589 2841 3647 est,
2883 3593 2990 3650 qua
3035 3577 3220 3632 omnia
3279 3573 3440 3644 110
3485 3571 3673 3634 eilicit,

2078 3683 2223 3739 sicut
2266 3680 2473 3737 dictum
2510 3683 2595 3732 est
2634 3674 2768 3730 illud
2808 3689 2823 3727 :
2876 3671 3113 3728 Christus
3147 3668 3246 3723 Dei
3283 3666 3518 3736 potentia
3545 3705 3559 3728 ,
3609 3679 3675 3716 ac

2076 3774 2176 3829 Dei
2225 3773 2514 3843 sapientia,
2551 3766 2846 3836 semetipse
2888 3763 3246 3818 resuscitasse
3293 3757 3670 3828 intelligetur,

2079 3865 2290 3924 etiamsi
2325 3880 2354 3919 a
2386 3863 2547 3919 Patre
2573 3860 2936 3917 resuscitatus
2965 3871 3086 3912 esse
3119 3855 3354 3918 dicatur,
3389 3851 3455 3906 ad
3485 3864 3671 3920 quem,

2078 3968 2337 4030 tanquam
2355 3954 2686 4028 principium
2714 3962 2770 4009 et
2804 3966 3029 4007 causam
3066 3945 3329 4018 temporis
3365 3952 3674 4014 expertem,

2081 4051 2268 4109 omnia
2295 4049 2631 4105 referuntur.
2673 4043 2944 4112 Quoniam
2987 4051 3044 4098 et
3082 4041 3200 4112 ipse
3230 4040 3306 4094 ait
3352 4055 3366 4092 :
3411 4037 3676 4092 Destruite

2081 4141 2337 4214 templum
2360 4142 2474 4206 hoc,
2498 4147 2548 4194 et
2577 4140 2633 4193 in
2659 4139 2823 4194 tribus
2846 4136 3027 4191 diebus
3048 4134 3284 4204 excitabo
3302 4132 3455 4188 illud.
3482 4160 3549 4172 —-
3570 4128 3675 4194 Qui

2081 4237 2225 4292 uisus
2267 4243 2343 4290 est
2394 4235 2506 4290 dies
2555 4233 2851 4302 complures
2900 4231 2965 4285 ab
3023 4229 3123 4296 Itis,
3177 4227 3269 4288 qui
3315 4241 3421 4280 una
3457 4238 3578 4278 cum
3616 4238 3676 4276 eo

2083 4329 2434 4384 ascenderant
2478 4327 2536 4381 in
2573 4323 2904 4391 Jerusalem,
2944 4322 3034 4394 qui
3084 4329 3206 4376 sunt
3241 4318 3290 4374 ei
3339 4325 3492 4374 testes
3535 4317 3680 4386 apud

2085 4423 2307 4494 plebem.
2333 4420 2490 4488 Quod
2522 4435 2637 4475 non
2667 4427 2880 4482 essent,
2915 4415 3024 4472 nisi
3049 4415 3232 4470 divina
3270 4411 3518 4483 potentia
3547 4424 3682 4465 con-

2087 4515 2460 4572 ﬁrmarentur.
2490 4512 2646 4567 Vobis
2677 4509 2896 4582 posteris
2920 4516 3156 4574 patrum,
3186 4505 3497 4558 resuscitato
3526 4501 3676 4556 Jesu.

384 4593 626 4661 στήσας
675 4593 934 4664 Ἰησοῦν.
987 4593 1062 4647 Τδ
1103 4592 1348 4662 Ἰησοῦς
1384 4592 1558 4666 ὄνομα
1607 4594 1702 4647 ἐπὶ
1743 4592 1840 4648 τοῦ
1889 4595 1975 4650 ἀν-

2085 4611 2297 4667 Nomen
2358 4605 2515 4661 Jesus
2591 4603 2660 4658 de
2715 4599 2941 4657 homine
3003 4595 3279 4666 accipiunt
3338 4592 3677 4649 deicidarum

386 4685 609 4759 θρώπου
647 4687 1092 4760 ὲκλαμὸάνουσιν
1121 4688 1173 4742 οἱ
1231 4688 1340 4743 τῶν
1390 4681 1693 4743 θεοκτόνων
1735 4687 1976 4758 ἀδελφοί.

397 4778 616 4852 Ἐπειδὴ
641 4779 736 4834 οὖν
758 4779 1054 4852 προλαϐὼν
1088 4776 1212 4835 εἶπε
1257 4781 1538 4836 τεθεῖσθαι
1569 4781 1663 4837 τὸν
1713 4782 1886 4852 Λόγον
1918 4784 1978 4837 ἐν

385 4870 660 4942 μνημείῳ,
693 4871 779 4925 ἵνα
804 4872 879 4943 μή
908 4889 996 4937 τις
1023 4872 1270 4945 ὑπολάϐῃ
1283 4872 1527 4946 ἄσαρκον
1556 4876 1723 4930 αὐτὸν
1755 4876 1977 4948 εἰρηκει-

380 4980 473 5017 ναι
501 4962 594 5017 τὸν
619 4963 818 5033 Λόγον,
853 4963 1022 5019 πάλιν
1051 4965 1215 5020 αὑτὸν
1246 4965 1464 5038 Ἰησοῦν
1492 4967 1676 5037 καλεῖ,
1730 4966 1972 5040 οὐδαμοῦ

381 5058 654 5130 διαίρεσιν
709 5059 892 5123 διδοὺς
941 5059 1021 5131 τῷ
1083 5062 1422 5133 σαρκωθέντι
1473 5063 1634 5136 Λόγῳ
1680 5063 1821 5136 μετὰ
1875 5063 1977 5135 τὴν

380 5149 599 5204 ἕνωσιν.
635 5152 772 5219 Υίός
792 5170 916 5223 μου
956 5148 1019 5208 εἴ
1037 5153 1156 5210 σύο
1176 5155 1293 5226 ἐγὼ
1325 5155 1598 5227 σήμερον
1630 5155 1976 5228 γεγέννηκά

381 5255 480 5298 σε.
515 5241 703 5297 Ταῦτα
749 5246 820 5316 τῇ
873 5244 1290 5318 ἑνανθρωπήσει
1331 5246 1427 5300 τοῦ
1478 5245 1722 5318 Χριστοῦ
1782 5247 1976 5302 σκόπει

387 5331 560 5403 δήπου
584 5333 652 5387 τὰ
678 5333 926 5406 ῥήματα,
942 5334 1066 5406 ἥτις
1080 5335 1341 5409 χρονικὴν
1357 5332 1471 5410 εἷχε
1485 5337 1586 5408 τὴν
1605 5337 1974 5410 ὲπιφοίτησιν.

388 5426 467 5482 Τὸ
497 5426 607 5498 γὰρ
635 5430 877 5500 σήμερον
909 5429 1005 5485 καὶ
1029 5428 1242 5503 αὔριον,
1269 5431 1499 5502 ἡμερῶν
1521 5433 1641 5485 ἐστὶ
1689 5449 1980 5503 παραστα-

383 5519 530 5573 τικά.
573 5519 847 5595 ’ᾼχρόνως
879 5520 990 5592 γὰρ
1021 5521 1175 5594 παρὰ
1203 5521 1300 5576 τοῦ
1330 5523 1568 5595 Πατρὸς,
1607 5521 1686 5588 ὡς
1717 5523 1814 5577 καὶ
1847 5525 1975 5578 παῖ·-

385 5615 468 5676 is;
527 5611 823 5685 αἰρετικῶν
875 5612 1200 5686 ὁμολογοῦσι
1229 5654 1247 5682 ,
1303 5616 1567 5672 τίκτεται.
1633 5617 1715 5671 Οὐ
1757 5614 1975 5682 δώσεις

2083 4703 2318 4759 fratres.
2373 4697 2648 4766 Quoniam
2708 4695 2873 4766 igitur
2940 4705 3108 4761 supra
3161 4689 3378 4744 dixerat
3433 4685 3676 4741 Verbum

2081 4793 2324 4866 positum
2367 4790 2541 4868 fuisse
2583 4789 2641 4842 in
2684 4791 3066 4848 monumento,
3105 4796 3177 4836 ne
3211 4779 3335 4850 quis
3369 4777 3678 4850 suspicetur
3741 4847 3744 4851 ι

2079 4883 2234 4939 illum
2280 4879 2486 4937 dixisse
2534 4876 2778 4933 Verbum
2811 4888 2979 4930 carne
3020 4872 3264 4928 caruisse
3287 4913 3302 4937 ,
3328 4883 3519 4925 rursus
3547 4883 3676 4924 eum

2079 4982 2241 5034 vocat
2288 4972 2479 5028 Jesum
2513 4987 2528 5025 :
2564 4982 2837 5038 nusquam
2883 4964 3144 5020 nimirum
3183 4961 3511 5020 divisionem
3538 4960 3676 5016 dans

2081 5069 2371 5125 incarnato
2393 5063 2580 5119 Verbo
2608 5069 2733 5134 post
2758 5058 3086 5115 unitionem.
3116 5055 3288 5112 Filius
3317 5071 3462 5110 meus
3490 5071 3543 5108 es
3573 5061 3631 5106 tu
3656 5069 3676 5109 :

2083 5175 2175 5230 ego
2208 5157 2361 5212 hodie
2386 5153 2542 5227 genui
2571 5160 2641 5207 te.
2665 5149 2794 5207 Haec
2827 5148 2997 5205 verba
3018 5145 3280 5202 nimirum
3310 5139 3675 5200 incarnationi

2085 5249 2290 5305 Christi
2322 5247 2584 5311 attribue,
2626 5242 2722 5314 qui
2753 5241 3074 5298 incarnatus
3109 5237 3464 5308 temporalem
3486 5233 3677 5289 habuit

2087 5342 2408 5398 adventum.
2457 5337 2598 5393 Nam
2630 5333 2816 5401 hodie,
2861 5341 2920 5389 et
2960 5347 3105 5396 cras,
3143 5329 3358 5384 dierum
3389 5327 3676 5382 continent

2087 5431 2566 5506 signiﬁcationem.
2595 5429 2731 5484 Nam
2757 5427 2964 5496 absque
2997 5431 3244 5492 tempore
3269 5436 3300 5476 a
3336 5419 3496 5475 Patre
3514 5419 3674 5489 geni-

2084 5539 2174 5581 tus
2198 5534 2304 5591 est,
2348 5531 2410 5578 ut
2434 5521 2602 5578 etiam
2624 5518 2871 5577 haeretici
2899 5515 3258 5573 conﬁtentur.
3297 5513 3419 5570 Non
3449 5512 3675 5583 permit-

2085 5627 2178 5682 tes,
2227 5625 2285 5671 ιιι
2325 5616 2542 5669 sanctus
2574 5621 2696 5667 tuus
2735 5611 2911 5667 videat
2952 5605 3362 5677 corruptionem.
3411 5601 3676 5661 Mentitur

1587 5753 1786 5816 Varie:
1829 5753 2144 5819 lectiones
2188 5756 2251 5815 et
2293 5756 2488 5816 notat.

452 5899 496 5930 ⁸¹
523 5897 775 5970 Μάλλιον,
822 5909 901 5958 est
929 5901 985 5958 in
1018 5902 1414 5974 manuscripto:
1452 5905 1542 5959 sed
1569 5903 1726 5968 ntale,
1766 5903 1974 5972 opinor.

2079 5901 2098 5935 ³
2119 5897 2385 5955 ἀναϐᾶσιν
2401 5892 2604 5964 αὐτὸν,
2633 5905 2784 5950 erat.
