4114 6434
368 389 478 452 70')

1096 379 1506 444 EXPOSITIO
1534 378 1620 442 ΙΝ
1647 377 1838 439 ACTA
1862 375 2439 438 APOSTOLORUM.
2477 401 2547 410 —
2590 377 2749 438 CAP.
2792 379 2950 443 XIV.

3533 384 3637 450 710

373 500 588 562 Παῦλος
618 495 715 552 καὶ
755 491 934 559 εἶπεν,
970 495 1061 549 Ἐν
1103 497 1182 568 τῷ
1231 486 1462 566 ὅνᾶματι
1515 493 1695 565 Ἰησοῦ
1743 491 1954 566 ἔγειραι

2057 487 2270 558 decepti
2290 487 2508 543 fuerunt
2543 489 2597 542 in
2634 472 2879 545 Barnaba
2907 499 2962 545 et
2983 489 3168 548 Paulo.
3197 489 3478 550 Simonem
3506 495 3635 554 item

373 593 472 647 καὶ
502 589 663 662 στῆθι
709 589 909 662 ὀρθῶς,
962 589 1051 644 διὰ
1087 588 1245 641 τοῦτο
1295 586 1570 640 ὑπέλαϐον
1623 586 1788 639 αὑτὸν
1832 583 1954 638 θεὸν

373 680 535 749 εἶναι,
552 683 647 737 καὶ
663 682 988 736 οὑ-διὰκονον
1006 680 1165 734 Θεοῦ.
1189 711 1249 719 --
1266 677 1696 750 [ΚΥΡΙΛΛΟΥ.]
1712 675 1956 746 happil-

374 774 591 837 ξίν-’τες
638 773 709 826 τὰ
760 771 958 840 ἱμάτια
1004 771 1222 824 αὐτῶν.
1263 771 1425 834 Ἐοος
1457 765 1526 841 ἦν
1561 768 1840 832 Ἰουδαίοις
1861 768 1956 822 ἐπὶ

371 870 496 930 ταῖς
523 870 663 924 κατὰ
722 870 860 924 Θεοῦ
899 870 1240 942 δυσφημίαις
1270 867 1708 940 περιῤῥηγνύναι
1735 867 1804 920 τὰ
1827 865 1956 937 ἱμά-

372 976 487 1013 τια.
516 959 628 1014 Καὶ
651 960 784 1028 γοῦν
812 965 840 1016 ὁ
871 963 1148 1032 Καϊάφας,
1183 961 1309 1014 Υἱὸν
1346 961 1538 1014 ἑαυτὸν
1574 960 1668 1014 τοῦ
1697 959 1833 1013 Θεοῦ
1862 959 1955 1012 λέ-

372 1067 566 1118 γοντος
592 1051 686 1104 τοῦ
719 1052 980 1120 Χριστοῦ,
1008 1051 1340 1124 περιὲῤῥηξε
1376 1053 1474 1118 τὴν
1520 1052 1726 1122 ἐσθῆτα
1755 1050 1951 1120 λέγων,

372 1139 459 1192 ὅτι
492 1138 968 1211 Ἐΰλασφήμησεν.
1005 1142 1222 1212 Ἐπειδὴ
1252 1141 1345 1196 οὖν
1371 1142 1430 1196 τὸ
1449 1141 1723 1214 δρώμενον
1752 1143 1956 1214 δυσφη-

375 1233 479 1300 μία
505 1249 589 1295 τις
609 1227 698 1302 ἦν,
735 1232 1000 1301 ἐποίησαν
1027 1235 1186 1289 τοῦτο
1208 1237 1303 1289 καὶ
1335 1237 1385 1289 οἱ
1433 1235 1743 1299 ἀπόστολοι,
1775 1253 1956 1308 παρα-

369 1323 591 1376 δόσεσιν
631 1325 950 1404 Ἰουδαῖκαῖς
979 1327 1058 1380 ἔτι
1101 1326 1548 1392 ἀκολουθοῦντες.
1593 1327 1954 1399 Διαὸἐὸληται

369 1416 430 1469 δὲ
475 1418 537 1469 τδ
582 1415 724 1482 ἔθος,
749 1417 824 1480 ὡς
852 1419 950 1471 οὐκ
975 1417 1035 1472 ὃν
1063 1421 1129 1473 ὲκ
1163 1419 1352 1490 νόμου.
1386 1420 1497 1474 Καὶ
1519 1420 1653 1489 γοῦν
1678 1418 1783 1490 ἔφη
1815 1421 1954 1490 πρὸς

386 1504 680 1567 Ἰουδαίους
701 1507 729 1559 ὁ
758 1505 890 1570 Θεὸς
932 1509 1344 1579 πραττομένους
1384 1509 1562 1564 τοιάδε
1583 1525 1597 1540 ο
1645 1509 1950 1579 Ἐπιστρέο

371 1597 610 1663 ψαντες
648 1596 798 1666 πρὸς
819 1597 895 1668 μὲ
916 1599 986 1664 ἐξ
1025 1599 1176 1667 ὅλης
1221 1600 1333 1670 τῆς
1379 1601 1629 1671 καρδίας
1678 1601 1847 1672 ὑμῶν
1884 1603 1954 1657 ἐν

373 1689 629 1755 νηστεία
656 1688 756 1743 καὶ
776 1691 1158 1762 ἐνκλαυθμῶ,
1183 1693 1279 1748 καὶ
1304 1693 1661 1763 διαρῤήξίιτε
1685 1694 1789 1761 τὰς
1813 1711 1953 1763 acap-

371 1779 512 1846 δίας
565 1779 751 1850 ὑμῶν,
814 1783 912 1837 καὶ
935 1783 1020 1854 μὴ
1055 1783 1128 1838 τὰ
1171 1785 1371 1855 ἱμάτια
1422 1785 1612 1856 ὑμῶν.
1640 1817 1709 1827 -
1741 1788 1846 1853 Ὃς
1883 1789 1954 1841 ἐν

2056 582 2296 652 Magum,
2321 581 2413 651 qui
2437 581 2734 636 Samariam
2754 583 3086 650 incolebant,
3104 584 3363 642 dicebant
3391 603 3510 644 esse
3543 605 3640 660 po-

2055 674 2279 726 tentiam
2304 672 2392 726 Dei
2410 688 2692 744 magnam.
2718 674 2886 730 Porro
2908 676 3167 744 quoniam
3184 677 3383 734 Paulus
3407 695 3516 735 non
3541 696 3614 735 no

2055 764 2363 820 minaverat
2395 765 2610 831 Jcsum,
2645 782 2826 836 neque
2856 766 3066 821 dixerat
3100 784 3114 821 :
3141 766 3200 823 In
3227 769 3452 824 nomine
3505 770 3638 826 Jesu

2054 874 2238 928 surge,
2271 867 2328 914 et
2381 869 2462 913 sta
2503 868 2684 914 rectus
2722 878 2735 913 :
2785 859 2990 914 idcirco
3052 854 3471 931 suspicaban’tur
3512 880 3638 918 cum

2055 967 2174 1008 esse
2226 952 2410 1018 deum,
2456 964 2511 1008 et
2555 970 2666 1008 non
2721 954 3032 1009 ministrum
3073 955 3282 1010 Dei.-—
3319 955 3511 1011 Scissis
3551 973 3636 1012 ve-

2053 1047 2316 1100 stimentis
2341 1048 2468 1101 suis.
2490 1047 2605 1102 Mos
2630 1060 2748 1102 erat
2771 1047 2999 1112 Judaeis,
3041 1049 3084 1104 si
3103 1049 3320 1119 quando
3340 1051 3468 1120 quid
3501 1051 3638 1104 sini-

2054 1140 2151 1195 stri
2185 1147 2238 1193 et
2277 1137 2496 1192 absurdi
2537 1140 2604 1194 de
2638 1139 2747 1195 Deo
2780 1140 3073 1202 diceretur.
3115 1141 3426 1196 discindere
3470 1143 3639 1197 vesti-

2053 1228 2470 1298 mentaJtaque
2496 1228 2783 1302 Caiaphas,
2821 1231 3014 1286 Filium
3051 1230 3144 1286 Dei
3173 1247 3232 1287 se
3269 1247 3390 1287 esse
3421 1233 3638 1288 dicente

2055 1318 2296 1386 Christo,
2324 1322 2591 1376 conscidit
2621 1323 2724 1377 sibi
2751 1333 2981 1388 vestem,
3015 1324 3202 1379 dicens
3231 1341 3245 1379 :
3285 1325 3639 1395 Blasphema—

2055 1413 2154 1472 vit.
2204 1414 2308 1468 hoc
2338 1423 2418 1468 est
2447 1414 2684 1468 divinam
2711 1416 3049 1481 maiestatem
3089 1417 3256 1472 verbo
3291 1417 3446 1472 laesit.
3485 1417 3636 1483 Quo-

2056 1503 2202 1556 niam
2231 1503 2398 1574 igitur
2437 1503 2516 1567 id,
2540 1505 2699 1575 116
2727 1505 2870 1574 quod
2906 1506 3189 1575 agebatur,
3227 1506 3428 1559 malum
3461 1507 3637 1576 (ιιιοιΙ-

2055 1595 2180 1650 dam
2220 1611 2382 1650 omen
2412 1605 2548 1657 erat.
2569 1595 2818 1651 iecerunt
2865 1597 2969 1652 hoc
2999 1597 3160 1651 etiam
3188 1597 3439 1667 apostoli,
3473 1599 3639 1652 tradi-

2057 1689 2232 1745 tiones
2256 1696 2311 1744 ct
2331 1689 2576 1744 instituta
2599 1687 2822 1744 Judaica
2859 1691 3020 1745 etiam
3055 1706 3202 1745 nunc
3239 1701 3530 1760 sequentes
3557 1703 3640 1745 at-

2053 1795 2161 1851 que
2174 1791 2476 1835 servantes.
2499 1779 2848 1850 Reprehensa
2867 1791 2949 1837 est
2978 1791 3158 1837 autem
3181 1799 3243 1838 ea
3272 1783 3635 1848 consuetudo,

373 1872 507 1937 ταῖς
543 1873 1000 1944 παρῳχημέναις
1027 1877 1259 1946 γενεαῖς
1291 1878 1463 1932 εἴασε
1491 1877 1688 1932 πάντα
1717 1877 1788 1932 τὰ
1803 1878 1949 1947 ἔθνη

2054 1881 2114 1926 ut
2141 1886 2263 1941 qua:
2302 1887 2412 1927 non
2435 1882 2582 1928 esset
2613 1873 2730 1943 lege
2758 1873 2991 1929 Mosaica
3012 1877 3239 1929 sancita.
3274 1875 3460 1944 Itaque
3491 1875 3638 1929 Deus

367 1962 736 2030 πορεύεσθαι
783 1964 908 2031 τοῖς
949 1964 1170 2033 όδοῖς¹³
1217 1967 1436 2023 αὐτῶν.
1467 1999 1538 2008 -
1583 1964 1768 2023 Eluas
1829 1969 1950 2038 μὲν,

372 2049 500 2107 εἷπε
521 2070 535 2085 ·
563 2053 708 2108 διατὶ
733 2055 808 2122 δὲ,
839 2057 1021 2111 οὐκέτι
1053 2057 1186 2128 φησι
1207 2075 1221 2090 ο
1263 2060 1400 2123 τέως
1433 2061 1542 2131 γὰρ
1573 2061 1708 2132 πρὸς
1734 2061 1794 2114 τὸ
1820 2078 1950 2115 κατ-

371 2147 599 2212 επεῖγον
629 2145 870 2211 ἵσταται,
906 2147 998 2200 καὶ
1029 2147 1270 2218 οὐδαμοῦ
1302 2149 1364 2202 τὸ
1387 2149 1557 2220 ὄνομα
1585 2151 1678 2204 τοῦ
1709 2151 1949 2221 Χριστοῦ

371 2234 568 2296 τιθείς.
587 2232 697 2288 Καὶ
721 2235 828 2305 γὰρ
845 2236 889 2268 ¹⁴
909 2239 1021 2292 οὐκ
1047 2238 1395 2310 ἀμάρτυρον
1413 2240 1635 2295 ἑαυτόν
1661 2239 1895 2311 ἀφῆκεν
1920 2241 1949 2295 ὁ

369 2326 509 2390 Θεὸς
539 2328 595 2380 ὲν
624 2328 832 2402 ἑκάστῃ
892 2331 1061 2403 γενεᾷ
1085 2334 1154 2385 τὰ
1182 2331 1523 2404 ποδηγοῦντα
1568 2334 1694 2398 τοὺς
1738 2333 1952 2405 ἀνθρώ-

383 2435 516 2483 πους
559 2422 637 2484 εἰς
659 2421 1014 2493 δικαιοσύνην
1040 2425 1329 2481 ἐπιτελῶν.
1365 2426 1439 2478 Τὸ
1466 2425 1574 2498 γὰρ
1601 2425 1953 2490 αὐτεξούσιον

375 2510 442 2563 οὐ
479 2509 822 2584 βιαζόμενος,
853 2517 1004 2569 εἴασε
1023 2515 1234 2580 πάντας
1261 2515 1584 2588 ἀνθρώπους
1615 2519 1951 2590 πορεύεσθαι

375 2597 520 2650 κατὰ
542 2597 606 2652 τό
641 2615 796 2667 σφισι
825 2601 1050 2656 δοκοῦν·
1098 2604 1262 2669 αὐτὸς
1307 2605 1366 2658 δὲ
1421 2607 1604 2660 ἐκεῖνα
1657 2607 1952 2674 διαπαντὸς

372 2689 622 2760 ἐνήργει,
663 2684 740 2746 τιὰ
757 2692 825 2745 δι’
847 2686 924 2747 ὧν
954 2694 1080 2764 ἐνῆν
1121 2694 1377 2764 λογικοὺς
1420 2697 1582 2762 ὄντας
1608 2698 1830 2766 αὐτοὺς,
1853 2701 1947 2755 τὸν

370 2781 718 2852 Δημιουργδν
746 2784 970 2839 ἐννοεῖν.
1027 2787 1326 2859 Μάρτυρας
1358 2787 1416 2843 δὲ
1441 2789 1608 2844 αὐτοῦ
1628 2789 1798 2860 λέγει,
1823 2791 1953 2858 τοὺς

372 2871 740 2936 ἑνιαυσιαίους
755 2873 964 2939 ὑετούς.

2054 1965 2122 2020 ad
2150 1965 2368 2021 Judaeos
2398 1965 2522 2021 talia
2549 1966 2814 2022 facientes
2836 1985 2848 2022 :
2873 1967 3168 2024 Convertite
3189 1985 3298 2030 vos,
3334 1968 3634 2038 inquiebat,

2053 2059 2126 2112 ad
2161 2074 2241 2112 me
2263 2073 2328 2112 ea:
2349 2066 2456 2112 toto
2485 2059 2637 2113 corde
2658 2070 2826 2114 vestro
2864 2061 2918 2113 in
2939 2059 3150 2129 jeiunio
3173 2070 3222 2114 et
3254 2061 3405 2128 ﬂetu,
3442 2076 3507 2112 ac
3530 2061 3639 2113 dis-

2053 2151 2246 2204 cindite
2275 2152 2435 2204 corda
2465 2160 2661 2215 vestra,
2689 2160 2739 2205 et
2772 2167 2876 2205 non
2906 2153 3215 2206 vestimenta
3275 2163 3444 2206 vestra
3473 2152 3536 2204 “.
3565 2182 3636 2192 -—

2051 2233 2160 2308 Qui
2182 2242 2711 2314 pra'teritisaztatibus
2727 2244 2845 2297 sivit
2862 2259 3042 2298 omnes
3065 2245 3304 2298 nationes
3324 2242 3527 2313 ingredi
3541 2244 3634 2296 viis

2056 2335 2186 2388 suis.
2214 2361 2283 2374 -—
2303 2333 2438 2389 Sivit
2457 2333 2677 2405 quidem
2703 2335 2868 2390 dixit:
2893 2335 2989 2390 sed
3019 2350 3136 2400 cur,
3164 2351 3271 2389 non
3290 2337 3472 2398 etiam,
3495 2334 3636 2405 adji-

2056 2425 2171 2480 cit?
2213 2441 2342 2480 nam
2373 2437 2502 2481 tunc
2539 2426 2594 2480 in
2623 2427 2701 2492 id,
2731 2427 2874 2497 quod
2907 2427 3136 2499 urgebat
3183 2442 3248 2482 ac
3279 2427 3488 2482 differri
3533 2443 3636 2480 no-

2054 2517 2225 2584 lebat,
2261 2519 2635 2583 incumbebat,
2682 2525 2960 2590 nusquam
2981 2520 3146 2574 etiam
3178 2535 3378 2574 nomen
3429 2519 3634 2574 Christi

2056 2627 2294 2682 ponens.
2323 2610 2648 2681 Quanquam
2686 2615 2790 2666 non
2820 2627 2950 2666 sane
2981 2614 3260 2668 testimonii
3294 2615 3634 2684 semetipsum

2059 2710 2324 2774 expertem
2370 2719 2482 2757 esse
2515 2718 2706 2773 passus
2734 2711 2834 2767 est,
2871 2702 2924 2755 in
2958 2716 3282 2772 unaquaque
3324 2713 3483 2758 aetate
3516 2703 3636 2758 eili-

2059 2794 2212 2848 ciens
2243 2807 2307 2848 ac
2340 2802 2607 2862 praestans
2637 2807 2722 2855 ea,
2765 2793 2964 2863 quibus
2993 2794 3243 2849 homines
3272 2793 3337 2848 ad
3366 2793 3632 2864 justitiam

2062 2883 2429 2940 deducuntur.
2477 2882 2612 2939 Nam
2661 2884 2836 2940 libero
2873 2884 3122 2952 arbitrio,
3154 2899 3219 2940 ac
3249 2885 3335 2940 sui
3370 2887 3635 2958 cujusque

373 2967 635 3038 potestati
673 2968 783 3053 vim
837 2985 948 3026 non
992 2971 1249 3040 aﬂ‘erens,
1294 2973 1422 3030 sivit
1474 2988 1665 3030 omnes
1698 2975 1950 3032 homines
1985 2977 2191 3050 ingredi
2232 2988 2395 3049 atque
2430 2978 2674 3044 versari,
2747 2988 2910 3050 prout
2959 2980 3064 3034 illis
3108 2979 3399 3037 videbatur
3471 2992 3635 3053 atque

372 3060 626 3130 placebat
663 3076 677 3114 :
713 3048 810 3118 sed
858 3064 976 3135 ipse
1027 3081 1245 3138 semper
1311 3066 1546 3124 faciebat
1619 3069 1735 3136 illa,
1777 3086 1875 3141 per
1906 3086 2027 3141 qua:
2052 3048 2574 3143 ipoterantipsi,qui
2601 3048 2814 3128 ratione
2835 3071 3047 3144 praediti
3071 3078 3281 3138 essent,
3303 3048 3636 3144 cognoscere

370 3151 713 3207 Creatorem.
773 3153 988 3210 Pluvias
1040 3156 1185 3212 enim
1231 3158 1633 3216 anniversarias
1683 3169 1848 3215 testes
1887 3161 2030 3217 illius
2050 3177 2171 3218 esse
2194 3161 2345 3217 dicit.
3377 3173 3382 3178 ‘

461 3243 772 3315 Ἐπῆλθονη
792 3245 861 3300 δὲ
881 3248 999 3303 ἀπὸ
1023 3249 1393 3318 Ἀντιοχείας
1418 3251 1785 3321 καὶ-Ἰκονίου
1811 3253 1952 3309 Ἰου-

2134 3254 2296 3310 Vens.
2341 3254 2428 3310 19.
2463 3243 2794 3311 Ᾰάυεηενιιηι
2827 3266 3006 3310 autem
3035 3256 3102 3311 ab
3122 3258 3407 3313 Antiochia
3434 3271 3481 3314 et
3519 3261 3634 3315 Ico-

372 3337 553 3402 δαῖοι,
605 3338 705 3392 καὶ
751 3340 1066 3406 πείσαντες
1098 3341 1241 3409 τοὺς
1264 3342 1507 3410 ὄχλους,
1542 3343 1641 3397 καὶ
1665 3345 1948 3400 λιθάσανο

373 3447 477 3496 τες
495 3430 604 3484 τὸν
649 3431 894 3486 Παῦλον
947 3435 1176 3502 ἔσυρον
1205 3434 1322 3499 ἐξω
1350 3434 1458 3505 τῆς
1500 3436 1754 3504 πόλεως,
1790 3437 1954 3508 νομί-

370 3539 598 3589 σαντες
625 3525 814 3578 αὑτὸν
833 3524 1113 3581 τεθνάναι
1134 3529 1196 3581 ι’.

447 3616 904 3671 κυκλωσάντων
937 3616 1006 3670 δὲ
1051 3618 1212 3684 αὐτῷ
1233 3619 1278 3651 ¹⁸
1307 3617 1431 3673 τῶν
1446 3619 1752 3689 μαθητῶν,
1812 3621 1954 3676 ἀνα-

376 3706 542 3774 στὰς
591 3707 880 3776 εἰσῆλθεν
919 3710 1009 3773 εἰς
1053 3709 1170 3777 τὴν
1219 3712 1422 3766 πόλιν.
1481 3711 1592 3767 Καὶ
1649 3710 1726 3781 τῇ
1775 3712 1957 3767 exau-

377 3816 532 3868 ριον,
554 3798 802 3868 εἰσῆλθε
823 3801 867 3832 ’⁷
893 3801 1016 3854 σὺν
1039 3799 1120 3867 τῷ
1140 3803 1414 3872 Βαρνάϐᾳ
1440 3805 1528 3871 εις
1565 3806 1809 3874 Δέρϐην.

457 3890 1005 3968 Εὑαγγελισάμενοι
1048 3908 1114 3946 τε
1139 3890 1256 3960 τὴν
1302 3894 1484 3947 πόλιν
1535 3892 1803 3959 ἐκείνην,
1852 3893 1953 3947 καὶ

387 3984 868 4050 μαθητεύσαντες
909 3984 1134 4053 ὄχλους
1152 3984 1195 4016 ¹⁸
1249 3987 1516 4051 ἱκανοὺς,
1565 3985 1954 4054 ὑπέστρεψαν

381 4075 474 4140 εἰς
499 4072 607 4142 τὴν
639 4075 920 4143 Λύστραν
967 4074 1067 4129 καὶ
1118 4075 1376 4129 Ἰκόνιον
1411 4073 1513 4131 και
1558 4075 1980 4145 Ἀντιόχειαν,

2055 3349 2143 3402 nio
2163 3347 2356 3414 Judazi,
2396 3349 2485 3420 qui
2517 3365 2636 3403 cum
2669 3351 3051 3419 persuasissent
3095 3351 3284 3415 turbis,
3317 3361 3366 3407 et
3401 3351 3634 3408 Paulum

2057 3436 2412 3506 lapidassent,
2469 3447 2748 3492 traxerunt
2786 3455 2904 3492 eum
2953 3449 3104 3494 extra
3141 3441 3392 3510 Oppidum
3416 3483 3431 3506 ,
3462 3444 3637 3498 existi-

2059 3538 2264 3584 mantes
2297 3530 2448 3585 illum
2477 3541 2744 3585 mortuum
2766 3547 2893 3586 esse.

2131 3621 2291 3677 Vens.
2325 3621 2414 3678 20.
2447 3621 2796 3694 Circumfusis
2821 3633 2999 3680 autem
3035 3626 3084 3680 ei
3124 3625 3419 3696 discipulis,
3452 3643 3634 3681 surre-

2055 3713 2132 3766 xit
2172 3721 2222 3767 et
2249 3713 2462 3767 intravit
2493 3714 2550 3766 in
2589 3716 2863 3783 oppidum.
2907 3716 2981 3770 Ac
3007 3724 3216 3786 postero
3253 3719 3339 3773 die
3374 3735 3480 3772 una
3513 3733 3636 3773 cum

1975 3813 1978 3815 ’
2055 3803 2308 3858 Barnaba
2337 3802 2543 3859 Derben
2572 3807 2840 3873 ingressus
2874 3819 2970 3861 est.

2124 3893 2290 3948 Vens.
2323 3894 2414 3948 21.
2443 3895 2681 3966 Cumque
2710 3896 2769 3948 in
2791 3895 2884 3950 illo
2911 3896 3102 3964 oppido
3124 3895 3473 3970 Euangelium
3497 3917 3637 3972 pra:—

2057 3985 2347 4048 dicassent,
2373 3999 2435 4038 ac
2462 3985 2592 4038 satis
2621 3983 2816 4038 multas
2853 3987 3034 4040 turbas
3062 3989 3314 4042 doctrina:
3337 4004 3447 4042 sua:
3467 3991 3636 4058 parti-

2058 4077 2194 4145 cipes
2223 4077 2484 4146 fecissent,
2519 4075 2769 4147 Lystran,
2810 4074 3050 4131 Iconium
3108 4086 3158 4132 et
3191 4079 3524 4134 Antiochiam
3549 4096 3636 4134 re-

1979 4173 1981 4177 ’
2057 4174 2352 4244 petiverunt
2369 4211 2384 4238 ,

452 4252 957 4321 Ἑπιστηρίζοντες
983 4253 1090 4320 τὰς
1123 4254 1334 4325 ψυχὰς
1376 4254 1497 4309 τῶν
1512 4253 1820 4324 μαθητῶν,
1849 4269 1959 4309 πα-

379 4345 790 4412 ρακαλοῦντες
809 4345 1088 4416 ἐμμένειν
1110 4345 1186 4415 τῇ
1215 4347 1416 4402 πίστει
1434 4363 1450 4382 ο
1471 4347 1570 4402 καὶ
1586 4348 1676 4403 ὅτι
1702 4348 1958 4404 διαπολ-

383 4435 510 4490 λῶν
550 4437 815 4505 θλίψεων
842 4436 931 4490 δεῖ
954 4435 1113 4507 ἡμᾶς
1146 4438 1446 4497 εἰσελθεῖν
1501 4443 1595 4506 εἰς
1639 4440 1756 4511 τὴν
1778 4441 1961 4507 βασιο

383 4530 557 4584 λείαν
583 4530 690 4584 τοῦ
721 4529 890 4585 Θεοῦ.

2129 4263 2294 4320 Vens.
2328 4264 2420 4322 22.
2457 4263 2843 4334 Conﬁrmantes
2886 4265 3094 4320 animos
3146 4264 3550 4334 discipulorum,
3589 4274 3639 4318 et

2061 4361 2402 4416 adhortantes
2437 4399 2452 4424 ,
2509 4367 2568 4413 ut
2621 4360 2678 4413 in
2703 4359 2807 4428 ﬁde
2851 4365 3220 4427 permanerent
3260 4373 3279 4411 :
3309 4373 3402 4425 per
3444 4356 3642 4411 multas

2061 4454 2200 4509 enim
2230 4452 2532 4523 aﬂiictiones
2571 4460 2619 4506 et
2657 4466 2926 4504 (erumnas
2962 4465 3054 4502 nos
3083 4457 3324 4517 oportere
3353 4449 3555 4500 intrare
3585 4448 3641 4500 in

2060 4561 2280 4616 regnum
2317 4542 2436 4596 Dei.

457 4621 1002 4689 Χειροτονήσαντες
1021 4619 1092 4674 δὲ
1116 4621 1328 4686 αὐτοῖς
1353 4621 1796 4691 πρεσϐυτέρως
1827 4623 1954 4677 κατ’

2121 4609 2296 4692 'Vtms.
2327 4635 2418 4689 25.
2462 4633 2529 4687 Et
2549 4630 3021 4686 cumvordinassent
3051 4637 3210 4698 atque
3244 4627 3638 4681 constituissent

395 4711 774 4781 Ἐκκλησίαν
799 4754 822 4781 ,
864 4713 1354 4784 προσευξάμενοι
1411 4714 1565 4784 μετὰ
1619 4713 1918 4782 νηστειῶν
1941 4754 1959 4779 ,

387 4804 712 4874 παρέθεντο
769 4806 996 4873 αὐτοὺς
1020 4806 1101 4872 τῷ
1126 4807 1342 4875 Κυρίῳ,
1379 4809 1472 4874 εὶς
1523 4807 1603 4862 ὃν
1642 4808 1962 4862 πεπιστεύ-

339 4897 346 4902 ’
386 4914 603 4954 κεισαν
621 4903 684 4954 ³⁸.

459 4992 565 5046 Καὶ
595 4992 937 5058 διελθόντες
966 4991 1084 5062 τὴν
1105 4990 1475 5046 Πεισιδίαν²⁰
1500 4986 1692 5063 ἦλθον
1705 4993 1789 5059 εἰς
1807 4995 1964 5062 Παμ-

388 5085 632 5150 φυλίαν.

459 5178 569 5232 Kal
624 5177 1012 5244 λαλήσαντες
1063 5177 1133 5233 ἐν
1163 5177 1361 5248 Πέργῃ
1409 5177 1517 5232 τὸν
1569 5180 1758 5248 λόγον
1814 5196 1958 5236 κατ-

391 5273 618 5342 έϐησαν
635 5275 724 5338 εις
762 5271 1135 5329 ’Δττὰλειαν.

493 5412 692 5470 “Joel.
719 5428 782 5478 tt,
822 5413 909 5480 12,
944 5413 1034 5468 l5.

2057 4728 2165 4782 illis
2202 4743 2294 4796 per
2341 4723 2579 4796 singulas
2609 4720 2872 4775 Ecclesiae
2909 4718 3255 4789 presbyteros,
3287 4718 3488 4786 precati
3520 4735 3640 4771 cum

2053 4819 2300 4889 jejuniis,
2339 4833 2424 4872 eos
2451 4815 2678 4871 Domino
2712 4814 2766 4868 in
2799 4827 2953 4884 quem
2983 4809 3339 4875 crediderant,
3371 4825 3642 4864 commen-

2061 4911 2407 5056 άαῖἶῗέἔέὼ
2441 4997 2840 5068 Peragrataque
2864 4993 3097 5061 Pisidia,
3125 5001 3376 5049 venerunt
3399 4993 3453 5046 in
3478 4990 3643 5046 Pam--

2068 5093 2426 5240 #212325.
2463 5181 2528 5237 Et
2561 5179 2722 5234 locuti
2771 5177 2990 5234 verbum
3027 5175 3288 5248 (Domini)
3324 5173 3521 5244 Perga,
3554 5136 3662 5227 de?

2064 5276 2373 5330 scenderunt
2403 5273 2459 5327 in
2490 5270 2670 5327 urbem
2700 5269 2983 5325 Attalium.

1574 5506 1774 5570 νει-ἰῶ
1816 5506 2126 5571 lectiones
2173 5513 2234 5569 et
2262 5513 2450 5569 nouo.

447 5609 508 5647 -¹³
550 5610 636 5664 ῑσ.
676 5612 816 5673 ταῖς.

927 5590 974 5642 ιλ
1000 5610 1087 5664 la.
1112 5609 1207 5664 καὶ
1233 5607 1318 5663 τοι
1343 5625 1430 5677 γε.
1506 5607 1552 5642 ⁸³
1577 5606 1854 5672 τεθνᾶναι,
1887 5624 1954 5662 en

2103 5606 2145 5638 “
2161 5605 2230 5660 In
2254 5605 2468 5675 vulgato
2495 5601 2809 5677 est,__ao':dv.
2879 5599 2928 5677 _"
2965 5596 3035 5677 n
3060 5595 3274 5677 vulgato
3295 5603 3393 5677 est,

394 5680 439 5714 ¹⁸
459 5680 524 5735 In
552 5697 665 5735 meo
694 5665 983 5751 esternplari
1003 5681 1216 5750 vulgato
1239 5689 1313 5734 est
1337 5665 1462 5742 τοὺς
1494 5678 1734 5739 ἱκανούς.
1762 5665 1954 5751 Ανὶξειιη

2052 5677 2196 5741 τοῦς,
2219 5665 2373 5751 quem
2400 5665 2654 5751 nonnulla
2682 5670 3011 5751 exemplaria
3040 5665 3527 5751 nortthbertt,.ninil
3556 5666 3641 5751 hic

395 5752 492 5806 loci
525 5752 676 5804 habet
700 5767 720 5804 :
739 5750 1138 5806 sed’dictionem
1164 5751 1376 5820 ὄχλους,
1411 5765 1672 5820 nusquam
1695 5750 1893 5818 inueni,

395 5821 906 5878 ιπεπιστεύκεισαν.
986 5823 1033 5854 ¹⁰
1061 5821 1128 5876 In
1167 5819 1380 5892 vulgato
1411 5819 1678 5874 Πισιδίαν.

1931 5736 2284 5819 prteterquam
2313 5749 2368 5802 in
2407 5745 2625 5815 antiquo
2650 5736 3029 5811 manus'cripto.
3133 5739 3178 5772 "
3202 5737 3266 5794 In
3302 5736 3514 5809 vulgato
3537 5745 3638 5806 est,
