  <div class='ocr_page' id='page_1' title='image "/cluster/home/n/w/nwhite01/storage/ocr_20150623/125:no.3/coo.31924054870302/363.png"; bbox 0 0 4114 6426; ppageno 0'>
   <div class='ocr_carea' id='block_1_1' title="bbox 427 354 528 420">
    <p class='ocr_par' dir='ltr' id='par_1_1' title="bbox 427 354 528 420">
     <span class='ocr_line' id='line_1_1' title="bbox 427 354 528 420; baseline -0.03 0"><span class='ocrx_word' id='word_1_1' title='bbox 427 354 528 420; x_wconf 82' lang='lat' dir='ltr'><strong><em>‘lll</em></strong></span> 
     </span>
    </p>
   </div>
   <div class='ocr_carea' id='block_1_2' title="bbox 1384 344 2818 410">
    <p class='ocr_par' dir='ltr' id='par_1_2' title="bbox 1384 344 2818 410">
     <span class='ocr_line' id='line_1_2' title="bbox 1384 344 2818 410; baseline -0.002 0"><span class='ocrx_word' id='word_1_2' title='bbox 1384 347 1969 410; x_wconf 81' lang='lat' dir='ltr'><strong><em>THEOPHYLACTI</em></strong></span> <span class='ocrx_word' id='word_1_3' title='bbox 2007 345 2422 409; x_wconf 76' lang='lat' dir='ltr'><strong><em>BULGARI/E</em></strong></span> <span class='ocrx_word' id='word_1_4' title='bbox 2459 344 2818 408; x_wconf 78' lang='lat' dir='ltr'><strong><em>ARCHIEP.</em></strong></span> 
     </span>
    </p>
   </div>
   <div class='ocr_carea' id='block_1_3' title="bbox 3597 352 3703 418">
    <p class='ocr_par' dir='ltr' id='par_1_3' title="bbox 3597 352 3703 418">
     <span class='ocr_line' id='line_1_3' title="bbox 3597 352 3703 418; baseline 0.019 -2"><span class='ocrx_word' id='word_1_5' title='bbox 3597 352 3703 418; x_wconf 80' lang='grc'><strong><em>712</em></strong></span> 
     </span>
    </p>
   </div>
   <div class='ocr_carea' id='block_1_4' title="bbox 501 453 2020 530">
    <p class='ocr_par' dir='ltr' id='par_1_4' title="bbox 501 455 2013 530">
     <span class='ocr_line' id='line_1_4' title="bbox 501 455 2013 530; baseline -0.009 -10"><span class='ocrx_word' id='word_1_6' title='bbox 501 465 662 519; x_wconf 71' lang='lat' dir='ltr'><strong><em>Vens.</em></strong></span> <span class='ocrx_word' id='word_1_7' title='bbox 692 461 782 517; x_wconf 78' lang='lat'><strong><em>‘26.</em></strong></span> <span class='ocrx_word' id='word_1_8' title='bbox 817 460 882 515; x_wconf 88' lang='lat' dir='ltr'><strong><em>Et</em></strong></span> <span class='ocrx_word' id='word_1_9' title='bbox 918 458 1037 514; x_wconf 87' lang='lat' dir='ltr'><strong><em>inde</em></strong></span> <span class='ocrx_word' id='word_1_10' title='bbox 1071 455 1451 530; x_wconf 78' lang='lat' dir='ltr'><strong><em>navigaverunt</em></strong></span> <span class='ocrx_word' id='word_1_11' title='bbox 1477 457 1845 511; x_wconf 76' lang='lat' dir='ltr'><strong><em>Antiochiam:</em></strong></span> <span class='ocrx_word' id='word_1_12' title='bbox 1878 456 2013 508; x_wconf 86' lang='lat' dir='ltr'><strong><em>unde</em></strong></span> 
     </span>
    </p>
   </div>
   <div class='ocr_carea' id='block_1_5' title="bbox 2114 453 3702 530">
    <p class='ocr_par' dir='ltr' id='par_1_5' title="bbox 2186 453 3702 524">
     <span class='ocr_line' id='line_1_5' title="bbox 2186 453 3702 524; baseline 0.003 -16"><span class='ocrx_word' id='word_1_13' title='bbox 2186 453 2475 509; x_wconf 74' lang='grc' dir='ltr'><em>Κάκεῖθεν</em></span> <span class='ocrx_word' id='word_1_14' title='bbox 2522 453 2926 508; x_wconf 70' lang='grc' dir='ltr'><strong><em>ἀπέπλευσαν</em></strong></span> <span class='ocrx_word' id='word_1_15' title='bbox 2959 454 3045 520; x_wconf 82' lang='grc' dir='ltr'><strong><em>εις</em></strong></span> <span class='ocrx_word' id='word_1_16' title='bbox 3090 453 3453 524; x_wconf 78' lang='grc' dir='ltr'><strong><em>Ἀντιόχειαν</em></strong></span> <span class='ocrx_word' id='word_1_17' title='bbox 3491 470 3504 486; x_wconf 83' lang='grc'><em>’</em></span> <span class='ocrx_word' id='word_1_18' title='bbox 3557 457 3702 514; x_wconf 82' lang='grc' dir='ltr'><em>ὅθεν</em></span> 
     </span>
    </p>
   </div>
   <div class='ocr_carea' id='block_1_6' title="bbox 428 547 2013 628">
    <p class='ocr_par' dir='ltr' id='par_1_6' title="bbox 428 547 2013 628">
     <span class='ocr_line' id='line_1_6' title="bbox 428 547 2013 628; baseline -0.007 -17"><span class='ocrx_word' id='word_1_19' title='bbox 428 557 619 628; x_wconf 72' lang='lat' dir='ltr'><strong><em>gratiae</em></strong></span> <span class='ocrx_word' id='word_1_20' title='bbox 673 555 771 608; x_wconf 89' lang='lat' dir='ltr'><strong><em>Dei</em></strong></span> <span class='ocrx_word' id='word_1_21' title='bbox 803 551 1160 608; x_wconf 89' lang='lat' dir='ltr'><strong><em>commendati</em></strong></span> <span class='ocrx_word' id='word_1_22' title='bbox 1214 559 1362 604; x_wconf 90' lang='lat' dir='ltr'><strong><em>erant</em></strong></span> <span class='ocrx_word' id='word_1_23' title='bbox 1419 551 1491 602; x_wconf 85' lang='lat' dir='ltr'><strong><em>ad</em></strong></span> <span class='ocrx_word' id='word_1_24' title='bbox 1554 549 1840 620; x_wconf 88' lang='lat' dir='ltr'><strong><em>negotium,</em></strong></span> <span class='ocrx_word' id='word_1_25' title='bbox 1875 547 2013 614; x_wconf 85' lang='lat' dir='ltr'><strong><em>quod</em></strong></span> 
     </span>
    </p>
   </div>
   <div class='ocr_carea' id='block_1_7' title="bbox 430 651 782 719">
    <p class='ocr_par' dir='ltr' id='par_1_7' title="bbox 430 651 782 719">
     <span class='ocr_line' id='line_1_7' title="bbox 430 651 782 719; baseline -0.003 -16"><span class='ocrx_word' id='word_1_26' title='bbox 430 651 782 719; x_wconf 69' lang='lat' dir='ltr'><strong><em>confecerunt.</em></strong></span> 
     </span>
    </p>
   </div>
   <div class='ocr_carea' id='block_1_8' title="bbox 511 729 2012 806">
    <p class='ocr_par' dir='ltr' id='par_1_8' title="bbox 511 729 2012 806">
     <span class='ocr_line' id='line_1_8' title="bbox 511 729 2012 806; baseline -0.007 -12"><span class='ocrx_word' id='word_1_27' title='bbox 511 741 672 794; x_wconf 77' lang='lat' dir='ltr'><strong><em>Vens.</em></strong></span> <span class='ocrx_word' id='word_1_28' title='bbox 703 739 793 792; x_wconf 72' lang='lat'><strong><em>‘27.</em></strong></span> <span class='ocrx_word' id='word_1_29' title='bbox 821 736 936 802; x_wconf 84' lang='lat' dir='ltr'><strong><em>Quo</em></strong></span> <span class='ocrx_word' id='word_1_30' title='bbox 957 745 1235 806; x_wconf 79' lang='lat' dir='ltr'><strong><em>postquam</em></strong></span> <span class='ocrx_word' id='word_1_31' title='bbox 1263 736 1603 794; x_wconf 81' lang='lat' dir='ltr'><strong><em>advenerunt,</em></strong></span> <span class='ocrx_word' id='word_1_32' title='bbox 1638 740 1687 785; x_wconf 90' lang='lat' dir='ltr'><strong><em>et</em></strong></span> <span class='ocrx_word' id='word_1_33' title='bbox 1717 729 2012 785; x_wconf 82' lang='lat' dir='ltr'><strong><em>Ecclesium</em></strong></span> 
     </span>
    </p>
   </div>
   <div class='ocr_carea' id='block_1_9' title="bbox 429 823 2014 902">
    <p class='ocr_par' dir='ltr' id='par_1_9' title="bbox 429 823 2014 902">
     <span class='ocr_line' id='line_1_9' title="bbox 429 823 2014 902; baseline -0.006 -17"><span class='ocrx_word' id='word_1_34' title='bbox 429 839 927 902; x_wconf 79' lang='lat' dir='ltr'><strong><em>congregaverant,</em></strong></span> <span class='ocrx_word' id='word_1_35' title='bbox 993 830 1423 882; x_wconf 73' lang='lat' dir='ltr'><strong><em>renuntiauerunt</em></strong></span> <span class='ocrx_word' id='word_1_36' title='bbox 1498 840 1819 895; x_wconf 82' lang='lat' dir='ltr'><strong><em>qmecunque</em></strong></span> <span class='ocrx_word' id='word_1_37' title='bbox 1873 823 2014 876; x_wconf 86' lang='lat' dir='ltr'><strong><em>Deus</em></strong></span> 
     </span>
    </p>
   </div>
   <div class='ocr_carea' id='block_1_10' title="bbox 428 911 2014 992">
    <p class='ocr_par' dir='ltr' id='par_1_10' title="bbox 428 911 2014 992">
     <span class='ocr_line' id='line_1_10' title="bbox 428 911 2014 992; baseline -0.006 -16"><span class='ocrx_word' id='word_1_38' title='bbox 428 939 607 976; x_wconf 82' lang='lat' dir='ltr'><strong><em>secum</em></strong></span> <span class='ocrx_word' id='word_1_39' title='bbox 641 923 866 992; x_wconf 75' lang='lat' dir='ltr'><strong><em>fecisset,</em></strong></span> <span class='ocrx_word' id='word_1_40' title='bbox 901 928 949 973; x_wconf 90' lang='lat' dir='ltr'><strong><em>et</em></strong></span> <span class='ocrx_word' id='word_1_41' title='bbox 976 927 1033 971; x_wconf 89' lang='lat' dir='ltr'><strong><em>ut</em></strong></span> <span class='ocrx_word' id='word_1_42' title='bbox 1069 918 1261 973; x_wconf 75' lang='lat' dir='ltr'><strong><em>exteris</em></strong></span> <span class='ocrx_word' id='word_1_43' title='bbox 1304 917 1606 971; x_wconf 77' lang='lat' dir='ltr'><strong><em>nationibus</em></strong></span> <span class='ocrx_word' id='word_1_44' title='bbox 1628 914 1858 984; x_wconf 87' lang='lat' dir='ltr'><strong><em>januam</em></strong></span> <span class='ocrx_word' id='word_1_45' title='bbox 1891 911 2014 981; x_wconf 84' lang='lat' dir='ltr'><strong><em>ﬁdei</em></strong></span> 
     </span>
    </p>
   </div>
   <div class='ocr_carea' id='block_1_11' title="bbox 431 1016 1244 1086">
    <p class='ocr_par' dir='ltr' id='par_1_11' title="bbox 431 1016 1244 1086">
     <span class='ocr_line' id='line_1_11' title="bbox 431 1016 1244 1086; baseline -0.001 -19"><span class='ocrx_word' id='word_1_46' title='bbox 431 1016 747 1084; x_wconf 79' lang='lat' dir='ltr'><strong><em>aperuisset.</em></strong></span> <span class='ocrx_word' id='word_1_47' title='bbox 1239 1082 1244 1086; x_wconf 21' lang='grc' dir='ltr'><strong>Ι</strong></span> 
     </span>
    </p>
   </div>
   <div class='ocr_carea' id='block_1_12' title="bbox 507 1099 2014 1176">
    <p class='ocr_par' dir='ltr' id='par_1_12' title="bbox 507 1099 2014 1176">
     <span class='ocr_line' id='line_1_12' title="bbox 507 1099 2014 1176; baseline -0.005 -15"><span class='ocrx_word' id='word_1_48' title='bbox 507 1107 668 1161; x_wconf 81' lang='lat' dir='ltr'><strong><em>Vens.</em></strong></span> <span class='ocrx_word' id='word_1_49' title='bbox 706 1107 794 1161; x_wconf 76' lang='lat'><strong><em>28.</em></strong></span> <span class='ocrx_word' id='word_1_50' title='bbox 831 1105 996 1176; x_wconf 84' lang='lat' dir='ltr'><strong><em>Atque</em></strong></span> <span class='ocrx_word' id='word_1_51' title='bbox 1049 1103 1192 1158; x_wconf 83' lang='lat' dir='ltr'><strong><em>haud</em></strong></span> <span class='ocrx_word' id='word_1_52' title='bbox 1235 1102 1486 1173; x_wconf 75' lang='lat' dir='ltr'><strong><em>exiguum</em></strong></span> <span class='ocrx_word' id='word_1_53' title='bbox 1520 1110 1725 1172; x_wconf 80' lang='lat' dir='ltr'><strong><em>tempus</em></strong></span> <span class='ocrx_word' id='word_1_54' title='bbox 1757 1099 1868 1155; x_wconf 89' lang='lat' dir='ltr'><strong><em>illic</em></strong></span> <span class='ocrx_word' id='word_1_55' title='bbox 1894 1116 2014 1155; x_wconf 87' lang='lat' dir='ltr'><strong><em>cum</em></strong></span> 
     </span>
    </p>
   </div>
   <div class='ocr_carea' id='block_1_13' title="bbox 427 1197 1218 1267">
    <p class='ocr_par' dir='ltr' id='par_1_13' title="bbox 427 1197 1218 1267">
     <span class='ocr_line' id='line_1_13' title="bbox 427 1197 1218 1267; baseline -0.003 -15"><span class='ocrx_word' id='word_1_56' title='bbox 427 1198 701 1267; x_wconf 83' lang='lat' dir='ltr'><strong><em>discipulis</em></strong></span> <span class='ocrx_word' id='word_1_57' title='bbox 736 1197 1044 1252; x_wconf 76' lang='lat' dir='ltr'><strong><em>commorati</em></strong></span> <span class='ocrx_word' id='word_1_58' title='bbox 1074 1205 1218 1251; x_wconf 87' lang='lat' dir='ltr'><strong><em>sunt.</em></strong></span> 
     </span>
    </p>
   </div>
   <div class='ocr_carea' id='block_1_14' title="bbox 506 1283 2016 1357">
    <p class='ocr_par' dir='ltr' id='par_1_14' title="bbox 506 1283 2016 1357">
     <span class='ocr_line' id='line_1_14' title="bbox 506 1283 2016 1357; baseline -0.002 -15"><span class='ocrx_word' id='word_1_59' title='bbox 506 1291 608 1354; x_wconf 83' lang='lat' dir='ltr'><strong><em>Qui</em></strong></span> <span class='ocrx_word' id='word_1_60' title='bbox 654 1306 770 1342; x_wconf 85' lang='lat' dir='ltr'><strong><em>eum</em></strong></span> <span class='ocrx_word' id='word_1_61' title='bbox 819 1290 1205 1357; x_wconf 81' lang='lat' dir='ltr'><strong><em>persuasissent</em></strong></span> <span class='ocrx_word' id='word_1_62' title='bbox 1235 1287 1424 1341; x_wconf 84' lang='lat' dir='ltr'><strong><em>turbis.</em></strong></span> <span class='ocrx_word' id='word_1_63' title='bbox 1461 1285 1594 1341; x_wconf 82' lang='lat' dir='ltr'><strong><em>Vide</em></strong></span> <span class='ocrx_word' id='word_1_64' title='bbox 1639 1283 1878 1340; x_wconf 78' lang='lat' dir='ltr'><strong><em>furorem</em></strong></span> <span class='ocrx_word' id='word_1_65' title='bbox 1919 1283 2016 1339; x_wconf 81' lang='lat' dir='ltr'><strong><em>Ju-</em></strong></span> 
     </span>
    </p>
   </div>
   <div class='ocr_carea' id='block_1_15' title="bbox 427 1379 2016 1451">
    <p class='ocr_par' dir='ltr' id='par_1_15' title="bbox 427 1379 2016 1451">
     <span class='ocr_line' id='line_1_15' title="bbox 427 1379 2016 1451; baseline -0.003 -14"><span class='ocrx_word' id='word_1_66' title='bbox 427 1383 669 1438; x_wconf 72' lang='lat' dir='ltr'><strong><em>daeol&#39;um</em></strong></span> <span class='ocrx_word' id='word_1_67' title='bbox 703 1382 1018 1436; x_wconf 82' lang='lat' dir='ltr'><strong><em>acerbitatis</em></strong></span> <span class='ocrx_word' id='word_1_68' title='bbox 1045 1399 1060 1436; x_wconf 86' lang='lat'><strong>:</strong></span> <span class='ocrx_word' id='word_1_69' title='bbox 1086 1383 1138 1435; x_wconf 90' lang='lat' dir='ltr'><strong><em>in</em></strong></span> <span class='ocrx_word' id='word_1_70' title='bbox 1174 1381 1385 1451; x_wconf 80' lang='lat' dir='ltr'><strong><em>plebem</em></strong></span> <span class='ocrx_word' id='word_1_71' title='bbox 1425 1379 1581 1449; x_wconf 79' lang='lat'><strong><em>117</em></strong></span> <span class='ocrx_word' id='word_1_72' title='bbox 1603 1394 1722 1448; x_wconf 75' lang='lat' dir='ltr'><strong><em>quae</em></strong></span> <span class='ocrx_word' id='word_1_73' title='bbox 1744 1387 1895 1433; x_wconf 89' lang='lat' dir='ltr'><strong><em>tanto</em></strong></span> <span class='ocrx_word' id='word_1_74' title='bbox 1923 1380 2016 1432; x_wconf 85' lang='lat' dir='ltr'><strong><em>ho-</em></strong></span> 
     </span>
    </p>
   </div>
   <div class='ocr_carea' id='block_1_16' title="bbox 429 1471 2016 1546">
    <p class='ocr_par' dir='ltr' id='par_1_16' title="bbox 429 1471 2016 1546">
     <span class='ocr_line' id='line_1_16' title="bbox 429 1471 2016 1546; baseline -0.001 -18"><span class='ocrx_word' id='word_1_75' title='bbox 429 1490 567 1529; x_wconf 86' lang='lat' dir='ltr'><strong><em>nore</em></strong></span> <span class='ocrx_word' id='word_1_76' title='bbox 587 1475 804 1546; x_wconf 80' lang='lat' dir='ltr'><strong><em>dignata</em></strong></span> <span class='ocrx_word' id='word_1_77' title='bbox 831 1474 1107 1545; x_wconf 83' lang='lat' dir='ltr'><strong><em>apostolos</em></strong></span> <span class='ocrx_word' id='word_1_78' title='bbox 1131 1483 1270 1539; x_wconf 87' lang='lat' dir='ltr'><strong><em>erat,</em></strong></span> <span class='ocrx_word' id='word_1_79' title='bbox 1305 1473 1452 1543; x_wconf 88' lang='lat' dir='ltr'><strong><em>ipsos</em></strong></span> <span class='ocrx_word' id='word_1_80' title='bbox 1473 1487 1591 1527; x_wconf 84' lang='lat' dir='ltr'><strong><em>sese</em></strong></span> <span class='ocrx_word' id='word_1_81' title='bbox 1617 1471 1928 1544; x_wconf 82' lang='lat' dir='ltr'><strong><em>ingessisse,</em></strong></span> <span class='ocrx_word' id='word_1_82' title='bbox 1960 1480 2016 1526; x_wconf 90' lang='lat' dir='ltr'><strong><em>et</em></strong></span> 
     </span>
    </p>
   </div>
   <div class='ocr_carea' id='block_1_17' title="bbox 429 1562 2009 1634">
    <p class='ocr_par' dir='ltr' id='par_1_17' title="bbox 429 1562 2009 1634">
     <span class='ocr_line' id='line_1_17' title="bbox 429 1562 2009 1634; baseline -0.001 -14"><span class='ocrx_word' id='word_1_83' title='bbox 429 1564 812 1629; x_wconf 67' lang='lat' dir='ltr'><strong><em>immiscuisse,</em></strong></span> <span class='ocrx_word' id='word_1_84' title='bbox 843 1565 1002 1634; x_wconf 85' lang='lat' dir='ltr'><strong><em>eique</em></strong></span> <span class='ocrx_word' id='word_1_85' title='bbox 1029 1564 1393 1633; x_wconf 86' lang='lat' dir='ltr'><strong><em>persuasisse,</em></strong></span> <span class='ocrx_word' id='word_1_86' title='bbox 1430 1572 1491 1616; x_wconf 91' lang='lat' dir='ltr'><strong><em>ut</em></strong></span> <span class='ocrx_word' id='word_1_87' title='bbox 1520 1562 1640 1618; x_wconf 88' lang='lat' dir='ltr'><strong><em>illos</em></strong></span> <span class='ocrx_word' id='word_1_88' title='bbox 1686 1563 2009 1634; x_wconf 83' lang='lat' dir='ltr'><strong><em>lapidarent.</em></strong></span> 
     </span>
    </p>
   </div>
   <div class='ocr_carea' id='block_1_18' title="bbox 430 1653 2014 1725">
    <p class='ocr_par' dir='ltr' id='par_1_18' title="bbox 430 1653 2014 1725">
     <span class='ocr_line' id='line_1_18' title="bbox 430 1653 2014 1725; baseline 0.001 -17"><span class='ocrx_word' id='word_1_89' title='bbox 430 1655 599 1708; x_wconf 77' lang='lat' dir='ltr'><strong><em>Extra</em></strong></span> <span class='ocrx_word' id='word_1_90' title='bbox 631 1656 891 1725; x_wconf 89' lang='lat' dir='ltr'><strong><em>oppidum</em></strong></span> <span class='ocrx_word' id='word_1_91' title='bbox 921 1663 1103 1708; x_wconf 88' lang='lat' dir='ltr'><strong><em>autem</em></strong></span> <span class='ocrx_word' id='word_1_92' title='bbox 1136 1653 1426 1708; x_wconf 82' lang='lat' dir='ltr'><strong><em>trahebant</em></strong></span> <span class='ocrx_word' id='word_1_93' title='bbox 1458 1654 1683 1720; x_wconf 91' lang='lat' dir='ltr'><strong><em>idcirco,</em></strong></span> <span class='ocrx_word' id='word_1_94' title='bbox 1726 1655 1870 1724; x_wconf 89' lang='lat' dir='ltr'><strong><em>quod</em></strong></span> <span class='ocrx_word' id='word_1_95' title='bbox 1897 1672 2014 1711; x_wconf 86' lang='lat' dir='ltr'><strong><em>tne-</em></strong></span> 
     </span>
    </p>
   </div>
   <div class='ocr_carea' id='block_1_19' title="bbox 434 1729 2016 1815">
    <p class='ocr_par' dir='ltr' id='par_1_19' title="bbox 434 1729 2016 1815">
     <span class='ocr_line' id='line_1_19' title="bbox 434 1729 2016 1815; baseline 0.001 -13"><span class='ocrx_word' id='word_1_96' title='bbox 434 1758 654 1803; x_wconf 79' lang='lat' dir='ltr'><strong><em>tuerent</em></strong></span> <span class='ocrx_word' id='word_1_97' title='bbox 684 1749 826 1802; x_wconf 87' lang='lat' dir='ltr'><strong><em>illos.</em></strong></span> <span class='ocrx_word' id='word_1_98' title='bbox 853 1745 988 1801; x_wconf 83' lang='lat' dir='ltr'><strong><em>Nam</em></strong></span> <span class='ocrx_word' id='word_1_99' title='bbox 1020 1747 1072 1802; x_wconf 88' lang='lat' dir='ltr'><strong><em>id</em></strong></span> <span class='ocrx_word' id='word_1_100' title='bbox 1101 1747 1203 1801; x_wconf 89' lang='lat' dir='ltr'><strong><em>sibi</em></strong></span> <span class='ocrx_word' id='word_1_101' title='bbox 1235 1729 1418 1801; x_wconf 79' lang='lat' dir='ltr'><strong><em>studio</em></strong></span> <span class='ocrx_word' id='word_1_102' title='bbox 1451 1747 1744 1815; x_wconf 82' lang='lat' dir='ltr'><strong><em>habebant,</em></strong></span> <span class='ocrx_word' id='word_1_103' title='bbox 1780 1759 1839 1803; x_wconf 91' lang='lat' dir='ltr'><strong><em>ut</em></strong></span> <span class='ocrx_word' id='word_1_104' title='bbox 1861 1766 2016 1804; x_wconf 81' lang='lat' dir='ltr'><strong><em>ever-</em></strong></span> 
     </span>
    </p>
   </div>
   <div class='ocr_carea' id='block_1_20' title="bbox 433 1838 2015 1912">
    <p class='ocr_par' dir='ltr' id='par_1_20' title="bbox 433 1838 2015 1912">
     <span class='ocr_line' id='line_1_20' title="bbox 433 1838 2015 1912; baseline 0.002 -18"><span class='ocrx_word' id='word_1_105' title='bbox 433 1850 612 1894; x_wconf 79' lang='lat' dir='ltr'><strong><em>terent</em></strong></span> <span class='ocrx_word' id='word_1_106' title='bbox 645 1841 1109 1910; x_wconf 70' lang='lat' dir='ltr'><strong><em>praedicationem.</em></strong></span> <span class='ocrx_word' id='word_1_107' title='bbox 1146 1838 1252 1894; x_wconf 92' lang='lat' dir='ltr'><strong><em>Sed</em></strong></span> <span class='ocrx_word' id='word_1_108' title='bbox 1287 1839 1509 1894; x_wconf 85' lang='lat' dir='ltr'><strong><em>videsne</em></strong></span> <span class='ocrx_word' id='word_1_109' title='bbox 1539 1840 1707 1894; x_wconf 88' lang='lat' dir='ltr'><strong><em>animi</em></strong></span> <span class='ocrx_word' id='word_1_110' title='bbox 1744 1842 2015 1912; x_wconf 73' lang='lat' dir='ltr'><strong><em>prompti-</em></strong></span> 
     </span>
    </p>
   </div>
   <div class='ocr_carea' id='block_1_21' title="bbox 433 1931 2012 2008">
    <p class='ocr_par' dir='ltr' id='par_1_21' title="bbox 433 1931 2012 2008">
     <span class='ocr_line' id='line_1_21' title="bbox 433 1931 2012 2008; baseline 0.003 -23"><span class='ocrx_word' id='word_1_111' title='bbox 433 1932 719 1986; x_wconf 89' lang='lat' dir='ltr'><strong><em>tudiuem?</em></strong></span> <span class='ocrx_word' id='word_1_112' title='bbox 792 1931 1019 1988; x_wconf 74' lang='lat' dir='ltr'><strong><em>videsne</em></strong></span> <span class='ocrx_word' id='word_1_113' title='bbox 1102 1931 1405 1986; x_wconf 78' lang='lat' dir='ltr'><strong><em>ferventem</em></strong></span> <span class='ocrx_word' id='word_1_114' title='bbox 1465 1942 1522 1986; x_wconf 92' lang='lat' dir='ltr'><strong><em>et</em></strong></span> <span class='ocrx_word' id='word_1_115' title='bbox 1572 1933 1894 2008; x_wconf 81' lang='lat' dir='ltr'><strong><em>ardentem?</em></strong></span> <span class='ocrx_word' id='word_1_116' title='bbox 1952 1934 2012 1989; x_wconf 84' lang='lat' dir='ltr'><strong><em>In</em></strong></span> 
     </span>
    </p>
   </div>
   <div class='ocr_carea' id='block_1_22' title="bbox 431 2022 2014 2096">
    <p class='ocr_par' dir='ltr' id='par_1_22' title="bbox 431 2022 2014 2096">
     <span class='ocr_line' id='line_1_22' title="bbox 431 2022 2014 2096; baseline 0.003 -18"><span class='ocrx_word' id='word_1_117' title='bbox 431 2023 614 2093; x_wconf 77' lang='lat' dir='ltr'><strong><em>ipsum</em></strong></span> <span class='ocrx_word' id='word_1_118' title='bbox 676 2023 938 2094; x_wconf 83' lang='lat' dir='ltr'><strong><em>oppidum</em></strong></span> <span class='ocrx_word' id='word_1_119' title='bbox 975 2038 1167 2078; x_wconf 86' lang='lat' dir='ltr'><strong><em>rursus</em></strong></span> <span class='ocrx_word' id='word_1_120' title='bbox 1201 2022 1504 2093; x_wconf 79' lang='lat' dir='ltr'><strong><em>ingreditur</em></strong></span> <span class='ocrx_word' id='word_1_121' title='bbox 1556 2035 1844 2096; x_wconf 87' lang='lat' dir='ltr'><strong><em>postquam</em></strong></span> <span class='ocrx_word' id='word_1_122' title='bbox 1886 2027 2014 2083; x_wconf 87' lang='lat' dir='ltr'><strong><em>inde</em></strong></span> 
     </span>
    </p>
   </div>
   <div class='ocr_carea' id='block_1_23' title="bbox 431 2115 2011 2186">
    <p class='ocr_par' dir='ltr' id='par_1_23' title="bbox 431 2115 2011 2186">
     <span class='ocr_line' id='line_1_23' title="bbox 431 2115 2011 2186; baseline 0.004 -17"><span class='ocrx_word' id='word_1_123' title='bbox 431 2116 638 2184; x_wconf 80' lang='lat' dir='ltr'><strong><em>ejectus</em></strong></span> <span class='ocrx_word' id='word_1_124' title='bbox 669 2126 804 2171; x_wconf 90' lang='lat' dir='ltr'><strong><em>erat.</em></strong></span> <span class='ocrx_word' id='word_1_125' title='bbox 832 2115 908 2170; x_wconf 84' lang='lat' dir='ltr'><strong><em>Ac</em></strong></span> <span class='ocrx_word' id='word_1_126' title='bbox 940 2126 1145 2186; x_wconf 87' lang='lat' dir='ltr'><strong><em>postero</em></strong></span> <span class='ocrx_word' id='word_1_127' title='bbox 1191 2117 1277 2170; x_wconf 85' lang='lat' dir='ltr'><strong><em>die</em></strong></span> <span class='ocrx_word' id='word_1_128' title='bbox 1303 2136 1408 2174; x_wconf 90' lang='lat' dir='ltr'><strong><em>una</em></strong></span> <span class='ocrx_word' id='word_1_129' title='bbox 1451 2135 1570 2173; x_wconf 88' lang='lat' dir='ltr'><strong><em>cum</em></strong></span> <span class='ocrx_word' id='word_1_130' title='bbox 1601 2118 1878 2186; x_wconf 85' lang='lat' dir='ltr'><strong><em>Barnaba,</em></strong></span> <span class='ocrx_word' id='word_1_131' title='bbox 1904 2129 2011 2175; x_wconf 90' lang='lat' dir='ltr'><strong><em>etc.</em></strong></span> 
     </span>
    </p>
   </div>
   <div class='ocr_carea' id='block_1_24' title="bbox 426 2202 2013 2280">
    <p class='ocr_par' dir='ltr' id='par_1_24' title="bbox 426 2202 2013 2280">
     <span class='ocr_line' id='line_1_24' title="bbox 426 2202 2013 2280; baseline 0.005 -23"><span class='ocrx_word' id='word_1_132' title='bbox 426 2202 503 2258; x_wconf 76' lang='lat' dir='ltr'><strong><em>Ut</em></strong></span> <span class='ocrx_word' id='word_1_133' title='bbox 555 2205 940 2260; x_wconf 84' lang='lat' dir='ltr'><strong><em>ostenderetur</em></strong></span> <span class='ocrx_word' id='word_1_134' title='bbox 990 2209 1137 2278; x_wconf 89' lang='lat' dir='ltr'><strong><em>quod</em></strong></span> <span class='ocrx_word' id='word_1_135' title='bbox 1182 2210 1487 2280; x_wconf 90' lang='lat' dir='ltr'><strong><em>discipulis,</em></strong></span> <span class='ocrx_word' id='word_1_136' title='bbox 1551 2209 1644 2278; x_wconf 87' lang='lat' dir='ltr'><strong><em>qui</em></strong></span> <span class='ocrx_word' id='word_1_137' title='bbox 1692 2209 2013 2266; x_wconf 77' lang='lat' dir='ltr'><strong><em>circumfusi</em></strong></span> 
     </span>
    </p>
   </div>
   <div class='ocr_carea' id='block_1_25' title="bbox 427 2295 2012 2373">
    <p class='ocr_par' dir='ltr' id='par_1_25' title="bbox 427 2295 2012 2373">
     <span class='ocr_line' id='line_1_25' title="bbox 427 2295 2012 2373; baseline 0.006 -25"><span class='ocrx_word' id='word_1_138' title='bbox 427 2309 557 2349; x_wconf 88' lang='lat' dir='ltr'><strong><em>cum</em></strong></span> <span class='ocrx_word' id='word_1_139' title='bbox 615 2295 928 2364; x_wconf 86' lang='lat' dir='ltr'><strong><em>tuebantur,</em></strong></span> <span class='ocrx_word' id='word_1_140' title='bbox 989 2299 1286 2356; x_wconf 88' lang='lat' dir='ltr'><strong><em>obsecutus</em></strong></span> <span class='ocrx_word' id='word_1_141' title='bbox 1330 2309 1499 2366; x_wconf 84' lang='lat' dir='ltr'><strong><em>esset,</em></strong></span> <span class='ocrx_word' id='word_1_142' title='bbox 1549 2311 1609 2356; x_wconf 88' lang='lat' dir='ltr'><strong><em>ut</em></strong></span> <span class='ocrx_word' id='word_1_143' title='bbox 1647 2302 1702 2355; x_wconf 91' lang='lat' dir='ltr'><strong><em>in</em></strong></span> <span class='ocrx_word' id='word_1_144' title='bbox 1752 2301 2012 2373; x_wconf 81' lang='lat' dir='ltr'><strong><em>Oppidum</em></strong></span> 
     </span>
    </p>
   </div>
   <div class='ocr_carea' id='block_1_26' title="bbox 431 2389 2016 2463">
    <p class='ocr_par' dir='ltr' id='par_1_26' title="bbox 431 2389 2016 2463">
     <span class='ocr_line' id='line_1_26' title="bbox 431 2389 2016 2463; baseline 0.004 -21"><span class='ocrx_word' id='word_1_145' title='bbox 431 2389 578 2444; x_wconf 88' lang='lat' dir='ltr'><strong><em>unde</em></strong></span> <span class='ocrx_word' id='word_1_146' title='bbox 610 2389 827 2460; x_wconf 73' lang='lat' dir='ltr'><strong><em>eiectus</em></strong></span> <span class='ocrx_word' id='word_1_147' title='bbox 860 2399 999 2457; x_wconf 90' lang='lat' dir='ltr'><strong><em>erat,</em></strong></span> <span class='ocrx_word' id='word_1_148' title='bbox 1026 2393 1424 2463; x_wconf 80' lang='lat' dir='ltr'><strong><em>regrederetur,</em></strong></span> <span class='ocrx_word' id='word_1_149' title='bbox 1455 2402 1510 2449; x_wconf 92' lang='lat' dir='ltr'><strong><em>et</em></strong></span> <span class='ocrx_word' id='word_1_150' title='bbox 1538 2393 1666 2448; x_wconf 89' lang='lat' dir='ltr'><strong><em>inde</em></strong></span> <span class='ocrx_word' id='word_1_151' title='bbox 1701 2409 1762 2451; x_wconf 89' lang='lat' dir='ltr'><strong><em>sc</em></strong></span> <span class='ocrx_word' id='word_1_152' title='bbox 1809 2395 2016 2451; x_wconf 75' lang='lat' dir='ltr'><strong><em>subdu-</em></strong></span> 
     </span>
    </p>
   </div>
   <div class='ocr_carea' id='block_1_27' title="bbox 432 2484 2016 2556">
    <p class='ocr_par' dir='ltr' id='par_1_27' title="bbox 432 2484 2016 2556">
     <span class='ocr_line' id='line_1_27' title="bbox 432 2484 2016 2556; baseline 0.004 -21"><span class='ocrx_word' id='word_1_153' title='bbox 432 2489 582 2536; x_wconf 85' lang='lat' dir='ltr'><strong><em>ceret</em></strong></span> <span class='ocrx_word' id='word_1_154' title='bbox 620 2490 929 2552; x_wconf 88' lang='lat' dir='ltr'><strong><em>proptcrea,</em></strong></span> <span class='ocrx_word' id='word_1_155' title='bbox 987 2484 1132 2554; x_wconf 87' lang='lat' dir='ltr'><strong><em>quod</em></strong></span> <span class='ocrx_word' id='word_1_156' title='bbox 1167 2485 1277 2556; x_wconf 85' lang='lat' dir='ltr'><strong><em>jam</em></strong></span> <span class='ocrx_word' id='word_1_157' title='bbox 1323 2502 1511 2541; x_wconf 87' lang='lat' dir='ltr'><strong><em>semen</em></strong></span> <span class='ocrx_word' id='word_1_158' title='bbox 1568 2486 1721 2541; x_wconf 81' lang='lat' dir='ltr'><strong><em>verbi</em></strong></span> <span class='ocrx_word' id='word_1_159' title='bbox 1773 2487 1870 2542; x_wconf 89' lang='lat' dir='ltr'><strong><em>Dei</em></strong></span> <span class='ocrx_word' id='word_1_160' title='bbox 1904 2486 2016 2542; x_wconf 90' lang='lat' dir='ltr'><strong><em>illic</em></strong></span> 
     </span>
    </p>
   </div>
   <div class='ocr_carea' id='block_1_28' title="bbox 433 2573 2017 2648">
    <p class='ocr_par' dir='ltr' id='par_1_28' title="bbox 433 2573 2017 2648">
     <span class='ocr_line' id='line_1_28' title="bbox 433 2573 2017 2648; baseline 0.003 -21"><span class='ocrx_word' id='word_1_161' title='bbox 433 2573 746 2644; x_wconf 68' lang='lat' dir='ltr'><strong><em>deiecisset,</em></strong></span> <span class='ocrx_word' id='word_1_162' title='bbox 779 2586 834 2629; x_wconf 86' lang='lat' dir='ltr'><strong><em>et</em></strong></span> <span class='ocrx_word' id='word_1_163' title='bbox 860 2576 1006 2644; x_wconf 87' lang='lat' dir='ltr'><strong><em>quod</em></strong></span> <span class='ocrx_word' id='word_1_164' title='bbox 1056 2592 1168 2631; x_wconf 90' lang='lat' dir='ltr'><strong><em>non</em></strong></span> <span class='ocrx_word' id='word_1_165' title='bbox 1205 2587 1487 2648; x_wconf 81' lang='lat' dir='ltr'><strong><em>Oporteret</em></strong></span> <span class='ocrx_word' id='word_1_166' title='bbox 1517 2593 1643 2632; x_wconf 90' lang='lat' dir='ltr'><strong><em>eum</em></strong></span> <span class='ocrx_word' id='word_1_167' title='bbox 1677 2577 2017 2633; x_wconf 87' lang='lat' dir='ltr'><strong><em>iracundiam</em></strong></span> 
     </span>
    </p>
   </div>
   <div class='ocr_carea' id='block_1_29' title="bbox 424 2663 2016 2741">
    <p class='ocr_par' dir='ltr' id='par_1_29' title="bbox 424 2663 2016 2741">
     <span class='ocr_line' id='line_1_29' title="bbox 424 2663 2016 2741; baseline 0.006 -26"><span class='ocrx_word' id='word_1_168' title='bbox 424 2664 756 2721; x_wconf 79' lang='lat' dir='ltr'><strong><em>accendere.</em></strong></span> <span class='ocrx_word' id='word_1_169' title='bbox 787 2663 895 2720; x_wconf 89' lang='lat' dir='ltr'><strong><em>Per</em></strong></span> <span class='ocrx_word' id='word_1_170' title='bbox 925 2666 1123 2723; x_wconf 84' lang='lat' dir='ltr'><strong><em>multas</em></strong></span> <span class='ocrx_word' id='word_1_171' title='bbox 1155 2671 1296 2723; x_wconf 88' lang='lat' dir='ltr'><strong><em>enim</em></strong></span> <span class='ocrx_word' id='word_1_172' title='bbox 1336 2669 1639 2741; x_wconf 72' lang='lat' dir='ltr'><strong><em>aﬂlictiones</em></strong></span> <span class='ocrx_word' id='word_1_173' title='bbox 1671 2678 1721 2724; x_wconf 92' lang='lat' dir='ltr'><strong><em>et</em></strong></span> <span class='ocrx_word' id='word_1_174' title='bbox 1744 2686 2016 2725; x_wconf 79' lang='lat' dir='ltr'><strong><em>wrumnas</em></strong></span> 
     </span>
    </p>
   </div>
   <div class='ocr_carea' id='block_1_30' title="bbox 437 2759 2016 2834">
    <p class='ocr_par' dir='ltr' id='par_1_30' title="bbox 437 2759 2016 2834">
     <span class='ocr_line' id='line_1_30' title="bbox 437 2759 2016 2834; baseline 0.004 -24"><span class='ocrx_word' id='word_1_175' title='bbox 437 2773 534 2811; x_wconf 83' lang='lat' dir='ltr'><strong><em>nos</em></strong></span> <span class='ocrx_word' id='word_1_176' title='bbox 579 2765 823 2828; x_wconf 70' lang='lat' dir='ltr'><strong><em>Opas-tere</em></strong></span> <span class='ocrx_word' id='word_1_177' title='bbox 851 2761 1056 2813; x_wconf 82' lang='lat' dir='ltr'><strong><em>intrare</em></strong></span> <span class='ocrx_word' id='word_1_178' title='bbox 1100 2763 1153 2815; x_wconf 90' lang='lat' dir='ltr'><strong><em>in</em></strong></span> <span class='ocrx_word' id='word_1_179' title='bbox 1189 2778 1407 2834; x_wconf 88' lang='lat' dir='ltr'><strong><em>regnum</em></strong></span> <span class='ocrx_word' id='word_1_180' title='bbox 1434 2761 1550 2816; x_wconf 87' lang='lat' dir='ltr'><strong><em>Dei.</em></strong></span> <span class='ocrx_word' id='word_1_181' title='bbox 1584 2759 1714 2816; x_wconf 74' lang='lat' dir='ltr'><strong><em>Vide</em></strong></span> <span class='ocrx_word' id='word_1_182' title='bbox 1740 2761 2016 2816; x_wconf 88' lang='lat' dir='ltr'><strong><em>neminem</em></strong></span> 
     </span>
    </p>
   </div>
   <div class='ocr_carea' id='block_1_31' title="bbox 423 2849 2018 2924">
    <p class='ocr_par' dir='ltr' id='par_1_31' title="bbox 423 2849 2018 2924">
     <span class='ocr_line' id='line_1_31' title="bbox 423 2849 2018 2924; baseline 0.003 -21"><span class='ocrx_word' id='word_1_183' title='bbox 423 2849 638 2919; x_wconf 80' lang='lat' dir='ltr'><strong><em>absque</em></strong></span> <span class='ocrx_word' id='word_1_184' title='bbox 683 2849 869 2905; x_wconf 86' lang='lat' dir='ltr'><strong><em>labore</em></strong></span> <span class='ocrx_word' id='word_1_185' title='bbox 897 2861 952 2906; x_wconf 93' lang='lat' dir='ltr'><strong><em>et</em></strong></span> <span class='ocrx_word' id='word_1_186' title='bbox 989 2851 1238 2908; x_wconf 86' lang='lat' dir='ltr'><strong><em>molestia</em></strong></span> <span class='ocrx_word' id='word_1_187' title='bbox 1265 2852 1579 2924; x_wconf 70' lang='lat' dir='ltr'><strong><em>iustiﬁcari.</em></strong></span> <span class='ocrx_word' id='word_1_188' title='bbox 1613 2852 1833 2907; x_wconf 76' lang='lat' dir='ltr'><strong><em>Arctum</em></strong></span> <span class='ocrx_word' id='word_1_189' title='bbox 1865 2852 2018 2909; x_wconf 88' lang='lat' dir='ltr'><strong><em>enim</em></strong></span> 
     </span>
    </p>
   </div>
   <div class='ocr_carea' id='block_1_32' title="bbox 435 2939 2015 3016">
    <p class='ocr_par' dir='ltr' id='par_1_32' title="bbox 435 2939 2015 3016">
     <span class='ocr_line' id='line_1_32' title="bbox 435 2939 2015 3016; baseline 0.003 -23"><span class='ocrx_word' id='word_1_190' title='bbox 435 2939 636 2996; x_wconf 90' lang='lat' dir='ltr'><strong><em>idcirco</em></strong></span> <span class='ocrx_word' id='word_1_191' title='bbox 664 2948 717 2995; x_wconf 90' lang='lat' dir='ltr'><strong><em>et</em></strong></span> <span class='ocrx_word' id='word_1_192' title='bbox 745 2950 1051 3012; x_wconf 78' lang='lat' dir='ltr'><strong><em>angustam,</em></strong></span> <span class='ocrx_word' id='word_1_193' title='bbox 1081 2959 1200 3012; x_wconf 90' lang='lat' dir='ltr'><strong><em>pro-</em></strong></span> <span class='ocrx_word' id='word_1_194' title='bbox 1219 2957 1309 3010; x_wconf 86' lang='lat' dir='ltr'><strong><em>eo,</em></strong></span> <span class='ocrx_word' id='word_1_195' title='bbox 1339 2943 1484 3013; x_wconf 88' lang='lat' dir='ltr'><strong><em>quod</em></strong></span> <span class='ocrx_word' id='word_1_196' title='bbox 1512 2952 1598 2998; x_wconf 90' lang='lat' dir='ltr'><strong><em>est</em></strong></span> <span class='ocrx_word' id='word_1_197' title='bbox 1643 2943 2015 3016; x_wconf 81' lang='lat' dir='ltr'><strong><em>angustiarum</em></strong></span> 
     </span>
    </p>
   </div>
   <div class='ocr_carea' id='block_1_33' title="bbox 423 3030 2015 3107">
    <p class='ocr_par' dir='ltr' id='par_1_33' title="bbox 423 3030 2015 3107">
     <span class='ocr_line' id='line_1_33' title="bbox 423 3030 2015 3107; baseline 0.005 -24"><span class='ocrx_word' id='word_1_198' title='bbox 423 3040 491 3083; x_wconf 86' lang='lat' dir='ltr'><strong><em>et</em></strong></span> <span class='ocrx_word' id='word_1_199' title='bbox 515 3030 871 3086; x_wconf 82' lang='lat' dir='ltr'><strong><em>atllictionum</em></strong></span> <span class='ocrx_word' id='word_1_200' title='bbox 931 3033 1174 3101; x_wconf 86' lang='lat' dir='ltr'><strong><em>plenam,</em></strong></span> <span class='ocrx_word' id='word_1_201' title='bbox 1217 3034 1481 3089; x_wconf 85' lang='lat' dir='ltr'><strong><em>Dominus</em></strong></span> <span class='ocrx_word' id='word_1_202' title='bbox 1502 3035 1635 3090; x_wconf 82' lang='lat' dir='ltr'><strong><em>dixit</em></strong></span> <span class='ocrx_word' id='word_1_203' title='bbox 1657 3050 1779 3090; x_wconf 90' lang='lat' dir='ltr'><strong><em>esse</em></strong></span> <span class='ocrx_word' id='word_1_204' title='bbox 1803 3046 2015 3107; x_wconf 85' lang='lat' dir='ltr'><strong><em>portam</em></strong></span> 
     </span>
    </p>
   </div>
   <div class='ocr_carea' id='block_1_34' title="bbox 432 3121 2090 3225">
    <p class='ocr_par' dir='ltr' id='par_1_34' title="bbox 432 3121 2090 3225">
     <span class='ocr_line' id='line_1_34' title="bbox 432 3121 2090 3225; baseline 0.006 -52"><span class='ocrx_word' id='word_1_205' title='bbox 432 3121 556 3186; x_wconf 71' lang='lat' dir='ltr'><strong><em>vim,</em></strong></span> <span class='ocrx_word' id='word_1_206' title='bbox 603 3138 724 3189; x_wconf 70' lang='lat' dir='ltr'><strong><em>quae</em></strong></span> <span class='ocrx_word' id='word_1_207' title='bbox 756 3123 1056 3193; x_wconf 88' lang='lat' dir='ltr'><strong><em>pertineret</em></strong></span> <span class='ocrx_word' id='word_1_208' title='bbox 1088 3140 1151 3180; x_wconf 92' lang='lat' dir='ltr'><strong><em>ac</em></strong></span> <span class='ocrx_word' id='word_1_209' title='bbox 1185 3124 1415 3181; x_wconf 88' lang='lat' dir='ltr'><strong><em>duceret</em></strong></span> <span class='ocrx_word' id='word_1_210' title='bbox 1467 3127 1534 3180; x_wconf 88' lang='lat' dir='ltr'><strong><em>ad</em></strong></span> <span class='ocrx_word' id='word_1_211' title='bbox 1578 3142 1809 3198; x_wconf 75' lang='lat' dir='ltr'><strong><em>regnum</em></strong></span> <span class='ocrx_word' id='word_1_212' title='bbox 1839 3126 2008 3201; x_wconf 90' lang='lat' dir='ltr'><strong><em>[Dei].</em></strong></span> <span class='ocrx_word' id='word_1_213' title='bbox 2040 3161 2090 3225; x_wconf 65' lang='grc' dir='ltr'>ο</span> 
     </span>
    </p>
   </div>
   <div class='ocr_carea' id='block_1_35' title="bbox 425 3213 2012 3289">
    <p class='ocr_par' dir='ltr' id='par_1_35' title="bbox 425 3213 2012 3289">
     <span class='ocr_line' id='line_1_35' title="bbox 425 3213 2012 3289; baseline 0.004 -21"><span class='ocrx_word' id='word_1_214' title='bbox 425 3213 550 3269; x_wconf 82' lang='lat' dir='ltr'><strong><em>Non</em></strong></span> <span class='ocrx_word' id='word_1_215' title='bbox 573 3215 892 3286; x_wconf 86' lang='lat' dir='ltr'><strong><em>simpliciter</em></strong></span> <span class='ocrx_word' id='word_1_216' title='bbox 918 3226 1098 3272; x_wconf 85' lang='lat' dir='ltr'><strong><em>autem</em></strong></span> <span class='ocrx_word' id='word_1_217' title='bbox 1121 3218 1518 3289; x_wconf 89' lang='lat' dir='ltr'><strong><em>qualiscunque</em></strong></span> <span class='ocrx_word' id='word_1_218' title='bbox 1541 3220 1762 3276; x_wconf 69' lang='lat' dir='ltr'><strong><em>atllicuo</em></strong></span> <span class='ocrx_word' id='word_1_219' title='bbox 1781 3221 1934 3277; x_wconf 85' lang='lat' dir='ltr'><strong><em>ducit</em></strong></span> <span class='ocrx_word' id='word_1_220' title='bbox 1956 3223 2012 3276; x_wconf 87' lang='lat' dir='ltr'><strong><em>in</em></strong></span> 
     </span>
    </p>
   </div>
   <div class='ocr_carea' id='block_1_36' title="bbox 433 3305 2008 3379">
    <p class='ocr_par' dir='ltr' id='par_1_36' title="bbox 433 3305 2008 3379">
     <span class='ocr_line' id='line_1_36' title="bbox 433 3305 2008 3379; baseline 0.004 -18"><span class='ocrx_word' id='word_1_221' title='bbox 433 3321 661 3377; x_wconf 79' lang='lat' dir='ltr'><strong><em>regnum</em></strong></span> <span class='ocrx_word' id='word_1_222' title='bbox 680 3305 796 3373; x_wconf 87' lang='lat' dir='ltr'><strong><em>Dei,</em></strong></span> <span class='ocrx_word' id='word_1_223' title='bbox 820 3309 916 3362; x_wconf 89' lang='lat' dir='ltr'><strong><em>sed</em></strong></span> <span class='ocrx_word' id='word_1_224' title='bbox 939 3323 1060 3378; x_wconf 69' lang='lat' dir='ltr'><strong><em>quae</em></strong></span> <span class='ocrx_word' id='word_1_225' title='bbox 1078 3319 1302 3379; x_wconf 89' lang='lat' dir='ltr'><strong><em>propter</em></strong></span> <span class='ocrx_word' id='word_1_226' title='bbox 1325 3309 1486 3366; x_wconf 86' lang='lat' dir='ltr'><strong><em>tidem</em></strong></span> <span class='ocrx_word' id='word_1_227' title='bbox 1501 3311 1702 3367; x_wconf 85' lang='lat' dir='ltr'><strong><em>accidit</em></strong></span> <span class='ocrx_word' id='word_1_228' title='bbox 1733 3311 1790 3367; x_wconf 88' lang='lat' dir='ltr'><strong><em>in</em></strong></span> <span class='ocrx_word' id='word_1_229' title='bbox 1814 3313 2008 3368; x_wconf 89' lang='lat' dir='ltr'><strong><em>Deum.</em></strong></span> 
     </span>
    </p>
   </div>
   <div class='ocr_carea' id='block_1_37' title="bbox 429 3399 2012 3476">
    <p class='ocr_par' dir='ltr' id='par_1_37' title="bbox 429 3399 2012 3476">
     <span class='ocr_line' id='line_1_37' title="bbox 429 3399 2012 3476; baseline 0.006 -27"><span class='ocrx_word' id='word_1_230' title='bbox 429 3399 495 3449; x_wconf 84' lang='lat' dir='ltr'><strong><em>Et</em></strong></span> <span class='ocrx_word' id='word_1_231' title='bbox 515 3414 633 3450; x_wconf 88' lang='lat' dir='ltr'><strong><em>cum</em></strong></span> <span class='ocrx_word' id='word_1_232' title='bbox 663 3400 994 3454; x_wconf 87' lang='lat' dir='ltr'><strong><em>ordinassent</em></strong></span> <span class='ocrx_word' id='word_1_233' title='bbox 1036 3413 1196 3472; x_wconf 90' lang='lat' dir='ltr'><strong><em>atque</em></strong></span> <span class='ocrx_word' id='word_1_234' title='bbox 1226 3403 1614 3458; x_wconf 88' lang='lat' dir='ltr'><strong><em>constituissent</em></strong></span> <span class='ocrx_word' id='word_1_235' title='bbox 1647 3403 1756 3458; x_wconf 85' lang='lat' dir='ltr'><strong><em>illis</em></strong></span> <span class='ocrx_word' id='word_1_236' title='bbox 1797 3405 2012 3476; x_wconf 82' lang='lat' dir='ltr'><strong><em>presby-</em></strong></span> 
     </span>
    </p>
   </div>
   <div class='ocr_carea' id='block_1_38' title="bbox 434 3494 2014 3567">
    <p class='ocr_par' dir='ltr' id='par_1_38' title="bbox 434 3494 2014 3567">
     <span class='ocr_line' id='line_1_38' title="bbox 434 3494 2014 3567; baseline 0.005 -23"><span class='ocrx_word' id='word_1_237' title='bbox 434 3501 594 3556; x_wconf 83' lang='lat' dir='ltr'><strong><em>teros,</em></strong></span> <span class='ocrx_word' id='word_1_238' title='bbox 631 3502 738 3549; x_wconf 87' lang='lat' dir='ltr'><strong><em>etc.</em></strong></span> <span class='ocrx_word' id='word_1_239' title='bbox 762 3494 940 3547; x_wconf 88' lang='lat' dir='ltr'><strong><em>Etiam</em></strong></span> <span class='ocrx_word' id='word_1_240' title='bbox 973 3495 1027 3548; x_wconf 87' lang='lat' dir='ltr'><strong><em>in</em></strong></span> <span class='ocrx_word' id='word_1_241' title='bbox 1063 3495 1455 3550; x_wconf 88' lang='lat' dir='ltr'><strong><em>teutationibus</em></strong></span> <span class='ocrx_word' id='word_1_242' title='bbox 1493 3496 1855 3567; x_wconf 70' lang='lat' dir='ltr'><strong><em>ieiunandum</em></strong></span> <span class='ocrx_word' id='word_1_243' title='bbox 1892 3511 2014 3552; x_wconf 86' lang='lat' dir='ltr'><strong><em>esse</em></strong></span> 
     </span>
    </p>
   </div>
   <div class='ocr_carea' id='block_1_39' title="bbox 432 3585 2050 3665">
    <p class='ocr_par' dir='ltr' id='par_1_39' title="bbox 432 3585 2050 3665">
     <span class='ocr_line' id='line_1_39' title="bbox 432 3585 2050 3665; baseline 0.004 -28"><span class='ocrx_word' id='word_1_244' title='bbox 432 3585 720 3651; x_wconf 83' lang='lat' dir='ltr'><strong><em>docebant,</em></strong></span> <span class='ocrx_word' id='word_1_245' title='bbox 747 3594 801 3642; x_wconf 85' lang='lat' dir='ltr'><strong><em>et</em></strong></span> <span class='ocrx_word' id='word_1_246' title='bbox 847 3602 970 3642; x_wconf 89' lang='lat' dir='ltr'><strong><em>cum</em></strong></span> <span class='ocrx_word' id='word_1_247' title='bbox 998 3588 1227 3660; x_wconf 85' lang='lat' dir='ltr'><strong><em>jejuniis</em></strong></span> <span class='ocrx_word' id='word_1_248' title='bbox 1263 3589 1470 3644; x_wconf 75' lang='lat' dir='ltr'><strong><em>ﬁebant</em></strong></span> <span class='ocrx_word' id='word_1_249' title='bbox 1508 3588 1919 3647; x_wconf 88' lang='lat' dir='ltr'><strong><em>ordinationes.</em></strong></span> <span class='ocrx_word' id='word_1_250' title='bbox 1952 3589 2012 3644; x_wconf 90' lang='lat' dir='ltr'><strong><em>In</em></strong></span> <span class='ocrx_word' id='word_1_251' title='bbox 2038 3659 2050 3665; x_wconf 89' lang='lat'>_</span> 
     </span>
    </p>
   </div>
   <div class='ocr_carea' id='block_1_40' title="bbox 432 3678 2014 3754">
    <p class='ocr_par' dir='ltr' id='par_1_40' title="bbox 432 3678 2014 3754">
     <span class='ocr_line' id='line_1_40' title="bbox 432 3678 2014 3754; baseline 0.004 -23"><span class='ocrx_word' id='word_1_252' title='bbox 432 3678 613 3747; x_wconf 84' lang='lat' dir='ltr'><strong><em>Cypro</em></strong></span> <span class='ocrx_word' id='word_1_253' title='bbox 651 3687 834 3734; x_wconf 87' lang='lat' dir='ltr'><strong><em>autem</em></strong></span> <span class='ocrx_word' id='word_1_254' title='bbox 888 3695 997 3734; x_wconf 92' lang='lat' dir='ltr'><strong><em>non</em></strong></span> <span class='ocrx_word' id='word_1_255' title='bbox 1055 3683 1298 3737; x_wconf 79' lang='lat' dir='ltr'><strong><em>fecerant</em></strong></span> <span class='ocrx_word' id='word_1_256' title='bbox 1332 3683 1678 3754; x_wconf 75' lang='lat' dir='ltr'><strong><em>presbyteros</em></strong></span> <span class='ocrx_word' id='word_1_257' title='bbox 1700 3725 1714 3750; x_wconf 91' lang='lat'><strong><em>,</em></strong></span> <span class='ocrx_word' id='word_1_258' title='bbox 1747 3699 1925 3754; x_wconf 89' lang='lat' dir='ltr'><strong><em>neque</em></strong></span> <span class='ocrx_word' id='word_1_259' title='bbox 1957 3685 2014 3738; x_wconf 90' lang='lat' dir='ltr'><strong><em>in</em></strong></span> 
     </span>
    </p>
   </div>
   <div class='ocr_carea' id='block_1_41' title="bbox 432 3769 2014 3848">
    <p class='ocr_par' dir='ltr' id='par_1_41' title="bbox 432 3769 2014 3848">
     <span class='ocr_line' id='line_1_41' title="bbox 432 3769 2014 3848; baseline 0.007 -25"><span class='ocrx_word' id='word_1_260' title='bbox 432 3769 678 3825; x_wconf 84' lang='lat' dir='ltr'><strong><em>Samaria</em></strong></span> <span class='ocrx_word' id='word_1_261' title='bbox 707 3788 721 3824; x_wconf 87' lang='lat'><strong>:</strong></span> <span class='ocrx_word' id='word_1_262' title='bbox 749 3775 874 3842; x_wconf 89' lang='lat' dir='ltr'><strong><em>quia</em></strong></span> <span class='ocrx_word' id='word_1_263' title='bbox 906 3774 1023 3829; x_wconf 64' lang='lat' dir='ltr'><strong><em>haec</em></strong></span> <span class='ocrx_word' id='word_1_264' title='bbox 1041 3775 1264 3846; x_wconf 86' lang='lat' dir='ltr'><strong><em>quidem</em></strong></span> <span class='ocrx_word' id='word_1_265' title='bbox 1297 3776 1682 3848; x_wconf 72' lang='lat' dir='ltr'><strong><em>llierosolytnre</em></strong></span> <span class='ocrx_word' id='word_1_266' title='bbox 1705 3786 1761 3832; x_wconf 84' lang='lat' dir='ltr'><strong><em>et</em></strong></span> <span class='ocrx_word' id='word_1_267' title='bbox 1789 3787 2014 3848; x_wconf 86' lang='lat' dir='ltr'><strong><em>aposto-</em></strong></span> 
     </span>
    </p>
   </div>
   <div class='ocr_carea' id='block_1_42' title="bbox 423 3864 2012 3941">
    <p class='ocr_par' dir='ltr' id='par_1_42' title="bbox 423 3864 2012 3941">
     <span class='ocr_line' id='line_1_42' title="bbox 423 3864 2012 3941; baseline 0.006 -24"><span class='ocrx_word' id='word_1_268' title='bbox 423 3864 640 3919; x_wconf 75' lang='lat' dir='ltr'><strong><em>liserat</em></strong></span> <span class='ocrx_word' id='word_1_269' title='bbox 662 3865 861 3933; x_wconf 81' lang='lat' dir='ltr'><strong><em>vicina,</em></strong></span> <span class='ocrx_word' id='word_1_270' title='bbox 893 3877 1058 3938; x_wconf 85' lang='lat' dir='ltr'><strong><em>atque</em></strong></span> <span class='ocrx_word' id='word_1_271' title='bbox 1087 3869 1251 3924; x_wconf 86' lang='lat' dir='ltr'><strong><em>etiam</em></strong></span> <span class='ocrx_word' id='word_1_272' title='bbox 1282 3868 1338 3924; x_wconf 91' lang='lat' dir='ltr'><strong><em>in</em></strong></span> <span class='ocrx_word' id='word_1_273' title='bbox 1391 3869 1508 3941; x_wconf 87' lang='lat' dir='ltr'><strong><em>ipsa</em></strong></span> <span class='ocrx_word' id='word_1_274' title='bbox 1551 3871 1845 3927; x_wconf 81' lang='lat' dir='ltr'><strong><em>Antiochia</em></strong></span> <span class='ocrx_word' id='word_1_275' title='bbox 1884 3887 2012 3926; x_wconf 86' lang='lat' dir='ltr'><strong><em>ver-</em></strong></span> 
     </span>
    </p>
   </div>
   <div class='ocr_carea' id='block_1_43' title="bbox 2113 544 3697 624">
    <p class='ocr_par' dir='ltr' id='par_1_43' title="bbox 2113 544 3697 624">
     <span class='ocr_line' id='line_1_43' title="bbox 2113 544 3697 624; baseline 0.001 -22"><span class='ocrx_word' id='word_1_276' title='bbox 2113 544 2280 620; x_wconf 81' lang='grc' dir='ltr'><em>ἦσαν</em></span> <span class='ocrx_word' id='word_1_277' title='bbox 2342 545 2814 624; x_wconf 74' lang='grc' dir='ltr'><em>παραδεδομένοι</em></span> <span class='ocrx_word' id='word_1_278' title='bbox 2858 545 2935 615; x_wconf 78' lang='grc' dir='ltr'><em>τῇ</em></span> <span class='ocrx_word' id='word_1_279' title='bbox 2956 545 3150 615; x_wconf 79' lang='grc' dir='ltr'><em>χάριτι</em></span> <span class='ocrx_word' id='word_1_280' title='bbox 3191 547 3298 602; x_wconf 87' lang='grc' dir='ltr'><strong><em>τοῦ</em></strong></span> <span class='ocrx_word' id='word_1_281' title='bbox 3332 549 3482 604; x_wconf 85' lang='grc' dir='ltr'><em>Θεοῦ</em></span> <span class='ocrx_word' id='word_1_282' title='bbox 3507 551 3597 616; x_wconf 79' lang='grc' dir='ltr'><strong><em>εις</em></strong></span> <span class='ocrx_word' id='word_1_283' title='bbox 3627 552 3697 624; x_wconf 63' lang='grc' dir='ltr'><em>τὸ</em></span> 
     </span>
    </p>
   </div>
   <div class='ocr_carea' id='block_1_44' title="bbox 2115 621 3666 709">
    <p class='ocr_par' dir='ltr' id='par_1_44' title="bbox 2115 621 3666 709">
     <span class='ocr_line' id='line_1_44' title="bbox 2115 621 3666 709; baseline -0.001 -15"><span class='ocrx_word' id='word_1_284' title='bbox 2115 643 2294 709; x_wconf 67' lang='grc' dir='ltr'><em>ἔργον</em></span> <span class='ocrx_word' id='word_1_285' title='bbox 2309 638 2339 692; x_wconf 86' lang='grc' dir='ltr'>ὃ</span> <span class='ocrx_word' id='word_1_286' title='bbox 2357 621 2748 708; x_wconf 67' lang='grc' dir='ltr'><em>ἐπλήρωσαν.</em></span> <span class='ocrx_word' id='word_1_287' title='bbox 3645 621 3666 628; x_wconf 35' lang='grc' dir='ltr'><em>ρ</em></span> 
     </span>
    </p>
   </div>
   <div class='ocr_carea' id='block_1_45' title="bbox 2187 731 3702 804">
    <p class='ocr_par' dir='ltr' id='par_1_45' title="bbox 2187 731 3702 804">
     <span class='ocr_line' id='line_1_45' title="bbox 2187 731 3702 804; baseline 0.002 -19"><span class='ocrx_word' id='word_1_288' title='bbox 2187 732 2670 801; x_wconf 74' lang='grc' dir='ltr'><strong><em>Παραγενόμενοι</em></strong></span> <span class='ocrx_word' id='word_1_289' title='bbox 2695 731 2764 784; x_wconf 89' lang='grc' dir='ltr'><em>δὲ</em></span> <span class='ocrx_word' id='word_1_290' title='bbox 2785 731 2885 784; x_wconf 79' lang='grc' dir='ltr'><em>καὶ</em></span> <span class='ocrx_word' id='word_1_291' title='bbox 2931 733 3387 804; x_wconf 61' lang='grc' dir='ltr'><em>συναγαγόντες</em></span> <span class='ocrx_word' id='word_1_292' title='bbox 3417 733 3537 802; x_wconf 74' lang='grc' dir='ltr'><em>τὴν</em></span> <span class='ocrx_word' id='word_1_293' title='bbox 3571 734 3702 804; x_wconf 76' lang='grc' dir='ltr'><strong><em>Ἔκ-</em></strong></span> 
     </span>
    </p>
   </div>
   <div class='ocr_carea' id='block_1_46' title="bbox 2117 821 3700 896">
    <p class='ocr_par' dir='ltr' id='par_1_46' title="bbox 2117 821 3700 896">
     <span class='ocr_line' id='line_1_46' title="bbox 2117 821 3700 896; baseline 0.003 -21"><span class='ocrx_word' id='word_1_294' title='bbox 2117 823 2406 890; x_wconf 76' lang='grc' dir='ltr'><em>κλησίαν,</em></span> <span class='ocrx_word' id='word_1_295' title='bbox 2454 821 2825 893; x_wconf 58' lang='lat' dir='ltr'><strong><em>(ly-rimentur</em></strong></span> <span class='ocrx_word' id='word_1_296' title='bbox 2855 822 2972 877; x_wconf 81' lang='grc' dir='ltr'><em>ὅσα</em></span> <span class='ocrx_word' id='word_1_297' title='bbox 2998 825 3292 893; x_wconf 79' lang='grc' dir='ltr'><em>ἐποίησεν</em></span> <span class='ocrx_word' id='word_1_298' title='bbox 3327 829 3360 880; x_wconf 90' lang='grc' dir='ltr'><strong><em>ό</em></strong></span> <span class='ocrx_word' id='word_1_299' title='bbox 3401 827 3548 892; x_wconf 82' lang='grc' dir='ltr'><em>Θεὸς</em></span> <span class='ocrx_word' id='word_1_300' title='bbox 3571 828 3700 896; x_wconf 83' lang='grc' dir='ltr'><em>μετ’</em></span> 
     </span>
    </p>
   </div>
   <div class='ocr_carea' id='block_1_47' title="bbox 2117 913 3702 986">
    <p class='ocr_par' dir='ltr' id='par_1_47' title="bbox 2117 913 3702 986">
     <span class='ocr_line' id='line_1_47' title="bbox 2117 913 3702 986; baseline 0.002 -17"><span class='ocrx_word' id='word_1_301' title='bbox 2117 913 2315 969; x_wconf 83' lang='grc' dir='ltr'><em>αὐτῶν</em></span> <span class='ocrx_word' id='word_1_302' title='bbox 2341 952 2357 979; x_wconf 94' lang='grc'><strong><em>,</em></strong></span> <span class='ocrx_word' id='word_1_303' title='bbox 2424 914 2525 969; x_wconf 76' lang='grc' dir='ltr'><em>καὶ</em></span> <span class='ocrx_word' id='word_1_304' title='bbox 2559 914 2646 969; x_wconf 85' lang='grc' dir='ltr'><em>ὅτι</em></span> <span class='ocrx_word' id='word_1_305' title='bbox 2692 914 2901 984; x_wconf 78' lang='grc' dir='ltr'><strong><em>ἤνοιξε</em></strong></span> <span class='ocrx_word' id='word_1_306' title='bbox 2967 915 3093 982; x_wconf 82' lang='grc' dir='ltr'><em>τοῖς</em></span> <span class='ocrx_word' id='word_1_307' title='bbox 3134 918 3340 971; x_wconf 69' lang='grc' dir='ltr'><em>ἔθνεσι</em></span> <span class='ocrx_word' id='word_1_308' title='bbox 3374 919 3566 986; x_wconf 81' lang='grc' dir='ltr'><em>θύραν</em></span> <span class='ocrx_word' id='word_1_309' title='bbox 3603 921 3702 972; x_wconf 85' lang='grc' dir='ltr'><strong><em>πι-</em></strong></span> 
     </span>
    </p>
   </div>
   <div class='ocr_carea' id='block_1_48' title="bbox 2117 1022 2332 1071">
    <p class='ocr_par' dir='ltr' id='par_1_48' title="bbox 2117 1022 2332 1071">
     <span class='ocr_line' id='line_1_48' title="bbox 2117 1022 2332 1071; baseline 0.005 -13"><span class='ocrx_word' id='word_1_310' title='bbox 2117 1022 2332 1071; x_wconf 88' lang='grc' dir='ltr'><em>στεως.</em></span> 
     </span>
    </p>
   </div>
   <div class='ocr_carea' id='block_1_49' title="bbox 2185 1097 3700 1170">
    <p class='ocr_par' dir='ltr' id='par_1_49' title="bbox 2185 1097 3700 1170">
     <span class='ocr_line' id='line_1_49' title="bbox 2185 1097 3700 1170; baseline 0.002 -19"><span class='ocrx_word' id='word_1_311' title='bbox 2185 1098 2485 1168; x_wconf 80' lang='grc' dir='ltr'><em>Διέτριόον</em></span> <span class='ocrx_word' id='word_1_312' title='bbox 2514 1097 2583 1152; x_wconf 86' lang='grc' dir='ltr'><em>δὲ</em></span> <span class='ocrx_word' id='word_1_313' title='bbox 2607 1097 2735 1153; x_wconf 82' lang='grc' dir='ltr'><em>ἐκεῖ</em></span> <span class='ocrx_word' id='word_1_314' title='bbox 2759 1100 2987 1170; x_wconf 80' lang='grc' dir='ltr'><em>χρόνον</em></span> <span class='ocrx_word' id='word_1_315' title='bbox 3025 1101 3137 1154; x_wconf 82' lang='grc' dir='ltr'><em>οὐκ</em></span> <span class='ocrx_word' id='word_1_316' title='bbox 3174 1100 3382 1170; x_wconf 75' lang='grc' dir='ltr'><em>ὀλίγον</em></span> <span class='ocrx_word' id='word_1_317' title='bbox 3405 1100 3528 1155; x_wconf 87' lang='grc' dir='ltr'><em>σὺν</em></span> <span class='ocrx_word' id='word_1_318' title='bbox 3575 1101 3700 1167; x_wconf 84' lang='grc' dir='ltr'><em>τοῖς</em></span> 
     </span>
    </p>
   </div>
   <div class='ocr_carea' id='block_1_50' title="bbox 2114 1191 2435 1262">
    <p class='ocr_par' dir='ltr' id='par_1_50' title="bbox 2114 1191 2435 1262">
     <span class='ocr_line' id='line_1_50' title="bbox 2114 1191 2435 1262; baseline 0.006 -17"><span class='ocrx_word' id='word_1_319' title='bbox 2114 1191 2435 1262; x_wconf 81' lang='grc' dir='ltr'><strong><em>μαθηταῖς.</em></strong></span> 
     </span>
    </p>
   </div>
   <div class='ocr_carea' id='block_1_51' title="bbox 2188 1280 3700 1358">
    <p class='ocr_par' dir='ltr' id='par_1_51' title="bbox 2188 1280 3700 1358">
     <span class='ocr_line' id='line_1_51' title="bbox 2188 1280 3700 1358; baseline 0.003 -20"><span class='ocrx_word' id='word_1_320' title='bbox 2188 1285 2298 1339; x_wconf 79' lang='grc' dir='ltr'><strong><em>Καὶ</em></strong></span> <span class='ocrx_word' id='word_1_321' title='bbox 2333 1286 2656 1352; x_wconf 79' lang='grc' dir='ltr'><em>πείσαντες</em></span> <span class='ocrx_word' id='word_1_322' title='bbox 2707 1283 2850 1351; x_wconf 78' lang='grc' dir='ltr'><em>τοὺς</em></span> <span class='ocrx_word' id='word_1_323' title='bbox 2881 1280 3130 1354; x_wconf 70' lang='grc' dir='ltr'><em>ὄχλους.</em></span> <span class='ocrx_word' id='word_1_324' title='bbox 3163 1286 3266 1339; x_wconf 85' lang='grc' dir='ltr'><strong><em>Ἴδε</em></strong></span> <span class='ocrx_word' id='word_1_325' title='bbox 3293 1286 3504 1357; x_wconf 80' lang='grc' dir='ltr'><em>’μανίας</em></span> <span class='ocrx_word' id='word_1_326' title='bbox 3533 1288 3632 1358; x_wconf 82' lang='grc' dir='ltr'><em>τῆς</em></span> <span class='ocrx_word' id='word_1_327' title='bbox 3653 1288 3700 1320; x_wconf 70' lang='grc'><strong><em>³⁸</em></strong></span> 
     </span>
    </p>
   </div>
   <div class='ocr_carea' id='block_1_52' title="bbox 2131 1372 3703 1446">
    <p class='ocr_par' dir='ltr' id='par_1_52' title="bbox 2131 1372 3703 1446">
     <span class='ocr_line' id='line_1_52' title="bbox 2131 1372 3703 1446; baseline -0.002 -18"><span class='ocrx_word' id='word_1_328' title='bbox 2131 1374 2461 1444; x_wconf 27' lang='grc' dir='ltr'><em>Ἰουδαϊκῆς-⁸</em></span> <span class='ocrx_word' id='word_1_329' title='bbox 2501 1377 2582 1440; x_wconf 79' lang='grc' dir='ltr'><em>εἰς</em></span> <span class='ocrx_word' id='word_1_330' title='bbox 2613 1377 2784 1446; x_wconf 83' lang='grc' dir='ltr'><em>δῆμον</em></span> <span class='ocrx_word' id='word_1_331' title='bbox 2815 1372 3296 1446; x_wconf 83' lang='grc' dir='ltr'><em>οὖτωτιμήσαντα</em></span> <span class='ocrx_word' id='word_1_332' title='bbox 3327 1377 3451 1439; x_wconf 76' lang='grc' dir='ltr'><em>τοὺς</em></span> <span class='ocrx_word' id='word_1_333' title='bbox 3470 1378 3703 1430; x_wconf 81' lang='grc' dir='ltr'><em>ἀποστό.</em></span> 
     </span>
    </p>
   </div>
   <div class='ocr_carea' id='block_1_53' title="bbox 2118 1453 3701 1540">
    <p class='ocr_par' dir='ltr' id='par_1_53' title="bbox 2118 1453 3701 1540">
     <span class='ocr_line' id='line_1_53' title="bbox 2118 1453 3701 1540; baseline 0.002 -21"><span class='ocrx_word' id='word_1_334' title='bbox 2118 1466 2266 1530; x_wconf 87' lang='grc' dir='ltr'><em>λους,</em></span> <span class='ocrx_word' id='word_1_335' title='bbox 2312 1469 2546 1538; x_wconf 78' lang='grc' dir='ltr'><em>ἐμϐῆναι</em></span> <span class='ocrx_word' id='word_1_336' title='bbox 2596 1469 2692 1523; x_wconf 66' lang='grc' dir='ltr'><strong><em>καὶ⁵</em></strong></span> <span class='ocrx_word' id='word_1_337' title='bbox 2720 1471 2905 1522; x_wconf 84' lang='grc' dir='ltr'><em>πεῖσαι</em></span> <span class='ocrx_word' id='word_1_338' title='bbox 2938 1466 3178 1524; x_wconf 79' lang='grc' dir='ltr'><strong><em>λιθάσαι.</em></strong></span> <span class='ocrx_word' id='word_1_339' title='bbox 3209 1467 3356 1536; x_wconf 77' lang='grc' dir='ltr'><strong><em>Ἐξω</em></strong></span> <span class='ocrx_word' id='word_1_340' title='bbox 3384 1469 3442 1522; x_wconf 81' lang='grc' dir='ltr'><em>δὲ</em></span> <span class='ocrx_word' id='word_1_341' title='bbox 3479 1453 3579 1540; x_wconf 81' lang='grc' dir='ltr'><em>τῆς</em></span> <span class='ocrx_word' id='word_1_342' title='bbox 3603 1471 3701 1522; x_wconf 81' lang='grc' dir='ltr'><strong><em>πό-</em></strong></span> 
     </span>
    </p>
   </div>
   <div class='ocr_carea' id='block_1_54' title="bbox 2117 1557 3699 1633">
    <p class='ocr_par' dir='ltr' id='par_1_54' title="bbox 2117 1557 3699 1633">
     <span class='ocr_line' id='line_1_54' title="bbox 2117 1557 3699 1633; baseline 0.004 -23"><span class='ocrx_word' id='word_1_343' title='bbox 2117 1557 2254 1623; x_wconf 88' lang='grc' dir='ltr'><em>λεως</em></span> <span class='ocrx_word' id='word_1_344' title='bbox 2281 1560 2475 1631; x_wconf 82' lang='grc' dir='ltr'><em>ἐσυρον</em></span> <span class='ocrx_word' id='word_1_345' title='bbox 2499 1561 2802 1625; x_wconf 82' lang='grc' dir='ltr'><em>δεδοικότες</em></span> <span class='ocrx_word' id='word_1_346' title='bbox 2837 1561 3098 1625; x_wconf 76' lang='grc' dir='ltr'><strong><em>ἐκείνους.</em></strong></span> <span class='ocrx_word' id='word_1_347' title='bbox 3131 1561 3377 1633; x_wconf 80' lang='grc' dir='ltr'><em>Σπουδὴν</em></span> <span class='ocrx_word' id='word_1_348' title='bbox 3409 1561 3519 1633; x_wconf 70' lang='grc' dir='ltr'><strong><em>γὰρ</em></strong></span> <span class='ocrx_word' id='word_1_349' title='bbox 3547 1564 3699 1616; x_wconf 76' lang='grc' dir='ltr'><em>ἐποι-</em></span> 
     </span>
    </p>
   </div>
   <div class='ocr_carea' id='block_1_55' title="bbox 2122 1652 3698 1726">
    <p class='ocr_par' dir='ltr' id='par_1_55' title="bbox 2122 1652 3698 1726">
     <span class='ocr_line' id='line_1_55' title="bbox 2122 1652 3698 1726; baseline 0.001 -20"><span class='ocrx_word' id='word_1_350' title='bbox 2122 1652 2280 1707; x_wconf 83' lang='grc' dir='ltr'><em>οῦντο</em></span> <span class='ocrx_word' id='word_1_351' title='bbox 2309 1653 2558 1708; x_wconf 73' lang='grc' dir='ltr'><strong><em>καθελεῖν</em></strong></span> <span class='ocrx_word' id='word_1_352' title='bbox 2604 1654 2664 1707; x_wconf 86' lang='grc' dir='ltr'><em>τὸ</em></span> <span class='ocrx_word' id='word_1_353' title='bbox 2697 1655 2981 1726; x_wconf 79' lang='grc' dir='ltr'><em>κήρυγμα.</em></span> <span class='ocrx_word' id='word_1_354' title='bbox 3021 1653 3188 1726; x_wconf 80' lang='grc' dir='ltr'><em>Ὁρᾷς</em></span> <span class='ocrx_word' id='word_1_355' title='bbox 3243 1654 3301 1707; x_wconf 88' lang='grc' dir='ltr'><strong><em>δέ</em></strong></span> <span class='ocrx_word' id='word_1_356' title='bbox 3348 1655 3698 1726; x_wconf 75' lang='grc' dir='ltr'><em>προθυμίαν;</em></span> 
     </span>
    </p>
   </div>
   <div class='ocr_carea' id='block_1_56' title="bbox 2130 1744 3702 1817">
    <p class='ocr_par' dir='ltr' id='par_1_56' title="bbox 2130 1744 3702 1817">
     <span class='ocr_line' id='line_1_56' title="bbox 2130 1744 3702 1817; baseline 0 -19"><span class='ocrx_word' id='word_1_357' title='bbox 2130 1744 2297 1816; x_wconf 81' lang='grc' dir='ltr'><em>Ὀρᾷς</em></span> <span class='ocrx_word' id='word_1_358' title='bbox 2331 1745 2521 1810; x_wconf 74' lang='grc' dir='ltr'><em>ζέοντα</em></span> <span class='ocrx_word' id='word_1_359' title='bbox 2549 1745 2644 1798; x_wconf 85' lang='grc' dir='ltr'><em>καὶ</em></span> <span class='ocrx_word' id='word_1_360' title='bbox 2668 1745 3064 1816; x_wconf 81' lang='grc' dir='ltr'><strong><em>πεπυρωμένον</em></strong></span> <span class='ocrx_word' id='word_1_361' title='bbox 3083 1763 3098 1812; x_wconf 86' lang='grc'>;</span> <span class='ocrx_word' id='word_1_362' title='bbox 3115 1747 3203 1808; x_wconf 78' lang='grc' dir='ltr'><strong><em>Εἰς</em></strong></span> <span class='ocrx_word' id='word_1_363' title='bbox 3226 1745 3394 1817; x_wconf 79' lang='grc' dir='ltr'><em>αὐτὴν</em></span> <span class='ocrx_word' id='word_1_364' title='bbox 3411 1748 3574 1800; x_wconf 81' lang='grc' dir='ltr'><em>πάλιν</em></span> <span class='ocrx_word' id='word_1_365' title='bbox 3601 1747 3702 1816; x_wconf 80' lang='grc' dir='ltr'><em>τὴν</em></span> 
     </span>
    </p>
   </div>
   <div class='ocr_carea' id='block_1_57' title="bbox 2120 1837 3700 1910">
    <p class='ocr_par' dir='ltr' id='par_1_57' title="bbox 2120 1837 3700 1910">
     <span class='ocr_line' id='line_1_57' title="bbox 2120 1837 3700 1910; baseline 0 -20"><span class='ocrx_word' id='word_1_366' title='bbox 2120 1838 2278 1892; x_wconf 84' lang='grc' dir='ltr'><em>πόλιν</em></span> <span class='ocrx_word' id='word_1_367' title='bbox 2327 1837 2546 1907; x_wconf 74' lang='grc' dir='ltr'><em>εἰσῆλθε</em></span> <span class='ocrx_word' id='word_1_368' title='bbox 2600 1838 2741 1908; x_wconf 75' lang='grc' dir='ltr'><em>μετὰ</em></span> <span class='ocrx_word' id='word_1_369' title='bbox 2773 1839 2834 1892; x_wconf 86' lang='grc' dir='ltr'><em>τὸ</em></span> <span class='ocrx_word' id='word_1_370' title='bbox 2886 1839 3042 1910; x_wconf 74' lang='grc' dir='ltr'><em>ῥῖψαι</em></span> <span class='ocrx_word' id='word_1_371' title='bbox 3092 1838 3255 1891; x_wconf 80' lang='grc' dir='ltr'><em>αὑτὸν</em></span> <span class='ocrx_word' id='word_1_372' title='bbox 3287 1837 3391 1901; x_wconf 76' lang='grc' dir='ltr'><strong><em>ἔξω</em></strong></span> <span class='ocrx_word' id='word_1_373' title='bbox 3433 1840 3500 1891; x_wconf 75' lang='grc'><strong><em>³³.</em></strong></span> <span class='ocrx_word' id='word_1_374' title='bbox 3535 1839 3700 1891; x_wconf 74' lang='grc' dir='ltr'><em>Ὥστε</em></span> 
     </span>
    </p>
   </div>
   <div class='ocr_carea' id='block_1_58' title="bbox 2116 1927 3696 2002">
    <p class='ocr_par' dir='ltr' id='par_1_58' title="bbox 2116 1927 3696 2002">
     <span class='ocr_line' id='line_1_58' title="bbox 2116 1927 3696 2002; baseline -0.001 -18"><span class='ocrx_word' id='word_1_375' title='bbox 2116 1929 2401 2000; x_wconf 79' lang='grc' dir='ltr'><strong><em>δειχθῆναι</em></strong></span> <span class='ocrx_word' id='word_1_376' title='bbox 2443 1931 2528 1983; x_wconf 82' lang='grc' dir='ltr'><em>ὅτι</em></span> <span class='ocrx_word' id='word_1_377' title='bbox 2559 1927 2737 1982; x_wconf 78' lang='grc' dir='ltr'><em>εἵπου</em></span> <span class='ocrx_word' id='word_1_378' title='bbox 2762 1929 2859 1983; x_wconf 78' lang='grc' dir='ltr'><em>καὶ</em></span> <span class='ocrx_word' id='word_1_379' title='bbox 2887 1929 3181 2002; x_wconf 83' lang='grc' dir='ltr'><strong><em>ὑπεχώρει,</em></strong></span> <span class='ocrx_word' id='word_1_380' title='bbox 3213 1929 3300 1983; x_wconf 74' lang='grc' dir='ltr'><em>διὰ</em></span> <span class='ocrx_word' id='word_1_381' title='bbox 3330 1931 3390 1983; x_wconf 85' lang='grc' dir='ltr'><em>τὸ</em></span> <span class='ocrx_word' id='word_1_382' title='bbox 3415 1930 3506 1984; x_wconf 83' lang='grc' dir='ltr'><em>τὸν</em></span> <span class='ocrx_word' id='word_1_383' title='bbox 3536 1930 3696 2000; x_wconf 80' lang='grc' dir='ltr'><em>λόγον</em></span> 
     </span>
    </p>
   </div>
   <div class='ocr_carea' id='block_1_59' title="bbox 2117 2022 3698 2094">
    <p class='ocr_par' dir='ltr' id='par_1_59' title="bbox 2117 2022 3698 2094">
     <span class='ocr_line' id='line_1_59' title="bbox 2117 2022 3698 2094; baseline 0 -19"><span class='ocrx_word' id='word_1_384' title='bbox 2117 2024 2564 2094; x_wconf 84' lang='grc' dir='ltr'><em>κατεσπαρκέναι</em></span> <span class='ocrx_word' id='word_1_385' title='bbox 2617 2023 2712 2076; x_wconf 56' lang='grc' dir='ltr'><strong><em>καὶ⁸</em></strong></span> <span class='ocrx_word' id='word_1_386' title='bbox 2753 2022 2842 2077; x_wconf 72' lang='grc' dir='ltr'><em>διὰ</em></span> <span class='ocrx_word' id='word_1_387' title='bbox 2893 2023 2956 2077; x_wconf 81' lang='grc' dir='ltr'><em>τὸ</em></span> <span class='ocrx_word' id='word_1_388' title='bbox 2997 2024 3072 2094; x_wconf 81' lang='grc' dir='ltr'><strong><em>μὴ</em></strong></span> <span class='ocrx_word' id='word_1_389' title='bbox 3106 2022 3217 2078; x_wconf 87' lang='grc' dir='ltr'><em>δεῖν</em></span> <span class='ocrx_word' id='word_1_390' title='bbox 3268 2024 3429 2076; x_wconf 75' lang='grc' dir='ltr'><em>αὑτὸν</em></span> <span class='ocrx_word' id='word_1_391' title='bbox 3457 2024 3698 2076; x_wconf 75' lang='grc' dir='ltr'>ἐκκαίειν</span> 
     </span>
    </p>
   </div>
   <div class='ocr_carea' id='block_1_60' title="bbox 2117 2113 3699 2187">
    <p class='ocr_par' dir='ltr' id='par_1_60' title="bbox 2117 2113 3699 2187">
     <span class='ocr_line' id='line_1_60' title="bbox 2117 2113 3699 2187; baseline 0.001 -19"><span class='ocrx_word' id='word_1_392' title='bbox 2117 2114 2208 2170; x_wconf 81' lang='grc' dir='ltr'><em>τὸν</em></span> <span class='ocrx_word' id='word_1_393' title='bbox 2239 2117 2429 2187; x_wconf 85' lang='grc' dir='ltr'><em>θυμόν.</em></span> <span class='ocrx_word' id='word_1_394' title='bbox 2465 2115 2576 2171; x_wconf 80' lang='lat' dir='ltr'><strong><em>Kal</em></strong></span> <span class='ocrx_word' id='word_1_395' title='bbox 2605 2117 2694 2172; x_wconf 85' lang='grc' dir='ltr'><em>ὅτι</em></span> <span class='ocrx_word' id='word_1_396' title='bbox 2717 2115 2813 2171; x_wconf 84' lang='grc' dir='ltr'><em>διὰ</em></span> <span class='ocrx_word' id='word_1_397' title='bbox 2843 2113 3091 2171; x_wconf 79' lang='grc' dir='ltr'><em>πολλῶν</em></span> <span class='ocrx_word' id='word_1_398' title='bbox 3113 2117 3386 2186; x_wconf 75' lang='grc' dir='ltr'><em>θλίψεων</em></span> <span class='ocrx_word' id='word_1_399' title='bbox 3423 2115 3519 2172; x_wconf 81' lang='grc' dir='ltr'><em>δεῖ</em></span> <span class='ocrx_word' id='word_1_400' title='bbox 3541 2116 3699 2185; x_wconf 71' lang='grc' dir='ltr'><strong><em>ἡμᾶς</em></strong></span> 
     </span>
    </p>
   </div>
   <div class='ocr_carea' id='block_1_61' title="bbox 2115 2206 3698 2278">
    <p class='ocr_par' dir='ltr' id='par_1_61' title="bbox 2115 2206 3698 2278">
     <span class='ocr_line' id='line_1_61' title="bbox 2115 2206 3698 2278; baseline -0.001 -16"><span class='ocrx_word' id='word_1_401' title='bbox 2115 2207 2419 2262; x_wconf 68' lang='grc' dir='ltr'><em>εἰσελθεῖν</em></span> <span class='ocrx_word' id='word_1_402' title='bbox 2472 2210 2561 2274; x_wconf 83' lang='grc' dir='ltr'><strong><em>εις</em></strong></span> <span class='ocrx_word' id='word_1_403' title='bbox 2609 2207 3078 2278; x_wconf 69' lang='grc' dir='ltr'><em>τὴνβασιλείαν</em></span> <span class='ocrx_word' id='word_1_404' title='bbox 3097 2206 3205 2262; x_wconf 89' lang='grc' dir='ltr'><em>τοῦ</em></span> <span class='ocrx_word' id='word_1_405' title='bbox 3242 2207 3415 2262; x_wconf 85' lang='grc' dir='ltr'><em>Θεοῦ.</em></span> <span class='ocrx_word' id='word_1_406' title='bbox 3441 2208 3585 2277; x_wconf 86' lang='grc' dir='ltr'><em>Ὅρα</em></span> <span class='ocrx_word' id='word_1_407' title='bbox 3613 2209 3698 2261; x_wconf 87' lang='grc' dir='ltr'><em>ὅτι</em></span> 
     </span>
    </p>
   </div>
   <div class='ocr_carea' id='block_1_62' title="bbox 2117 2297 3698 2372">
    <p class='ocr_par' dir='ltr' id='par_1_62' title="bbox 2117 2297 3698 2372">
     <span class='ocr_line' id='line_1_62' title="bbox 2117 2297 3698 2372; baseline 0 -20"><span class='ocrx_word' id='word_1_408' title='bbox 2117 2297 2246 2352; x_wconf 80' lang='grc' dir='ltr'><em>ἄνευ</em></span> <span class='ocrx_word' id='word_1_409' title='bbox 2293 2299 2466 2354; x_wconf 84' lang='grc' dir='ltr'>κόπου</span> <span class='ocrx_word' id='word_1_410' title='bbox 2499 2300 2592 2355; x_wconf 75' lang='grc' dir='ltr'><em>καὶ</em></span> <span class='ocrx_word' id='word_1_411' title='bbox 2646 2300 2846 2371; x_wconf 80' lang='grc' dir='ltr'><em>μόχθου</em></span> <span class='ocrx_word' id='word_1_412' title='bbox 2901 2299 2962 2353; x_wconf 84' lang='grc' dir='ltr'><em>οὐ</em></span> <span class='ocrx_word' id='word_1_413' title='bbox 2995 2298 3301 2353; x_wconf 77' lang='grc' dir='ltr'><em>δικαιοῦται</em></span> <span class='ocrx_word' id='word_1_414' title='bbox 3349 2317 3454 2363; x_wconf 85' lang='grc' dir='ltr'><em>τις.</em></span> <span class='ocrx_word' id='word_1_415' title='bbox 3495 2301 3698 2372; x_wconf 76' lang='grc' dir='ltr'><em>Στενὴν</em></span> 
     </span>
    </p>
   </div>
   <div class='ocr_carea' id='block_1_63' title="bbox 2117 2389 3694 2462">
    <p class='ocr_par' dir='ltr' id='par_1_63' title="bbox 2117 2389 3694 2462">
     <span class='ocr_line' id='line_1_63' title="bbox 2117 2389 3694 2462; baseline 0.001 -17"><span class='ocrx_word' id='word_1_416' title='bbox 2117 2391 2228 2462; x_wconf 83' lang='grc' dir='ltr'><strong><em>γὰρ</em></strong></span> <span class='ocrx_word' id='word_1_417' title='bbox 2278 2391 2370 2445; x_wconf 78' lang='grc' dir='ltr'><em>διὰ</em></span> <span class='ocrx_word' id='word_1_418' title='bbox 2401 2389 2559 2445; x_wconf 80' lang='grc' dir='ltr'><em>τοῦτο</em></span> <span class='ocrx_word' id='word_1_419' title='bbox 2589 2391 2684 2444; x_wconf 71' lang='grc' dir='ltr'><em>καὶ</em></span> <span class='ocrx_word' id='word_1_420' title='bbox 2717 2390 3110 2462; x_wconf 80' lang='grc' dir='ltr'><em>τεθλιμμένην,</em></span> <span class='ocrx_word' id='word_1_421' title='bbox 3157 2390 3279 2444; x_wconf 75' lang='grc' dir='ltr'><em>ἀντὶ</em></span> <span class='ocrx_word' id='word_1_422' title='bbox 3310 2390 3428 2458; x_wconf 85' lang='grc' dir='ltr'><em>τοῦ,</em></span> <span class='ocrx_word' id='word_1_423' title='bbox 3463 2391 3694 2461; x_wconf 75' lang='grc' dir='ltr'><em>Θλίψεως</em></span> 
     </span>
    </p>
   </div>
   <div class='ocr_carea' id='block_1_64' title="bbox 2121 2477 3696 2555">
    <p class='ocr_par' dir='ltr' id='par_1_64' title="bbox 2121 2477 3696 2555">
     <span class='ocr_line' id='line_1_64' title="bbox 2121 2477 3696 2555; baseline 0.003 -22"><span class='ocrx_word' id='word_1_424' title='bbox 2121 2482 2348 2553; x_wconf 78' lang='grc' dir='ltr'><em>μεστὴν,</em></span> <span class='ocrx_word' id='word_1_425' title='bbox 2382 2477 2534 2537; x_wconf 77' lang='grc' dir='ltr'>εἶπεν</span> <span class='ocrx_word' id='word_1_426' title='bbox 2567 2484 2594 2535; x_wconf 83' lang='grc' dir='ltr'><strong>ὁ</strong></span> <span class='ocrx_word' id='word_1_427' title='bbox 2628 2482 2834 2555; x_wconf 82' lang='grc' dir='ltr'><em>Κύριος</em></span> <span class='ocrx_word' id='word_1_428' title='bbox 2872 2483 2970 2554; x_wconf 77' lang='grc' dir='ltr'><em>τὴν</em></span> <span class='ocrx_word' id='word_1_429' title='bbox 3005 2482 3180 2552; x_wconf 81' lang='grc' dir='ltr'>πύλην</span> <span class='ocrx_word' id='word_1_430' title='bbox 3222 2483 3322 2552; x_wconf 78' lang='grc' dir='ltr'><em>τῆς</em></span> <span class='ocrx_word' id='word_1_431' title='bbox 3358 2483 3563 2536; x_wconf 67' lang='grc' dir='ltr'><em>εἰσόδου</em></span> <span class='ocrx_word' id='word_1_432' title='bbox 3593 2488 3696 2553; x_wconf 84' lang='grc' dir='ltr'><em>τῆς</em></span> 
     </span>
    </p>
   </div>
   <div class='ocr_carea' id='block_1_65' title="bbox 2119 2573 3695 2646">
    <p class='ocr_par' dir='ltr' id='par_1_65' title="bbox 2119 2573 3695 2646">
     <span class='ocr_line' id='line_1_65' title="bbox 2119 2573 3695 2646; baseline -0.003 -18"><span class='ocrx_word' id='word_1_433' title='bbox 2119 2575 2198 2638; x_wconf 76' lang='grc' dir='ltr'><strong><em>εις</em></strong></span> <span class='ocrx_word' id='word_1_434' title='bbox 2240 2574 2521 2645; x_wconf 86' lang='grc' dir='ltr'><em>βασιλειαν</em></span> <span class='ocrx_word' id='word_1_435' title='bbox 2567 2573 2828 2646; x_wconf 76' lang='grc' dir='ltr'><em>ἀγούσης.</em></span> <span class='ocrx_word' id='word_1_436' title='bbox 2863 2575 2976 2645; x_wconf 85' lang='grc' dir='ltr'><strong>Οὐχ</strong></span> <span class='ocrx_word' id='word_1_437' title='bbox 3021 2575 3206 2638; x_wconf 82' lang='grc' dir='ltr'><em>ἁπλῶς</em></span> <span class='ocrx_word' id='word_1_438' title='bbox 3249 2574 3306 2628; x_wconf 82' lang='grc' dir='ltr'><em>δὲ</em></span> <span class='ocrx_word' id='word_1_439' title='bbox 3332 2575 3418 2629; x_wconf 82' lang='grc' dir='ltr'><em>οἵα</em></span> <span class='ocrx_word' id='word_1_440' title='bbox 3445 2574 3510 2645; x_wconf 76' lang='grc' dir='ltr'><em>δή</em></span> <span class='ocrx_word' id='word_1_441' title='bbox 3537 2593 3618 2638; x_wconf 79' lang='grc' dir='ltr'><strong><em>τις</em></strong></span> <span class='ocrx_word' id='word_1_442' title='bbox 3649 2575 3695 2608; x_wconf 73' lang='grc'><strong><em>⁸³</em></strong></span> 
     </span>
    </p>
   </div>
   <div class='ocr_carea' id='block_1_66' title="bbox 2119 2662 3698 2736">
    <p class='ocr_par' dir='ltr' id='par_1_66' title="bbox 2119 2662 3698 2736">
     <span class='ocr_line' id='line_1_66' title="bbox 2119 2662 3698 2736; baseline 0.001 -18"><span class='ocrx_word' id='word_1_443' title='bbox 2119 2663 2300 2733; x_wconf 78' lang='grc' dir='ltr'><em>ολίψις</em></span> <span class='ocrx_word' id='word_1_444' title='bbox 2344 2663 2469 2732; x_wconf 81' lang='grc' dir='ltr'><em>ἄγει</em></span> <span class='ocrx_word' id='word_1_445' title='bbox 2498 2664 2578 2726; x_wconf 79' lang='grc' dir='ltr'><strong><em>εις</em></strong></span> <span class='ocrx_word' id='word_1_446' title='bbox 2631 2662 2935 2733; x_wconf 80' lang='grc' dir='ltr'><em>βασιλείαν,</em></span> <span class='ocrx_word' id='word_1_447' title='bbox 2967 2664 3083 2717; x_wconf 82' lang='grc' dir='ltr'><em>ἀλλ’</em></span> <span class='ocrx_word' id='word_1_448' title='bbox 3113 2667 3146 2736; x_wconf 80' lang='grc' dir='ltr'><strong>ἠ</strong></span> <span class='ocrx_word' id='word_1_449' title='bbox 3177 2664 3264 2719; x_wconf 81' lang='grc' dir='ltr'><em>διὰ</em></span> <span class='ocrx_word' id='word_1_450' title='bbox 3313 2666 3413 2736; x_wconf 84' lang='grc' dir='ltr'><em>τὴν</em></span> <span class='ocrx_word' id='word_1_451' title='bbox 3453 2667 3533 2728; x_wconf 79' lang='grc' dir='ltr'><strong><em>εις</em></strong></span> <span class='ocrx_word' id='word_1_452' title='bbox 3562 2665 3698 2720; x_wconf 70' lang='grc' dir='ltr'><em>Θεὸν</em></span> 
     </span>
    </p>
   </div>
   <div class='ocr_carea' id='block_1_67' title="bbox 2119 2755 3695 2826">
    <p class='ocr_par' dir='ltr' id='par_1_67' title="bbox 2119 2755 3695 2826">
     <span class='ocr_line' id='line_1_67' title="bbox 2119 2755 3695 2826; baseline 0.001 -17"><span class='ocrx_word' id='word_1_453' title='bbox 2119 2756 2322 2812; x_wconf 80' lang='grc' dir='ltr'><em>πίστιν.</em></span> <span class='ocrx_word' id='word_1_454' title='bbox 2343 2756 2777 2826; x_wconf 69' lang='grc' dir='ltr'><em>Χειροτονήσαν</em></span> <span class='ocrx_word' id='word_1_455' title='bbox 2790 2773 2888 2822; x_wconf 85' lang='grc' dir='ltr'><strong><em>τες</em></strong></span> <span class='ocrx_word' id='word_1_456' title='bbox 2918 2755 2986 2809; x_wconf 85' lang='grc' dir='ltr'><em>δὲ</em></span> <span class='ocrx_word' id='word_1_457' title='bbox 3005 2755 3210 2823; x_wconf 83' lang='grc' dir='ltr'><em>αὐτοῖς</em></span> <span class='ocrx_word' id='word_1_458' title='bbox 3228 2755 3695 2826; x_wconf 81' lang='grc' dir='ltr'><em>πρεσϐυτέρους.</em></span> 
     </span>
    </p>
   </div>
   <div class='ocr_carea' id='block_1_68' title="bbox 2119 2848 3699 2920">
    <p class='ocr_par' dir='ltr' id='par_1_68' title="bbox 2119 2848 3699 2920">
     <span class='ocr_line' id='line_1_68' title="bbox 2119 2848 3699 2920; baseline -0.003 -13"><span class='ocrx_word' id='word_1_459' title='bbox 2119 2851 2231 2907; x_wconf 80' lang='grc' dir='ltr'><strong><em>Καὶ</em></strong></span> <span class='ocrx_word' id='word_1_460' title='bbox 2253 2852 2311 2905; x_wconf 85' lang='grc' dir='ltr'><strong><em>ἐν</em></strong></span> <span class='ocrx_word' id='word_1_461' title='bbox 2327 2851 2442 2914; x_wconf 81' lang='grc' dir='ltr'><em>τοῖς</em></span> <span class='ocrx_word' id='word_1_462' title='bbox 2462 2851 2792 2919; x_wconf 80' lang='grc' dir='ltr'><em>πειρασμοῖς</em></span> <span class='ocrx_word' id='word_1_463' title='bbox 2807 2848 3091 2919; x_wconf 83' lang='grc' dir='ltr'><em>νηστεύειν</em></span> <span class='ocrx_word' id='word_1_464' title='bbox 3115 2849 3414 2915; x_wconf 83' lang='grc' dir='ltr'><em>ἐδίδασκον,</em></span> <span class='ocrx_word' id='word_1_465' title='bbox 3439 2851 3532 2903; x_wconf 81' lang='grc' dir='ltr'><em>καὶ</em></span> <span class='ocrx_word' id='word_1_466' title='bbox 3559 2853 3699 2920; x_wconf 83' lang='grc' dir='ltr'><strong><em>μετὰ</em></strong></span> 
     </span>
    </p>
   </div>
   <div class='ocr_carea' id='block_1_69' title="bbox 2119 2935 3698 3009">
    <p class='ocr_par' dir='ltr' id='par_1_69' title="bbox 2119 2935 3698 3009">
     <span class='ocr_line' id='line_1_69' title="bbox 2119 2935 3698 3009; baseline -0.001 -15"><span class='ocrx_word' id='word_1_467' title='bbox 2119 2938 2383 3008; x_wconf 83' lang='grc' dir='ltr'><strong><em>νηστειῶν</em></strong></span> <span class='ocrx_word' id='word_1_468' title='bbox 2411 2939 2468 2991; x_wconf 92' lang='grc' dir='ltr'><em>αἱ</em></span> <span class='ocrx_word' id='word_1_469' title='bbox 2490 2937 2838 3009; x_wconf 73' lang='grc' dir='ltr'><em>χειροτονίαι.</em></span> <span class='ocrx_word' id='word_1_470' title='bbox 2882 2937 2971 2990; x_wconf 88' lang='grc' dir='ltr'><strong><em>Ἐν</em></strong></span> <span class='ocrx_word' id='word_1_471' title='bbox 3000 2935 3210 3008; x_wconf 80' lang='grc' dir='ltr'>Κύπρῳ</span> <span class='ocrx_word' id='word_1_472' title='bbox 3232 2936 3287 2989; x_wconf 78' lang='grc' dir='ltr'><em>δὲ</em></span> <span class='ocrx_word' id='word_1_473' title='bbox 3305 2938 3407 2991; x_wconf 86' lang='grc' dir='ltr'><em>οὐκ</em></span> <span class='ocrx_word' id='word_1_474' title='bbox 3433 2937 3698 3008; x_wconf 79' lang='grc' dir='ltr'><em>ἐποίησαν</em></span> 
     </span>
    </p>
   </div>
   <div class='ocr_carea' id='block_1_70' title="bbox 2119 3029 3696 3106">
    <p class='ocr_par' dir='ltr' id='par_1_70' title="bbox 2119 3029 3696 3106">
     <span class='ocr_line' id='line_1_70' title="bbox 2119 3029 3696 3106; baseline -0.002 -20"><span class='ocrx_word' id='word_1_475' title='bbox 2119 3032 2550 3106; x_wconf 79' lang='grc' dir='ltr'><em>πρεσϐυτέρους,</em></span> <span class='ocrx_word' id='word_1_476' title='bbox 2617 3031 2740 3085; x_wconf 74' lang='grc' dir='ltr'><em>οὐδὲ</em></span> <span class='ocrx_word' id='word_1_477' title='bbox 2773 3033 2830 3085; x_wconf 90' lang='grc' dir='ltr'><strong><em>ἐν</em></strong></span> <span class='ocrx_word' id='word_1_478' title='bbox 2877 3029 3196 3103; x_wconf 72' lang='grc' dir='ltr'><strong><em>Σαμαρεέᾳο</em></strong></span> <span class='ocrx_word' id='word_1_479' title='bbox 3246 3031 3328 3084; x_wconf 85' lang='grc' dir='ltr'><em>ὅτι</em></span> <span class='ocrx_word' id='word_1_480' title='bbox 3360 3031 3543 3102; x_wconf 71' lang='grc' dir='ltr'><em>ἐκείνη</em></span> <span class='ocrx_word' id='word_1_481' title='bbox 3574 3032 3696 3098; x_wconf 78' lang='grc' dir='ltr'><em>μὲν,</em></span> 
     </span>
    </p>
   </div>
   <div class='ocr_carea' id='block_1_71' title="bbox 2121 3124 3700 3200">
    <p class='ocr_par' dir='ltr' id='par_1_71' title="bbox 2121 3124 3700 3200">
     <span class='ocr_line' id='line_1_71' title="bbox 2121 3124 3700 3200; baseline -0.002 -18"><span class='ocrx_word' id='word_1_482' title='bbox 2121 3130 2288 3198; x_wconf 79' lang='grc' dir='ltr'><em>ἐγγὺς</em></span> <span class='ocrx_word' id='word_1_483' title='bbox 2318 3124 2386 3200; x_wconf 77' lang='grc' dir='ltr'><strong><em>ἦν</em></strong></span> <span class='ocrx_word' id='word_1_484' title='bbox 2407 3129 2507 3199; x_wconf 84' lang='grc' dir='ltr'><em>τῆς</em></span> <span class='ocrx_word' id='word_1_485' title='bbox 2545 3125 2902 3200; x_wconf 79' lang='grc' dir='ltr'><em>Ἰερουσαλὴμ</em></span> <span class='ocrx_word' id='word_1_486' title='bbox 2942 3128 3038 3182; x_wconf 78' lang='grc' dir='ltr'><em>καὶ</em></span> <span class='ocrx_word' id='word_1_487' title='bbox 3066 3128 3174 3181; x_wconf 83' lang='grc' dir='ltr'><strong><em>τῶν</em></strong></span> <span class='ocrx_word' id='word_1_488' title='bbox 3217 3126 3532 3182; x_wconf 75' lang='grc' dir='ltr'><strong><em>ἀποστόλων</em></strong></span> <span class='ocrx_word' id='word_1_489' title='bbox 3554 3141 3568 3158; x_wconf 73' lang='grc' dir='ltr'><strong>ο</strong></span> <span class='ocrx_word' id='word_1_490' title='bbox 3602 3126 3700 3180; x_wconf 76' lang='grc' dir='ltr'><em>καὶ</em></span> 
     </span>
    </p>
   </div>
   <div class='ocr_carea' id='block_1_72' title="bbox 2121 3219 3699 3294">
    <p class='ocr_par' dir='ltr' id='par_1_72' title="bbox 2121 3219 3699 3294">
     <span class='ocr_line' id='line_1_72' title="bbox 2121 3219 3699 3294; baseline -0.004 -16"><span class='ocrx_word' id='word_1_491' title='bbox 2121 3225 2178 3278; x_wconf 84' lang='grc' dir='ltr'><strong><em>ἐν</em></strong></span> <span class='ocrx_word' id='word_1_492' title='bbox 2201 3223 2340 3294; x_wconf 80' lang='grc' dir='ltr'><em>αὐτῇ</em></span> <span class='ocrx_word' id='word_1_493' title='bbox 2369 3221 2427 3276; x_wconf 83' lang='grc' dir='ltr'><strong><em>δέ</em></strong></span> <span class='ocrx_word' id='word_1_494' title='bbox 2471 3223 2539 3294; x_wconf 75' lang='grc' dir='ltr'><em>τῇ</em></span> <span class='ocrx_word' id='word_1_495' title='bbox 2579 3220 2882 3293; x_wconf 77' lang='grc' dir='ltr'><em>Ἀντιοχείᾳ</em></span> <span class='ocrx_word' id='word_1_496' title='bbox 2907 3223 2935 3275; x_wconf 86' lang='grc' dir='ltr'><strong><em>ό</em></strong></span> <span class='ocrx_word' id='word_1_497' title='bbox 2970 3221 3128 3290; x_wconf 79' lang='grc' dir='ltr'><em>λόγος</em></span> <span class='ocrx_word' id='word_1_498' title='bbox 3169 3220 3415 3292; x_wconf 81' lang='grc' dir='ltr'><em>ἐκράτει·</em></span> <span class='ocrx_word' id='word_1_499' title='bbox 3464 3219 3699 3275; x_wconf 79' lang='grc' dir='ltr'><em>ἐνταῦθα</em></span> 
     </span>
    </p>
   </div>
   <div class='ocr_carea' id='block_1_73' title="bbox 2119 3311 3701 3387">
    <p class='ocr_par' dir='ltr' id='par_1_73' title="bbox 2119 3311 3701 3387">
     <span class='ocr_line' id='line_1_73' title="bbox 2119 3311 3701 3387; baseline -0.003 -16"><span class='ocrx_word' id='word_1_500' title='bbox 2119 3317 2177 3371; x_wconf 88' lang='grc' dir='ltr'><strong><em>δέ</em></strong></span> <span class='ocrx_word' id='word_1_501' title='bbox 2209 3317 2411 3387; x_wconf 82' lang='grc' dir='ltr'><em>πολλῆς</em></span> <span class='ocrx_word' id='word_1_502' title='bbox 2464 3315 2673 3369; x_wconf 85' lang='grc' dir='ltr'><em>ἐδέοντο</em></span> <span class='ocrx_word' id='word_1_503' title='bbox 2719 3315 3092 3387; x_wconf 77' lang='grc' dir='ltr'><em>παραμυθίας,</em></span> <span class='ocrx_word' id='word_1_504' title='bbox 3139 3315 3232 3367; x_wconf 81' lang='grc' dir='ltr'><em>καὶ</em></span> <span class='ocrx_word' id='word_1_505' title='bbox 3267 3313 3502 3385; x_wconf 75' lang='grc' dir='ltr'><em>μάλιστα</em></span> <span class='ocrx_word' id='word_1_506' title='bbox 3553 3313 3604 3366; x_wconf 84' lang='lat' dir='ltr'><strong><em>ol</em></strong></span> <span class='ocrx_word' id='word_1_507' title='bbox 3640 3311 3701 3378; x_wconf 74' lang='grc' dir='ltr'><em>ἐξ</em></span> 
     </span>
    </p>
   </div>
   <div class='ocr_carea' id='block_1_74' title="bbox 2120 3405 3698 3481">
    <p class='ocr_par' dir='ltr' id='par_1_74' title="bbox 2120 3405 3698 3481">
     <span class='ocr_line' id='line_1_74' title="bbox 2120 3405 3698 3481; baseline -0.003 -19"><span class='ocrx_word' id='word_1_508' title='bbox 2120 3409 2320 3481; x_wconf 63' lang='grc' dir='ltr'><em>ἐθνῶν]</em></span> <span class='ocrx_word' id='word_1_509' title='bbox 2347 3407 2654 3478; x_wconf 80' lang='grc' dir='ltr'><strong><em>ὀφείλοντες</em></strong></span> <span class='ocrx_word' id='word_1_510' title='bbox 2703 3407 3071 3461; x_wconf 81' lang='grc' dir='ltr'><em>διδάσκεσθαι.</em></span> <span class='ocrx_word' id='word_1_511' title='bbox 3109 3406 3253 3476; x_wconf 87' lang='grc' dir='ltr'><em>Ὅρα</em></span> <span class='ocrx_word' id='word_1_512' title='bbox 3298 3405 3356 3459; x_wconf 85' lang='grc' dir='ltr'><em>δὲ</em></span> <span class='ocrx_word' id='word_1_513' title='bbox 3383 3407 3466 3459; x_wconf 83' lang='grc' dir='ltr'><em>ὅτι</em></span> <span class='ocrx_word' id='word_1_514' title='bbox 3519 3406 3615 3460; x_wconf 74' lang='grc' dir='ltr'><em>καὶ</em></span> <span class='ocrx_word' id='word_1_515' title='bbox 3648 3406 3698 3459; x_wconf 79' lang='grc' dir='ltr'><strong><em>οι</em></strong></span> 
     </span>
    </p>
   </div>
   <div class='ocr_carea' id='block_1_75' title="bbox 2071 3490 3695 3572">
    <p class='ocr_par' dir='ltr' id='par_1_75' title="bbox 2071 3490 3695 3572">
     <span class='ocr_line' id='line_1_75' title="bbox 2071 3490 3695 3572; baseline -0.003 -18"><span class='ocrx_word' id='word_1_516' title='bbox 2071 3531 2081 3539; x_wconf 84' lang='grc'><strong>-</strong></span> <span class='ocrx_word' id='word_1_517' title='bbox 2120 3503 2252 3572; x_wconf 70' lang='grc' dir='ltr'><em>περὶ</em></span> <span class='ocrx_word' id='word_1_518' title='bbox 2284 3499 2494 3554; x_wconf 82' lang='grc' dir='ltr'><em>Παῦλον</em></span> <span class='ocrx_word' id='word_1_519' title='bbox 2525 3497 2622 3554; x_wconf 76' lang='grc' dir='ltr'><em>καὶ</em></span> <span class='ocrx_word' id='word_1_520' title='bbox 2657 3497 2967 3568; x_wconf 76' lang='grc' dir='ltr'><em>Βαρνάϐαν,</em></span> <span class='ocrx_word' id='word_1_521' title='bbox 2993 3497 3310 3550; x_wconf 86' lang='grc' dir='ltr'><em>ἐπισκόπων</em></span> <span class='ocrx_word' id='word_1_522' title='bbox 3327 3490 3488 3566; x_wconf 57' lang='grc' dir='ltr'><em>εἶχον</em></span> <span class='ocrx_word' id='word_1_523' title='bbox 3511 3497 3695 3562; x_wconf 79' lang='grc' dir='ltr'><strong><em>ἀξίαν·</em></strong></span> 
     </span>
    </p>
   </div>
   <div class='ocr_carea' id='block_1_76' title="bbox 2121 3586 3700 3663">
    <p class='ocr_par' dir='ltr' id='par_1_76' title="bbox 2121 3586 3700 3663">
     <span class='ocr_line' id='line_1_76' title="bbox 2121 3586 3700 3663; baseline -0.008 -13"><span class='ocrx_word' id='word_1_524' title='bbox 2121 3594 2182 3659; x_wconf 81' lang='grc' dir='ltr'><em>ἐξ</em></span> <span class='ocrx_word' id='word_1_525' title='bbox 2207 3587 2282 3650; x_wconf 81' lang='grc' dir='ltr'><strong><em>ὧν</em></strong></span> <span class='ocrx_word' id='word_1_526' title='bbox 2312 3590 2682 3663; x_wconf 86' lang='grc' dir='ltr'><em>ἐχειροτόνουν</em></span> <span class='ocrx_word' id='word_1_527' title='bbox 2697 3591 2756 3642; x_wconf 87' lang='grc' dir='ltr'><em>οὐ</em></span> <span class='ocrx_word' id='word_1_528' title='bbox 2785 3589 2946 3658; x_wconf 84' lang='grc' dir='ltr'><em>μόνον</em></span> <span class='ocrx_word' id='word_1_529' title='bbox 2967 3587 3270 3652; x_wconf 78' lang='grc' dir='ltr'><em>διακόνους,</em></span> <span class='ocrx_word' id='word_1_530' title='bbox 3290 3586 3426 3640; x_wconf 84' lang='grc' dir='ltr'><em>ἀλλὰ</em></span> <span class='ocrx_word' id='word_1_531' title='bbox 3449 3588 3542 3640; x_wconf 73' lang='grc' dir='ltr'><em>καὶ</em></span> <span class='ocrx_word' id='word_1_532' title='bbox 3566 3604 3700 3657; x_wconf 68' lang='grc' dir='ltr'><em>πρε-υ</em></span> 
     </span>
    </p>
   </div>
   <div class='ocr_carea' id='block_1_77' title="bbox 2123 3676 3700 3752">
    <p class='ocr_par' dir='ltr' id='par_1_77' title="bbox 2123 3676 3700 3752">
     <span class='ocr_line' id='line_1_77' title="bbox 2123 3676 3700 3752; baseline -0.01 -10"><span class='ocrx_word' id='word_1_533' title='bbox 2123 3688 2434 3752; x_wconf 77' lang='grc' dir='ltr'><em>σῦυτέρους.</em></span> <span class='ocrx_word' id='word_1_534' title='bbox 2466 3682 2946 3752; x_wconf 80' lang='grc' dir='ltr'><em>Παραγενόμενοι</em></span> <span class='ocrx_word' id='word_1_535' title='bbox 2961 3678 3029 3732; x_wconf 80' lang='grc' dir='ltr'><em>δὲ</em></span> <span class='ocrx_word' id='word_1_536' title='bbox 3043 3679 3115 3732; x_wconf 84' lang='grc' dir='ltr'><strong><em>ἐν</em></strong></span> <span class='ocrx_word' id='word_1_537' title='bbox 3142 3676 3488 3746; x_wconf 71' lang='grc' dir='ltr'><em>Ἀντιοχείᾳ,</em></span> <span class='ocrx_word' id='word_1_538' title='bbox 3511 3677 3700 3745; x_wconf 68' lang='grc' dir='ltr'><strong><em>ἀνήγ-</em></strong></span> 
     </span>
    </p>
   </div>
   <div class='ocr_carea' id='block_1_78' title="bbox 2079 3766 3698 3846">
    <p class='ocr_par' dir='ltr' id='par_1_78' title="bbox 2079 3766 3698 3846">
     <span class='ocr_line' id='line_1_78' title="bbox 2079 3766 3698 3846; baseline -0.007 -16"><span class='ocrx_word' id='word_1_539' title='bbox 2079 3840 2083 3843; x_wconf 97' lang='lat'><em>_</em></span> <span class='ocrx_word' id='word_1_540' title='bbox 2118 3777 2330 3846; x_wconf 78' lang='grc' dir='ltr'><em>τειλαν</em></span> <span class='ocrx_word' id='word_1_541' title='bbox 2357 3771 2483 3838; x_wconf 81' lang='grc' dir='ltr'><em>τοῖς</em></span> <span class='ocrx_word' id='word_1_542' title='bbox 2526 3770 2815 3839; x_wconf 73' lang='grc' dir='ltr'><em>ἀδελφοῖς</em></span> <span class='ocrx_word' id='word_1_543' title='bbox 2849 3769 2965 3822; x_wconf 81' lang='grc' dir='ltr'><em>ὅσα</em></span> <span class='ocrx_word' id='word_1_544' title='bbox 2989 3768 3284 3836; x_wconf 77' lang='grc' dir='ltr'><em>ἐποίησεν</em></span> <span class='ocrx_word' id='word_1_545' title='bbox 3324 3769 3356 3821; x_wconf 84' lang='grc' dir='ltr'><strong><em>ό</em></strong></span> <span class='ocrx_word' id='word_1_546' title='bbox 3396 3767 3541 3831; x_wconf 84' lang='grc' dir='ltr'><strong><em>Οεός</em></strong></span> <span class='ocrx_word' id='word_1_547' title='bbox 3569 3766 3698 3836; x_wconf 80' lang='grc' dir='ltr'><em>μετ’</em></span> 
     </span>
    </p>
   </div>
   <div class='ocr_carea' id='block_1_79' title="bbox 2049 3857 3698 3958">
    <p class='ocr_par' dir='ltr' id='par_1_79' title="bbox 2049 3857 3698 3958">
     <span class='ocr_line' id='line_1_79' title="bbox 2049 3857 3698 3958; baseline -0.006 -35"><span class='ocrx_word' id='word_1_548' title='bbox 2119 3865 2339 3924; x_wconf 85' lang='grc' dir='ltr'><em>αὐτῶν.</em></span> <span class='ocrx_word' id='word_1_549' title='bbox 2371 3865 2486 3918; x_wconf 82' lang='grc' dir='ltr'><strong><em>Οὐκ</em></strong></span> <span class='ocrx_word' id='word_1_550' title='bbox 2500 3859 2823 3929; x_wconf 76' lang='grc' dir='ltr'><em>εἷπεν,”οσα</em></span> <span class='ocrx_word' id='word_1_551' title='bbox 2839 3860 3104 3930; x_wconf 84' lang='grc' dir='ltr'><em>ἐποίησαν</em></span> <span class='ocrx_word' id='word_1_552' title='bbox 3122 3859 3298 3925; x_wconf 71' lang='grc' dir='ltr'><em>αὐτοὶ,</em></span> <span class='ocrx_word' id='word_1_553' title='bbox 3318 3857 3452 3925; x_wconf 83' lang='grc' dir='ltr'><em>ἀλλ’,</em></span> <span class='ocrx_word' id='word_1_554' title='bbox 3481 3860 3636 3912; x_wconf 85' lang='grc' dir='ltr'><em>Ὅσα</em></span> <span class='ocrx_word' id='word_1_555' title='bbox 3666 3861 3698 3913; x_wconf 87' lang='grc' dir='ltr'><strong><em>ό</em></strong></span> 
     </span>
    </p>
   </div>
   <div class='ocr_carea' id='block_1_80' title="bbox 432 3955 2072 4034">
    <p class='ocr_par' dir='ltr' id='par_1_80' title="bbox 432 3955 2072 4034">
     <span class='ocr_line' id='line_1_80' title="bbox 432 3955 2072 4034; baseline 0.007 -27"><span class='ocrx_word' id='word_1_556' title='bbox 432 3955 562 4008; x_wconf 88' lang='lat' dir='ltr'><strong><em>bum</em></strong></span> <span class='ocrx_word' id='word_1_557' title='bbox 587 3955 682 4010; x_wconf 88' lang='lat' dir='ltr'><strong><em>Dei</em></strong></span> <span class='ocrx_word' id='word_1_558' title='bbox 717 3958 955 4028; x_wconf 76' lang='lat' dir='ltr'><strong><em>vigebat.</em></strong></span> <span class='ocrx_word' id='word_1_559' title='bbox 989 3959 1091 4015; x_wconf 86' lang='lat' dir='ltr'><strong><em>Hic</em></strong></span> <span class='ocrx_word' id='word_1_560' title='bbox 1121 3968 1300 4016; x_wconf 86' lang='lat' dir='ltr'><strong><em>autem</em></strong></span> <span class='ocrx_word' id='word_1_561' title='bbox 1336 3977 1527 4033; x_wconf 76' lang='lat' dir='ltr'><strong><em>magna</em></strong></span> <span class='ocrx_word' id='word_1_562' title='bbox 1569 3978 1711 4034; x_wconf 39' lang='lat' dir='ltr'><strong><em>opus.</em></strong></span> <span class='ocrx_word' id='word_1_563' title='bbox 1735 3963 2012 4020; x_wconf 86' lang='lat' dir='ltr'><strong><em>habebant</em></strong></span> <span class='ocrx_word' id='word_1_564' title='bbox 2045 3955 2072 4029; x_wconf 42' lang='lat' dir='ltr'><strong><em>f&#39;._</em></strong></span> 
     </span>
    </p>
   </div>
   <div class='ocr_carea' id='block_1_81' title="bbox 433 4047 2026 4124">
    <p class='ocr_par' dir='ltr' id='par_1_81' title="bbox 433 4047 2026 4124">
     <span class='ocr_line' id='line_1_81' title="bbox 433 4047 2026 4124; baseline 0.007 -23"><span class='ocrx_word' id='word_1_565' title='bbox 433 4047 686 4117; x_wconf 90' lang='lat' dir='ltr'><strong><em>discipuli</em></strong></span> <span class='ocrx_word' id='word_1_566' title='bbox 715 4049 1112 4118; x_wconf 86' lang='lat' dir='ltr'><strong><em>consolatione,</em></strong></span> <span class='ocrx_word' id='word_1_567' title='bbox 1173 4068 1239 4108; x_wconf 86' lang='lat' dir='ltr'><strong><em>ac</em></strong></span> <span class='ocrx_word' id='word_1_568' title='bbox 1283 4054 1518 4109; x_wconf 73' lang='lat' dir='ltr'><strong><em>niaxitue</em></strong></span> <span class='ocrx_word' id='word_1_569' title='bbox 1545 4055 1638 4124; x_wconf 91' lang='lat' dir='ltr'><strong><em>qui</em></strong></span> <span class='ocrx_word' id='word_1_570' title='bbox 1681 4071 1746 4110; x_wconf 78' lang='lat' dir='ltr'><strong><em>ex</em></strong></span> <span class='ocrx_word' id='word_1_571' title='bbox 1774 4057 2026 4124; x_wconf 66' lang='lat' dir='ltr'><strong><em>nationi-j</em></strong></span> 
     </span>
    </p>
   </div>
   <div class='ocr_carea' id='block_1_82' title="bbox 432 4119 2024 4205">
    <p class='ocr_par' dir='ltr' id='par_1_82' title="bbox 432 4119 2024 4205">
     <span class='ocr_line' id='line_1_82' title="bbox 432 4119 2024 4205; baseline 0.009 -14"><span class='ocrx_word' id='word_1_572' title='bbox 432 4139 538 4192; x_wconf 89' lang='lat' dir='ltr'><strong><em>bus</em></strong></span> <span class='ocrx_word' id='word_1_573' title='bbox 581 4140 789 4193; x_wconf 79' lang='lat' dir='ltr'><strong><em>exteris</em></strong></span> <span class='ocrx_word' id='word_1_574' title='bbox 836 4140 1027 4195; x_wconf 89' lang='lat' dir='ltr'><strong><em>doceri</em></strong></span> <span class='ocrx_word' id='word_1_575' title='bbox 1081 4142 1374 4197; x_wconf 87' lang='lat' dir='ltr'><strong><em>debebant.</em></strong></span> <span class='ocrx_word' id='word_1_576' title='bbox 1406 4119 1796 4202; x_wconf 78' lang='lat' dir='ltr'><strong><em>Animadverte</em></strong></span> <span class='ocrx_word' id='word_1_577' title='bbox 1827 4119 2024 4205; x_wconf 41' lang='lat' dir='ltr'><strong><em>autem:</em></strong></span> 
     </span>
    </p>
   </div>
   <div class='ocr_carea' id='block_1_83' title="bbox 2121 3953 3698 4030">
    <p class='ocr_par' dir='ltr' id='par_1_83' title="bbox 2121 3953 3698 4030">
     <span class='ocr_line' id='line_1_83' title="bbox 2121 3953 3698 4030; baseline -0.007 -13"><span class='ocrx_word' id='word_1_578' title='bbox 2121 3961 2266 4027; x_wconf 84' lang='grc' dir='ltr'><em>Θεὸς</em></span> <span class='ocrx_word' id='word_1_579' title='bbox 2289 3959 2417 4030; x_wconf 84' lang='grc' dir='ltr'><em>μετ’</em></span> <span class='ocrx_word' id='word_1_580' title='bbox 2462 3955 2682 4012; x_wconf 80' lang='grc' dir='ltr'><em>αὐτῶν.</em></span> <span class='ocrx_word' id='word_1_581' title='bbox 2717 3955 2870 4027; x_wconf 70' lang='grc' dir='ltr'><strong><em>Ἐμοὶ</em></strong></span> <span class='ocrx_word' id='word_1_582' title='bbox 2919 3954 2977 4008; x_wconf 82' lang='grc' dir='ltr'><em>δὲ</em></span> <span class='ocrx_word' id='word_1_583' title='bbox 3003 3955 3151 4007; x_wconf 80' lang='grc' dir='ltr'><em>δοκεῖ</em></span> <span class='ocrx_word' id='word_1_584' title='bbox 3195 3953 3320 4016; x_wconf 78' lang='grc' dir='ltr'><em>τοὺς</em></span> <span class='ocrx_word' id='word_1_585' title='bbox 3357 3954 3698 4024; x_wconf 74' lang='grc' dir='ltr'><em>πειρασμοὺς</em></span> 
     </span>
    </p>
   </div>
   <div class='ocr_carea' id='block_1_84' title="bbox 2117 4047 3696 4124">
    <p class='ocr_par' dir='ltr' id='par_1_84' title="bbox 2117 4047 3696 4124">
     <span class='ocr_line' id='line_1_84' title="bbox 2117 4047 3696 4124; baseline -0.004 -15"><span class='ocrx_word' id='word_1_586' title='bbox 2117 4055 2316 4124; x_wconf 78' lang='grc' dir='ltr'><em>λέγειν,</em></span> <span class='ocrx_word' id='word_1_587' title='bbox 2345 4053 2453 4108; x_wconf 84' lang='lat' dir='ltr'><strong><em>Kal</em></strong></span> <span class='ocrx_word' id='word_1_588' title='bbox 2478 4048 2794 4120; x_wconf 80' lang='grc' dir='ltr'><em>ὅτιοῆνοιξε</em></span> <span class='ocrx_word' id='word_1_589' title='bbox 2815 4047 2940 4115; x_wconf 80' lang='grc' dir='ltr'><em>τοῖς</em></span> <span class='ocrx_word' id='word_1_590' title='bbox 2971 4047 3174 4102; x_wconf 78' lang='grc' dir='ltr'><em>ἔθνεσι</em></span> <span class='ocrx_word' id='word_1_591' title='bbox 3204 4047 3394 4116; x_wconf 83' lang='grc' dir='ltr'><em>θύραν</em></span> <span class='ocrx_word' id='word_1_592' title='bbox 3416 4047 3696 4112; x_wconf 84' lang='grc' dir='ltr'><em>πίστεως.</em></span> 
     </span>
    </p>
   </div>
   <div class='ocr_carea' id='block_1_85' title="bbox 2116 4136 3697 4216">
    <p class='ocr_par' dir='ltr' id='par_1_85' title="bbox 2116 4136 3697 4216">
     <span class='ocr_line' id='line_1_85' title="bbox 2116 4136 3697 4216; baseline -0.006 -18"><span class='ocrx_word' id='word_1_593' title='bbox 2116 4145 2308 4216; x_wconf 82' lang='grc' dir='ltr'><em>Θυρῶν</em></span> <span class='ocrx_word' id='word_1_594' title='bbox 2344 4142 2567 4206; x_wconf 77' lang='grc' dir='ltr'><em>ἄνοιξιν,</em></span> <span class='ocrx_word' id='word_1_595' title='bbox 2596 4139 2693 4211; x_wconf 73' lang='grc' dir='ltr'><em>τὴν</em></span> <span class='ocrx_word' id='word_1_596' title='bbox 2735 4137 3084 4193; x_wconf 79' lang='grc' dir='ltr'><em>διδασκαλίαν</em></span> <span class='ocrx_word' id='word_1_597' title='bbox 3133 4136 3308 4201; x_wconf 84' lang='grc' dir='ltr'><em>καλεῖ,</em></span> <span class='ocrx_word' id='word_1_598' title='bbox 3339 4136 3406 4207; x_wconf 83' lang='grc' dir='ltr'><em>ἢν</em></span> <span class='ocrx_word' id='word_1_599' title='bbox 3452 4137 3522 4190; x_wconf 84' lang='grc' dir='ltr'><em>τὰ</em></span> <span class='ocrx_word' id='word_1_600' title='bbox 3569 4136 3697 4206; x_wconf 71' lang='grc' dir='ltr'><em>ἔθνη</em></span> 
     </span>
    </p>
   </div>
   <div class='ocr_carea' id='block_1_86' title="bbox 435 4214 2020 4305">
    <p class='ocr_par' dir='ltr' id='par_1_86' title="bbox 435 4227 2015 4305">
     <span class='ocr_line' id='line_1_86' title="bbox 435 4227 2015 4305; baseline 0.008 -25"><span class='ocrx_word' id='word_1_601' title='bbox 435 4227 601 4280; x_wconf 90' lang='lat' dir='ltr'><strong><em>etiam</em></strong></span> <span class='ocrx_word' id='word_1_602' title='bbox 653 4228 881 4283; x_wconf 86' lang='lat' dir='ltr'><strong><em>Paulum</em></strong></span> <span class='ocrx_word' id='word_1_603' title='bbox 937 4239 994 4284; x_wconf 90' lang='lat' dir='ltr'><strong><em>et</em></strong></span> <span class='ocrx_word' id='word_1_604' title='bbox 1048 4231 1351 4286; x_wconf 79' lang='lat' dir='ltr'><strong><em>Barnabam</em></strong></span> <span class='ocrx_word' id='word_1_605' title='bbox 1416 4233 1714 4303; x_wconf 86' lang='lat' dir='ltr'><strong><em>episcopali</em></strong></span> <span class='ocrx_word' id='word_1_606' title='bbox 1757 4238 2015 4305; x_wconf 77' lang='lat' dir='ltr'><strong><em>praeditos</em></strong></span> 
     </span>
    </p>
   </div>
   <div class='ocr_carea' id='block_1_87' title="bbox 2114 4214 3700 4305">
    <p class='ocr_par' dir='ltr' id='par_1_87' title="bbox 2114 4214 3700 4303">
     <span class='ocr_line' id='line_1_87' title="bbox 2114 4214 3700 4303; baseline -0.005 -13"><span class='ocrx_word' id='word_1_607' title='bbox 2114 4214 2400 4290; x_wconf 35' lang='grc' dir='ltr'><em>δι’-αὑτῶν</em></span> <span class='ocrx_word' id='word_1_608' title='bbox 2449 4232 2839 4303; x_wconf 80' lang='grc' dir='ltr'><em>παρεδέξαντο.</em></span> <span class='ocrx_word' id='word_1_609' title='bbox 2893 4228 3190 4298; x_wconf 76' lang='grc' dir='ltr'><em>Διέτριϐον</em></span> <span class='ocrx_word' id='word_1_610' title='bbox 3233 4229 3302 4281; x_wconf 85' lang='grc' dir='ltr'><em>δὲ</em></span> <span class='ocrx_word' id='word_1_611' title='bbox 3329 4227 3460 4283; x_wconf 80' lang='grc' dir='ltr'><em>ἐκεῖ</em></span> <span class='ocrx_word' id='word_1_612' title='bbox 3475 4230 3700 4298; x_wconf 83' lang='grc' dir='ltr'><em>χρόνον</em></span> 
     </span>
    </p>
   </div>
   <div class='ocr_carea' id='block_1_88' title="bbox 434 4307 2020 4402">
    <p class='ocr_par' dir='ltr' id='par_1_88' title="bbox 434 4319 2012 4393">
     <span class='ocr_line' id='line_1_88' title="bbox 434 4319 2012 4393; baseline 0.007 -19"><span class='ocrx_word' id='word_1_613' title='bbox 434 4319 608 4374; x_wconf 82' lang='lat' dir='ltr'><strong><em>fuisse</em></strong></span> <span class='ocrx_word' id='word_1_614' title='bbox 653 4321 917 4392; x_wconf 75' lang='lat' dir='ltr'><strong><em>dignitate</em></strong></span> <span class='ocrx_word' id='word_1_615' title='bbox 964 4339 977 4374; x_wconf 91' lang='lat'><strong>:</strong></span> <span class='ocrx_word' id='word_1_616' title='bbox 1010 4332 1302 4392; x_wconf 81' lang='lat' dir='ltr'><strong><em>propterea</em></strong></span> <span class='ocrx_word' id='word_1_617' title='bbox 1351 4325 1496 4393; x_wconf 85' lang='lat' dir='ltr'><strong><em>quod</em></strong></span> <span class='ocrx_word' id='word_1_618' title='bbox 1535 4326 1866 4383; x_wconf 84' lang='lat' dir='ltr'><strong><em>ordinabant</em></strong></span> <span class='ocrx_word' id='word_1_619' title='bbox 1901 4345 2012 4384; x_wconf 90' lang='lat' dir='ltr'><strong><em>non</em></strong></span> 
     </span>
    </p>
   </div>
   <div class='ocr_carea' id='block_1_89' title="bbox 2114 4307 3700 4402">
    <p class='ocr_par' dir='ltr' id='par_1_89' title="bbox 2114 4307 3700 4402">
     <span class='ocr_line' id='line_1_89' title="bbox 2114 4307 3700 4402; baseline -0.011 -15"><span class='ocrx_word' id='word_1_620' title='bbox 2114 4307 2229 4402; x_wconf 57' lang='lat' dir='ltr'><strong><em>[&#39;0in</em></strong></span> <span class='ocrx_word' id='word_1_621' title='bbox 2259 4325 2468 4396; x_wconf 71' lang='grc' dir='ltr'><em>ὀλίγον</em></span> <span class='ocrx_word' id='word_1_622' title='bbox 2498 4324 2621 4378; x_wconf 85' lang='grc' dir='ltr'><em>σὺν</em></span> <span class='ocrx_word' id='word_1_623' title='bbox 2645 4323 2770 4388; x_wconf 85' lang='grc' dir='ltr'><em>τοῖς</em></span> <span class='ocrx_word' id='word_1_624' title='bbox 2786 4322 3100 4390; x_wconf 83' lang='grc' dir='ltr'><em>μαθηταῖς.</em></span> <span class='ocrx_word' id='word_1_625' title='bbox 3117 4319 3344 4391; x_wconf 81' lang='grc' dir='ltr'><strong><em>Μεγάλη</em></strong></span> <span class='ocrx_word' id='word_1_626' title='bbox 3373 4319 3510 4373; x_wconf 80' lang='grc' dir='ltr'><em>οὖσα</em></span> <span class='ocrx_word' id='word_1_627' title='bbox 3539 4322 3574 4391; x_wconf 77' lang='grc' dir='ltr'>ὴ</span> <span class='ocrx_word' id='word_1_628' title='bbox 3602 4319 3700 4372; x_wconf 61' lang='grc' dir='ltr'><strong><em>πόα</em></strong></span> 
     </span>
    </p>
   </div>
   <div class='ocr_carea' id='block_1_90' title="bbox 435 4403 2020 4488">
    <p class='ocr_par' dir='ltr' id='par_1_90' title="bbox 435 4411 2015 4488">
     <span class='ocr_line' id='line_1_90' title="bbox 435 4411 2015 4488; baseline 0.006 -24"><span class='ocrx_word' id='word_1_629' title='bbox 435 4411 614 4464; x_wconf 87' lang='lat' dir='ltr'><strong><em>solum</em></strong></span> <span class='ocrx_word' id='word_1_630' title='bbox 634 4411 913 4477; x_wconf 85' lang='lat' dir='ltr'><strong><em>diaconos,</em></strong></span> <span class='ocrx_word' id='word_1_631' title='bbox 933 4427 1121 4467; x_wconf 82' lang='lat' dir='ltr'><strong><em>verum</em></strong></span> <span class='ocrx_word' id='word_1_632' title='bbox 1144 4412 1307 4467; x_wconf 87' lang='lat' dir='ltr'><strong><em>etiam</em></strong></span> <span class='ocrx_word' id='word_1_633' title='bbox 1335 4413 1699 4486; x_wconf 84' lang='lat' dir='ltr'><strong><em>presbyteros.</em></strong></span> <span class='ocrx_word' id='word_1_634' title='bbox 1722 4415 2015 4488; x_wconf 86' lang='lat' dir='ltr'><strong><em>Postquam</em></strong></span> 
     </span>
    </p>
   </div>
   <div class='ocr_carea' id='block_1_91' title="bbox 2114 4403 3506 4488">
    <p class='ocr_par' dir='ltr' id='par_1_91' title="bbox 2114 4403 3506 4486">
     <span class='ocr_line' id='line_1_91' title="bbox 2114 4403 3506 4486; baseline -0.007 -14"><span class='ocrx_word' id='word_1_635' title='bbox 2114 4403 2225 4486; x_wconf 77' lang='grc' dir='ltr'><em>λις,</em></span> <span class='ocrx_word' id='word_1_636' title='bbox 2262 4418 2432 4471; x_wconf 83' lang='grc' dir='ltr'><em>ἐδεῖτο</em></span> <span class='ocrx_word' id='word_1_637' title='bbox 2452 4415 2560 4469; x_wconf 84' lang='grc' dir='ltr'><strong><em>τῶν</em></strong></span> <span class='ocrx_word' id='word_1_638' title='bbox 2587 4413 2943 4480; x_wconf 76' lang='grc' dir='ltr'><em>διδασκάλων.</em></span> <span class='ocrx_word' id='word_1_639' title='bbox 3501 4415 3506 4420; x_wconf 91' lang='grc'><em>’</em></span> 
     </span>
    </p>
   </div>
   <div class='ocr_carea' id='block_1_92' title="bbox 429 4506 3702 4588">
    <p class='ocr_par' dir='ltr' id='par_1_92' title="bbox 429 4506 3702 4588">
     <span class='ocr_line' id='line_1_92' title="bbox 429 4506 3702 4588; baseline 0.001 -28"><span class='ocrx_word' id='word_1_640' title='bbox 429 4519 613 4561; x_wconf 85' lang='lat' dir='ltr'><strong><em>autem</em></strong></span> <span class='ocrx_word' id='word_1_641' title='bbox 658 4507 989 4561; x_wconf 82' lang='lat' dir='ltr'><strong><em>Antiochiam</em></strong></span> <span class='ocrx_word' id='word_1_642' title='bbox 1021 4511 1364 4575; x_wconf 85' lang='lat' dir='ltr'><strong><em>advenerunt,</em></strong></span> <span class='ocrx_word' id='word_1_643' title='bbox 1395 4509 1684 4564; x_wconf 84' lang='lat' dir='ltr'><strong><em>retulerunt</em></strong></span> <span class='ocrx_word' id='word_1_644' title='bbox 1733 4513 2006 4583; x_wconf 83' lang='lat' dir='ltr'><strong><em>discipulis</em></strong></span> <span class='ocrx_word' id='word_1_645' title='bbox 2039 4529 2360 4588; x_wconf 76' lang='lat' dir='ltr'><strong><em>quwcunque</em></strong></span> <span class='ocrx_word' id='word_1_646' title='bbox 2380 4511 2521 4566; x_wconf 86' lang='lat' dir='ltr'><strong><em>Deus</em></strong></span> <span class='ocrx_word' id='word_1_647' title='bbox 2563 4522 2733 4564; x_wconf 80' lang='lat' dir='ltr'><strong><em>secum</em></strong></span> <span class='ocrx_word' id='word_1_648' title='bbox 2757 4509 2978 4579; x_wconf 78' lang='lat' dir='ltr'><strong><em>fecisset.</em></strong></span> <span class='ocrx_word' id='word_1_649' title='bbox 3047 4506 3166 4564; x_wconf 89' lang='lat' dir='ltr'><strong><em>Non</em></strong></span> <span class='ocrx_word' id='word_1_650' title='bbox 3227 4508 3383 4576; x_wconf 84' lang='lat' dir='ltr'><strong><em>dixit,</em></strong></span> <span class='ocrx_word' id='word_1_651' title='bbox 3441 4523 3702 4581; x_wconf 57' lang='lat' dir='ltr'><strong><em>quacun-</em></strong></span> 
     </span>
    </p>
   </div>
   <div class='ocr_carea' id='block_1_93' title="bbox 431 4599 3694 4680">
    <p class='ocr_par' dir='ltr' id='par_1_93' title="bbox 431 4599 3694 4680">
     <span class='ocr_line' id='line_1_93' title="bbox 431 4599 3694 4680; baseline 0.002 -25"><span class='ocrx_word' id='word_1_652' title='bbox 431 4615 543 4671; x_wconf 77' lang='lat' dir='ltr'><strong><em>que</em></strong></span> <span class='ocrx_word' id='word_1_653' title='bbox 580 4601 681 4671; x_wconf 82' lang='lat' dir='ltr'><strong><em>ipsi</em></strong></span> <span class='ocrx_word' id='word_1_654' title='bbox 729 4599 1010 4665; x_wconf 81' lang='lat' dir='ltr'><strong><em>fecissent,</em></strong></span> <span class='ocrx_word' id='word_1_655' title='bbox 1038 4601 1157 4670; x_wconf 89' lang='lat' dir='ltr'><strong><em>sed,</em></strong></span> <span class='ocrx_word' id='word_1_656' title='bbox 1193 4618 1536 4673; x_wconf 71' lang='lat' dir='ltr'><strong><em>quaecunque</em></strong></span> <span class='ocrx_word' id='word_1_657' title='bbox 1577 4604 1724 4659; x_wconf 89' lang='lat' dir='ltr'><strong><em>Deus</em></strong></span> <span class='ocrx_word' id='word_1_658' title='bbox 1780 4621 1891 4663; x_wconf 78' lang='lat' dir='ltr'><strong><em>una.</em></strong></span> <span class='ocrx_word' id='word_1_659' title='bbox 1924 4622 2047 4663; x_wconf 87' lang='lat' dir='ltr'><strong><em>cum</em></strong></span> <span class='ocrx_word' id='word_1_660' title='bbox 2091 4610 2227 4680; x_wconf 84' lang='lat' dir='ltr'><strong><em>ipsis</em></strong></span> <span class='ocrx_word' id='word_1_661' title='bbox 2287 4624 2300 4660; x_wconf 92' lang='lat'><strong>:</strong></span> <span class='ocrx_word' id='word_1_662' title='bbox 2375 4603 2511 4660; x_wconf 85' lang='lat' dir='ltr'><strong><em>mihi</em></strong></span> <span class='ocrx_word' id='word_1_663' title='bbox 2565 4614 2748 4659; x_wconf 87' lang='lat' dir='ltr'><strong><em>autem</em></strong></span> <span class='ocrx_word' id='word_1_664' title='bbox 2803 4603 3024 4659; x_wconf 84' lang='lat' dir='ltr'><strong><em>videtur</em></strong></span> <span class='ocrx_word' id='word_1_665' title='bbox 3103 4603 3436 4659; x_wconf 82' lang='lat' dir='ltr'><strong><em>tentationes</em></strong></span> <span class='ocrx_word' id='word_1_666' title='bbox 3489 4606 3694 4666; x_wconf 88' lang='lat' dir='ltr'><strong><em>dicere.</em></strong></span> 
     </span>
    </p>
   </div>
   <div class='ocr_carea' id='block_1_94' title="bbox 433 4693 3700 4770">
    <p class='ocr_par' dir='ltr' id='par_1_94' title="bbox 433 4693 3700 4770">
     <span class='ocr_line' id='line_1_94' title="bbox 433 4693 3700 4770; baseline 0.002 -23"><span class='ocrx_word' id='word_1_667' title='bbox 433 4694 505 4747; x_wconf 81' lang='lat' dir='ltr'><strong><em>Et</em></strong></span> <span class='ocrx_word' id='word_1_668' title='bbox 553 4701 613 4746; x_wconf 89' lang='lat' dir='ltr'><strong><em>ut</em></strong></span> <span class='ocrx_word' id='word_1_669' title='bbox 667 4693 858 4746; x_wconf 72' lang='lat' dir='ltr'><strong><em>exteris</em></strong></span> <span class='ocrx_word' id='word_1_670' title='bbox 916 4694 1219 4747; x_wconf 84' lang='lat' dir='ltr'><strong><em>nationibus</em></strong></span> <span class='ocrx_word' id='word_1_671' title='bbox 1266 4695 1460 4750; x_wconf 88' lang='lat' dir='ltr'><strong><em>ostium</em></strong></span> <span class='ocrx_word' id='word_1_672' title='bbox 1517 4694 1640 4763; x_wconf 87' lang='lat' dir='ltr'><strong><em>ﬁdei</em></strong></span> <span class='ocrx_word' id='word_1_673' title='bbox 1691 4697 2005 4764; x_wconf 82' lang='lat' dir='ltr'><strong><em>aperuisset.</em></strong></span> <span class='ocrx_word' id='word_1_674' title='bbox 2047 4699 2348 4755; x_wconf 83' lang='lat' dir='ltr'><strong><em>Januarum</em></strong></span> <span class='ocrx_word' id='word_1_675' title='bbox 2377 4697 2762 4768; x_wconf 86' lang='lat' dir='ltr'><strong><em>apertionem,</em></strong></span> <span class='ocrx_word' id='word_1_676' title='bbox 2792 4695 3100 4751; x_wconf 85' lang='lat' dir='ltr'><strong><em>doctrinam</em></strong></span> <span class='ocrx_word' id='word_1_677' title='bbox 3129 4705 3308 4763; x_wconf 90' lang='lat' dir='ltr'><strong><em>vocat,</em></strong></span> <span class='ocrx_word' id='word_1_678' title='bbox 3364 4711 3528 4766; x_wconf 86' lang='lat' dir='ltr'><strong><em>quam</em></strong></span> <span class='ocrx_word' id='word_1_679' title='bbox 3598 4713 3700 4770; x_wconf 85' lang='lat' dir='ltr'><strong><em>per</em></strong></span> 
     </span>
    </p>
   </div>
   <div class='ocr_carea' id='block_1_95' title="bbox 435 4785 3696 4862">
    <p class='ocr_par' dir='ltr' id='par_1_95' title="bbox 435 4785 3696 4862">
     <span class='ocr_line' id='line_1_95' title="bbox 435 4785 3696 4862; baseline 0.002 -24"><span class='ocrx_word' id='word_1_680' title='bbox 435 4787 586 4854; x_wconf 89' lang='lat' dir='ltr'><strong><em>ipsos</em></strong></span> <span class='ocrx_word' id='word_1_681' title='bbox 615 4793 941 4854; x_wconf 84' lang='lat' dir='ltr'><strong><em>acceperant</em></strong></span> <span class='ocrx_word' id='word_1_682' title='bbox 969 4794 1172 4839; x_wconf 67' lang='lat' dir='ltr'><strong><em>exterae</em></strong></span> <span class='ocrx_word' id='word_1_683' title='bbox 1218 4785 1494 4862; x_wconf 80' lang='lat' dir='ltr'><strong><em>nationes.</em></strong></span> <span class='ocrx_word' id='word_1_684' title='bbox 1525 4786 1696 4858; x_wconf 81' lang='lat' dir='ltr'><strong><em>Atque</em></strong></span> <span class='ocrx_word' id='word_1_685' title='bbox 1738 4786 1884 4840; x_wconf 79' lang='lat' dir='ltr'><strong><em>haud</em></strong></span> <span class='ocrx_word' id='word_1_686' title='bbox 1911 4791 2162 4862; x_wconf 76' lang='lat' dir='ltr'><strong><em>exiguum</em></strong></span> <span class='ocrx_word' id='word_1_687' title='bbox 2197 4805 2405 4860; x_wconf 80' lang='lat' dir='ltr'><strong><em>tempus</em></strong></span> <span class='ocrx_word' id='word_1_688' title='bbox 2473 4789 2588 4843; x_wconf 87' lang='lat' dir='ltr'><strong><em>illic</em></strong></span> <span class='ocrx_word' id='word_1_689' title='bbox 2650 4803 2768 4843; x_wconf 85' lang='lat' dir='ltr'><strong><em>cum</em></strong></span> <span class='ocrx_word' id='word_1_690' title='bbox 2844 4787 3124 4858; x_wconf 84' lang='lat' dir='ltr'><strong><em>discipulis</em></strong></span> <span class='ocrx_word' id='word_1_691' title='bbox 3171 4793 3484 4846; x_wconf 85' lang='lat' dir='ltr'><strong><em>commorati</em></strong></span> <span class='ocrx_word' id='word_1_692' title='bbox 3549 4805 3696 4851; x_wconf 85' lang='lat' dir='ltr'><strong><em>sunt.</em></strong></span> 
     </span>
    </p>
   </div>
   <div class='ocr_carea' id='block_1_96' title="bbox 432 4877 2047 4949">
    <p class='ocr_par' dir='ltr' id='par_1_96' title="bbox 432 4877 2047 4949">
     <span class='ocr_line' id='line_1_96' title="bbox 432 4877 2047 4949; baseline 0.004 -18"><span class='ocrx_word' id='word_1_693' title='bbox 432 4877 594 4944; x_wconf 76' lang='lat' dir='ltr'><strong><em>Quod</em></strong></span> <span class='ocrx_word' id='word_1_694' title='bbox 621 4892 813 4948; x_wconf 77' lang='lat' dir='ltr'><strong><em>magna</em></strong></span> <span class='ocrx_word' id='word_1_695' title='bbox 847 4877 978 4932; x_wconf 90' lang='lat' dir='ltr'><strong><em>urbs</em></strong></span> <span class='ocrx_word' id='word_1_696' title='bbox 1001 4885 1170 4939; x_wconf 88' lang='lat' dir='ltr'><strong><em>esset,</em></strong></span> <span class='ocrx_word' id='word_1_697' title='bbox 1198 4877 1518 4933; x_wconf 87' lang='lat' dir='ltr'><strong><em>doctoribus</em></strong></span> <span class='ocrx_word' id='word_1_698' title='bbox 1548 4893 1686 4949; x_wconf 89' lang='lat' dir='ltr'><strong><em>opus</em></strong></span> <span class='ocrx_word' id='word_1_699' title='bbox 1714 4877 2009 4938; x_wconf 85' lang='lat' dir='ltr'><strong><em>habebant.</em></strong></span> <span class='ocrx_word' id='word_1_700' title='bbox 2037 4929 2047 4937; x_wconf 96' lang='lat'><strong><em>.</em></strong></span> 
     </span>
    </p>
   </div>
   <div class='ocr_carea' id='block_1_97' title="bbox 1031 4972 2020 5052">
    <p class='ocr_par' dir='ltr' id='par_1_97' title="bbox 1031 4972 1417 5052">
     <span class='ocr_line' id='line_1_97' title="bbox 1031 4972 1417 5052; baseline 0.008 -25"><span class='ocrx_word' id='word_1_701' title='bbox 1031 4972 1260 5030; x_wconf 63' lang='lat' dir='ltr'><strong><em>caper</em></strong></span> <span class='ocrx_word' id='word_1_702' title='bbox 1301 4973 1417 5052; x_wconf 63' lang='lat' dir='ltr'><strong><em>xv.</em></strong></span> 
     </span>
    </p>
   </div>
   <div class='ocr_carea' id='block_1_98' title="bbox 2114 4972 3101 5052">
    <p class='ocr_par' dir='ltr' id='par_1_98' title="bbox 2716 4973 3101 5030">
     <span class='ocr_line' id='line_1_98' title="bbox 2716 4973 3101 5030; baseline 0.005 -2"><span class='ocrx_word' id='word_1_703' title='bbox 2716 4974 2967 5028; x_wconf 79' lang='grc' dir='ltr'><strong><em>ΚΕΦΑΛ.</em></strong></span> <span class='ocrx_word' id='word_1_704' title='bbox 3000 4973 3101 5030; x_wconf 86' lang='grc' dir='ltr'><strong><em>ΙΕ’.</em></strong></span> 
     </span>
    </p>
   </div>
   <div class='ocr_carea' id='block_1_99' title="bbox 509 5063 2020 5136">
    <p class='ocr_par' dir='ltr' id='par_1_99' title="bbox 509 5063 2020 5134">
     <span class='ocr_line' id='line_1_99' title="bbox 509 5063 2020 5134; baseline 0 -15"><span class='ocrx_word' id='word_1_705' title='bbox 509 5063 675 5120; x_wconf 71' lang='lat' dir='ltr'><strong><em>Vens.</em></strong></span> <span class='ocrx_word' id='word_1_706' title='bbox 717 5064 768 5118; x_wconf 79' lang='grc'><em>1.</em></span> <span class='ocrx_word' id='word_1_707' title='bbox 802 5063 868 5117; x_wconf 82' lang='grc' dir='ltr'><em>Ει</em></span> <span class='ocrx_word' id='word_1_708' title='bbox 896 5065 1135 5117; x_wconf 80' lang='lat' dir='ltr'><strong><em>nonnulli</em></strong></span> <span class='ocrx_word' id='word_1_709' title='bbox 1171 5066 1260 5134; x_wconf 83' lang='lat' dir='ltr'><strong><em>qui</em></strong></span> <span class='ocrx_word' id='word_1_710' title='bbox 1290 5067 1669 5121; x_wconf 82' lang='lat' dir='ltr'><strong><em>descenderant</em></strong></span> <span class='ocrx_word' id='word_1_711' title='bbox 1700 5069 1763 5121; x_wconf 89' lang='lat' dir='ltr'><strong><em>de</em></strong></span> <span class='ocrx_word' id='word_1_712' title='bbox 1793 5065 2020 5132; x_wconf 59' lang='grc' dir='ltr'><em>,Μαίων</em></span> 
     </span>
    </p>
   </div>
   <div class='ocr_carea' id='block_1_100' title="bbox 2114 5063 3698 5136">
    <p class='ocr_par' dir='ltr' id='par_1_100' title="bbox 2194 5065 3698 5136">
     <span class='ocr_line' id='line_1_100' title="bbox 2194 5065 3698 5136; baseline 0 -12"><span class='ocrx_word' id='word_1_713' title='bbox 2194 5069 2306 5124; x_wconf 82' lang='grc' dir='ltr'><strong><em>Καί</em></strong></span> <span class='ocrx_word' id='word_1_714' title='bbox 2330 5084 2490 5134; x_wconf 86' lang='grc' dir='ltr'><em>τινες</em></span> <span class='ocrx_word' id='word_1_715' title='bbox 2520 5067 2913 5130; x_wconf 76' lang='grc' dir='ltr'><em>κατελθόντες</em></span> <span class='ocrx_word' id='word_1_716' title='bbox 2939 5066 3058 5122; x_wconf 77' lang='grc' dir='ltr'><strong><em>ἀπὸ</em></strong></span> <span class='ocrx_word' id='word_1_717' title='bbox 3087 5065 3198 5135; x_wconf 86' lang='grc' dir='ltr'><em>τῆς</em></span> <span class='ocrx_word' id='word_1_718' title='bbox 3240 5067 3555 5136; x_wconf 80' lang='grc' dir='ltr'><em>Ἰουδαίας,</em></span> <span class='ocrx_word' id='word_1_719' title='bbox 3580 5071 3698 5126; x_wconf 77' lang='grc' dir='ltr'><strong><em>ἐδί-</em></strong></span> 
     </span>
    </p>
   </div>
   <div class='ocr_carea' id='block_1_101' title="bbox 433 5155 2020 5233">
    <p class='ocr_par' dir='ltr' id='par_1_101' title="bbox 433 5155 2019 5227">
     <span class='ocr_line' id='line_1_101' title="bbox 433 5155 2019 5227; baseline 0.002 -16"><span class='ocrx_word' id='word_1_720' title='bbox 433 5156 689 5211; x_wconf 86' lang='lat' dir='ltr'><strong><em>docebant</em></strong></span> <span class='ocrx_word' id='word_1_721' title='bbox 720 5158 936 5227; x_wconf 82' lang='lat' dir='ltr'><strong><em>fratres,</em></strong></span> <span class='ocrx_word' id='word_1_722' title='bbox 962 5157 1122 5225; x_wconf 81' lang='lat' dir='ltr'><strong><em>quod,</em></strong></span> <span class='ocrx_word' id='word_1_723' title='bbox 1142 5155 1210 5210; x_wconf 79' lang='lat' dir='ltr'><strong><em>Si</em></strong></span> <span class='ocrx_word' id='word_1_724' title='bbox 1238 5173 1341 5211; x_wconf 87' lang='lat' dir='ltr'><strong><em>non</em></strong></span> <span class='ocrx_word' id='word_1_725' title='bbox 1377 5155 1811 5213; x_wconf 85' lang='lat' dir='ltr'><strong><em>circumcidimini</em></strong></span> <span class='ocrx_word' id='word_1_726' title='bbox 1843 5160 1946 5213; x_wconf 87' lang='lat' dir='ltr'><strong><em>ritu</em></strong></span> <span class='ocrx_word' id='word_1_727' title='bbox 1981 5177 2019 5214; x_wconf 84' lang='grc' dir='ltr'><strong><em>α</em></strong></span> 
     </span>
    </p>
   </div>
   <div class='ocr_carea' id='block_1_102' title="bbox 2114 5155 3700 5233">
    <p class='ocr_par' dir='ltr' id='par_1_102' title="bbox 2123 5157 3700 5233">
     <span class='ocr_line' id='line_1_102' title="bbox 2123 5157 3700 5233; baseline -0.001 -16"><span class='ocrx_word' id='word_1_728' title='bbox 2123 5161 2362 5216; x_wconf 65' lang='lat' dir='ltr'><strong><em>«Sarritor</em></strong></span> <span class='ocrx_word' id='word_1_729' title='bbox 2395 5159 2538 5225; x_wconf 82' lang='grc' dir='ltr'><em>τοὺς</em></span> <span class='ocrx_word' id='word_1_730' title='bbox 2574 5157 2899 5228; x_wconf 72' lang='grc' dir='ltr'><em>ἀδελφοὺς,</em></span> <span class='ocrx_word' id='word_1_731' title='bbox 2920 5157 3036 5226; x_wconf 80' lang='grc' dir='ltr'><em>ὅτι,</em></span> <span class='ocrx_word' id='word_1_732' title='bbox 3081 5157 3218 5214; x_wconf 75' lang='grc' dir='ltr'><em>Ἐὰν</em></span> <span class='ocrx_word' id='word_1_733' title='bbox 3245 5161 3330 5229; x_wconf 80' lang='grc' dir='ltr'><em>μὴ</em></span> <span class='ocrx_word' id='word_1_734' title='bbox 3357 5163 3700 5233; x_wconf 68' lang='grc' dir='ltr'><em>περιτέμνη-</em></span> 
     </span>
    </p>
   </div>
   <div class='ocr_carea' id='block_1_103' title="bbox 439 5248 2020 5324">
    <p class='ocr_par' dir='ltr' id='par_1_103' title="bbox 439 5248 1607 5319">
     <span class='ocr_line' id='line_1_103' title="bbox 439 5248 1607 5319; baseline 0.002 -16"><span class='ocrx_word' id='word_1_735' title='bbox 439 5248 612 5319; x_wconf 72' lang='lat' dir='ltr'><strong><em>Moyse</em></strong></span> <span class='ocrx_word' id='word_1_736' title='bbox 639 5249 903 5314; x_wconf 87' lang='lat' dir='ltr'><strong><em>instituto,</em></strong></span> <span class='ocrx_word' id='word_1_737' title='bbox 929 5264 1031 5301; x_wconf 84' lang='lat' dir='ltr'><strong><em>non</em></strong></span> <span class='ocrx_word' id='word_1_738' title='bbox 1064 5249 1275 5318; x_wconf 84' lang='lat' dir='ltr'><strong><em>potestis</em></strong></span> <span class='ocrx_word' id='word_1_739' title='bbox 1306 5264 1420 5304; x_wconf 84' lang='lat' dir='ltr'><strong><em>esse</em></strong></span> <span class='ocrx_word' id='word_1_740' title='bbox 1449 5251 1607 5305; x_wconf 75' lang='lat' dir='ltr'><strong><em>salui.</em></strong></span> 
     </span>
    </p>
   </div>
   <div class='ocr_carea' id='block_1_104' title="bbox 2114 5248 3700 5324">
    <p class='ocr_par' dir='ltr' id='par_1_104' title="bbox 2123 5250 3700 5324">
     <span class='ocr_line' id='line_1_104' title="bbox 2123 5250 3700 5324; baseline 0 -16"><span class='ocrx_word' id='word_1_741' title='bbox 2123 5257 2232 5308; x_wconf 90' lang='grc' dir='ltr'><strong><em>σθε</em></strong></span> <span class='ocrx_word' id='word_1_742' title='bbox 2260 5255 2304 5285; x_wconf 76' lang='grc'><strong><em>’⁵</em></strong></span> <span class='ocrx_word' id='word_1_743' title='bbox 2359 5250 2439 5316; x_wconf 88' lang='grc' dir='ltr'><em>τῷ</em></span> <span class='ocrx_word' id='word_1_744' title='bbox 2491 5252 2611 5308; x_wconf 76' lang='grc' dir='ltr'><em>ἔθει</em></span> <span class='ocrx_word' id='word_1_745' title='bbox 2659 5251 2958 5317; x_wconf 78' lang='grc' dir='ltr'><em>Μωῦσέως</em></span> <span class='ocrx_word' id='word_1_746' title='bbox 2986 5252 3059 5317; x_wconf 77' lang='grc'><strong><em>’³,</em></strong></span> <span class='ocrx_word' id='word_1_747' title='bbox 3099 5253 3172 5307; x_wconf 87' lang='grc' dir='ltr'><em>οὺ</em></span> <span class='ocrx_word' id='word_1_748' title='bbox 3197 5251 3469 5311; x_wconf 82' lang='grc' dir='ltr'><em>δύνασθε</em></span> <span class='ocrx_word' id='word_1_749' title='bbox 3499 5255 3700 5324; x_wconf 83' lang='grc' dir='ltr'><em>σωθῆ-</em></span> 
     </span>
    </p>
   </div>
   <div class='ocr_carea' id='block_1_105' title="bbox 2123 5362 2241 5399">
    <p class='ocr_par' dir='ltr' id='par_1_105' title="bbox 2123 5362 2241 5399">
     <span class='ocr_line' id='line_1_105' title="bbox 2123 5362 2241 5399; baseline 0 0"><span class='ocrx_word' id='word_1_750' title='bbox 2123 5362 2241 5399; x_wconf 89' lang='grc' dir='ltr'><em>ναι.</em></span> 
     </span>
    </p>
   </div>
   <div class='ocr_carea' id='block_1_106' title="bbox 1640 5459 2533 5524">
    <p class='ocr_par' dir='ltr' id='par_1_106' title="bbox 1640 5459 2533 5524">
     <span class='ocr_line' id='line_1_106' title="bbox 1640 5459 2533 5524; baseline 0.002 -4"><span class='ocrx_word' id='word_1_751' title='bbox 1640 5459 1842 5522; x_wconf 68' lang='lat' dir='ltr'><strong><em>Variea</em></strong></span> <span class='ocrx_word' id='word_1_752' title='bbox 1881 5459 2193 5524; x_wconf 86' lang='lat' dir='ltr'><strong><em>lectiones</em></strong></span> <span class='ocrx_word' id='word_1_753' title='bbox 2237 5468 2300 5522; x_wconf 89' lang='lat' dir='ltr'><strong><em>et</em></strong></span> <span class='ocrx_word' id='word_1_754' title='bbox 2339 5465 2533 5524; x_wconf 66' lang='lat' dir='ltr'><strong><em>notae.</em></strong></span> 
     </span>
    </p>
   </div>
   <div class='ocr_carea' id='block_1_107' title="bbox 509 5571 2020 5667">
    <p class='ocr_par' dir='ltr' id='par_1_107' title="bbox 509 5582 2020 5667">
     <span class='ocr_line' id='line_1_107' title="bbox 509 5582 2020 5667; baseline 0.005 -33"><span class='ocrx_word' id='word_1_755' title='bbox 509 5583 550 5612; x_wconf 83' lang='lat'>&quot;</span> <span class='ocrx_word' id='word_1_756' title='bbox 583 5582 687 5667; x_wconf 43' lang='lat' dir='ltr'><strong><em>A&#39;ut</em></strong></span> <span class='ocrx_word' id='word_1_757' title='bbox 713 5583 1044 5667; x_wconf 48' lang='lat' dir='ltr'><strong><em>desiderant!</em></strong></span> <span class='ocrx_word' id='word_1_758' title='bbox 1065 5584 1530 5667; x_wconf 56' lang='lat' dir='ltr'><strong><em>pliquidlrocjoco</em></strong></span> <span class='ocrx_word' id='word_1_759' title='bbox 1565 5587 2020 5667; x_wconf 37' lang='grc' dir='ltr'><em>(τὴν-ὑπερϐολὴν</em></span> 
     </span>
    </p>
   </div>
   <div class='ocr_carea' id='block_1_108' title="bbox 2114 5571 3696 5667">
    <p class='ocr_par' dir='ltr' id='par_1_108' title="bbox 2114 5571 3696 5667">
     <span class='ocr_line' id='line_1_108' title="bbox 2114 5571 3696 5667; baseline 0.004 -22"><span class='ocrx_word' id='word_1_760' title='bbox 2114 5593 2316 5667; x_wconf 58' lang='grc' dir='ltr'><em>ινείείιη,</em></span> <span class='ocrx_word' id='word_1_761' title='bbox 2351 5601 2444 5644; x_wconf 92' lang='lat' dir='ltr'><strong><em>aut</em></strong></span> <span class='ocrx_word' id='word_1_762' title='bbox 2473 5590 2675 5667; x_wconf 82' lang='lat' dir='ltr'><strong><em>aliquid</em></strong></span> <span class='ocrx_word' id='word_1_763' title='bbox 2703 5590 2916 5667; x_wconf 73' lang='lat' dir='ltr'><strong><em>simile),</em></strong></span> <span class='ocrx_word' id='word_1_764' title='bbox 2952 5605 3046 5667; x_wconf 76' lang='lat' dir='ltr'><strong><em>aut</em></strong></span> <span class='ocrx_word' id='word_1_765' title='bbox 3085 5571 3181 5667; x_wconf 62' lang='grc' dir='ltr'><em>ριῗο</em></span> <span class='ocrx_word' id='word_1_766' title='bbox 3235 5592 3338 5661; x_wconf 80' lang='grc' dir='ltr'><em>τῆς</em></span> <span class='ocrx_word' id='word_1_767' title='bbox 3375 5593 3696 5667; x_wconf 86' lang='grc' dir='ltr'><em>Ἰουδαϊκῆς,</em></span> 
     </span>
    </p>
   </div>
   <div class='ocr_carea' id='block_1_109' title="bbox 441 5651 2020 5732">
    <p class='ocr_par' dir='ltr' id='par_1_109' title="bbox 441 5651 1993 5732">
     <span class='ocr_line' id='line_1_109' title="bbox 441 5651 1993 5732; baseline 0.006 -27"><span class='ocrx_word' id='word_1_768' title='bbox 441 5651 735 5732; x_wconf 67' lang='lat' dir='ltr'><strong><em>legendum.</em></strong></span> <span class='ocrx_word' id='word_1_769' title='bbox 765 5653 862 5713; x_wconf 78' lang='grc' dir='ltr'><em>τὰς</em></span> <span class='ocrx_word' id='word_1_770' title='bbox 893 5651 1210 5732; x_wconf 60' lang='grc' dir='ltr'><em>Ἰουδαςῑκάς.</em></span> <span class='ocrx_word' id='word_1_771' title='bbox 1239 5726 1250 5732; x_wconf 80' lang='lat'><strong>_</strong></span> <span class='ocrx_word' id='word_1_772' title='bbox 1289 5657 1332 5687; x_wconf 75' lang='lat'>“</span> <span class='ocrx_word' id='word_1_773' title='bbox 1366 5656 1476 5732; x_wconf 82' lang='lat' dir='ltr'><strong><em>lloc</em></strong></span> <span class='ocrx_word' id='word_1_774' title='bbox 1495 5651 1872 5732; x_wconf 71' lang='lat' dir='ltr'><strong><em>loco_éxistinio</em></strong></span> <span class='ocrx_word' id='word_1_775' title='bbox 1901 5651 1993 5715; x_wconf 70' lang='lat' dir='ltr'><strong><em>illd</em></strong></span> 
     </span>
    </p>
   </div>
   <div class='ocr_carea' id='block_1_110' title="bbox 2114 5651 3694 5732">
    <p class='ocr_par' dir='ltr' id='par_1_110' title="bbox 2114 5651 3694 5732">
     <span class='ocr_line' id='line_1_110' title="bbox 2114 5651 3694 5732; baseline 0.004 -16"><span class='ocrx_word' id='word_1_776' title='bbox 2114 5665 2176 5717; x_wconf 84' lang='lat' dir='ltr'><strong><em>ba</em></strong></span> <span class='ocrx_word' id='word_1_777' title='bbox 2211 5651 2364 5715; x_wconf 77' lang='lat' dir='ltr'><strong><em>Lacte</em></strong></span> <span class='ocrx_word' id='word_1_778' title='bbox 2393 5651 2702 5732; x_wconf 64' lang='lat' dir='ltr'><strong><em>repetenda,</em></strong></span> <span class='ocrx_word' id='word_1_779' title='bbox 2725 5664 2821 5715; x_wconf 77' lang='grc' dir='ltr'><em>καὶ</em></span> <span class='ocrx_word' id='word_1_780' title='bbox 2960 5651 3243 5732; x_wconf 66' lang='grc' dir='ltr'><em>ὲπαῦριον,</em></span> <span class='ocrx_word' id='word_1_781' title='bbox 3278 5651 3333 5718; x_wconf 67' lang='grc' dir='ltr'><em>ἐι</em></span> <span class='ocrx_word' id='word_1_782' title='bbox 3365 5682 3460 5732; x_wconf 87' lang='lat' dir='ltr'><strong><em>pro</em></strong></span> <span class='ocrx_word' id='word_1_783' title='bbox 3517 5651 3694 5731; x_wconf 56' lang='grc' dir='ltr'><em>εἵπου,</em></span> 
     </span>
    </p>
   </div>
   <div class='ocr_carea' id='block_1_111' title="bbox 442 5726 2020 5802">
    <p class='ocr_par' dir='ltr' id='par_1_111' title="bbox 442 5726 2020 5802">
     <span class='ocr_line' id='line_1_111' title="bbox 442 5726 2020 5802; baseline 0.01 -32"><span class='ocrx_word' id='word_1_784' title='bbox 442 5730 498 5802; x_wconf 59' lang='lat' dir='ltr'><strong><em>ut</em></strong></span> <span class='ocrx_word' id='word_1_785' title='bbox 535 5729 649 5772; x_wconf 88' lang='lat' dir='ltr'><strong><em>erat</em></strong></span> <span class='ocrx_word' id='word_1_786' title='bbox 684 5726 758 5802; x_wconf 34' lang='lat' dir='ltr'><strong><em>Din</em></strong></span> <span class='ocrx_word' id='word_1_787' title='bbox 808 5726 1200 5802; x_wconf 60' lang='lat' dir='ltr'><strong><em>manuscripto_,_</em></strong></span> <span class='ocrx_word' id='word_1_788' title='bbox 1231 5726 1530 5802; x_wconf 64' lang='lat' dir='ltr'><strong><em>legendum,</em></strong></span> <span class='ocrx_word' id='word_1_789' title='bbox 1579 5730 1786 5795; x_wconf 78' lang='grc' dir='ltr'><em>εἵπετο,</em></span> <span class='ocrx_word' id='word_1_790' title='bbox 1845 5733 2020 5798; x_wconf 53' lang='lat' dir='ltr'><strong><em>autem</em></strong></span> 
     </span>
    </p>
   </div>
   <div class='ocr_carea' id='block_1_112' title="bbox 2114 5726 3692 5802">
    <p class='ocr_par' dir='ltr' id='par_1_112' title="bbox 2151 5726 3692 5802">
     <span class='ocr_line' id='line_1_112' title="bbox 2151 5726 3692 5802; baseline 0.019 -25"><span class='ocrx_word' id='word_1_791' title='bbox 2151 5739 2257 5798; x_wconf 56' lang='grc' dir='ltr'><strong><em>τοῖς</em></strong></span> <span class='ocrx_word' id='word_1_792' title='bbox 2305 5726 2575 5802; x_wconf 47' lang='lat' dir='ltr'><strong><em>mother;</em></strong></span> <span class='ocrx_word' id='word_1_793' title='bbox 2621 5726 2986 5788; x_wconf 67' lang='grc' dir='ltr'><em>κυκλώοαάίν.</em></span> <span class='ocrx_word' id='word_1_794' title='bbox 3086 5726 3130 5764; x_wconf 64' lang='grc'><strong><em>³³</em></strong></span> <span class='ocrx_word' id='word_1_795' title='bbox 3153 5727 3243 5785; x_wconf 72' lang='grc' dir='ltr'><strong><em>οἷα</em></strong></span> <span class='ocrx_word' id='word_1_796' title='bbox 3299 5726 3493 5801; x_wconf 42' lang='grc' dir='ltr'><strong><em>δέ’τις,</em></strong></span> <span class='ocrx_word' id='word_1_797' title='bbox 3554 5726 3692 5794; x_wconf 54' lang='grc' dir='ltr'><em>ειάιλ</em></span> 
     </span>
    </p>
   </div>
   <div class='ocr_carea' id='block_1_113' title="bbox 440 5792 1976 5868">
    <p class='ocr_par' dir='ltr' id='par_1_113' title="bbox 440 5792 1976 5868">
     <span class='ocr_line' id='line_1_113' title="bbox 440 5792 1976 5868; baseline 0.012 -29"><span class='ocrx_word' id='word_1_798' title='bbox 440 5793 487 5824; x_wconf 71' lang='grc'><strong><em>’⁸</em></strong></span> <span class='ocrx_word' id='word_1_799' title='bbox 510 5792 920 5858; x_wconf 74' lang='grc' dir='ltr'><em>περιτέμνεσοε,</em></span> <span class='ocrx_word' id='word_1_800' title='bbox 945 5792 1085 5849; x_wconf 73' lang='lat' dir='ltr'><strong><em>erat.</em></strong></span> <span class='ocrx_word' id='word_1_801' title='bbox 1157 5796 1202 5828; x_wconf 78' lang='lat'>&quot;</span> <span class='ocrx_word' id='word_1_802' title='bbox 1235 5792 1300 5850; x_wconf 79' lang='lat' dir='ltr'><strong><em>In</em></strong></span> <span class='ocrx_word' id='word_1_803' title='bbox 1328 5798 1535 5868; x_wconf 76' lang='lat' dir='ltr'><strong><em>vulgato</em></strong></span> <span class='ocrx_word' id='word_1_804' title='bbox 1559 5811 1654 5865; x_wconf 78' lang='lat' dir='ltr'><strong><em>est,</em></strong></span> <span class='ocrx_word' id='word_1_805' title='bbox 1694 5792 1976 5866; x_wconf 68' lang='grc' dir='ltr'><em>Μῶῡσέος.</em></span> 
     </span>
    </p>
   </div>
  </div>
