4114 6430
393 386 502 454 713

1142 372 1549 459 EXPosrrto
1584 393 1664 454 IN
1697 393 1883 453 ACTA
1922 386 2497 451 APOSTOLORUM.
2533 410 2604 420 -—
2632 386 2789 445 CAP.
2822 385 2943 447 xv.
3549 378 3655 446 ἰιι

452 501 801 572 Γενομένης
837 500 953 561 οὖν
977 504 1251 572 στάσεως
1280 505 1378 560 καὶ
1424 502 1721 574 ζητήσεως
1744 503 1790 535 ’⁸
1847 503 1959 555 οὐκ

2135 495 2298 553 Vens.
2331 497 2388 552 2.
2426 496 2556 551 Cum
2595 513 2716 568 ergo
2745 494 2999 551 dissensio
3033 494 3443 566 disceptatioque
3496 491 3654 550 Pauli

380 591 595 660 ὀλίγης
618 590 700 657 τῷ
744 594 963 658 Παύλῳ
984 595 1084 649 καὶ
1129 593 1210 661 τῷ
1240 595 1517 665 Βαρνάϐᾳ
1540 595 1692 664 πρὸς
1715 593 1960 658 αὐτοὺς»

381 680 607 745 ἔταξαν
632 680 987 738 ἀναϐαίνειν
1013 685 1279 752 Παῦλον,
1324 685 1423 739 καὶ
1474 684 1810 755 Βαρνάϐαν,
1863 684 1964 737 καί

384 789 554 839 τινας
604 771 839 843 ἄλλους
865 775 935 843 ἐξ
986 776 1184 832 αὐτῶν
1211 778 1362 846 ⁸ττρός
1410 778 1555 845 τοὺς
1576 778 1964 843 ἀποστόλους

381 865 487 921 καί
516 869 964 938 πρεσϐυτέρους
998 872 1089 938 είς
1117 870 1508 942 Ἰερουσαλὴμ
1559 871 1691 939 περὶ
1724 869 1833 924 τοῦ
1871 866 1964 937 ξη-

381 954 647 1026 τήματος
667 960 908 1015 τούτου.

460 1051 526 1102 οι
550 1051 670 1118 μὲν
700 1046 816 1106 οὖν
864 1053 1354 1124 προπεμφθέντες
1389 1054 1511 1110 ὑπὸ
1562 1052 1673 1121 τῆς
1714 1052 1965 1118 Ἐκκλη-

378 1140 527 1206 σίας
552 1139 873 1211 διήρχοντο
926 1142 1042 1211 τὴν
1072 1145 1361 1212 Φοινίκην
1406 1143 1507 1197 καὶ
1551 1142 1668 1211 τὴν
1692 1142 1736 1174 ’⁷
1777 1141 1970 1211 Σαμᾶ-

377 1248 574 1301 ρειαν,
608 1233 1062 1306 ἐκδιηγούμενοι
1106 1235 1225 1305 τὴν
1279 1236 1655 1306 ἐπιστροφὴν
1708 1234 1828 1289 τῶν
1870 1234 1963 1290 ἐθ·

377 1322 529 1390 νῶν,
564 1327 663 1379 καὶ
690 1327 940 1382 ἐποίουν
969 1327 1164 1397 χαρὰν
1189 1327 1466 1399 μεγάλην
1505 1327 1627 1394 τοῖς
1659 1326 1967 1396 ἀδελφοῖς.

457 1420 935 1487 Παραγενόμενοι
973 1419 1042 1473 δὲ
1063 1422 1152 1486 εις
1182 1417 1601 1490 Ἰερουσαλὴμ,
1637 1418 1971 1488 ἀπεδέχθη-

379 1529 510 1567 σαν
546 1512 665 1567 ὑπὸ
713 1511 821 1580 τῆς
864 1512 1254 1583 Ἐκκλησίας,
1285 1513 1385 1567 καὶ
1420 1510 1540 1566 τῶν
1587 1512 1970 1575 ἀποστόλων,

380 1606 487 1659 καὶ
515 1603 633 1658 τῶν
653 1604 1097 1674 πρεσϐυτέρων,
1134 1603 1506 1676 ἀνήγγειλάν
1531 1621 1596 1659 τε
1626 1602 1743 1659 ὅσα
1768 1606 1803 1658 ό
1828 1602 1973 1669 Θεὸς

382 1697 640 1762 ἐποίησε
657 1697 784 1768 μετ’
810 1694 1033 1752 αὐτῶν.

470 1788 633 1859 Ὁρᾷς
652 1789 779 1852 τοὺς
794 1788 1132 1860 πειρασμοὺς
1150 1786 1380 1852 ἔνδοθεν,
1404 1784 1602 1850 ἔξωθεν
1624 1802 1638 1852 ;
1658 1785 1773 1838 Οὐκ
1791 1783 1974 1852 ἔλεγον

2069 606 2131 643 ac
2162 588 2423 642 Barnaba:
2457 597 2574 642 orta
2619 596 2751 643 esset
2800 588 3052 640 adversus
3085 585 3204 640 illos
3250 585 3396 639 haud
3436 586 3650 655 exigua,

2068 679 2406 732 decreverunt
2433 687 2488 731 ut
2515 677 2737 741 Paulus,
2774 688 2821 731 et
2847 676 3150 743 Barnabas,
3184 686 3234 730 et
3277 678 3371 732 alii
3412 680 3653 734 nonnulli

2068 770 2132 823 de
2154 785 2250 822 suo
2277 785 2495 822 numero
2536 771 2876 823 ascenderant
2912 771 2965 821 in
2994 766 3294 822 Jerusalem
3335 769 3406 822 ad
3438 783 3657 838 aposto-

2069 863 2145 917 los
2187 870 2345 933 atque
2396 861 2725 932 presbyteros
2790 860 3122 916 sciscitaturi
3173 861 3239 913 ab
3285 860 3394 916 illis
3441 861 3506 916 de
3554 862 3656 917 ltac

2069 957 2378 1025 qua’stione.

2147 1047 2309 1117 118
2332 1046 2492 1101 Vens.
2524 1048 2581 1101 '5.
2610 1046 2780 1118 Atque
2800 1047 2881 1101 illi
2895 1049 3137 1116 producti
3166 1048 3232 1101 ab
3258 1046 3519 1110 Ecclesia,
3538 1061 3658 1116 per-

2070 1131 2328 1201 agrabant
2355 1129 2645 1184 Phoenicem
2669 1140 2720 1183 et
2754 1128 3079 1197 Samariam,
3110 1140 3418 1184 enarrantes
3445 1144 3658 1183 conuer-

2070 1218 2273 1271 sionem
2307 1216 2580 1288 gentium,
2621 1224 2673 1271 et
2713 1232 2906 1288 magno
2961 1217 3158 1288 gaudio
3201 1218 3396 1288 fratres
3458 1215 3657 1285 aﬂicie-

2070 1311 2223 1364 banL

2147 1400 2316 1462 Vens.
2366 1406 2419 1460 4.
2477 1403 2611 1459 Cum
2669 1413 2847 1458 autem
2904 1403 3160 1457 venissent
3218 1402 3273 1456 in
3330 1399 3649 1462 Jerusalem,

2075 1498 2274 1568 excepti
2294 1507 2415 1551 sunt
2445 1498 2511 1551 ab
2555 1495 2788 1550 Ecclesia
2852 1507 2901 1549 et
2931 1494 3179 1564 apostolis
3236 1503 3395 1564 atque
3433 1491 3660 1546 seniori-

2079 1589 2204 1657 bus,
2269 1599 2317 1644 et
2380 1590 2829 1644 annuntiaverunt
2891 1603 3213 1659 quaecunque
3284 1586 3422 1640 Deus
3481 1598 3660 1638 secum

2079 1682 2301 1753 fecisset.

2152 1793 2318 1849 Vides
2347 1793 2673 1849 tentationes
2708 1791 3062 1856 intrinsecus,
3108 1788 3490 1847 extrinsecus?
3535 1791 3659 1847 Non

386 1882 450 1933 δὲ
466 1881 764 1953 περιτομὴν
785 1881 994 1949 ἁπλῶς,
1014 1881 1151 1948 ἀλλ’,
1175 1881 1258 1934 ὅτι
1273 1880 1317 1913 ³⁸
1340 1876 1609 1950 Σωθῆναι
1634 1878 1926 1933 δύνασθε·
1951 1874 1972 1930 ὃ

2081 1889 2400 1960 simpliciter
2462 1896 2645 1943 autem
2721 1886 3195 1942 circumcisionem
3257 1886 3661 1956 suscipiendam

388 1972 698 2027 τούναντίον
724 1969 792 2044 ἦν
810 1988 825 2003 ⁸
860 1973 943 2027 ὅτι
971 1973 1442 2045 περιτεμνόμενοι,
1474 1970 1712 2043 σωθῆναι
1727 1970 1827 2023 οὐκ
1850 1967 1979 2040 ἡδύ-

389 2080 577 2117 ναντο.
603 2063 716 2119 Οὐκ
744 2058 867 2118 εἷπε
890 2064 948 2118 δὲ
984 2063 1193 2127 Παῦλος
1211 2082 1224 2097 ο
1244 2064 1312 2118 Τί
1339 2064 1449 2136 γάρ
1469 2080 1484 2129 ;
1505 2063 1609 2117 οὐκ
1629 2062 1746 2133 εἰμὶ
1766 2061 1977 2127 ἀξιόπι-

394 2172 523 2218 στος
543 2155 648 2209 ἀπὸ
661 2155 932 2209 τοσοῦτων
950 2156 1190 2226 σημείων
1209 2173 1224 2223 ;
1247 2154 1362 2209 ἀλλ’
1389 2152 1619 2225 ἐπείσθη
1639 2153 1708 2206 δι’
1731 2152 1976 2216 ἐκείνους

393 2247 658 2301 ἀνελθεῖν.
712 2246 818 2301 Καὶ
840 2246 956 2312 πῶς
988 2248 1046 2302 ὲν
1073 2249 1141 2319 τῇ
1197 2244 1336 2318 πρὸς
1373 2245 1620 2309 Γαλάτας
1664 2244 1973 2314 Ἐπιστολῇ,

396 2335 558 2391 οὐδὲ
592 2336 884 2405 ἀνῆλθον,
917 2338 1106 2410 φησὶν,
1129 2340 1217 2405 εὶς
1242 2336 1644 2407 Ἰεροσόλυμα
1667 2337 1819 2405 πρὸς
1835 2335 1975 2404 τοὺς

399 2430 515 2497 πρὸ
534 2429 681 2499 ἐμοῦ
714 2431 1120 2499 ἀποστόλους,
1150 2429 1295 2486 οὐδὲ
1320 2429 1653 2500 ἀνεθέμην;
1678 2430 1800 2484 Ὅτι
1824 2427 1945 2499 πρῶ

399 2537 493 2574 τον
550 2525 651 2590 μὲν
701 2523 804 2575 οὐκ
848 2522 1011 2586 αὐτὸς
1053 2522 1305 2592 ἀνῆλθεν,
1366 2520 1483 2576 ἀλλ’
1522 2521 1804 2589 ἀπεστάλη
1845 2517 1978 2589 παρ’

396 2614 639 2684 ἑτέρωψ
670 2613 922 2686 δεύτερον
963 2614 1040 2683 δὲ,
1092 2615 1152 2668 οὐ
1186 2613 1570 2688 μαθησόμενος
1623 2612 1976 2684 παρεγένετο,

400 2706 520 2760 ἀλλ’
557 2705 779 2777 ἑτέρους
807 2707 1032 2762 πείσων.
1063 2706 1235 2771 Δύτδς
1279 2706 1379 2777 μὲν
1412 2706 1522 2777 γὰρ
1557 2703 1618 2769 ἐξ
1644 2703 1818 2774 ἀρχῆς
1848 2701 1980 2756 ταύ-

400 2816 502 2866 της
532 2800 710 2868 εἴχετο
754 2798 856 2868 τῆς
879 2797 1129 2869 γνώμης,
1168 2797 1235 2869 ἣν
1267 2797 1364 2852 καὶ
1419 2797 1470 2849 οἱ
1504 2795 1791 2851 ἀπόστολοι
1840 2794 1979 2865 μετά

399 2890 573 2942 ταῦτα
629 2888 936 2961 ἐκύρωσαν,
965 2888 1026 2942 τὺ
1054 2890 1132 2960 μὴ
1179 2889 1290 2943 δεῖν
1313 2885 1766 2959 περιτέμνεσθαιο
1791 2884 1980 2955 ἐπειδὴ

396 2982 460 3034 δὲ
476 2982 578 3034 οὐκ
610 2980 784 3035 ἐδόκει
814 2981 952 3046 τέως
974 2981 1156 3045 αὐτοῖς
1179 2979 1493 3045 ἀξιόπιστος
1524 2973 1688 3044 εἶναι,
1711 2976 1847 3031 ἀλλὰ
1867 2977 1981 3039 τοῖς

398 3076 459 3125 ἐν
493 3074 891 3144 Ἱεροσολύμοις
933 3074 1245 3146 προσεῖχον,
1276 3070 1510 3143 ἀνῆλθεν
1533 3086 1546 3101 ⁶
1587 3071 1689 3125 οὐκ
1734 3068 1894 3132 αὐτός
1928 3086 1980 3122 τι

2077 1995 2200 2038 esse
2245 1979 2518 2047 dicebant,
2567 1978 2663 2034 sed
2705 1977 2811 2034 nisi
2857 1976 2947 2032 illa
2979 1983 3252 2047 suscepta,
3304 1978 3507 2032 servari
3557 1994 3660 2032 non

2074 2072 2310 2144 potestis,
2350 2070 2497 2142 quod
2530 2069 2867 2126 contrarium
2910 2078 3073 2124 erat:
3120 2069 3246 2140 quia
3295 2069 3341 2124 si
3370 2069 3664 2133 circumci-

2077 2165 2362 2230 derentur,
2397 2162 2601 2219 servari
2655 2176 2769 2217 non
2813 2168 3087 2232 poterant.
3136 2160 3259 2215 Non
3301 2160 3435 2216 dixit.
3476 2168 3660 2215 autem

2077 2256 2278 2313 Paulus
2310 2270 2325 2309 :
2363 2252 2677 2321 Quidnam?
2701 2267 2884 2308 annon
2917 2266 3038 2307 sum
3078 2251 3143 2315 is,
3181 2251 3269 2306 cui
3302 2265 3337 2305 a
3367 2259 3449 2307 tot
3488 2248 3662 2322 signis

2079 2365 2179 2420 per
2205 2364 2293 2403 me
2329 2347 2492 2403 editis
2530 2345 2666 2402 ﬁdes
2712 2344 2904 2400 haberi
2936 2344 3176 2400 debeat?
3218 2342 3316 2399 sed
3349 2358 3542 2414 passus
3577 2350 3664 2397 est

2080 2439 2180 2495 sibi
2208 2437 2549 2509 persuaderi,
2582 2445 2642 2492 ut
2678 2444 2905 2507 propter
2936 2434 3057 2490 illos
3095 2432 3437 2490 ascenderet.
3471 2433 3539 2487 Et
3567 2431 3662 2501 qui

2080 2531 2143 2586 ﬁt
2169 2540 2226 2584 ut
2260 2531 2313 2585 in
2362 2528 2602 2600 Epistola
2636 2529 2706 2583 ad
2742 2526 2960 2599 Galatas
2989 2527 3136 2581 dicat
3167 2542 3183 2579 :
3212 2523 3323 2579 Nec
3362 2523 3576 2578 ascendi
3604 2523 3662 2577 in

2079 2620 2378 2676 Jerusalem
2429 2620 2501 2674 ad
2549 2635 2659 2686 eos,
2697 2619 2788 2690 qui
2832 2627 2956 2672 ante
3000 2633 3082 2671 me
3142 2615 3372 2686 apostoli
3422 2616 3660 2685 fuerunt,

2082 2730 2246 2784 neque
2271 2710 2653 2766 communicavi
2705 2725 2825 2763 cum
2858 2707 2964 2763 illis
2994 2708 3039 2741 "
3063 2707 3086 2761 ‘t
3114 2705 3252 2773 Quia
3276 2706 3511 2776 primum
3543 2706 3665 2775 qui-

2082 2803 2205 2859 dem
2238 2816 2349 2856 non
2376 2800 2490 2871 ipse
2519 2815 2549 2854 a
2571 2814 2631 2855 se
2656 2798 2921 2864 ascendit,
2952 2797 3047 2853 sed
3075 2797 3273 2852 missus
3293 2804 3376 2850 est
3409 2794 3478 2849 ab
3510 2794 3658 2858 aliis,

2082 2891 2279 2947 deinde
2324 2905 2435 2944 non
2485 2897 2547 2943 ut
2583 2888 2839 2954 disceret,
2894 2886 3123 2942 accessit
3167 2886 3235 2940 ad
3277 2885 3418 2949 illos,
3463 2883 3558 2938 sed
3603 2892 3664 2937 ut

2081 2982 2217 3036 alios
2272 2980 2327 3034 in
2381 2994 2534 3034 suam
2585 2980 2913 3034 sententiam
2969 2977 3285 3033 adduceret.
3347 2976 3484 3030 Nam
3545 2975 3663 3045 ipse

2083 3071 2299 3141 quidem
2330 3069 2400 3124 ab
2433 3069 2587 3125 initio
2615 3079 2731 3125 erat
2762 3069 2816 3122 in
2849 3069 2950 3124 hac
2988 3067 3278 3130 sententia,
3309 3081 3471 3138 quam
3498 3068 3662 3120 etiam

394 3165 678 3236 εἰσόμενος
732 3164 917 3230 πλέον,
969 3165 1106 3219 ἀλλὰ
1162 3162 1366 3230 πείσων
1413 3164 1542 3227 τοὺς
1577 3161 1972 3230 ἀντιλέγοντας,

2083 3163 2313 3234 apostoli
2349 3170 2537 3233 postea
2568 3160 3031 3218 conﬁrmaverunt
3064 3174 3323 3229 :nempe,
3358 3174 3467 3213 non
3502 3174 3667 3228 opor-

387 3256 498 3310 ὅτι.
537 3255 630 3310 καὶ
680 3256 731 3309 οἱ
780 3257 838 3309 ὲν
879 3252 1278 3328 Ἰεροσολύμοις
1324 3253 1538 3317 τούτοις
1599 3251 1975 3322 συμψηφίξον-

388 3362 502 3400 ται.

2086 3266 2200 3314 tere
2244 3253 2559 3312 circumcidi
2603 3253 2696 3324 qui
2745 3253 2814 3308 de
2866 3251 3069 3308 exteris
3116 3250 3434 3304 nationibus
3483 3250 3664 3304 credi-

2082 3348 2338 3402 dissent:
2379 3343 2634 3416 quoniam
2679 3352 2862 3398 autem
2899 3342 3052 3397 initio
3097 3356 3208 3395 non
3247 3341 3533 3396 videbatur
3559 3340 3668 3395 illis

384 3456 452 3496 ea
480 3444 803 3499 auctoritate
834 3444 1097 3516 praeditus
1123 3459 1267 3510 esse,
1318 3442 1407 3499 cui
1446 3442 1514 3500 de
1549 3452 1697 3499 tanta
1739 3460 1796 3500 re
1833 3444 1968 3501 ﬁdos
2006 3445 2326 3509 haberetur,
2377 3442 2471 3497 sed
2520 3455 2616 3495 eos
2656 3440 2749 3510 qui
2796 3437 3185 3508 Hierosolymis
3228 3446 3386 3492 erant
3454 3445 3666 3505 specta-

383 3535 523 3588 bant
598 3545 650 3590 et
700 3535 1076 3604 attendebant,
1123 3536 1253 3592 illuc
1297 3536 1564 3602 ascendit,
1617 3554 1728 3594 non
1807 3547 1869 3593 ut
1918 3540 2035 3609 ipse
2097 3535 2302 3606 aliquid
2347 3533 2583 3604 amplius
2626 3532 2953 3594 addisceret,
2995 3529 3091 3585 scd
3124 3538 3184 3584 ut
3226 3529 3567 3584 adversarios
3611 3529 3666 3581 in

385 3648 545 3689 suam
574 3634 898 3689 sententiam
922 3620 1240 3701 adduceret,
1269 3635 1415 3704 quod
1447 3644 1502 3690 et
1542 3635 1619 3689 illi
1653 3637 1747 3706 qui
1790 3636 1845 3690 iu
1879 3635 2181 3691 Jerusalem
2208 3640 2384 3698 erant,
2414 3630 2532 3685 haec
2554 3628 2991 3697 comprobarent.

469 3729 923 3805 Ἐξανέστησαν
941 3728 1013 3782 δέ
1065 3745 1225 3795 τινες
1256 3728 1376 3785 ἀπὸ
1407 3728 1516 3799 τῆς
1546 3730 1831 3798 αἱρέσεως
1850 3729 1971 3783 τῶν

386 3822 730 3890 Φαρισαίων
754 3821 1225 3887 πεπιστευκότες
1252 3821 1319 3886 ”,
1337 3819 1622 3891 λέγοντες
1642 3820 1735 3876 ὅτι
1755 3821 1850 3876 δεῖ
1863 3836 1969 3875 πε-

386 3911 684 3982 ριτέμνειν
712 3911 957 3979 αὐτοὺς,
1017 3911 1461 3983 παραγγέλλειν
1508 3930 1573 3968 τε
1618 3912 1825 3982 τηρεῖν
1864 3914 1970 3967 τὸν

397 4008 579 4077 νόμον
602 4005 925 4074 Μωῢσέως.

461 4102 876 4171 Συνήχθησαν
903 4099 973 4155 δὲ
1002 4103 1057 4155 ol
1087 4101 1423 4158 ἀπόστολοι
1452 4102 1553 4157 καὶ
1572 4104 1627 4157 ol
1653 4103 1972 4171 πρεσϐύτεο

380 4209 483 4261 ροι
509 4192 658 4247 ἰδεῖν
713 4196 846 4264 περὶ
873 4195 981 4250 τοῦ
1004 4195 1191 4265 λόγου
1222 4198 1462 4252 τούτου.

461 4283 708 4353 Πολλῆς
741 4285 810 4338 δὲ
856 4286 1242 4357 συζητήσεως
1296 4290 1650 4360 γενομένης,
1705 4288 1977 4357 ἀναστὰς

389 4375 618 4443 Πέτρος
662 4371 796 4432 εἶπε
846 4379 999 4448 πρὸς
1062 4382 1281 4448 αὐτούς
1308 4397 1324 4412 °
1370 4383 1624 4450 ’Ἄνδρες
1687 4382 1977 4452 ἀδελφοί,

392 4467 562 4536 ὑμεῖς
593 4468 951 4539 ἐπίστασθε,
975 4471 1067 4526 ὅτι
1096 4473 1200 4543 ἀφ’
1215 4473 1453 4543 ἡμερῶν
1478 4475 1738 4545 ἀρχαίων
1767 4478 1801 4530 ό
1834 4475 1979 4543 Θεὸς

388 4558 466 4609 ἐν
489 4558 629 4626 ἡμῖν
647 4559 968 4627 ἐξελέξατο
996 4564 1095 4619 διὰ
1119 4565 1226 4620 τοῦ
1255 4566 1554 4635 στόματός
1569 4584 1690 4635 μου
1717 4567 1979 4623 ἀκοῦσαι

391 4647 468 4703 τὰ
490 4651 634 4721 ἔθνη
663 4652 772 4708 τὸν
796 4656 988 4724 λόγον
1032 4656 1141 4711 τοῦ
1169 4658 1563 4728 Εὑαγγελίου,
1595 4657 1696 4712 καὶ
1732 4659 1978 4715 πιστεῦ-

389 4756 521 4797 σαι.

465 4837 575 4890 Καὶ
619 4840 653 4892 ό
698 4837 1186 4909 καρδιογνώστης
1221 4841 1368 4909 Θεὸς
1410 4842 1827 4914 ἐμαρτύρησεν
1871 4847 1977 4900 αὐ-

391 4926 539 4993 τοῖς,
566 4927 714 4995 δοὺς
738 4929 946 4998 αὐτοῖς
967 4930 1035 4985 τὸ
1065 4932 1311 5004 Πνεῦμα
1331 4933 1398 4989 τὸ
1429 4934 1623 5006 ἅγιον,
1664 4936 1860 5005 καθὼς
1876 4937 1978 4992 καὶ

390 5017 558 5086 ἡμῖν.

468 5110 576 5165 Kal
607 5112 789 5167 οὐδὲν
809 5113 1069 5184 διέκρινε
1079 5116 1312 5186 μεταξὺ
1338 5116 1509 5187 ἡμῶν
1529 5134 1593 5172 τε
1626 5118 1725 5172 καί
1750 5118 1970 5181 αὐτῶν,

390 5201 468 5272 τῇ
496 5205 695 5260 πίστει
724 5210 1061 5278 καθαρίσας
1091 5209 1198 5276 τὰς
1228 5211 1478 5279 καρδίας
1496 5210 1720 5266 αὐτῶν.

461 5295 591 5352 Νῦν
618 5292 732 5353 οὖν
761 5301 819 5354 τί
844 5300 1146 5371 πειράζετε
1169 5302 1276 5359 τὸν
1303 5303 1452 5360 Θεὸν
1475 5305 1767 5362 ἐπιθεῖναι
1795 5305 1972 5377 ζυγὸν

490 5436 540 5471 ⁴⁹
582 5435 764 5493 Galat.
796 5438 948 5505 1,17.

2151 3726 2311 3781 Vens.
2344 3726 2398 3779 5.
2433 3724 2862 3779 Exsurrexerunt
2897 3729 3076 3773 autem
3102 3721 3320 3790 quidam
3356 3721 3418 3775 de
3437 3721 3665 3791 factione

2076 3837 2141 3874 ac
2170 3830 2311 3874 secta
2343 3818 2735 3872 Pharisa'orum
2769 3814 2860 3883 qui
2904 3811 3259 3876 crediderant,
3294 3812 3385 3883 qui
3417 3812 3663 3867 dicebant

2076 3924 2312 3983 oportere
2339 3910 2459 3965 illos
2491 3906 2883 3969 circumcidere,
2921 3909 3081 3973 dtque
3115 3905 3421 3973 prtecipere,
3451 3914 3508 3957 ut
3546 3921 3664 3958 ser-

2075 4014 2258 4059 uarent
2294 4004 2455 4074 legem
2490 4000 2712 4071 Moysis.

2145 4096 2313 4151 Vens.
2364 4095 2417 4150 6.
2455 4093 2816 4150 Couvenerunt
2854 4090 3019 4162 igitur
3061 4089 3287 4160 apostoli
3315 4106 3378 4146 ac
3411 4091 3663 4156 seniores,

2076 4198 2132 4243 ut
2159 4188 2472 4258 dispicerent
2502 4187 2566 4240 de
2599 4184 2699 4239 hac
2731 4185 3041 4253 quwstioue.

2148 4279 2314 4336 Vens.
2354 4280 2410 4332 7.
2449 4277 2582 4335 Cum
2619 4286 2794 4332 autent
2833 4278 2925 4332 diu
2956 4293 3018 4331 ac
3051 4275 3276 4331 multum
3304 4276 3658 4347 disceptatum

2076 4374 2277 4446 fuisset,
2308 4374 2541 4427 surrexit
2572 4370 2789 4435 Petrus,
2819 4387 2884 4425 ac
2927 4371 3064 4424 dixit
3109 4371 3180 4424 ad
3206 4369 3327 4425 illos
3360 4387 3379 4425 :
3419 4369 3533 4425 Viri
3559 4375 3665 4441 fro-

2076 4473 2200 4528 tres,
2230 4480 2315 4519 vos
2337 4463 2482 4518 scitis
2505 4461 2676 4516 Deum
2715 4461 2782 4515 ab
2808 4461 3040 4531 antiquis
3068 4459 3250 4514 diebus
3294 4462 3431 4515 inter
3452 4477 3544 4516 nos
3567 4463 3663 4516 de-

2081 4556 2271 4612 lectum
2294 4554 2557 4617 habuisse,
2595 4561 2653 4607 ut
2680 4568 2772 4622 per
2791 4567 2848 4605 os
2873 4566 3046 4605 meum
3069 4559 3263 4604 extent:
3288 4552 3528 4607 nationes
3557 4569 3660 4607 auo

2081 4648 2258 4702 dirent
2288 4645 2498 4701 verbum
2524 4643 2822 4715 Evangelii,
2845 4656 2908 4695 ac
2938 4638 3233 4696 crederent.

2147 4848 2311 4905 Vens.
2347 4847 2402 4904 8.
2443 4846 2508 4901 Et
2558 4845 2701 4901 Deus
2736 4846 2827 4916 qui
2875 4842 3036 4899 corda
3081 4852 3352 4899 scrutatur
3383 4861 3448 4899 ac
3491 4846 3655 4910 novit,

2074 4938 2429 4995 testimonium
2457 4936 2719 5007 perhibuit
2748 4935 2884 5001 illis,
2931 4950 3049 4988 cum
3079 4934 3223 4989 dedit
3275 4935 3352 4990 eis
3392 4934 3655 5008 Spiritum

2075 5042 2343 5098 sanctum,
2369 5032 2505 5088 sicut
2535 5030 2695 5085 etiam
2727 5029 2874 5083 nobis
2905 5042 2927 5082 :

2148 5123 2312 5180 Vens.
2352 5124 2406 5179 9.
2458 5124 2532 5178 Ac
2581 5121 2788 5176 nullum
2834 5120 3119 5176 discrimen
3153 5122 3271 5193 fecit
3307 5122 3446 5176 inter
3488 5129 3656 5177 noset

2075 5215 2215 5280 illos,
2251 5230 2370 5269 cum
2393 5213 2499 5284 ﬁde
2524 5212 2767 5283 purgavit
2801 5219 2961 5266 corda
2990 5228 3192 5267 eorum.

2147 5306 2312 5362 Vens.
2343 5305 2431 5362 10.
2462 5301 2620 5359 Nunc
2645 5302 2832 5375 igitur,
2863 5303 2989 5373 quid
3026 5303 3242 5357 tentatis
3285 5300 3452 5356 Deum
3483 5303 3654 5372 impo-

1582 5574 1782 5636 Variee
1828 5574 2134 5638 lectiones
2157 5583 2220 5637 et
2264 5579 2453 5636 notua.

459 5744 507 5824 ’ξ
533 5743 595 5824 In
622 5743 856 5824 vulgato,
877 5744 1249 5824 συζητῇσεως.
1287 5742 1419 5824 “ﬁt
1446 5742 1672 5824 vulgatis
1724 5749 1848 5824 ante
1875 5741 1972 5824 βαι

2076 5758 2198 5821 stag
2230 5757 2333 5824 non
2380 5748 2458 5793 est
2481 5739 2776 5824 articulus,
2800 5737 2920 5807 τήν.
2960 5736 3006 5768 ³⁸
3029 5736 3115 5824 id.
3146 5735 3291 5792 οὐδὲ.
3363 5736 3409 5770 ¹⁹
3434 5734 3498 5792 In
3538 5734 3653 5791 uul-

386 5816 528 5888 gatis
558 5806 779 5881 duobus,
806 5806 926 5884 quae
959 5806 1098 5879 uidi,
1147 5823 1221 5867 est
1251 5813 1397 5877 τινὲς
1425 5806 1557 5870 τῶν’
1573 5813 1681 5868 ἀπὸ
1709 5813 1805 5883 τῆς
1834 5806 1972 5884 αἱρέἑ

2076 5830 2098 5876 ς
2123 5810 2233 5867 τῶν
2261 5811 2572 5884 Φαρισαίων
2607 5810 2717 5865 τῶν
2757 5806 3201 5862 πεπιστευκότων

706 5912 977 5976 Parnm.
1019 5913 1137 5974 Gn.
1168 5911 1414 5974 CXXV.

3133 5899 3213 5961 23
