4114 6420
471 343 578 406 715

1387 339 1957 401 ΤΙΙΕΟΡΙΗἚΜἸἸΊ
1998 337 2409 398 BULGARl/E
2446 340 2798 403 AliCHlEP.

3619 340 3727 400 τ’ιῦ

464 453 634 507 uento
679 458 859 522 iugum
916 451 1199 506 ceruicibus
1236 449 1635 518 discipularum,
1701 446 1861 515 119
1905 446 2040 514 quod

2151 444 2237 497 ἐπὶ
2286 446 2393 499 τὸν
2451 448 2757 516 τράχηλον
2802 446 2919 500 τῶν
2936 447 3240 516 μαθητῶν,
3286 448 3514 502 crebre
3535 450 3586 501 ei
3618 465 3730 500 πα-

468 560 636 608 neque
670 554 848 612 patres
896 545 1084 609 nostri,
1133 557 1297 612 neque
1352 556 1444 591 nos
1493 541 1756 591 valuimus
1804 538 2050 605 portare?

541 636 701 689 Vnus.
741 636 822 690 ll.
858 634 960 689 Sed
993 652 1086 705 per
1120 635 1354 705 gratiam
1395 631 1607 684 Domini
1634 630 1759 683 Jcsu
1791 631 2050 682 credimus

468 744 558 779 nos
586 727 806 788 servari,
841 727 1285 795 quemadmodum
1309 725 1469 776 etiam
1503 722 1603 773 illi.

542 820 700 870 Vens.
750 818 833 870 l2.
885 817 1149 873 Conticuit
1203 824 1381 868 autem
1427 814 1713 867 multitudo
1764 815 1955 877 omnis,
2001 822 2048 866 et

468 908 757 960 audiebant
818 906 1123 960 Barnabam
1154 915 1201 959 et
1254 904 1485 958 Paulum
1537 914 1876 969 enarrantes,
1935 921 2052 975 qua:

462 997 612 1065 signa
660 1006 818 1062 atque
856 996 1095 1065 prodigia
1146 994 1285 1046 Deus
1322 994 1374 1045 in
1408 994 1716 1046 nationibus
1745 996 1935 1047 exteris
1976 997 2050 1063 fe-

463 1088 613 1138 cisset
652 1102 743 1154 per
767 1087 924 1153 ipsos.

535 1176 764 1241 Quidam
811 1180 875 1229 de
911 1189 1050 1229 secta
1104 1175 1521 1229 Pharisa'orum.
1558 1174 1675 1227 Non
1718 1174 1806 1242 qui
1857 1190 1922 1227 cx
1957 1190 2051 1226 na-

463 1269 703 1323 ti0nibus
742 1267 964 1332 exteris,
1018 1269 1111 1322 sed
1169 1268 1261 1336 qui
1312 1284 1376 1321 ex
1432 1265 1637 1320 Iudaeis
1687 1265 2047 1333 crediderant,

462 1362 809 1430 postulabant
868 1370 928 1415 ut
978 1362 1163 1416 ﬁdeles
1219 1360 1762 1421 circumciderentur,
1812 1369 1865 1412 et
1947 1359 2048 1412 alia

461 1452 698 1504 carnalia
748 1452 885 1522 legis
928 1461 1197 1522 praecepta
1240 1461 1669 1521 exsequerentur
1705 1450 1857 1518 :liis,
1905 1452 2047 1521 quod

462 1558 652 1595 eurum
709 1542 877 1596 animi
927 1544 1128 1597 veteris
1182 1543 1317 1612 legis
1356 1542 1622 1597 institutis
1668 1542 1835 1598 dediti
1886 1550 2050 1611 atque

464 1633 663 1687 addicti
713 1643 920 1695 essent,
984 1634 1258 1702 discipuli,
1314 1649 1628 1704 quanquam
1684 1634 1784 1703 ipsi
1833 1650 2050 1704 quoque

462 1734 619 1777 erant
651 1726 720 1779 de
743 1741 905 1796 grege
933 1726 1409 1791 circutncisorum,
1439 1743 1548 1781 non
1585 1727 2043 1782 assentiebanlnr.

460 1816 581 1868 Non
613 1817 759 1870 enim
791 1818 934 1885 quod
967 1818 1068 1887 ipsi
1120 1831 1403 1888 cuperent,
1438 1819 1533 1873 sed
1562 1833 1906 1872 communem
1939 1818 2047 1869 uti»

460 1905 668 1959 litatcm
719 1907 962 1963 stabilire
1010 1908 1413 1964 desiderabant.
1466 1909 1822 1964 Cauvenerunt
1887 1910 2049 1980 igitur

464 1997 695 2065 apostoli
722 2014 787 2050 ac
834 1998 1086 2064 seniores,
1125 2008 1180 2051 ttt
1222 1998 1575 2052 consultarent
1607 1999 1670 2051 de
1692 1998 1785 2051 hoc
1819 1999 2045 2065 negotio.

462 2087 672 2141 Rursus
712 2088 877 2143 etiam
927 2088 1056 2144 hinc
1104 2092 1422 2159 conjectura
1473 2090 1593 2157 capi
1645 2097 1828 2157 potest
1881 2089 2046 2141 etiam

456 2180 562 2232 alia
587 2181 839 2247 quadam,
868 2195 974 2249 qua
1015 2178 1326 2235 eminerent
1391 2192 1555 2247 supra
1607 2180 1868 2240 seniores,
1921 2190 2050 2246 apo-

459 2276 629 2329 stolos
674 2275 935 2347 dignitate
992 2275 1251 2344 praeditos
1296 2274 1487 2328 fuisse.
1537 2271 1896 2338 Quamobrem
1938 2286 2047 2324 non

460 2381 570 2419 una
611 2381 735 2419 cum
772 2364 1082 2419 senioribus
1114 2364 1235 2419 illos
1274 2364 1551 2418 communi
1594 2362 1812 2415 nomine
1859 2376 2049 2417 omnes

461 2453 779 2523 signiﬁcans
834 2454 1276 2523 comprehendit.
1316 2452 1425 2508 Viri
1484 2454 1699 2521 fratres,
1751 2468 1837 2506 vos
1882 2454 2045 2506 scitis.

461 2545 852 2599 Animadverte
904 2544 1068 2599 Petro
1136 2544 1321 2600 divina
1374 2546 1545 2615 gratia
1605 2558 1693 2598 res
1754 2547 2051 2614 permissas

456 2637 648 2701 fuisse,
674 2635 852 2705 ipsum
896 2643 1075 2689 tamen
1119 2651 1294 2707 usque
1332 2637 1511 2691 adhuc
1540 2635 1765 2691 Judaica
1801 2637 2048 2693 instituta

460 2728 622 2781 tueri.
667 2726 768 2781 Vos
797 2728 970 2792 scitis,
1004 2728 1213 2799 inquit;
1242 2728 1467 2784 forsitan
1498 2730 1725 2785 aderant
1754 2731 1916 2785 etiam
1948 2730 2046 2794 illi,

458 2820 551 2888 qui
594 2827 756 2873 antea
804 2821 1288 2891 expestulaverant
1311 2837 1434 2875 cum
1470 2836 1537 2877 eo
1563 2831 1784 2893 propter
1810 2822 2046 2878 Cornelii

456 2909 932 2971 consuetudinem,
965 2910 1171 2978 quique
1198 2926 1302 2963 una
1337 2926 1462 2964 cum
1493 2924 1561 2965 co
1626 2910 1853 2981 ingressi
1891 2919 2049 2964 erant

460 3000 684 3053 domum
737 2999 882 3054 illius
922 3017 933 3051 :
976 3000 1181 3054 idcirco
1225 3000 1346 3054 illos
1387 3008 1554 3054 testes
1588 2998 1859 3070 producit.
1905 2999 2046 3064 Quid

2152 535 2315 603 τέρες
2376 538 2563 606 ἡμῶν,
2621 540 2759 592 οὔτε
2796 538 2965 606 ἡμεῖς
2996 542 3339 609 ίσχύσαμεν
3371 542 3685 604 ,ϐασίάσίιι
3713 556 3731 603 ;

2237 631 2409 684 Ἀλλὰ
2447 630 2542 684 διὰ
2586 631 2694 699 τῆς
2728 631 2970 699 χάριτος
3016 631 3122 684 τοῦ
3177 633 3395 696 Κωμίου
3463 633 3666 699 Ἰησοῦ
3686 633 3730 662 ³⁰

2151 722 2513 790 πιστεύομεν
2567 719 2857 789 σωθῆναι,
2886 720 3016 775 καθ’
3061 723 3134 773 ὃν
3178 724 3401 788 τρόπον
3442 721 3727 777 κάκεῖνοι.

2237 812 2523 880 Ἐσίγησε
2554 812 2623 865 δὲ
2648 812 2772 869 πᾶν
2805 812 2872 865 τὸ
2901 813 3157 880 πλῆθος,
3190 813 3287 866 καί
3330 812 3560 879 ἤκουον
3580 816 3732 880 Bap-

2151 903 2303 957 νάϐα
2333 904 2429 958 καί
2478 905 2722 959 Παύλου
2753 905 3176 974 ἐξηγουμένων
3209 904 3327 956 ὅσα
3379 905 3670 970 ἐποίησεν
3699 909 3730 958 ὀ

2154 996 2299 1060 Θεὸς
2336 995 2555 1064 σημεῖα
2610 997 2705 1048 καί
2752 996 2965 1064 τέρατα
3008 998 3071 1049 ἐν
3106 998 3231 1063 τοῖς
3268 997 3470 1050 ἔθνεσι
3514 995 3587 1049 δι’
3625 999 3731 1051 ab-

2153 1086 2288 1140 τῶν.

2227 1179 2391 1245 Τινὲς
2432 1180 2549 1233 ἀπὸ
2584 1179 2694 1248 τῆς
2731 1182 3013 1247 αἱρέσεως
3071 1180 3190 1233 τῶν
3227 1183 3583 1249 Φαρισαίων.
3619 1184 3733 1254 Οὐχ

2150 1272 2199 1322 οἱ
2225 1271 2334 1321 ἀπὸ
2357 1272 2527 1324 ἐθνῶν
2561 1274 2763 1336 πιστοὶ,
2800 1270 2915 1325 ἀλλ’
2950 1273 2997 1324 οἱ
3022 1273 3131 1325 ἀπὸ
3172 1274 3464 1337 Ἰουδαίων,
3487 1275 3730 1345 ἀπῄτουν

2151 1364 2275 1428 τοὺς
2299 1365 2523 1426 πιστοὺς
2563 1363 3010 1434 περιτέμνεσθαι,
3041 1364 3133 1416 καὶ
3156 1364 3324 1418 τᾶλλα
3346 1366 3413 1418 τὰ
3441 1365 3532 1417 τοῦ
3566 1367 3729 1436 νόμον

2154 1456 2391 1526 σαρκικὰ
2445 1459 2659 1509 ποιεῖν·
2714 1456 2809 1517 οὓς
2853 1457 2919 1507 τὰ
2981 1455 3073 1507 τοῦ
3117 1457 3281 1524 νόμου
3347 1457 3441 1510 τοῦ
3502 1459 3733 1512 παλαιοῦ

2153 1545 2486 1616 φρονοῦντας
2535 1548 2637 1599 οὐκ
2682 1544 3012 1627 ἀπεδέξαντο
3032 1547 3080 1598 oi
3116 1546 3378 1616 μαθηταὶ,
3417 1548 3596 1601 καίτοι
3633 1551 3732 1603 καὶ

2151 1638 2305 1691 αὐτοὶ
2336 1641 2400 1690 ἐκ
2430 1638 2733 1709 περιτομῆς
2785 1638 2955 1701 ὄντες.
2990 1640 3065 1691 Οὐ
3118 1639 3226 1708 γὰρ
3256 1640 3316 1691 τὸ
3351 1640 3480 1692 ἴδιον
3517 1640 3732 1712 θέλημα

2153 1728 2447 1799 ἐπεζήτουν
2471 1730 2683 1799 στῆσαι,
2706 1729 2838 1782 ἀλλὰ
2874 1728 2933 1782 τὸ
2950 1729 3296 1797 κοινωιρελές.
3324 1732 3734 1801 Συνήχθησαν

2150 1822 2219 1875 δὲ
2247 1825 2300 1875 ol
2325 1820 2655 1875 ἀπόστολοι
2682 1820 2777 1874 καί
2799 1824 2853 1874 οἱ
2871 1821 3257 1888 πρεσϐύτεροι
3285 1823 3433 1877 ὶδεῐν
3466 1825 3595 1892 περὶ
3624 1826 3731 1880 τοῦ

2136 1984 2139 1987 ἰ
2170 1915 2357 1982 λόγου
2396 1912 2629 1966 τούτου.
2655 1912 2823 1965 Πάλιν
2851 1911 2944 1965 καὶ
2966 1911 3104 1966 ἔνθα
3122 1913 3170 1944 ³¹
3202 1914 3318 1967 ἔστι
3350 1915 3724 1986 στοχάζεσθαι,

2148 2010 2230 2060 ὅτι
2271 2008 2363 2059 καὶ
2385 2003 2698 2075 ᾶλληντινὰ
2723 2004 2879 2069 ἀξίαν
2910 2005 3372 2061 ἐπαναϐαίνουσι-ιι
3433 2008 3560 2072 τοὺς
3596 2027 3728 2078 πρε-

2152 2099 2448 2169 σϐυτέρους
2474 2095 2617 2168 εἶχον
2644 2099 2694 2150 ot
2730 2097 3019 2151 ἀπόστολοι
3043 2114 3057 2130 ο
3093 2098 3173 2152 διὸ
3200 2099 3260 2152 οὐ
3291 2101 3726 2170 συμπεριέλαϐεν

2148 2191 2350 2255 αὐτοὺς
2380 2193 2492 2254 τοῖς
2519 2188 2912 2260 πρεσϐυτέροις
2941 2188 3106 2261 κοινῷ
3143 2188 3371 2260 ὀνόματι
3397 2190 3602 2254 πάντας
3627 2208 3726 2261 ση-

2153 2283 2348 2352 μάνας.
2385 2280 2626 2350 Ἄνδρες
2666 2278 2947 2349 ἀδελφοί,
2984 2279 3156 2350 ὑμεῖς
3200 2280 3546 2335 ἐπίστασθε.
3587 2283 3732 2354 Ὅρα

2151 2374 2246 2427 τὸν
2273 2374 2480 2443 Πέτρον
2515 2372 2722 2427 ἄνωθεν
2746 2371 3146 2442 κεχαρισμένον
3175 2372 3243 2426 τὰ
3273 2371 3598 2444 πράγματα,
3634 2376 3730 2425 καὶ

2154 2467 2315 2537 μέχρι
2348 2465 2442 2519 τοῦ
2475 2465 2569 2519 νῦν
2606 2464 2981 2527 Ἰουδαῖζυντα.
3023 2464 3231 2534 Ὑμεῖς,
3273 2466 3457 2536 φησὶν,
3480 2467 3733 2518 ἐπίστα-

2149 2563 2279 2613 σθε.
2308 2557 2578 2628 Παρῆσαν
2609 2559 2738 2619 ἴσως
2769 2556 2863 2609 καὶ
2888 2558 2936 2608 οἱ
2963 2555 3360 2624 ἐγκαλέσαντες
3381 2555 3531 2625 αὐτῷ
3560 2554 3730 2609 πάλαι

2149 2652 2240 2704 ἐπὶ
2263 2649 2565 2721 Κορνηλίου
2595 2649 2661 2714 ³²,
2691 2648 2786 2700 καὶ
2816 2648 2865 2700 οί
2899 2646 3235 2709 εἰσελθόντες
3266 2646 3384 2716 μετ’
3414 2645 3609 2699 αὐτοῦ’
3640 2646 3733 2699 διὰ

2148 2742 2306 2795 τοῦτο
2362 2742 2559 2802 αὐτοὺς
2615 2741 2857 2809 παράγει
2893 2739 3199 2809 μάρτυρας.
3254 2740 3320 2789 ’l‘i
3355 2740 3471 2790 ἐστι
3502 2738 3583 2801 τὸ,
3626 2738 3730 2790 Ἐν

2148 2833 2291 2902 ἡμῖν
2314 2832 2671 2896 escis-Eata;
2702 2831 3001 2895 τουτέστιν,
3059 2833 3116 2882 ἐν
3158 2830 3508 2899 Παλαιστίνῃ,
3543 2829 3737 2897 ἧπαρ-

2148 2927 2315 2979 ὁντων
2344 2925 2519 2995 ὑμῶν.
2547 2923 2622 2976 Th
2645 2921 2690 2953 ³³
2710 2922 2768 2975 δὲ
2794 2923 2989 2983 εἰπεῖν,
3015 2922 3117 2974 Διὰ
3136 2920 3241 2973 τοῦ
3281 2921 3578 2989 στόματός
3585 2938 3732 2989 μου,

2147 3017 2390 3070 δείκνυσι
2423 3014 2492 3069 δι’
2528 3014 2693 3068 αὑτοῦ
2724 3014 2815 3066 τὸν
2847 3013 2980 3066 Θεὸν
3015 3011 3411 3082 φθεγγόμενον,
3445 3011 3541 3064 καί⁵
3579 3012 3736 3065 οὐδὲν

460 3100 568 3154 est,
611 3092 757 3159 quod
785 3090 917 3145 dicit
955 3108 967 3143 :
1006 3088 1154 3143 Inter
1207 3107 1299 3144 nos
1330 3091 1584 3145 delectum
1633 3092 1911 3147 habuisse?
1943 3091 2047 3145 hoc

2153 3106 2517 3179 ἀνθρώπινον.
2551 3106 2661 3160 Καὶ
2710 3106 2743 3159 ὁ
2771 3103 3258 3173 καρδιογνώστης
3290 3102 3433 3167 Θεὸς
3476 3103 3735 3172 ἐμαρτύ-

460 3191 562 3247 cst,
617 3180 671 3232 in
722 3179 1047 3247 Palaestina,
1106 3190 1201 3234 aut
1251 3180 1611 3250 praesentibus
1659 3182 1836 3236 vobis.
1893 3181 2049 3247 Quod

2151 3214 2341 3268 ρησεν
2393 3197 2617 3263 αὐτοῖς.
2657 3194 2778 3247 Ἐπὶ
2822 3193 2921 3265 τὴν
2978 3194 3351 3264 πνευματικὴν
3413 3194 3727 3264 μαρτυρίαν

461 3281 641 3324 autem
681 3270 813 3324 dicit
847 3287 861 3324 :
903 3269 1004 3325 Per
1035 3287 1091 3325 os
1114 3288 1308 3337 meum,
1347 3286 1446 3342 per
1488 3273 1591 3327 hoc
1618 3273 1856 3327 ostendit
1881 3273 2048 3327 Deum

462 3363 603 3429 loqui
638 3376 736 3431 per
760 3362 960 3431 ipsum,
1017 3378 1082 3419 ac
1137 3363 1629 3418 niliil‘humanum.
1690 3364 1758 3418 Et
1788 3376 2053 3429 scrutator

461 3461 509 3504 et
540 3453 782 3521 cognitor
812 3454 1057 3507 cordium
1092 3453 1232 3508 Deus
1264 3456 1617 3509 testimonium
1658 3457 1879 3523 prwbuit
1922 3457 2049 3511 illis.

460 3545 541 3597 Ad
583 3543 867 3612 Spirituale
900 3544 1275 3599 testimonium
1301 3544 1561 3600 subducit
1589 3561 1705 3601 eos.
1757 3546 1916 3600 Nunc
1946 3549 2051 3617 igt-

463 3647 549 3687 tur
573 3636 699 3705 quid
720 3637 933 3689 tentatis
968 3635 1156 3701 Deum,
1189 3639 1504 3707 imponendo
1542 3639 1734 3707 juguut
1766 3640 2053 3694 cervicibus

462 3726 889 3794 discipulorum?
920 3725 1137 3783 Nullum
1174 3729 1318 3783 inter
1364 3729 1552 3785 ﬁdeles
1609 3732 1900 3788 discrimen
1946 3743 2048 3801 est,

458 3821 575 3871 sive
616 3814 789 3872 Judaei
818 3818 951 3885 sint,
976 3819 1089 3874 sive
1119 3821 1314 3875 Gncci.
1346 3820 1446 3876 Ubi
1480 3822 1618 3879 ﬁdes
1662 3835 1764 3892 est,
1797 3834 2049 3895 peccato-

463 3922 580 3964 rum
615 3926 736 3981 qua:
764 3926 830 3966 ex
856 3913 1021 3967 corde
1064 3915 1419 3982 egrediuntur
1452 3915 1618 3972 efﬁcit
1659 3921 2045 3990 expiationem.

462 4001 591 4056 llazc
631 4014 813 4057 autem
859 4005 1097 4073 expiatio
1148 4007 1343 4062 sitnilis
1393 4016 1477 4063 est
1513 4009 1940 4078 eircumcisioni,
1985 4030 2050 4070 ac

460 4109 560 4161 pro
592 4094 794 4148 carnali
836 4094 1258 4153 circumcisione
1300 4100 1463 4153 datur
1505 4101 1852 4158 circumcisio
1882 4106 2047 4175 spiri-

462 4186 644 4249 tualis,
672 4202 794 4254 quae
831 4186 936 4240 ﬁde
985 4187 1039 4240 in
1070 4186 1351 4245 Christum
1386 4192 1572 4263 expiat
1621 4197 1859 4250 occulta.
1904 4198 2048 4262 Quid

461 4284 545 4327 est
570 4276 713 4342 quod
741 4274 875 4329 dicit
908 4294 923 4330 :
954 4277 1193 4332 Tentatis
1221 4279 1408 4357 Deum,
1440 4285 1592 4351 quasi
1622 4300 1731 4340 non
1755 4288 2045 4355 valentem,

461 4367 657 4433 inquit,
694 4364 802 4420 ﬁde
844 4381 1087 4432 servare,
1140 4369 1241 4424 hoc
1272 4380 1379 4434 est,
1433 4386 1533 4427 cur
1581 4374 1694 4430 Deo
1741 4376 1901 4432 ﬁdem
1930 4395 2042 4434 non

454 4455 721 4511 habetis?
773 4457 1177 4515 lncredulitatis
1232 4471 1317 4517 est
1368 4463 1514 4518 enim
1568 4466 1739 4538 legem
1794 4468 2046 4527 introdu-
2079 4444 2125 4500 θ

461 4560 607 4601 cere.
662 4547 961 4602 Onerosam
1021 4549 1242 4618 quidem
1303 4566 1366 4605 ac
1437 4555 1723 4610 molestam
1787 4558 2046 4617 lsraelitis

460 4635 631 4688 fuisse
655 4633 850 4706 legem,
893 4646 1111 4692 constat
1155 4638 1299 4694 inter
1334 4656 1526 4699 omnes
1556 4664 1569 4698 :
1609 4645 1921 4705 fatebantur
1949 4669 2047 4706 au-

465 4736 572 4778 tem
609 4725 715 4780 hoc
745 4727 909 4781 etiam
937 4727 1187 4799 discipuli
1215 4772 1230 4798 ,
1276 4742 1441 4804 atque
1473 4735 1589 4804 ipse
1620 4741 1757 4793 adeo
1788 4742 2047 4797 Servatur

461 4829 564 4868 nos
599 4815 702 4870 hoc
732 4816 916 4871 docuit
940 4818 1071 4873 dum
1104 4821 1362 4877 dicebat:
1409 4823 1589 4880 Venite
1631 4830 1703 4882 ad
1732 4847 1834 4897 me,
1870 4850 2050 4891 omnes

460 4908 549 4975 qui
584 4906 840 4962 laboratis
872 4920 919 4963 et
954 4914 1161 4968 onerati
1198 4916 1342 4983 estis,
1374 4925 1423 4971 et
1451 4935 1545 4989 ego
1578 4926 1820 4978 recreabo
1862 4943 1953 4981 vos
1979 4929 2048 4982 ".

462 5000 596 5053 lN'am
632 4999 940 5057 laborantes
980 5013 1036 5058 et
1062 5017 1321 5064 oneratos
1364 5024 1486 5066 esse
1518 5013 1652 5070 dicit
1676 5031 1791 5082 eos,
1823 5022 1914 5088 qui
1946 5023 2051 5079 sub

461 5092 581 5163 lege
619 5101 813 5149 erant:
841 5094 1082 5164 seipsum
1116 5114 1248 5155 vero
1278 5101 1456 5157 lenem
1489 5114 1546 5159 et
1574 5108 1761 5162 mitem
1794 5115 2041 5168 nomina-

462 5190 569 5245 lat,
604 5184 827 5252 perinde
859 5201 924 5242 ac
943 5187 989 5242 si
1019 5188 1107 5244 lex
1136 5190 1241 5246 hoc
1264 5209 1376 5248 non
1402 5198 1649 5254 traheret.
1685 5200 1844 5271 120
1862 5204 2052 5263 Simile

462 5286 546 5329 est
566 5276 698 5331 illud
724 5293 738 5329 :
766 5275 955 5332 Gratia
978 5292 1167 5335 servat.
1195 5286 1336 5341 estis.
1364 5286 1733 5352 Quamobrem
1769 5295 1900 5349 olim
1926 5298 2049 5367 qui-

2151 3289 2346 3357 ἀνάγει
2399 3287 2616 3350 αὐτούς.
2657 3285 2787 3340 Νῦν
2837 3280 2952 3341 οὖν
2998 3284 3059 3339 τι
3106 3282 3407 3354 πειράζετε
3447 3284 3556 3339 τὸν
3584 3286 3736 3339 Θεόν

2152 3381 2442 3437 ἐπιθεῖναι
2468 3379 2646 3451 ζυγὸν
2663 3378 2762 3432 ἐπὶ
2793 3379 2901 3432 τὸν
2926 3377 3233 3446 τράχηλον
3272 3376 3393 3431 τῶν
3417 3376 3731 3447 μαθητῶν,

2155 3475 2398 3544 Οὐδεμία
2450 3472 2687 3541 διαφορὰ
2725 3470 2957 3537 πιστῶν,
2996 3469 3108 3524 εἴτε
3152 3470 3398 3524 Ἰουδαῖοί
3437 3472 3737 3537 είσιν,εῗτε

2155 3565 2415 3635 ’Έλληνες
2431 3579 2445 3594 ·
2469 3564 2603 3616 ὅπου
2634 3564 2668 3632 ἠ
2691 3562 2872 3625 πίστις
2896 3562 3239 3633 καθαρισμὸν
3269 3563 3411 3616 ποιεῖ
3427 3562 3536 3617 τῶν
3551 3564 3734 3633 ἁμαρ·

2152 3658 2282 3711 τιῶν
2309 3655 2417 3710 τῶν
2456 3655 2564 3709 ἀπὸ
2596 3655 2693 3724 τῆς
2720 3654 2947 3725 καρδίας
2970 3653 3244 3720 ἐξιόντων.
3278 3648 3444 3717 Οὗτος
3480 3653 3537 3707 δὲ
3564 3654 3592 3705 ὁ
3631 3670 3735 3706 κα-

2155 3744 2421 3816 θαρισμδς
2450 3742 2595 3796 ἔοικε
2624 3741 2930 3813 περιτομῆς
2957 3742 3025 3808 ³⁸,
3064 3742 3187 3796 ἀντὶ
3212 3742 3312 3813 τῆς
3356 3742 3413 3795 ὲν
3443 3743 3603 3805 σαρκὶ
3628 3758 3731 3794 πε-

2156 3838 2384 3910 ριτομῆς
2419 3836 2688 3905 δίδοταιή
2733 3834 2791 3889 ὲν
2841 3834 3111 3906 πνεύματι
3155 3834 3448 3907 περιτομὴ,
3499 3835 3732 3905 καθαρί-

2151 3929 2320 3994 ζουσα
2346 3931 2414 3999 τῇ
2446 3927 2627 3981 πίστει
2660 3929 2725 3998 τῇ
2756 3926 2835 3990 είς
2871 3926 3111 3997 Χριστὸν
3151 3927 3219 3980 τὰ
3248 3925 3489 3998 κρυπτά.
3518 3926 3585 3980 Τί
3613 3927 3734 3980 ἐστι

2150 4025 2212 4076 τό
2230 4041 2244 4055 ο
2285 4019 2589 4090 Πειρὰζετε
2607 4018 2714 4072 τὸν
2743 4019 2931 4083 Θεόν;
2972 4018 3059 4082 Ὦς
3086 4018 3188 4071 οὐκ
3247 4018 3521 4088 ίσχύοντα,
3574 4022 3733 4088 φησὶ,

2153 4115 2325 4168 σῶσαι
2364 4116 2431 4183 τῇ
2485 4115 2699 4166 πίστει·
2729 4113 3013 4166 τουτέστι·
3046 4112 3112 4165 Τί
3141 4112 3421 4166 ἀπιστεῖτε
3451 4112 3530 4183 τῷ
3577 4113 3735 4182 Θεῷ;

2151 4206 2413 4268 ἀπιστίας
2450 4206 2560 4275 γάρ
2587 4206 2706 4258 ἐστι
2745 4203 2806 4258 τὸ
2834 4205 2927 4258 τὸν
2950 4204 3117 4276 νόμον
3142 4204 3436 4275 εἰσφέρειν.
3460 4203 3733 4278 [ΚΥΡΙΛ-

2153 4294 2341 4369 ΛΟΥ.]
2366 4295 2628 4367 Φορτικὸς
2658 4296 2757 4365 μὲν
2795 4294 3246 4367 ὁμολογουμένως
3277 4298 3304 4350 ὁ
3333 4296 3496 4367 νόμος
3525 4292 3593 4366 ἦν
3617 4298 3736 4361 τοῖς⁵

2153 4387 2212 4438 ὲν
2255 4386 2505 4457 Ἰσραήλ·
2542 4385 2856 4455 ὡμολόγουν
2879 4386 2938 4440 δὲ
2966 4387 3129 4441 τοῦτο
3156 4387 3249 4464 καί
3265 4390 3313 4441 οἱ
3350 4388 3607 4459 μαθηταὶ,
3638 4390 3736 4451 καὶ

2155 4478 2317 4541 αὐτὸς
2372 4477 2401 4529 δ
2435 4475 2635 4547 Σωτὴρ,
2674 4475 2833 4530 τοῦτο
2877 4478 3025 4548 ἡμᾶς
3056 4477 3260 4544 ἐδίδαξε
3313 4478 3521 4548 λέγων·
3553 4479 3739 4534 Δεῦτε

2154 4569 2304 4637 πρός
2325 4583 2422 4638 με,
2448 4567 2674 4633 πάντες
2696 4571 2750 4622 ot
2779 4568 3106 4635 κοπιῶντες
3122 4569 3220 4623 καί
3250 4572 3733 4641 πεφορτισμένοι,

2154 4659 2319 4731 κάγὼ
2345 4660 2680 4715 ἀναπαύσω
2714 4660 2889 4730 ὑμᾶς.
2924 4660 3242 4725 Κοπιῶντας
3285 4661 3342 4715 δὲ
3395 4663 3491 4716 καὶ
3529 4679 3742 4732 πεφορ-

2134 4755 2443 4824 -τισμένους
2491 4754 2616 4817 τοὺς
2682 4753 2789 4806 ὑπὸ
2836 4755 3002 4824 νόμον
3053 4749 3194 4808 εἷναί
3224 4768 3423 4826 φησιν·
3453 4753 3645 4807 ἑαυτὸν
3673 4753 3738 4808 δὲ

2154 4848 2331 4917 πρᾶον
2361 4844 2661 4915 ὠνόμαζεν,
2686 4845 2762 4909 ὡς
2787 4844 2886 4898 οὐκ
2931 4844 3149 4915 ἔχοντος
3169 4845 3328 4899 τοῦτο
3355 4845 3447 4899 τοῦ
3468 4846 3636 4918 νόμου
3664 4847 3742 4903 ³⁸.

2156 4939 2385 5007 Ὅμοιον
2413 4937 2476 4990 τό
2502 4953 2516 4967 ο
2557 4935 2760 5004 Χάριτι
2805 4936 2949 4990 ἐστε
3000 4936 3394 5007 σεσωσμένοι.
3421 4940 3584 4992 Ὥστε
3640 4937 3743 4992 οὖν

2154 5029 2327 5084 πάλαι
2376 5027 2476 5095 μὲν
2516 5028 2545 5080 ὁ
2574 5030 2737 5098 νόμος
2780 5029 2909 5091 τοὺς
2950 5026 3131 5081 πάντα
3168 5028 3631 5098 διαφυλάττοντας
3664 5032 3744 5086 τὰ

2154 5121 2424 5192 εἰρημένα
2458 5119 2537 5189 τῷ
2564 5119 2716 5189 νόμῳ
2743 5116 2975 5181 ἔσωζεν·
3007 5117 3103 5172 νῦν
3152 5119 3210 5172 δὲ
3242 5122 3275 5192 ἡ
3304 5121 3467 5193 χάρις
3500 5121 3595 5176 τοῦ
3621 5121 3741 5174 Κυ-

2155 5215 2271 5286 ρίου
2302 5212 2397 5267 καὶ
2435 5212 2560 5282 δίχα
2601 5212 2702 5282 τῆς
2739 5210 2834 5263 τοῦ
2866 5213 3033 5283 νόμου
3070 5212 3474 5284 παραφυλακῆς
3514 5213 3604 5267 διὰ
3635 5212 3745 5283 τῆς

2154 5305 2391 5367 πίστεως
2417 5302 2600 5367 σώζει.

462 5370 586 5420 dem
619 5368 702 5423 lex
732 5385 849 5437 eos,
874 5371 967 5441 qui
996 5374 1178 5429 omnia
1219 5394 1340 5447 qua:
1373 5381 1428 5434 in
1478 5382 1597 5455 lege
1638 5400 1896 5456 expressa
1926 5405 2056 5451 sunt
2088 5397 2473 5453 custodiebant
2524 5410 2589 5450 ac
2657 5394 2971 5460 tuebantur,
3017 5397 3267 5455 servabat
3301 5414 3319 5452 :
3407 5412 3555 5455 nunc
3604 5413 3745 5458 vero

462 5462 633 5556 gratia
654 5460 886 5556 μί)οωίΠί
917 5461 1003 5517 vel
1038 5463 1262 5535 absquel
1288 5469 1421 5541 legis
1451 5471 1831 5531 observatione
1861 5494 1960 5548 per
1984 5484 2147 5541 ﬁdem
2176 5503 2277 5542 nos
2298 5487 2477 5542 salvos
2504 5493 2744 5556 praestat.
3600 5470 3603 5473 Ι

568 5552 613 5581 ⁶⁰
653 5551 844 5610 Matth.
887 5572 964 5623 ιι,
998 5557 1088 5615 '28.

1652 5660 1850 5722 Variae
1888 5664 2196 5734 lectiones
2238 5679 2299 5735 et
2345 5680 2537 5737 notae.

533 5747 577 5829 ξθ
613 5745 676 5801 1η
703 5751 928 5829 vulgatis
959 5755 1197 5829 additum
1228 5767 1322 5821 est,
1363 5759 1626 5829 Χριστοῦ.

1732 5763 1772 5794 ³³
1801 5765 1887 5819 ἵσ.
1931 5767 2183 5828 ἐνταῦθα.

464 5817 510 5849 ⁵⁸
534 5819 620 5872 ia’.
654 5817 944 5894 περιτομῇ.
1024 5825 1066 5858 ³⁵
1094 5827 1168 5890 ὡς
1197 5817 1536 5900 οὐχ’ἑχνιντος
1580 5833 1754 5904 τούτῳ
1807 5817 1898 5889 τοῦ
1934 5817 2285 5909 νδεῖὸῦἶὲται

2304 5775 2472 5832 "Pro
2527 5781 2827 5851 Κορνηλίου
2873 5783 3006 5857 (ego,
3069 5785 3375 5859 Κορνηλίῳ.
3453 5798 3497 5831 ﬂ
3534 5798 3602 5869 τεξι
3641 5801 3732 5852 ῖσ.
