4114 6418
440 328 540 391 719

1357 325 1934 387 THEOPHY-LACTI
1974 328 2385 394 BULGARLE
2415 336 2768 403 ARCHIEP.

3598 341 3704 404 720

441 436 858 507 Hierosolyma?
889 449 955 489 ac
1004 446 1118 488 non
1157 430 1341 502 potius
1394 432 1624 487 eversa?
1670 432 1737 487 de
1779 447 1993 502 quanau

2116 434 2250 501 Θεὸς
2277 439 2559 506 ἐκάλεσεν,
2588 437 2751 497 αὗται
2806 441 2862 495 δὲ
2908 442 2965 495 ai
3010 445 3423 516 παρατηρήσεις
3473 445 3704 516 ἀνατρέ⁴

436 531 680 601 loquitur
712 526 1125 583 exstructione?
1160 525 1230 580 de
1258 540 1343 590 ea,
1392 541 1514 595 qua:
1556 525 1755 580 accidit
1780 534 1905 596 post
1931 540 2022 582 ca-

431 625 740 695 ptivitatem
763 621 1161 692 Babylonicum,
1181 618 1249 674 de
1277 616 1536 687 dignitate
1561 630 1753 672 rursus
1779 625 2015 686 recepta.

439 715 791 780 Quamobrem
835 728 927 783 ego
956 726 1136 766 censeo
1168 725 1261 764 nos
1308 724 1411 762 non
1462 708 1642 761 debere
1687 706 1807 761 illos
1835 706 2018 760 obtur-

435 809 561 861 bare
610 815 659 860 et
717 803 1094 873 interpellare,
1169 800 1273 855 hoc
1332 807 1450 865 est,
1511 813 1619 852 non
1672 798 2013 855 subvertere.

433 899 569 953 Nam
601 898 645 953 si
668 897 811 951 Deus
866 895 988 950 illos
1042 892 1271 955 vocavit,
1296 900 1457 961 atque
1496 890 1578 944 ha:
1603 889 2014 945 observationes

435 996 692 1042 evertunt
718 985 810 1040 Dei
836 983 1171 1039 vocationem
1196 983 1458 1037 adversus
1489 980 1656 1034 Deum
1685 996 2009 1051 pugnamus.

431 1079 568 1133 Cum
599 1076 921 1132 auctoritate
949 1088 1153 1141 autem,
1182 1087 1249 1128 ac
1278 1087 1380 1144 pro
1409 1080 1677 1144 potestate
1716 1071 1869 1138 dicit,
1899 1071 2013 1143 Ego

429 1188 631 1227 censeo.
664 1169 767 1224 Sed
811 1167 1147 1224 scribendum
1192 1176 1242 1221 et
1307 1165 1671 1220 mandandum
1728 1181 1841 1219 esse
1877 1165 2011 1229 illis,

429 1273 487 1316 ut
568 1260 866 1315 abstineant
938 1258 1003 1313 ab
1087 1257 1501 1328 inquinamentis
1564 1255 2006 1322 simulacrorum,

429 1362 536 1407 etc.
595 1352 725 1406 lla‘c
788 1350 934 1404 enim
1005 1356 1300 1419 praecepta,
1361 1355 1525 1416 atque
1599 1345 1683 1399 ba:
1746 1344 2009 1400 observa-

2125 544 2310 594 πουσι,
2343 531 2421 601 τῷ
2474 532 2594 603 Θεῷ
2642 532 3009 604 πολεμοῦμεν.
3057 534 3192 587 Μετ’
3235 535 3484 601 ἐξουσίας
3533 534 3590 589 δὲ
3620 537 3702 600 τὸ,

2135 616 2277 687 Ἐγὼ
2306 622 2508 688 κρίνω.
2544 651 2615 661 -
2651 622 2814 677 Ἀλλ’
2839 622 3173 677 ἐπιστεῖλαι
3208 621 3434 691 αὐτοῖς,
3453 623 3559 678 τοῦ
3593 625 3705 679 ἀπ-

2119 708 2367 778 έχεσθαι
2416 713 2536 768 ἀπὸ
2559 713 2681 769 τῶν
2698 715 3133 785 ἀλισγημάτων
3157 714 3277 769 τῶν
3305 714 3591 784 εἰδώλων,
3609 721 3697 772 καὶ

2118 801 2188 855 τὰ
2223 801 2372 873 ε’ξῆς.
2401 800 2575 860 Abeat
2604 806 2736 877 γὰρ,
2767 809 2815 861 εί
2847 808 2942 861 καὶ
2995 807 3326 877 σωματικαὶ,
3359 807 3478 862 ἀλλ’
3527 809 3701 877 ἀναγ-

2118 896 2272 946 καῖαι
2300 894 2666 962 φυλάττεσθαι
2687 914 2701 930 ·
2725 898 2919 970 ἐπειδὴ
2946 897 3155 968 μεγάλα
3188 897 3506 969 εἰργάζοντο
3528 900 3697 964 κακὰ,

2116 986 2322 1041 τούτων
2356 989 2591 1058 μάλιστα
2639 991 2839 1052 αὐτοὺς
2865 991 3091 1047 ἔπαυσε.
3124 990 3382 1061 Μωῢσῆς
3412 990 3529 1062 μὲν
3587 994 3699 1064 γὰρ

2117 1080 2184 1133 ἐκ
2226 1080 2450 1148 γενεῶν
2503 1083 2790 1153 ἀρχαίων,
2830 1085 2927 1139 καί
2954 1085 3025 1140 τὰ
3076 1085 3226 1156 ἑξῆς.
3260 1087 3373 1140 Καὶ
3430 1086 3538 1177 ⁸ιςρὸ
3598 1088 3699 1158 τῆς
3786 1138 3800 1145 -

2115 1172 2409 1242 ἐπιδημίας
2433 1175 2527 1228 τοῦ
2553 1175 2808 1247 Σωτῆρος
2833 1179 2975 1231 κατά
2994 1179 3104 1232 πᾶν
3126 1179 3406 1235 Σάϐϐατον
3430 1172 3486 1234 ἓν
3505 1180 3698 1250 μόναις

2114 1264 2236 1326 ταῖς
2286 1269 2633 1334 συναγωγαῖς
2693 1268 3090 1337 ἀνεγινώσκετο
3142 1271 3379 1341 Μωσῆςο
3430 1271 3546 1325 ἀλλ’
3602 1272 3697 1327 οὖν

2116 1356 2253 1424 μετὰ
2276 1356 2376 1426 τὴν
2403 1357 2719 1429 ἐπιδημίαν,
2748 1361 2805 1412 ὲν
2832 1363 2949 1424 ταῖς
2975 1363 3299 1434 ἐκκλησίαις
3328 1366 3425 1418 τοῦ
3451 1359 3692 1437 Χριστοῦ

431 1447 627 1508 tiones,
670 1443 773 1498 etsi
808 1441 1142 1512 corporales,
1179 1449 1312 1495 tunc
1349 1439 1642 1494 observatu
1676 1437 1993 1492 necessaria

2110 1445 2173 1498 οὗ
2224 1446 2493 1502 κωλύεται
2545 1451 3038 1519 ἀναγινώσκεσθαι.
3073 1455 3184 1509 Καὶ
3233 1455 3393 1510 τοῦτο
3438 1455 3695 1529 δηλοῦται

426 1545 596 1591 sunt:
643 1535 898 1604 quoniam
944 1547 1265 1604 magnorum
1311 1546 1479 1586 causa
1531 1539 1686 1585 erant
1716 1529 1993 1594 malorum1

2106 1538 2177 1591 ὲκ
2210 1540 2330 1606 τοῦ,
2352 1539 2625 1613 ἄχρι-γὰρ
2648 1543 2750 1615 τῆς
2777 1545 3018 1617 σήμερον
3047 1548 3208 1618 ἡνίκα
3235 1550 3302 1603 ἀν
3325 1550 3696 1618 ἀναγινώσκε-

428 1623 679 1698 [idcirco]
720 1624 1064 1694 potissimum
1098 1623 1166 1676 ab
1194 1621 1279 1676 his
1306 1621 1430 1676 illos
1462 1635 1522 1676 se
1571 1619 1843 1675 abstinere
1869 1619 1993 1674 vult.

2108 1646 2201 1682 ται
2247 1631 2473 1702 Μωσῆς,
2530 1633 2593 1686 Εί
2639 1635 2749 1705 γὰρ
2804 1638 2882 1708 μὴ
2919 1639 3321 1706 ἀνεγινώσκετο
3371 1642 3441 1695 τὰ
3480 1643 3695 1697 Παλαιὰ

426 1718 567 1771 Nam
632 1720 839 1788 Moyses
901 1716 1112 1786 quidem
1159 1714 1225 1768 ab
1272 1713 1521 1769 letalibus
1583 1713 1837 1783 antiquis,
1893 1721 1993 1767 etc.

2111 1721 2432 1792 Γράμματα
2481 1725 2539 1777 ὲν
2572 1728 2698 1790 ταῖς
2729 1727 3070 1800 ἐκκλησίαις,
3126 1731 3226 1785 οὐκ
3254 1733 3499 1802 ἀκρίτως
3519 1735 3695 1789 Γαλά-

424 1812 599 1866 Etiam
645 1818 772 1864 ante
801 1809 1093 1865 adventum
1127 1807 1434 1862 Servatoris
1470 1806 1725 1862 omnibus
1748 1806 1993 1862 Sabbatis

2100 1829 2223 1876 ταις
2243 1814 2599 1870 ὲπεστέλλετο
2622 1817 2706 1883 τὸ,
2739 1798 2957 1890 aereis
2994 1840 3120 1891 μοι,
3148 1826 3203 1878 οἱ
3224 1798 3345 1879 ὑπό
3379 1827 3573 1897 νόμον
3601 1826 3695 1885 θέ-

421 1903 476 1955 in
516 1900 799 1972 synagogis
824 1899 1090 1955 duntaxat
1129 1899 1338 1970 Moyses
1371 1897 1695 1969 legebatur:
1737 1899 1832 1954 sed
1877 1910 1993 1969 post

2106 1907 2323 1973 λοντες
2346 1903 2520 1975 εἷναι,
2548 1910 2656 1964 τὸν
2686 1911 2876 1980 νόμον
2916 1915 3028 1968 οὐκ
3060 1915 3352 1984 ἀκούετες

416 1992 715 2047 adventum
742 1990 946 2047 Christi
1000 1990 1055 2044 in
1098 1989 1356 2045 Ecclesiis
1386 1990 1614 2055 Christi,
1655 1990 1845 2045 saltem
1882 1991 1988 2062 legi
2017 2008 2083 2050 ac
2119 1999 2336 2053 recitari
2368 2015 2480 2056 non
2516 2001 2863 2071 perhibetur,
2913 2012 3077 2075 atque
3120 2005 3176 2062 id
3235 2008 3545 2066 declaratur
3621 2022 3688 2067 ex

416 2087 509 2142 illo
540 2102 552 2139 :
588 2083 773 2154 Usque
859 2084 998 2138 enim
1050 2083 1105 2137 in
1158 2082 1483 2137 hodiernum
1553 2082 1720 2148 diem,
1778 2084 2213 2158 quandocunque
2282 2107 2419 2162 Opus
2477 2102 2561 2149 est
2612 2093 2825 2167 Moyses
2886 2097 3169 2154 recitatur.
3222 2098 3359 2154 Nam
3435 2103 3483 2158 si
3547 2104 3689 2159 anti-

414 2194 521 2248 qua
551 2177 751 2247 scripta
781 2175 839 2230 iu
862 2173 1119 2229 Ecclesiis
1144 2173 1657 2239 nonrecitarcntur,
1691 2189 1879 2230 nonne
1929 2185 2139 2236 temere
2182 2197 2248 2238 ac
2331 2183 2450 2239 sine
2515 2185 2721 2257 judicio
2798 2187 2868 2243 ad
2925 2188 3142 2248 Galatas
3223 2191 3517 2265 Apostolus
3552 2195 3693 2255 illud

414 2271 757 2341 scripsisset:
778 2269 957 2323 'Diciie
1005 2269 1133 2321 mihi
1158 2269 1247 2337 qui
1276 2269 1381 2339 legi
1405 2266 1607 2322 subditi
1647 2285 1760 2324 esse
1795 2272 1973 2338 vultis,
2006 2291 2077 2330 an
2107 2277 2272 2349 legem
2301 2268 2402 2333 non
2431 2283 2629 2338 auditis
2657 2283 2741 2338 “‘l

484 2365 720 2434 Apostoli
754 2374 802 2417 et
858 2363 1086 2417 seniores
1120 2372 1168 2415 et
1196 2363 1386 2432 fratres
1420 2362 1782 2418 habitantibus
1813 2366 1993 2421 Antio-

2177 2375 2243 2427 Ol
2269 2374 2622 2443 ἀπόστολοι,
2679 2377 2779 2434 καί
2801 2382 2855 2434 ol
2876 2380 3287 2451 πρεσϐύτεροι,
3314 2382 3412 2438 καὶ
3442 2386 3498 2439 οί
3511 2383 3689 2441 ἀδελ-

416 2458 565 2516 είιίαν.
600 2465 647 2508 et
667 2455 734 2508 in
772 2453 953 2523 Syria,
984 2462 1033 2507 et
1069 2453 1258 2507 Cilicia
1318 2453 1596 2525 fratribus,
1642 2455 1743 2525 qui
1786 2466 1906 2510 sunt
1936 2460 1993 2512 de

2104 2465 2226 2534 yol,
2264 2468 2389 2534 τοῖς
2420 2470 2571 2525 κατὰ
2630 2469 2748 2540 τὴν
2794 2473 3157 2542 Ἀντιόχειαν
3185 2474 3284 2530 καί
3324 2478 3550 2544 Συρίαν
3582 2478 3688 2533 καί

412 2546 719 2600 nationibus
755 2544 1007 2611 externis,
1041 2542 1290 2598 salutem.

2103 2557 2378 2611 Κιλικίαν
2405 2558 2691 2630 ἀδελφοῖς
2717 2561 2845 2630 τοῖς
2880 2562 2950 2628 ἐξ
2979 2563 3172 2619 ἐθνῶν
3214 2542 3466 2635 χαίρειν.

484 2636 647 2691 Vens.
680 2636 769 2690 εει.
810 2634 1075 2700 Quoniam
1107 2637 1406 2691 audivimus
1428 2637 1716 2693 nonnullos
1749 2655 1813 2693 ex
1845 2640 1991 2695 nobis

2182 2649 2423 2719 Ἐπειδὴ
2446 2652 2800 2723 ἠκούσαμεν
2822 2654 2913 2709 ὅτι
2941 2654 3107 2724 τινὲς
3136 2656 3205 2722 ἐξ
3232 2634 3405 2725 ἡμῶν
3429 2658 3477 2691 δ”
3508 2660 3683 2724 ἐξελ-

411 2745 642 2801 egressos
669 2728 904 2782 turbasse
917 2743 1006 2782 vos
1021 2728 1363 2792 sermonibus,
1385 2727 1763 2799 labefactantes
1783 2732 1986 2787 animos

2101 2739 2307 2807 θόντες
2350 2741 2650 2811 ἐτάραξαν
2695 2743 2854 2814 ὑμᾶς
2913 2747 3119 2816 λόγοις
3166 2747 3683 2816 ἀνασκευάζοντες

407 2831 624 2885 vestr-os,
662 2836 778 2873 cum
801 2821 1029 2874 dicerent
1064 2836 1154 2874 vos
1183 2820 1489 2874 circumcidi
1520 2831 1568 2874 et
1596 2821 1760 2893 legem
1778 2839 1992 2878 servare

2100 2832 2206 2899 τὰς
2246 2833 2452 2903 ψυχὰς
2500 2834 2701 2904 ὑμῶν,
2734 2837 3021 2907 λέγοντες
3057 2838 3543 2909 περιτέμνεσθαι,
3578 2844 3678 2897 καί

407 2923 667 2981 oportere,
697 2912 884 2982 quibus
915 2928 1018 2965 non
1043 2910 1489 2965 mandaveramus
1518 2926 1538 2964 :

480 2996 647 3052 Vsus.
699 2998 791 3053 25.
856 2998 1067 3051 Placuit
1122 2999 1267 3052 nobis
1318 2999 1481 3053 simul
1512 3003 1726 3056 coactis
1760 3003 1989 3074 deligere

410 3087 571 3152 viros,
606 3097 655 3140 et
704 3086 910 3140 mittere
938 3087 1009 3141 ad
1040 3102 1127 3141 vos
1174 3104 1282 3142 una
1328 3104 1450 3143 cum
1481 3091 1807 3148 cltarissimis
1834 3096 1986 3151 nobis

409 3173 663 3227 Barnabc
690 3182 739 3227 et
774 3171 970 3239 Paulo,

480 3261 645 3316 Vens.
676 3261 767 3316 26.
820 3260 1136 3319 Hominibus
1162 3305 1178 3334 ,
1216 3268 1308 3336 qui
1341 3268 1507 3324 vitam
1545 3288 1700 3328 suam
1749 3278 1983 3344 periculo

409 3363 763 3423 exposuerunt
816 3370 912 3424 pro
941 3356 1150 3412 nomine
1200 3361 1412 3415 Domini
1449 3367 1617 3419 nostri
1658 3365 1785 3423 .lesu
1818 3369 1986 3425 Glori-

482 3533 648 3590 Vens.
679 3534 768 3590 27.
827 3535 1067 3592 Misimus
1100 3540 1240 3595 enim
1287 3542 1490 3599 ludam
1514 3555 1563 3601 et
1585 3545 1782 3615 Silam,
1815 3550 1905 3620 qui
1936 3562 1986 3606 et

407 3628 507 3698 ipsi
543 3628 711 3682 verbis
740 3630 923 3683 eadem
953 3632 1175 3702 referent
1199 3635 1358 3690 vobis.

477 3718 688 3774 Placuit
735 3720 896 3776 nobis
928 3721 1088 3778 simul
1120 3729 1350 3783 coactis.
1391 3728 1529 3795 Quia
1563 3733 1820 3792 omnibus
1863 3736 1982 3794 haec

403 3809 712 3879 placebant,
744 3826 808 3866 ac
836 3826 896 3866 re
920 3811 1219 3871 deliberata
1248 3817 1363 3874 haec
1391 3822 1655 3879 scribunt.
1673 3825 1980 3882 Notandum

405 3908 489 3955 cst
535 3915 716 3970 neque
742 3900 1026 3971 Jacubum,
1062 3896 1488 3976 nequel‘ctrum
1523 3929 1685 3971 ausos
1702 3931 1823 3971 esse
1860 3918 1981 3973 sine

397 4007 677 4049 consensu
697 3994 863 4050 totius
887 3995 1140 4052 Ecclesia:
1166 3999 1461 4057 decernere
1478 4004 1546 4058 de
1573 4008 1794 4078 negotio
1816 4009 1976 4077 122

403 4084 857 4150 circmncisiouis,
877 4103 1187 4156 quanquam
1209 4091 1528 4160 judicabant
1549 4098 1655 4153 hoc
1670 4101 1746 4154 ita
1768 4110 1978 4156 rectum

401 4191 523 4231 esse
548 4193 562 4230 :
605 4192 783 4245 neque
825 4193 953 4233 vero
986 4195 1180 4236 omnes
1207 4189 1594 4242 auctoritatem
1619 4205 1774 4245 suam
1803 4193 1976 4247 inter-

399 4268 734 4338 posuissent,
774 4271 883 4326 nisi
934 4288 1253 4343 persuasum
1289 4277 1621 4335 habuissent
1642 4282 1757 4337 hoc
1804 4286 1978 4339 etiam

398 4362 619 4430 placere
658 4361 888 4431 Spiritui
917 4374 1128 4420 sancto.
1164 4367 1434 4423 Caeterum
1471 4386 1542 4425 ue
1582 4389 1670 4428 res
1701 4374 1979 4431 videretur

394 4452 465 4507 ad
524 4450 677 4506 Pauli
710 4462 766 4507 et
792 4452 1054 4511 Barnabas
1085 4466 1333 4526 spectare
1362 4460 1691 4516 calumniam
1719 4465 1865 4533 quod
1896 4466 1975 4521 illi

2094 2922 2299 2990 τηρεῖν
2326 2926 2434 2979 τὸν
2452 2926 2664 2996 νόμον,
2707 2922 2801 2995 οἷς
2840 2931 2913 2983 οὐ
2944 2929 3403 3000 διεστειλάμεθα
3428 2949 3442 2962 -

2168 3015 2416 3082 Ἕδοξεν
2452 3019 2599 3089 ἡμῖν
2625 3023 2973 3090 γενομένοις
3000 3024 3397 3093 ὁμοθυμαδὸν,
3423 3026 3677 3091 ἐκλεξα-

2082 3106 2312 3175 μένους
2332 3108 2555 3177 dav-69a;
2587 3112 2819 3181 πέμψαι
2855 3112 3006 3179 πρὸς
3039 3111 3195 3181 ὑμᾶς
3219 3112 3344 3168 σὺν
3380 3112 3504 3181 τοῖς
3526 3115 3676 3185 dra-

2009 3225 2055 3288 C
2087 3198 2302 3265 πητοῒς
2334 3199 2507 3270 ἡμῶν
2542 3200 2825 3270 Βαρνάϐᾳ
2852 3202 2952 3257 καί
2998 3203 3241 3271 Παύλῳ,

2177 3292 2534 3361 Ἀνθρώποις
2577 3294 3033 3363 παραδεδωκόσι
3062 3295 3169 3363 τὰς
3222 3298 3429 3367 ψυχὰς
3474 3297 3677 3352 αὐτῶν

2091 3383 2247 3451 ὑπὲρ
2307 3384 2415 3439 τοῦ
2474 3387 2769 3456 ὀνόματος
2825 3388 2933 3443 τοῦ
2969 3388 3193 3457 Kvpt'ov
3251 3387 3424 3459 ἡμῶν
3466 3391 3676 3459 Ἰησοῦ

2176 3565 2669 3637 ’Λπεστὰλκαμεν
2701 3569 2814 3637 γὰρ
2847 3567 2897 3602 ³⁸
2944 3570 3184 3626 Ἰούδαν
3208 3572 3306 3626 καί
3336 3575 3541 3642 Σίλαν,
3572 3577 3674 3630 καί

2101 3656 2323 3724 αὐτοὺς
2364 3657 2864 3728 ἀπαγγέλλοντας
2895 3660 2993 3715 διὰ
3028 3665 3216 3731 λόγου
3253 3665 3325 3719 τὰ
3352 3664 3507 3719 αὑτά
3538 3668 3608 3722 ⁸⁸.

2166 3750 2384 3817 Ἔδοξεν
2417 3752 2552 3821 ἡμῖν
2589 3752 2899 3822 γενομένοις
2943 3755 3308 3826 ὁμοθυμαδόν.
3348 3758 3471 3811 Ὅτι
3522 3761 3664 3812 πᾶσι

2086 3840 2261 3894 ταῦτα
2287 3841 2455 3907 δοκεῖ,
2499 3843 2595 3896 καὶ
2627 3842 2710 3895 ὅτι
2756 3844 2897 3913 μετά
2950 3844 3294 3916 ἐπισκέψεως
3330 3847 3501 3901 ταῦτα
3528 3851 3665 3919 γρά-

2087 3949 2274 4002 φουσι.
2311 3933 2654 4002 Σημειωτὲον
2699 3934 2927 3988 ὅτιοῠτε
2987 3936 3262 4005 Ἰάκωϐος,
3296 3938 3420 3992 οὕτε
3466 3940 3668 4010 Πέτρος

2085 4024 2392 4094 ἐτόλμησαν
2421 4025 2769 4096 δογματίζειν
2792 4026 2862 4080 τὰ
2888 4029 3018 4098 περὶ
3042 4028 3157 4098 τῆς
3176 4032 3501 4101 περιτομῆς,
3539 4033 3666 4084 καί·

2085 4134 2167 4168 τοι
2217 4117 2507 4188 κρίναντες
2559 4119 2692 4173 αὐτὸ
2730 4118 2898 4173 καλὸν
2947 4117 3095 4174 εἶναι
3126 4121 3299 4193 ,δίχα
3340 4123 3521 4194 πάσης
3569 4126 3672 4195 τῆς

2102 4205 2462 4277 Ἐκκλησίαςο
2516 4206 2642 4260 οὔτε
2677 4209 2737 4262 δὲ
2788 4210 2990 4274 πάντες
3038 4212 3377 4285 ηῠθέντησαν
3410 4254 3426 4280 ,
3479 4215 3529 4267 εί
3594 4217 3671 4287 μὴ

2088 4297 2423 4368 ἐπείσθησαν
2445 4298 2530 4351 ὃτι
2557 4298 2716 4351 τοῦτο
2750 4299 2901 4353 δοκεῖ
2938 4305 3032 4354 καὶ
3074 4302 3154 4374 τῷ
3188 4304 3330 4376 ἁγίῳ
3362 4305 3668 4376 Πνεύματι.

2088 4389 2207 4441 Ἵνα
2240 4390 2297 4442 δὲ
2325 4389 2400 4459 μὴ
2418 4389 2546 4462 δόξῃ
2575 4391 2832 4462 διαϐολῆς
2872 4387 3018 4448 εἶναι
3036 4396 3262 4450 Παύλου
3283 4399 3380 4451 καὶ
3409 4400 3667 4470 Βαρνάϐα

2084 4480 2147 4534 τὸ
2174 4480 2220 4513 ⁸⁷
2267 4481 2509 4546 ἐκείνους
2544 4484 2946 4556 ἀποσταλῆναι,
2999 4487 3102 4558 ὅρα
3132 4488 3387 4560 ἐγκώμια
3436 4492 3619 4546 αὐτῶν
3645 4509 3658 4523 ·

394 4543 550 4598 missi
580 4553 756 4612 erant,
781 4546 907 4602 vide
935 4547 1303 4604 laudationem
1332 4551 1545 4606 illorum
1569 4570 1586 4608 :
1634 4553 1974 4623 Hominibus,

2100 4574 2471 4643 Ἀνθρώποις,
2491 4543 2660 4645 ⁷φησὶ,
2691 4543 3151 4647 παραδεδωκόσι
3173 4543 3520 4652 ὶάξψυχάξ

394 4636 594 4706 inquit,
629 4639 720 4708 qui
746 4639 910 4693 vitam
944 4656 1098 4693 suam
1130 4641 1360 4711 periculo
1388 4657 1738 4712 exposuerunt
1760 4663 1857 4717 pro
1880 4666 1975 4704 no-

393 4730 532 4782 mine
559 4728 774 4783 Domini
795 4730 926 4784 Jesu
960 4730 1177 4787 Christi.

463 4819 629 4873 Vsus.
661 4819 753 4874 28.
801 4820 991 4875 \Visum
1026 4833 1100 4876 est
1155 4825 1293 4877 enim
1330 4824 1557 4894 Spiritui
1597 4838 1780 4883 sancto
1807 4838 1857 4883 et
1886 4847 1975 4886 no.

391 4907 491 4971 bis,
519 4907 652 4960 nillil
678 4909 910 4976 amplius
934 4911 1072 4965 uobis
1095 4913 1273 4967 oneris
1288 4912 1586 4982 imponere,
1617 4926 1972 4989 praeterquam

387 5007 498 5055 Iiazc
516 5001 819 5055 necessaria
844 5017 863 5055 :
1054 5014 1057 5017 '

467 5092 630 5147 Vens.
669 5093 757 5148 29.
822 5094 1045 5162 Nempe,
1075 5106 1130 5151 ut
1155 5098 1467 5153 abstineatis
1500 5117 1587 5155 vos
1608 5102 1685 5156 .ab
1718 5102 1819 5167 his,
1851 5121 1969 5174 quae

385 5188 688 5243 simulacris
716 5187 994 5242 immolata
1027 5199 1171 5254 sunt,
1204 5200 1253 5244 et
1280 5192 1558 5264 sanguine,
1591 5204 1640 5248 et
1687 5196 1964 5265 suffocato,
2008 5230 2013 5231 ί

386 5290 435 5331 et
465 5278 781 5331 scortutione
812 5292 830 5332 :
864 5295 897 5331 a
948 5277 1138 5349 quibus
1154 5279 1201 5333 si
1229 5285 1660 5339 conservaveritis
1696 5287 1969 5342 vosmetti-

384 5369 543 5438 ipsos,
584 5383 720 5422 recte
751 5369 983 5439 facietis.
1022 5367 1222 5427 Valete.

491 5482 536 5515 δ’
575 5482 750 5541 Calai.
784 5498 859 5549 tv,
885 5481 969 5537 l7.

2084 4664 2207 4720 τῶν
2230 4667 2384 4736 ὑπὲρ
2411 4667 2521 4723 τοῦ
2543 4669 2835 4739 ὀνόματος
2864 4671 2972 4727 τοῦ
3000 4674 3226 4742 Κυρίου
3257 4674 3427 4744 ἡμῶν
3468 4677 3664 4745 Ἰησοῦ

2084 4757 2362 4824 Χριστοῦ.

2081 4938 2274 4995 πλέον
2299 4939 2667 4999 ἐπιτίθεσθαι
2692 4943 3064 5014 ὑμῖνζβάρος,
3087 4948 3259 5017 πλὴν
3281 4950 3511 5006 τούτων
3538 4948 3661 5008 τῶν

2079 5032 2423 5102 ἐπάναγκες
2440 5048 2454 5063 ·

2163 5123 2490 5191 ’Δπέχεσθε
2514 5123 2560 5156 ⁵⁸
2591 5124 3021 5193 ειδωλοθύτων,
3080 5129 3180 5182 καί
3224 5131 3496 5201 αἵματος,
3556 5133 3661 5187 καί

2076 5212 2330 5267 πνικτοῦ
2358 5252 2374 5276 ,
2431 5214 2531 5267 καί
2592 5215 2896 5284 πορνείας.
2943 5217 3044 5282 Ἐξ
3100 5212 3190 5275 ὧν
3228 5219 3657 5293 διατηροῦντες

2077 5303 2351 5371 ἑαυτοὺς,
2378 5300 2448 5360 εὖ
2479 5304 2761 5374 πράξετε.
2806 5308 3132 5375 Ἔρρωσθε.

1589 5580 1790 5641 Variae
1826 5581 2129 5647 lectiones
2156 5593 2218 5648 et
2256 5594 2441 5651 Ποία).

467 5703 513 5729 υ
546 5698 992 5785 [it‘ruanuscripto
1013 5712 1152 5785 erat,
1180 5702 1241 5765 ἐξ
1270 5701 1469 5785 fluvii»):
1544 5704 1683 5785 δεῇ-Ιιι
1735 5707 1962 5785 vulgatis

2100 5754 2112 5775 ,
2156 5716 2580 5785 ἀπεστάλκαμεν
2611 5715 2722 5775 οὖν.

2831 5722 2877 5755 ⁸⁵
2903 5723 2964 5805 In
2986 5725 3210 5805 vulgatis
3242 5739 3338 5798 est,
3372 5729 3460 5788 διὰ
3484 5731 3646 5805 λόγου

385 5770 827 5839 ἀπαγγελέοντες
864 5789 933 5825 τα
968 5773 1122 5829 αὐτὰ.
1201 5781 1245 5814 ⁸⁷
1283 5770 1368 5836 ῖσ.
1397 5773 1494 5846 τῷ.
1571 5776 1615 5809 ⁴⁸
1642 5777 1704 5831 In
1735 5770 1957 5850 vulgatis
1990 5794 2061 5837 cst
2089 5770 2225 5858 πλὴν
2246 5792 2350 5843 τῶν
2372 5770 2679 5859 ἐπάναγκες
2710 5790 2913 5852 τούτων
2942 5770 3261 5870 caeliae}:
