  <div class='ocr_page' id='page_1' title='image "/cluster/home/n/w/nwhite01/storage/ocr_20150623/125:no.3/coo.31924054870302/369.png"; bbox 0 0 4114 6418; ppageno 0'>
   <div class='ocr_carea' id='block_1_1' title="bbox 484 444 3735 539">
    <p class='ocr_par' dir='ltr' id='par_1_1' title="bbox 484 444 3735 539">
     <span class='ocr_line' id='line_1_1' title="bbox 484 444 3735 539; baseline -0.006 -9"><span class='ocrx_word' id='word_1_1' title='bbox 484 448 591 539; x_wconf 65' lang='lat'><strong>723;</strong></span> <span class='ocrx_word' id='word_1_2' title='bbox 1408 460 1985 524; x_wconf 83' lang='lat' dir='ltr'><strong>THEOPHYLACTI</strong></span> <span class='ocrx_word' id='word_1_3' title='bbox 2015 456 2425 520; x_wconf 64' lang='lat' dir='ltr'><strong>sumsum</strong></span> <span class='ocrx_word' id='word_1_4' title='bbox 2465 455 2825 516; x_wconf 71' lang='lat' dir='ltr'><strong>ARCHIEP.</strong></span> <span class='ocrx_word' id='word_1_5' title='bbox 3624 444 3735 510; x_wconf 69' lang='grc' dir='ltr'>πει</span> 
     </span>
    </p>
   </div>
   <div class='ocr_carea' id='block_1_2' title="bbox 489 554 2084 654">
    <p class='ocr_par' dir='ltr' id='par_1_2' title="bbox 489 567 2059 654">
     <span class='ocr_line' id='line_1_2' title="bbox 489 567 2059 654; baseline -0.012 -15"><span class='ocrx_word' id='word_1_6' title='bbox 489 598 710 654; x_wconf 73' lang='lat' dir='ltr'><strong>cumque</strong></span> <span class='ocrx_word' id='word_1_7' title='bbox 758 580 891 651; x_wconf 81' lang='lat' dir='ltr'><strong>cepit</strong></span> <span class='ocrx_word' id='word_1_8' title='bbox 935 588 982 634; x_wconf 89' lang='lat' dir='ltr'><strong>et</strong></span> <span class='ocrx_word' id='word_1_9' title='bbox 1041 576 1370 631; x_wconf 80' lang='lat' dir='ltr'><strong>circumcidit</strong></span> <span class='ocrx_word' id='word_1_10' title='bbox 1404 584 1616 643; x_wconf 75' lang='lat' dir='ltr'><strong>propter</strong></span> <span class='ocrx_word' id='word_1_11' title='bbox 1668 571 1914 635; x_wconf 77' lang='lat' dir='ltr'><strong>Judwos,</strong></span> <span class='ocrx_word' id='word_1_12' title='bbox 1969 567 2059 637; x_wconf 78' lang='lat' dir='ltr'><strong>qui</strong></span> 
     </span>
    </p>
   </div>
   <div class='ocr_carea' id='block_1_3' title="bbox 2188 554 3735 654">
    <p class='ocr_par' dir='ltr' id='par_1_3' title="bbox 2188 554 3735 630">
     <span class='ocr_line' id='line_1_3' title="bbox 2188 554 3735 630; baseline -0.006 -10"><span class='ocrx_word' id='word_1_13' title='bbox 2188 566 2288 619; x_wconf 78' lang='grc' dir='ltr'><em>ἐῖν</em></span> <span class='ocrx_word' id='word_1_14' title='bbox 2316 607 2330 630; x_wconf 93' lang='grc'><strong>,</strong></span> <span class='ocrx_word' id='word_1_15' title='bbox 2386 565 2485 619; x_wconf 78' lang='grc' dir='ltr'>καί</span> <span class='ocrx_word' id='word_1_16' title='bbox 2531 562 2753 627; x_wconf 73' lang='grc' dir='ltr'>λαϐὼν,</span> <span class='ocrx_word' id='word_1_17' title='bbox 2807 560 3150 630; x_wconf 72' lang='grc' dir='ltr'>περιέτεμεν</span> <span class='ocrx_word' id='word_1_18' title='bbox 3200 556 3393 613; x_wconf 75' lang='grc' dir='ltr'><em>αὐτὸν</em></span> <span class='ocrx_word' id='word_1_19' title='bbox 3441 554 3545 612; x_wconf 81' lang='grc' dir='ltr'>διὰ</span> <span class='ocrx_word' id='word_1_20' title='bbox 3588 556 3735 623; x_wconf 80' lang='grc' dir='ltr'>τοὺς</span> 
     </span>
    </p>
   </div>
   <div class='ocr_carea' id='block_1_4' title="bbox 490 649 2084 732">
    <p class='ocr_par' dir='ltr' id='par_1_4' title="bbox 490 659 2060 732">
     <span class='ocr_line' id='line_1_4' title="bbox 490 659 2060 732; baseline -0.01 -2"><span class='ocrx_word' id='word_1_21' title='bbox 490 684 640 730; x_wconf 73' lang='lat' dir='ltr'><strong>erant</strong></span> <span class='ocrx_word' id='word_1_22' title='bbox 666 675 720 729; x_wconf 83' lang='lat' dir='ltr'><strong>in</strong></span> <span class='ocrx_word' id='word_1_23' title='bbox 750 674 860 728; x_wconf 75' lang='lat' dir='ltr'><strong>illis</strong></span> <span class='ocrx_word' id='word_1_24' title='bbox 889 673 1039 726; x_wconf 77' lang='lat' dir='ltr'><strong>locis.</strong></span> <span class='ocrx_word' id='word_1_25' title='bbox 1069 671 1315 725; x_wconf 72' lang='lat' dir='ltr'><strong>Sciebant</strong></span> <span class='ocrx_word' id='word_1_26' title='bbox 1340 669 1477 722; x_wconf 85' lang='lat' dir='ltr'><strong>enim</strong></span> <span class='ocrx_word' id='word_1_27' title='bbox 1514 681 1690 719; x_wconf 69' lang='lat' dir='ltr'><strong>orantes</strong></span> <span class='ocrx_word' id='word_1_28' title='bbox 1719 672 1922 732; x_wconf 71' lang='lat' dir='ltr'><strong>patrem</strong></span> <span class='ocrx_word' id='word_1_29' title='bbox 1945 659 2060 728; x_wconf 71' lang='lat' dir='ltr'><strong>ejus</strong></span> 
     </span>
    </p>
   </div>
   <div class='ocr_carea' id='block_1_5' title="bbox 2188 649 3733 732">
    <p class='ocr_par' dir='ltr' id='par_1_5' title="bbox 2188 649 3733 723">
     <span class='ocr_line' id='line_1_5' title="bbox 2188 649 3733 723; baseline -0.005 -11"><span class='ocrx_word' id='word_1_30' title='bbox 2188 657 2499 723; x_wconf 82' lang='grc' dir='ltr'>Ῑουδαιόυς</span> <span class='ocrx_word' id='word_1_31' title='bbox 2535 654 2675 721; x_wconf 85' lang='grc' dir='ltr'>τοὺς</span> <span class='ocrx_word' id='word_1_32' title='bbox 2705 654 2883 719; x_wconf 81' lang='grc' dir='ltr'>ὄντας</span> <span class='ocrx_word' id='word_1_33' title='bbox 2917 655 2987 706; x_wconf 79' lang='grc' dir='ltr'><strong>ἐν</strong></span> <span class='ocrx_word' id='word_1_34' title='bbox 3036 652 3159 717; x_wconf 81' lang='grc' dir='ltr'>τοῖς</span> <span class='ocrx_word' id='word_1_35' title='bbox 3201 651 3410 721; x_wconf 77' lang='grc' dir='ltr'><strong>τόποις</strong></span> <span class='ocrx_word' id='word_1_36' title='bbox 3455 649 3733 716; x_wconf 79' lang='grc' dir='ltr'>ἐκείνοις.</span> 
     </span>
    </p>
   </div>
   <div class='ocr_carea' id='block_1_6' title="bbox 490 739 2084 833">
    <p class='ocr_par' dir='ltr' id='par_1_6' title="bbox 490 762 1305 833">
     <span class='ocr_line' id='line_1_6' title="bbox 490 762 1305 833; baseline -0.013 -11"><span class='ocrx_word' id='word_1_37' title='bbox 490 785 597 821; x_wconf 67' lang='lat' dir='ltr'><strong>esse</strong></span> <span class='ocrx_word' id='word_1_38' title='bbox 619 764 860 820; x_wconf 74' lang='lat' dir='ltr'><strong>Gra&#39;cum</strong></span> <span class='ocrx_word' id='word_1_39' title='bbox 900 766 1005 818; x_wconf 78' lang='lat' dir='ltr'><strong>sive</strong></span> <span class='ocrx_word' id='word_1_40' title='bbox 1040 762 1305 833; x_wconf 62' lang='lat' dir='ltr'><strong>gemitum.</strong></span> 
     </span>
    </p>
   </div>
   <div class='ocr_carea' id='block_1_7' title="bbox 2188 739 3730 833">
    <p class='ocr_par' dir='ltr' id='par_1_7' title="bbox 2188 739 3730 821">
     <span class='ocr_line' id='line_1_7' title="bbox 2188 739 3730 821; baseline -0.004 -20"><span class='ocrx_word' id='word_1_41' title='bbox 2188 748 2444 821; x_wconf 76' lang='grc' dir='ltr'>ῌδεισαν</span> <span class='ocrx_word' id='word_1_42' title='bbox 2496 747 2604 816; x_wconf 60' lang='lat' dir='ltr'><strong>mp</strong></span> <span class='ocrx_word' id='word_1_43' title='bbox 2658 744 2918 810; x_wconf 78' lang='grc' dir='ltr'>ἅπαντες</span> <span class='ocrx_word' id='word_1_44' title='bbox 2970 743 3079 797; x_wconf 87' lang='grc' dir='ltr'><strong>τὸν</strong></span> <span class='ocrx_word' id='word_1_45' title='bbox 3102 742 3327 811; x_wconf 75' lang='grc' dir='ltr'>πατέρα</span> <span class='ocrx_word' id='word_1_46' title='bbox 3376 739 3584 805; x_wconf 72' lang='grc' dir='ltr'>αὑτοῦ,</span> <span class='ocrx_word' id='word_1_47' title='bbox 3635 740 3730 795; x_wconf 83' lang='grc' dir='ltr'>ὅτι</span> 
     </span>
    </p>
   </div>
   <div class='ocr_carea' id='block_1_8' title="bbox 2162 838 2705 909">
    <p class='ocr_par' dir='ltr' id='par_1_8' title="bbox 2162 838 2705 909">
     <span class='ocr_line' id='line_1_8' title="bbox 2162 838 2705 909; baseline -0.009 -14"><span class='ocrx_word' id='word_1_48' title='bbox 2162 844 2390 907; x_wconf 72' lang='grc' dir='ltr'><em>Ἕλλην</em></span> <span class='ocrx_word' id='word_1_49' title='bbox 2428 844 2511 896; x_wconf 84' lang='grc' dir='ltr'>ὑπ</span> <span class='ocrx_word' id='word_1_50' title='bbox 2523 838 2705 909; x_wconf 75' lang='grc' dir='ltr'><em>ἦρχεν</em></span> 
     </span>
    </p>
   </div>
   <div class='ocr_carea' id='block_1_9' title="bbox 562 945 2084 1045">
    <p class='ocr_par' dir='ltr' id='par_1_9' title="bbox 562 962 2058 1045">
     <span class='ocr_line' id='line_1_9' title="bbox 562 962 2058 1045; baseline -0.01 -16"><span class='ocrx_word' id='word_1_51' title='bbox 562 974 727 1028; x_wconf 84' lang='lat' dir='ltr'><strong>Tanta</strong></span> <span class='ocrx_word' id='word_1_52' title='bbox 746 975 907 1045; x_wconf 73' lang='lat' dir='ltr'><strong>igitur</strong></span> <span class='ocrx_word' id='word_1_53' title='bbox 936 974 1069 1025; x_wconf 70' lang='lat' dir='ltr'><strong>inter</strong></span> <span class='ocrx_word' id='word_1_54' title='bbox 1092 986 1175 1024; x_wconf 74' lang='lat' dir='ltr'><strong>eos</strong></span> <span class='ocrx_word' id='word_1_55' title='bbox 1201 969 1402 1023; x_wconf 69' lang='lat' dir='ltr'><strong>exstitit</strong></span> <span class='ocrx_word' id='word_1_56' title='bbox 1435 962 2058 1020; x_wconf 75' lang='lat' dir='ltr'><strong>animorumconcitatio.</strong></span> 
     </span>
    </p>
   </div>
   <div class='ocr_carea' id='block_1_10' title="bbox 2188 945 3734 1045">
    <p class='ocr_par' dir='ltr' id='par_1_10' title="bbox 2244 945 3734 1026">
     <span class='ocr_line' id='line_1_10' title="bbox 2244 945 3734 1026; baseline -0.01 -15"><span class='ocrx_word' id='word_1_57' title='bbox 2244 956 2515 1026; x_wconf 72' lang='grc' dir='ltr'>Ἐγένετο</span> <span class='ocrx_word' id='word_1_58' title='bbox 2548 950 2656 1008; x_wconf 71' lang='grc' dir='ltr'>οὖν</span> <span class='ocrx_word' id='word_1_59' title='bbox 2692 950 3104 1020; x_wconf 79' lang='grc' dir='ltr'>παροξυσμός.</span> <span class='ocrx_word' id='word_1_60' title='bbox 3129 948 3352 1014; x_wconf 72' lang='grc' dir='ltr'>Μεταξὺ</span> <span class='ocrx_word' id='word_1_61' title='bbox 3393 945 3607 999; x_wconf 78' lang='grc' dir='ltr'><strong>Παύλου</strong></span> <span class='ocrx_word' id='word_1_62' title='bbox 3640 946 3734 998; x_wconf 75' lang='grc' dir='ltr'>καὶ</span> 
     </span>
    </p>
   </div>
   <div class='ocr_carea' id='block_1_11' title="bbox 494 1037 2084 1127">
    <p class='ocr_par' dir='ltr' id='par_1_11' title="bbox 494 1037 2057 1127">
     <span class='ocr_line' id='line_1_11' title="bbox 494 1037 2057 1127; baseline -0.01 -7"><span class='ocrx_word' id='word_1_63' title='bbox 494 1068 637 1121; x_wconf 85' lang='lat' dir='ltr'><strong>l&#39;nter</strong></span> <span class='ocrx_word' id='word_1_64' title='bbox 671 1037 895 1120; x_wconf 72' lang='lat' dir='ltr'><strong>Paulum</strong></span> <span class='ocrx_word' id='word_1_65' title='bbox 926 1073 985 1118; x_wconf 81' lang='lat' dir='ltr'><strong>et</strong></span> <span class='ocrx_word' id='word_1_66' title='bbox 1014 1061 1312 1114; x_wconf 86' lang='lat' dir='ltr'><strong>Barnabam</strong></span> <span class='ocrx_word' id='word_1_67' title='bbox 1340 1067 1523 1114; x_wconf 89' lang='lat' dir='ltr'><strong>ortum</strong></span> <span class='ocrx_word' id='word_1_68' title='bbox 1552 1065 1636 1112; x_wconf 88' lang='lat' dir='ltr'><strong>est</strong></span> <span class='ocrx_word' id='word_1_69' title='bbox 1666 1055 1849 1127; x_wconf 84' lang='lat' dir='ltr'><strong>pusilli</strong></span> <span class='ocrx_word' id='word_1_70' title='bbox 1888 1054 2057 1108; x_wconf 87' lang='lat' dir='ltr'><strong>animi</strong></span> 
     </span>
    </p>
   </div>
   <div class='ocr_carea' id='block_1_12' title="bbox 2188 1037 3735 1127">
    <p class='ocr_par' dir='ltr' id='par_1_12' title="bbox 2188 1037 3735 1119">
     <span class='ocr_line' id='line_1_12' title="bbox 2188 1037 3735 1119; baseline -0.01 -16"><span class='ocrx_word' id='word_1_71' title='bbox 2188 1048 2421 1119; x_wconf 65' lang='lat' dir='ltr'><strong>lapvdﬁa</strong></span> <span class='ocrx_word' id='word_1_72' title='bbox 2458 1046 2673 1115; x_wconf 81' lang='grc' dir='ltr'>ἐγένετό</span> <span class='ocrx_word' id='word_1_73' title='bbox 2704 1061 2787 1107; x_wconf 84' lang='grc' dir='ltr'><strong>τις</strong></span> <span class='ocrx_word' id='word_1_74' title='bbox 2828 1041 3188 1114; x_wconf 74' lang='grc' dir='ltr'><strong>μικροψυχία·</strong></span> <span class='ocrx_word' id='word_1_75' title='bbox 3226 1040 3319 1097; x_wconf 66' lang='grc' dir='ltr'><strong>καὶ</strong></span> <span class='ocrx_word' id='word_1_76' title='bbox 3358 1039 3453 1092; x_wconf 78' lang='grc' dir='ltr'>τοῦ</span> <span class='ocrx_word' id='word_1_77' title='bbox 3494 1038 3593 1108; x_wconf 77' lang='grc' dir='ltr'><strong>μὲν</strong></span> <span class='ocrx_word' id='word_1_78' title='bbox 3616 1037 3735 1100; x_wconf 68' lang='grc' dir='ltr'>ἐνὸς</span> 
     </span>
    </p>
   </div>
   <div class='ocr_carea' id='block_1_13' title="bbox 492 1129 2084 1221">
    <p class='ocr_par' dir='ltr' id='par_1_13' title="bbox 492 1145 2064 1221">
     <span class='ocr_line' id='line_1_13' title="bbox 492 1145 2064 1221; baseline -0.008 -13"><span class='ocrx_word' id='word_1_79' title='bbox 492 1156 605 1210; x_wconf 81' lang='lat' dir='ltr'><strong>vitii</strong></span> <span class='ocrx_word' id='word_1_80' title='bbox 632 1153 904 1220; x_wconf 79' lang='lat' dir='ltr'><strong>nonnihil.</strong></span> <span class='ocrx_word' id='word_1_81' title='bbox 954 1153 1129 1221; x_wconf 89' lang='lat' dir='ltr'><strong>Atque</strong></span> <span class='ocrx_word' id='word_1_82' title='bbox 1162 1166 1305 1204; x_wconf 90' lang='lat' dir='ltr'><strong>unus</strong></span> <span class='ocrx_word' id='word_1_83' title='bbox 1331 1146 1840 1221; x_wconf 82' lang='lat' dir='ltr'><strong>quidemjustitiam</strong></span> <span class='ocrx_word' id='word_1_84' title='bbox 1874 1145 2064 1200; x_wconf 83' lang='lat' dir='ltr'><strong>tueba-</strong></span> 
     </span>
    </p>
   </div>
   <div class='ocr_carea' id='block_1_14' title="bbox 2188 1129 3741 1221">
    <p class='ocr_par' dir='ltr' id='par_1_14' title="bbox 2188 1129 3741 1211">
     <span class='ocr_line' id='line_1_14' title="bbox 2188 1129 3741 1211; baseline -0.007 -19"><span class='ocrx_word' id='word_1_85' title='bbox 2188 1140 2366 1211; x_wconf 79' lang='grc' dir='ltr'>ιέρους</span> <span class='ocrx_word' id='word_1_86' title='bbox 2409 1136 2761 1206; x_wconf 84' lang='grc' dir='ltr'>δικαιοσύνην</span> <span class='ocrx_word' id='word_1_87' title='bbox 2800 1135 3092 1207; x_wconf 63' lang='grc' dir='ltr'>τιμῶντος</span> <span class='ocrx_word' id='word_1_88' title='bbox 3132 1131 3229 1187; x_wconf 80' lang='grc' dir='ltr'><strong>τοῦ</strong></span> <span class='ocrx_word' id='word_1_89' title='bbox 3267 1131 3456 1199; x_wconf 81' lang='grc' dir='ltr'>ἐτέρου</span> <span class='ocrx_word' id='word_1_90' title='bbox 3486 1130 3564 1187; x_wconf 82' lang='grc' dir='ltr'><strong>δὲ.</strong></span> <span class='ocrx_word' id='word_1_91' title='bbox 3618 1129 3741 1182; x_wconf 83' lang='grc' dir='ltr'>ἀδι-</span> 
     </span>
    </p>
   </div>
   <div class='ocr_carea' id='block_1_15' title="bbox 492 1221 2084 1311">
    <p class='ocr_par' dir='ltr' id='par_1_15' title="bbox 492 1235 2064 1311">
     <span class='ocr_line' id='line_1_15' title="bbox 492 1235 2064 1311; baseline -0.008 -11"><span class='ocrx_word' id='word_1_92' title='bbox 492 1258 615 1311; x_wconf 87' lang='lat' dir='ltr'><strong>tur,</strong></span> <span class='ocrx_word' id='word_1_93' title='bbox 673 1245 813 1301; x_wconf 87' lang='lat' dir='ltr'><strong>alter</strong></span> <span class='ocrx_word' id='word_1_94' title='bbox 869 1260 998 1299; x_wconf 85' lang='lat' dir='ltr'><strong>vero</strong></span> <span class='ocrx_word' id='word_1_95' title='bbox 1056 1241 1380 1311; x_wconf 87' lang='lat' dir='ltr'><strong>injustitiam</strong></span> <span class='ocrx_word' id='word_1_96' title='bbox 1443 1237 1875 1310; x_wconf 77' lang='lat' dir='ltr'><strong>amplectebatur</strong></span> <span class='ocrx_word' id='word_1_97' title='bbox 1907 1276 1923 1301; x_wconf 93' lang='lat'><strong>,</strong></span> <span class='ocrx_word' id='word_1_98' title='bbox 1970 1235 2064 1289; x_wconf 86' lang='lat' dir='ltr'><strong>sed</strong></span> 
     </span>
    </p>
   </div>
   <div class='ocr_carea' id='block_1_16' title="bbox 2188 1221 3736 1311">
    <p class='ocr_par' dir='ltr' id='par_1_16' title="bbox 2188 1221 3736 1299">
     <span class='ocr_line' id='line_1_16' title="bbox 2188 1221 3736 1299; baseline -0.008 -14"><span class='ocrx_word' id='word_1_99' title='bbox 2188 1233 2308 1285; x_wconf 73' lang='grc' dir='ltr'>ιίανο</span> <span class='ocrx_word' id='word_1_100' title='bbox 2340 1230 2456 1285; x_wconf 81' lang='grc' dir='ltr'>ἀλλ’</span> <span class='ocrx_word' id='word_1_101' title='bbox 2490 1229 2723 1284; x_wconf 80' lang='grc' dir='ltr'><strong>ἑκάστου</strong></span> <span class='ocrx_word' id='word_1_102' title='bbox 2745 1228 2933 1295; x_wconf 87' lang='grc' dir='ltr'>σκοπῷ</span> <span class='ocrx_word' id='word_1_103' title='bbox 2959 1224 3239 1299; x_wconf 73' lang='grc' dir='ltr'>εὐσεϐείας</span> <span class='ocrx_word' id='word_1_104' title='bbox 3267 1222 3630 1285; x_wconf 71' lang='grc' dir='ltr'>δουλεύοντος.</span> <span class='ocrx_word' id='word_1_105' title='bbox 3673 1221 3736 1273; x_wconf 82' lang='grc' dir='ltr'>Ἡ</span> 
     </span>
    </p>
   </div>
   <div class='ocr_carea' id='block_1_17' title="bbox 492 1315 2084 1405">
    <p class='ocr_par' dir='ltr' id='par_1_17' title="bbox 492 1327 2062 1405">
     <span class='ocr_line' id='line_1_17' title="bbox 492 1327 2062 1405; baseline -0.007 -16"><span class='ocrx_word' id='word_1_106' title='bbox 492 1345 719 1405; x_wconf 84' lang='lat' dir='ltr'><strong>uterque</strong></span> <span class='ocrx_word' id='word_1_107' title='bbox 754 1342 932 1390; x_wconf 86' lang='lat' dir='ltr'><strong>tamen</strong></span> <span class='ocrx_word' id='word_1_108' title='bbox 990 1332 1203 1400; x_wconf 82' lang='lat' dir='ltr'><strong>pietatis</strong></span> <span class='ocrx_word' id='word_1_109' title='bbox 1237 1347 1417 1387; x_wconf 70' lang='lat' dir='ltr'><strong>causa:</strong></span> <span class='ocrx_word' id='word_1_110' title='bbox 1453 1340 1509 1385; x_wconf 87' lang='lat' dir='ltr'><strong>et</strong></span> <span class='ocrx_word' id='word_1_111' title='bbox 1541 1328 1736 1384; x_wconf 85' lang='lat' dir='ltr'><strong>rationi</strong></span> <span class='ocrx_word' id='word_1_112' title='bbox 1773 1327 2062 1397; x_wconf 80' lang='lat' dir='ltr'><strong>serviebat.</strong></span> 
     </span>
    </p>
   </div>
   <div class='ocr_carea' id='block_1_18' title="bbox 2188 1315 3740 1405">
    <p class='ocr_par' dir='ltr' id='par_1_18' title="bbox 2188 1315 3740 1405">
     <span class='ocr_line' id='line_1_18' title="bbox 2188 1315 3740 1405; baseline -0.004 -34"><span class='ocrx_word' id='word_1_113' title='bbox 2188 1322 2219 1376; x_wconf 65' lang='grc' dir='ltr'><strong>ιέ</strong></span> <span class='ocrx_word' id='word_1_114' title='bbox 2257 1322 2406 1377; x_wconf 82' lang='grc' dir='ltr'>αἰτία</span> <span class='ocrx_word' id='word_1_115' title='bbox 2450 1324 2553 1392; x_wconf 81' lang='grc' dir='ltr'><strong>τῆς</strong></span> <span class='ocrx_word' id='word_1_116' title='bbox 2602 1320 2969 1405; x_wconf 81' lang='grc' dir='ltr'>μικροψυχίας</span> <span class='ocrx_word' id='word_1_117' title='bbox 3020 1317 3171 1371; x_wconf 78' lang='grc' dir='ltr'>ἐστιν</span> <span class='ocrx_word' id='word_1_118' title='bbox 3210 1315 3370 1387; x_wconf 75' lang='grc' dir='ltr'>αὕτη·</span> <span class='ocrx_word' id='word_1_119' title='bbox 3397 1315 3623 1383; x_wconf 81' lang='grc' dir='ltr'>Μάρκος</span> <span class='ocrx_word' id='word_1_120' title='bbox 3655 1329 3740 1375; x_wconf 83' lang='grc' dir='ltr'><strong>τις</strong></span> 
     </span>
    </p>
   </div>
   <div class='ocr_carea' id='block_1_19' title="bbox 494 1402 2084 1495">
    <p class='ocr_par' dir='ltr' id='par_1_19' title="bbox 494 1402 2065 1495">
     <span class='ocr_line' id='line_1_19' title="bbox 494 1402 2065 1495; baseline -0.007 -16"><span class='ocrx_word' id='word_1_121' title='bbox 494 1402 670 1479; x_wconf 73' lang='lat' dir='ltr'><strong>Causa</strong></span> <span class='ocrx_word' id='word_1_122' title='bbox 704 1439 832 1478; x_wconf 85' lang='lat' dir='ltr'><strong>vero</strong></span> <span class='ocrx_word' id='word_1_123' title='bbox 863 1422 1043 1493; x_wconf 84' lang='lat' dir='ltr'><strong>pusilli</strong></span> <span class='ocrx_word' id='word_1_124' title='bbox 1079 1422 1220 1477; x_wconf 87' lang='lat' dir='ltr'><strong>inter</strong></span> <span class='ocrx_word' id='word_1_125' title='bbox 1250 1420 1371 1476; x_wconf 89' lang='lat' dir='ltr'><strong>illos</strong></span> <span class='ocrx_word' id='word_1_126' title='bbox 1411 1419 1577 1474; x_wconf 77' lang='lat' dir='ltr'><strong>anilni</strong></span> <span class='ocrx_word' id='word_1_127' title='bbox 1624 1419 1740 1473; x_wconf 66' lang='lat' dir='ltr'><strong>hinc</strong></span> <span class='ocrx_word' id='word_1_128' title='bbox 1764 1425 1885 1472; x_wconf 86' lang='lat' dir='ltr'><strong>est:</strong></span> <span class='ocrx_word' id='word_1_129' title='bbox 1927 1415 2065 1495; x_wconf 68' lang='lat' dir='ltr'><strong>hlar-</strong></span> 
     </span>
    </p>
   </div>
   <div class='ocr_carea' id='block_1_20' title="bbox 2188 1402 3740 1495">
    <p class='ocr_par' dir='ltr' id='par_1_20' title="bbox 2188 1402 3740 1484">
     <span class='ocr_line' id='line_1_20' title="bbox 2188 1402 3740 1484; baseline -0.007 -17"><span class='ocrx_word' id='word_1_130' title='bbox 2188 1412 2231 1484; x_wconf 57' lang='grc' dir='ltr'><strong>γν</strong></span> <span class='ocrx_word' id='word_1_131' title='bbox 2261 1411 2658 1483; x_wconf 77' lang='grc' dir='ltr'>συνοδοιπορῶν</span> <span class='ocrx_word' id='word_1_132' title='bbox 2690 1402 2874 1474; x_wconf 75' lang='grc' dir='ltr'>αὑτοίς</span> <span class='ocrx_word' id='word_1_133' title='bbox 2908 1410 2985 1472; x_wconf 84' lang='grc' dir='ltr'><strong>είς</strong></span> <span class='ocrx_word' id='word_1_134' title='bbox 3022 1408 3112 1463; x_wconf 76' lang='grc' dir='ltr'><strong>τὸν</strong></span> <span class='ocrx_word' id='word_1_135' title='bbox 3149 1406 3506 1475; x_wconf 71' lang='grc' dir='ltr'>εὐαγγελικδν</span> <span class='ocrx_word' id='word_1_136' title='bbox 3534 1405 3740 1474; x_wconf 80' lang='grc' dir='ltr'>δρόμον</span> 
     </span>
    </p>
   </div>
   <div class='ocr_carea' id='block_1_21' title="bbox 493 1494 2084 1587">
    <p class='ocr_par' dir='ltr' id='par_1_21' title="bbox 493 1494 2068 1587">
     <span class='ocr_line' id='line_1_21' title="bbox 493 1494 2068 1587; baseline -0.004 -19"><span class='ocrx_word' id='word_1_137' title='bbox 493 1533 589 1571; x_wconf 79' lang='lat' dir='ltr'><strong>eus</strong></span> <span class='ocrx_word' id='word_1_138' title='bbox 614 1517 831 1587; x_wconf 90' lang='lat' dir='ltr'><strong>quidam</strong></span> <span class='ocrx_word' id='word_1_139' title='bbox 862 1514 983 1570; x_wconf 83' lang='lat' dir='ltr'><strong>illos</strong></span> <span class='ocrx_word' id='word_1_140' title='bbox 1032 1513 1101 1569; x_wconf 83' lang='lat' dir='ltr'><strong>ad</strong></span> <span class='ocrx_word' id='word_1_141' title='bbox 1145 1512 1517 1585; x_wconf 77' lang='lat' dir='ltr'><strong>evangelicum</strong></span> <span class='ocrx_word' id='word_1_142' title='bbox 1581 1498 1801 1566; x_wconf 84' lang='lat' dir='ltr'><strong>cursum</strong></span> <span class='ocrx_word' id='word_1_143' title='bbox 1849 1494 2068 1580; x_wconf 83' lang='lat' dir='ltr'><strong>prolici-</strong></span> 
     </span>
    </p>
   </div>
   <div class='ocr_carea' id='block_1_22' title="bbox 2188 1494 3738 1587">
    <p class='ocr_par' dir='ltr' id='par_1_22' title="bbox 2188 1494 3738 1573">
     <span class='ocr_line' id='line_1_22' title="bbox 2188 1494 3738 1573; baseline -0.008 -14"><span class='ocrx_word' id='word_1_144' title='bbox 2188 1505 2274 1560; x_wconf 84' lang='grc' dir='ltr'><strong>ιπδ</strong></span> <span class='ocrx_word' id='word_1_145' title='bbox 2321 1502 2687 1571; x_wconf 77' lang='grc' dir='ltr'><strong>Παλαιστίνης</strong></span> <span class='ocrx_word' id='word_1_146' title='bbox 2730 1501 2893 1573; x_wconf 86' lang='grc' dir='ltr'>μέχρι</span> <span class='ocrx_word' id='word_1_147' title='bbox 2946 1500 3162 1571; x_wconf 82' lang='grc' dir='ltr'><strong>Πέργης</strong></span> <span class='ocrx_word' id='word_1_148' title='bbox 3231 1498 3330 1569; x_wconf 79' lang='grc' dir='ltr'><strong>τῆς</strong></span> <span class='ocrx_word' id='word_1_149' title='bbox 3389 1494 3738 1566; x_wconf 75' lang='grc' dir='ltr'><strong>Παμφυλίας.</strong></span> 
     </span>
    </p>
   </div>
   <div class='ocr_carea' id='block_1_23' title="bbox 494 1588 2084 1675">
    <p class='ocr_par' dir='ltr' id='par_1_23' title="bbox 494 1599 2065 1675">
     <span class='ocr_line' id='line_1_23' title="bbox 494 1599 2065 1675; baseline -0.005 -14"><span class='ocrx_word' id='word_1_150' title='bbox 494 1617 711 1664; x_wconf 83' lang='lat' dir='ltr'><strong>seentes</strong></span> <span class='ocrx_word' id='word_1_151' title='bbox 741 1624 804 1661; x_wconf 80' lang='lat' dir='ltr'><strong>ex</strong></span> <span class='ocrx_word' id='word_1_152' title='bbox 834 1604 1118 1661; x_wconf 70' lang='lat' dir='ltr'><strong>Palazstina</strong></span> <span class='ocrx_word' id='word_1_153' title='bbox 1144 1605 1210 1658; x_wconf 92' lang='lat' dir='ltr'><strong>ad</strong></span> <span class='ocrx_word' id='word_1_154' title='bbox 1259 1604 1484 1675; x_wconf 80' lang='lat' dir='ltr'><strong>Pergam</strong></span> <span class='ocrx_word' id='word_1_155' title='bbox 1528 1617 1699 1672; x_wconf 90' lang='lat' dir='ltr'><strong>usque</strong></span> <span class='ocrx_word' id='word_1_156' title='bbox 1730 1599 2065 1670; x_wconf 72' lang='lat' dir='ltr'><strong>Pamphylia:</strong></span> 
     </span>
    </p>
   </div>
   <div class='ocr_carea' id='block_1_24' title="bbox 2188 1588 3738 1675">
    <p class='ocr_par' dir='ltr' id='par_1_24' title="bbox 2188 1588 3738 1665">
     <span class='ocr_line' id='line_1_24' title="bbox 2188 1588 3738 1665; baseline -0.008 -14"><span class='ocrx_word' id='word_1_157' title='bbox 2188 1594 2299 1651; x_wconf 70' lang='grc' dir='ltr'>ἰῖτα</span> <span class='ocrx_word' id='word_1_158' title='bbox 2351 1590 2459 1650; x_wconf 86' lang='grc' dir='ltr'>τῶν</span> <span class='ocrx_word' id='word_1_159' title='bbox 2489 1595 2801 1651; x_wconf 85' lang='grc' dir='ltr'><strong>ἀποστόλων</strong></span> <span class='ocrx_word' id='word_1_160' title='bbox 2862 1594 3064 1665; x_wconf 79' lang='grc' dir='ltr'>εὐτόνῳ</span> <span class='ocrx_word' id='word_1_161' title='bbox 3125 1589 3482 1662; x_wconf 79' lang='grc' dir='ltr'><strong>κεχρημένων</strong></span> <span class='ocrx_word' id='word_1_162' title='bbox 3529 1588 3738 1659; x_wconf 80' lang='grc' dir='ltr'>δρόμῳ,</span> 
     </span>
    </p>
   </div>
   <div class='ocr_carea' id='block_1_25' title="bbox 498 1675 2084 1772">
    <p class='ocr_par' dir='ltr' id='par_1_25' title="bbox 498 1690 2068 1772">
     <span class='ocr_line' id='line_1_25' title="bbox 498 1690 2068 1772; baseline -0.006 -19"><span class='ocrx_word' id='word_1_163' title='bbox 498 1701 753 1772; x_wconf 80' lang='lat' dir='ltr'><strong>oppidum</strong></span> <span class='ocrx_word' id='word_1_164' title='bbox 779 1700 1068 1754; x_wconf 86' lang='lat' dir='ltr'><strong>comitatus</strong></span> <span class='ocrx_word' id='word_1_165' title='bbox 1099 1705 1232 1751; x_wconf 87' lang='lat' dir='ltr'><strong>erat.</strong></span> <span class='ocrx_word' id='word_1_166' title='bbox 1268 1695 1470 1749; x_wconf 83' lang='lat' dir='ltr'><strong>Deinde</strong></span> <span class='ocrx_word' id='word_1_167' title='bbox 1498 1709 1620 1749; x_wconf 88' lang='lat' dir='ltr'><strong>eum</strong></span> <span class='ocrx_word' id='word_1_168' title='bbox 1643 1693 1876 1763; x_wconf 83' lang='lat' dir='ltr'><strong>apostoli</strong></span> <span class='ocrx_word' id='word_1_169' title='bbox 1902 1690 2068 1745; x_wconf 73' lang='lat' dir='ltr'><strong>velte-</strong></span> 
     </span>
    </p>
   </div>
   <div class='ocr_carea' id='block_1_26' title="bbox 2188 1675 3743 1772">
    <p class='ocr_par' dir='ltr' id='par_1_26' title="bbox 2188 1675 3743 1758">
     <span class='ocr_line' id='line_1_26' title="bbox 2188 1675 3743 1758; baseline -0.009 -16"><span class='ocrx_word' id='word_1_170' title='bbox 2188 1688 2418 1758; x_wconf 77' lang='grc' dir='ltr'>Πάρκος,</span> <span class='ocrx_word' id='word_1_171' title='bbox 2447 1686 2523 1751; x_wconf 72' lang='lat' dir='ltr'><strong>rb;</strong></span> <span class='ocrx_word' id='word_1_172' title='bbox 2550 1685 2861 1758; x_wconf 77' lang='grc' dir='ltr'>ἄνθρωπος,</span> <span class='ocrx_word' id='word_1_173' title='bbox 2891 1684 3194 1755; x_wconf 79' lang='grc' dir='ltr'>ναρκήσας,</span> <span class='ocrx_word' id='word_1_174' title='bbox 3227 1678 3630 1748; x_wconf 77' lang='grc' dir='ltr'>ἀποταξόμενος</span> <span class='ocrx_word' id='word_1_175' title='bbox 3663 1675 3743 1746; x_wconf 83' lang='grc' dir='ltr'>τῷ</span> 
     </span>
    </p>
   </div>
   <div class='ocr_carea' id='block_1_27' title="bbox 498 1766 2084 1859">
    <p class='ocr_par' dir='ltr' id='par_1_27' title="bbox 498 1781 2065 1859">
     <span class='ocr_line' id='line_1_27' title="bbox 498 1781 2065 1859; baseline -0.006 -15"><span class='ocrx_word' id='word_1_176' title='bbox 498 1791 665 1845; x_wconf 77' lang='lat' dir='ltr'><strong>menti</strong></span> <span class='ocrx_word' id='word_1_177' title='bbox 713 1787 893 1845; x_wconf 89' lang='lat' dir='ltr'><strong>studio</strong></span> <span class='ocrx_word' id='word_1_178' title='bbox 948 1786 1333 1859; x_wconf 69' lang='lat' dir='ltr'><strong>diligentiaque</strong></span> <span class='ocrx_word' id='word_1_179' title='bbox 1395 1784 1445 1837; x_wconf 89' lang='lat' dir='ltr'><strong>in</strong></span> <span class='ocrx_word' id='word_1_180' title='bbox 1493 1781 1836 1838; x_wconf 79' lang='lat' dir='ltr'><strong>conﬁciendo</strong></span> <span class='ocrx_word' id='word_1_181' title='bbox 1904 1796 2065 1836; x_wconf 85' lang='lat' dir='ltr'><strong>cursu</strong></span> 
     </span>
    </p>
   </div>
   <div class='ocr_carea' id='block_1_28' title="bbox 2188 1766 3741 1859">
    <p class='ocr_par' dir='ltr' id='par_1_28' title="bbox 2188 1766 3741 1851">
     <span class='ocr_line' id='line_1_28' title="bbox 2188 1766 3741 1851; baseline -0.008 -20"><span class='ocrx_word' id='word_1_182' title='bbox 2188 1779 2355 1851; x_wconf 75' lang='grc' dir='ltr'>ἱρόμῳ</span> <span class='ocrx_word' id='word_1_183' title='bbox 2382 1777 2495 1831; x_wconf 86' lang='grc' dir='ltr'><strong>τῶν</strong></span> <span class='ocrx_word' id='word_1_184' title='bbox 2538 1775 2874 1840; x_wconf 80' lang='grc' dir='ltr'><strong>ἀποστόλων,</strong></span> <span class='ocrx_word' id='word_1_185' title='bbox 2911 1772 3253 1844; x_wconf 67' lang='grc' dir='ltr'>ὑπέστρεψεν</span> <span class='ocrx_word' id='word_1_186' title='bbox 3307 1772 3385 1834; x_wconf 84' lang='grc' dir='ltr'><strong>εἰς</strong></span> <span class='ocrx_word' id='word_1_187' title='bbox 3442 1766 3741 1822; x_wconf 82' lang='grc' dir='ltr'>Παλαιστί-</span> 
     </span>
    </p>
   </div>
   <div class='ocr_carea' id='block_1_29' title="bbox 502 1858 2084 1945">
    <p class='ocr_par' dir='ltr' id='par_1_29' title="bbox 502 1858 2062 1945">
     <span class='ocr_line' id='line_1_29' title="bbox 502 1858 2062 1945; baseline -0.005 -14"><span class='ocrx_word' id='word_1_188' title='bbox 502 1888 802 1942; x_wconf 84' lang='lat' dir='ltr'><strong>uterentur,</strong></span> <span class='ocrx_word' id='word_1_189' title='bbox 868 1858 1099 1941; x_wconf 75' lang='lat' dir='ltr'><strong>Marcus,</strong></span> <span class='ocrx_word' id='word_1_190' title='bbox 1139 1883 1328 1945; x_wconf 81' lang='lat' dir='ltr'><strong>utpote</strong></span> <span class='ocrx_word' id='word_1_191' title='bbox 1374 1873 1535 1928; x_wconf 90' lang='lat' dir='ltr'><strong>homo</strong></span> <span class='ocrx_word' id='word_1_192' title='bbox 1585 1874 1768 1944; x_wconf 80' lang='lat' dir='ltr'><strong>segnis</strong></span> <span class='ocrx_word' id='word_1_193' title='bbox 1799 1887 1861 1927; x_wconf 89' lang='lat' dir='ltr'><strong>ac</strong></span> <span class='ocrx_word' id='word_1_194' title='bbox 1895 1870 2062 1942; x_wconf 88' lang='lat' dir='ltr'><strong>piger,</strong></span> 
     </span>
    </p>
   </div>
   <div class='ocr_carea' id='block_1_30' title="bbox 2188 1858 3745 1945">
    <p class='ocr_par' dir='ltr' id='par_1_30' title="bbox 2188 1858 3745 1940">
     <span class='ocr_line' id='line_1_30' title="bbox 2188 1858 3745 1940; baseline -0.008 -17"><span class='ocrx_word' id='word_1_195' title='bbox 2188 1885 2290 1940; x_wconf 67' lang='grc' dir='ltr'>νην·</span> <span class='ocrx_word' id='word_1_196' title='bbox 2325 1869 2385 1923; x_wconf 87' lang='grc' dir='ltr'><strong>ού</strong></span> <span class='ocrx_word' id='word_1_197' title='bbox 2414 1866 2651 1938; x_wconf 73' lang='grc' dir='ltr'>Χριστὸν</span> <span class='ocrx_word' id='word_1_198' title='bbox 2690 1864 3097 1937; x_wconf 85' lang='grc' dir='ltr'>ἀρνησάμενος,</span> <span class='ocrx_word' id='word_1_199' title='bbox 3133 1860 3271 1917; x_wconf 80' lang='grc' dir='ltr'>ἀλλὰ</span> <span class='ocrx_word' id='word_1_200' title='bbox 3298 1861 3388 1915; x_wconf 71' lang='grc' dir='ltr'>τὸν</span> <span class='ocrx_word' id='word_1_201' title='bbox 3427 1859 3627 1931; x_wconf 85' lang='grc' dir='ltr'>δρόμον</span> <span class='ocrx_word' id='word_1_202' title='bbox 3651 1858 3745 1911; x_wconf 79' lang='grc' dir='ltr'><strong>τὸν</strong></span> 
     </span>
    </p>
   </div>
   <div class='ocr_carea' id='block_1_31' title="bbox 498 1929 2084 2038">
    <p class='ocr_par' dir='ltr' id='par_1_31' title="bbox 498 1962 2065 2038">
     <span class='ocr_line' id='line_1_31' title="bbox 498 1962 2065 2038; baseline -0.006 -14"><span class='ocrx_word' id='word_1_203' title='bbox 498 1970 678 2024; x_wconf 79' lang='lat' dir='ltr'><strong>cursui</strong></span> <span class='ocrx_word' id='word_1_204' title='bbox 713 1968 1077 2038; x_wconf 92' lang='lat' dir='ltr'><strong>apostolorum</strong></span> <span class='ocrx_word' id='word_1_205' title='bbox 1129 1964 1483 2031; x_wconf 76' lang='lat' dir='ltr'><strong>renuntiavit,</strong></span> <span class='ocrx_word' id='word_1_206' title='bbox 1520 1973 1576 2020; x_wconf 91' lang='lat' dir='ltr'><strong>et</strong></span> <span class='ocrx_word' id='word_1_207' title='bbox 1611 1964 1665 2018; x_wconf 88' lang='lat' dir='ltr'><strong>in</strong></span> <span class='ocrx_word' id='word_1_208' title='bbox 1724 1962 2065 2017; x_wconf 69' lang='lat' dir='ltr'><strong>Palmstinam</strong></span> 
     </span>
    </p>
   </div>
   <div class='ocr_carea' id='block_1_32' title="bbox 2188 1929 3747 2038">
    <p class='ocr_par' dir='ltr' id='par_1_32' title="bbox 2188 1929 3747 2030">
     <span class='ocr_line' id='line_1_32' title="bbox 2188 1929 3747 2030; baseline -0.006 -16"><span class='ocrx_word' id='word_1_209' title='bbox 2188 1929 2361 2025; x_wconf 71' lang='grc' dir='ltr'>τολὺν,</span> <span class='ocrx_word' id='word_1_210' title='bbox 2390 1929 2481 2023; x_wconf 38' lang='grc' dir='ltr'>ὡς.</span> <span class='ocrx_word' id='word_1_211' title='bbox 2497 1958 2692 2030; x_wconf 79' lang='grc' dir='ltr'>βαρὺν,</span> <span class='ocrx_word' id='word_1_212' title='bbox 2730 1929 3245 2028; x_wconf 73' lang='grc' dir='ltr'>παραιτησάμενος.</span> <span class='ocrx_word' id='word_1_213' title='bbox 3288 1929 3622 2021; x_wconf 72' lang='grc' dir='ltr'>Ἐπανῆλθον</span> <span class='ocrx_word' id='word_1_214' title='bbox 3651 1945 3747 2004; x_wconf 81' lang='grc' dir='ltr'><strong>οὖν</strong></span> 
     </span>
    </p>
   </div>
   <div class='ocr_carea' id='block_1_33' title="bbox 499 2044 2084 2127">
    <p class='ocr_par' dir='ltr' id='par_1_33' title="bbox 499 2053 2068 2127">
     <span class='ocr_line' id='line_1_33' title="bbox 499 2053 2068 2127; baseline -0.005 -12"><span class='ocrx_word' id='word_1_215' title='bbox 499 2078 747 2116; x_wconf 76' lang='lat' dir='ltr'><strong>reversus</strong></span> <span class='ocrx_word' id='word_1_216' title='bbox 776 2069 879 2123; x_wconf 88' lang='lat' dir='ltr'><strong>est,</strong></span> <span class='ocrx_word' id='word_1_217' title='bbox 924 2076 1031 2114; x_wconf 86' lang='lat' dir='ltr'><strong>non</strong></span> <span class='ocrx_word' id='word_1_218' title='bbox 1065 2057 1341 2113; x_wconf 81' lang='lat' dir='ltr'><strong>Christum</strong></span> <span class='ocrx_word' id='word_1_219' title='bbox 1371 2054 1665 2127; x_wconf 77' lang='lat' dir='ltr'><strong>almegans,</strong></span> <span class='ocrx_word' id='word_1_220' title='bbox 1720 2054 1814 2109; x_wconf 90' lang='lat' dir='ltr'><strong>sed</strong></span> <span class='ocrx_word' id='word_1_221' title='bbox 1850 2053 2068 2122; x_wconf 85' lang='lat' dir='ltr'><strong>longin-</strong></span> 
     </span>
    </p>
   </div>
   <div class='ocr_carea' id='block_1_34' title="bbox 2188 2044 3740 2127">
    <p class='ocr_par' dir='ltr' id='par_1_34' title="bbox 2188 2044 3740 2121">
     <span class='ocr_line' id='line_1_34' title="bbox 2188 2044 3740 2121; baseline -0.009 -14"><span class='ocrx_word' id='word_1_222' title='bbox 2188 2053 2381 2116; x_wconf 77' lang='grc' dir='ltr'>Ιαῦλος</span> <span class='ocrx_word' id='word_1_223' title='bbox 2411 2053 2507 2105; x_wconf 71' lang='grc' dir='ltr'>καὶ</span> <span class='ocrx_word' id='word_1_224' title='bbox 2528 2050 2817 2121; x_wconf 76' lang='grc' dir='ltr'>Βαρνάϐας</span> <span class='ocrx_word' id='word_1_225' title='bbox 2852 2049 3102 2119; x_wconf 78' lang='grc' dir='ltr'>καρποὺς</span> <span class='ocrx_word' id='word_1_226' title='bbox 3140 2045 3423 2108; x_wconf 75' lang='grc' dir='ltr'>εὐσεϐείας</span> <span class='ocrx_word' id='word_1_227' title='bbox 3457 2044 3740 2113; x_wconf 81' lang='grc' dir='ltr'><strong>γέμοντες,</strong></span> 
     </span>
    </p>
   </div>
   <div class='ocr_carea' id='block_1_35' title="bbox 500 2136 2084 2223">
    <p class='ocr_par' dir='ltr' id='par_1_35' title="bbox 500 2148 2070 2223">
     <span class='ocr_line' id='line_1_35' title="bbox 500 2148 2070 2223; baseline -0.004 -17"><span class='ocrx_word' id='word_1_228' title='bbox 500 2171 662 2223; x_wconf 84' lang='lat' dir='ltr'><strong>quum</strong></span> <span class='ocrx_word' id='word_1_229' title='bbox 697 2168 938 2213; x_wconf 90' lang='lat' dir='ltr'><strong>cursum,</strong></span> <span class='ocrx_word' id='word_1_230' title='bbox 970 2160 1155 2221; x_wconf 86' lang='lat' dir='ltr'><strong>utpote</strong></span> <span class='ocrx_word' id='word_1_231' title='bbox 1185 2151 1286 2205; x_wconf 91' lang='lat' dir='ltr'><strong>sibi</strong></span> <span class='ocrx_word' id='word_1_232' title='bbox 1317 2165 1560 2222; x_wconf 78' lang='lat' dir='ltr'><strong>gravem,</strong></span> <span class='ocrx_word' id='word_1_233' title='bbox 1591 2148 1877 2218; x_wconf 81' lang='lat' dir='ltr'><strong>delugicns</strong></span> <span class='ocrx_word' id='word_1_234' title='bbox 1908 2154 2070 2216; x_wconf 88' lang='lat' dir='ltr'><strong>atque</strong></span> 
     </span>
    </p>
   </div>
   <div class='ocr_carea' id='block_1_36' title="bbox 2188 2136 3744 2223">
    <p class='ocr_par' dir='ltr' id='par_1_36' title="bbox 2188 2136 3744 2213">
     <span class='ocr_line' id='line_1_36' title="bbox 2188 2136 3744 2213; baseline -0.008 -17"><span class='ocrx_word' id='word_1_235' title='bbox 2188 2146 2265 2198; x_wconf 82' lang='grc' dir='ltr'><strong>ιαί</strong></span> <span class='ocrx_word' id='word_1_236' title='bbox 2314 2142 2792 2213; x_wconf 76' lang='grc' dir='ltr'><strong>εὐαγγελιζόμενοι</strong></span> <span class='ocrx_word' id='word_1_237' title='bbox 2824 2142 2921 2211; x_wconf 77' lang='grc' dir='ltr'><strong>τὴν</strong></span> <span class='ocrx_word' id='word_1_238' title='bbox 2961 2142 3019 2194; x_wconf 84' lang='grc' dir='ltr'><strong>ἐν</strong></span> <span class='ocrx_word' id='word_1_239' title='bbox 3068 2138 3467 2211; x_wconf 83' lang='grc' dir='ltr'>Ἱεροσολύμοις</span> <span class='ocrx_word' id='word_1_240' title='bbox 3512 2136 3744 2205; x_wconf 75' lang='grc' dir='ltr'>Ἐκκλη-</span> 
     </span>
    </p>
   </div>
   <div class='ocr_carea' id='block_1_37' title="bbox 502 2229 2084 2306">
    <p class='ocr_par' dir='ltr' id='par_1_37' title="bbox 502 2238 2071 2300">
     <span class='ocr_line' id='line_1_37' title="bbox 502 2238 2071 2300; baseline -0.002 -4"><span class='ocrx_word' id='word_1_241' title='bbox 502 2261 775 2300; x_wconf 74' lang='grc' dir='ltr'>ι·‹-ςυεσιιε.</span> <span class='ocrx_word' id='word_1_242' title='bbox 808 2243 1029 2298; x_wconf 84' lang='lat' dir='ltr'><strong>Beversi</strong></span> <span class='ocrx_word' id='word_1_243' title='bbox 1058 2251 1187 2298; x_wconf 89' lang='lat' dir='ltr'><strong>sunt</strong></span> <span class='ocrx_word' id='word_1_244' title='bbox 1215 2240 1434 2296; x_wconf 82' lang='lat' dir='ltr'><strong>tandem</strong></span> <span class='ocrx_word' id='word_1_245' title='bbox 1480 2239 1684 2294; x_wconf 85' lang='lat' dir='ltr'><strong>Paulus</strong></span> <span class='ocrx_word' id='word_1_246' title='bbox 1710 2248 1766 2294; x_wconf 84' lang='lat' dir='ltr'><strong>et</strong></span> <span class='ocrx_word' id='word_1_247' title='bbox 1798 2238 2071 2293; x_wconf 84' lang='lat' dir='ltr'><strong>Barnabas</strong></span> 
     </span>
    </p>
   </div>
   <div class='ocr_carea' id='block_1_38' title="bbox 2188 2229 3748 2306">
    <p class='ocr_par' dir='ltr' id='par_1_38' title="bbox 2188 2229 3748 2306">
     <span class='ocr_line' id='line_1_38' title="bbox 2188 2229 3748 2306; baseline -0.005 -17"><span class='ocrx_word' id='word_1_248' title='bbox 2188 2237 2294 2289; x_wconf 71' lang='grc' dir='ltr'>τίαν</span> <span class='ocrx_word' id='word_1_249' title='bbox 2341 2236 2441 2306; x_wconf 84' lang='grc' dir='ltr'><strong>τὴν</strong></span> <span class='ocrx_word' id='word_1_250' title='bbox 2498 2235 2608 2288; x_wconf 85' lang='grc' dir='ltr'>τῶν</span> <span class='ocrx_word' id='word_1_251' title='bbox 2659 2232 2831 2287; x_wconf 81' lang='grc' dir='ltr'>ἐθνῶν</span> <span class='ocrx_word' id='word_1_252' title='bbox 2895 2231 3232 2303; x_wconf 77' lang='grc' dir='ltr'>ἐπιστροφὴν</span> <span class='ocrx_word' id='word_1_253' title='bbox 3283 2230 3379 2283; x_wconf 79' lang='grc' dir='ltr'>καὶ</span> <span class='ocrx_word' id='word_1_254' title='bbox 3432 2229 3748 2300; x_wconf 85' lang='grc' dir='ltr'>μετάνοιαν.</span> 
     </span>
    </p>
   </div>
   <div class='ocr_carea' id='block_1_39' title="bbox 501 2327 2071 2401">
    <p class='ocr_par' dir='ltr' id='par_1_39' title="bbox 501 2327 2071 2401">
     <span class='ocr_line' id='line_1_39' title="bbox 501 2327 2071 2401; baseline -0.003 -13"><span class='ocrx_word' id='word_1_255' title='bbox 501 2335 716 2399; x_wconf 79' lang='lat' dir='ltr'><strong>pietatis</strong></span> <span class='ocrx_word' id='word_1_256' title='bbox 746 2333 1014 2388; x_wconf 83' lang='lat' dir='ltr'><strong>fructibus</strong></span> <span class='ocrx_word' id='word_1_257' title='bbox 1045 2333 1249 2398; x_wconf 87' lang='lat' dir='ltr'><strong>onusti,</strong></span> <span class='ocrx_word' id='word_1_258' title='bbox 1299 2340 1354 2385; x_wconf 91' lang='lat' dir='ltr'><strong>et</strong></span> <span class='ocrx_word' id='word_1_259' title='bbox 1393 2329 1649 2385; x_wconf 60' lang='lat' dir='ltr'><strong>Erclesiaa</strong></span> <span class='ocrx_word' id='word_1_260' title='bbox 1678 2347 1799 2401; x_wconf 69' lang='lat' dir='ltr'><strong>quae</strong></span> <span class='ocrx_word' id='word_1_261' title='bbox 1829 2329 1883 2384; x_wconf 90' lang='lat' dir='ltr'><strong>in</strong></span> <span class='ocrx_word' id='word_1_262' title='bbox 1912 2327 2071 2385; x_wconf 81' lang='lat' dir='ltr'><strong>Jeru-</strong></span> 
     </span>
    </p>
   </div>
   <div class='ocr_carea' id='block_1_40' title="bbox 500 2423 2074 2495">
    <p class='ocr_par' dir='ltr' id='par_1_40' title="bbox 500 2423 2074 2495">
     <span class='ocr_line' id='line_1_40' title="bbox 500 2423 2074 2495; baseline -0.004 -14"><span class='ocrx_word' id='word_1_263' title='bbox 500 2428 670 2482; x_wconf 70' lang='lat' dir='ltr'><strong>salem</strong></span> <span class='ocrx_word' id='word_1_264' title='bbox 710 2434 847 2489; x_wconf 87' lang='lat' dir='ltr'><strong>erat,</strong></span> <span class='ocrx_word' id='word_1_265' title='bbox 871 2426 1263 2480; x_wconf 89' lang='lat' dir='ltr'><strong>annuntiantes</strong></span> <span class='ocrx_word' id='word_1_266' title='bbox 1289 2423 1531 2495; x_wconf 89' lang='lat' dir='ltr'><strong>gentium</strong></span> <span class='ocrx_word' id='word_1_267' title='bbox 1563 2423 1977 2478; x_wconf 85' lang='lat' dir='ltr'><strong>conversionem</strong></span> <span class='ocrx_word' id='word_1_268' title='bbox 2009 2438 2074 2476; x_wconf 86' lang='lat' dir='ltr'><strong>ac</strong></span> 
     </span>
    </p>
   </div>
   <div class='ocr_carea' id='block_1_41' title="bbox 502 2514 2075 2586">
    <p class='ocr_par' dir='ltr' id='par_1_41' title="bbox 502 2514 2075 2586">
     <span class='ocr_line' id='line_1_41' title="bbox 502 2514 2075 2586; baseline -0.004 -14"><span class='ocrx_word' id='word_1_269' title='bbox 502 2517 898 2583; x_wconf 67' lang='lat' dir='ltr'><strong>pounitentiam,</strong></span> <span class='ocrx_word' id='word_1_270' title='bbox 947 2516 1403 2586; x_wconf 86' lang='lat' dir='ltr'><strong>quemadmodum</strong></span> <span class='ocrx_word' id='word_1_271' title='bbox 1441 2514 1691 2569; x_wconf 88' lang='lat' dir='ltr'><strong>nationes</strong></span> <span class='ocrx_word' id='word_1_272' title='bbox 1712 2524 1983 2569; x_wconf 62' lang='lat' dir='ltr'><strong>extraneae</strong></span> <span class='ocrx_word' id='word_1_273' title='bbox 2016 2530 2075 2568; x_wconf 89' lang='lat' dir='ltr'><strong>sc</strong></span> 
     </span>
    </p>
   </div>
   <div class='ocr_carea' id='block_1_42' title="bbox 500 2604 2068 2675">
    <p class='ocr_par' dir='ltr' id='par_1_42' title="bbox 500 2604 2068 2675">
     <span class='ocr_line' id='line_1_42' title="bbox 500 2604 2068 2675; baseline -0.003 -14"><span class='ocrx_word' id='word_1_274' title='bbox 500 2610 565 2661; x_wconf 82' lang='lat' dir='ltr'><strong>ad</strong></span> <span class='ocrx_word' id='word_1_275' title='bbox 597 2609 765 2663; x_wconf 88' lang='lat' dir='ltr'><strong>Deum</strong></span> <span class='ocrx_word' id='word_1_276' title='bbox 799 2622 986 2662; x_wconf 88' lang='lat' dir='ltr'><strong>verum</strong></span> <span class='ocrx_word' id='word_1_277' title='bbox 1019 2605 1437 2671; x_wconf 83' lang='lat' dir='ltr'><strong>convertissem,</strong></span> <span class='ocrx_word' id='word_1_278' title='bbox 1491 2615 1544 2660; x_wconf 88' lang='lat' dir='ltr'><strong>et</strong></span> <span class='ocrx_word' id='word_1_279' title='bbox 1597 2605 1775 2675; x_wconf 88' lang='lat' dir='ltr'><strong>pravis</strong></span> <span class='ocrx_word' id='word_1_280' title='bbox 1824 2604 1937 2658; x_wconf 87' lang='lat' dir='ltr'><strong>suis</strong></span> <span class='ocrx_word' id='word_1_281' title='bbox 1985 2604 2068 2657; x_wconf 90' lang='lat' dir='ltr'><strong>in-</strong></span> 
     </span>
    </p>
   </div>
   <div class='ocr_carea' id='block_1_43' title="bbox 502 2695 2078 2771">
    <p class='ocr_par' dir='ltr' id='par_1_43' title="bbox 502 2695 2078 2771">
     <span class='ocr_line' id='line_1_43' title="bbox 502 2695 2078 2771; baseline -0.003 -18"><span class='ocrx_word' id='word_1_282' title='bbox 502 2699 705 2753; x_wconf 85' lang='lat' dir='ltr'><strong>stitutis</strong></span> <span class='ocrx_word' id='word_1_283' title='bbox 739 2699 1030 2761; x_wconf 87' lang='lat' dir='ltr'><strong>damnatis,</strong></span> <span class='ocrx_word' id='word_1_284' title='bbox 1063 2699 1334 2753; x_wconf 80' lang='lat' dir='ltr'><strong>saniorem</strong></span> <span class='ocrx_word' id='word_1_285' title='bbox 1370 2696 1675 2754; x_wconf 85' lang='lat' dir='ltr'><strong>doctrinam</strong></span> <span class='ocrx_word' id='word_1_286' title='bbox 1722 2706 1884 2766; x_wconf 86' lang='lat' dir='ltr'><strong>atque</strong></span> <span class='ocrx_word' id='word_1_287' title='bbox 1915 2695 2078 2771; x_wconf 82' lang='lat' dir='ltr'><strong>disci-</strong></span> 
     </span>
    </p>
   </div>
   <div class='ocr_carea' id='block_1_44' title="bbox 501 2788 2076 2861">
    <p class='ocr_par' dir='ltr' id='par_1_44' title="bbox 501 2788 2076 2861">
     <span class='ocr_line' id='line_1_44' title="bbox 501 2788 2076 2861; baseline -0.001 -16"><span class='ocrx_word' id='word_1_288' title='bbox 501 2792 705 2861; x_wconf 81' lang='lat' dir='ltr'><strong>plinam</strong></span> <span class='ocrx_word' id='word_1_289' title='bbox 739 2790 1002 2861; x_wconf 68' lang='lat' dir='ltr'><strong>amplexae</strong></span> <span class='ocrx_word' id='word_1_290' title='bbox 1039 2799 1243 2847; x_wconf 83' lang='lat' dir='ltr'><strong>essent.</strong></span> <span class='ocrx_word' id='word_1_291' title='bbox 1279 2789 1414 2845; x_wconf 89' lang='lat' dir='ltr'><strong>Cum</strong></span> <span class='ocrx_word' id='word_1_292' title='bbox 1445 2788 1607 2861; x_wconf 81' lang='lat' dir='ltr'><strong>igitur</strong></span> <span class='ocrx_word' id='word_1_293' title='bbox 1627 2788 1695 2843; x_wconf 90' lang='lat' dir='ltr'><strong>ab</strong></span> <span class='ocrx_word' id='word_1_294' title='bbox 1728 2789 1982 2843; x_wconf 86' lang='lat' dir='ltr'><strong>omnibus</strong></span> <span class='ocrx_word' id='word_1_295' title='bbox 2007 2788 2076 2843; x_wconf 90' lang='lat' dir='ltr'><strong>ob</strong></span> 
     </span>
    </p>
   </div>
   <div class='ocr_carea' id='block_1_45' title="bbox 503 2878 2075 2952">
    <p class='ocr_par' dir='ltr' id='par_1_45' title="bbox 503 2878 2075 2952">
     <span class='ocr_line' id='line_1_45' title="bbox 503 2878 2075 2952; baseline -0.004 -15"><span class='ocrx_word' id='word_1_296' title='bbox 503 2898 591 2937; x_wconf 87' lang='lat' dir='ltr'><strong>res</strong></span> <span class='ocrx_word' id='word_1_297' title='bbox 620 2883 760 2937; x_wconf 87' lang='lat' dir='ltr'><strong>bene</strong></span> <span class='ocrx_word' id='word_1_298' title='bbox 791 2894 969 2952; x_wconf 80' lang='lat' dir='ltr'><strong>gestas</strong></span> <span class='ocrx_word' id='word_1_299' title='bbox 1007 2881 1383 2945; x_wconf 84' lang='lat' dir='ltr'><strong>laudarentur,</strong></span> <span class='ocrx_word' id='word_1_300' title='bbox 1436 2878 1647 2934; x_wconf 83' lang='lat' dir='ltr'><strong>Marcus</strong></span> <span class='ocrx_word' id='word_1_301' title='bbox 1683 2879 1869 2935; x_wconf 85' lang='lat' dir='ltr'><strong>dolore</strong></span> <span class='ocrx_word' id='word_1_302' title='bbox 1909 2879 2075 2933; x_wconf 88' lang='lat' dir='ltr'><strong>animi</strong></span> 
     </span>
    </p>
   </div>
   <div class='ocr_carea' id='block_1_46' title="bbox 501 2971 2076 3046">
    <p class='ocr_par' dir='ltr' id='par_1_46' title="bbox 501 2971 2076 3046">
     <span class='ocr_line' id='line_1_46' title="bbox 501 2971 2076 3046; baseline -0.001 -19"><span class='ocrx_word' id='word_1_303' title='bbox 501 2975 791 3046; x_wconf 75' lang='lat' dir='ltr'><strong>perculsus</strong></span> <span class='ocrx_word' id='word_1_304' title='bbox 824 2984 911 3030; x_wconf 86' lang='lat' dir='ltr'><strong>est</strong></span> <span class='ocrx_word' id='word_1_305' title='bbox 942 2994 954 3028; x_wconf 91' lang='lat'><strong>:</strong></span> <span class='ocrx_word' id='word_1_306' title='bbox 990 2974 1281 3045; x_wconf 86' lang='lat' dir='ltr'><strong>reputabat</strong></span> <span class='ocrx_word' id='word_1_307' title='bbox 1310 2974 1457 3029; x_wconf 84' lang='lat' dir='ltr'><strong>enim</strong></span> <span class='ocrx_word' id='word_1_308' title='bbox 1492 2990 1615 3028; x_wconf 91' lang='lat' dir='ltr'><strong>eum</strong></span> <span class='ocrx_word' id='word_1_309' title='bbox 1647 2974 1829 3028; x_wconf 80' lang='lat' dir='ltr'><strong>animo</strong></span> <span class='ocrx_word' id='word_1_310' title='bbox 1853 2990 1954 3027; x_wconf 90' lang='lat' dir='ltr'><strong>suo</strong></span> <span class='ocrx_word' id='word_1_311' title='bbox 1985 2971 2076 3026; x_wconf 90' lang='lat' dir='ltr'><strong>:Si</strong></span> 
     </span>
    </p>
   </div>
   <div class='ocr_carea' id='block_1_47' title="bbox 502 3052 2078 3133">
    <p class='ocr_par' dir='ltr' id='par_1_47' title="bbox 502 3052 2078 3133">
     <span class='ocr_line' id='line_1_47' title="bbox 502 3052 2078 3133; baseline 0 -16"><span class='ocrx_word' id='word_1_312' title='bbox 502 3064 777 3133; x_wconf 89' lang='lat' dir='ltr'><strong>particeps</strong></span> <span class='ocrx_word' id='word_1_313' title='bbox 806 3072 861 3118; x_wconf 90' lang='lat' dir='ltr'><strong>et</strong></span> <span class='ocrx_word' id='word_1_314' title='bbox 895 3062 1078 3119; x_wconf 86' lang='lat' dir='ltr'><strong>socius</strong></span> <span class='ocrx_word' id='word_1_315' title='bbox 1107 3062 1330 3117; x_wconf 79' lang='lat' dir='ltr'><strong>fuissem</strong></span> <span class='ocrx_word' id='word_1_316' title='bbox 1360 3060 1641 3127; x_wconf 83' lang='lat' dir='ltr'><strong>laborum,</strong></span> <span class='ocrx_word' id='word_1_317' title='bbox 1666 3062 1840 3117; x_wconf 82' lang='lat' dir='ltr'><strong>laudis</strong></span> <span class='ocrx_word' id='word_1_318' title='bbox 1860 3052 2078 3133; x_wconf 81' lang='lat' dir='ltr'><strong>quoque</strong></span> 
     </span>
    </p>
   </div>
   <div class='ocr_carea' id='block_1_48' title="bbox 505 3151 2080 3223">
    <p class='ocr_par' dir='ltr' id='par_1_48' title="bbox 505 3151 2080 3223">
     <span class='ocr_line' id='line_1_48' title="bbox 505 3151 2080 3223; baseline 0.001 -16"><span class='ocrx_word' id='word_1_319' title='bbox 505 3153 783 3222; x_wconf 83' lang='lat' dir='ltr'><strong>particeps</strong></span> <span class='ocrx_word' id='word_1_320' title='bbox 808 3160 864 3207; x_wconf 92' lang='lat' dir='ltr'><strong>et</strong></span> <span class='ocrx_word' id='word_1_321' title='bbox 905 3152 1087 3207; x_wconf 88' lang='lat' dir='ltr'><strong>socius</strong></span> <span class='ocrx_word' id='word_1_322' title='bbox 1113 3167 1308 3207; x_wconf 87' lang='lat' dir='ltr'><strong>essem.</strong></span> <span class='ocrx_word' id='word_1_323' title='bbox 1360 3151 1639 3206; x_wconf 77' lang='lat' dir='ltr'><strong>Statuerat</strong></span> <span class='ocrx_word' id='word_1_324' title='bbox 1675 3151 1838 3223; x_wconf 85' lang='lat' dir='ltr'><strong>igitur</strong></span> <span class='ocrx_word' id='word_1_325' title='bbox 1886 3168 2080 3208; x_wconf 80' lang='lat' dir='ltr'><strong>rursus</strong></span> 
     </span>
    </p>
   </div>
   <div class='ocr_carea' id='block_1_49' title="bbox 2172 2322 3753 2405">
    <p class='ocr_par' dir='ltr' id='par_1_49' title="bbox 2172 2322 3753 2405">
     <span class='ocr_line' id='line_1_49' title="bbox 2172 2322 3753 2405; baseline -0.006 -23"><span class='ocrx_word' id='word_1_326' title='bbox 2172 2330 2397 2405; x_wconf 79' lang='grc' dir='ltr'>Πάντων</span> <span class='ocrx_word' id='word_1_327' title='bbox 2435 2324 2528 2383; x_wconf 79' lang='grc' dir='ltr'><strong>οὖν</strong></span> <span class='ocrx_word' id='word_1_328' title='bbox 2577 2325 2947 2405; x_wconf 79' lang='grc' dir='ltr'>ἐπαινούντων</span> <span class='ocrx_word' id='word_1_329' title='bbox 2977 2324 3174 2388; x_wconf 74' lang='grc' dir='ltr'>αὐτοὺς</span> <span class='ocrx_word' id='word_1_330' title='bbox 3205 2323 3254 2355; x_wconf 85' lang='grc'><strong><em>⁵⁵</em></strong></span> <span class='ocrx_word' id='word_1_331' title='bbox 3286 2322 3378 2376; x_wconf 69' lang='grc' dir='ltr'>ἐπὶ</span> <span class='ocrx_word' id='word_1_332' title='bbox 3403 2324 3514 2386; x_wconf 82' lang='grc' dir='ltr'>τοῖς</span> <span class='ocrx_word' id='word_1_333' title='bbox 3545 2336 3753 2389; x_wconf 83' lang='grc' dir='ltr'>κατορ-</span> 
     </span>
    </p>
   </div>
   <div class='ocr_carea' id='block_1_50' title="bbox 2175 2414 3750 2494">
    <p class='ocr_par' dir='ltr' id='par_1_50' title="bbox 2175 2414 3750 2494">
     <span class='ocr_line' id='line_1_50' title="bbox 2175 2414 3750 2494; baseline -0.009 -16"><span class='ocrx_word' id='word_1_334' title='bbox 2175 2424 2443 2494; x_wconf 83' lang='grc' dir='ltr'>θώμασιν,</span> <span class='ocrx_word' id='word_1_335' title='bbox 2483 2423 2512 2474; x_wconf 88' lang='grc' dir='ltr'><strong>ό</strong></span> <span class='ocrx_word' id='word_1_336' title='bbox 2545 2421 2773 2493; x_wconf 86' lang='grc' dir='ltr'>Μάρκος</span> <span class='ocrx_word' id='word_1_337' title='bbox 2804 2418 3093 2488; x_wconf 60' lang='grc' dir='ltr'>λυπηθεὶς,</span> <span class='ocrx_word' id='word_1_338' title='bbox 3145 2416 3358 2486; x_wconf 83' lang='grc' dir='ltr'>ἐπλήγη</span> <span class='ocrx_word' id='word_1_339' title='bbox 3400 2414 3499 2487; x_wconf 81' lang='grc' dir='ltr'><strong>τὴν</strong></span> <span class='ocrx_word' id='word_1_340' title='bbox 3543 2414 3750 2483; x_wconf 71' lang='grc' dir='ltr'>ψυχήν·</span> 
     </span>
    </p>
   </div>
   <div class='ocr_carea' id='block_1_51' title="bbox 2180 2506 3755 2587">
    <p class='ocr_par' dir='ltr' id='par_1_51' title="bbox 2180 2506 3755 2587">
     <span class='ocr_line' id='line_1_51' title="bbox 2180 2506 3755 2587; baseline -0.008 -18"><span class='ocrx_word' id='word_1_341' title='bbox 2180 2517 2430 2587; x_wconf 77' lang='grc' dir='ltr'>ἐνενόησε</span> <span class='ocrx_word' id='word_1_342' title='bbox 2468 2514 2611 2585; x_wconf 77' lang='grc' dir='ltr'>γὰρ,</span> <span class='ocrx_word' id='word_1_343' title='bbox 2641 2514 2725 2568; x_wconf 83' lang='grc' dir='ltr'>ὅτι</span> <span class='ocrx_word' id='word_1_344' title='bbox 2777 2515 2826 2567; x_wconf 83' lang='grc' dir='ltr'>εἰ</span> <span class='ocrx_word' id='word_1_345' title='bbox 2865 2513 3013 2584; x_wconf 75' lang='grc' dir='ltr'>ήμην</span> <span class='ocrx_word' id='word_1_346' title='bbox 3070 2508 3326 2572; x_wconf 78' lang='grc' dir='ltr'>κοινωνὸς</span> <span class='ocrx_word' id='word_1_347' title='bbox 3382 2507 3490 2562; x_wconf 82' lang='grc' dir='ltr'><strong>τῶν</strong></span> <span class='ocrx_word' id='word_1_348' title='bbox 3525 2506 3707 2560; x_wconf 81' lang='grc' dir='ltr'>πόνων</span> <span class='ocrx_word' id='word_1_349' title='bbox 3735 2545 3755 2571; x_wconf 91' lang='grc'><strong>,</strong></span> 
     </span>
    </p>
   </div>
   <div class='ocr_carea' id='block_1_52' title="bbox 2179 2598 3759 2681">
    <p class='ocr_par' dir='ltr' id='par_1_52' title="bbox 2179 2598 3759 2681">
     <span class='ocr_line' id='line_1_52' title="bbox 2179 2598 3759 2681; baseline -0.009 -19"><span class='ocrx_word' id='word_1_350' title='bbox 2179 2610 2452 2681; x_wconf 77' lang='grc' dir='ltr'>ἐγενόμην</span> <span class='ocrx_word' id='word_1_351' title='bbox 2485 2606 2551 2661; x_wconf 83' lang='grc' dir='ltr'>ἂν</span> <span class='ocrx_word' id='word_1_352' title='bbox 2588 2605 2818 2661; x_wconf 74' lang='grc' dir='ltr'>καὶτῶν</span> <span class='ocrx_word' id='word_1_353' title='bbox 2867 2605 3106 2659; x_wconf 81' lang='grc' dir='ltr'>ἐπαίνων</span> <span class='ocrx_word' id='word_1_354' title='bbox 3133 2602 3415 2665; x_wconf 78' lang='grc' dir='ltr'>κοινωνός.</span> <span class='ocrx_word' id='word_1_355' title='bbox 3464 2598 3759 2653; x_wconf 66' lang='grc' dir='ltr'>Ἐϐουλειῖ·</span> 
     </span>
    </p>
   </div>
   <div class='ocr_carea' id='block_1_53' title="bbox 2179 2689 3758 2775">
    <p class='ocr_par' dir='ltr' id='par_1_53' title="bbox 2179 2689 3758 2773">
     <span class='ocr_line' id='line_1_53' title="bbox 2179 2689 3758 2773; baseline -0.009 -16"><span class='ocrx_word' id='word_1_356' title='bbox 2179 2719 2308 2757; x_wconf 82' lang='grc' dir='ltr'>σατο</span> <span class='ocrx_word' id='word_1_357' title='bbox 2333 2697 2428 2756; x_wconf 76' lang='grc' dir='ltr'>οὖν</span> <span class='ocrx_word' id='word_1_358' title='bbox 2460 2690 2623 2753; x_wconf 74' lang='grc' dir='ltr'>πάλιν</span> <span class='ocrx_word' id='word_1_359' title='bbox 2672 2699 2857 2759; x_wconf 83' lang='grc' dir='ltr'>αὐτοῖς</span> <span class='ocrx_word' id='word_1_360' title='bbox 2897 2694 3320 2773; x_wconf 70' lang='grc' dir='ltr'>συνδραμεῖν,’0</span> <span class='ocrx_word' id='word_1_361' title='bbox 3348 2692 3439 2747; x_wconf 76' lang='grc' dir='ltr'><strong>οὖν</strong></span> <span class='ocrx_word' id='word_1_362' title='bbox 3469 2689 3758 2763; x_wconf 76' lang='grc' dir='ltr'>Βαρνάϐας</span> 
     </span>
    </p>
   </div>
   <div class='ocr_carea' id='block_1_54' title="bbox 2184 2778 3760 2859">
    <p class='ocr_par' dir='ltr' id='par_1_54' title="bbox 2184 2778 3760 2859">
     <span class='ocr_line' id='line_1_54' title="bbox 2184 2778 3760 2859; baseline -0.005 -17"><span class='ocrx_word' id='word_1_363' title='bbox 2184 2784 2597 2859; x_wconf 79' lang='grc' dir='ltr'>μετανοήσαντα</span> <span class='ocrx_word' id='word_1_364' title='bbox 2622 2786 2786 2849; x_wconf 71' lang='grc' dir='ltr'>αὑτὸν</span> <span class='ocrx_word' id='word_1_365' title='bbox 2816 2784 3057 2851; x_wconf 77' lang='grc' dir='ltr'>ἐδέξατο·</span> <span class='ocrx_word' id='word_1_366' title='bbox 3088 2786 3115 2837; x_wconf 80' lang='grc' dir='ltr'>ὀ</span> <span class='ocrx_word' id='word_1_367' title='bbox 3146 2785 3203 2838; x_wconf 80' lang='grc' dir='ltr'>δὲ</span> <span class='ocrx_word' id='word_1_368' title='bbox 3232 2782 3445 2845; x_wconf 81' lang='grc' dir='ltr'>Παῦλος</span> <span class='ocrx_word' id='word_1_369' title='bbox 3490 2778 3760 2851; x_wconf 81' lang='grc' dir='ltr'>ἐφιλονεί-</span> 
     </span>
    </p>
   </div>
   <div class='ocr_carea' id='block_1_55' title="bbox 2180 2872 3761 2949">
    <p class='ocr_par' dir='ltr' id='par_1_55' title="bbox 2180 2872 3761 2949">
     <span class='ocr_line' id='line_1_55' title="bbox 2180 2872 3761 2949; baseline -0.006 -15"><span class='ocrx_word' id='word_1_370' title='bbox 2180 2901 2285 2945; x_wconf 85' lang='grc' dir='ltr'>κει,</span> <span class='ocrx_word' id='word_1_371' title='bbox 2308 2880 2398 2933; x_wconf 82' lang='grc' dir='ltr'><strong>τὸν</strong></span> <span class='ocrx_word' id='word_1_372' title='bbox 2438 2880 2512 2949; x_wconf 74' lang='grc' dir='ltr'>μὴ</span> <span class='ocrx_word' id='word_1_373' title='bbox 2563 2876 2893 2932; x_wconf 80' lang='grc' dir='ltr'>συνελθόντα</span> <span class='ocrx_word' id='word_1_374' title='bbox 2918 2877 3098 2939; x_wconf 73' lang='grc' dir='ltr'>αὐτοῖς</span> <span class='ocrx_word' id='word_1_375' title='bbox 3130 2874 3191 2929; x_wconf 72' lang='grc' dir='ltr'>τὸ</span> <span class='ocrx_word' id='word_1_376' title='bbox 3224 2875 3302 2938; x_wconf 88' lang='grc' dir='ltr'><strong>είς</strong></span> <span class='ocrx_word' id='word_1_377' title='bbox 3341 2875 3401 2927; x_wconf 69' lang='grc' dir='ltr'><strong>τὸ</strong></span> <span class='ocrx_word' id='word_1_378' title='bbox 3433 2872 3593 2945; x_wconf 63' lang='grc' dir='ltr'>ἔργον</span> <span class='ocrx_word' id='word_1_379' title='bbox 3633 2872 3761 2924; x_wconf 77' lang='lat' dir='ltr'><strong>Ku-</strong></span> 
     </span>
    </p>
   </div>
   <div class='ocr_carea' id='block_1_56' title="bbox 2182 2958 3761 3042">
    <p class='ocr_par' dir='ltr' id='par_1_56' title="bbox 2182 2958 3761 3042">
     <span class='ocr_line' id='line_1_56' title="bbox 2182 2958 3761 3042; baseline -0.006 -16"><span class='ocrx_word' id='word_1_380' title='bbox 2182 2975 2297 3042; x_wconf 81' lang='grc' dir='ltr'>ρίου</span> <span class='ocrx_word' id='word_1_381' title='bbox 2335 2974 2394 3027; x_wconf 80' lang='grc' dir='ltr'><strong>ού</strong></span> <span class='ocrx_word' id='word_1_382' title='bbox 2428 2972 2537 3026; x_wconf 75' lang='grc' dir='ltr'>δεῖν</span> <span class='ocrx_word' id='word_1_383' title='bbox 2565 2972 2610 3004; x_wconf 76' lang='grc'><strong><em>⁵⁵</em></strong></span> <span class='ocrx_word' id='word_1_384' title='bbox 2642 2958 3231 3039; x_wconf 68' lang='grc' dir='ltr'>συμπαραλαμϐάνειν.</span> <span class='ocrx_word' id='word_1_385' title='bbox 3251 2962 3359 3021; x_wconf 84' lang='grc' dir='ltr'>Ἦν</span> <span class='ocrx_word' id='word_1_386' title='bbox 3386 2965 3477 3019; x_wconf 68' lang='grc' dir='ltr'><strong>οὖν</strong></span> <span class='ocrx_word' id='word_1_387' title='bbox 3504 2967 3536 3036; x_wconf 81' lang='grc' dir='ltr'><strong>ἡ</strong></span> <span class='ocrx_word' id='word_1_388' title='bbox 3564 2964 3761 3027; x_wconf 81' lang='grc' dir='ltr'>στάσις</span> 
     </span>
    </p>
   </div>
   <div class='ocr_carea' id='block_1_57' title="bbox 2179 3042 3765 3131">
    <p class='ocr_par' dir='ltr' id='par_1_57' title="bbox 2179 3042 3765 3131">
     <span class='ocr_line' id='line_1_57' title="bbox 2179 3042 3765 3131; baseline -0.004 -14"><span class='ocrx_word' id='word_1_389' title='bbox 2179 3067 2278 3117; x_wconf 72' lang='grc' dir='ltr'>οὐκ</span> <span class='ocrx_word' id='word_1_390' title='bbox 2309 3064 2548 3125; x_wconf 79' lang='grc' dir='ltr'>ἀδικίας,</span> <span class='ocrx_word' id='word_1_391' title='bbox 2579 3042 2713 3116; x_wconf 83' lang='grc' dir='ltr'><strong>ἀλλά</strong></span> <span class='ocrx_word' id='word_1_392' title='bbox 2745 3042 3099 3131; x_wconf 78' lang='grc' dir='ltr'>δικαιοσύνης</span> <span class='ocrx_word' id='word_1_393' title='bbox 3133 3061 3228 3115; x_wconf 72' lang='grc' dir='ltr'>καὶ</span> <span class='ocrx_word' id='word_1_394' title='bbox 3263 3057 3648 3131; x_wconf 66' lang='grc' dir='ltr'>μικροψυχίας.</span> <span class='ocrx_word' id='word_1_395' title='bbox 3694 3057 3765 3110; x_wconf 88' lang='grc'><strong>’0</strong></span> 
     </span>
    </p>
   </div>
   <div class='ocr_carea' id='block_1_58' title="bbox 2182 3138 3762 3231">
    <p class='ocr_par' dir='ltr' id='par_1_58' title="bbox 2182 3138 3762 3231">
     <span class='ocr_line' id='line_1_58' title="bbox 2182 3138 3762 3231; baseline -0.006 -22"><span class='ocrx_word' id='word_1_396' title='bbox 2182 3155 2394 3219; x_wconf 76' lang='grc' dir='ltr'>Παῦλος</span> <span class='ocrx_word' id='word_1_397' title='bbox 2425 3138 2607 3225; x_wconf 79' lang='grc' dir='ltr'>ἐζήτει</span> <span class='ocrx_word' id='word_1_398' title='bbox 2638 3153 2699 3209; x_wconf 83' lang='grc' dir='ltr'><strong>τὸ</strong></span> <span class='ocrx_word' id='word_1_399' title='bbox 2731 3154 2959 3208; x_wconf 79' lang='grc' dir='ltr'>δίκαιον·</span> <span class='ocrx_word' id='word_1_400' title='bbox 2986 3151 3339 3223; x_wconf 73' lang='grc' dir='ltr'>όΒκρνάϐας,</span> <span class='ocrx_word' id='word_1_401' title='bbox 3374 3150 3434 3203; x_wconf 78' lang='grc' dir='ltr'>τὸ</span> <span class='ocrx_word' id='word_1_402' title='bbox 3452 3148 3762 3231; x_wconf 67' lang='grc' dir='ltr'>φιλάνθρω-</span> 
     </span>
    </p>
   </div>
   <div class='ocr_carea' id='block_1_59' title="bbox 506 3236 2084 3326">
    <p class='ocr_par' dir='ltr' id='par_1_59' title="bbox 506 3236 2080 3299">
     <span class='ocr_line' id='line_1_59' title="bbox 506 3236 2080 3299; baseline 0.001 -1"><span class='ocrx_word' id='word_1_403' title='bbox 506 3244 722 3298; x_wconf 76' lang='lat' dir='ltr'><strong>illorum</strong></span> <span class='ocrx_word' id='word_1_404' title='bbox 778 3258 972 3297; x_wconf 81' lang='lat' dir='ltr'><strong>cursus</strong></span> <span class='ocrx_word' id='word_1_405' title='bbox 1007 3236 1194 3298; x_wconf 78' lang='lat' dir='ltr'><strong>cernes</strong></span> <span class='ocrx_word' id='word_1_406' title='bbox 1227 3250 1280 3297; x_wconf 85' lang='lat' dir='ltr'><strong>et</strong></span> <span class='ocrx_word' id='word_1_407' title='bbox 1309 3247 1492 3298; x_wconf 89' lang='lat' dir='ltr'><strong>socius</strong></span> <span class='ocrx_word' id='word_1_408' title='bbox 1527 3259 1666 3298; x_wconf 69' lang='lat' dir='ltr'><strong>esse.</strong></span> <span class='ocrx_word' id='word_1_409' title='bbox 1701 3242 1777 3298; x_wconf 83' lang='lat' dir='ltr'><strong>Ac</strong></span> <span class='ocrx_word' id='word_1_410' title='bbox 1809 3244 2080 3299; x_wconf 85' lang='lat' dir='ltr'><strong>Barnabas</strong></span> 
     </span>
    </p>
   </div>
   <div class='ocr_carea' id='block_1_60' title="bbox 2188 3236 3766 3326">
    <p class='ocr_par' dir='ltr' id='par_1_60' title="bbox 2188 3240 3766 3316">
     <span class='ocr_line' id='line_1_60' title="bbox 2188 3240 3766 3316; baseline -0.004 -18"><span class='ocrx_word' id='word_1_411' title='bbox 2188 3264 2303 3298; x_wconf 88' lang='grc' dir='ltr'>πον.</span> <span class='ocrx_word' id='word_1_412' title='bbox 2363 3247 2441 3316; x_wconf 82' lang='grc' dir='ltr'><strong>Τῇ</strong></span> <span class='ocrx_word' id='word_1_413' title='bbox 2495 3243 2688 3316; x_wconf 81' lang='grc' dir='ltr'>γνώμῃ</span> <span class='ocrx_word' id='word_1_414' title='bbox 2727 3244 2820 3298; x_wconf 77' lang='grc' dir='ltr'><strong>οὖν</strong></span> <span class='ocrx_word' id='word_1_415' title='bbox 2860 3242 3267 3309; x_wconf 77' lang='grc' dir='ltr'>στασιάζοντες,</span> <span class='ocrx_word' id='word_1_416' title='bbox 3302 3240 3641 3310; x_wconf 78' lang='grc' dir='ltr'>συνεφώνουν</span> <span class='ocrx_word' id='word_1_417' title='bbox 3690 3243 3766 3310; x_wconf 75' lang='grc' dir='ltr'>τῇ</span> 
     </span>
    </p>
   </div>
   <div class='ocr_carea' id='block_1_61' title="bbox 506 3332 2076 3404">
    <p class='ocr_par' dir='ltr' id='par_1_61' title="bbox 506 3332 2076 3404">
     <span class='ocr_line' id='line_1_61' title="bbox 506 3332 2076 3404; baseline 0 -15"><span class='ocrx_word' id='word_1_418' title='bbox 506 3336 725 3404; x_wconf 85' lang='lat' dir='ltr'><strong>quidem</strong></span> <span class='ocrx_word' id='word_1_419' title='bbox 751 3335 900 3389; x_wconf 92' lang='lat' dir='ltr'><strong>illum</strong></span> <span class='ocrx_word' id='word_1_420' title='bbox 933 3332 999 3389; x_wconf 90' lang='lat' dir='ltr'><strong>ad</strong></span> <span class='ocrx_word' id='word_1_421' title='bbox 1024 3334 1311 3389; x_wconf 88' lang='lat' dir='ltr'><strong>sanitatem</strong></span> <span class='ocrx_word' id='word_1_422' title='bbox 1347 3351 1625 3389; x_wconf 81' lang='lat' dir='ltr'><strong>reversum</strong></span> <span class='ocrx_word' id='word_1_423' title='bbox 1659 3337 1912 3390; x_wconf 87' lang='lat' dir='ltr'><strong>comitem</strong></span> <span class='ocrx_word' id='word_1_424' title='bbox 1941 3335 2076 3390; x_wconf 82' lang='lat' dir='ltr'><strong>rcci-</strong></span> 
     </span>
    </p>
   </div>
   <div class='ocr_carea' id='block_1_62' title="bbox 509 3414 2079 3496">
    <p class='ocr_par' dir='ltr' id='par_1_62' title="bbox 509 3414 2079 3496">
     <span class='ocr_line' id='line_1_62' title="bbox 509 3414 2079 3496; baseline 0 -19"><span class='ocrx_word' id='word_1_425' title='bbox 509 3442 639 3496; x_wconf 76' lang='lat' dir='ltr'><strong>pere</strong></span> <span class='ocrx_word' id='word_1_426' title='bbox 670 3424 925 3478; x_wconf 87' lang='lat' dir='ltr'><strong>volebat:</strong></span> <span class='ocrx_word' id='word_1_427' title='bbox 964 3422 1165 3477; x_wconf 86' lang='lat' dir='ltr'><strong>Paulus</strong></span> <span class='ocrx_word' id='word_1_428' title='bbox 1212 3414 1343 3479; x_wconf 83' lang='lat' dir='ltr'><strong>vero</strong></span> <span class='ocrx_word' id='word_1_429' title='bbox 1387 3422 1783 3488; x_wconf 72' lang='lat' dir='ltr'><strong>contendebat,</strong></span> <span class='ocrx_word' id='word_1_430' title='bbox 1827 3442 1951 3481; x_wconf 90' lang='lat' dir='ltr'><strong>eum</strong></span> <span class='ocrx_word' id='word_1_431' title='bbox 1988 3426 2079 3495; x_wconf 90' lang='lat' dir='ltr'><strong>qui</strong></span> 
     </span>
    </p>
   </div>
   <div class='ocr_carea' id='block_1_63' title="bbox 511 3502 2084 3586">
    <p class='ocr_par' dir='ltr' id='par_1_63' title="bbox 511 3502 2084 3586">
     <span class='ocr_line' id='line_1_63' title="bbox 511 3502 2084 3586; baseline 0 -17"><span class='ocrx_word' id='word_1_432' title='bbox 511 3531 618 3570; x_wconf 88' lang='lat' dir='ltr'><strong>una</strong></span> <span class='ocrx_word' id='word_1_433' title='bbox 653 3530 837 3571; x_wconf 87' lang='lat' dir='ltr'><strong>secum</strong></span> <span class='ocrx_word' id='word_1_434' title='bbox 852 3514 916 3569; x_wconf 88' lang='lat' dir='ltr'><strong>ad</strong></span> <span class='ocrx_word' id='word_1_435' title='bbox 938 3502 1302 3586; x_wconf 80' lang='lat' dir='ltr'><strong>opusDomini</strong></span> <span class='ocrx_word' id='word_1_436' title='bbox 1325 3515 1601 3585; x_wconf 81' lang='lat' dir='ltr'><strong>profectus</strong></span> <span class='ocrx_word' id='word_1_437' title='bbox 1642 3533 1747 3571; x_wconf 91' lang='lat' dir='ltr'><strong>non</strong></span> <span class='ocrx_word' id='word_1_438' title='bbox 1768 3528 1931 3583; x_wconf 87' lang='lat' dir='ltr'><strong>esset,</strong></span> <span class='ocrx_word' id='word_1_439' title='bbox 1964 3533 2084 3571; x_wconf 85' lang='lat' dir='ltr'><strong>rur-</strong></span> 
     </span>
    </p>
   </div>
   <div class='ocr_carea' id='block_1_64' title="bbox 512 3593 2088 3679">
    <p class='ocr_par' dir='ltr' id='par_1_64' title="bbox 512 3593 2088 3679">
     <span class='ocr_line' id='line_1_64' title="bbox 512 3593 2088 3679; baseline 0.003 -21"><span class='ocrx_word' id='word_1_440' title='bbox 512 3622 605 3661; x_wconf 72' lang='grc' dir='ltr'>-ιιε</span> <span class='ocrx_word' id='word_1_441' title='bbox 623 3593 783 3678; x_wconf 69' lang='grc'><strong>124</strong></span> <span class='ocrx_word' id='word_1_442' title='bbox 800 3621 905 3659; x_wconf 90' lang='lat' dir='ltr'><strong>non</strong></span> <span class='ocrx_word' id='word_1_443' title='bbox 932 3621 1051 3660; x_wconf 91' lang='lat' dir='ltr'><strong>esse</strong></span> <span class='ocrx_word' id='word_1_444' title='bbox 1073 3607 1326 3661; x_wconf 87' lang='lat' dir='ltr'><strong>comitem</strong></span> <span class='ocrx_word' id='word_1_445' title='bbox 1355 3606 1780 3679; x_wconf 83' lang='lat' dir='ltr'><strong>adjungendum.</strong></span> <span class='ocrx_word' id='word_1_446' title='bbox 1812 3608 2088 3663; x_wconf 79' lang='lat' dir='ltr'><strong>Dissensio</strong></span> 
     </span>
    </p>
   </div>
   <div class='ocr_carea' id='block_1_65' title="bbox 512 3692 2083 3770">
    <p class='ocr_par' dir='ltr' id='par_1_65' title="bbox 512 3692 2083 3770">
     <span class='ocr_line' id='line_1_65' title="bbox 512 3692 2083 3770; baseline 0 -17"><span class='ocrx_word' id='word_1_447' title='bbox 512 3699 677 3769; x_wconf 87' lang='lat' dir='ltr'><strong>igitur</strong></span> <span class='ocrx_word' id='word_1_448' title='bbox 708 3708 826 3752; x_wconf 83' lang='lat' dir='ltr'><strong>erat</strong></span> <span class='ocrx_word' id='word_1_449' title='bbox 873 3713 981 3753; x_wconf 86' lang='lat' dir='ltr'><strong>non</strong></span> <span class='ocrx_word' id='word_1_450' title='bbox 1022 3697 1247 3769; x_wconf 78' lang='lat' dir='ltr'><strong>injuste,</strong></span> <span class='ocrx_word' id='word_1_451' title='bbox 1285 3698 1547 3769; x_wconf 86' lang='lat' dir='ltr'><strong>sedjusta</strong></span> <span class='ocrx_word' id='word_1_452' title='bbox 1581 3709 1636 3755; x_wconf 87' lang='lat' dir='ltr'><strong>et</strong></span> <span class='ocrx_word' id='word_1_453' title='bbox 1668 3699 1735 3753; x_wconf 84' lang='lat' dir='ltr'><strong>ab</strong></span> <span class='ocrx_word' id='word_1_454' title='bbox 1768 3700 1950 3753; x_wconf 88' lang='lat' dir='ltr'><strong>animo</strong></span> <span class='ocrx_word' id='word_1_455' title='bbox 1982 3692 2083 3770; x_wconf 82' lang='lat' dir='ltr'><strong>pu-</strong></span> 
     </span>
    </p>
   </div>
   <div class='ocr_carea' id='block_1_66' title="bbox 511 3778 2085 3863">
    <p class='ocr_par' dir='ltr' id='par_1_66' title="bbox 511 3778 2085 3863">
     <span class='ocr_line' id='line_1_66' title="bbox 511 3778 2085 3863; baseline 0.001 -18"><span class='ocrx_word' id='word_1_456' title='bbox 511 3791 631 3845; x_wconf 87' lang='lat' dir='ltr'><strong>sillo</strong></span> <span class='ocrx_word' id='word_1_457' title='bbox 660 3782 922 3861; x_wconf 80' lang='lat' dir='ltr'><strong>profecta.</strong></span> <span class='ocrx_word' id='word_1_458' title='bbox 979 3778 1179 3845; x_wconf 85' lang='lat' dir='ltr'><strong>Paulus</strong></span> <span class='ocrx_word' id='word_1_459' title='bbox 1220 3791 1291 3856; x_wconf 89' lang='lat' dir='ltr'><strong>id,</strong></span> <span class='ocrx_word' id='word_1_460' title='bbox 1335 3791 1478 3862; x_wconf 87' lang='lat' dir='ltr'><strong>quod</strong></span> <span class='ocrx_word' id='word_1_461' title='bbox 1528 3791 1735 3863; x_wconf 85' lang='lat' dir='ltr'><strong>justum</strong></span> <span class='ocrx_word' id='word_1_462' title='bbox 1772 3801 1918 3847; x_wconf 87' lang='lat' dir='ltr'><strong>esset</strong></span> <span class='ocrx_word' id='word_1_463' title='bbox 1968 3792 2085 3846; x_wconf 85' lang='lat' dir='ltr'><strong>lieri</strong></span> 
     </span>
    </p>
   </div>
   <div class='ocr_carea' id='block_1_67' title="bbox 511 3880 2089 3953">
    <p class='ocr_par' dir='ltr' id='par_1_67' title="bbox 511 3880 2089 3953">
     <span class='ocr_line' id='line_1_67' title="bbox 511 3880 2089 3953; baseline 0.003 -20"><span class='ocrx_word' id='word_1_464' title='bbox 511 3883 763 3938; x_wconf 69' lang='lat' dir='ltr'><strong>volebat:</strong></span> <span class='ocrx_word' id='word_1_465' title='bbox 797 3880 1072 3938; x_wconf 85' lang='lat' dir='ltr'><strong>Barnabas</strong></span> <span class='ocrx_word' id='word_1_466' title='bbox 1105 3880 1499 3937; x_wconf 79' lang='lat' dir='ltr'><strong>humanitatem</strong></span> <span class='ocrx_word' id='word_1_467' title='bbox 1525 3880 1825 3953; x_wconf 83' lang='lat' dir='ltr'><strong>spectabat.</strong></span> <span class='ocrx_word' id='word_1_468' title='bbox 1854 3884 2089 3938; x_wconf 85' lang='lat' dir='ltr'><strong>Senten-</strong></span> 
     </span>
    </p>
   </div>
   <div class='ocr_carea' id='block_1_68' title="bbox 516 3975 2087 4050">
    <p class='ocr_par' dir='ltr' id='par_1_68' title="bbox 516 3975 2087 4050">
     <span class='ocr_line' id='line_1_68' title="bbox 516 3975 2087 4050; baseline -0.002 -19"><span class='ocrx_word' id='word_1_469' title='bbox 516 3978 587 4032; x_wconf 87' lang='lat' dir='ltr'><strong>tia</strong></span> <span class='ocrx_word' id='word_1_470' title='bbox 626 3977 789 4050; x_wconf 81' lang='lat' dir='ltr'><strong>igitur</strong></span> <span class='ocrx_word' id='word_1_471' title='bbox 818 3976 1167 4040; x_wconf 88' lang='lat' dir='ltr'><strong>dissidentes,</strong></span> <span class='ocrx_word' id='word_1_472' title='bbox 1234 3976 1435 4049; x_wconf 84' lang='lat' dir='ltr'><strong>pietate</strong></span> <span class='ocrx_word' id='word_1_473' title='bbox 1486 3975 1629 4030; x_wconf 90' lang='lat' dir='ltr'><strong>inter</strong></span> <span class='ocrx_word' id='word_1_474' title='bbox 1679 3990 1738 4031; x_wconf 86' lang='lat' dir='ltr'><strong>se</strong></span> <span class='ocrx_word' id='word_1_475' title='bbox 1791 3976 2087 4031; x_wconf 84' lang='lat' dir='ltr'><strong>concorda-</strong></span> 
     </span>
    </p>
   </div>
   <div class='ocr_carea' id='block_1_69' title="bbox 2183 3330 3764 3407">
    <p class='ocr_par' dir='ltr' id='par_1_69' title="bbox 2183 3330 3764 3407">
     <span class='ocr_line' id='line_1_69' title="bbox 2183 3330 3764 3407; baseline -0.004 -17"><span class='ocrx_word' id='word_1_476' title='bbox 2183 3336 2435 3407; x_wconf 74' lang='grc' dir='ltr'>ευσεόείᾳ</span> <span class='ocrx_word' id='word_1_477' title='bbox 2457 3353 2471 3368; x_wconf 85' lang='grc'><strong>·</strong></span> <span class='ocrx_word' id='word_1_478' title='bbox 2514 3336 2608 3391; x_wconf 75' lang='grc' dir='ltr'><strong>καὶ</strong></span> <span class='ocrx_word' id='word_1_479' title='bbox 2655 3336 2949 3406; x_wconf 82' lang='grc' dir='ltr'>διέστησαν</span> <span class='ocrx_word' id='word_1_480' title='bbox 2980 3334 3042 3389; x_wconf 84' lang='grc' dir='ltr'><strong>ού</strong></span> <span class='ocrx_word' id='word_1_481' title='bbox 3073 3333 3278 3399; x_wconf 85' lang='grc' dir='ltr'>πίστει,</span> <span class='ocrx_word' id='word_1_482' title='bbox 3314 3331 3436 3385; x_wconf 72' lang='grc' dir='ltr'>οὐδὲ</span> <span class='ocrx_word' id='word_1_483' title='bbox 3490 3330 3764 3398; x_wconf 80' lang='grc' dir='ltr'>διαθέσει,</span> 
     </span>
    </p>
   </div>
   <div class='ocr_carea' id='block_1_70' title="bbox 2184 3408 3763 3499">
    <p class='ocr_par' dir='ltr' id='par_1_70' title="bbox 2184 3408 3763 3499">
     <span class='ocr_line' id='line_1_70' title="bbox 2184 3408 3763 3499; baseline -0.003 -17"><span class='ocrx_word' id='word_1_484' title='bbox 2184 3428 2299 3482; x_wconf 83' lang='grc' dir='ltr'>ἀλλ’</span> <span class='ocrx_word' id='word_1_485' title='bbox 2334 3426 2652 3499; x_wconf 73' lang='grc' dir='ltr'>ἀνθρωπίνῃ</span> <span class='ocrx_word' id='word_1_486' title='bbox 2690 3420 3050 3498; x_wconf 64' lang='grc' dir='ltr'>μικροψυχία.</span> <span class='ocrx_word' id='word_1_487' title='bbox 3091 3408 3429 3499; x_wconf 31' lang='grc' dir='ltr'>Ἐγένετο,δέ</span> <span class='ocrx_word' id='word_1_488' title='bbox 3453 3423 3763 3492; x_wconf 73' lang='grc' dir='ltr'>οἰκονομία.</span> 
     </span>
    </p>
   </div>
   <div class='ocr_carea' id='block_1_71' title="bbox 2197 3514 3765 3589">
    <p class='ocr_par' dir='ltr' id='par_1_71' title="bbox 2197 3514 3765 3589">
     <span class='ocr_line' id='line_1_71' title="bbox 2197 3514 3765 3589; baseline -0.002 -18"><span class='ocrx_word' id='word_1_489' title='bbox 2197 3520 2285 3580; x_wconf 80' lang='grc' dir='ltr'>Ὠς</span> <span class='ocrx_word' id='word_1_490' title='bbox 2315 3520 2424 3588; x_wconf 75' lang='grc' dir='ltr'>γὰρ</span> <span class='ocrx_word' id='word_1_491' title='bbox 2466 3518 2777 3585; x_wconf 72' lang='grc' dir='ltr'>διέστησαν,</span> <span class='ocrx_word' id='word_1_492' title='bbox 2828 3519 2857 3571; x_wconf 83' lang='grc' dir='ltr'><strong>ό</strong></span> <span class='ocrx_word' id='word_1_493' title='bbox 2891 3514 3179 3589; x_wconf 77' lang='grc' dir='ltr'>Βαρνάῦας</span> <span class='ocrx_word' id='word_1_494' title='bbox 3207 3516 3299 3571; x_wconf 78' lang='grc' dir='ltr'>τὸν</span> <span class='ocrx_word' id='word_1_495' title='bbox 3326 3517 3552 3589; x_wconf 82' lang='grc' dir='ltr'>Μάρκον</span> <span class='ocrx_word' id='word_1_496' title='bbox 3580 3532 3765 3584; x_wconf 84' lang='grc' dir='ltr'>παρα-</span> 
     </span>
    </p>
   </div>
   <div class='ocr_carea' id='block_1_72' title="bbox 2184 3594 3765 3683">
    <p class='ocr_par' dir='ltr' id='par_1_72' title="bbox 2184 3594 3765 3683">
     <span class='ocr_line' id='line_1_72' title="bbox 2184 3594 3765 3683; baseline 0 -21"><span class='ocrx_word' id='word_1_497' title='bbox 2184 3610 2387 3675; x_wconf 77' lang='grc' dir='ltr'>λαϐὼν,</span> <span class='ocrx_word' id='word_1_498' title='bbox 2420 3594 2642 3680; x_wconf 73' lang='grc' dir='ltr'>ἐξῆλθεν</span> <span class='ocrx_word' id='word_1_499' title='bbox 2691 3613 2769 3671; x_wconf 79' lang='grc' dir='ltr'><strong>είς</strong></span> <span class='ocrx_word' id='word_1_500' title='bbox 2800 3609 2892 3683; x_wconf 81' lang='grc' dir='ltr'><strong>τὸν</strong></span> <span class='ocrx_word' id='word_1_501' title='bbox 2920 3611 3121 3683; x_wconf 75' lang='grc' dir='ltr'>οἰκεῖον</span> <span class='ocrx_word' id='word_1_502' title='bbox 3148 3608 3371 3681; x_wconf 89' lang='grc' dir='ltr'>δρόμον.</span> <span class='ocrx_word' id='word_1_503' title='bbox 3406 3608 3668 3679; x_wconf 80' lang='grc' dir='ltr'>Ὠφέλησε</span> <span class='ocrx_word' id='word_1_504' title='bbox 3702 3608 3765 3662; x_wconf 79' lang='grc' dir='ltr'>δὲ</span> 
     </span>
    </p>
   </div>
   <div class='ocr_carea' id='block_1_73' title="bbox 2187 3681 3767 3771">
    <p class='ocr_par' dir='ltr' id='par_1_73' title="bbox 2187 3681 3767 3771">
     <span class='ocr_line' id='line_1_73' title="bbox 2187 3681 3767 3771; baseline -0.003 -17"><span class='ocrx_word' id='word_1_505' title='bbox 2187 3701 2277 3754; x_wconf 57' lang='grc' dir='ltr'><strong>τὴν</strong></span> <span class='ocrx_word' id='word_1_506' title='bbox 2300 3702 2527 3771; x_wconf 80' lang='grc' dir='ltr'>Μάρκον</span> <span class='ocrx_word' id='word_1_507' title='bbox 2560 3703 2591 3769; x_wconf 77' lang='grc' dir='ltr'>ἡ</span> <span class='ocrx_word' id='word_1_508' title='bbox 2630 3700 2844 3753; x_wconf 78' lang='grc' dir='ltr'>Παύλου</span> <span class='ocrx_word' id='word_1_509' title='bbox 2880 3681 3139 3766; x_wconf 77' lang='grc' dir='ltr'>ἀκρίϐεια</span> <span class='ocrx_word' id='word_1_510' title='bbox 3165 3716 3180 3730; x_wconf 81' lang='lat'><strong><em>°</em></strong></span> <span class='ocrx_word' id='word_1_511' title='bbox 3211 3699 3514 3752; x_wconf 75' lang='grc' dir='ltr'>ἐσπούδασε</span> <span class='ocrx_word' id='word_1_512' title='bbox 3544 3698 3651 3769; x_wconf 82' lang='grc' dir='ltr'>γὰρ</span> <span class='ocrx_word' id='word_1_513' title='bbox 3691 3702 3767 3771; x_wconf 72' lang='grc' dir='ltr'>τῇ</span> 
     </span>
    </p>
   </div>
   <div class='ocr_carea' id='block_1_74' title="bbox 2190 3790 3764 3865">
    <p class='ocr_par' dir='ltr' id='par_1_74' title="bbox 2190 3790 3764 3865">
     <span class='ocr_line' id='line_1_74' title="bbox 2190 3790 3764 3865; baseline -0.001 -21"><span class='ocrx_word' id='word_1_514' title='bbox 2190 3792 2471 3865; x_wconf 77' lang='grc' dir='ltr'>προθυμίᾳ</span> <span class='ocrx_word' id='word_1_515' title='bbox 2498 3791 2595 3862; x_wconf 80' lang='grc' dir='ltr'><strong>τὴν</strong></span> <span class='ocrx_word' id='word_1_516' title='bbox 2627 3792 2901 3864; x_wconf 80' lang='grc' dir='ltr'>προτέραν</span> <span class='ocrx_word' id='word_1_517' title='bbox 2927 3792 3199 3864; x_wconf 74' lang='grc' dir='ltr'>ρᾳθυμίαν</span> <span class='ocrx_word' id='word_1_518' title='bbox 3228 3791 3489 3862; x_wconf 76' lang='grc' dir='ltr'>καλύψαι.</span> <span class='ocrx_word' id='word_1_519' title='bbox 3527 3790 3584 3845; x_wconf 85' lang='grc'><strong>’0</strong></span> <span class='ocrx_word' id='word_1_520' title='bbox 3610 3790 3764 3845; x_wconf 78' lang='grc' dir='ltr'>Παῦ-</span> 
     </span>
    </p>
   </div>
   <div class='ocr_carea' id='block_1_75' title="bbox 2188 3875 3773 3952">
    <p class='ocr_par' dir='ltr' id='par_1_75' title="bbox 2188 3875 3773 3952">
     <span class='ocr_line' id='line_1_75' title="bbox 2188 3875 3773 3952; baseline -0.003 -16"><span class='ocrx_word' id='word_1_521' title='bbox 2188 3883 2281 3946; x_wconf 87' lang='grc' dir='ltr'><strong>λος</strong></span> <span class='ocrx_word' id='word_1_522' title='bbox 2311 3884 2369 3936; x_wconf 89' lang='grc' dir='ltr'><strong>ἐν</strong></span> <span class='ocrx_word' id='word_1_523' title='bbox 2402 3884 2519 3946; x_wconf 84' lang='grc' dir='ltr'>ταῖς</span> <span class='ocrx_word' id='word_1_524' title='bbox 2539 3881 2888 3952; x_wconf 81' lang='grc' dir='ltr'>Ἐκκλησίαις</span> <span class='ocrx_word' id='word_1_525' title='bbox 2922 3881 3257 3951; x_wconf 74' lang='grc' dir='ltr'>παρήγγειλε</span> <span class='ocrx_word' id='word_1_526' title='bbox 3288 3881 3364 3951; x_wconf 84' lang='grc' dir='ltr'>μὴ</span> <span class='ocrx_word' id='word_1_527' title='bbox 3390 3879 3642 3950; x_wconf 81' lang='grc' dir='ltr'>δεχθῆναι</span> <span class='ocrx_word' id='word_1_528' title='bbox 3669 3875 3773 3932; x_wconf 63' lang='grc' dir='ltr'><strong>τὸν</strong></span> 
     </span>
    </p>
   </div>
   <div class='ocr_carea' id='block_1_76' title="bbox 2190 3970 3775 4047">
    <p class='ocr_par' dir='ltr' id='par_1_76' title="bbox 2190 3970 3775 4047">
     <span class='ocr_line' id='line_1_76' title="bbox 2190 3970 3775 4047; baseline -0.003 -18"><span class='ocrx_word' id='word_1_529' title='bbox 2190 3976 2448 4047; x_wconf 82' lang='grc' dir='ltr'>Μάρκον·</span> <span class='ocrx_word' id='word_1_530' title='bbox 2500 3978 2599 4044; x_wconf 86' lang='grc' dir='ltr'>οὺχ</span> <span class='ocrx_word' id='word_1_531' title='bbox 2641 3973 2729 4027; x_wconf 84' lang='grc' dir='ltr'><strong>ἵνα</strong></span> <span class='ocrx_word' id='word_1_532' title='bbox 2760 3973 3006 4046; x_wconf 70' lang='grc' dir='ltr'>λυπήσῃ,</span> <span class='ocrx_word' id='word_1_533' title='bbox 3050 3972 3167 4028; x_wconf 88' lang='grc' dir='ltr'>ἀλλ’</span> <span class='ocrx_word' id='word_1_534' title='bbox 3224 3972 3313 4026; x_wconf 78' lang='grc' dir='ltr'><strong>ἴνα</strong></span> <span class='ocrx_word' id='word_1_535' title='bbox 3346 3970 3775 4041; x_wconf 80' lang='grc' dir='ltr'>σπουδαιότερον</span> 
     </span>
    </p>
   </div>
   <div class='ocr_carea' id='block_1_77' title="bbox 514 4054 2085 4137">
    <p class='ocr_par' dir='ltr' id='par_1_77' title="bbox 514 4054 2085 4137">
     <span class='ocr_line' id='line_1_77' title="bbox 514 4054 2085 4137; baseline 0.002 -18"><span class='ocrx_word' id='word_1_536' title='bbox 514 4070 664 4123; x_wconf 71' lang='grc' dir='ltr'>ὶιοηι.</span> <span class='ocrx_word' id='word_1_537' title='bbox 700 4058 777 4123; x_wconf 77' lang='lat' dir='ltr'><strong>Ae</strong></span> <span class='ocrx_word' id='word_1_538' title='bbox 805 4056 1188 4122; x_wconf 75' lang='lat' dir='ltr'><strong>discardaruut</strong></span> <span class='ocrx_word' id='word_1_539' title='bbox 1226 4082 1332 4120; x_wconf 90' lang='lat' dir='ltr'><strong>non</strong></span> <span class='ocrx_word' id='word_1_540' title='bbox 1367 4054 1492 4132; x_wconf 85' lang='lat' dir='ltr'><strong>lide,</strong></span> <span class='ocrx_word' id='word_1_541' title='bbox 1527 4083 1703 4137; x_wconf 85' lang='lat' dir='ltr'><strong>neque</strong></span> <span class='ocrx_word' id='word_1_542' title='bbox 1727 4069 1957 4132; x_wconf 88' lang='lat' dir='ltr'><strong>ratione,</strong></span> <span class='ocrx_word' id='word_1_543' title='bbox 1990 4068 2085 4122; x_wconf 84' lang='lat' dir='ltr'><strong>sed</strong></span> 
     </span>
    </p>
   </div>
   <div class='ocr_carea' id='block_1_78' title="bbox 1372 4062 3773 4151">
    <p class='ocr_par' dir='ltr' id='par_1_78' title="bbox 1372 4062 3773 4151">
     <span class='ocr_line' id='line_1_78' title="bbox 1372 4062 3773 4151; baseline -0.002 -30"><span class='ocrx_word' id='word_1_544' title='bbox 1372 4067 1492 4151; x_wconf 85' lang='lat' dir='ltr'><strong>lide,</strong></span> <span class='ocrx_word' id='word_1_545' title='bbox 1527 4083 1703 4137; x_wconf 85' lang='lat' dir='ltr'><strong>neque</strong></span> <span class='ocrx_word' id='word_1_546' title='bbox 1727 4069 1957 4132; x_wconf 88' lang='lat' dir='ltr'><strong>ratione,</strong></span> <span class='ocrx_word' id='word_1_547' title='bbox 1990 4068 2085 4122; x_wconf 84' lang='lat' dir='ltr'><strong>sed</strong></span> <span class='ocrx_word' id='word_1_548' title='bbox 2190 4070 2409 4141; x_wconf 82' lang='grc' dir='ltr'>ποιήσῃ·</span> <span class='ocrx_word' id='word_1_549' title='bbox 2444 4067 2517 4132; x_wconf 87' lang='grc' dir='ltr'><strong>ώς</strong></span> <span class='ocrx_word' id='word_1_550' title='bbox 2547 4067 2605 4122; x_wconf 86' lang='grc' dir='ltr'><strong>δέ</strong></span> <span class='ocrx_word' id='word_1_551' title='bbox 2649 4062 2760 4121; x_wconf 79' lang='grc' dir='ltr'>εἶδε</span> <span class='ocrx_word' id='word_1_552' title='bbox 2795 4065 3141 4138; x_wconf 74' lang='grc' dir='ltr'>προλαϐόντα</span> <span class='ocrx_word' id='word_1_553' title='bbox 3161 4067 3227 4135; x_wconf 79' lang='grc' dir='ltr'>τῇ</span> <span class='ocrx_word' id='word_1_554' title='bbox 3261 4064 3464 4138; x_wconf 80' lang='grc' dir='ltr'>σπουδῇ</span> <span class='ocrx_word' id='word_1_555' title='bbox 3488 4066 3580 4118; x_wconf 70' lang='grc' dir='ltr'>τὸν</span> <span class='ocrx_word' id='word_1_556' title='bbox 3602 4064 3773 4136; x_wconf 83' lang='grc' dir='ltr'>Μάρ-</span> 
     </span>
    </p>
   </div>
   <div class='ocr_carea' id='block_1_79' title="bbox 515 4154 2088 4229">
    <p class='ocr_par' dir='ltr' id='par_1_79' title="bbox 515 4154 2088 4229">
     <span class='ocr_line' id='line_1_79' title="bbox 515 4154 2088 4229; baseline 0 -13"><span class='ocrx_word' id='word_1_557' title='bbox 515 4177 666 4216; x_wconf 88' lang='lat' dir='ltr'><strong>more</strong></span> <span class='ocrx_word' id='word_1_558' title='bbox 719 4160 1000 4214; x_wconf 80' lang='lat' dir='ltr'><strong>hominum</strong></span> <span class='ocrx_word' id='word_1_559' title='bbox 1043 4154 1502 4229; x_wconf 84' lang='lat' dir='ltr'><strong>pusillanimitate.</strong></span> <span class='ocrx_word' id='word_1_560' title='bbox 1562 4158 1688 4216; x_wconf 83' lang='lat' dir='ltr'><strong>Fuit</strong></span> <span class='ocrx_word' id='word_1_561' title='bbox 1742 4170 1923 4215; x_wconf 89' lang='lat' dir='ltr'><strong>autem</strong></span> <span class='ocrx_word' id='word_1_562' title='bbox 1973 4161 2088 4216; x_wconf 63' lang='lat' dir='ltr'><strong>Isaac</strong></span> 
     </span>
    </p>
   </div>
   <div class='ocr_carea' id='block_1_80' title="bbox 2190 4156 3776 4230">
    <p class='ocr_par' dir='ltr' id='par_1_80' title="bbox 2190 4156 3776 4230">
     <span class='ocr_line' id='line_1_80' title="bbox 2190 4156 3776 4230; baseline -0.003 -15"><span class='ocrx_word' id='word_1_563' title='bbox 2190 4179 2304 4225; x_wconf 88' lang='grc' dir='ltr'>κον,</span> <span class='ocrx_word' id='word_1_564' title='bbox 2343 4162 2438 4215; x_wconf 74' lang='grc' dir='ltr'>καὶ</span> <span class='ocrx_word' id='word_1_565' title='bbox 2479 4158 2967 4230; x_wconf 82' lang='grc' dir='ltr'>ἀπολογησάμενον</span> <span class='ocrx_word' id='word_1_566' title='bbox 2997 4158 3085 4213; x_wconf 90' lang='grc' dir='ltr'><strong>διά</strong></span> <span class='ocrx_word' id='word_1_567' title='bbox 3123 4157 3232 4212; x_wconf 84' lang='grc' dir='ltr'>τῶν</span> <span class='ocrx_word' id='word_1_568' title='bbox 3269 4156 3560 4228; x_wconf 80' lang='grc' dir='ltr'>δευτέρων,</span> <span class='ocrx_word' id='word_1_569' title='bbox 3601 4156 3776 4228; x_wconf 78' lang='grc' dir='ltr'>ἀρχε-</span> 
     </span>
    </p>
   </div>
   <div class='ocr_carea' id='block_1_81' title="bbox 516 4238 2084 4324">
    <p class='ocr_par' dir='ltr' id='par_1_81' title="bbox 516 4238 2084 4323">
     <span class='ocr_line' id='line_1_81' title="bbox 516 4238 2084 4323; baseline 0.001 -15"><span class='ocrx_word' id='word_1_570' title='bbox 516 4254 801 4323; x_wconf 84' lang='lat' dir='ltr'><strong>dispositio</strong></span> <span class='ocrx_word' id='word_1_571' title='bbox 828 4244 1035 4306; x_wconf 80' lang='lat' dir='ltr'><strong>divina.</strong></span> <span class='ocrx_word' id='word_1_572' title='bbox 1092 4242 1227 4306; x_wconf 84' lang='lat' dir='ltr'><strong>Nam</strong></span> <span class='ocrx_word' id='word_1_573' title='bbox 1274 4261 1331 4305; x_wconf 88' lang='lat' dir='ltr'><strong>ut</strong></span> <span class='ocrx_word' id='word_1_574' title='bbox 1366 4238 1770 4321; x_wconf 82' lang='lat' dir='ltr'><strong>dissenserunt,</strong></span> <span class='ocrx_word' id='word_1_575' title='bbox 1814 4238 2084 4309; x_wconf 81' lang='lat' dir='ltr'><strong>Barnabas</strong></span> 
     </span>
    </p>
   </div>
   <div class='ocr_carea' id='block_1_82' title="bbox 2188 4238 3778 4324">
    <p class='ocr_par' dir='ltr' id='par_1_82' title="bbox 2189 4249 3778 4324">
     <span class='ocr_line' id='line_1_82' title="bbox 2189 4249 3778 4324; baseline 0 -19"><span class='ocrx_word' id='word_1_576' title='bbox 2189 4271 2281 4306; x_wconf 73' lang='grc' dir='ltr'><strong>ται</strong></span> <span class='ocrx_word' id='word_1_577' title='bbox 2343 4253 2508 4308; x_wconf 76' lang='grc' dir='ltr'>αὐτὸν</span> <span class='ocrx_word' id='word_1_578' title='bbox 2564 4249 2989 4324; x_wconf 85' lang='grc' dir='ltr'>παρατίθεσθαι,</span> <span class='ocrx_word' id='word_1_579' title='bbox 3045 4251 3143 4306; x_wconf 83' lang='grc' dir='ltr'><strong>καί</strong></span> <span class='ocrx_word' id='word_1_580' title='bbox 3195 4266 3381 4322; x_wconf 76' lang='grc' dir='ltr'>φησιν’</span> <span class='ocrx_word' id='word_1_581' title='bbox 3427 4249 3778 4310; x_wconf 74' lang='grc' dir='ltr'>Ἀσπάζεται</span> 
     </span>
    </p>
   </div>
   <div class='ocr_carea' id='block_1_83' title="bbox 515 4330 2084 4429">
    <p class='ocr_par' dir='ltr' id='par_1_83' title="bbox 515 4330 2084 4429">
     <span class='ocr_line' id='line_1_83' title="bbox 515 4330 2084 4429; baseline 0.001 -31"><span class='ocrx_word' id='word_1_582' title='bbox 515 4334 797 4414; x_wconf 71' lang='lat' dir='ltr'><strong>assumpto</strong></span> <span class='ocrx_word' id='word_1_583' title='bbox 854 4338 1069 4429; x_wconf 73' lang='lat' dir='ltr'><strong>Marco,</strong></span> <span class='ocrx_word' id='word_1_584' title='bbox 1110 4341 1177 4397; x_wconf 90' lang='lat' dir='ltr'><strong>ad</strong></span> <span class='ocrx_word' id='word_1_585' title='bbox 1232 4330 1457 4413; x_wconf 73' lang='lat' dir='ltr'><strong>cursum</strong></span> <span class='ocrx_word' id='word_1_586' title='bbox 1508 4348 1666 4399; x_wconf 84' lang='lat' dir='ltr'><strong>suum</strong></span> <span class='ocrx_word' id='word_1_587' title='bbox 1719 4342 2084 4417; x_wconf 82' lang='lat' dir='ltr'><strong>peragendum</strong></span> 
     </span>
    </p>
   </div>
   <div class='ocr_carea' id='block_1_84' title="bbox 2188 4330 3775 4429">
    <p class='ocr_par' dir='ltr' id='par_1_84' title="bbox 2192 4341 3775 4425">
     <span class='ocr_line' id='line_1_84' title="bbox 2192 4341 3775 4425; baseline -0.002 -23"><span class='ocrx_word' id='word_1_588' title='bbox 2192 4347 2349 4418; x_wconf 80' lang='grc' dir='ltr'>ὑμᾶς</span> <span class='ocrx_word' id='word_1_589' title='bbox 2377 4347 2617 4417; x_wconf 82' lang='grc' dir='ltr'>Μάρκος</span> <span class='ocrx_word' id='word_1_590' title='bbox 2646 4350 2679 4403; x_wconf 85' lang='grc' dir='ltr'><em>ὀ</em></span> <span class='ocrx_word' id='word_1_591' title='bbox 2716 4346 2968 4416; x_wconf 71' lang='grc' dir='ltr'>ἀνεψιὸς</span> <span class='ocrx_word' id='word_1_592' title='bbox 2995 4346 3290 4425; x_wconf 74' lang='grc' dir='ltr'><strong>Βαρνάϐα,</strong></span> <span class='ocrx_word' id='word_1_593' title='bbox 3331 4347 3460 4417; x_wconf 73' lang='grc' dir='ltr'>περὶ</span> <span class='ocrx_word' id='word_1_594' title='bbox 3514 4341 3587 4401; x_wconf 84' lang='grc' dir='ltr'>οὗ</span> <span class='ocrx_word' id='word_1_595' title='bbox 3626 4345 3775 4399; x_wconf 77' lang='grc' dir='ltr'>ἐ.ιά-</span> 
     </span>
    </p>
   </div>
   <div class='ocr_carea' id='block_1_85' title="bbox 517 4431 2084 4509">
    <p class='ocr_par' dir='ltr' id='par_1_85' title="bbox 517 4431 2084 4506">
     <span class='ocr_line' id='line_1_85' title="bbox 517 4431 2084 4506; baseline 0 -17"><span class='ocrx_word' id='word_1_596' title='bbox 517 4435 794 4506; x_wconf 78' lang='lat' dir='ltr'><strong>profectus</strong></span> <span class='ocrx_word' id='word_1_597' title='bbox 840 4443 942 4489; x_wconf 89' lang='lat' dir='ltr'><strong>est.</strong></span> <span class='ocrx_word' id='word_1_598' title='bbox 991 4432 1099 4489; x_wconf 88' lang='lat' dir='ltr'><strong>Sed</strong></span> <span class='ocrx_word' id='word_1_599' title='bbox 1133 4431 1336 4504; x_wconf 79' lang='lat' dir='ltr'><strong>profuit</strong></span> <span class='ocrx_word' id='word_1_600' title='bbox 1378 4432 1559 4490; x_wconf 80' lang='lat' dir='ltr'><strong>Marco</strong></span> <span class='ocrx_word' id='word_1_601' title='bbox 1600 4432 1759 4489; x_wconf 88' lang='lat' dir='ltr'><strong>Pauli</strong></span> <span class='ocrx_word' id='word_1_602' title='bbox 1784 4443 1973 4490; x_wconf 78' lang='lat' dir='ltr'><strong>exacta</strong></span> <span class='ocrx_word' id='word_1_603' title='bbox 2004 4436 2084 4489; x_wconf 91' lang='lat' dir='ltr'><strong>di-</strong></span> 
     </span>
    </p>
   </div>
   <div class='ocr_carea' id='block_1_86' title="bbox 2188 4431 3775 4509">
    <p class='ocr_par' dir='ltr' id='par_1_86' title="bbox 2194 4437 3775 4509">
     <span class='ocr_line' id='line_1_86' title="bbox 2194 4437 3775 4509; baseline -0.001 -18"><span class='ocrx_word' id='word_1_604' title='bbox 2194 4440 2324 4492; x_wconf 76' lang='grc' dir='ltr'>σετε</span> <span class='ocrx_word' id='word_1_605' title='bbox 2376 4438 2627 4504; x_wconf 79' lang='grc' dir='ltr'>ἐντολὰς</span> <span class='ocrx_word' id='word_1_606' title='bbox 2654 4477 2670 4503; x_wconf 92' lang='grc'><strong>,</strong></span> <span class='ocrx_word' id='word_1_607' title='bbox 2724 4437 2834 4491; x_wconf 83' lang='grc' dir='ltr'><strong>ἐὰν</strong></span> <span class='ocrx_word' id='word_1_608' title='bbox 2883 4437 3032 4508; x_wconf 69' lang='grc' dir='ltr'><strong>ἕλοῃ</strong></span> <span class='ocrx_word' id='word_1_609' title='bbox 3064 4439 3215 4508; x_wconf 79' lang='grc' dir='ltr'>πρὸς</span> <span class='ocrx_word' id='word_1_610' title='bbox 3270 4437 3447 4509; x_wconf 80' lang='grc' dir='ltr'>ὑμᾶς,</span> <span class='ocrx_word' id='word_1_611' title='bbox 3508 4437 3775 4501; x_wconf 72' lang='grc' dir='ltr'>δέξασθε</span> 
     </span>
    </p>
   </div>
   <div class='ocr_carea' id='block_1_87' title="bbox 516 4523 2084 4609">
    <p class='ocr_par' dir='ltr' id='par_1_87' title="bbox 516 4523 2084 4609">
     <span class='ocr_line' id='line_1_87' title="bbox 516 4523 2084 4609; baseline 0.001 -31"><span class='ocrx_word' id='word_1_612' title='bbox 516 4524 743 4594; x_wconf 86' lang='lat' dir='ltr'><strong>seiplina</strong></span> <span class='ocrx_word' id='word_1_613' title='bbox 767 4523 1015 4601; x_wconf 77' lang='lat' dir='ltr'><strong>iurisque</strong></span> <span class='ocrx_word' id='word_1_614' title='bbox 1043 4524 1215 4595; x_wconf 84' lang='lat' dir='ltr'><strong>rigor:</strong></span> <span class='ocrx_word' id='word_1_615' title='bbox 1246 4524 1454 4579; x_wconf 90' lang='lat' dir='ltr'><strong>studuit</strong></span> <span class='ocrx_word' id='word_1_616' title='bbox 1473 4525 1617 4579; x_wconf 78' lang='lat' dir='ltr'><strong>enim</strong></span> <span class='ocrx_word' id='word_1_617' title='bbox 1642 4524 1919 4609; x_wconf 71' lang='lat' dir='ltr'><strong>diligentia</strong></span> <span class='ocrx_word' id='word_1_618' title='bbox 1937 4524 2084 4597; x_wconf 88' lang='lat' dir='ltr'><strong>prio-</strong></span> 
     </span>
    </p>
   </div>
   <div class='ocr_carea' id='block_1_88' title="bbox 2188 4523 3771 4609">
    <p class='ocr_par' dir='ltr' id='par_1_88' title="bbox 2196 4530 3771 4609">
     <span class='ocr_line' id='line_1_88' title="bbox 2196 4530 3771 4609; baseline -0.003 -26"><span class='ocrx_word' id='word_1_619' title='bbox 2196 4530 2406 4585; x_wconf 82' lang='grc' dir='ltr'>αὺτόν,</span> <span class='ocrx_word' id='word_1_620' title='bbox 2436 4530 2548 4583; x_wconf 78' lang='grc' dir='ltr'><strong>Καὶ</strong></span> <span class='ocrx_word' id='word_1_621' title='bbox 2582 4531 2639 4585; x_wconf 84' lang='grc' dir='ltr'><strong>ἐν</strong></span> <span class='ocrx_word' id='word_1_622' title='bbox 2662 4531 2775 4594; x_wconf 83' lang='grc' dir='ltr'>τοῖς</span> <span class='ocrx_word' id='word_1_623' title='bbox 2806 4531 3122 4609; x_wconf 74' lang='grc' dir='ltr'>προφήταις</span> <span class='ocrx_word' id='word_1_624' title='bbox 3148 4532 3206 4585; x_wconf 80' lang='grc' dir='ltr'>δὲ</span> <span class='ocrx_word' id='word_1_625' title='bbox 3237 4530 3398 4585; x_wconf 75' lang='grc' dir='ltr'>τοῦτο</span> <span class='ocrx_word' id='word_1_626' title='bbox 3428 4530 3771 4598; x_wconf 80' lang='grc' dir='ltr'>εὑρίσκομεν</span> 
     </span>
    </p>
   </div>
   <div class='ocr_carea' id='block_1_89' title="bbox 517 4606 2084 4689">
    <p class='ocr_par' dir='ltr' id='par_1_89' title="bbox 517 4606 2084 4689">
     <span class='ocr_line' id='line_1_89' title="bbox 517 4606 2084 4689; baseline -0.001 -17"><span class='ocrx_word' id='word_1_627' title='bbox 517 4633 630 4672; x_wconf 88' lang='lat' dir='ltr'><strong>rem</strong></span> <span class='ocrx_word' id='word_1_628' title='bbox 683 4614 1075 4688; x_wconf 78' lang='lat' dir='ltr'><strong>negligentiam</strong></span> <span class='ocrx_word' id='word_1_629' title='bbox 1122 4617 1398 4689; x_wconf 85' lang='lat' dir='ltr'><strong>obtegere.</strong></span> <span class='ocrx_word' id='word_1_630' title='bbox 1478 4612 1681 4674; x_wconf 89' lang='lat' dir='ltr'><strong>Paulus</strong></span> <span class='ocrx_word' id='word_1_631' title='bbox 1731 4606 1970 4672; x_wconf 76' lang='lat' dir='ltr'><strong>Marcum</strong></span> <span class='ocrx_word' id='word_1_632' title='bbox 2031 4617 2084 4671; x_wconf 90' lang='lat' dir='ltr'><strong>in</strong></span> 
     </span>
    </p>
   </div>
   <div class='ocr_carea' id='block_1_90' title="bbox 2188 4606 3777 4689">
    <p class='ocr_par' dir='ltr' id='par_1_90' title="bbox 2194 4606 3777 4689">
     <span class='ocr_line' id='line_1_90' title="bbox 2194 4606 3777 4689; baseline -0.001 -18"><span class='ocrx_word' id='word_1_633' title='bbox 2194 4619 2484 4689; x_wconf 80' lang='grc' dir='ltr'>διαφόρους</span> <span class='ocrx_word' id='word_1_634' title='bbox 2518 4617 2745 4689; x_wconf 83' lang='grc' dir='ltr'>γνώμας</span> <span class='ocrx_word' id='word_1_635' title='bbox 2789 4606 2885 4671; x_wconf 73' lang='grc' dir='ltr'>καὶ</span> <span class='ocrx_word' id='word_1_636' title='bbox 2923 4617 3053 4688; x_wconf 75' lang='grc' dir='ltr'>ήοη,</span> <span class='ocrx_word' id='word_1_637' title='bbox 3094 4612 3227 4671; x_wconf 76' lang='grc' dir='ltr'>οἷον·</span> <span class='ocrx_word' id='word_1_638' title='bbox 3260 4620 3287 4671; x_wconf 83' lang='grc' dir='ltr'><strong>ό</strong></span> <span class='ocrx_word' id='word_1_639' title='bbox 3325 4616 3536 4681; x_wconf 77' lang='grc' dir='ltr'>Ἠλίας,</span> <span class='ocrx_word' id='word_1_640' title='bbox 3563 4617 3777 4686; x_wconf 60' lang='grc' dir='ltr'>αἴστη-</span> 
     </span>
    </p>
   </div>
   <div class='ocr_carea' id='block_1_91' title="bbox 519 4705 2084 4789">
    <p class='ocr_par' dir='ltr' id='par_1_91' title="bbox 519 4705 2084 4789">
     <span class='ocr_line' id='line_1_91' title="bbox 519 4705 2084 4789; baseline 0 -28"><span class='ocrx_word' id='word_1_641' title='bbox 519 4705 777 4761; x_wconf 73' lang='grc' dir='ltr'><strong>Εεειεεὶἰε</strong></span> <span class='ocrx_word' id='word_1_642' title='bbox 828 4706 997 4777; x_wconf 89' lang='lat' dir='ltr'><strong>recipi</strong></span> <span class='ocrx_word' id='word_1_643' title='bbox 1024 4714 1295 4789; x_wconf 79' lang='lat' dir='ltr'><strong>vetuerat,</strong></span> <span class='ocrx_word' id='word_1_644' title='bbox 1331 4722 1441 4761; x_wconf 88' lang='lat' dir='ltr'><strong>non</strong></span> <span class='ocrx_word' id='word_1_645' title='bbox 1479 4714 1537 4759; x_wconf 89' lang='lat' dir='ltr'><strong>ut</strong></span> <span class='ocrx_word' id='word_1_646' title='bbox 1568 4720 1691 4761; x_wconf 89' lang='lat' dir='ltr'><strong>eum</strong></span> <span class='ocrx_word' id='word_1_647' title='bbox 1742 4706 2084 4761; x_wconf 78' lang='lat' dir='ltr'><strong>contriStarel</strong></span> 
     </span>
    </p>
   </div>
   <div class='ocr_carea' id='block_1_92' title="bbox 2188 4705 3780 4789">
    <p class='ocr_par' dir='ltr' id='par_1_92' title="bbox 2198 4708 3780 4782">
     <span class='ocr_line' id='line_1_92' title="bbox 2198 4708 3780 4782; baseline -0.001 -20"><span class='ocrx_word' id='word_1_648' title='bbox 2198 4710 2315 4782; x_wconf 77' lang='grc' dir='ltr'>ρόςο</span> <span class='ocrx_word' id='word_1_649' title='bbox 2350 4711 2379 4763; x_wconf 85' lang='grc' dir='ltr'>ὁ</span> <span class='ocrx_word' id='word_1_650' title='bbox 2403 4710 2667 4779; x_wconf 80' lang='grc' dir='ltr'>Μωῦσῆς,</span> <span class='ocrx_word' id='word_1_651' title='bbox 2707 4711 2903 4780; x_wconf 77' lang='grc' dir='ltr'>πρᾶος.</span> <span class='ocrx_word' id='word_1_652' title='bbox 2938 4710 3094 4764; x_wconf 77' lang='grc' dir='ltr'>Οὕτω</span> <span class='ocrx_word' id='word_1_653' title='bbox 3136 4708 3199 4781; x_wconf 82' lang='grc' dir='ltr'>δὴ</span> <span class='ocrx_word' id='word_1_654' title='bbox 3227 4710 3320 4762; x_wconf 71' lang='grc' dir='ltr'>καὶ</span> <span class='ocrx_word' id='word_1_655' title='bbox 3353 4708 3608 4768; x_wconf 66' lang='grc' dir='ltr'>ἐνταῦθα,</span> <span class='ocrx_word' id='word_1_656' title='bbox 3639 4725 3780 4775; x_wconf 62' lang='lat' dir='ltr'><strong>crpo-</strong></span> 
     </span>
    </p>
   </div>
   <div class='ocr_carea' id='block_1_93' title="bbox 518 4795 2095 4870">
    <p class='ocr_par' dir='ltr' id='par_1_93' title="bbox 518 4795 2095 4870">
     <span class='ocr_line' id='line_1_93' title="bbox 518 4795 2095 4870; baseline 0 -18"><span class='ocrx_word' id='word_1_657' title='bbox 518 4806 574 4852; x_wconf 89' lang='lat' dir='ltr'><strong>et</strong></span> <span class='ocrx_word' id='word_1_658' title='bbox 617 4796 862 4852; x_wconf 88' lang='lat' dir='ltr'><strong>molestia</strong></span> <span class='ocrx_word' id='word_1_659' title='bbox 909 4795 1163 4863; x_wconf 84' lang='lat' dir='ltr'><strong>acere&#39;t,</strong></span> <span class='ocrx_word' id='word_1_660' title='bbox 1197 4798 1292 4852; x_wconf 90' lang='lat' dir='ltr'><strong>sed</strong></span> <span class='ocrx_word' id='word_1_661' title='bbox 1348 4806 1411 4852; x_wconf 88' lang='lat' dir='ltr'><strong>ut</strong></span> <span class='ocrx_word' id='word_1_662' title='bbox 1450 4797 1733 4853; x_wconf 88' lang='lat' dir='ltr'><strong>meliorem</strong></span> <span class='ocrx_word' id='word_1_663' title='bbox 1761 4812 1825 4851; x_wconf 90' lang='lat' dir='ltr'><strong>ac</strong></span> <span class='ocrx_word' id='word_1_664' title='bbox 1863 4798 2095 4870; x_wconf 85' lang='lat' dir='ltr'><strong>diligen-</strong></span> 
     </span>
    </p>
   </div>
   <div class='ocr_carea' id='block_1_94' title="bbox 520 4886 2095 4945">
    <p class='ocr_par' dir='ltr' id='par_1_94' title="bbox 520 4886 2095 4945">
     <span class='ocr_line' id='line_1_94' title="bbox 520 4886 2095 4945; baseline 0.001 -2"><span class='ocrx_word' id='word_1_665' title='bbox 520 4890 711 4943; x_wconf 87' lang='lat' dir='ltr'><strong>tiorem</strong></span> <span class='ocrx_word' id='word_1_666' title='bbox 739 4887 1018 4944; x_wconf 81' lang='lat' dir='ltr'><strong>efﬁceret:</strong></span> <span class='ocrx_word' id='word_1_667' title='bbox 1058 4888 1153 4945; x_wconf 90' lang='lat' dir='ltr'><strong>sed</strong></span> <span class='ocrx_word' id='word_1_668' title='bbox 1180 4898 1239 4944; x_wconf 92' lang='lat' dir='ltr'><strong>ut</strong></span> <span class='ocrx_word' id='word_1_669' title='bbox 1291 4889 1427 4945; x_wconf 83' lang='lat' dir='ltr'><strong>vidit</strong></span> <span class='ocrx_word' id='word_1_670' title='bbox 1456 4890 1607 4943; x_wconf 87' lang='lat' dir='ltr'><strong>illum</strong></span> <span class='ocrx_word' id='word_1_671' title='bbox 1641 4889 1844 4945; x_wconf 81' lang='lat' dir='ltr'><strong>virtute</strong></span> <span class='ocrx_word' id='word_1_672' title='bbox 1870 4906 1933 4945; x_wconf 90' lang='lat' dir='ltr'><strong>ac</strong></span> <span class='ocrx_word' id='word_1_673' title='bbox 1967 4886 2095 4945; x_wconf 88' lang='lat' dir='ltr'><strong>dili-</strong></span> 
     </span>
    </p>
   </div>
   <div class='ocr_carea' id='block_1_95' title="bbox 519 4968 2091 5052">
    <p class='ocr_par' dir='ltr' id='par_1_95' title="bbox 519 4968 2091 5052">
     <span class='ocr_line' id='line_1_95' title="bbox 519 4968 2091 5052; baseline 0.001 -18"><span class='ocrx_word' id='word_1_674' title='bbox 519 4979 699 5051; x_wconf 78' lang='lat' dir='ltr'><strong>gentia</strong></span> <span class='ocrx_word' id='word_1_675' title='bbox 726 4979 1047 5051; x_wconf 86' lang='lat' dir='ltr'><strong>prol&#39;ecisse,</strong></span> <span class='ocrx_word' id='word_1_676' title='bbox 1079 4997 1143 5036; x_wconf 91' lang='lat' dir='ltr'><strong>ac</strong></span> <span class='ocrx_word' id='word_1_677' title='bbox 1171 4996 1270 5051; x_wconf 90' lang='lat' dir='ltr'><strong>per</strong></span> <span class='ocrx_word' id='word_1_678' title='bbox 1301 4995 1386 5043; x_wconf 89' lang='lat' dir='ltr'><strong>ea,</strong></span> <span class='ocrx_word' id='word_1_679' title='bbox 1421 4996 1541 5050; x_wconf 78' lang='lat' dir='ltr'><strong>qua:</strong></span> <span class='ocrx_word' id='word_1_680' title='bbox 1579 4968 1927 5051; x_wconf 85' lang='lat' dir='ltr'><strong>postmodum</strong></span> <span class='ocrx_word' id='word_1_681' title='bbox 1958 4981 2091 5052; x_wconf 82' lang='lat' dir='ltr'><strong>egit,</strong></span> 
     </span>
    </p>
   </div>
   <div class='ocr_carea' id='block_1_96' title="bbox 522 5070 2092 5144">
    <p class='ocr_par' dir='ltr' id='par_1_96' title="bbox 522 5070 2092 5144">
     <span class='ocr_line' id='line_1_96' title="bbox 522 5070 2092 5144; baseline -0.001 -17"><span class='ocrx_word' id='word_1_682' title='bbox 522 5074 703 5144; x_wconf 81' lang='lat' dir='ltr'><strong>priora</strong></span> <span class='ocrx_word' id='word_1_683' title='bbox 734 5070 964 5127; x_wconf 86' lang='lat' dir='ltr'><strong>crimina</strong></span> <span class='ocrx_word' id='word_1_684' title='bbox 990 5088 1273 5144; x_wconf 85' lang='lat' dir='ltr'><strong>purgasse,</strong></span> <span class='ocrx_word' id='word_1_685' title='bbox 1312 5072 1643 5142; x_wconf 88' lang='lat' dir='ltr'><strong>incipiteum</strong></span> <span class='ocrx_word' id='word_1_686' title='bbox 1685 5072 2092 5134; x_wconf 90' lang='lat' dir='ltr'><strong>commendare,</strong></span> 
     </span>
    </p>
   </div>
   <div class='ocr_carea' id='block_1_97' title="bbox 521 5163 2122 5229">
    <p class='ocr_par' dir='ltr' id='par_1_97' title="bbox 521 5163 2122 5229">
     <span class='ocr_line' id='line_1_97' title="bbox 521 5163 2122 5229; baseline -0.002 -9"><span class='ocrx_word' id='word_1_687' title='bbox 521 5176 576 5220; x_wconf 85' lang='lat' dir='ltr'><strong>et</strong></span> <span class='ocrx_word' id='word_1_688' title='bbox 622 5166 744 5220; x_wconf 88' lang='lat' dir='ltr'><strong>ait:</strong></span> <span class='ocrx_word' id='word_1_689' title='bbox 786 5163 1111 5220; x_wconf 78' lang='lat' dir='ltr'><strong>Salutatvos</strong></span> <span class='ocrx_word' id='word_1_690' title='bbox 1153 5164 1367 5218; x_wconf 79' lang='lat' dir='ltr'><strong>Marcus</strong></span> <span class='ocrx_word' id='word_1_691' title='bbox 1423 5163 1761 5218; x_wconf 71' lang='lat' dir='ltr'><strong>consobrinus</strong></span> <span class='ocrx_word' id='word_1_692' title='bbox 1810 5163 2122 5229; x_wconf 74' lang='lat' dir='ltr'><strong>Barnabw,.</strong></span> 
     </span>
    </p>
   </div>
   <div class='ocr_carea' id='block_1_98' title="bbox 520 5250 2093 5328">
    <p class='ocr_par' dir='ltr' id='par_1_98' title="bbox 520 5250 2093 5328">
     <span class='ocr_line' id='line_1_98' title="bbox 520 5250 2093 5328; baseline -0.001 -18"><span class='ocrx_word' id='word_1_693' title='bbox 520 5261 583 5311; x_wconf 74' lang='lat' dir='ltr'><strong>de</strong></span> <span class='ocrx_word' id='word_1_694' title='bbox 616 5274 733 5328; x_wconf 76' lang='lat' dir='ltr'><strong>quo</strong></span> <span class='ocrx_word' id='word_1_695' title='bbox 773 5256 1032 5311; x_wconf 77' lang='lat' dir='ltr'><strong>mandata</strong></span> <span class='ocrx_word' id='word_1_696' title='bbox 1080 5255 1377 5324; x_wconf 74' lang='lat' dir='ltr'><strong>accepistis,</strong></span> <span class='ocrx_word' id='word_1_697' title='bbox 1425 5263 1505 5320; x_wconf 73' lang='lat' dir='ltr'><strong>ut,</strong></span> <span class='ocrx_word' id='word_1_698' title='bbox 1535 5256 1580 5309; x_wconf 79' lang='lat' dir='ltr'><strong>si</strong></span> <span class='ocrx_word' id='word_1_699' title='bbox 1635 5258 1831 5325; x_wconf 68' lang='lat' dir='ltr'><strong>uenerit</strong></span> <span class='ocrx_word' id='word_1_700' title='bbox 1881 5257 1952 5309; x_wconf 86' lang='lat' dir='ltr'><strong>ad</strong></span> <span class='ocrx_word' id='word_1_701' title='bbox 1984 5250 2093 5320; x_wconf 77' lang='lat' dir='ltr'><strong>ros,</strong></span> 
     </span>
    </p>
   </div>
   <div class='ocr_carea' id='block_1_99' title="bbox 522 5344 2093 5417">
    <p class='ocr_par' dir='ltr' id='par_1_99' title="bbox 522 5344 2093 5417">
     <span class='ocr_line' id='line_1_99' title="bbox 522 5344 2093 5417; baseline 0 -16"><span class='ocrx_word' id='word_1_702' title='bbox 522 5365 640 5401; x_wconf 70' lang='lat' dir='ltr'><strong>eum</strong></span> <span class='ocrx_word' id='word_1_703' title='bbox 665 5348 933 5417; x_wconf 75' lang='lat' dir='ltr'><strong>recipiatis</strong></span> <span class='ocrx_word' id='word_1_704' title='bbox 953 5348 1023 5400; x_wconf 67' lang='grc'><strong>⁸⁸.</strong></span> <span class='ocrx_word' id='word_1_705' title='bbox 1046 5348 1223 5417; x_wconf 87' lang='lat' dir='ltr'><strong>Atque</strong></span> <span class='ocrx_word' id='word_1_706' title='bbox 1245 5347 1405 5401; x_wconf 87' lang='lat' dir='ltr'><strong>etiam</strong></span> <span class='ocrx_word' id='word_1_707' title='bbox 1434 5348 1486 5399; x_wconf 81' lang='lat' dir='ltr'><strong>in</strong></span> <span class='ocrx_word' id='word_1_708' title='bbox 1507 5344 1788 5416; x_wconf 75' lang='lat' dir='ltr'><strong>preplietis</strong></span> <span class='ocrx_word' id='word_1_709' title='bbox 1814 5347 1916 5401; x_wconf 87' lang='lat' dir='ltr'><strong>hoc</strong></span> <span class='ocrx_word' id='word_1_710' title='bbox 1951 5347 2093 5401; x_wconf 86' lang='lat' dir='ltr'><strong>idem</strong></span> 
     </span>
    </p>
   </div>
   <div class='ocr_carea' id='block_1_100' title="bbox 526 5436 2097 5505">
    <p class='ocr_par' dir='ltr' id='par_1_100' title="bbox 526 5436 2097 5505">
     <span class='ocr_line' id='line_1_100' title="bbox 526 5436 2097 5505; baseline 0 -16"><span class='ocrx_word' id='word_1_711' title='bbox 526 5438 844 5505; x_wconf 70' lang='lat' dir='ltr'><strong>reperimus,</strong></span> <span class='ocrx_word' id='word_1_712' title='bbox 871 5436 1114 5491; x_wconf 83' lang='lat' dir='ltr'><strong>diversas</strong></span> <span class='ocrx_word' id='word_1_713' title='bbox 1151 5437 1406 5492; x_wconf 83' lang='lat' dir='ltr'><strong>videlicet</strong></span> <span class='ocrx_word' id='word_1_714' title='bbox 1441 5438 1742 5491; x_wconf 77' lang='lat' dir='ltr'><strong>sententias</strong></span> <span class='ocrx_word' id='word_1_715' title='bbox 1777 5454 1837 5492; x_wconf 87' lang='lat' dir='ltr'><strong>ac</strong></span> <span class='ocrx_word' id='word_1_716' title='bbox 1876 5454 2056 5491; x_wconf 79' lang='lat' dir='ltr'><strong>mores</strong></span> <span class='ocrx_word' id='word_1_717' title='bbox 2087 5458 2097 5490; x_wconf 95' lang='lat'><strong><em>:</em></strong></span> 
     </span>
    </p>
   </div>
   <div class='ocr_carea' id='block_1_101' title="bbox 631 5610 1167 5674">
    <p class='ocr_par' dir='ltr' id='par_1_101' title="bbox 631 5610 1167 5674">
     <span class='ocr_line' id='line_1_101' title="bbox 631 5610 1167 5674; baseline -0.006 -9"><span class='ocrx_word' id='word_1_718' title='bbox 631 5611 678 5641; x_wconf 87' lang='lat'><strong>&#39;°</strong></span> <span class='ocrx_word' id='word_1_719' title='bbox 711 5610 925 5665; x_wconf 84' lang='lat' dir='ltr'><strong>Coloss.</strong></span> <span class='ocrx_word' id='word_1_720' title='bbox 970 5625 1043 5674; x_wconf 83' lang='lat' dir='ltr'><strong>tv,</strong></span> <span class='ocrx_word' id='word_1_721' title='bbox 1082 5610 1167 5664; x_wconf 90' lang='lat' dir='ltr'><strong>l0.</strong></span> 
     </span>
    </p>
   </div>
   <div class='ocr_carea' id='block_1_102' title="bbox 2193 4797 3777 4873">
    <p class='ocr_par' dir='ltr' id='par_1_102' title="bbox 2193 4797 3777 4873">
     <span class='ocr_line' id='line_1_102' title="bbox 2193 4797 3777 4873; baseline -0.003 -18"><span class='ocrx_word' id='word_1_722' title='bbox 2193 4800 2447 4873; x_wconf 83' lang='grc' dir='ltr'>δρότερός</span> <span class='ocrx_word' id='word_1_723' title='bbox 2479 4802 2630 4855; x_wconf 89' lang='grc' dir='ltr'>ἐστιν</span> <span class='ocrx_word' id='word_1_724' title='bbox 2676 4803 2704 4855; x_wconf 83' lang='grc' dir='ltr'><strong>ὁ</strong></span> <span class='ocrx_word' id='word_1_725' title='bbox 2761 4802 2996 4863; x_wconf 82' lang='grc' dir='ltr'>Παῦλος.</span> <span class='ocrx_word' id='word_1_726' title='bbox 3046 4801 3188 4853; x_wconf 84' lang='grc' dir='ltr'>Ἀλλ’</span> <span class='ocrx_word' id='word_1_727' title='bbox 3217 4801 3320 4871; x_wconf 83' lang='grc' dir='ltr'>ὅρα</span> <span class='ocrx_word' id='word_1_728' title='bbox 3374 4800 3473 4869; x_wconf 59' lang='grc' dir='ltr'><strong>καὶ</strong></span> <span class='ocrx_word' id='word_1_729' title='bbox 3518 4797 3694 4859; x_wconf 79' lang='grc' dir='ltr'>οὕτως</span> <span class='ocrx_word' id='word_1_730' title='bbox 3725 4799 3777 4832; x_wconf 80' lang='grc'><strong>⁸⁷</strong></span> 
     </span>
    </p>
   </div>
   <div class='ocr_carea' id='block_1_103' title="bbox 2195 4884 3784 4958">
    <p class='ocr_par' dir='ltr' id='par_1_103' title="bbox 2195 4884 3784 4958">
     <span class='ocr_line' id='line_1_103' title="bbox 2195 4884 3784 4958; baseline -0.002 -16"><span class='ocrx_word' id='word_1_731' title='bbox 2195 4888 2463 4952; x_wconf 86' lang='grc' dir='ltr'>ἐπιεικές.</span> <span class='ocrx_word' id='word_1_732' title='bbox 2502 4886 2733 4953; x_wconf 74' lang='grc' dir='ltr'>Ἠξίου,</span> <span class='ocrx_word' id='word_1_733' title='bbox 2776 4888 2963 4958; x_wconf 76' lang='grc' dir='ltr'>φησίνο</span> <span class='ocrx_word' id='word_1_734' title='bbox 3014 4887 3136 4941; x_wconf 75' lang='grc' dir='ltr'>οὐδὲ</span> <span class='ocrx_word' id='word_1_735' title='bbox 3188 4886 3297 4957; x_wconf 84' lang='grc' dir='ltr'><strong>γὰρ</strong></span> <span class='ocrx_word' id='word_1_736' title='bbox 3324 4885 3611 4957; x_wconf 78' lang='grc' dir='ltr'>ὠργίζετο,</span> <span class='ocrx_word' id='word_1_737' title='bbox 3654 4884 3784 4939; x_wconf 81' lang='grc' dir='ltr'>ἀλλ’</span> 
     </span>
    </p>
   </div>
   <div class='ocr_carea' id='block_1_104' title="bbox 2196 4974 3783 5050">
    <p class='ocr_par' dir='ltr' id='par_1_104' title="bbox 2196 4974 3783 5050">
     <span class='ocr_line' id='line_1_104' title="bbox 2196 4974 3783 5050; baseline -0.003 -18"><span class='ocrx_word' id='word_1_738' title='bbox 2196 4980 2554 5049; x_wconf 80' lang='grc' dir='ltr'>ἐπαρεκάλει.</span> <span class='ocrx_word' id='word_1_739' title='bbox 2590 4978 2656 5032; x_wconf 88' lang='grc' dir='ltr'>Τί</span> <span class='ocrx_word' id='word_1_740' title='bbox 2678 4974 2769 5034; x_wconf 80' lang='grc' dir='ltr'><strong>οὖν</strong></span> <span class='ocrx_word' id='word_1_741' title='bbox 2797 4996 2813 5046; x_wconf 90' lang='grc'>;</span> <span class='ocrx_word' id='word_1_742' title='bbox 2842 4978 3028 5050; x_wconf 73' lang='grc' dir='ltr'>ἐχθροὶ</span> <span class='ocrx_word' id='word_1_743' title='bbox 3050 4977 3403 5049; x_wconf 82' lang='grc' dir='ltr'>ἀνεχώρησαν</span> <span class='ocrx_word' id='word_1_744' title='bbox 3426 4993 3442 5043; x_wconf 91' lang='lat'><strong>;</strong></span> <span class='ocrx_word' id='word_1_745' title='bbox 3478 4977 3569 5046; x_wconf 83' lang='grc' dir='ltr'>Μὴ</span> <span class='ocrx_word' id='word_1_746' title='bbox 3592 4974 3783 5044; x_wconf 72' lang='grc' dir='ltr'>γένυι-</span> 
     </span>
    </p>
   </div>
   <div class='ocr_carea' id='block_1_105' title="bbox 2198 5056 3786 5143">
    <p class='ocr_par' dir='ltr' id='par_1_105' title="bbox 2198 5056 3786 5143">
     <span class='ocr_line' id='line_1_105' title="bbox 2198 5056 3786 5143; baseline -0.003 -17"><span class='ocrx_word' id='word_1_747' title='bbox 2198 5090 2280 5126; x_wconf 86' lang='grc' dir='ltr'><strong>το.</strong></span> <span class='ocrx_word' id='word_1_748' title='bbox 2328 5069 2494 5143; x_wconf 83' lang='grc' dir='ltr'>Ὀρᾷς</span> <span class='ocrx_word' id='word_1_749' title='bbox 2533 5071 2642 5142; x_wconf 88' lang='grc' dir='ltr'><strong>γάρ</strong></span> <span class='ocrx_word' id='word_1_750' title='bbox 2669 5070 2807 5141; x_wconf 83' lang='grc' dir='ltr'>μετὰ</span> <span class='ocrx_word' id='word_1_751' title='bbox 2834 5070 2992 5125; x_wconf 80' lang='grc' dir='ltr'>τοῦτο</span> <span class='ocrx_word' id='word_1_752' title='bbox 3027 5056 3314 5140; x_wconf 77' lang='grc' dir='ltr'>Βαρνάϐαν</span> <span class='ocrx_word' id='word_1_753' title='bbox 3348 5067 3558 5122; x_wconf 82' lang='grc' dir='ltr'>πολλῶν</span> <span class='ocrx_word' id='word_1_754' title='bbox 3603 5068 3786 5135; x_wconf 79' lang='grc' dir='ltr'>ἐγκω-</span> 
     </span>
    </p>
   </div>
   <div class='ocr_carea' id='block_1_106' title="bbox 2202 5157 3781 5235">
    <p class='ocr_par' dir='ltr' id='par_1_106' title="bbox 2202 5157 3781 5235">
     <span class='ocr_line' id='line_1_106' title="bbox 2202 5157 3781 5235; baseline -0.002 -19"><span class='ocrx_word' id='word_1_755' title='bbox 2202 5164 2343 5235; x_wconf 89' lang='grc' dir='ltr'>μίων</span> <span class='ocrx_word' id='word_1_756' title='bbox 2374 5162 2715 5217; x_wconf 83' lang='grc' dir='ltr'>ἀπολαύοντα</span> <span class='ocrx_word' id='word_1_757' title='bbox 2736 5162 2889 5233; x_wconf 76' lang='grc' dir='ltr'>παρὰ.</span> <span class='ocrx_word' id='word_1_758' title='bbox 2920 5162 3134 5214; x_wconf 85' lang='grc' dir='ltr'>Παύλου</span> <span class='ocrx_word' id='word_1_759' title='bbox 3167 5160 3223 5213; x_wconf 91' lang='grc' dir='ltr'><strong>ἐν</strong></span> <span class='ocrx_word' id='word_1_760' title='bbox 3255 5161 3376 5223; x_wconf 78' lang='grc' dir='ltr'>ταῖς</span> <span class='ocrx_word' id='word_1_761' title='bbox 3405 5157 3781 5221; x_wconf 82' lang='grc' dir='ltr'>Ἐπιστολαῖς.</span> 
     </span>
    </p>
   </div>
   <div class='ocr_carea' id='block_1_107' title="bbox 2212 5250 3785 5328">
    <p class='ocr_par' dir='ltr' id='par_1_107' title="bbox 2212 5250 3785 5328">
     <span class='ocr_line' id='line_1_107' title="bbox 2212 5250 3785 5328; baseline -0.003 -19"><span class='ocrx_word' id='word_1_762' title='bbox 2212 5256 2372 5328; x_wconf 68' lang='grc' dir='ltr'>Ἐμοὶ</span> <span class='ocrx_word' id='word_1_763' title='bbox 2411 5257 2558 5311; x_wconf 81' lang='grc' dir='ltr'>δοκεῖ</span> <span class='ocrx_word' id='word_1_764' title='bbox 2619 5258 2712 5310; x_wconf 74' lang='grc' dir='ltr'>καὶ</span> <span class='ocrx_word' id='word_1_765' title='bbox 2768 5255 2910 5309; x_wconf 85' lang='grc' dir='ltr'><strong>κατά</strong></span> <span class='ocrx_word' id='word_1_766' title='bbox 2959 5254 3272 5321; x_wconf 84' lang='grc' dir='ltr'>συναίρεσιν</span> <span class='ocrx_word' id='word_1_767' title='bbox 3319 5253 3366 5288; x_wconf 80' lang='grc'>⁸⁸</span> <span class='ocrx_word' id='word_1_768' title='bbox 3394 5250 3649 5322; x_wconf 86' lang='grc' dir='ltr'>γενέσθαι</span> <span class='ocrx_word' id='word_1_769' title='bbox 3686 5251 3785 5304; x_wconf 74' lang='grc' dir='ltr'>τὸν</span> 
     </span>
    </p>
   </div>
   <div class='ocr_carea' id='block_1_108' title="bbox 2207 5341 3794 5420">
    <p class='ocr_par' dir='ltr' id='par_1_108' title="bbox 2207 5341 3794 5420">
     <span class='ocr_line' id='line_1_108' title="bbox 2207 5341 3794 5420; baseline -0.001 -22"><span class='ocrx_word' id='word_1_770' title='bbox 2207 5349 2506 5418; x_wconf 70' lang='grc' dir='ltr'>χωρισμὸν,</span> <span class='ocrx_word' id='word_1_771' title='bbox 2564 5348 2661 5401; x_wconf 69' lang='grc' dir='ltr'><strong>καὶ</strong></span> <span class='ocrx_word' id='word_1_772' title='bbox 2704 5347 2840 5419; x_wconf 67' lang='grc' dir='ltr'>πρὸς</span> <span class='ocrx_word' id='word_1_773' title='bbox 2901 5346 3165 5420; x_wconf 82' lang='grc' dir='ltr'>ἀλλήλους</span> <span class='ocrx_word' id='word_1_774' title='bbox 3196 5348 3392 5412; x_wconf 74' lang='grc' dir='ltr'>εἰπεῖν,</span> <span class='ocrx_word' id='word_1_775' title='bbox 3429 5345 3513 5397; x_wconf 84' lang='grc' dir='ltr'><strong>ὅτι</strong></span> <span class='ocrx_word' id='word_1_776' title='bbox 3560 5341 3794 5420; x_wconf 65' lang='grc' dir='ltr'>Ἐπειδὴ</span> 
     </span>
    </p>
   </div>
   <div class='ocr_carea' id='block_1_109' title="bbox 2209 5418 3789 5510">
    <p class='ocr_par' dir='ltr' id='par_1_109' title="bbox 2209 5424 3789 5510">
     <span class='ocr_line' id='line_1_109' title="bbox 2209 5424 3789 5510; baseline -0.002 -19"><span class='ocrx_word' id='word_1_777' title='bbox 2209 5440 2319 5505; x_wconf 75' lang='grc' dir='ltr'>ἐγὼ</span> <span class='ocrx_word' id='word_1_778' title='bbox 2352 5439 2633 5508; x_wconf 72' lang='grc' dir='ltr'>βούλομαι,</span> <span class='ocrx_word' id='word_1_779' title='bbox 2687 5441 2750 5491; x_wconf 74' lang='grc' dir='ltr'><strong>σὺ</strong></span> <span class='ocrx_word' id='word_1_780' title='bbox 2783 5439 2842 5491; x_wconf 84' lang='grc' dir='ltr'>δὲ</span> <span class='ocrx_word' id='word_1_781' title='bbox 2874 5440 2937 5493; x_wconf 77' lang='grc' dir='ltr'><strong>οὑ</strong></span> <span class='ocrx_word' id='word_1_782' title='bbox 2978 5439 3178 5510; x_wconf 85' lang='grc' dir='ltr'>βούλει,</span> <span class='ocrx_word' id='word_1_783' title='bbox 3214 5439 3301 5492; x_wconf 81' lang='grc' dir='ltr'><strong>ἵνα</strong></span> <span class='ocrx_word' id='word_1_784' title='bbox 3339 5435 3421 5508; x_wconf 20' lang='grc' dir='ltr'><strong>μὴν</strong></span> <span class='ocrx_word' id='word_1_785' title='bbox 3448 5424 3789 5507; x_wconf 80' lang='grc' dir='ltr'>μαχώμεθα,</span> 
     </span>
    </p>
   </div>
   <div class='ocr_carea' id='block_1_110' title="bbox 1710 5748 2590 5816">
    <p class='ocr_par' dir='ltr' id='par_1_110' title="bbox 1710 5748 2590 5816">
     <span class='ocr_line' id='line_1_110' title="bbox 1710 5748 2590 5816; baseline 0.007 -6"><span class='ocrx_word' id='word_1_786' title='bbox 1710 5748 1916 5812; x_wconf 69' lang='lat' dir='ltr'><strong>Variae</strong></span> <span class='ocrx_word' id='word_1_787' title='bbox 1960 5751 2264 5815; x_wconf 89' lang='lat' dir='ltr'><strong>lectiones</strong></span> <span class='ocrx_word' id='word_1_788' title='bbox 2294 5760 2356 5815; x_wconf 87' lang='lat' dir='ltr'><strong>et</strong></span> <span class='ocrx_word' id='word_1_789' title='bbox 2401 5762 2590 5816; x_wconf 74' lang='lat' dir='ltr'><strong>noue.</strong></span> 
     </span>
    </p>
   </div>
   <div class='ocr_carea' id='block_1_111' title="bbox 601 5893 2084 5964">
    <p class='ocr_par' dir='ltr' id='par_1_111' title="bbox 601 5893 2084 5964">
     <span class='ocr_line' id='line_1_111' title="bbox 601 5893 2084 5964; baseline 0.002 -14"><span class='ocrx_word' id='word_1_790' title='bbox 601 5894 650 5930; x_wconf 76' lang='grc'><strong><em>⁸⁵</em></strong></span> <span class='ocrx_word' id='word_1_791' title='bbox 680 5893 889 5962; x_wconf 69' lang='grc' dir='ltr'>αὐτοῖς,</span> <span class='ocrx_word' id='word_1_792' title='bbox 923 5904 1056 5951; x_wconf 83' lang='lat' dir='ltr'><strong>erat.</strong></span> <span class='ocrx_word' id='word_1_793' title='bbox 1132 5897 1177 5929; x_wconf 78' lang='lat'><strong>&#39;°</strong></span> <span class='ocrx_word' id='word_1_794' title='bbox 1210 5896 1311 5960; x_wconf 85' lang='grc' dir='ltr'>δεῖ,</span> <span class='ocrx_word' id='word_1_795' title='bbox 1372 5903 1509 5951; x_wconf 83' lang='lat' dir='ltr'><strong>erat.</strong></span> <span class='ocrx_word' id='word_1_796' title='bbox 1585 5898 1628 5929; x_wconf 68' lang='grc'><strong><em>⁵⁷</em></strong></span> <span class='ocrx_word' id='word_1_797' title='bbox 1660 5896 1822 5964; x_wconf 76' lang='grc' dir='ltr'>οὕτω,</span> <span class='ocrx_word' id='word_1_798' title='bbox 1865 5908 2001 5953; x_wconf 85' lang='lat' dir='ltr'><strong>erat.</strong></span> <span class='ocrx_word' id='word_1_799' title='bbox 2076 5901 2084 5931; x_wconf 85' lang='grc'>¹</span> 
     </span>
    </p>
   </div>
   <div class='ocr_carea' id='block_1_112' title="bbox 2188 5893 2593 5964">
    <p class='ocr_par' dir='ltr' id='par_1_112' title="bbox 2188 5896 2593 5952">
     <span class='ocr_line' id='line_1_112' title="bbox 2188 5896 2593 5952; baseline -0.012 -1"><span class='ocrx_word' id='word_1_800' title='bbox 2188 5911 2238 5951; x_wconf 72' lang='grc'>7.</span> <span class='ocrx_word' id='word_1_801' title='bbox 2269 5896 2593 5952; x_wconf 79' lang='grc' dir='ltr'>συναίνεσιν.</span> 
     </span>
    </p>
   </div>
  </div>
