4114 6428
407 373 516 439 733

1084 376 1489 444 EXPOSITIO
1528 379 1610 441 IN
1650 380 1839 439 ACTA
1867 375 2697 446 APOSTOLORUM.—CAP.
2734 385 2888 446 XVI.

3559 389 3668 455 726

409 490 784 562 διανενώμεθα
806 490 1175 558 τοὺς”τόπους⁶
1206 492 1513 549 ὥστεπάνυ
1540 494 1787 557 εἴκοντες
1821 490 1992 560 ἀλλή-

2108 493 2248 546 verbi
2274 498 2464 565 gratia,
2499 496 2640 552 Elius
2674 513 2837 568 asper
2875 514 2937 555 ae
2963 498 3133 556 durus
3161 510 3300 566 erat,
3354 502 3562 575 Moyses
3587 508 3669 564 le-

412 586 528 649 λοις
549 584 712 639 τοῦτο
739 583 983 641 ἐποίουν.
1006 583 1197 640 Ταῦτα
1223 585 1280 639 δὲ
1311 586 1622 658 γέγραπται
1659 586 1795 655 πρὸς
1822 584 1991 638 τύπον

418 677 713 747 ἡμέτερον,
747 676 836 731 ἵνα
865 675 941 748 μὴ
970 676 1404 747 καταπίπτωμεν
1432 693 1447 708 ·
1471 677 1532 732 οὐ
1564 677 1672 745 γὰρ
1703 676 1872 739 ἔστιν,
1895 675 1994 729 ἀν·-

412 768 668 840 θρῶπους
700 768 884 835 ὄντας,
938 771 1014 847 μὴ
1072 769 1498 841 παροξύνεσθαι·
1554 770 1993 841 παροξυνθέντας

412 862 469 914 δὲ
503 862 610 931 χρὴ
641 860 1101 932 μεταϐάλλεσθαι·
1129 861 1271 916 πάνυ
1296 862 1353 916 δὲ
1378 862 1630 932 ὠφέλησε
1655 861 1745 915 τὸν
1769 861 1994 930 Μάρκον

415 956 455 1024 ὴ
482 955 632 1026 μάχη
661 954 825 1023 αὕτη.
853 955 927 1008 Τὸ
953 956 1054 1024 μὲν
1075 955 1187 1027 γὰρ
1214 956 1432 1013 Παύλου
1452 956 1706 1027 φοϐερὸν.
1733 956 1995 1024 ἐπέστρεο

410 1068 518 1117 φεν
555 1050 737 1104 αὐτόν·
764 1051 829 1104 τὸ
869 1049 924 1103 δὲ
956 1048 1218 1120 Βαρνάϐα
1267 1050 1526 1121 χρηστὸν,
1553 1050 1747 1107 ,ἐποίει
1797 1048 1993 1120 μηκέτι

411 1141 836 1210 ἀπολειφθῆναι.
868 1144 1031 1201 Ὥστε
1068 1143 1333 1212 μάχονται
1366 1142 1488 1210 μιν,
1518 1142 1651 1214 πρὸς
1678 1141 1811 1198 ἓνδὲ
1843 1141 1995 1206 τέλος

414 1232 636 1301 ἀπαντᾷ
664 1231 725 1283 τὸ
753 1232 962 1302 κέρδος.
996 1232 1108 1289 Καὶ
1151 1231 1264 1302 γὰρ
1302 1231 1515 1289 Παῦλον
1548 1231 1690 1302 ὁρῶν
1731 1230 1996 1301 αἱρούμε-

415 1339 509 1373 νον
541 1322 867 1390 ἀποστῆναι,
902 1323 1048 1376 πάνυ
1074 1321 1320 1392 ἐφοϐήθη
1368 1322 1461 1377 καὶ
1485 1322 1737 1392 κατέγνω
1772 1322 1993 1376 ἑαυτοῦ·

412 1415 509 1466 καὶ
540 1411 826 1484 Βαρνάϐαν
850 1413 991 1484 ὁρῶν
1046 1414 1219 1479 οὕτως
1247 1414 1416 1468 αὑτοῦ
1439 1416 1822 1486 ἀντεχόμενον,
1854 1414 1994 1470 πάνυ

411 1505 583 1559 αὑτὸν
612 1506 837 1577 ἐφίλησε
868 1523 883 1539 ο
923 1508 1019 1560 καὶ
1061 1507 1359 1577 διωρθοῦτο
1390 1509 1420 1563 ὁ
1481 1507 1730 1579 μαθητὴς
1776 1507 1864 1562 διὰ
1897 1507 1996 1578 τῆς

412 1596 601 1663 μάχης
632 1594 739 1648 τῶν
774 1594 1135 1649 διδασκάλων·
1171 1596 1427 1652 τοσοῦτον
1465 1598 1662 1667 ἀπεῖχε
1698 1595 1795 1651 τοῦ
1831 1614 1997 1651 σκαν-

408 1687 749 1755 δαλισθῆναι.
779 1688 1060 1757 Διήρχετο
1082 1687 1152 1742 δὲ
1179 1689 1293 1757 τὴν
1314 1691 1540 1758 Συρίαν
1566 1689 1664 1744 καὶ
1697 1691 1995 1756 Κιλικίαν,

411 1778 811 1845 ἐπιστηρίζων
857 1781 967 1846 τὰς
1022 1780 1407 1849 Ἐκκλησίας.
1465 1781 1541 1835 Οὐ
1601 1781 1866 1852 πρότερον
1907 1783 1994 1836 ἐπ’

411 1868 587 1932 ἄλλας
637 1868 860 1940 ἔρχεται
914 1871 1098 1935 πόλεις
1147 1847 1277 1941 πρὶν
1327 1847 1372 1940 ἦγ
1418 1872 1517 1934 τὰς
1572 1847 1873 1939 δεξαμένας
1905 1871 1998 1925 τδν
2032 1847 2073 1902 Β

414 1958 581 2027 λόγον
608 1959 1030 2031 ἐπισκέψασθαι.
1059 1960 1231 2016 Τοῦτο
1259 1961 1353 2016 καὶ
1392 1963 1554 2033 ἡμεῖς
1580 1964 1842 2032 ποιῶμεν·
1873 1964 2001 2027 τοὺς

414 2050 671 2119 πρώτους
711 2050 941 2122 πρώτως
988 2054 1335 2121 παιδεύωμεν
1379 2054 1446 2116 δ’,
1491 2055 1577 2107 ἵνα
1628 2055 1701 2122 μὴ
1731 2048 1875 2106 οῦτοι
1902 2057 2001 2122 ἑμο

416 2142 606 2193 πόὸιον
668 2140 933 2207 γένωνται
971 2145 1085 2207 τοῖς
1127 2142 1266 2213 μετὰ
1293 2142 1487 2195 ταῦτα.
1525 2141 1633 2195 Καὶ
1658 2142 1787 2195 ἰδοὺ
1815 2146 2002 2209 mion-

414 2229 531 2295 τὴς
581 2223 664 2298 ἦν
688 2230 817 2285 ἐκεῖ
844 2232 1088 2303 ὀνόματι
1122 2226 1420 2299 Τιμόθεος.
1452 2233 1572 2288 ὑπὸ
1616 2232 1911 2286 Ἰουδαίων
1930 2233 1999 2297 σθ,

416 2322 573 2390 φησί.
622 2322 732 2375 Καὶ
780 2323 1121 2392 σημειωτέον
1162 2324 1247 2377 ὅτι
1278 2323 1535 2377 τοσοῦτον
1579 2320 1721 2392 ἦσαν
1755 2322 2000 2375 Ἰουδαῖοι

417 2415 515 2467 τὸν
569 2415 737 2485 νόμον
771 2416 1314 2486 καταφρονήσαντες,
1343 2417 1425 2469 ὅτι
1466 2416 1560 2469 καὶ
1584 2414 1843 2483 Ἕλλησιν
1869 2417 2000 2480 ἐγα-

419 2505 647 2573 μοῦντο.
678 2506 771 2559 καὶ
804 2507 1123 2576 Ἑλληνίδας
1174 2507 1437 2576 ἐγάμουν.
1469 2507 1578 2562 Kal
1613 2506 1815 2561 λαϐὼν
1844 2522 2000 2573 περι-

415 2596 630 2666 έτεμεν
664 2599 852 2652 αὑτὸν
876 2599 973 2655 διὰ
1001 2598 1140 2666 τοὺς
1184 2600 1538 2665 Ἰουδαίους.
1577 2599 1763 2662 ’Ἄξιον
1792 2599 2003 2651 ὲκπλαον

416 2686 587 2756 γῆναι
612 2688 707 2740 τοῦ
742 2689 958 2744 Παύλοιί
1000 2689 1103 2760 τὴν
1147 2689 1400 2750 σύνεσιν·
1435 2688 1718 2743 ὀτοσαῦτα
1759 2686 2004 2757 μαχησά-

423 2796 586 2846 μενος
619 2780 750 2851 περὶ
777 2781 875 2843 τῆς
902 2782 1228 2851 περιτομῆς,
1263 2781 1358 2834 καὶ
1388 2780 1567 2834 πάντα
1601 2779 1832 2849 κινήσας
1861 2778 2003 2846 ὑπὲρ

419 2871 616 2923 τούτου
651 2872 757 2935 ἕως
790 2864 853 2925 οὗ
882 2871 1235 2942 κατώρθωσε,
1265 2873 1557 2942 περιέτεμε
1606 2871 1697 2925 τὸν
1730 2870 2002 2940 μαθητήν⁶

420 2962 520 3016 καὶ
545 2964 607 3014 οὐ
688 2964 847 3034 μόνον
901 2962 1121 3033 ἐτέρους
1151 2964 1214 3017 οὐ
1286 2963 1511 3025 κωλύει,
1549 2961 1686 3015 ἀλλὰ
1718 2961 1811 3013 καὶ
1840 2960 2004 3021 αὐτὸς

420 3053 583 3106 τοῦτο
633 3053 953 3122 ἐργάζεται.
1010 3054 1193 3107 Πάντα
1255 3051 1349 3107 οὖν
1406 3054 1544 3121 πρὸς
1599 3055 1660 3104 τὸ
1721 3051 2006 3121 συμφέρον

424 3141 594 3212 ἑώρα,
656 3144 749 3197 καὶ
799 3143 953 3197 οὐδὲν
988 3142 1175 3206 ἁπλῶς
1213 3142 1407 3196 ἐποίει.
1447 3143 1554 3195 Καὶ
1578 3141 1639 3195 τὸ
1667 3140 1997 3212 θαυμαστὸν,
2028 3173 2073 3233 c

423 3234 508 3289 ὅτι
538 3235 630 3288 καὶ
675 3236 988 3303 ἐπηγάγετο
1039 3235 1223 3288 αὐτόν.
1282 3233 1384 3288 Διά
1450 3234 1594 3298 τούς
1662 3232 2000 3299 Ἰουδαίους,

425 3327 584 3395 φησὶ,
620 3327 763 3393 τοὺς
786 3326 965 3392 ὄντας
1004 3328 1073 3379 ἐν
1102 3325 1227 3391 τοῖς
1248 3325 1453 3390 τόποις
1494 3324 1763 3389 ἐκείνοις,
1799 3323 1912 3375 Οὐκ
1939 3323 2005 3375 ἂν

427 3408 540 3487 γὰρ
566 3417 859 3486 ἠνέσχοντο
887 3417 1041 3488 παρὰ
1081 3416 1423 3486 ἀκροόύστου
1450 3415 1541 3467 τὸν
1565 3413 1722 3482 λόγον
1753 3412 2002 3466 ἀκοῦσαι*

429 3507 523 3560 καὶ
550 3507 604 3558 τί
623 3524 638 3572 ;
660 3507 802 3576 Ὅρα
824 3506 885 3560 τὺ
914 3505 1270 3576 κατόρθωμα·
1304 3503 1649 3575 περιέτεμεν,
1669 3502 1757 3555 ἵνα
1791 3518 2006 3568 περιτο-

434 3598 540 3670 μὴν
562 3597 789 3668 καθέλῃ.
831 3598 893 3651 οὐ
940 3597 1204 3650 συνιστῶν
1225 3595 1322 3666 τὴν
1347 3593 1671 3665 περιτομὴν,
1701 3592 1840 3647 ἀλλὰ
1864 3593 2006 3662 πρᾶ-

434 3708 550 3761 γμα
583 3691 843 3761 μέγιστον
869 3691 961 3743 καὶ
981 3691 1148 3744 πᾶσιν
1172 3689 1308 3758 ὁμοῦ
1340 3690 1449 3749 τοῖς
1475 3686 1799 3747 ἀποστόλοις
1833 3701 2009 3738 καταο

436 3784 626 3851 θὺμιον
660 3780 1009 3856 κατορθῶσαι
1051 3778 1395 3849 βουλόμενος.
1426 3779 1573 3830 Ἀνω
1594 3776 1701 3846 γὰρ
1737 3776 1833 3828 καὶ
1859 3774 2011 3828 κάτω

433 3871 765 3944 διέϐα).[).]ον
794 3871 957 3924 αὐτὸν
979 3872 1027 3924 οἱ
1073 3869 1337 3932 Ἰουδαῖοι,
1371 3868 1445 3931 ὡς
1494 3866 1772 3938 πανταχοῦ
1801 3865 1893 3919 τὸν
1922 3865 2012 3918 νόο

441 3981 537 4033 μον
566 3965 965 4034 ἁνατρέποντα,
1011 3962 1105 4015 καὶ
1164 3961 1289 4021 τοὺς
1348 3959 1408 4022 ἐξ
1463 3958 1633 4011 ἐθνῶν
1671 3957 2012 4010 ἀποστασίαν

439 4049 775 4118 διδάσκοντα,
815 4054 910 4108 καὶ
964 4053 1172 4124 σφόδρα
1210 4054 1343 4123 πρὸς
1394 4050 1558 4104 αὐτὸν
1616 4050 1871 4120 ἀπεχθῶς
1910 4050 2013 4102 διέ-

438 4162 636 4198 κειντο.
706 4144 860 4198 Ἐπεὶ
899 4144 992 4197 οὖν
1037 4144 1127 4196 τὸν
1184 4142 1448 4213 Τιμόθεον
1493 4135 1619 4210 εὗρε
1655 4140 1904 4211 μαθητὴν
1954 4141 2015 4204 ἐξ

450 4234 719 4305 Ἑλλήνων
756 4235 891 4305 πρὸς
941 4233 1246 4305 ὑπηρεσίαν
1303 4233 1469 4286 αὑτοῦ
1522 4233 1828 4304 ἐπιτήδειον
1860 4271 1877 4298 ,
1922 4234 2016 4287 καὶ

2095 584 2182 637 nis
2220 601 2282 638 ac
2338 586 2503 641 mitis.
2554 588 2631 643 [ta
2662 588 2923 645 nimirum
2953 590 3119 647 etiam
3151 593 3242 648 hic
3283 594 3665 654 vehementior

2092 686 2149 730 et
2200 678 2378 733 acrior
2413 689 2501 735 est
2528 681 2748 745 Paulus,
2809 683 2904 739 sed
2933 682 3059 740 vide
3087 685 3252 740 etiam
3295 686 3373 742 sic
3422 703 3533 743 non
3568 690 3667 744 de-

2094 781 2215 821 esse
2250 766 2324 821 illi
2372 770 2855 826 mansuetudinem
2905 787 2970 827 ac
3016 772 3316 829 lenitatem.
3375 775 3582 842 Ἢξίου,
3614 779 3667 832 id

2095 866 2199 922 est,
2248 860 2461 916 volebat
2505 871 2560 917 et
2596 864 2875 928 censebat,
2902 864 3082 934 inquit
3114 882 3132 920 :
3184 881 3360 936 neque
3385 869 3530 923 enim
3563 871 3638 923 ira

2094 950 2367 1017 seebatur,
2391 954 2486 1009 sed
2514 959 2758 1026 rogabat.
2786 956 2926 1024 Quid
2956 958 3121 1029 igitur
3149 960 3173 1012 ?
3202 959 3409 1014 inimici
3443 959 3668 1032 digressi

2095 1043 2263 1097 sunt?
2306 1044 2468 1100 absit.
2508 1047 2674 1102 Vides
2701 1048 2848 1102 enim
2875 1057 3062 1118 postea
3106 1050 3306 1106 multas
3332 1040 3519 1108 laudes
3541 1053 3673 1107 Bar-

2096 1132 2248 1187 nabas
2275 1133 2436 1188 tribui
2461 1136 2514 1190 iu
2551 1139 2796 1205 epistolis
2841 1155 2870 1193 a
2898 1139 3085 1196 Paulo.
3142 1140 3275 1196 Mihi
3327 1142 3490 1197 etiam
3531 1158 3671 1198 eon-

2096 1238 2261 1278 sensu
2317 1225 2570 1296 dirempti
2615 1244 2678 1283 ac
2713 1230 2948 1298 separati
2976 1245 3099 1285 esse
3124 1231 3402 1296 videntur,
3437 1240 3492 1287 et
3531 1233 3672 1286 alter

2096 1314 2161 1369 ad
2194 1314 2423 1370 alterum
2476 1318 2698 1384 dixisse,
2749 1320 3022 1386 videlicet,
3055 1321 3510 1391 Quandoquidem
3567 1337 3670 1392 ego

2098 1407 2239 1470 volo,
2271 1415 2327 1461 tu
2357 1423 2484 1463 vero
2514 1425 2624 1464 non
2655 1411 2756 1476 vis,
2787 1426 2857 1466 ne
2886 1427 3189 1483 pugnemus
3220 1412 3365 1467 inter
3393 1428 3514 1480 nos,
3545 1428 3671 1482 par-

2100 1495 2298 1550 tiamur
2326 1497 2469 1551 inter
2498 1515 2601 1553 nus
2649 1501 2788 1566 loca,
2845 1510 3007 1571 atque
3043 1501 3100 1556 in
3142 1502 3386 1558 diversas
3423 1504 3674 1574 regiones

2096 1586 2374 1644 abeamus.
2401 1588 2587 1659 Itaque
2607 1590 2900 1646 admodum
2932 1594 3070 1647 alter
3096 1594 3252 1648 alteri
3282 1593 3546 1670 cedentes
3570 1593 3674 1650 hoc

2099 1678 2387 1736 faciebant.
2422 1679 2547 1735 Haec
2574 1690 2758 1737 autem
2797 1684 2999 1753 scripta
3030 1694 3157 1740 sunt
3184 1685 3340 1740 nobis
3362 1702 3462 1755 pro
3485 1701 3673 1739 exem—

2098 1772 2207 1841 plu,
2230 1787 2298 1826 ne
2321 1772 2626 1828 relabamur
2656 1791 2718 1829 ac
2751 1784 3161 1845 prosternamur
3196 1794 3209 1830 :
3243 1777 3358 1831 ﬁeri
3393 1777 3537 1831 enim
3564 1794 3675 1831 non

2103 1873 2301 1934 potest.
2332 1865 2486 1935 quin,
2531 1882 2653 1921 cum
2716 1867 2966 1924 homines
3010 1867 3221 1933 simus,
3263 1868 3558 1938 aliquando
3599 1868 3677 1922 ira

2102 1955 2442 2009 concitemur
2462 1964 2514 2010 et
2537 1958 2988 2013 exardescamus:
3025 1959 3123 2014 sed
3152 1958 3459 2013 concitatos
3489 1960 3677 2012 animo

2103 2044 2297 2098 mutari
2321 2053 2376 2098 et
2406 2045 2635 2115 mitigari
2668 2056 2900 2115 oportet.
2937 2046 3101 2102 Valde
3125 2056 3311 2102 autem
3342 2047 3520 2102 Marco
3550 2064 3679 2118 pro-

2102 2136 2204 2189 fuit
2232 2136 2345 2190 haec
2395 2152 2594 2206 pugna.
2663 2136 2798 2191 Nam
2855 2138 3007 2192 Pauli
3052 2138 3273 2208 quidem
3317 2139 3588 2194 acerbitas
3621 2150 3678 2193 et

2102 2229 2368 2298 aSperitas
2425 2229 2574 2283 illum
2632 2230 2698 2284 ad
2755 2230 3041 2285 sanitatem
3077 2231 3380 2287 convertit:
3417 2231 3678 2285 Barnabze

2104 2336 2230 2373 vero
2261 2319 2570 2375 humanitas
2595 2329 2757 2390 atque
2789 2321 2985 2375 lenitas
3007 2321 3295 2385 elIiciebat,
3323 2338 3392 2376 ne
3416 2322 3677 2392 deinceps

2103 2412 2359 2466 deﬁceret
2387 2421 2440 2467 et
2463 2411 2640 2467 oliieio
2678 2427 2778 2467 suo
2801 2412 3039 2468 deesset.
3076 2412 3265 2481 Itaque
3298 2413 3679 2483 pugnantqni-

2104 2503 2251 2565 dem,
2290 2504 2386 2559 sed
2437 2504 2648 2559 lucrum
2678 2503 2746 2559 ad
2795 2519 2964 2558 unum
3020 2504 3180 2558 linem
3220 2504 3410 2559 tendit.
3464 2504 3677 2559 Etenim

2106 2612 2230 2649 eum
2288 2595 2494 2650 videret
2546 2596 2783 2650 Paulum
2830 2596 2990 2650 malle
3036 2596 3336 2659 discedere,
3382 2597 3674 2650 admodum

2106 2685 2303 2751 timuit,
2354 2694 2517 2754 atque
2561 2686 2913 2754 semetipsum
2946 2686 3245 2750 damnavit,
3290 2696 3346 2741 et
3370 2686 3676 2740 Barnaham

2107 2774 2297 2829 videns
2341 2774 2411 2827 ita
2443 2790 2502 2829 se
2534 2784 2799 2839 tuentem,
2844 2775 3261 2844 amplectentem
3308 2791 3372 2831 ae
3404 2776 3682 2831 vindican-

2111 2876 2240 2930 tem,
2272 2866 2425 2920 valde
2451 2883 2574 2919 eum
2612 2867 2821 2921 dilexit.
2851 2866 2915 2932 Et
2932 2868 3324 2922 emendebatur
3348 2877 3404 2922 et
3444 2869 3680 2938 corrige»

2107 2959 2268 3013 batur
2307 2958 2608 3027 discipulus
2640 2974 2737 3027 per
2790 2972 3027 3029 pugnam
3071 2968 3234 3028 atque
3274 2960 3675 3015 dissensionem

2108 3051 2513 3119 magistrorum.
2548 3050 2783 3104 Tantum
2822 3051 3012 3104 aberat
3046 3059 3105 3104 ut
3140 3051 3602 3105 scandalizaretur
3625 3060 3681 3106 et

2107 3143 2494 3200 oll'enderetur.
2536 3141 2865 3212 Peragrabat
2898 3150 3076 3195 autem
3109 3140 3325 3211 Syriam
3357 3150 3405 3195 et
3440 3140 3683 3195 Ciliciam

2106 3236 2422 3305 conﬁrmans
2443 3233 2725 3288 Ecclesias.
2751 3232 2865 3288 Non
2897 3233 3048 3303 prius
3075 3233 3138 3289 ad
3168 3232 3299 3288 alias
3319 3232 3527 3287 accedit
3552 3232 3689 3285 civi-

2108 3337 2267 3390 tates,
2294 3344 2455 3397 quam
2485 3328 2623 3391 illas,
2655 3342 2774 3396 qua:
2807 3328 3033 3381 verbum
3066 3325 3155 3381 Dei
3184 3333 3568 3396 perceperant.
3596 3324 3682 3377 in-

2109 3420 2346 3475 visisset.
2410 3419 2525 3473 lloc
2574 3419 2704 3473 item
2749 3436 2850 3473 nos
2880 3417 3163 3482 faciamus,
3206 3418 3413 3488 primos
3449 3416 3684 3487 primum

2110 3514 2481 3574 instituamus,
2503 3528 2572 3568 ne
2602 3512 2655 3567 hi
2675 3512 3067 3582 posterioribus
3083 3512 3364 3567 obstaculo
3385 3521 3440 3565 et
3458 3510 3688 3579 impedi-

2110 3616 2296 3661 mento
2328 3606 2487 3675 125
2506 3606 2633 3660 sint.
2656 3605 2725 3660 Et
2754 3622 2869 3660 ecce
2882 3604 3172 3674 discipulus
3192 3605 3409 3671 quidam
3437 3614 3551 3657 erat
3579 3604 3595 3654 i
3622 3602 3686 3653 lie

2111 3700 2320 3751 nontine
2360 3696 2657 3750 Timotheus
2707 3697 2849 3763 [ilius
2893 3695 3116 3750 Ιιιιίωιε.
3148 3695 3225 3749 Ac
3253 3695 3550 3748 rmtandum
3604 3702 3689 3745 est

2111 3787 2246 3840 adeo
2273 3785 2606 3854 contemptui
2628 3784 2843 3838 Judaeos
2882 3783 3136 3839 habuisse
3167 3782 3360 3852 legem,
3386 3789 3517 3835 utet
3535 3778 3687 3834 Gne-

2111 3877 2190 3932 cis
2220 3878 2336 3931 sive
2377 3872 2670 3945 gentilibus
2694 3873 2986 3937 nuberent,
3019 3880 3074 3927 et
3104 3870 3320 3928 Graecas
3357 3883 3554 3924 uxores
3584 3868 3687 3922 du-

2113 3976 2321 4023 cerent.
2350 3967 2592 4037 Eumque
2613 3967 2750 4035 cepit
2787 3974 2837 4019 et
2866 3966 3192 4021 circumcidit
3208 3971 3421 4033 propter
3450 3961 3686 4017 Judwos.

2113 4059 2303 4130 Operae
2327 4058 2561 4138 pretium
2577 4064 2661 4138 est
2676 4056 3022 4126 prudentiam
3037 4055 3191 4111 Pauli
3218 4056 3573 4111 vehementer
3602 4055 3694 4109 ad-

2117 4151 2302 4206 mirari
2336 4171 2350 4205 :
2382 4151 2476 4221 qui
2507 4134 2669 4206 toties
2700 4156 3037 4222 pugnaverat
3064 4148 3132 4204 de
3157 4146 3593 4210 circumcisione,
3629 4161 3695 4201 ac

2114 4243 2252 4296 nihil
2279 4257 2387 4296 non
2415 4251 2661 4296 moverat
2683 4249 2846 4310 atque
2871 4244 3176 4295 tentaverat
3199 4254 3299 4309 pro
3320 4237 3425 4293 hoc
3453 4237 3690 4308 negotio,

441 4329 779 4399 συνέκδημον
833 4330 979 4400 ἔχειν
1011 4328 1174 4382 αὐτὸν
1214 4327 1474 4397 ὴῦούλετο
1502 4341 1515 4354 '
1551 4327 1639 4380 διὰ
1671 4329 1797 4390 τοὺς
1845 4343 2007 4381 κατα-

2117 4334 2294 4402 quoad
2340 4331 2601 4395 confecit,
2659 4331 2988 4401 discipulum
3038 4328 3425 4385 circumcidit:
3474 4343 3538 4383 ac
3585 4344 3693 4382 non

441 4422 491 4488 φ’
512 4421 813 4490 υαροῦντας
870 4417 1038 4473 αὑτοῦ
1086 4418 1327 4486 ἀσεϐῶς,
1360 4419 1684 4488 περιέτεμεν
1715 4419 1901 4485 αὑτὸν,
1927 4418 2007 4471 διὰ

2120 4425 2296 4480 solum
2315 4440 2424 4479 non
2450 4432 2597 4479 vetat
2624 4438 2685 4477 ac
2718 4422 2971 4492 prohibet
2998 4421 3152 4482 alios,
3183 4436 3368 4475 verum
3394 4421 3556 4475 etiam
3582 4422 3698 4489 ipse

439 4530 537 4579 της
607 4511 862 4583 τοιαύτης
914 4513 1262 4581 κατασκευῆς
1315 4509 1541 4564 ἑλκύσαι
1600 4510 1825 4573 τούτους
1876 4510 2007 4581 πρὸς

2125 4518 2228 4571 hoc
2257 4516 2402 4570 facit.
2467 4516 2526 4569 In
2556 4515 2818 4568 erunibus
2865 4513 3030 4581 igitur
3062 4514 3345 4567 utilitatem
3393 4512 3694 4580 spectabat,

440 4604 626 4657 ἑαυτὸν
654 4605 999 4673 βουλόμενος.
1052 4605 1111 4656 Εἰ
1160 4604 1267 4672 γὰρ
1306 4598 1374 4671 ἦν
1406 4602 1672 4673 Τιμόθεος
1703 4604 2014 4674 ἀπερίτμη-

440 4713 551 4759 τος,
591 4694 909 4757 διδάτκαλος
962 4694 1060 4757 ὣν,
1116 4695 1317 4758 πάντες
1379 4693 1448 4747 ἂν
1502 4693 1885 4764 ἀπεπήδησανν
1918 4696 2015 4749 ἀπ’

442 4788 626 4842 αὑτοῦ.
684 4789 745 4841 El
775 4787 884 4856 γὰρ
937 4787 1173 4858 τοσαύτη
1205 4786 1427 4855 γέγονεν
1476 4785 1642 4840 αὐτοῦ
1705 4786 2015 4856 κατηγορία

440 4880 529 4933 διὰ
561 4880 835 4949 Τρόφιμον
865 4878 957 4934 τὸν
998 4879 1243 4948 Ἐφέσιον
1298 4878 1359 4931 ὃν
1408 4879 1660 4947 ἐνόμιζον
1692 4878 1775 4931 ὅτι
1805 4877 2017 4941 Παῦλος

444 4975 525 5034 εἰς
552 4972 602 5024 τὲ
640 4970 784 5040 ἱερὸν
812 4971 1109 5041 εἰσήγαγεν
1140 4970 1221 5041 (ἐξ
1262 4969 1532 5039 Ἑλλήνων
1550 4968 1605 5021 δὲ
1633 4963 1701 5039 ἦν
1734 4959 1937 5039 οὗτος),
1965 4969 2019 5021 τί

445 5067 552 5133 ἄρα
586 5064 808 5127 ἔπαθεν,
842 5065 893 5115 εἰ
919 5062 1187 5134 Τιμόθεον
1234 5062 1364 5116 ὄντα
1412 5060 1735 5114 διδάσκαλον
1766 5061 1824 5123 ἐξ
1855 5062 2019 5132 ἀκρο-

445 5157 656 5209 6ύστων
705 5152 821 5226 εἶχε
873 5156 972 5209 σὺν
1023 5153 1214 5225 αύτῷς
1252 5154 1402 5222 Ὀρα
1449 5152 1507 5205 δὲ
1536 5151 1701 5206 αὐτὸν
1733 5153 1828 5206 καὶ
1858 5153 2015 5219 ἁγνι-

448 5245 642 5300 σθὲντα
670 5247 779 5298 τῶν
820 5245 1239 5300 συναποστόλων
1295 5245 1363 5314 τῇ
1422 5242 1642 5316 γνώμῃ,
1699 5244 1793 5296 καὶ
1848 5246 1906 5298 ἐν
1942 5245 2022 5315 τῷ

450 5338 580 5409 ἱερῷ
631 5338 1020 5407 διαγγέλλοντα
1070 5337 1169 5407 τὴν
1219 5335 1573 5406 ἐκπλήρωσιν
1603 5336 1697 5388 τοῦ
1730 5336 2020 5405 ἁγνισμοῦ.

451 5430 630 5483 Πάντα
652 5429 707 5482 δὲ
743 5430 917 5484 ἐποίει
946 5430 1046 5499 τῆς
1078 5428 1354 5500 σωτηρίας
1383 5427 1490 5480 τῶν
1506 5427 1776 5481 Ἰουδαίων
1810 5427 2018 5481 ἓνεκεν.

449 5519 609 5591 Εὖροι
659 5522 719 5576 δέ
775 5539 857 5585 τις
891 5523 986 5574 καὶ
1032 5521 1123 5575 τὸν
1153 5521 1363 5590 Πέτρον
1392 5519 1761 5584 ὑποκριθέντα
1797 5518 2022 5571 Ἰουδαῖ-

2122 4625 2187 4665 ac
2209 4609 2342 4663 nihil
2375 4617 2579 4663 temere
2607 4615 2664 4660 et
2684 4607 2888 4673 absque
2918 4619 3081 4658 eausa
3113 4603 3379 4658 faciebat:
3407 4618 3471 4657 ac
3500 4603 3696 4656 mirum

2124 4708 2211 4755 est
2271 4698 2416 4766 quod
2470 4698 2620 4751 illum
2656 4696 2924 4750 adducere
2953 4693 3146 4763 potuit.
3204 4691 3430 4757 Propter
3461 4691 3695 4753 Judazos,

2126 4790 2322 4861 inquit,
2356 4791 2619 4861 quierant
2656 4789 2709 4849 in
2739 4787 2842 4842 illis
2872 4786 3024 4842 locis.
3076 4785 3193 4841 Non
3219 4784 3364 4839 enim
3407 4783 3702 4837 sustinuis-

2130 4892 2256 4939 sent
2283 4882 2354 4937 ab
2396 4896 2487 4946 eo,
2523 4878 3002 4950 quipraeputiatus
3024 4885 3188 4943 esset,
3224 4875 3449 4931 verbum
3482 4873 3575 4929 Dei
3600 4888 3702 4928 au-

2130 4974 2269 5029 dire.
2314 4973 2396 5027 Ac
2424 4972 2568 5037 vide,
2605 4971 2863 5039 quidnam
2894 4969 2995 5024 hac
3018 4983 3076 5023 re
3095 4974 3426 5024 consecutus
3448 4964 3539 5020 sit.
3579 4964 3703 5020 Cir-

2129 5062 2410 5125 cumeidit,
2438 5072 2499 5117 ut
2527 5060 3000 5118 circumeisionem
3026 5060 3262 5123 tolleret,
3286 5074 3397 5113 non
3431 5071 3707 5113 commen-

2129 5154 2266 5210 dans
2292 5152 2789 5213 circumcisionem,
2822 5150 2917 5204 sed
2947 5165 3060 5205 rem
3092 5148 3407 5213 maximam,
3437 5156 3493 5200 et
3522 5144 3706 5220 omni-

2130 5247 2234 5301 bus
2279 5244 2442 5300 simul
2492 5242 2753 5313 apostolis
2797 5249 3004 5312 gratam
3062 5251 3119 5295 et
3158 5246 3434 5308 acceptam
3487 5236 3705 5292 edicere

2130 5338 2340 5394 volens.
2394 5335 2606 5404 Ubique
2632 5333 2777 5389 enim
2806 5332 2979 5386 Judaei
3017 5332 3167 5385 illum
3208 5329 3705 5393 calun‘miahautur,

2131 5439 2191 5483 ut
2223 5428 2313 5497 qui
2342 5427 2399 5481 in
2436 5425 2695 5479 omnibus
2731 5424 2864 5478 locis
2894 5424 3068 5493 legem
3096 5422 3382 5476 Mosaicam
3418 5419 3707 5475 subverte—

2133 5531 2234 5581 ret,
2266 5528 2321 5573 et
2350 5534 2444 5571 eos
2471 5516 2562 5586 qui
2592 5516 2659 5569 de
2689 5513 3005 5568 nationibus
3025 5513 3302 5569 extraneis
3327 5510 3709 5579 credidissent,

1641 5657 1836 5720 Variae
1870 5658 2175 5723 lectiones
2223 5665 2284 5720 et
2330 5665 2516 5719 notae.

521 5812 566 5845 "
592 5812 941 5883 ﬁ116;5011.57,
979 5822 1110 5866 erat.
1193 5812 1235 5842 5°
1272 5811 1359 5864 10'.
1395 5813 1504 5874 υἱός
1540 5811 1818 5876 Ἰουδαῖκς.
1861 5811 1924 5865 Et
1948 5813 2001 5866 al

2109 5813 2145 5865 ti
2177 5812 2316 5865 lozus
2348 5809 2555 5864 mutilu.-
2594 5824 2701 5861 esse
2725 5807 2946 5863 videtur.
