4114 6442
479 371 581 434 727
1455 375 2023 438 THEOPHYLACTI
2064 377 2472 439 BULGARL’E
2504 373 2859 437 ARCHIEP.
3018 390 3023 397 ‘
3378 426 3383 431 .
3601 371 3713 436 723

478 481 844 540 defectionem
875 500 904 537 a
930 483 1048 556 lege
1081 484 1322 552 doceret,
1355 502 1420 542 ac
1451 487 1807 543 vehementer
1829 488 1932 543 illis
1963 488 2048 543 in-

2158 489 2310 560 σμόν.
2367 489 2480 543 Καὶ
2505 486 2681 542 ταῦτα
2732 487 2833 558 μὲν
2880 486 3009 549 τοὺς
3065 485 3402 551 ἀποστόλους
3453 485 3723 541 ἔϐλαπτον

476 574 630 629 visus
682 581 819 628 crat.
879 572 1113 640 Quando
1165 576 1331 649 igitur
1379 577 1725 632 Timotheum
1758 579 2041 636 invenerat

2158 580 2296 634 ιύδέν
2329 597 2344 612 ο
2375 579 2583 647 ἐγίνετο
2622 580 2679 632 δὲ
2702 580 2817 642 τοῖς
2854 577 3131 642 Ἰουδαίοις
3158 578 3433 650 σωτηρίας
3458 578 3713 640 ὑπόθεσις

477 664 803 735 discipulum
825 665 892 721 de
916 665 1120 723 Graecis
1144 677 1199 724 et
1229 669 1481 740 gentibus
1503 683 1826 727 conversum
1851 671 1919 726 ad
1942 671 2043 726 mi—

2158 671 2243 725 Ical.
2273 671 2373 742 τῆς
2403 672 2483 733 εις
2512 669 2750 742 Χριστὸν
2777 669 3019 734 πίστεως
3050 670 3217 741 ἀρχὴ,
3257 670 3340 724 ὅτι
3365 667 3722 731 διδασκάλους

479 755 762 811 nisterium
789 770 951 813 suum
980 757 1262 826 idoneum,
1289 767 1346 815 et
1371 760 1627 817 comitem
1655 775 1779 817 eum
1797 759 2042 833 peregri-

2158 757 2295 833 εϊκον
2342 749 2639 828 τοιούτους,
2669 761 2750 826 ὡς
2795 761 3068 834 ἐνόμιζον,
3097 760 3469 834 φυλάττοντας
3514 761 3610 815 τὸν
3634 761 3723 816 νό-

478 846 722 904 nationis
744 848 950 905 habere
979 850 1211 917 volebat,
1238 860 1461 922 propter
1489 867 1583 909 eos
1613 853 1707 923 qui
1738 853 1905 923 impie
1938 852 2044 908 sibi
2153 870 2276 924 μον.

477 940 837 1001 obtrectando
857 945 1135 1016 negotium
1160 943 1520 1013 lacessebant,
1541 962 1665 1004 eum
1688 947 2048 1015 circumcidit,
2091 949 2195 1004 hoc
2219 947 2448 1005 artiﬁcio
2479 948 2602 1004 illos
2641 947 2860 1003 trahere
2894 946 2963 1005 ad
2984 962 3045 1005 se
3072 947 3282 1005 volens.
3313 946 3452 1003 Nam
3509 946 3556 1002 si
3627 945 3724 1002 Ti—

479 1036 737 1092 motheus
762 1038 1177 1098 incircumcisus
1206 1042 1416 1110 fuisset,
1447 1042 1540 1114 qui
1566 1058 1797 1099 munere
1853 1042 2084 1100 docendi
2119 1043 2460 1115 fungeretur,
2538 1058 2733 1100 omnes
2783 1042 3126 1099 resiluissent
3174 1057 3240 1099 ac
3293 1042 3603 1098 defecissen
3656 1042 3729 1098 ab

477 1126 589 1181 illo.
616 1125 753 1182 Nam
780 1128 827 1184 si
861 1138 1145 1202 tantopere
1168 1132 1368 1192 Paulus
1394 1143 1681 1193 accusatus
1710 1146 1795 1191 est
1821 1144 2043 1206 propter
2078 1134 2439 1207 Tropbimum
2490 1134 2812 1206 Ephesium,
2863 1148 3029 1205 quem
3057 1134 3328 1205 putabant
3391 1134 3461 1189 ab
3528 1132 3622 1188 illo
3667 1132 3730 1187 in

478 1219 741 1290 templum
794 1221 1166 1281 introductum
1226 1225 1398 1284 fuisse
1432 1245 1446 1282 :
1493 1228 1562 1282 de
1598 1227 1801 1283 Graecis
1848 1236 2027 1282 autem
2055 1240 2123 1281 ac
2154 1225 2455 1297 gentilibus.
2487 1233 2608 1281 erat
2649 1225 2783 1283 hic:
2835 1224 2966 1295 quid
2998 1222 3219 1279 tandem
3262 1222 3554 1278 accidisset
3576 1223 3648 1288 ei,
3673 1221 3722 1276 si

476 1311 845 1381 Timotheum,
872 1318 964 1388 qui
991 1318 1187 1376 doctor
1212 1330 1376 1384 esset,
1401 1320 1471 1376 de
1498 1319 1837 1392 prteputiatis
1865 1334 2053 1375 secum
2090 1318 2372 1375 habuisset
2400 1319 2425 1373 ?
2452 1318 2590 1375 Vide
2618 1318 2748 1374 item
2786 1317 2935 1374 illum
2965 1315 3315 1389 puriﬁcatam
3368 1315 3438 1371 de
3501 1324 3732 1370 senten-

472 1405 547 1461 tia
571 1408 902 1479 collegarum
949 1411 1345 1482 apostolorum,
1418 1422 1475 1469 et
1524 1414 1581 1468 in
1648 1415 1857 1484 templo
1922 1411 2343 1468 annuntiantem
2392 1411 2758 1482 expletionem
2812 1406 3225 1481 puriﬁcationis.
3277 1405 3474 1464 Omnia
3540 1413 3730 1461 autem

471 1500 708 1558 faciebat
746 1511 972 1574 propter
1025 1505 1258 1561 salutem
1304 1505 1641 1563 Iudaeorum.
1689 1505 1876 1562 Posset
1912 1506 2043 1562 item
2080 1503 2203 1576 quis
2221 1504 2470 1560 invenire
2494 1503 2717 1560 Petrum
2743 1517 2960 1575 quoque
3015 1501 3353 1558 Judaismum
3403 1499 3729 1560 simulasse;

478 1601 645 1669 atque
684 1593 804 1650 haec
848 1595 1115 1664 apostolis
1149 1596 1286 1652 nihil
1342 1598 1631 1653 nocebant.
1667 1597 1798 1653 Erat
1841 1605 2025 1653 autem
2096 1596 2298 1654 Iudaeis
2341 1612 2504 1653 causa
2541 1594 2733 1651 salutis
2767 1603 2825 1650 et
2866 1592 2995 1650 ﬁdei
3031 1592 3091 1649 in
3155 1591 3435 1649 Christum
3484 1590 3728 1658 initium,

476 1684 628 1755 quod
663 1685 799 1741 talcs
829 1685 1104 1742 habebant
1146 1688 1423 1753 doctores,
1450 1690 1541 1760 qui
1579 1692 1775 1763 legem,
1808 1698 1870 1746 ut
1894 1682 2502 1761 putabant,servarent‘.

548 1777 711 1833 Vens.
739 1777 793 1832 4.
851 1777 985 1833 Cum
1030 1789 1204 1835 autem
1243 1782 1442 1837 obirent
1480 1784 1738 1851 civitates,
1767 1783 2046 1839 tradebant

2232 1782 2329 1848 Ὠς
2357 1782 2426 1836 δὲ
2451 1781 2869 1850 διεπορεύοντο
2893 1780 3001 1843 τὰς
3033 1779 3264 1845 πόλεις,
3293 1776 3659 1846 παρεδίδουν
3680 1777 3733 1809 ⁸⁸

474 1868 550 1923 eis
588 1868 850 1923 servanda
876 1870 1097 1939 placita,
1147 1887 1268 1943 qua:
1299 1883 1450 1928 erant
1473 1875 1681 1931 decreta
1710 1875 1776 1931 ab
1796 1873 2047 1946 apostolis

2158 1869 2363 1937 αὐτοῖς
2391 1869 2740 1939 φυλάσσειν
2763 1869 2839 1924 τὰ
2875 1869 3141 1939 δόγματα
3161 1907 3176 1931 ,
3223 1867 3297 1922 τὰ
3335 1865 3654 1936 κεκριμένα
3686 1867 3743 1899 ⁶¹

472 1966 521 2011 et
552 1958 866 2026 senioribus,
908 1961 1001 2030 qui
1029 1971 1186 2016 erant
1212 1963 1269 2017 in
1298 1961 1620 2019 Jerusalem.

2158 1962 2274 2017 ὑπὸ
2301 1960 2421 2015 τῶν
2452 1962 2820 2017 ἀποστόλων
2870 1960 2971 2016 καὶ
3002 1959 3125 2016 τῶν
3164 1961 3590 2030 πρεσϐυτέριον
3613 1956 3735 2012 τῶν

2151 2052 2223 2107 ἐν
2269 2053 2692 2123 Ἰερουσαλήμ.

2220 2145 2293 2197 Al
2315 2142 2433 2212 μὲν
2452 2139 2562 2199 οὖν
2591 2144 2951 2214 Ἐκκλησίαι
2982 2143 3374 2214 ἐστερεοῦντο
3403 2141 3479 2212 τῇ
3510 2142 3734 2207 πίστει,

2152 2234 2253 2289 καὶ
2282 2234 2685 2305 ἐπερίσσευον
2713 2236 2792 2303 τῷ
2822 2235 3047 2308 ἀριθμῷ
3075 2235 3446 2304 καθημέραν.

542 2139 709 2195 Vsus.
738 2140 792 2197 5.
853 2140 974 2197 Hac
1003 2143 1187 2214 itaque
1221 2146 1426 2202 ratione
1465 2147 1647 2218 ﬁebat,
1696 2156 1756 2204 ut
1793 2148 2047 2206 Ecclesiae

472 2231 919 2302 conﬁrmarentur
967 2233 1074 2304 ﬁde
1102 2275 1118 2301 ,
1183 2244 1235 2291 et
1296 2252 1512 2292 numero
1567 2240 1802 2310 quotidie
1847 2257 2046 2296 cresce-

472 2330 615 2378 rent.

543 2412 709 2468 Vens.
738 2412 794 2468 6.
835 2411 970 2469 Cum
1023 2423 1202 2470 autem
1249 2426 1624 2488 peragrassent
1665 2417 1956 2492 Phrygiam
1996 2430 2046 2475 et

474 2498 744 2556 Gallicam
781 2503 1070 2573 regionem,
1104 2505 1252 2560 vetiti
1282 2522 1317 2560 α
1351 2503 1560 2576 Spiritu
1604 2516 1788 2562 sancto
1836 2510 1892 2563 in
1917 2507 2046 2564 Asia

474 2592 691 2647 verbum
716 2591 817 2647 Dei
848 2594 1163 2663 praedicare,

548 2684 710 2756 126
724 2683 884 2741 Vsus.
910 2685 960 2740 7.
992 2684 1228 2758 Profecti
1256 2689 1315 2743 in
1332 2688 1576 2760 Mysiam,
1594 2689 1835 2745 volebant
1847 2688 2048 2760 perBi-

472 2777 709 2847 thyniam
745 2778 846 2834 iter
883 2778 1062 2849 facere
1084 2796 1105 2837 :
1133 2781 1228 2837 sed
1257 2797 1359 2836 non
1385 2782 1504 2837 sivit
1541 2798 1628 2838 eos
1660 2781 1890 2852 Spiritus
1929 2798 2050 2837 sua-

474 2875 609 2921 ειυε.

2224 2414 2566 2482 Διελθόντες
2601 2415 2671 2469 δὲ
2714 2414 2831 2481 τὴν
2878 2413 3143 2484 Φρυγίαν
3186 2414 3286 2468 καὶ
3323 2413 3441 2481 τὴν
3471 2412 3741 2467 Γαλατι-

2151 2503 2275 2572 κὴν
2323 2504 2543 2575 χώραν,
2584 2503 2960 2571 κωλυθέντες
2991 2504 3113 2559 ὑπὸ
3148 2504 3256 2559 τοῦ
3311 2504 3661 2574 Πνεύματος
3685 2503 3739 2535 ⁸³

2151 2594 2424 2661 λαλῆσαι
2476 2595 2585 2650 τὸν
2603 2595 2882 2663 λόγονὲν
2916 2595 2990 2663 τῇ
3036 2596 3231 2664 Ἀσίῃ,

2236 2686 2553 2752 Ἐλθόντες
2597 2687 2750 2741 κατὰ
2802 2683 2918 2755 τὴν
2966 2679 3230 2749 Μυσίαν,
3281 2685 3660 2755 ἐπειράζσντο
3690 2686 3744 2720 ⁸⁸

2154 2775 2307 2830 κατὰ
2335 2776 2451 2845 τὴν
2498 2777 2789 2833 Βιθυνίαν
2820 2776 3200 2846 πορεύεσθαν
3240 2778 3340 2831 καί
3369 2779 3482 2833 οὐκ
3517 2776 3740 2832 ετασεν

2151 2868 2378 2933 αὐτοὺς
2414 2869 2480 2922 τὸ
2509 2867 2775 2940 Πνεῦμα.

545 2957 710 3015 Vens.
744 2961 797 3017 8.
843 2961 1032 3034 Itaque
1055 2961 1286 3036 Mysiam
1322 2968 1699 3039 praetergressi,
1730 2967 2047 3023 devenerunt

2225 2960 2636 3028 Παρελθόντες
2679 2960 2750 3015 δὲ
2795 2961 2913 3032 τὴν
2943 2964 3210 3028 Μυσίαν,
3273 2961 3618 3031 κατέϐησαν
3646 2963 3746 3029 εις

471 3049 533 3102 in
556 3049 838 3107 Troadem.

2160 3053 2412 3121 Τρωάδα.

545 3139 711 3198 Vsus.
745 3142 801 3197 9.
854 3143 924 3198 Et
963 3145 1133 3201 nisum
1167 3154 1323 3201 noctu
1354 3146 1529 3203 Paulo
1569 3149 1872 3220 hujusmodi
1900 3152 2048 3206 obla-

2224 3144 2333 3198 Καὶ
2383 3144 2573 3213 ὅραμα
2605 3142 2704 3199 διὰ
2750 3144 2863 3215 τῆς
2898 3145 3121 3213 νυκτὸς
3157 3143 3323 3215 ὤφθη
3371 3143 3453 3210 τῷ
3494 3145 3737 3213 Παύλῳ·

476 3242 588 3288 tum
623 3240 701 3286 est
728 3248 748 3287 :
772 3233 861 3290 Vir
889 3235 1109 3306 quidam
1138 3235 1358 3292 Macedo
1419 3239 1653 3307 astabat,
1698 3242 1790 3313 qui
1814 3258 1931 3296 eum
1967 3244 2047 3298 his

2164 3234 2335 3303 Ἀνήρ
2368 3252 2461 3301 τις
2482 3232 2562 3306 ἦν
2590 3236 2882 3291 Μακεδὼν
2917 3235 3110 3302 ἑστὼς
3137 3235 3502 3305 παρακαλῶν
3527 3236 3744 3299 αὐτὸν,

438 3386 441 3387 ν
472 3322 651 3377 verbis
674 3325 891 3396 rogabat
931 3342 950 3381 :
995 3326 1185 3383 Transi
1210 3329 1266 3383 in
1296 3328 1689 3399 Macedoniam,
1724 3342 1776 3388 et
1801 3350 2049 3389 succurre

2158 3323 2251 3379 ml
2307 3326 2522 3396 λέγων’
2576 3328 2791 3394 Διαϐὰς
2837 3328 2927 3395 είς
2977 3326 3364 3383 Μακεδονίαν
3411 3325 3746 3395 ,βοήθησον

472 3414 640 3469 nobis.
2154 3413 2323 3484 ἡμῖν.

544 3506 709 3562 Vens.
759 3507 845 3563 10.
885 3508 1040 3576 Quod
1075 3511 1247 3565 visum
1282 3512 1442 3566 simul
1469 3530 1535 3567 ac
1557 3513 1638 3568 illi
1683 3512 1921 3568 oblatum
1950 3522 2049 3582 est,

2237 3505 2339 3572 Ὠς
2390 3505 2460 3560 δὲ
2509 3508 2575 3560 τὸ
2612 3508 2805 3579 ὅραμα
2859 3505 3037 3575 εἷδεν,
3094 3509 3314 3576 εὐθέως
3361 3508 3747 3578 ἐζητήσαμεν

473 3601 658 3654 statim
703 3600 761 3655 in
797 3600 1169 3657 Macedoniam
1204 3605 1471 3673 proﬁcisci
1505 3605 1803 3659 studuimus
1826 3647 1841 3670 ,
1882 3605 2050 3675 conji-

2158 3596 2420 3662 ἐξελθεῒν
2477 3602 2565 3663 εὶς
2605 3588 2985 3656 Μακεδονίαν
3023 3603 3088 3670 ⁸⁵,
3122 3600 3591 3673 συμϐιϐάζοντες
3642 3601 3742 3656 ὅτι

473 3691 669 3748 cientes
697 3708 791 3749 nos
824 3709 857 3749 a
904 3691 1130 3751 Domino
1181 3696 1378 3752 accersi
1432 3706 1490 3753 ut
1554 3694 1904 3771 Euangelium
1942 3697 2050 3753 illis

2158 3691 2604 3763 προσκέκληται
2659 3694 2817 3764 ἡμᾶς
2860 3698 2895 3751 ό
2943 3697 3161 3766 Κύριος
3225 3695 3740 3766 εὐαγγελίσασθαι

472 3781 826 3839 traderemus.

2158 3781 2377 3850 αὐτοῖς.

542 3873 711 3931 Vens.
749 3876 837 3933 Η.
889 3877 1023 3936 Cum
1060 3880 1394 3936 solvissemus
1428 3880 1595 3953 igitur
1635 3898 1667 3936 a
1703 3879 1933 3947 Troade,
1966 3900 2050 3938 re-

2237 3873 2635 3943 ’Δναχθέντες
2664 3869 2781 3933 οὖν
2811 3875 2933 3933 ἀπὸ
2963 3874 3076 3945 τῆς
3119 3875 3406 3945 Τρωάδος,
3452 3872 3743 3942 εὐθυδρο-

471 3974 554 4017 ειο
593 3981 754 4020 cursu
799 3970 1131 4037 peruenimus
1163 3971 1221 4025 in
1258 3966 1665 4035 Samothracen,
1709 3986 1774 4024 ac
1799 3971 2050 4040 postridie

2158 3965 2435 4036 μήσαμεν
2463 3970 2549 4035 είς
2599 3967 3000 4038 Σαμοθρᾴκην
3022 3986 3038 4003 ο
3092 3966 3165 4038 τῇ
3207 3985 3273 4024 τε
3330 3968 3589 4037 ἐπιούσῃ
3638 3965 3738 4030 sic

476 4054 533 4110 Ν
537 4058 750 4127 eapolin
773 4072 793 4112 :

547 4146 713 4204 Vens.
768 4150 857 4205 i2.
908 4151 1077 4223 Atque
1111 4151 1261 4207 illinc
1296 4150 1597 4223 Philippos,
1627 4169 1746 4217 qua:
1770 4153 1944 4222 prima
1970 4170 2054 4208 re-

475 4241 645 4311 gionis
687 4241 1011 4298 Macedonia:
1040 4244 1223 4299 civitas
1267 4254 1344 4299 est
1388 4244 1614 4300 colonia.
1664 4247 1833 4317 Atque
1869 4246 1927 4299 in
1954 4244 2052 4299 illa

476 4334 605 4386 urbe
627 4334 736 4388 dies
762 4334 962 4405 aliquot
984 4338 1464 4391 commorabamur.

551 4424 854 4482 Tradebant
883 4427 956 4483 eis
982 4428 1242 4483 servanda
1294 4428 1516 4499 placita.
1574 4428 1855 4500 Dogmata,
1884 4428 1938 4484 id
1969 4435 2054 4483 est

477 4516 698 4586 placita,
750 4527 917 4589 atque
973 4529 1153 4576 certas
1191 4520 1521 4591 stabilesque
1556 4521 1859 4576 sententias
1895 4520 2050 4587 dicit,

477 4622 588 4661 non
630 4608 720 4663 illa
752 4608 1028 4681 mysteria,
1072 4609 1272 4681 quibus
1318 4622 1472 4666 certo
1511 4610 1606 4667 Dei
1631 4611 1863 4666 consilio
1886 4619 2053 4681 atque

477 4699 837 4769 dispositione
870 4700 1112 4757 Verbum
1146 4701 1241 4757 Dei
1269 4702 1504 4758 traditur
1534 4702 1875 4757 incarnatum
1903 4717 2050 4769 esse,

476 4791 592 4846 sive
622 4806 847 4846 carnem
878 4791 1124 4850 induisse
1146 4793 1273 4850 :sed
1295 4793 1386 4850 illa
1415 4809 1639 4864 nempe,
1659 4794 2047 4851 abstinendum

475 4896 599 4937 esse
621 4882 695 4937 ab
719 4882 805 4949 iis,
831 4898 953 4952 quae
981 4885 1286 4941 simulacris
1324 4893 1510 4941 essent
1539 4885 1838 4949 immolata,
1866 4901 1897 4940 a
1929 4900 2057 4941 san-

476 4975 660 5046 guine,
695 4990 724 5028 a
759 4975 1043 5042 suifocato,
1094 4993 1124 5033 a
1154 4977 1508 5045 scortatione,
1551 4994 1673 5048 quae
1697 4987 1947 5049 spectant
1985 4980 2055 5035 ad

476 5065 749 5136 regularis
804 5067 930 5121 vita:
985 5066 1458 5123 constitutionem.
1553 5067 1708 5123 Vetiti
1769 5086 1801 5122 a
1849 5067 2055 5138 Spiritu

475 5168 661 5213 sancto
686 5160 741 5213 iu
767 5159 897 5213 Asia
924 5159 1137 5213 uerbum
1165 5158 1260 5213 Dei
1285 5162 1597 5230 praedicare.
1630 5160 1810 5227 Quare
1833 5160 2052 5230 quidem

480 5250 631 5305 vetiti
668 5252 780 5306 sint
803 5266 915 5306 non
945 5250 1100 5315 dicit,
1137 5250 1233 5306 sed
1268 5252 1468 5308 vetitos
1496 5252 1761 5307 duntaxat
1794 5268 1892 5308 eos
1930 5267 2052 5308 esse

476 5343 574 5405 ait,
626 5343 833 5399 docens
876 5359 978 5399 nos
1019 5352 1081 5399 ut
1134 5359 1424 5415 pareamus
1470 5345 1815 5400 solummodo
1853 5360 1917 5400 ac
1939 5361 2050 5400 non

475 5445 805 5498 quaeramus,
837 5441 895 5488 et
920 5433 1218 5489 osmndens
1246 5435 1367 5491 illos
1406 5435 1576 5491 multa
1612 5436 1773 5491 etiam
1807 5436 2047 5489 humano

2152 4058 2480 4123 Νεάπολιν,

2237 4149 2496 4204 Ἐκεῖθεν
2539 4167 2606 4205 τε
2655 4153 2745 4217 είς
2768 4153 3130 4218 Φιλίππους,
3166 4152 3300 4221 ἣτις
3346 4152 3481 4206 ἐστι
3535 4148 3747 4219 πρώτη

2152 4238 2269 4306 τῆς
2300 4240 2678 4309 Μακεδονίας
2707 4243 2775 4307 ⁸⁸,
2803 4244 2982 4310 πόλις
3003 4242 3325 4298 κολώνεια.
3350 4238 3539 4314 Ἦμεν
3565 4241 3635 4295 δὲ
3669 4241 3749 4295 ἐν

2152 4330 2308 4399 αὐτῇ
2333 4331 2409 4400 τῆ
2438 4335 2614 4388 πόλει
2639 4334 3043 4402 διατρίϐοντες
3069 4334 3294 4405 ἡμέρας
3327 4336 3499 4402 τινάς

2239 4422 2618 4490 Παρεδίδουν
2664 4425 2872 4492 αὐτοῖς
2920 4427 3274 4494 φυλάσσειν
3317 4428 3389 4482 τὰ
3450 4427 3744 4496 δόγματα.

2165 4516 2426 4585 Δόγματα
2454 4518 2628 4586 λέγει,
2658 4518 2720 4573 οὺ
2750 4518 2821 4572 τὰ
2846 4520 2945 4589 τῆς
2996 4519 3603 4591 ἐπάρχου-οἰκονομίας
3632 4536 3747 4589 μυ-

2162 4609 2382 4678 στήρια,
2396 4611 2534 4666 ἀλλὰ
2559 4612 2620 4665 τὸ
2637 4612 2938 4684 ἀπέχεσθαι
2958 4612 3346 4680 εἰδωλοθύτων,
3370 4613 3465 4666 καὶ
3484 4611 3745 4682 αἵματος,

2160 4702 2257 4754 καὶ
2281 4702 2530 4768 πνικτοῦ,
2551 4704 2646 4758 καὶ
2669 4705 2947 4776 πορνείας,
2989 4705 3135 4776 ἆπερ
3164 4705 3246 4770 είς
3276 4704 3571 4773 κανονικῆς
3591 4702 3775 4774 ζωῆς

2162 4799 2264 4869 ὁρᾷ
2276 4794 2625 4850 διατύπωσιν.
2642 4795 3024 4862 κωλυθέντες
3038 4796 3157 4851 ὑπὸ
3169 4796 3275 4851 τοῦ
3288 4797 3461 4865 ἁγίου
3479 4796 3749 4864 Πνεύμα-

2160 4909 2262 4957 τος
2275 4891 2547 4960 λαλῆσαι
2564 4889 2671 4944 τὸν
2683 4894 2871 4961 λόγον
2884 4892 2954 4945 ἐν
2969 4891 3044 4961 τῇ
3069 4893 3257 4959 Ἀσίᾳ.
3278 4891 3375 4945 Διὰ
3391 4892 3446 4945 τί
3482 4891 3579 4961 μὲν
3599 4893 3748 4944 ἐκω-

2159 4980 2421 5053 λύθησαν,
2442 4981 2501 5035 οὐ
2526 4981 2698 5049 λέγει’
2717 4983 2801 5037 ὅτι
2821 4983 2878 5036 δὲ
2905 4983 3277 5054 ἐκωλύθησαν,
3300 4979 3442 5036 εἷπε·
3465 4981 3743 5037 παιδεύων

2160 5076 2310 5146 ἡμᾶς
2326 5073 2613 5128 πείθεσθαι
2638 5074 2818 5144 μόνον,
2839 5077 2935 5128 καὶ
2957 5076 3030 5145 μὴ
3055 5076 3261 5145 ζητεῖν,
3292 5076 3387 5130 καὶ
3408 5076 3623 5135 δεικνὺς
3653 5077 3742 5129 ὅτι

2163 5165 2334 5220 πολλὰ
2353 5165 2449 5218 καὶ
2470 5164 2828 5236 ἀνθρωπίνως
2845 5165 3084 5220 ἐποίουν.
3104 5167 3193 5219 Ἐν
3212 5169 3278 5237 τῇ
3298 5168 3453 5239 Ἀσίᾳ
3467 5167 3561 5220 καὶ
3579 5166 3743 5219 Βιθυ-

2161 5257 2252 5329 νίᾳ
2268 5256 2466 5311 κωλύει
2486 5254 2797 5328 τίλΠνεῦμα
2810 5257 3042 5327 λαλῆσαι
3058 5258 3148 5310 τὸν
3174 5259 3330 5328 λόγον
3348 5260 3475 5322 τοὺς
3500 5259 3736 5312 ἀποστό-

2140 5348 2312 5412 ολους,
2358 5348 2736 5419 προγινῶσκον
2762 5347 2860 5418 τὴν
2894 5349 3004 5403 τῶν
3020 5351 3500 5422 Πνευματομάχων
3522 5353 3737 5423 αἵρεσιν

2166 5439 2439 5511 κυριεύειν
2478 5439 2588 5493 τῶν
2637 5441 2837 5494 ἐκεῖσε.
2896 5440 2999 5496 Kal
3029 5441 3216 5511 ὅραμα
3247 5442 3345 5498 διὰ
3379 5441 3489 5510 τῆς
3513 5443 3736 5509 νυκτὸς

1650 5573 1848 5633 Variae
1879 5571 2182 5636 lectiones
2225 5579 2287 5637 et
2328 5580 2519 5638 notm.

546 5667 589 5700 ⁸¹
609 5667 693 5745 _ln_
718 5674 1301 5745 vetustomanuscripto
1325 5683 1421 5739 est,
1452 5674 1744 5745 ἐπορεύετο
1776 5674 1875 5738 τὰς
1915 5678 2042 5732 πὸλε

2161 5679 2471 5744 παρεδίδου.

2565 5678 2607 5709 ⁸³
2636 5677 3014 5745 κεκρυμμένα,
3068 5687 3204 5733 erat.
3315 5679 3359 5709 ”
3396 5677 3460 5731 In
3500 5678 3726 5745 vulgatis

473 5748 570 5822 cst:
602 5737 706 5822 ὑπὸ
724 5739 819 5822 τού
846 5737 1371 5822 ἀχίορηηνεύματος.
1447 5743 1493 5776 ⁸³
1516 5737 1580 5799 lu
1611 5745 1835 5822 pulgalis
1857 5737 1974 5815 Sest,
1999 5750 2050 5801 ὲτ

2158 5737 2309 5814 αζον.
2386 5749 2431 5780 ⁸⁵
2451 5748 2514 5803 In
2541 5737 2766 5817 vulgatis
2783 5737 2876 5813 est,
2908 5737 3113 5818 εἰς’τὴν
3134 5747 3494 5804 Μακεδονίαν.
3570 5737 3615 5782 δέ
3656 5747 3724 5801 lu

474 5807 701 5878 vulgatis
731 5819 823 5877 est,
852 5807 950 5883 τῆς
974 5807 1312 5880 Μακεδονίας
1336 5816 1507 5882 πόλις,
1545 5807 1796 5871 κολὼὗια.
