4114 6474
373 419 486 486 729
1080 427 1486 490 EXPOSlTIO
1522 428 1607 491 IN
1648 428 1833 491 ACTA
1852 429 2431 496 APOSTOLORUM.
2471 461 2541 472 --
2567 435 2726 500 CAP.
2751 438 2906 503 XVI.
3534 441 3640 504 730

371 535 543 642 ξῗθη
709 540 976 642 ’Παθλφο
1025 541 1198 610 Ἀνήρ
1226 560 1318 611 τις
1374 542 1688 610 Μακεδὼν,
1740 539 1838 599 καὶ
1883 545 1932 598 τὲ

2027 561 2210 605 .more
2236 547 2454 606 fecisse.
2501 551 2560 607 ln
2589 552 2716 608 Asia
2742 560 2910 624 atque
2943 552 3197 626 Bithynia
3230 550 3471 625 Spiritus
3509 570 3624 611 san.

372 629 521 699 ἑξῆς.
579 630 780 684 Οὐκέτι
832 630 901 685 δι’
940 632 1197 702 ἀγγέλου,
1250 634 1510 707 καθάπερ
1553 637 1829 701 Φίλιππος
1881 637 1926 670 ⁸⁷

2059 644 2182 693 ctus
2207 646 2355 696 vetat
2397 644 2672 711 apostolos
2715 646 2939 700 verbum
2982 645 3077 701 Dei
3120 646 3448 717 praedicare,
3491 648 3636 717 quod

370 722 994 825 nuoa‘nspdh-pvﬂltoc,
1031 726 1168 825 αλλὰ
1195 729 1265 782 δι’
1280 730 1572 825 ipsisne;
1590 731 1861 825 φαίνεται·
1894 732 1953 785 ἐν
2056 731 2339 800 praasciret
2382 734 2500 789 fore
2572 746 2631 791 ut
2697 748 2846 792 secta
2900 737 3406 809 Πνευματομάχων,
3445 739 3495 794 id
3531 750 3637 804 est,

369 813 472 882 τῇ,
510 813 702 918 ipsum
729 814 1242 887 ἀνθρωπινώτερον.
1279 819 1452 874 Ἔνθα
1491 820 1600 891 γὰρ
1634 820 1855 876 εὔκολον
1894 821 1932 875 τί

2059 822 2298 891 Spiritus
2324 827 2494 881 sancti
2527 826 2788 894 hostium,
2812 828 2868 884 in
2907 829 3163 885 homines
3202 829 3419 884 illarum
3456 830 3638 897 regio-

374 905 696 975 πεισθῆναι,
754 907 952 972 οὕτως’
992 908 1123 964 ἔνθα
1169 909 1226 964 δὲ
1279 910 1452 981 πολλὴ
1508 911 1620 982 βία,
1654 912 1929 986 θειότερον

2056 928 2188 967 num
2228 916 2627 974 dominaretur.
2670 920 2739 975 Et
2791 922 2959 976 visum
2990 931 3147 975 noctu
3182 920 3358 975 Paulo
3400 920 3636 974 oblatum

368 992 720 1103 Σημειωξέον
765 994 848 1048 ὅτι
903 997 964 1050 ὲν
1028 999 1150 1061 ταῖς
1208 997 1400 1051 πόλεσι
1453 999 1679 1066 ταύταις
1732 1002 1830 1055 σὺν
1873 1003 1932 1072 si}

368 1079 716 1103 π..-.λ-----ι
756 1084 959 1103 ΔυμληΑ
1014 1077 1212 1103 ομιτ..
1276 1086 1289 1103 ι
1376 1086 1393 1103 \
1522 1086 1536 1103 ι
1757 1088 1774 1103 ο
1919 1090 1932 1102 Α

2043 1014 2137 1094 (ει
2155 1023 2174 1061 :
2200 1006 2296 1103 γᾶν
2314 1011 2529 1078 quidam
2560 1011 2797 1073 Macedo.
2825 1019 2933 1068 etc.
2976 1013 3097 1068 Non
3133 1012 3247 1083 jam
3275 1012 3511 1081 amplius
3539 1026 3636 1080 per

368 1079 573 1151 Παύλῳ
595 1076 667 1152 ἦν
693 1084 722 1136 ὁ
745 1084 982 1149 Λουκᾶς,
1010 1083 1070 1149 ἐξ
1097 1077 1174 1138 ὧν
1204 1086 1298 1138 καὶ
1343 1086 1404 1138 τὸ
1430 1086 1724 1157 πρόσωπον
1752 1088 1932 1143 ἐαυτοῐ

2052 1076 2334 1166 angelum,
2370 1102 2826 1169 quemadmodum
2861 1076 3632 1173 Philippo,vquemadmodum

367 1173 910 1271 cu-ynapalapﬁvet
967 1174 1163 1244 λέγων·
1205 1174 1642 1248 Ἐζητήσαμεν·
1665 1180 1932 1250 εὐθυδρο·

2058 1188 2314 1244 Cornelio
2363 1192 2582 1258 accidit,
2618 1195 2713 1249 sed
2753 1210 2852 1264 per
2892 1195 3070 1250 visum
3122 1203 3348 1265 apparet
3375 1193 3635 1271 deinceps

364 1265 667 1337 μήσαμενο
692 1266 1050 1338 ἐξήλθομεν.

2058 1294 2209 1373 more
2237 1282 2407 1353 magis
2433 1284 2696 1341 humano.
2750 1284 2885 1342 Nam
2916 1287 3006 1342 ubi
3046 1287 3185 1342 ratio
3209 1285 3465 1340 credendi
3506 1265 3635 1337 faci-

370 1361 456 1425 lis,
484 1360 591 1415 hoc
621 1359 824 1416 modo:
854 1360 947 1416 ubi
976 1376 1109 1417 vero
1136 1363 1343 1432 majore
1386 1363 1439 1417 vi
1463 1377 1600 1433 opus
1655 1373 1792 1428 erat,
1817 1380 1968 1422 more
2003 1372 2174 1443 magis
2227 1373 2434 1430 divino.
2474 1377 2794 1435 Notandum
2848 1387 2933 1435 est
2977 1379 3033 1433 in
3076 1378 3160 1433 his
3231 1376 3460 1432 urbibus
3518 1379 3628 1427 una

370 1463 492 1504 cum
530 1448 704 1508 P3010
740 1449 908 1508 fuisse
947 1450 1172 1516 Lucam.
1213 1468 1281 1508 ex
1325 1467 1392 1508 eo
1420 1454 1568 1525 quod
1628 1469 1784 1509 suam
1842 1461 2008 1513 etiam
2050 1476 2338 1530 personam
2363 1483 2469 1522 una
2501 1470 2752 1536 assumit,
2780 1471 2910 1526 dum
2939 1468 3464 1528 dicit:Studuimus,
3490 1473 3630 1518 recto

365 1556 526 1595 cursu
547 1542 898 1610 pervenimus,
939 1543 1160 1613 profecti
1195 1559 1397 1599 sumus.

443 1633 527 1704 Τῇ
550 1634 620 1689 δὲ
648 1635 840 1705 ἡμέρᾳ
876 1636 921 1670 ⁵⁸
958 1635 1081 1691 τῶν
1117 1637 1434 1691 Σαϐϐάτων
1461 1635 1797 1707 ἐξήλθομεν
1823 1638 1943 1703 ἔξω

2117 1641 2281 1695 Vsus.
2323 1640 2406 1693 l3.
2465 1636 2562 1691 Die
2594 1648 2772 1691 autem
2826 1634 3187 1690 Sabbatorum
3222 1648 3413 1703 egressi
3443 1645 3628 1683 sumus

361 1721 480 1791 τῆς
526 1725 761 1791 πόλεως
823 1725 984 1793 παρὰ
1009 1726 1118 1780 τὸν
1172 1726 1462 1795 ποταμὸν,
1521 1722 1594 1783 οὗ
1644 1726 1932 1798 ἐνομίζετε

2047 1744 2197 1788 extra
2229 1736 2408 1786 urbem
2441 1732 2510 1785 ad
2540 1746 2771 1790 amnem.
2803 1728 2888 1782 ubi
2923 1727 3156 1797 precatio
3187 1727 3302 1795 ﬁeri
3335 1724 3551 1790 solebat,
3578 1733 3629 1777 et

360 1813 681 1883 προσευχὴ
717 1810 893 1872 εἶναι.
928 1815 1033 1869 Kal
1060 1814 1419 1882 καθίσαντες
1449 1815 1791 1887 ἐλαλοῦμεν
1813 1818 1932 1886 ταῖς

2048 1841 2167 1878 cum
2215 1823 2660 1887 consedissemus,
2717 1819 3063 1890 loquebamur
3109 1816 3451 1879 mulieribus,
3508 1830 3627 1886 qua:

360 1906 817 1972 συνελθούσαις
842 1905 1104 1976 γυναιξί.

431 1997 552 2051 Καί
570 1996 851 2068 nemori},
887 1998 1131 2068 ὀνόματι
1154 1997 1368 2062 Λυδία,
1392 1997 1858 2067 πορφυροπῶλις
1891 1997 1939 2030 ⁸⁸

358 2088 600 2155 πόλεως
637 2090 987 2158 Θυατείρων,
1019 2090 1314 2160 σεϐομένη
1345 2090 1455 2144 τὸν
1496 2087 1665 2155 Θεὸν,
1687 2087 1931 2157 ἢκουενο

357 2176 438 2252 ἧς
466 2184 501 2237 d
552 2182 772 2252 Κύριος
821 2182 1089 2251 διήνοιξε
1124 2181 1241 2251 τὴν
1289 2181 1546 2251 καρδίαν
1606 2178 1937 2250 προσέχειν

359 2273 490 2340 τοῖς
515 2275 916 2343 λαλουμένοις
950 2275 1067 2329 ὑπὸ
1108 2274 1217 2329 τοῦ
1236 2276 1505 2329 Παύλου.

444 2364 539 2431 Ὠς
569 2364 637 2418 δὲ
670 2365 996 2433 ἐϐαπτίσθη
1030 2366 1127 2421 καὶ
1160 2369 1194 2420 ό
1226 2362 1388 2432 οἶκος
1427 2363 1640 2435 αὐτῆς,
1675 2363 1933 2434 παρεκά-

356 2460 511 2512 λεσε
537 2456 804 2521 λέγουσα
822 2474 835 2489 ο
859 2456 928 2511 El
944 2458 1254 2527 κεκρίκατέ
1269 2474 1347 2527 με
1379 2456 1607 2525 πιστὴν
1636 2457 1714 2523 τῷ
1738 2456 1936 2524 Κυρίῳ

357 2543 532 2613 εἶναι,
559 2546 937 2614 είσελθόντες
966 2550 1054 2615 εις
1099 2546 1204 2604 τὸν
1246 2544 1416 2604 οἶκόν
1459 2566 1616 2618 μου,
1649 2551 1897 2618 μείνατε
1916 2563 1931 2580 ·

356 2637 461 2693 καὶ
483 2638 883 2707 παρεϐιάσατο
915 2639 1093 2709 ἡμᾶς.
1715 2692 1737 2710 ,.

430 2731 598 2801 Παρὰ
635 2732 742 2786 τὸν
771 2733 1061 2800 ποταμόν.
1090 2731 1310 2787 Μᾶλλον
1353 2731 1627 2804 μὴόΰσης
1657 2732 1778 2786 ἐκεῖ
1808 2747 1934 2784 συν-

357 2825 585 2894 αγωγῆς
621 2824 712 2880 διὰ
738 2825 800 2879 τὸ
830 2826 1075 2889 σπάνιον,
1105 2824 1257 2896 παρά
1283 2825 1376 2878 τὸν
1405 2825 1654 2895 ποταμὸν
1688 2822 1796 2888 ἔξω
1829 2823 1930 2893 τῆς

358 2916 569 2979 πόλεως
601 2915 776 2988 λάθρα
809 2919 1103 2991 συνήγοντο
1130 2918 1180 2971 oi
1209 2917 1370 2988 δῆθεν
1401 2915 1693 2980 θεοσεϐεῖς.
1725 2916 1800 2971 Οὐ
1824 2913 1933 2985 γὰρ

355 3009 423 3080 δὴ
452 3008 582 3063 ἔνθα
617 3009 910 3082 συναγωγὴ
945 3005 1013 3080 ἦν
1041 3010 1224 3081 μόνον,
1248 3009 1387 3064 ἀλλὰ
1419 3010 1514 3064 καὶ
1545 3009 1652 3075 ἔξω
1682 3007 1931 3080 ηὔχοντο,

356 3100 551 3174 ὥσπερ
586 3102 752 3156 τόπον
784 3102 909 3158 τινὰ
944 3090 1298 3174 ἀφορίζοντες
1317 3118 1333 3135 ο
1358 3100 1458 3156 ἅτε
1483 3102 1934 3172 σωματικὼτεροι

355 3190 514 3257 ὄντες
540 3192 590 3246 oi
632 3192 897 3257 Ἰουδαῖοι,
929 3193 1025 3247 καὶ
1053 3195 1121 3264 τῇ
1138 3192 1324 3263 ἡμέρᾳ
1354 3191 1463 3246 τῶν
1495 3191 1812 3258 Σασόἅτων,
1844 3192 1933 3246 ὅτε

357 3283 454 3337 καὶ
484 3281 640 3354 ὄχλον
663 3282 810 3345 εἰκὸς
842 3280 1224 3337 συνελθεῖν.Εί
1254 3279 1568 3349 κεκρίκατέ
1591 3296 1669 3351 με
1704 3280 1934 3349 πιστὴν

2045 1933 2137 1970 6οη
2145 1923 2416 1969 venerant.

2115 2007 2279 2062 Vens.
2326 2007 2407 2060 l4.
2449 2004 2517 2059 Et
2544 2002 2736 2057 mulier
2762 2001 3007 2075 qmedam
3040 2000 3247 2053 nomine
3282 1995 3454 2067 Lydia
3491 2012 3624 2065 pur-

2039 2098 2261 2167 puraria
2293 2096 2523 2150 civitatis
2568 2094 2962 2163 Thyatirarum,
2997 2090 3091 2145 Dei
3119 2088 3335 2150 cultrix,
3386 2086 3621 2140 Paulum

2036 2191 2327 2262 loquentem
2381 2187 2580 2242 audivit
2613 2202 2632 2240 :
2694 2185 2844 2248 cuius
2871 2200 2962 2238 cor
3003 2182 3253 2236 Dominus
3284 2179 3517 2249 aperuit,
3562 2186 3621 2232 ut

2036 2286 2326 2340 attenderet
2360 2298 2422 2338 ea
2449 2296 2566 2351 quae
2589 2278 2904 2332 dicebantur
2935 2294 2969 2330 a
3006 2274 3202 2328 Paulo.
3238 2286 3241 2289 '

2109 2373 2434 2445 l27Vt-ms.
2462 2371 2547 2425 l5.
2578 2368 2710 2435 Qute
2735 2377 3009 2438 postquam
3037 2383 3154 2420 cum
3175 2363 3387 2433 familia
3411 2380 3509 2417 sua
3532 2361 3619 2416 bav

2036 2467 2241 2537 ptisata
2272 2475 2367 2530 est,
2399 2463 2603 2535 rogavit
2629 2478 2721 2516 nos
2755 2460 2835 2514 his
2857 2459 3058 2514 verbis:
3091 2457 3150 2513 Si
3177 2457 3490 2512 existimatis
3538 2470 3622 2509 me

2033 2561 2258 2616 Domino
2289 2556 2498 2629 ﬁdelem
2544 2572 2674 2619 esse,
2713 2554 3051 2626 ingredimini
3098 2553 3155 2607 in
3199 2551 3335 2607 cedes
3363 2566 3531 2614 meas,
3569 2556 3619 2602 et

2035 2667 2237 2705 mecum
2270 2656 2479 2703 manete
2508 2663 2528 2701 :
2561 2654 2609 2701 et
2641 2646 2802 2716 coegit
2835 2661 2949 2722 nos.

2103 2741 2186 2796 Ad
2229 2741 2474 2812 ﬂuvium.
2515 2739 2630 2795 Hoc
2677 2737 2848 2809 magis
2887 2735 3091 2792 idcirco
3132 2733 3321 2799 ﬁebat,
3368 2740 3430 2786 ut
3463 2738 3619 2786 extra

2035 2834 2225 2890 urbem
2263 2833 2329 2889 ad
2371 2831 2573 2888 ﬂumen
2625 2830 2762 2884 clam
2805 2826 3164 2884 convenirent
3215 2824 3473 2879 nimirum
3522 2822 3617 2877 Dei

2033 2925 2292 2989 cultores,
2331 2922 2475 2994 quod
2533 2929 2758 2992 propter
2814 2917 3239 2988 infrequentiam
3292 2914 3613 2970 Judmorum

2032 3034 2143 3074 non
2171 3024 2319 3073 esset
2351 3030 2640 3086 synagoga.
2663 3013 2778 3068 Non
2806 3012 2953 3067 enim
2987 3010 3180 3079 utique
3229 3006 3322 3062 ubi
3349 3022 3617 3077 synagoga

2033 3115 2151 3161 erat
2182 3103 2545 3167 solummodo,
2581 3116 2770 3156 verum
2793 3101 2954 3156 etiam
2986 3099 3122 3154 foris
3155 3107 3411 3167 tanquam
3434 3096 3615 3149 locum

2037 3196 2327 3267 quemdam
2354 3201 2567 3249 certum
2595 3208 2659 3247 ac
2682 3200 2954 3246 secretum
2983 3189 3295 3259 diligentes,
3328 3186 3522 3248 Judaei,
3559 3194 3618 3240 ut

2033 3286 2126 3357 qui
2149 3286 2428 3355 corporeis
2459 3285 2620 3339 rebus
2644 3282 2814 3354 magis
2843 3279 3040 3336 addicti
3063 3286 3273 3342 essent,
3304 3277 3614 3347 precaban-

358 3374 443 3440 τῷ
471 3374 691 3443 Κυρίῳ.
725 3374 865 3444 Ὅρα
895 3372 1187 3444 φιλόσοφον
1243 3374 1508 3442 γυναῖκα-ο
1542 3371 1756 3442 πρῶτον
1797 3370 1932 3426 αὐτὸ

2035 3387 2141 3444 tur,
2186 3392 2251 3431 ac
2267 3375 2357 3433 die
2387 3372 3011 3443 Sabbatorum,quaudo
3041 3369 3205 3425 etiam
3231 3383 3326 3439 par
3354 3376 3472 3422 erat
3503 3375 3618 3420 tur-

359 3465 731 3537 ἐμαρτύρησε,
754 3465 816 3519 τὸ
843 3464 934 3521 τὸν
956 3464 1091 3520 Θεὸν
1120 3464 1351 3521 καλέσαι
1381 3465 1575 3537 αὑτήν.
1610 3465 1717 3519 Ἴδε
1747 3466 1841 3520 καὶ
1869 3465 1931 3520 τδ

358 3558 598 3625 ἄτυφον·
649 3555 788 3628 γυνὴ
818 3555 1050 3628 ταπεινὴ
1089 3555 1228 3626 αὕτη
1248 3595 1265 3622 ,
1317 3556 1415 3611 καὶ
1469 3556 1578 3612 ἀπὸ
1609 3557 1706 3628 τῆς
1736 3557 1932 3629 τέχνης

358 3641 803 3713 πορφυροπίωιις,
833 3643 1002 3713 φησί’
1034 3642 1182 3697 τοῦτ’
1211 3644 1329 3698 ἔστι
1370 3645 1778 3718 πορφυρόὸαφα
1818 3665 1933 3701 πω-

357 3733 547 3788 λοῦσα.
572 3736 682 3790 Καὶ
717 3737 818 3789 οὐκ
850 3734 1169 3807 αἰσχύνεται
1195 3736 1266 3790 τὰ
1290 3738 1701 3810 ἐπιτηδεύματα
1729 3740 1759 3795 ὁ
1791 3740 1932 3795 ἱστο-

362 3825 676 3896 ριοτράφος.
724 3825 841 3882 Οὐκ
890 3823 1013 3881 εἷπε
1045 3826 1123 3894 δὲ,
1169 3829 1234 3883 El
1282 3828 1531 3901 μεγάλην
1588 3832 1844 3899 γυναῖκα,
1880 3833 1931 3885 sl

361 3917 560 3989 εὐλαϐῆ
583 3919 897 3990 κεκρίκατε,
926 3919 1082 3986 ἀλλὰ,
1115 3921 1344 3989 πιστὴν
1373 3920 1454 3986 τῷ
1496 3922 1711 3990 Κυρίῳ.
1742 3922 1806 3977 Εἰ
1852 3921 1932 3993 τῷ

368 4006 574 4079 Κυρίῳ,
606 4010 785 4081 πολλῷ
817 4011 1018 4081 μᾶλλον
1042 4011 1192 4082 ὑμῖν.
1220 4011 1295 4066 Οὐ
1322 4012 1697 4085 παρεκάλεσεν
1721 4013 1928 4082 ἁπλῶς,

362 4099 472 4156 ἀλλ’
503 4105 703 4170 αὐτοὺς
733 4105 913 4178 ἀφῆκε
960 4105 1185 4178 κυρίους
1225 4104 1387 4175 εἷναι,
1428 4109 1477 4163 εἰ
1522 4109 1618 4162 καὶ
1649 4109 1930 4180 ἠνάγκασε

363 4193 627 4266 σφοδρῶς.

430 4463 697 4533 Ἐγένετο
724 4467 793 4523 δὲ
811 4473 1227 4542 πορευομένων
1254 4474 1287 4544 ἡ
1291 4473 1420 4545 μῶν
1442 4464 1931 4547 είς“προσευχήν,

358 4555 686 4623 παιδίσκην
711 4562 846 4615 τινὰ
873 4560 1146 4631 ἔχουσαν
1172 4566 1411 4636 πνεῦμα
1435 4567 1717 4635 Πύθωνος
1742 4568 1933 4623 ἀπαν-

357 4646 536 4713 τῆσαι
568 4648 743 4718 ἡμῖν·
774 4650 906 4718 ’ἣτις
941 4653 1233 4723 ἐργασίαν
1258 4655 1505 4725 πολλὴν
1527 4656 1776 4728 παρεῖχε
1808 4658 1933 4726 τοῖς

358 4742 583 4808 nuptam
609 4741 801 4812 αὐτῆς
821 4746 1258 4816 μαντευομένη.

428 4830 588 4899 Αὕτη
617 4837 1207 4904 κατακολουθήσασα
1238 4838 1319 4906 τῷ
1355 4840 1578 4908 Παύλῳ
1609 4841 1711 4898 καὶ
1759 4841 1927 4911 ἡμῖν,

356 4919 570 4987 ἔκραξε
596 4923 642 4955 ’⁸
683 4924 981 4994 λέγουσα·
1030 4922 1215 4986 Οὗτοι.
1243 4931 1298 4984 οι
1356 4929 1656 4999 ἄνθρωποι
1718 4930 1930 4986 δοῦλοι

358 5010 463 5064 τοῦ
499 5012 645 5066 Θεοῦ
676 5014 781 5067 τοῦ
814 5016 1083 5084 ὑψίστου
1127 5016 1307 5086 εἰσιν,
1342 5019 1560 5087 οἵτινες
1601 5020 1929 5093 καταγγέλ-

354 5105 576 5157 λουσιν
594 5104 741 5173 ιήμῖν
769 5105 917 5160 ὁδὸν
943 5108 1263 5177 σωτηρίας.

429 5195 608 5250 Τοῦτο
643 5195 714 5250 δὲ
740 5197 930 5252 ἐποίει
965 5199 1065 5253 ἐπὶ
1098 5201 1338 5267 πολλὰς
1361 5201 1605 5270 ἡμέρας.
1633 5204 1930 5273 Διαπονη-

355 5285 476 5351 θεὶς
518 5285 587 5340 δὲ
616 5290 648 5341 ό
684 5287 929 5355 Παῦλος
958 5289 1060 5343 καὶ
1092 5290 1490 5361 ἐπιστρέψας,
1519 5292 1601 5363 τῷ
1638 5295 1933 5364 πνεύματι

353 5373 516 5430 εἷπε·
572 5379 974 5448 Παραγγέλλω
1023 5398 1124 5436 σοι
1169 5383 1239 5437 ἐν
1278 5381 1360 5450 τῷ
1417 5385 1664 5455 ὀνόματι
1711 5387 1961 5457 Ἰησοῦ.

352 5469 609 5616 Χριὲτοῦ
642 5470 913 5535 ἐξελθεῖν
939 5473 1043 5529 ἀπ’
1077 5474 1286 5546 αὐτῆς.
1320 5476 1432 5531 Kal
1468 5477 1730 5548 ἐξῆλθεν
1766 5478 1924 5550 αὐτῇ

352 5580 426 5616 τη
499 5579 594 5616 aa.

351 5580 383 5616 τ
394 5582 426 5631 ῃ
452 5579 594 5633 ωρᾳ.

2030 3469 2155 3524 bam
2173 3466 2486 3523 convenire.
2513 3466 2575 3521 Si
2586 3464 2871 3536 judicastis
2907 3476 2987 3515 me
3014 3460 3237 3514 Domino
3257 3456 3466 3526 ﬁdelem
3482 3471 3614 3510 esse.

2032 3555 2167 3613 Vide
2197 3556 2481 3612 mulierem
2527 3552 2808 3624 sapientiae
2855 3550 3176 3606 studiosam.
3222 3546 3458 3601 Primum
3500 3545 3614 3615 ipsa

2034 3656 2231 3705 testata
2266 3658 2350 3705 est
2374 3663 2433 3704 se
2468 3662 2499 3702 a
2523 3645 2751 3701 Domino
2817 3642 2987 3698 fuisse
3019 3648 3285 3696 vocatam.
3321 3637 3456 3692 Vide
3484 3637 3612 3691 item

2032 3740 2202 3795 animi
2244 3739 2656 3794 demissionem.
2693 3735 2886 3789 Mulier
2934 3733 3154 3787 humilis
3199 3738 3317 3786 erat
3359 3730 3501 3792 haec,
3548 3735 3608 3782 et

2033 3843 2151 3890 arte
2177 3831 2522 3903 purpuraria,
2546 3829 2746 3899 inquit,
2778 3827 2831 3882 id
2872 3833 2956 3881 est
2982 3838 3221 3894 purpura
3256 3822 3454 3876 tinctos
3474 3834 3614 3889 pan-

2031 3939 2136 3979 nos
2164 3922 2428 3977 vendens.
2455 3922 2537 3975 Ac
2561 3934 2673 3973 non
2700 3918 2866 3987 pudet
2908 3913 3407 3984 historiograpbum
3433 3920 3608 3965 artem

2032 4031 2095 4071 ac
2108 4023 2374 4085 quaestum
2388 4013 2648 4083 adjicere.
2667 4011 2790 4065 Non
2806 4009 2941 4065 dixit
2954 4024 3021 4063 au
3030 4015 3157 4073 tem,
3174 4006 3232 4061 Si
3251 4019 3338 4060 me
3355 4018 3607 4075 magnam

2031 4109 2338 4173 mulierem,
2373 4107 2420 4162 si
2447 4104 2751 4177 religiosam
2782 4116 2904 4159 esse
2950 4098 3310 4157 existimatis:
3343 4097 3464 4163 sed,
3496 4097 3608 4150 Do-

2032 4202 2176 4256 mino
2198 4198 2428 4270 ﬁdelem.
2464 4197 2523 4253 Si
2567 4197 2816 4254 Domino.
2849 4195 3020 4250 multo
3057 4191 3230 4263 magis
3264 4189 3445 4245 vobis.
3486 4187 3604 4242 Non

1903 4324 1941 4333 -ι
2031 4294 2245 4366 rogavit
2275 4290 2619 4362 simpliciter,
2656 4289 2751 4345 sed
2779 4289 3024 4360 ipsorum
3064 4284 3291 4344 arbitrio
3335 4298 3450 4339 rem
3481 4298 3606 4354 per-

2034 4386 2208 4450 misit,
2230 4385 2330 4442 etsi
2359 4383 2718 4441 vehementer
2747 4382 2994 4455 urgebat.

2109 4477 2392 4534 “1113.16.
2443 4476 2655 4531 Αοοὶάῆ
2704 4485 2883 4530 autem
2935 4474 3081 4528 nobis
3140 4473 3213 4527 ad
3257 4470 3610 4542 precationem

2033 4570 2275 4627 euntibus
2306 4577 2366 4623 ut
2395 4568 2648 4623 ancillula
2674 4565 2920 4638 quaedam
2942 4564 3131 4634 spiritu
3153 4563 3380 4632 prwdita
3405 4559 3606 4631 Pytho-

2035 4664 2115 4718 nis
2145 4661 2291 4717 nobis
2325 4660 2531 4716 obviam
2561 4659 2776 4723 veniret,
2807 4672 2925 4728 quae
2956 4654 3185 4709 dominis
3212 4654 3325 4707 suis
3357 4667 3608 4722 magnum

1960 4729 2005 4786 Β
2033 4763 2292 4828 quwstum
2326 4753 2612 4823 prcestabat
2642 4750 2952 4806 divinando.

2106 4847 2274 4904 Vens.
2312 4848 2402 4903 l7.
2437 4847 2563 4902 Hae
2580 4845 2813 4901 Paulum
2842 4842 3021 4914 acznos
3050 4847 3315 4896 assectata
3340 4836 3606 4894 clamabat

2034 4942 2156 4996 ita:
2189 4938 2288 4995 Isti
2320 4940 2554 4994 homines
2583 4938 2718 4992 servi
2746 4935 2939 4991 summi
2979 4932 3075 4988 Dei
3093 4942 3237 4998 sunt,
3268 4932 3360 5003 qui
3398 4945 3609 4985 annun-

2037 5034 2173 5087 tiant
2199 5031 2343 5087 nobis
2369 5032 2510 5086 viam
2528 5029 2738 5085 salutis.

2106 5207 2268 5264 Vsus.
2301 5205 2570 5278 l8.Atque
2593 5203 2689 5258 hoc
2711 5201 3003 5272 complures
3032 5200 3142 5255 dies
3168 5198 3419 5269 faciebat.
3454 5196 3608 5261 Quod

2029 5317 2147 5355 cum
2178 5298 2382 5354 Paulus
2396 5299 2609 5353 moleste
2638 5297 2861 5359 tulisset,
2881 5310 3158 5350 conversus
3200 5291 3413 5362 spiritui
3446 5290 3605 5344 dixit:

2029 5391 2293 5461 Prtecipio
2327 5391 2421 5445 tibi
2454 5405 2546 5460 per
2581 5404 2772 5442 nomen
2804 5384 2935 5441 Iesu
2979 5383 3197 5450 Christi,
3239 5390 3297 5436 ut
3341 5396 3495 5436 exeas
3539 5380 3605 5436 ab

2030 5488 2137 5541 ista
2181 5499 2200 5538 :
2229 5493 2280 5538 et
2308 5483 2582 5554 emigravit
2612 5482 2797 5536 eadem
2817 5480 2970 5534 hora.

1545 5664 1742 5728 Variae
1765 5665 2072 5731 lectiones
2113 5672 2176 5729 et
2219 5668 2410 5726 uotis.

425 5802 471 5837 "
509 5803 595 5857 τσ.
609 5802 772 5857 Φιλίπ

777 5805 993 5883 ςπῳηκαὶ
1022 5804 1339 5883 Κορνηλίῳ.-
1365 5807 1410 5840 ⁸⁸
1430 5807 1491 5883 in
1517 5810 1742 5879 vulgatis
1763 5820 1868 5883 est,
1886 5814 1932 5878 τῇ

2027 5828 2035 5863 ε
2069 5811 2275 5883 ἡμέρᾳ,
2300 5820 2349 5866 et
2367 5811 2527 5882 paulo
2549 5819 2689 5883 post,
2703 5810 2854 5882 παρὰ
2872 5805 3137 5883 ποταμὸν,
3159 5803 3351 5877 absque
3378 5808 3603 5864 articulo

353 5872 464 5926 τόν.
539 5874 584 5906 ⁸³
612 5871 674 5927 In
700 5871 929 5945 vulgatis
952 5884 1053 5942 est,
1095 5871 1537 5948 πορφυρόπωλις,
1558 5871 1802 5950 είριιιιίο
1833 5871 1932 5951 post

2033 5871 2274 5937 κόῦσὲνΪ
2323 5871 2451 5936 τυἸη
2494 5871 2720 5953 attigatis
2746 5871 3093 5953 εὲι,ἔκραζεο
