4114 6442
461 403 573 466 735

1370 398 1947 461 ΤΗἘΟΡΠΥΙ.Ᾱ(]ΤῙ
1989 398 2401 460 ΒΗΙΞΒᾹΚΙΕ
2441 400 2796 462 ARCHIE’P.

3611 397 3728 460 736

541 515 704 568 Vens.
735 513 827 569 ‘29.
860 515 991 567 Tum
1019 511 1132 576 ille,
1163 527 1282 565 cum
1316 510 1490 564 lumen
1517 510 1865 576 postulasset,
1896 511 2037 562 intro

2211 509 2480 575 Αίτήσας
2511 508 2581 562 δὲ
2624 507 2810 578 φῶτα,
2849 507 3248 576 εἰσεπήδησεο
3307 507 3407 562 καὶ
3437 507 3735 580 ἔντρομος

464 603 690 674 prosilit,
737 612 784 657 et
820 612 1048 657 tremore
1094 609 1382 670 correptus,
1417 599 1711 669 procumbit
1765 597 1937 653 Paulo
1993 611 2044 652 et

463 697 591 751 Sila:
621 697 690 749 ad
736 696 911 764 pedes.

535 787 699 842 Vens.
740 789 831 843 30.
865 787 940 841 Ac
979 790 1130 858 foras
1162 789 1426 858 productis
1474 787 1676 842 dicebat
1722 800 1742 840 :

464 877 591 947 quid
625 894 706 930 me
732 879 905 947 facere
931 886 1153 946 oportet,
1195 887 1252 931 ut
1279 877 1454 932 salvus
1485 879 1586 932 sim
1610 879 1636 932 ?

537 968 700 1023 Vens.
733 969 822 1023 3i.
851 968 1020 1039 Atque
1048 969 1130 1022 illi
1158 969 1404 1023 dixerunt
1435 984 1454 1023 :
1484 968 1647 1025 Crede
1671 969 1726 1022 in
1759 968 2045 1025 Dominum

463 1056 645 1112 Iesum
671 1057 963 1124 Christum,
995 1067 1045 1112 et
1069 1056 1246 1112 salvus
1274 1058 1378 1112 eris
1405 1066 1460 1110 tu
1493 1067 1544 1111 et
1574 1056 1787 1126 familia
1819 1066 1932 1111 tua.

536 1230 700 1287 Vens.
736 1232 828 1291 32.
886 1231 955 1287 Et
1007 1233 1169 1288 locuti
1220 1241 1343 1287 sunt
1376 1232 1458 1288 illi
1495 1233 1706 1288 verbum
1733 1233 1965 1299 Domini,
1992 1244 2038 1289 et

462 1325 701 1378 omnibus
734 1326 825 1396 qui
853 1335 1004 1379 erant
1047 1327 1103 1379 in
1134 1325 1334 1380 (edibus
1371 1325 1507 1390 eius.

534 1414 700 1470 Vens.
733 1418 823 1472 5'5.
857 1417 925 1470 Et
955 1434 1075 1471 cum
1101 1419 1319 1488 cepisset
1346 1435 1430 1472 eos
1474 1419 1527 1473 in
1572 1419 1667 1473 illa
1695 1419 1824 1474 hora
1853 1420 2040 1484 noctis,

463 1507 633 1560 abluit
666 1524 697 1560 a
728 1507 1028 1561 verberibus
1064 1519 1110 1561 et
1139 1509 1312 1579 plagis
1341 1525 1361 1574 ;
1387 1520 1433 1562 et
1475 1509 1775 1578 baptizatus
1808 1519 1881 1564 est
1910 1511 2038 1580 ipse,

462 1609 510 1651 et
537 1616 714 1652 omnes
744 1600 1015 1653 domestici
1045 1601 1160 1667 ejus
1189 1609 1237 1654 et
1265 1599 1562 1669 familiares
1586 1601 1868 1670 extemplo.

535 1691 695 1744 Vens.
719 1691 806 1744 54.
830 1691 1064 1760 Cumque
1091 1692 1420 1745 subduxisset
1443 1707 1526 1745 eos
1546 1691 1600 1744 in
1630 1693 1841 1745 domum
1863 1710 2038 1756 suam,

462 1783 705 1850 apposuit
735 1782 841 1836 illis
865 1782 1099 1836 mensam
1121 1825 1136 1848 ,
1165 1801 1230 1837 ac
1256 1783 1467 1838 latatus
1500 1792 1596 1852 est,
1619 1789 1756 1853 quod
1783 1802 1901 1839 cum
1929 1796 2038 1840 tota

462 1872 671 1940 familia
701 1890 797 1926 sua
833 1874 938 1926 Deo
964 1875 1288 1929 credidisset.

532 1985 596 2037 Et
644 1985 789 2053 plebs
824 2002 932 2038 una
963 1996 1142 2040 coorta
1189 1996 1265 2040 est
1302 1989 1551 2042 adversus
1592 1988 1736 2042 illos.
1778 1988 2039 2046 Miracnla

459 2085 622 2144 atque
677 2075 926 2130 doctrina
989 2075 1143 2131 Pauli
1198 2092 1336 2146 opus
1392 2086 1548 2131 erant
1602 2096 1616 2132 :
1670 2078 2038 2147 periculorum

457 2175 637 2220 autem
689 2167 829 2221 Silas
862 2183 1079 2238 quoque
1121 2169 1280 2238 130
1312 2169 1588 2240 particeps
1633 2178 1688 2224 et
1721 2169 1902 2226 socius
1933 2181 2036 2229 est.

459 2258 611 2312 Scito
646 2259 924 2314 daemones
953 2276 1169 2329 quoque
1208 2263 1348 2316 scire
1395 2261 1563 2317 Deum
1603 2278 1874 2318 summum
1914 2279 2040 2320 esse

453 2343 641 2399 Jcsum
676 2347 768 2414 qui
801 2348 1094 2404 cruciﬁxus
1123 2359 1226 2404 est.
1271 2351 1442 2421 Hujus
1482 2353 1646 2423 igitur
1685 2368 1876 2409 servus
1912 2370 2037 2410 cum

457 2446 600 2489 ess"!
630 2437 850 2504 Paulus,
886 2440 1436 2499 allirmabatdicens:
1472 2445 1680 2500 Paulus
1702 2462 1879 2501 servus
1913 2447 2038 2502 Jesu

457 2526 676 2581 Christi.
728 2527 957 2600 Repente
997 2543 1174 2586 autem
1224 2543 1402 2589 tantus
1441 2537 1639 2590 exstitit
1661 2546 1816 2593 terrae
1844 2549 2035 2593 motus.

456 2615 639 2672 Terne
672 2629 852 2675 motos
881 2624 1108 2690 exstitit,
1139 2625 1304 2680 utille
1328 2629 1823 2699 expergisceretur.
1847 2630 2038 2690 Januae

453 2718 632 2764 autem
671 2722 875 2780 apertae
909 2723 1056 2778 sunt,
1099 2724 1154 2771 ut
1181 2717 1548 2774 admiraretur
1576 2719 1628 2774 id
1655 2721 1796 2789 quod
1817 2723 2038 2779 accide-

451 2814 575 2856 rat:
627 2804 721 2858 sed
754 2805 888 2871 haec,
922 2822 1121 2876 nempe
1141 2809 1279 2864 ostia
1301 2821 1510 2880 aperta,
1540 2811 1706 2868 vincti
1740 2828 1848 2867 non
1882 2815 2038 2870 vide-

452 2894 605 2949 bant.
625 2896 757 2949 Nam
772 2898 1019 2966 profecto
1039 2899 1161 2970 fuga
1181 2901 1282 2955 sibi
1311 2902 1716 2958 consuluissent
1742 2905 1984 2960 universi
2017 2923 2031 2961 :

453 2987 549 3041 sed
599 3002 667 3041 ne
704 2989 984 3044 videretur
1036 3005 1164 3046 casu
1222 2992 1396 3048 factus
1443 3009 1565 3049 esse
1621 3003 1778 3051 terrae
1832 3005 2032 3063 motus,

453 3080 650 3134 accidit
684 3090 944 3150 prreterea
977 3093 1036 3138 ut
1081 3085 1456 3154 ctiamjanuaa
1499 3088 1870 3156 aperirentur,
1912 3105 2034 3159 qua:

453 3187 543 3226 res
566 3180 724 3248 terra:
742 3182 946 3229 motum
969 3175 1115 3230 illum
1142 3185 1452 3232 testaretur.
1472 3177 1638 3233 Crede
1656 3181 1707 3233 in
1729 3180 2030 3247 Dominum,
2058 3201 2102 3263 ρ

451 3274 501 3317 et
537 3265 712 3319 salvus
755 3267 859 3320 eris
887 3276 943 3320 tu
973 3275 1022 3321 et
1060 3268 1269 3338 familia
1301 3278 1411 3324 tua.
1441 3269 1520 3324 Ne
1553 3285 1677 3326 cum
1716 3273 1770 3326 in
1817 3288 2036 3329 carcere

453 3359 672 3427 quidem
703 3368 891 3425 esset,
927 3362 1130 3416 Paulus
1157 3363 1472 3432 quiescebat
1516 3381 1530 3418 :
1580 3365 1675 3420 sed
1717 3367 1879 3420 etiam
1923 3367 2036 3423 illic

453 3452 688 3506 carceris
734 3454 1014 3508 custodem
1067 3455 1122 3508 in
1165 3471 1318 3509 suam
1369 3457 1697 3512 sententiam
1757 3460 2029 3528 perduxit,

456 3555 618 3615 atque
673 3547 986 3616 praeclaram
1047 3548 1192 3603 illam
1251 3550 1622 3620 captivitatem
1672 3549 1927 3608 confecit.
1967 3553 2034 3607 Et

452 3653 572 3690 cum
614 3640 826 3707 cepisset
871 3655 956 3693 eos
993 3641 1047 3692 in
1082 3640 1178 3693 illa
1209 3641 1338 3694 hora
1377 3641 1579 3702 noctis,
1637 3641 1804 3696 abluit
1851 3643 1971 3697 illos
2001 3661 2036 3698 a

453 3728 767 3782 verberibus.
820 3727 944 3783 Illos
1002 3730 1220 3798 quidem
1257 3745 1287 3784 a
1321 3729 1640 3785 verberibus
1674 3731 1806 3787 lavit
1838 3751 1852 3787 :
1918 3731 2034 3803 ipse

448 3835 582 3876 vero
611 3837 640 3875 a
668 3822 901 3892 peccatis
921 3823 1138 3879 ablutus
1172 3833 1272 3880 est.
1309 3825 1382 3880 Ac
1415 3825 1627 3882 latatus
1657 3836 1735 3882 est
1762 3828 2033 3898 quodcum

449 3923 557 3966 tota
601 3915 808 3984 familia
845 3933 942 3970 sua
997 3916 1104 3971 Deo
1156 3919 1480 3974 credidisset.
1531 3918 1854 3989 Quanquam
1894 3915 2030 3974 nihil

447 4014 584 4066 erat,
618 4001 975 4075 printerquam
1005 4009 1174 4062 verba
1211 4009 1474 4064 duntaxat
1511 4025 1576 4065 ac
1605 4013 1745 4065 bona
1775 4025 1920 4078 spes.

521 4094 681 4150 Vens.
719 4097 809 4152 35.
839 4098 1104 4152 therum
1132 4100 1220 4153 ubi
1251 4102 1464 4163 diluxit,
1500 4111 1750 4169 pratores
1774 4103 2029 4158 miserunt

445 4187 678 4254 lictores,
702 4191 792 4258 qui
822 4192 1050 4246 dicerent
1074 4208 1092 4247 :
1120 4193 1339 4250 Dimitte
1376 4195 1606 4251 homines
1632 4197 1779 4251 istos.

517 4385 677 4443 Vens.
712 4389 802 4444 36.
848 4390 916 4444 Et
950 4403 1124 4446 custos
1152 4394 1380 4449 carceris
1403 4395 1590 4450 detulit
1624 4397 1734 4452 hac
1762 4395 1918 4450 verba
1955 4403 2025 4451 ad

444 4479 694 4547 Paulum,
734 4501 938 4554 nempe,
974 4485 1235 4541 Praetores
1280 4490 1575 4556 miserunt,
1637 4491 1728 4561 qui
1777 4489 2023 4559 juberent

441 4586 530 4624 vos
555 4571 749 4626 dimitti
779 4590 798 4628 :
821 4591 958 4629 nunc
983 4577 1145 4648 igitur
1167 4580 1494 4648 egredimini,
1529 4589 1580 4634 et
1602 4579 1736 4634 salvi
1775 4581 1934 4635 abite.

511 4744 674 4801 Vens.
713 4750 802 4804 37.
833 4749 936 4805 Sed
967 4751 1172 4807 Paulus
1209 4755 1414 4809 dicebat
1445 4755 1517 4809 ad
1550 4772 1637 4810 eos
1659 4773 1678 4811 :
1718 4756 1891 4811 (Σίριος
1931 4775 2022 4814 nos

440 4838 643 4906 publice
675 4841 1130 4914 indemnatos,qui
1158 4862 1338 4900 sumus
1365 4847 1500 4900 cives
1524 4845 1770 4914 Romani,
1789 4850 2023 4918 conjece-

1802 784 2048 853 Domini,

2143 599 2486 668 γενόμενος,
2527 596 2872 666 προσέπεσε
2894 596 2976 664 τῷ
2997 598 3216 664 Παύλῳ
3247 599 3344 652 καί
3371 597 3452 665 τῷ
3475 601 3646 668 Σίλᾳ.

2213 771 2324 823 Kal
2356 773 2712 842 προαγαγὼν
2743 774 2788 806 ⁷⁸
2813 773 3038 843 αὐτοὺς
3064 775 3204 844 ἔξω,
3234 775 3349 846 ἔφη
3367 793 3380 809 ·
3405 778 3630 847 Κύριοι,
3668 797 3722 833 τι

2136 878 2214 930 με
2240 861 2335 914 δεῖ
2363 865 2556 918 ποιεῖν
2583 865 2684 920 ἵνα
2714 868 2925 932 σωθῶ;

2217 958 2282 1008 Ol
2335 955 2404 1009 es
2465 954 2670 1011 εἷπονο
2746 961 3095 1018 Πίστευσον
3162 963 3261 1016 ἐπὶ
3319 964 3427 1018 τὸν
3498 965 3724 1032 Κύριον

2155 1046 2399 1114 Ἰησοῦν
2418 1050 2758 1117 Χριστὸν⁷⁸,
2790 1051 2887 1106 καί
2925 1054 3180 1124 σωθήσῃ
3219 1052 3300 1108 σὺ
3347 1054 3441 1108 καί
3479 1056 3511 1108 ό
3551 1049 3721 1120 οἶκός

2142 1153 2282 1191 σου.

2211 1227 2323 1282 Kal
2366 1228 2685 1298 ἐλάλησαν
2708 1231 2754 1264 ⁷⁸
2794 1232 2956 1298 αὺτῷ
2985 1233 3095 1287 τὸν
3125 1233 3316 1304 λόγον
3363 1233 3469 1289 τοῦ
3496 1233 3722 1302 Κυρίου

2140 1319 2238 1372 καὶ
2271 1319 2422 1375 πᾶσι
2458 1321 2585 1387 τοῖς
2617 1323 2688 1375 ἐν
2720 1322 2799 1391 τῇ
2824 1326 2982 1391 οἰκίᾳ
3012 1326 3224 1381 αὐτοῦ.

2211 1412 2320 1464 Καὶ
2352 1414 2716 1481 παραλαϐὼν
2747 1415 2970 1482 αὐτοὺς
3003 1417 3073 1471 ἐν
3100 1419 3304 1486 ἐκείνῃ
3339 1417 3414 1485 τῇ
3456 1418 3577 1488 ὥρᾳ
3609 1419 3723 1486 τῆς

2139 1501 2382 1566 νυκτὸς,
2397 1501 2662 1557 ἔλουσεν
2683 1504 2803 1559 ἀπὸ
2834 1504 2953 1557 τῶν
2979 1505 3250 1576 πληγῶν,
3269 1507 3368 1560 καὶ
3389 1507 3722 1574 ἐϐαπτίσθη

2139 1592 2323 1657 αὐτὸς
2357 1593 2454 1646 καὶ
2486 1596 2542 1647 οὶ
2569 1593 2760 1649 αὐτοῦ
2793 1595 3019 1662 πάντες
3052 1595 3435 1667 παραχρῆμα.

2211 1684 2555 1756 Ἀναγαγὼν
2615 1704 2681 1741 τε
2713 1687 2937 1753 αὐτοὺς
2996 1691 3084 1754 εὶς
3136 1690 3244 1742 τὸν
3297 1685 3466 1744 οἷκον
3511 1689 3722 1755 αὐτοῦ,

2140 1773 2440 1841 παρέθηκε
2463 1775 2789 1843 τράπεζαν·
2832 1777 2931 1831 καὶ
2968 1778 3302 1848 ἠγαλλιᾶτο
3343 1781 3586 1835 πανοικὶ
3619 1797 3727 1836 πε·

2071 1869 2112 1923 Β
2143 1864 2484 1930 πιστευκὼς
2513 1866 2591 1931 τῷ
2622 1869 2766 1932 Θεῷ.

2213 1979 2321 2031 Kal
2356 1979 2706 2046 συνεπέστη
2736 1981 2770 2032 ό
2824 1979 3010 2049 ὄχλος
3052 1983 3182 2035 κατ’
3231 1980 3451 2038 αὐτῶν.
3483 1984 3564 2038 Τὰ
3593 1983 3719 2038 θαύ-

2145 2086 2296 2139 ματα
2323 2070 2416 2122 καὶ
2445 2070 2546 2140 τὴν
2578 2070 2927 2126 διδασκαλίαν
2951 2075 2979 2126 ὁ
3009 2073 3218 2137 Παῦλος
3253 2075 3549 2142 εἰργάσατο
3568 2091 3582 2105 ⁸
3611 2077 3732 2130 τῶννλ

2141 2158 2402 2213 κινδύνων
2433 2159 2490 2213 δὲ
2540 2161 2634 2214 καὶ
2689 2163 2718 2214 ὁ
2751 2162 2910 2226 Σίλας
2965 2165 3230 2218 κοινωνεῖ.
3278 2165 3452 2218 Γνῶθι
3495 2166 3577 2219 ὅτι
3617 2169 3717 2220 καὶ

2139 2249 2398 2320 δαίμονες
2450 2252 2600 2306 ῐσασι
2669 2252 2803 2306 Θεὸν
2877 2251 3102 2322 ὕψιστον
3178 2253 3308 2308 ὅντα
3369 2256 3576 2324 Ἰησοῦν
3628 2256 3738 2309 τὸν·

2140 2343 2577 2414 ἐσταυρωμένον.
2611 2345 2820 2398 Τούτου
2849 2344 2944 2399 οὖν
2997 2344 3183 2409 δοῦλος
3211 2345 3473 2418 ὑπάρχων
3515 2350 3543 2400 ὁ
3575 2347 3724 2400 Παῦ-

2139 2434 2253 2500 λος,
2281 2434 2650 2492 διεϐεϐαιοῦτο
2700 2438 2914 2508 λέγων’
2955 2439 3196 2506 Παῦλος
3241 2439 3463 2506 δοῦλος
3512 2440 3738 2506 Ἰησοῦ-

2139 2527 2421 2594 Χριστοῢ.
2445 2559 2515 2570 -
2547 2531 2754 2599 Ἀφνω
2779 2530 2848 2585 δὲ
2871 2533 3127 2602 σεισμὸς
3156 2531 3392 2602 ἐγένετο
3417 2532 3627 2602 μέγας.
3661 2532 3722 2583 '0

2140 2619 2368 2688 σεισμὸς
2415 2619 2653 2687 ἐγένετο,
2708 2620 2850 2674 ὥστε
2902 2623 3315 2694 ἀφυπνισθῆναι
3367 2623 3610 2676 ἐκεῖνον·
3661 2623 3726 2675 αἱ

2140 2707 2304 2780 θύραι
2353 2710 2410 2762 δὲ
2439 2711 2820 2784 ἀνεῴχθησαν,
2864 2713 3004 2767 ὥστε
3038 2714 3320 2785 θαυμάσαι
3365 2715 3427 2769 τὸ
3469 2715 3717 2784 γεγονός.

2138 2802 2324 2854 Ταῦτα
2349 2803 2406 2856 δὲ
2440 2804 2488 2856 οἱ
2515 2803 2790 2872 δεσμῶται
2815 2806 2913 2876 οὐχ
2937 2805 3156 2877 ἑώρωνο
3192 2801 3228 2877 ἦ
3275 2807 3384 2878 γὰρ
3409 2807 3475 2862 ἂν
3517 2807 3719 2876 ἔφυγον

2136 2894 2398 2958 ἅπαντες.
2447 2894 2566 2948 Ἵνα
2604 2896 2662 2949 δὲ
2713 2897 2790 2968 μὴ
2833 2898 2962 2970 δόξῃ
2997 2898 3107 2952 ἀπὸ
3151 2900 3496 2968 ταυτομάτου
3552 2917 3716 2968 γεγε-

2135 2987 2334 3058 νῆσθαι
2371 2989 2617 3060 σεισμὸς,
2672 2990 3084 3062 ἐπηκολούθησε
3135 2991 3228 3044 καὶ
3280 2993 3341 3045 τὸ
3391 2992 3717 3062 ἀνοιχθῆναι

2137 3081 2239 3144 τὰς
2274 3079 2446 3151 θύρας
2478 3081 2674 3152 ἐκείνῳ
2719 3081 3053 3152 μαρτυροῦν.
3086 3083 3432 3138 Πίστευσον
3476 3085 3573 3137 ἐπὶ
3608 3083 3726 3138 τύνη

2136 3173 2378 3241 Κύριον,
2418 3173 2516 3228 καὶ
2538 3174 2789 3243 σωθήσῃ
2821 3173 2903 3228 σὺ
2935 3175 3033 3228 καὶ
3064 3177 3096 3229 ό
3117 3171 3282 3242 οἶκός
3313 3192 3451 3230 σου.
3483 3176 3616 3229 Οὐδὲ
3655 3179 3716 3230 ὲν

2135 3263 2496 3336 δεσμωτηρίῳ
2535 3265 2630 3331 ὢν,
2674 3267 2937 3338 ἡσυχάζει
2988 3267 3236 3331 Παῦλος·
3271 3268 3406 3322 ἀλλὰ
3456 3270 3550 3322 καὶ
3597 3270 3717 3322 ἐκεῖ

2135 3354 2228 3409 τὸν
2251 3351 2640 3425 δεσμοφύλακα
2657 3352 2761 3428 ἦγε
2786 3360 2922 3428 πρὸς
2949 3359 3161 3424 ἑαυτὸν,
3186 3359 3283 3428 τὴν
3316 3359 3484 3430 καλὴν
3510 3360 3723 3430 ταύτην

2135 3445 2514 3516 αἰχμαλωσίαν
2541 3449 2940 3517 ἐργασάμενος.
2972 3449 3082 3504 Kal
3110 3451 3471 3518 παραλαϐὼν
3493 3451 3724 3517 αὐτοὺς

2134 3538 2206 3591 ἐν
2231 3539 2444 3606 ἐκείνῃ
2482 3537 2557 3607 τῇ
2590 3538 2711 3608 ὥρα
2740 3540 2852 3608 τῆς
2879 3541 3126 3607 νυκτὸς,
3149 3541 3412 3595 ἔλουσεν
3439 3542 3557 3595 ἀπὸ
3597 3543 3720 3596 τῶν

2135 3629 2409 3700 πληγῶν.
2445 3629 2688 3694 Ἐκεῖνος
2719 3632 2764 3663 ⁷⁷
2798 3631 2897 3702 μὲν
2927 3633 3036 3687 ἀπὸ
3063 3633 3172 3686 τῶν
3204 3632 3426 3704 πληγῶν
3456 3633 3673 3686 ἔλουσεν
3697 3647 3714 3664 ⁶

2136 3720 2301 3784 αὐτὸς
2333 3721 2391 3774 δὲ
2417 3721 2527 3774 ἀπὸ
2555 3721 2666 3775 τῶν
2691 3723 2980 3794 ἁμαρτιῶν
3011 3724 3262 3794 ἑλούσθη.
3298 3725 3406 3779 Kal
3427 3725 3716 3793 ἡγαλλιόο

2134 3827 2290 3867 σατο
2318 3815 2563 3868 πανοικὶ
2592 3816 3013 3880 πεπιστευκὼς
3045 3815 3124 3881 τῷ
3151 3815 3292 3882 Θεῷ.
3340 3817 3532 3870 Καίτοι
3560 3800 3716 3871 οῦδὲν

2131 3899 2223 3973 ἦν,
2247 3905 2384 3960 ἀλλὰ
2412 3909 2637 3979 ῥήματα
2674 3911 2834 3981 μόνον
2868 3913 2961 3965 καὶ
2993 3911 3208 3979 ἐλπίδες
3237 3917 3495 3986 χρησταί.

2211 4090 2456 4159 Ἡμέρας
2481 4092 2551 4146 δὲ
2582 4094 2935 4165 γενομένης,
2957 4095 3333 4151 ἀπέστειλαν
3385 4099 3440 4151 οί
3490 4111 3714 4164 στρατ-

2128 4180 2260 4250 ηγοί
2328 4182 2470 4249 τοὺς
2544 4184 2928 4254 ῥαϐδούχους
2983 4188 3267 4257 λέγοντες
3300 4204 3314 4219 ο
3377 4189 3708 4245 Ἀπόλυσον

2127 4273 2274 4340 τοὺς
2297 4273 2652 4343 ἀνθρώπους
2675 4276 2973 4344 ἐκείνους.

2198 4387 2557 4458 ’Λπήγγειλε
2581 4389 2649 4443 δὲ
2675 4394 2707 4445 ό
2731 4391 3124 4462 δεσμοφύλαξ
3153 4395 3296 4462 τοὺς
3320 4397 3546 4471 λόγους
3575 4399 3719 4452 τού-

2127 4496 2270 4544 τους
2321 4481 2472 4548 πρὸς
2515 4483 2624 4536 τὸν
2666 4485 2938 4548 Παῦλον,
2984 4485 3075 4539 ὅτι
3128 4487 3619 4542 Ἀπεστὰλκασιν
3656 4491 3716 4543 οι

2049 4547 2104 4606 D
2130 4547 2476 4640 στρατηγοὶ,
2515 4575 2616 4628 ἵνα
2649 4576 2995 4645 ἀπολυθῆτε
3017 4595 3030 4609 ο
3054 4579 3172 4633 νῦν
3195 4575 3310 4634 οὖν
3333 4579 3710 4648 ἐξελθόντες,

2152 4666 2459 4735 τορεύεσθε
2485 4667 2554 4720 ἐν
2589 4669 2825 4737 εἰρήνῃ.

2218 4757 2272 4809 Ὁ
2325 4758 2394 4810 δὲ
2442 4760 2687 4825 Παῦλος
2730 4764 2846 4831 ἔφη
2899 4765 3050 4832 πρὸς
3084 4767 3342 4832 αὐτούς’
3397 4767 3712 4834 Δείραντες

2128 4849 2287 4918 ἡμᾶς
2315 4849 2600 4918 δημοσίᾳ,
2629 4854 3071 4922 ἀκατακρίτους
3091 4856 3158 4921 ⁷⁸,
3186 4856 3540 4925 ἀνθρώπους
3578 4857 3712 4910 Ῥω-

440 4941 562 4984 runt
596 4934 650 4985 in
693 4950 991 4998 carcerem,
1025 4948 1074 4990 et
1107 4954 1242 4991 nunc
1285 4938 1419 4992 clam
1467 4955 1558 4992 nos
1594 4940 1860 5009 ejiciunt?
1899 4941 2037 4996 Non

2133 4939 2341 5008 μαίους
2389 4939 2797 5008 ὑπάρχοντας,
2848 4942 3070 4997 ἔϐαλον
3125 4948 3213 5010 είς
3246 4945 3564 5014 φυλακὴν,
3607 4947 3711 4999 καὶ

438 5025 514 5076 ita
551 5038 570 5078 :
599 5025 724 5092 quin
748 5026 956 5079 veniant
980 5027 1104 5095 ipsi,
1139 5036 1191 5082 et
1220 5043 1311 5081 nos
1337 5029 1589 5082 educant.

509 5201 668 5258 Vens.
704 5203 793 5257 58.
836 5202 1287 5259 Renuntiaverunt
1317 5215 1494 5260 autem
1541 5207 1748 5262 lictores
1775 5209 2018 5277 praetori-

2124 5031 2242 5086 νῦν
2268 5031 2460 5100 λάθρα
2512 5031 2668 5101 ἡμᾶς
2713 5034 3161 5100 ἐκϐάλλουσιν;
3214 5038 3298 5090 Οὐ
3349 5036 3496 5106 γάρ’
3543 5037 3710 5093 ἀλλὰ

2124 5123 2409 5189 ἐλθόντες
2433 5125 2624 5188 αὐτοὶ,
2655 5124 2814 5195 ἡμᾶς
2833 5125 2880 5158 ⁷⁸
2901 5126 3383 5196 ἐξαγαγέτωσαν.

2195 5214 2586 5284 Ἀνήγγειλαν
2615 5217 2683 5269 δὲ
2734 5217 2855 5284 τοῖς
2887 5219 3248 5288 στρατηγοῖς
3285 5222 3340 5275 οἱ
3372 5220 3707 5289 ῥαϐδοῦχοι

436 5292 528 5347 bus
563 5296 720 5348 verba
758 5297 887 5350 ha’c.
931 5294 1033 5360 Qui
1067 5313 1186 5350 cum
1229 5299 1553 5354 audivissent
1587 5301 1704 5354 illos
1738 5318 1848 5356 esse
1887 5303 2018 5358 cives

2133 5307 2198 5360 τὰ
2222 5307 2462 5375 ῥήματα
2488 5307 2695 5362 ταῦτα.
2730 5310 2840 5365 Kal
2877 5311 3289 5380 ἐφοϐήθησαν,
3325 5312 3707 5383 ἀκούσαντες

435 5385 721 5455 Romanos,
753 5390 928 5443 territi
959 5399 1106 5445 sunt.

2124 5397 2214 5451 ὅτι
2257 5399 2530 5468 Ῥωμαῖοί
2561 5401 2699 5454 εἱσι.

1595 5570 1792 5634 Vat-ite
1834 5572 2143 5637 lectiones
2187 5581 2250 5637 el
2297 5583 2486 5637 notae.

514 5732 1028 5826 :'_ltt:llttflltuscrt°p£2
1051 5750 1149 5806 est,
1182 5744 1570 5826 προσαγαγών.
1648 5746 2010 5826 "__In_vulga‘t.

2133 5748 2300 5826 ιστῆν,
2330 5747 2683 5826 desideratur.
2759 5750 2804 5782 "‘
2829 5749 2891 5806 la
2919 5751 3276 5822 manuscripto
3297 5753 3699 5826 εει,ὲλάλησεν.

441 5800 486 5833 ⁷⁷
521 5801 608 5854 lo.
643 5804 904 5870 ἐκείνους.
941 5800 951 5808 ’
980 5809 1024 5845 ⁷⁸
1053 5800 1609 5879 κατακρίτους.ἐιίιι.
1687 5817 1734 5850 τ’
1783 5819 1847 5874 1η
1888 5800 2037 5882 ὄιιίτια

2139 5800 2382 5874 desidera
2389 5829 2491 5885 tur,
2541 5800 2710 5887 ἡμᾶς.
