4114 6422
558 361 671 431 ’143

1460 350 2045 415 THEOPHYLACTI
2083 346 2495 410 BULGARIE
2523 343 2880 409 ARCHIEP.

3693 343 3804 408 ἠε

544 483 717 539 stituit
742 489 973 547 tempora
1001 472 1332 544 prescripta,
1370 480 1522 526 certa
1562 481 1720 542 atque
1746 470 2012 524 destinata
2046 469 2132 521 in-

2239 482 2385 518 νοιαν
2417 479 2434 496 ο
2489 463 2551 516 οὐ
2604 459 2914 529 κατεγέλων
2971 456 3139 513 αὐτοῦ
3200 456 3251 510 οἱ
3303 456 3585 527 φιλόσοφοι
3635 457 3811 524 οὕτως

546 572 842 644 quilinatus
872 576 921 622 et
948 565 1295 620 habitationis
1326 578 1550 617 eorum:
1583 562 1783 630 quibus
1817 560 2002 615 verbis
2036 557 2127 611 Dei

547 657 946 733 providentiam
971 653 1233 712 ostendit.
1274 652 1398 707 Non
1442 651 1768 707 deridebant
1795 664 1921 705 eum
1956 647 2132 718 philo-

546 752 709 822 sophi
745 752 819 805 ita
850 751 1163 819 loquentem
1199 763 1215 800 :
1255 760 1433 817 neque
1462 746 1607 801 enim
1638 745 1929 815 quidquam
1967 742 2132 797 intel-

547 844 783 915 ligebant
812 856 1024 905 eorum,
1073 855 1195 910 qua:
1223 838 1567 895 dicebantur.
1597 836 1702 904 Qui
1743 835 1890 891 enim
1921 833 2132 905 potuis-

547 941 671 989 sent
713 947 944 1003 quorum
979 931 1070 985 alii
1117 930 1334 1001 quidem
1379 928 1548 984 Deum
1612 942 1814 1000 corpus
1856 941 1999 991 esse,
2043 925 2133 979 alii

549 1039 679 1079 vero
738 1022 1070 1091 voluptatem
1118 1020 1511 1077 beatitudinem
1544 1036 1671 1077 esse
1715 1018 2010 1074 dicebant?
2060 1018 2134 1070 Ac

548 1113 787 1166 nonnulli
831 1113 1114 1169 dicebant:
1159 1112 1297 1178 Quid
1347 1113 1470 1167 velit
1521 1111 1878 1182 spermalogus
1924 1111 2134 1167 dicere?

548 1205 991 1276 Spermolagum,
1039 1205 1145 1260 boc
1188 1213 1350 1260 sonat
1378 1205 1754 1275 seminilegam
1779 1220 1876 1260 seu
1910 1205 2134 1275 frugile-

545 1312 692 1365 gam,
742 1296 1012 1350 aviculam
1057 1296 1211 1351 aiunt
1243 1312 1365 1351 esse
1395 1296 1741 1361 vilissimum,
1779 1311 1900 1366 quae
1926 1297 2133 1351 semina

547 1388 603 1442 in
653 1386 829 1442 triviis
864 1386 1023 1459 134
1064 1389 1326 1458 dissipata
1377 1388 1634 1457 colligere
1684 1385 1843 1442 solita
1881 1389 1956 1443 sit
1988 1403 2003 1440 :
2042 1386 2132 1441 cui

548 1476 641 1545 qui
682 1477 847 1531 inane
899 1478 1259 1547 SUpercilium
1293 1478 1494 1531 tollunt
1525 1484 1581 1530 et
1626 1476 1853 1529 multum
1878 1475 1979 1530 sibi
2016 1476 2133 1545 pla-

548 1576 697 1634 cent,
732 1584 1071 1639 magnosque
1120 1568 1352 1637 spiritus
1402 1576 1628 1623 sumunt
1668 1580 1890 1637 propter
1922 1568 2131 1637 copiam

550 1669 609 1714 et
636 1661 939 1715 ubertatem
968 1659 1190 1715 dicendi
1227 1659 1563 1730 pliilos0plii,
1597 1658 1824 1712 Paulum
1862 1658 2134 1712 assimila-

551 1751 704 1806 bant.
745 1751 1033 1823 Sapientes
1070 1753 1217 1806 enim
1248 1751 1379 1807 viles
1422 1759 1639 1816 vocant,
1676 1750 1855 1820 inquit
1896 1748 2133 1820 scriptor

549 1843 1006 1898 Proverbiorum.
1053 1842 1323 1909 Quoniam
1379 1842 1547 1913 igitur
1586 1841 1966 1912 Sperinologus
2013 1840 2131 1897 sive
2158 1813 2206 1874 Β

544 1933 811 2006 frugilega
843 1950 1008 2005 parva
1039 1944 1123 1990 est
1164 1935 1303 2000 avis,
1345 1950 1522 2005 neque
1548 1934 1615 1989 ad
1642 1935 1995 1998 vescendum,
2030 1948 2129 1989 ne-

544 2042 653 2096 que
680 2025 747 2079 ad
778 2027 1159 2081 delectandum
1189 2027 1406 2090 idonea,
1443 2026 1578 2081 viles
1609 2025 1858 2081 homines
1888 2040 2129 2094 spermo-

547 2115 697 2185 logos
719 2115 1086 2185 appellabant.
1105 2116 1212 2170 Alii
1228 2132 1369 2185 vero,
1385 2115 1787 2187 Peregrinarum
1810 2116 2126 2181 dannanum,

543 2205 809 2277 inquiunt,
851 2210 1202 2263 annuntiutor
1229 2225 1338 2264 esse
1387 2209 1612 2264 videtur.
1640 2209 1857 2264 Etenim
1888 2223 2129 2263 resurre-

546 2298 786 2354 ctionem
815 2299 971 2355 deam
1030 2301 1322 2370 quamdam
1355 2314 1476 2355 esse
1523 2299 1934 2364 existimabant,
1962 2299 2139 2369 utqui

545 2393 711 2444 etiam
742 2391 984 2459 leminas
1032 2393 1215 2448 colere
1267 2393 1529 2448 solerent.
1592 2392 1863 2447 Daemonia
1903 2406 2140 2460 namque

547 2481 683 2533 deos
706 2496 835 2535 suos
876 2483 1161 2536 vocabant.
1203 2482 1479 2536 Duxerunt
1508 2499 1627 2536 eum
1661 2483 1731 2535 ad
1777 2480 1962 2534 collem
1985 2481 2132 2534 Har-

555 2568 709 2622 tium.
742 2569 861 2624 Non
890 2571 1141 2627 discendi
1169 2588 1359 2637 causa,
1392 2572 1485 2628 sed
1531 2571 1791 2642 puniendi
1831 2572 1884 2624 in
1913 2585 1980 2625 eo
2015 2571 2137 2624 loco

550 2660 643 2714 ubi
674 2661 977 2731 agebantur
1012 2672 1068 2718 et
1102 2665 1574 2735 cegnoscebantur
1614 2679 1797 2719 causa:
1823 2661 2124 2717 homicidii.

2234 556 2401 610 αὑτοῦ
2459 553 2832 624 φθεγγομένου
2854 565 2868 580 ·
2899 549 3022 604 οὐδὲ
3069 548 3180 621 γὰρ
3209 549 3393 603 ἐνόουν
3422 566 3477 602 τι
3517 547 3630 604 τῶν
3654 549 3813 619 λεγο-

2236 645 2436 716 μένων.
2490 642 2616 707 Πῶς
2649 643 2758 713 γὰρ
2784 641 2834 694 oi
2875 639 2975 711 μὲν
3008 638 3168 710 σῶμα
3208 639 3300 692 τὸν
3336 638 3471 693 Θεὸν
3515 638 3767 707 λέγοντες
3790 656 3807 672 ο

2233 739 2282 790 οἱ
2320 737 2377 789 δὲ
2405 735 2596 806 ἡδονὴν
2623 734 2724 807 τὴν
2752 732 3166 805 μακαριότητας
3223 730 3333 785 Καί
3369 746 3532 798 τινες
3556 731 3772 802 ἔλεγον
3790 748 3806 764 ο

2240 829 2303 883 Τί
2329 827 2408 881 ἂν
2430 828 2595 881 θέλοι
2632 828 2667 880 ό
2694 823 3113 893 σπερμολόγος
3142 816 3324 888 οὗτος
3359 823 3600 891 λέγεινς
3632 822 3811 892 Σπερ-

2238 919 2464 991 μολόγον
2511 917 2713 989 πτηνὸν
2756 911 2897 969 εἶναι
2948 931 3116 985 φασιν
3171 912 3602 978 εὐτελέστατον,
3650 913 3721 966 τὰ
3753 915 3813 967 ἐν

2233 1013 2354 1073 ταῖς
2391 1009 2623 1081 τριόδοις
2665 1007 3151 1079 κατεσκεδασμένα
3186 1006 3296 1061 τῶν
3326 1007 3656 1079 σπερμάτων
3684 1006 3815 1059 εἰω-

2235 1101 2326 1165 θὸς
2376 1100 2691 1170 συλλέγεινο
2742 1090 2787 1167 ᾧ
2831 1101 2854 1132 ⁸
2909 1098 3148 1170 ματαίαν
3200 1098 3449 1170 αἴροντες
3496 1097 3670 1169 ὀφρὺν
3716 1097 3813 1151 ἐπὶ

2234 1190 2449 1263 γλώττῃ
2500 1189 2753 1261 πλατείᾳ,
2810 1188 3136 1260 φρονοῦντες
3168 1205 3230 1242 τε
3277 1188 3442 1260 μέγα,
3479 1187 3813 1259 παρείκαζον

2234 1281 2329 1335 τὸν
2368 1280 2580 1335 Παῦλον
2613 1281 2654 1335 ".
2695 1281 2834 1344 Τοὺς
2867 1281 2975 1351 γὰρ
3038 1281 3236 1349 σοφοὺς
3279 1279 3517 1348 φαύλους
3559 1277 3812 1346 καλοῦσι,

2236 1373 2372 1443 φησὶ
2401 1373 2429 1424 ὁ
2466 1370 2902 1442 Παροιμιαστής.
2960 1368 3182 1441 Ἐπειδὴ
3229 1365 3323 1421 οὖν
3367 1366 3553 1437 ὅρνεὸν
3592 1369 3740 1420 ἐστιν
3780 1368 3815 1418 ὁ

2237 1462 2608 1533 σπερμολόγος
2662 1462 2862 1532 βραχὺ,
2903 1462 2998 1516 καὶ
3049 1460 3173 1514 οὔτε
3235 1459 3373 1530 πρὸς
3424 1457 3649 1530 βρῶσιν,
3683 1456 3814 1511 οὔτε

2237 1554 2371 1624 πρὸς
2413 1555 2604 1626 τέρψιν
2652 1555 2980 1625 ἐπιτήδειον,
3041 1555 3170 1618 τοὺς
3207 1552 3451 1615 εὐτελεῖς
3499 1550 3810 1622 σπερμολό-

2235 1663 2365 1717 γους
2392 1646 2641 1702 ἐκάλουν.
2664 1649 2728 1701 Ol
2757 1645 2845 1711 δὲ,
2882 1646 3083 1703 Ξένων
3110 1644 3432 1713 δαιμονίων
3468 1643 3639 1698 δοκεῖ
3665 1658 3814 1698 κατ-

2235 1740 2527 1809 αγγεὶεὺς
2567 1735 2738 1793 εἶναι.
2801 1739 2911 1791 Καὶ
2962 1736 3070 1809 γὰρ
3133 1736 3233 1807 τὴν
3285 1737 3617 1800 ἀνάστασιν,
3676 1732 3814 1787 Θεόν

2236 1848 2354 1884 τινα
2388 1827 2527 1884 εἶναι
2559 1828 2828 1901 ἐνόμιζον,
2887 1828 2985 1882 ἆτε
3037 1828 3291 1891 εἰωθότες
3335 1827 3430 1880 καὶ⁵
3457 1825 3679 1897 θηλείας
3721 1825 3815 1878 σέ-

2236 1920 2369 1974 σειν.
2391 1920 2651 1993 Δαιμόνια
2680 1921 2787 1992 γὰρ
2806 1919 2930 1983 τοὺς
2961 1918 3116 1983 θεοὺς
3142 1917 3322 1972 αὐτῶν
3350 1917 3599 1971 ἐκάλουν.
3631 1916 3808 1987 Ἠγα-

2236 2031 2345 2083 γον
2372 2014 2561 2068 αὑτὸν
2591 2012 2692 2066 ἐπὶ
2712 2013 2821 2066 τὸν
2853 2013 3081 2080 Ἀρειον
3098 2011 3320 2080 Πάγον,
3346 2012 3445 2081 οὐχ
3474 2011 3555 2063 ὅτι
3590 2009 3807 2081 μαθεῖν,

2236 2104 2352 2156 ἀλλ’
2384 2102 2524 2157 ὥστε
2550 2101 2905 2169 κολάσασθαι,
2927 2102 3054 2155 ἔνθα
3076 2103 3132 2154 αἱ
3159 2102 3378 2169 φονικαὶ
3408 2100 3574 2154 δίκαι.
3620 2100 3815 2171 Ἄρει-

2235 2211 2295 2259 ος
2327 2195 2350 2228 ⁸
2387 2194 2445 2248 δὲ
2478 2196 2648 2263 πάγος
2693 2194 2958 2260 ἐκαλεῖτο,
2990 2193 3174 2262 ἐπειδὴ
3218 2195 3247 2246 ὁ
3294 2193 3468 2265 Ἄρης
3504 2193 3681 2245 ἐκεῖσε
3710 2194 3813 2263 τῆς

2239 2289 2488 2359 μοιχείας
2521 2288 2566 2349 ’,
2617 2285 2693 2349 ῶς
2742 2303 2898 2355 φασι,
2961 2286 3161 2339 δέδωκε
3217 2285 3394 2348 δίκας.
3458 2285 3639 2352 Πάγος
3678 2284 3736 2338 δὲ
3777 2286 3807 2337 ὁ

2237 2380 2439 2451 ὑψηλὸς
2472 2383 2661 2442 τόπος·
2689 2381 2748 2431 ἐν
2777 2379 2886 2449 γὰρ
2929 2377 3075 2449 ὖχθῳ
3116 2377 3224 2430 τινὶ
3255 2372 3324 2448 ἦν
3357 2379 3532 2430 ἐκεῖνο
3569 2376 3628 2429 τὸ
3656 2376 3812 2429 δικα-

2238 2474 2477 2543 στήριον.
2506 2471 2849 2542 Σημειωτέον
2881 2470 2985 2535 ὅτι,
3028 2469 3207 2523 καίτοι
3237 2470 3295 2522 ἐν
3324 2468 3399 2539 τῷ
3434 2468 3616 2522 λαλεῖν
3642 2469 3810 2539 ἀσχο-

2235 2565 2487 2634 λούμενοι
2516 2568 2611 2617 καὶ
2642 2564 2884 2629 ἀκούειν,
2917 2565 3066 2634 ὅμως
3092 2562 3369 2627 ξενίζοκτα
3396 2560 3645 2631 ἐνόμιζον
3665 2555 3810 2615 εἶναι

2237 2659 2443 2721 ἐκεῖνα,
2475 2655 2619 2726 ἅπερ
2643 2656 2899 2709 οὐδέποτε
2938 2656 3179 2727 ἥκουσαν
3205 2672 3220 2687 ·
3256 2645 3432 2717 ἄλλως
3459 2671 3518 2706 τε
3553 2655 3611 2706 δὲ
3639 2654 3733 2706 καὶ
3759 2654 3811 2706 ει

549 2750 774 2808 Martius
817 2762 1000 2808 autem
1051 2756 1208 2810 collis
1249 2756 1543 2810 vocabatur
1574 2755 1622 2809 is
1664 2754 1839 2820 locus,
1871 2753 2128 2823 quoniam

2237 2749 2517 2821 ἄνθρωπον
2567 2750 2867 2819 ἐκήρυττεν
2906 2747 3303 2819 ἐσταυρῶσθαι,
3341 2748 3401 2800 οὐ
3448 2746 3600 2813 ξένον
3641 2740 3709 2817 ἦν
3749 2745 3814 2798 τὸ

550 2842 691 2898 Mars
722 2845 853 2911 illic,
889 2857 946 2901 ut
981 2848 1119 2901 fama
1145 2856 1248 2913 est,
1292 2847 1547 2903 adulterii
1588 2861 1777 2917 punias
1809 2845 1978 2900 dedit.
2010 2845 2126 2898 Πά-

2233 2842 2527 2909 λεγόμενον
2557 2856 2572 2871 ο
2601 2840 2651 2893 εί
2680 2839 2737 2892 δὲ
2776 2840 2909 2893 Θεὸν
2936 2840 3122 2907 ἔλεγεν
3144 2838 3522 2909 ἐσταυρῶσθαι
3557 2839 3652 2893 καὶ
3676 2839 3813 2908 ἐγη-

516 3012 519 3013 ν
548 2951 643 3002 γος
684 2947 865 2992 autem
918 2940 1071 2994 locus
1097 2952 1180 2995 est
1211 2941 1392 2995 editus
1425 2960 1437 2993 :
1476 2954 1600 2993 nam
1633 2939 1687 2993 in
1722 2937 1861 2993 colle
1891 2936 2124 3009 quodam

2237 2936 2444 3006 γερθαι,
2477 2932 2647 2999 ὅντως
2679 2931 2957 2999 ξενίζοντα
2986 2932 3188 2988 nam.

549 3037 668 3083 erat
696 3028 786 3081 illa
818 3028 1316 3084 curia.Notandum
1343 3040 1429 3086 est
1452 3041 1632 3084 autem
1658 3030 1804 3094 illos,
1835 3043 2145 3099 quanquam
2188 3026 2738 3082 sermocinationibus
2783 3034 2838 3081 et
2871 3025 3243 3080 auditionibus
3279 3024 3461 3081 dedi‘ti'
3513 3022 3814 3082 et'addicti

549 3129 730 3186 erant,
763 3128 941 3174 tamen
970 3122 1081 3186 illa,
1119 3137 1240 3193 quae
1317 3137 1595 3191 nunquam
1676 3121 2023 3185 audiverant,
2101 3134 2388 3189 peregrina
2428 3133 2491 3172 ac
2530 3133 2669 3172 nova
2695 3126 2941 3188 putasse.
2983 3116 3118 3172 Nam
3149 3119 3393 3189 alioquin
3425 3120 3636 3175 etiamsi
3669 3136 3818 3191 pra:-

549 3210 768 3265 dieabat
798 3211 1075 3266 hominem
1107 3215 1255 3269 cruci
1294 3212 1511 3267 allixum
1554 3213 1744 3276 fuisse,
1776 3229 1886 3267 non
1920 3228 2116 3267 novum
2156 3221 2275 3265 erat
2299 3210 2444 3279 quod
2477 3209 2803 3264 dicebatur:
2835 3209 2919 3265 sin
2951 3218 3133 3265 autem
3196 3210 3599 3267 Dcumdicebat
3657 3216 3822 3270 cruci

548 3301 768 3356 allixum
816 3318 959 3369 esse,
996 3313 1052 3358 et
1087 3305 1474 3371 resurrexisse,
1532 3320 1724 3359 revera
1774 3319 1916 3358 nova
1964 3312 2127 3373 atque
2165 3301 2451 3372 peregrina
2490 3300 2832 3370 loquebatur.

624 3390 789 3447 Vsus.
817 3394 907 3448 22.
956 3395 1115 3449 Stans
1143 3407 1321 3449 autem
1345 3386 1543 3450 Paulus
1567 3398 1622 3449 in
1645 3397 1814 3450 medio
1828 3396 2010 3450 Martii
2037 3396 2136 3448 co!-

2322 3394 2569 3457 Σταθεὶς
2587 3392 2656 3446 δὲ
2683 3392 2918 3458 Παῦλος
2943 3391 3013 3446 ἐν
3029 3390 3197 3462 μέσῳ
3218 3392 3324 3447 τοῦ
3344 3392 3565 3460 Ἀρείου
3589 3392 3825 3464 Πάγου,

552 3484 638 3550 lis,
676 3484 880 3539 dicebat
912 3502 931 3540 :
963 3486 1070 3541 Viri
1121 3488 1470 3555 Athenienses,
1519 3491 1575 3542 in
1618 3489 1856 3542 omnibus
1908 3502 1997 3541 vos
2033 3488 2140 3557 fere

552 3577 701 3629 video
725 3577 1072 3649 religiosiores
1093 3596 1221 3634 esse.

626 3670 788 3723 Vsus.
809 3671 901 3724 25.
935 3670 1216 3726 Transiens
1260 3673 1420 3737 enim,
1456 3682 1501 3726 et
1532 3671 1893 3741 contemplans
1919 3671 2138 3723 numina

549 3776 667 3829 qua:
695 3759 889 3824 colitis,
919 3764 1090 3833 reperi
1115 3764 1275 3817 etiam
1311 3780 1464 3817 aram
1489 3781 1605 3817 cum
1635 3765 1735 3817 hac
1757 3763 2138 3831 inscriptione:

550 3851 738 3920 Ignoto
762 3851 891 3905 Dea.
924 3852 1087 3918 Quem
1120 3855 1285 3926 igitur
1326 3856 1631 3927 ignorantes
1665 3856 1851 3922 coiitis,
1882 3856 2021 3911 hunc
2046 3871 2139 3928 ego

550 3945 811 3997 annuntio
838 3944 999 3999 vobis.

633 4030 798 4087 νεεδ.
836 4035 923 4088 ⁸24.
972 4036 1113 4089 Deus
1143 4037 1233 4107 qui
1263 4038 1385 4107 fecit
1417 4039 1693 4104 mundum,
1731 4048 1776 4091 et
1813 4038 1990 4092 omnia
2020 4054 2138 4109 qua:

551 4133 670 4174 sunt
705 4128 757 4174 in
784 4139 865 4188 eo,
915 4123 999 4176 hic
1036 4141 1151 4178 cum
1191 4128 1305 4180 caeli
1351 4136 1602 4198 terrwque
1639 4127 1894 4183 Dominus
1918 4130 2006 4198 sit,
2036 4144 2138 4184 non

558 4211 613 4262 in
648 4211 967 4278 manufuclis
998 4213 1203 4282 templts
1233 4215 1463 4268 habitat.

631 4298 797 4355 Vens.
822 4302 911 4356 25.
947 4302 1128 4372 Neque
1161 4307 1401 4359 manibus
1436 4308 1703 4362 hominum
1733 4308 1940 4376 colitur,
1965 4318 2021 4363 ut
2049 4312 2139 4380 qui

560 4390 794 4461 alicujus
818 4394 891 4446 rei
925 4410 1115 4463 egenus
1142 4396 1230 4462 sit,
1253 4413 1370 4450 cum
1395 4398 1503 4468 ipse
1537 4402 1774 4456 omnibus
1800 4402 1984 4469 vitam,
2015 4403 2137 4457 ani-

554 4500 696 4537 mant
729 4496 777 4537 et
809 4486 1032 4540 halitum
1061 4498 1218 4559 atque
1249 4493 1427 4545 omnia
1460 4494 1567 4547 det.

628 4571 792 4628 Visus.
824 4575 914 4630 26.
948 4576 1195 4647 Fecitque
1243 4597 1307 4634 ea:
1357 4598 1458 4635 una
1502 4585 1759 4654 sanguine
1797 4600 1948 4640 omne
1975 4602 2138 4657 genus

550 4664 839 4730 hominum,
878 4677 934 4719 ut
958 4668 1011 4721 in
1040 4671 1185 4723 omni
1211 4670 1320 4725 solo
1346 4681 1502 4728 terra:
1530 4674 1849 4740 habitarent,
1872 4676 2139 4743 deﬁnivit-

2240 3488 2390 3558 ἔφη’
2443 3484 2691 3552 Ἄνδρες
2735 3484 3053 3549 Ἀθηναῖοι,
3096 3485 3246 3538 κατὰ
3277 3484 3473 3540 πάντα
3508 3486 3589 3553 ὠς
3632 3487 3828 3544 δεισι-

2241 3576 2750 3646 δαιμονεστέρους
2783 3572 2939 3644 ὑμᾶς
2967 3574 3180 3642 θεωρῶ.

2311 3667 2705 3737 Διερχόμενος
2733 3667 2844 3736 γὰρ
2864 3666 2961 3720 καὶ
2987 3667 3338 3736 ἀναθεωρῶν
3367 3669 3438 3724 τὰ
3467 3670 3827 3740 σεϐάσματα

2240 3759 2406 3829 ὑμῶν
2432 3799 2448 3825 ,
2494 3754 2676 3825 εὗρον
2721 3757 2819 3812 καὶ
2865 3758 3077 3828 ,ϐωμὸν
3102 3801 3116 3825 ,
3160 3761 3231 3813 ἐν
3279 3754 3327 3828 ᾧ
3363 3760 3772 3832 ἐπεγέγραπτο
3800 3779 3815 3792 ·

2241 3850 2546 3923 Ἀγνώστφ
2591 3848 2735 3915 Θεῷ.
2784 3853 2894 3905 Ὃν
2925 3848 3040 3906 οὖν
3079 3852 3446 3922 ἀγνοοῦντες
3490 3855 3823 3923 εὐσεϐεῖτε,

2237 3943 2454 3998 τοῦτον
2474 3941 2589 4011 ἐγὼ
2612 3941 3000 4014 καταγγέλλω
3025 3943 3186 4013 ὑμῖν.
3508 4015 3517 4025 η

2325 4035 2389 4089 '0
2420 4038 2566 4101 Θεὸς
2612 4038 2644 4089 d
2689 4037 2954 4105 ποιήσας
2985 4035 3091 4090 τὸν
3124 4036 3358 4107 κόσμον
3387 4038 3485 4094 καὶ
3521 4038 3721 4094 πάντα
3748 4043 3831 4096 τὰ

2239 4124 2308 4179 ἐν
2331 4124 2512 4192 αὐτῷ,
2541 4119 2722 4194 οὗτος
2750 4126 3012 4195 οὐρανοῦ
3044 4126 3143 4179 καὶ
3168 4126 3281 4197 γῆς
3312 4129 3526 4196 Κύριος
3552 4130 3593 4161 ³⁸
3630 4130 3829 4203 ὑπάρ-

2238 4234 2387 4287 χων,
2414 4217 2527 4270 οὐκ
2547 4217 2619 4270 ἐν
2639 4217 3079 4286 χειροποιήτοις
3110 4218 3278 4285 ναοῖς
3310 4219 3594 4288 κατοικεῖ,

2315 4306 2469 4361 Οὐδέ
2481 4308 2601 4361 ὑπὸ
2618 4306 2833 4376 χειρῶν
2858 4307 3186 4378 ἀνθρώπων
3202 4313 3604 4378 θεραπεύεται,
3630 4328 3821 4382 ,προσ-

2239 4399 2524 4469 δεόμενός
2566 4415 2773 4464 τινος,
2824 4401 3008 4466 αὐτὸς
3054 4399 3259 4467 διδοὺς
3305 4400 3458 4455 πᾶσι
3512 4401 3666 4472 ζωὴν
3713 4407 3822 4461 καὶ

2240 4488 2446 4557 πνοὴν
2473 4489 2572 4543 καὶ
2601 4488 2674 4543 τὰ
2699 4489 2899 4543 πάντα
2931 4489 2995 4545 η.

2308 4578 2592 4648 Ἐποίησέ
2614 4597 2679 4634 τε
2715 4581 2784 4645 ἐξ
2812 4582 2951 4649 ἐνὸς
2977 4583 3226 4654 αἵματος
3248 4585 3375 4642 πᾶν
3396 4588 3572 4656 ἔθνος
3599 4590 3832 4659 ἀνθρώ-

2242 4682 2377 4723 πων
2426 4671 2727 4726 κατοικεῖν
2778 4673 2879 4727 ἐπὶ
2920 4673 3046 4729 πᾶν
3075 4674 3142 4728 τὸ
3172 4678 3500 4745 πρόσωπον
3542 4679 3653 4750 τῆς
3679 4679 3826 4752 γῆς,

551 4768 652 4822 que
677 4769 740 4806 ac
765 4757 951 4809 statuit
977 4766 1211 4828 tempora
1250 4772 1393 4816 certa
1424 4775 1581 4834 atque
1605 4766 1913 4835 prtescripta
1943 4782 2007 4819 ac
2034 4775 2136 4820 ter-

2243 4764 2455 4831 ὁρίσας
2503 4766 3061 4836 προστεταγμένους
3106 4767 3152 4799 ⁸³
3212 4770 3459 4838 καιροὺς
3485 4811 3501 4838 ,
3560 4773 3658 4827 καὶ
3711 4773 3831 4842 τὰς

554 4845 727 4897 minos
754 4845 1098 4903 habitationis
1138 4867 1339 4918 eorum,

570 4990 577 4996 ,
622 4932 786 4990 Vens.
829 4938 920 4993 27.
961 4939 1023 4995 Ut
1045 4951 1336 5011 quaererent
1388 4940 1705 5009 Dominum,
1755 4945 1803 4999 si
1847 4944 1981 5014 forte
2023 4935 2143 5015 pal-

552 5029 730 5098 pando
761 5040 809 5083 et
838 5037 1203 5086 contrectando
1232 5050 1351 5087 eum
1376 5034 1662 5093 inveniant.
1690 5032 2008 5106 Quanquam
2039 5052 2143 5091 non

552 5120 743 5191 procul
769 5124 916 5176 abest
945 5122 1011 5177 ab
1046 5139 1355 5195 unoquoque
1384 5135 1642 5180 nostrum.

625 5210 795 5268 Vens.
828 5213 920 5269 28.
969 5212 1070 5268 Per
1109 5232 1231 5269 eum
1273 5217 1413 5271 cnim
1452 5218 1674 5273 vivimus
1707 5229 1756 5271 et
1794 5234 2061 5273 movemur
2088 5230 2138 5275 et

551 5316 755 5371 sumus,
788 5310 847 5356 ut
887 5304 1105 5375 quidam
1136 5305 1295 5358 etiam
1322 5315 1616 5359 vestrorum
1663 5318 1941 5375 poetarum
1984 5309 2137 5364 dixe-

554 5403 722 5448 runt:
754 5410 879 5449 nam
911 5394 1070 5465 hujus
1098 5411 1302 5467 quoque
1326 5397 1596 5468 progenies
1626 5414 1830 5455 sumus.

2244 4856 2559 4923 ὁροθεσίας
2578 4857 2685 4922 τὰς
2717 4858 3020 4925 κατοικίας
3050 4857 3271 4928 αὐτῶν,

2314 4944 2529 5013 Ζητεῖν
2586 4947 2695 5000 τὸν
2749 4948 2998 5017 Κύριον,
3044 4949 3098 5001 ει
3142 4948 3327 5019 ἄραγε
3382 4953 3837 5023 ψηλαφήσειαν

2243 5036 2433 5089 αὑτὸν
2461 5035 2559 5089 καί
2590 5037 2828 5106 εὕροιεν
2855 5054 2870 5068 ο
2926 5039 3030 5092 καί
3059 5054 3126 5110 τε
3163 5041 3236 5095 οὐ
3258 5045 3502 5112 μακρὰν
3528 5046 3647 5099 ἀπὸ
3676 5045 3833 5117 ἐνὸς

2243 5126 2510 5179 ἑκάστου
2546 5125 2718 5195 ⁴ἡμῶν
2748 5128 3117 5196 ὑπάρχοντα.

2317 5219 2422 5273 Ἑν
2446 5219 2608 5284 αὐτῷ
2650 5222 2759 5289 γὰρ
2783 5219 2969 5290 ζῶμεν
2999 5223 3098 5277 καὶ
3122 5225 3447 5294 κινούμεθα
3474 5228 3573 5283 καὶ
3605 5228 3829 5298 ἐσμὲν,

2244 5310 2326 5375 ὡς
2362 5309 2464 5364 καί
2503 5326 2662 5376 τινες
2694 5310 2813 5363 τῶν
2841 5312 2973 5365 καθ’
3022 5310 3179 5382 ὑμᾶς
3210 5314 3471 5385 ποιητῶν
3497 5317 3776 5385 εἰρήκασι
3811 5338 3828 5353 ο

2251 5402 2362 5458 Τοῦ
2390 5404 2500 5472 γὰρ
2530 5403 2629 5456 καὶ
2663 5401 2836 5473 γένος
2855 5403 3065 5473 ἐσμέν.

1708 5540 1909 5602 Val-ite
1942 5540 2250 5604 lectiones
2296 5550 2359 5604 et
2398 5548 2592 5604 notua.

634 5636 654 5666 ⁶
684 5632 749 5711 af,
788 5650 927 5711 pergat.
1002 5647 1022 5676 τ
1049 5639 1477 5711 παρεικάζοντες
1518 5642 1750 5708 Παῦλον,
1782 5653 1917 5697 crat.

2020 5646 2042 5676 ⁸
2066 5646 2262 5716 ὄρειος,
2290 5656 2428 5700 erat.

2527 5647 2548 5679 ⁸
2581 5646 2817 5715 μοιχίας,
2867 5656 3002 5701 erat.
3116 5648 3160 5680 ‘°
3190 5647 3252 5703 In
3298 5649 3523 5721 vulgatis
3550 5652 3827 5706 nonnulli"

780 5707 1003 5793 Κύριος.
1082 5705 1219 5767 η’ν.
1251 5705 1316 5769 (2.⁷
1349 5724 1395 5768 et
1442 5714 1500 5769 Β.
1545 5705 1744 5784 legunt,
1795 5717 1888 5768 καὶ
1923 5705 2119 5782 πάντα,

2237 5705 2316 5770 ain
2343 5705 2613 5771 lectionem
2644 5705 2735 5786 ego
2762 5705 2963 5789 quoque
2991 5734 3196 5789 sequar.
3277 5722 3319 5752 ¹²
3350 5705 3415 5780 [ἦ
3432 5719 3659 5793 vulgatis
3707 5705 3817 5779 esi.

564 5780 1056 5848 προτεταγμένους,
