4114 6432
284 411 393 476 ἳίῦ

998 408 1403 471 EXPOSITIO
1443 408 1519 467 IN
1551 407 1739 468 ACTA
1767 404 2345 488 APOSTOLORUM.
2376 431 2446 441 —
2478 404 2637 465 CAP.
2668 404 2857 466 XVII.

3457 407 3567 476 746

349 527 541 589 Γένος
597 517 713 582 οὖν
742 498 1140 595 ’ὑπάρχοντες
1193 527 1297 583 τοῦ
1334 525 1507 592 Θεοῦ,
1549 527 1664 579 οὑκ
1713 525 1872 594 ὀφει-

2050 523 2210 578 Vtzns.
2240 521 2331 577 29.
2370 522 2501 578 Cum
2518 522 2683 592 igitur
2707 521 2874 577 simus
2897 519 2990 576 Dei
3018 524 3311 594 progenies,
3341 540 3445 579 non
3472 529 3568 579 de-

272 622 462 687 λομεν
490 618 756 687 νομίζειν
796 619 1026 688 χρυσῷ,
1060 619 1099 688 ἦ
1130 619 1387 689 ἀργύρῳ,
1424 617 1463 686 ἣ
1509 617 1659 682 λίθῳ
1691 613 1870 684 χαρά-

275 725 453 780 nam
524 711 747 779 τέχνής
802 710 903 765 καί
967 711 1357 781 ἐνθυμήσεως
1417 708 1737 778 ἀνθρώπου
1801 706 1869 760 τὸ

276 801 452 855 Θεῖον
477 795 631 854 εἶναι
657 797 888 867 ὅμοιον.

354 891 449 955 Ὠς
483 888 1175 960 δεισιδαιμονεστέρους.
1226 886 1584 958 Δεισιδαίμων
1654 885 1871 954 λέγεται

271 983 299 1032 ὁ
332 976 523 1041 δεδιὼς
546 979 614 1032 τὰ
652 977 924 1048 δαιμόνια,
954 979 982 1030 ὁ
1017 978 1194 1031 πάντα
1234 976 1492 1041 θειάζων,
1548 974 1645 1027 καὶ
1691 972 1867 1039 ξύλον,

274 1073 369 1125 καὶ
391 1070 563 1134 λίθον,
594 1070 688 1124 καὶ
716 1068 955 1138 πνεῦμα.
995 1069 1209 1138 Ὥσπερ
1255 1064 1629 1138 ἐγκωμιάζειν
1673 1065 1873 1125 αὐτοὺς

273 1165 441 1216 δοκεῖ.
476 1159 1144 1231 Δεισιδαιμονεστέρους
1179 1160 1258 1227 δὲ,
1309 1161 1430 1214 άντὶ
1467 1160 1583 1223 τοῦ,
1645 1158 1871 1213 εὐλαϐε-

275 1255 524 1324 στέρους·
550 1252 708 1306 τοῦτο
752 1252 809 1306 δὲ
851 1248 971 1305 εἶπε
1011 1252 1100 1305 διὰ
1143 1253 1235 1305 τὸν
1276 1250 1478 1321 βωμόν.
1534 1249 1873 1318 Ἀνειστήκει

279 1347 333 1399 δὲ
361 1344 549 1408 αὐτοῖς
577 1347 606 1398 ὁ
637 1344 819 1415 βωμὸς
863 1345 927 1396 ἐκ
964 1342 1222 1412 τοιαύτης
1252 1341 1452 1405 αἰτίας·
1491 1342 1733 1410 Πόλεμος
1764 1342 1875 1403 τοῖς

291 1438 594 1508 Ἀθηναίοις
655 1436 786 1490 ποτὲ
834 1437 1145 1508 συνερῤάγτι
1203 1435 1344 1506 πρὸς
1395 1434 1694 1497 ἐναντίους·
1753 1428 1870 1485 εἶτα

279 1528 592 1600 πράξαντες
622 1526 807 1591 κακῶς
846 1526 1223 1596 ἀνεχώρησαν.
1275 1526 1385 1580 Καὶ
1424 1524 1611 1596 ἐπειδὴ
1660 1524 1876 1589 παίζειν

278 1620 478 1682 αὐτοὺς
498 1620 611 1681 τοῖς
635 1618 884 1689 δαίμοσιν
912 1617 1031 1681 ἔθος
1066 1613 1157 1687 ἦν,
1185 1617 1297 1671 τῶν
1338 1617 1609 1688 δαιμόνων
1640 1635 1724 1679 τις
1757 1619 1876 1671 ἐπι-

284 1712 501 1778 φανεὶς,
529 1708 880 1763 οὐδεπώποτε
910 1708 1014 1780 ἔφη
1048 1709 1181 1780 παρ’
1211 1708 1390 1763 αὐτῶν
1423 1707 1875 1779 τεθεραπεῦσθαι·

280 1803 538 1865 κάκεῖνος
582 1801 767 1864 αὐτοῖς
793 1802 1092 1879 ὀργισθεὶς,
1124 1801 1221 1870 τῆς
1252 1801 1424 1872 ἥττης
1464 1800 1668 1870 ταύτης
1705 1800 1877 1865 αἴτιος

278 1891 637 1962 γεγενῆσθαι.
696 1890 920 1962 Ἐκείνῳ
956 1908 1013 1944 τε
1048 1873 1141 1944 οῦν
1189 1891 1487 1960 άνίστησαν
1528 1890 1572 1922 ⁸³
1596 1891 1743 1945 ναόν·
1788 1891 1880 1944 καὶ
1906 1873 1956 1932 Β

279 1983 357 2047 ὼς
399 1981 798 2052 φυλαττόμενοι
852 1980 1024 2053 μὴτὸ
1076 1981 1210 2036 αὐτὸ
1258 1982 1354 2035 καὶ
1408 1981 1597 2036 ἄλλοτε
1630 1983 1875 2049 πάθοιεν,

280 2076 551 2145 παρέντες
581 2074 705 2129 τινα
732 2073 866 2128 Θεὸν
896 2074 1172 2144 ἄγνωστον
1202 2074 1407 2138 αὐτοῖς,
1442 2075 1751 2146 ἀνέστησαν
1785 2073 1878 2126 τὸν

283 2166 469 2237 βωμὸν
503 2168 711 2220 ἐκεῖνον
754 2165 1153 2238 ἐπιγράφοντες
1174 2180 1188 2194 ·
1233 2163 1544 2234 ’Λγνὼστῳ
1575 2162 1729 2229 Θεῷ·
1753 2161 1879 2216 τοῦ·

281 2276 345 2313 το
399 2259 676 2329 λέγοντες,
706 2257 811 2322 ὅτι,
860 2257 927 2312 El
958 2256 1052 2309 καί
1103 2272 1187 2318 τις
1225 2255 1410 2326 ἕτερος
1451 2254 1697 2322 ἀγνοοῖτο
1746 2253 1876 2324 παρ’

288 2352 472 2423 ἡμῶν,
518 2353 598 2415 εἰς
634 2350 797 2421 τιμὴν
823 2348 1028 2403 ἐκείνου
1077 2347 1231 2409 οὗτος
1280 2350 1309 2402 ὁ
1353 2346 1534 2417 βωμὸς
1570 2344 1877 2417 ὲγηγέρθω,

284 2445 360 2509 ὡς
398 2444 466 2498 ἂν
491 2444 653 2508 ἵλεως
679 2443 840 2514 ἡμῶν
868 2441 913 2474 ⁸⁸
947 2441 1055 2512 εἴη,
1087 2440 1244 2512 εἴπερ
1266 2438 1630 2510 ἀγνοούμενος
1676 2437 1754 2491 ὣν
1804 2439 1878 2509 μὴ

285 2534 671 2609 θεραπεύοιτο.
698 2531 808 2588 Ἦν
830 2533 888 2588 δὲ
923 2533 956 2605 ἡ
1007 2535 1158 2587 πᾶσα
1202 2531 1295 2585 τοῦ
1347 2531 1535 2603 βωμοῦ
1571 2531 1877 2602 ἐπιγραφή·

289 2629 457 2696 Θεοῖς
510 2628 737 2694 Ἀσιας,
777 2627 876 2681 καί
924 2625 1239 2695 Εὐρώπης.
1296 2625 1397 2679 καὶ
1451 2625 1710 2692 Λιϐύης·
1756 2622 1880 2689 Θεῷ

287 2718 580 2789 ἀγνώστῳ
629 2717 729 2772 καὶ
758 2717 934 2782 ξένῳ.
967 2747 1031 2757 -
1062 2716 1452 2786 Διερχόμενος
1478 2715 1589 2784 γὰρ
1617 2715 1716 2770 καί
1738 2716 1882 2771 ἀνα-

290 2810 529 2880 θεωρῶν
566 2810 639 2865 τὰ
671 2809 1021 2877 σεϐάσματα
1063 2807 1250 2877 ὑμῶν.
1293 2800 1469 2879 Εὗρεν
1513 2809 1571 2859 ὲν
1613 2809 1680 2879 τῇ
1730 2806 1883 2865 πόλει

289 2906 414 2976 οὐχὶ
446 2902 650 2975 βιῦλίον
680 2901 843 2967 θεῖον,
880 2899 1019 2955 ἀλλὰ
1065 2900 1246 2970 βωμὸν
1288 2898 1591 2969 ἑστηκότα·
1639 2900 1751 2978 καὶ,
1776 2900 1885 2953 ἀπὸ

288 2995 394 3065 τῆς
432 2992 745 3064 ἐπιγραφῆς
782 2989 873 3044 τοῦ
918 2989 1104 3061 βωμοῦ
1150 2990 1240 3043 τὸν
1282 2989 1468 3060 βωμὸν
1517 2988 1755 3044 καθεῖλε,
1817 2989 1884 3043 Τί

288 3088 406 3158 γάρ
431 3085 539 3140 ἔδει
566 3086 787 3156 ποιῆσαι
818 3082 1018 3149 αὐτόνς
1055 3081 1319 3151 Ἕλληνες
1361 3082 1562 3145 πάντες
1585 3077 1724 3154 ἦσαν
1756 3082 1886 3135 ἀσε-

1971 613 2149 666 bemus
2174 613 2480 667 existimare
2507 628 2666 673 auro,
2692 621 2787 665 aut
2840 620 3082 683 argento,
3125 626 3217 666 aut
3250 614 3418 684 lapidi
3454 614 3574 668 arte

1970 711 2022 757 et
2048 703 2312 757 industria
2344 705 2580 757 Immuna
2619 701 2821 771 sculpta
2851 701 3025 757 simile
3050 719 3160 758 esse
3199 720 3393 759 numen
3421 705 3566 760 diui-

1977 811 2128 849 num.
3342 782 3343 785 Ἰ

2046 883 2203 954 135
2229 884 2357 939 Fere
2378 885 2742 956 religiosiores.
2770 885 3130 957 Δεισιδαίμων
3149 886 3350 941 dicitur
3376 887 3445 949 is,
3475 890 3569 958 qui

1973 977 2131 1031 timet
2161 976 2452 1041 daemonia,
2484 978 2575 1047 qui
2607 979 2789 1033 o'nnia
2826 994 2923 1048 pro
2950 979 3176 1033 numine
3233 980 3366 1035 colit
3386 973 3443 1034 εὶ
3477 995 3574 1033 νο·-

1975 1077 2228 1132 neratur,
2272 1076 2327 1122 et
2356 1069 2590 1141 lignum,
2623 1080 2679 1124 et
2709 1070 2969 1139 lapidem,
3003 1081 3059 1125 et
3103 1071 3377 1141 Spiritum.
3406 1071 3570 1138 Quasi

1974 1159 2202 1214 laudare
2234 1174 2330 1214 eos
2370 1159 2603 1214 videtur.
2639 1160 3239 1232 Δεισιδαιμονεστὲρους
3270 1169 3478 1227 autem,
3512 1164 3566 1218 id

1975 1258 2083 1313 est,
2120 1250 2385 1305 dremouia
2420 1251 2698 1317 timentes,
2727 1254 2907 1322 posuit
2937 1268 3033 1323 pro
3064 1255 3396 1323 retigiosores
3420 1269 3439 1306 :
3465 1251 3571 1307 hoc

1977 1354 2159 1398 autem
2199 1341 2336 1398 dixit
2365 1352 2592 1414 propter
2624 1345 2816 1399 altare.
2847 1343 3016 1399 Porro
3040 1345 3207 1399 altare
3232 1353 3568 1400 exstructum

1975 1433 2154 1489 fuerat
2180 1433 2249 1487 ab
2270 1432 2379 1488 illis
2399 1448 2468 1487 ex
2503 1434 2812 1504 hujusmodi
2843 1451 3038 1491 causa:
3072 1437 3262 1493 Prmlio
3294 1439 3570 1509 quondam

1977 1525 2342 1582 conﬂixerant
2368 1523 2748 1582 Athenienses
2794 1542 2916 1582 cum
2949 1530 3284 1585 adversariis
3317 1546 3333 1584 :
3374 1529 3572 1585 deinde

1977 1626 2199 1688 acecpla
2233 1618 2387 1674 clade
2433 1626 2801 1673 recesserant.
2853 1618 2919 1673 Et
2954 1620 3216 1690 quoniam
3265 1620 3425 1676 ludos
3460 1623 3574 1676 die-

1982 1710 2239 1766 monibus
2285 1710 2565 1765 celebrare
2605 1723 3030 1777 consueverant,
3087 1714 3306 1784 quidam
3359 1714 3572 1769 daemon

1980 1817 2103 1856 cum
2136 1802 2508 1872 apparuisset,
2550 1818 2831 1874 nunquam
2867 1806 2936 1859 ab
2966 1806 3077 1861 illis
3119 1821 3180 1861 se
3209 1806 3419 1861 cultum
3450 1822 3575 1862 esse

1982 1893 2201 1949 dicebat
2238 1911 2252 1947 :
2284 1908 2351 1949 ac
2383 1908 2508 1950 sese
2541 1894 2650 1949 illis
2683 1894 2882 1949 iratum
2922 1895 3047 1949 mali
3077 1895 3249 1966 praelii
3299 1896 3447 1951 illius
3473 1911 3574 1951 au-

1980 1993 2192 2040 ctorem
2226 1992 2282 2040 et
2333 1999 2554 2040 causam
2598 1985 2790 2041 fuisse.
2827 1985 3014 2056 Itaque
3054 1995 3111 2042 et
3162 1986 3240 2041 illi
3283 1987 3572 2043 delubrum

1977 2085 2370 2132 exstruxerunt
2404 2094 2419 2131 :
2449 2085 2506 2132 et
2547 2086 2607 2131 ut
2641 2086 2899 2134 caventes
2927 2093 2998 2133 ne
3023 2078 3245 2148 quando
3265 2078 3396 2133 alias
3431 2092 3573 2147 quo-

1978 2184 2108 2240 que,
2141 2171 2286 2241 quod
2314 2171 2550 2242 aliquem
2576 2171 2913 2243 incognitum
2937 2171 3038 2227 sibi
3071 2171 3240 2228 Deum
3273 2172 3573 2243 praetoriis“

1979 2271 2103 2316 sent
2125 2276 2189 2316 ac
2219 2262 2610 2333 neglexissent,
2638 2260 2782 2317 idem
2812 2262 2946 2333 ipsis
2976 2263 3266 2328 accideret,
3286 2274 3573 2320 exstruxe-

1982 2362 2113 2407 runt
2140 2352 2273 2408 illud
2313 2352 2512 2420 altare,
2537 2354 2934 2410 inscribentes:
2964 2351 3152 2425 Ignoto
3179 2354 3285 2409 Deo
3317 2370 3336 2410 :
3368 2354 3473 2410 hoc
3501 2354 3576 2410 si-

1981 2444 2329 2514 gniﬁcantes.
2364 2443 2592 2500 Etiamsi
2617 2446 2742 2516 quis
2767 2445 2905 2501 alius
2935 2461 2966 2500 a
2992 2445 3151 2502 nobis
3176 2447 3481 2518 ignoretur,
3516 2448 3575 2501 in

1983 2537 2247 2593 honorem
2278 2538 2424 2594 illius
2451 2542 2555 2594 hoc
2578 2538 2753 2597 altare
2777 2549 3125 2595 exstructum
3149 2549 3290 2607 esto,
3330 2548 3391 2596 ut
3416 2539 3576 2595 nobis

1983 2630 2258 2701 pr0pitius
2287 2631 2380 2696 sit,
2414 2630 2459 2685 si
2490 2647 2614 2686 cum
2646 2632 2806 2687 nobis
2830 2632 3248 2703 incognitussit
3277 2647 3387 2687 non
3419 2632 3574 2688 cola-

1984 2730 2094 2777 tur.
2149 2723 2279 2777 Erat
2329 2731 2511 2777 autem
2560 2738 2667 2778 arae
2712 2732 2824 2779 tota
2890 2724 3178 2794 inscriptio
3227 2724 3344 2779 [nec
3392 2742 3407 2780 :
3459 2724 3576 2780 Diis

1985 2815 2147 2879 Asiae,
2174 2814 2401 2883 Europa:
2429 2824 2479 2869 et
2509 2812 2686 2886 Libya:
2718 2832 2736 2871 :
2769 2815 2875 2870 Deo
2907 2816 3169 2886 incognito
3191 2833 3255 2870 ac
3278 2816 3573 2886 peregrino.

1987 2936 2053 2948 —
2079 2905 2217 2961 Cum
2255 2907 2537 2960 transirem
2563 2907 2700 2961 enim
2722 2914 2772 2961 et
2800 2906 3180 2976 contemplarer
3208 2907 3424 2960 numina
3457 2921 3577 2963 auat

1989 2999 2180 3053 colitis.
2214 2997 2428 3054 Invenit
2475 2999 2529 3053 in
2574 2999 2711 3055 urbe
2758 3014 2871 3054 non
2918 2998 3116 3054 librum
3160 3000 3433 3065 divinum,
3478 3000 3577 3055 sed

1990 3106 2139 3145 aram
2180 3098 2462 3147 stantem:
2494 3100 2659 3162 atque
2697 3091 2988 3147 occasione
3036 3101 3253 3163 sumpta
3294 3092 3362 3147 ab
3389 3091 3580 3147 altaris

295 3179 432 3248 βεῖς.
464 3176 527 3229 Ei
555 3175 664 3230 ἀπὸ
695 3173 1042 3242 Εὐαγγελίων
1085 3171 1341 3243 διηλέχθη
1380 3172 1566 3234 αὐτοῖς
1588 3210 1604 3235 ,
1658 3171 1887 3240 κατεγέ-

1991 3182 2374 3255 inscriptione,
2400 3183 2570 3239 altare
2600 3183 2891 3240 demolitus
2929 3191 3033 3240 est.
3066 3184 3207 3251 Quid
3236 3184 3384 3239 enim
3418 3183 3576 3255 illum

293 3270 427 3323 λων·
468 3267 581 3322 ἀπὸ
620 3265 938 3338 προφητῶν,
983 3262 1083 3317 οὐκ
1131 3264 1437 3317 ἐπίστευον.
1492 3261 1627 3315 Ἀπὸ
1668 3262 1776 3315 τῶν
1823 3263 1881 3315 ὃ·

295 3360 447 3413 πλων
469 3358 564 3414 οὖν
587 3357 696 3411 τῶν
734 3355 1008 3426 πολεμίων
1041 3355 1179 3409 αὐτὰ
1223 3353 1587 3424 ἐχειρώσατο·
1618 3354 1716 3409 καὶ
1755 3354 1884 3407 τοῦ-

294 3474 359 3510 το
384 3454 534 3508 ἐστιν
562 3451 593 3506 ὃ
614 3450 793 3518 λέγει·
824 3447 1154 3518 Ἐγενόμην
1191 3446 1317 3513 τοῖς
1357 3447 1606 3518 ἀνόμοις
1633 3447 1715 3514 ὡς
1744 3447 1885 3502 dra.

292 3563 432 3618 μσς.
472 3538 596 3598 Εἶδε
628 3542 721 3596 τδν
756 3540 960 3612 βωμὸν,
1001 3539 1097 3593 καὶ
1128 3539 1428 3609 μετέστησε
1470 3539 1539 3593 τὰ
1580 3539 1886 3610 γράμματα

300 3640 439 3711 πρὸς
461 3637 649 3691 ἑαυτόν
667 3651 684 3667 ·
719 3634 919 3705 μᾶλλον
940 3633 996 3686 δὲ
1026 3634 1087 3686 τὸ
1116 3631 1296 3703 νόημα
1327 3631 1531 3686 τούτων
1565 3632 1886 3703 μετέθηκεν.

311 3731 675 3801 Ἐγέγραπτο,
719 3726 904 3796 φησὶν,
954 3726 1011 3777 ὲν
1035 3722 1115 3793 τῷ
1146 3722 1346 3793 βωμῷ·
1379 3722 1697 3791 Ἀγνώστφ
1742 3720 1886 3787 Θεῷ.

301 3823 398 3887 Τίς
422 3821 479 3875 δὲ
509 3816 579 3891 ἦν
603 3817 759 3881 ἄλλος
787 3814 1153 3885 ἀγνοούμενος
1173 3814 1327 3877 Θεὸς,
1373 3812 1487 3867 ἀλλ’
1507 3814 1541 3883 ἢ
1564 3816 1592 3866 ὁ
1622 3814 1886 3882 Χριστάςς

300 3915 368 3968 Τί
395 3911 532 3977 οῦνς
568 3912 620 3965 οἱ
645 3909 920 3979 Ἀθηναῖοι
964 3906 1054 3960 διὰ
1097 3905 1191 3959 τὸν
1221 3905 1456 3976 Χριστὸν
1486 3903 1732 3974 ἔγραψαν
1765 3904 1890 3956 τοῦ-

299 4022 400 4071 so;
433 4006 497 4058 Ei
540 4002 630 4057 διὰ
664 4001 758 4055 τὸν
777 4000 1011 4070 Χριστὸν
1039 3996 1308 4068 ἔγραψαν,
1347 3995 1448 4049 οὐκ
1485 3990 1554 4066 ἦν
1580 3992 1724 4047 οὕτω
1762 3993 1893 4047 θαυ-

298 4096 514 4168 μαστὸν
560 4095 620 4149 τὸ
673 4093 1007 4165 κατόρθωμα
1048 4091 1286 4145 Παύλου.
1344 4089 1486 4143 Ἀλλ’
1545 4091 1741 4143 ἐκείνοι
1793 4088 1895 4158 μὲν

301 4191 477 4252 ἄλλως
513 4185 760 4258 ἔγραψαν
783 4202 797 4218 ·
826 4179 983 4248 οὗτος
1005 4183 1061 4237 δὲ
1093 4182 1311 4254 ἴσχυσεν
1340 4182 1517 4245 ἄλλως
1564 4180 1698 4235 αὐτὸ
1728 4197 1894 4251 μετα-

304 4283 513 4338 ϐαλεῖν.
572 4280 895 4348 Ἀναγκαῖον
947 4276 1005 4331 δὲ
1037 4277 1212 4330 εἰπεῖν
1254 4275 1399 4339 τίνος
1452 4276 1643 4329 ἕνεκεν
1694 4275 1897 4329 ἐκεῖνοι

303 4376 586 4445 ἔγραψαν·
663 4368 980 4441 Ἀγνώστῳ
1035 4365 1179 4433 Θεῷ.
1242 4366 1479 4430 Πολλοὺς
1536 4361 1684 4437 εἶχον
1740 4364 1898 4429 θεοὺς

304 4468 528 4531 ἐκεῖνοι,
570 4464 664 4518 καὶ
693 4461 1021 4534 ὲπιχωρίους
1055 4460 1149 4513 καὶ
1175 4457 1384 4524 ξένους.
1436 4456 1678 4522 Τούτους
1717 4456 1899 4512 τοίνυν

1989 3275 2171 3331 facere
2197 3274 2527 3345 oportebat?
2556 3274 2729 3330 Graeci
2753 3288 2946 3330 omnes
2977 3282 3135 3330 erant
3182 3275 3336 3346 impii
3371 3284 3429 3331 et
3457 3277 3575 3331 veri

1987 3368 2084 3425 Dei
2113 3368 2296 3425 cultus
2320 3375 2609 3438 expertes.
2627 3365 2687 3422 Si
2724 3368 2794 3422 ab
2827 3366 3138 3439 Evangeliis
3167 3375 3389 3439 sumpto
3413 3383 3577 3440 argu-

1986 3469 2174 3515 mento
2205 3458 2369 3514 verba
2403 3456 2471 3512 ad
2493 3471 2588 3512 eos
2622 3454 2865 3522 fecisset,
2888 3456 3214 3513 derisissent
3251 3474 3265 3512 :
3308 3459 3354 3514 si
3388 3472 3419 3512 a
3446 3474 3580 3529 pro-

1986 3552 2193 3624 phetis,
2229 3566 2342 3606 non
2371 3549 2755 3606 credidissent.
2790 3549 2971 3604 Armis
2990 3549 3156 3622 igitur
3186 3551 3429 3608 hostium
3456 3551 3579 3624 ipsa

1988 3659 2140 3700 arma
2180 3641 2435 3713 subegit;
2463 3650 2631 3710 atque
2658 3641 2758 3695 hoc
2792 3649 2875 3695 est
2912 3641 3057 3710 quod
3092 3641 3263 3697 dicit:
3305 3640 3411 3697 Fui
3450 3643 3580 3716 legis

2002 3734 2299 3803 expertibus
2327 3740 2377 3786 et
2431 3731 2607 3799 impiis
2648 3737 2902 3800 tanquam
2928 3730 3124 3799 impius
3153 3740 3202 3784 et
3223 3726 3349 3803 legis
3371 3747 3579 3788 exuere.

1996 3825 2139 3879 Vidit
2188 3823 2380 3887 altare,
2421 3829 2478 3876 et
2521 3821 2586 3876 ad
2638 3835 2798 3876 suum
2844 3834 3003 3874 usum
3037 3820 3243 3891 scripta
3290 3822 3579 3880 traduxit:

1993 3917 2104 3970 imo
2127 3929 2259 3972 vero
2300 3911 2629 3968 sententiam
2688 3910 2907 3966 illorum
2957 3910 3200 3966 traduxit
3227 3920 3284 3987 et
3331 3913 3576 3970 invertit.

1993 4008 2344 4077 luscriptum,
2393 4006 2593 4076 inquit,
2619 4004 2777 4059 altari
2810 4011 2930 4060 erat
2972 4042 2989 4070 ,
3046 3996 3234 4076 Ignoto
3269 4005 3400 4061 Deo.
3445 4005 3580 4075 Quis

1994 4108 2176 4155 autem
2204 4110 2321 4154 erat
2347 4097 2487 4152 alius
2510 4097 2654 4153 Deus
2682 4096 2773 4167 qui
2802 4096 3178 4168 ignorabatur,
3218 4107 3583 4170 praeterquam

1994 4188 2284 4245 Christus?
2330 4187 2478 4255 Quid
2537 4185 2748 4259 igitur?
2807 4201 2877 4241 an
2926 4185 3295 4243 Atheuienses
3358 4197 3586 4260 propter

1997 4278 2277 4334 Christum
2317 4278 2653 4347 scripserant
2706 4275 2865 4331 hoc?
2915 4274 2972 4331 Si
3029 4284 3256 4348 propter
3305 4275 3583 4334 Christum

2001 4371 2373 4442 scripsissent,
2422 4385 2534 4425 non
2563 4371 2702 4424 adeo
2732 4367 3017 4423 mirandus
3043 4377 3193 4423 esset
3237 4367 3314 4423 rei
3348 4383 3380 4422 a
3411 4367 3585 4425 Paulo

2002 4465 2232 4534 inceptae
2262 4477 2488 4533 prOSper
2517 4475 2828 4517 successus.
2866 4457 3065 4513 Verum
3117 4457 3192 4512 illi
3228 4458 3447 4529 quidem
3475 4460 3582 4515 ali-

304 4559 433 4620 τοὺς
495 4555 596 4625 μὲν
641 4551 796 4624 παρὰ
841 4550 1095 4621 μητέρων
1128 4546 1275 4619 εἶχον
1304 4546 1618 4617 δεξάμενοι·
1651 4547 1779 4611 τοὺς
1814 4546 1887 4614 δὲ,

2004 4564 2088 4610 ter
2115 4557 2479 4624 scripserant:
2509 4553 2599 4608 hic
2621 4567 2749 4607 vero
2780 4551 2962 4622 potuit
2990 4550 3252 4620 scriptum
3286 4548 3446 4604 aliter
3467 4560 3583 4605 tra-

308 4654 417 4711 ὶπὺ
451 4652 561 4707 τῶν
596 4647 841 4720 πλησίων
877 4646 1067 4700 ἐθνῶν.
1125 4644 1281 4698 Ἐπεὶ
1327 4642 1422 4698 οὖν
1467 4644 1569 4698 οὐκ
1620 4643 1680 4708 ἐξ
1723 4644 1898 4714 ἀρχῆς

305 4747 521 4807 πάντας
573 4740 840 4806 ἐδέξαντο,
887 4736 1026 4791 ἀλλὰ
1072 4735 1215 4790 κατὰ
1265 4734 1460 4807 μικρὸν
1504 4734 1899 4806 εἰσηνέχθησαν

306 4837 516 4899 αὐτοῖς·
543 4832 596 4887 oi
627 4831 747 4904 μὲν.
801 4827 1038 4884 ἐπὶτῶν
1079 4828 1353 4899 πατέρων,
1400 4828 1450 4880 οἱ
1508 4828 1586 4895 δὲ,
1646 4828 1738 4880 ἐπὶ
1792 4825 1901 4879 τῶν

310 4931 579 4993 πάππων,
616 4926 668 4979 oi.
693 4925 750 4978 δὲ
775 4923 869 4976 ἐπὶ
898 4923 997 4991 τῆς
1038 4921 1231 4989 γενεᾶς
1254 4919 1352 4989 τῆς
1381 4918 1581 4984 αὐτῶν,
1615 4917 1901 4971 συνελθόν-

311 5039 402 5084 τες
438 5015 619 5083 εἶπον,
648 5018 754 5081 ὅτι,
793 5014 1030 5085 ιὨσπερ
1098 5012 1323 5074 τούτους
1385 5010 1714 5080 ἠγνοοῦμεν,
1782 5005 1901 5061 εἶτα

314 5114 549 5184 ὕστερον
597 5109 799 5171 αὐτοὺς
835 5106 1236 5177 ἐγνωρίσαμεν,
1272 5102 1413 5158 οὕτω
1457 5101 1748 5171 συμόαίνει
1806 5102 1905 5154 καὶ

312 5202 475 5258 ἄλλον
522 5195 662 5253 εἶναι
715 5195 1104 5267 ἀγνοούμενον,
1150 5194 1255 5247 καὶ
1303 5193 1434 5248 ὄντα
1494 5193 1593 5260 μὲν
1633 5190 1790 5257 θεὸν,
1840 5191 1902 5244 ού

314 5290 718 5364 γνωριζόμενον
742 5289 800 5342 δὲ
823 5286 913 5355 ὑφ’
941 5285 1124 5357 ἡμῶν.
1168 5284 1261 5338 καὶ
1313 5283 1404 5338 διὰ
1453 5282 1613 5336 τοῦτο
1652 5281 1906 5335 λανθάνει

318 5380 694 5453 ἀμελούμενος
722 5377 818 5431 καὶ
859 5375 936 5445 μὴ
983 5373 1445 5444 θεραπευόμενος.
1500 5372 1775 5443 Ἐστησαν
1813 5370 1908 5425 οῦν

318 5474 527 5546 βωμὸν,
568 5472 667 5526 καὶ
698 5465 1043 5538 ἐπέγραψαν·
1096 5461 1414 5534 Ἀτνὼστφ
1456 5463 1598 5528 Θεῷ·
1634 5463 1792 5517 τοῦτο
1824 5463 1911 5516 λέ-

316 5579 511 5634 γοντες
548 5560 641 5615 διὰ
658 5558 752 5615 τοῦ
783 5557 1131 5629 γράμματος,
1174 5554 1257 5608 ὅτι
1288 5555 1400 5612 Καὶ
1429 5555 1589 5628 -εῐτις
1626 5556 1743 5608 ἐστὶ
1770 5554 1905 5619 Θεὸς

2002 4647 2205 4702 ducere
2228 4656 2391 4716 atque
2427 4645 2742 4699 immutare.
2776 4642 3018 4697 Necesse
3042 4649 3128 4695 est
3152 4648 3334 4695 autem
3371 4640 3581 4707 dicere,

2003 4736 2162 4806 cujus
2177 4736 2254 4790 rei
2275 4735 2445 4807 gratia
2463 4734 2539 4794 illi
2558 4734 2907 4804 scripserant,
2932 4729 3120 4802 Ignota
3142 4730 3267 4788 Deo.
3286 4731 3485 4790 Multos
3503 4733 3583 4801 illi

2003 4829 2135 4883 deos
2149 4827 2421 4882 habebant
2436 4818 2550 4881 tum
2572 4826 2779 4896 patrios
2800 4834 2960 4894 atque
2973 4824 3457 4887 domesticos,tum
3481 4825 3588 4883 bo-

2005 4920 2174 4988 Spites
2195 4933 2259 4974 ac
2289 4918 2627 4990 peregrinos.
2645 4917 2755 4972 Hos
2777 4916 2941 4989 igitur
2958 4917 3151 4986 partim
3174 4918 3392 4988 quidem
3414 4934 3447 4975 a
3471 4936 3589 4975 ma-

2001 5007 2179 5062 tribus
2194 5016 2448 5076 aeceptos
2480 5006 2777 5073 habebant,
2796 5005 2992 5075 partim
3015 5020 3145 5060 vero
3169 5021 3198 5061 a
3224 5006 3467 5064 ﬁnitimis
3485 5025 3586 5064 na-

2007 5098 2265 5155 tionibus.
2287 5096 2556 5164 Quoniam
2573 5112 2703 5169 ergo
2730 5112 2841 5154 non
2869 5113 3062 5155 omnes
3092 5099 3161 5154 ab
3179 5100 3335 5156 initio
3350 5116 3587 5172 accepe-

2007 5200 2160 5257 runt,
2192 5191 2288 5247 sed
2310 5190 2573 5261 paulatim
2608 5191 2679 5245 ab
2707 5189 2776 5245 iis
2804 5191 3103 5247 introducti
3130 5201 3308 5257 erant,
3343 5191 3433 5245 alii
3461 5195 3588 5262 qui-

2007 5283 2131 5339 dem
2159 5292 2318 5339 :etate
2346 5292 2586 5354 patrum,
2634 5282 2726 5336 alii
2766 5297 2893 5338 vero
2927 5292 3172 5353 tempore
3216 5297 3466 5345 avorum,
3493 5283 3585 5338 alii

2008 5375 2254 5445 ipsorum
2291 5383 2474 5440 aztale,
2524 5374 2836 5444 congregati
2887 5374 3147 5429 dixerunt
3180 5373 3588 5439 :Quemadmo-

2012 5469 2143 5523 dum
2170 5468 2707 5539 bosignorabamus,
2748 5468 2945 5524 deinde
2979 5474 3169 5537 postea
3207 5481 3303 5522 eos
3328 5469 3588 5539 cognovi-

2009 5575 2134 5616 mus
2163 5602 2179 5627 ,
2213 5559 2290 5614 ita
2338 5559 2591 5616 accidere
2622 5570 2805 5631 potest
2832 5567 2895 5616 ut
2923 5559 3089 5617 etiam
3114 5558 3256 5616 alius
3284 5558 3585 5632 ignoretur,

1476 5734 1677 5799 Variae
1713 5734 2021 5800 lectiones
2063 5743 2127 5801 et
2168 5742 2359 5800 notes.

397 5845 441 5879 "
468 5844 557 5899 ισ.
586 5841 914 5912 ἀνέστησαν.
989 5838 1034 5872 ⁸⁸
1065 5837 1198 5909 ἡμῖν
1227 5835 1315 5890 ίσ.

653 5943 929 6004 ΡΑτιιοι..
976 5939 1094 6001 Gn.
1140 5932 1381 5998 CXXV.
1465 5957 1473 5964 -

3183 5927 3263 5993 24

3589 788 3600 817 ἰ
