4114 6438
473 345 578 407 747

1358 345 1938 411 ΤΗῈΟΡΠΥΙΛΟΤΙ
1981 345 2389 433 ΒυιιῦΑΒΙιΈ
2428 347 2786 408 ARCHIEP.

3610 343 3721 408 713

475 461 570 531 qni
605 460 749 516 Deus
774 459 990 530 quidem
1037 458 1130 524 sit,
1174 459 1269 514 sed
1321 459 1479 515 nobis
1528 458 1858 530 incognitus,
1891 468 1947 512 et
1976 457 2052 513 id-

2159 458 2348 526 ἓτερος
2385 458 2747 527 ἀγνοούμενος
2805 458 2959 527 ἡμῖν,
3008 455 3257 508 κάκεῖνον
3307 452 3740 525 θεραπεύσομεν.

471 553 617 607 circo
653 564 756 606 nos
787 549 970 612 faliat,
1009 550 1138 605 dum
1169 550 1462 621 negligitur
1491 560 1546 605 et
1561 566 1667 604 non
1683 549 1897 604 colitur.
1926 550 2051 604 Sta-

473 647 696 693 tuerunt
733 638 898 718 igitur
925 638 1098 693 altare
1133 649 1191 694 et
1213 639 1628 709 inscripsertmt,
1675 639 1862 711 Ignoto
1896 640 2056 711 136

474 730 756 785 Deo:hoc
804 731 1015 802 scripto
1067 731 1159 786 illo
1214 730 1624 802 signiﬁcantes:
1672 730 1893 785 Etiamsi
1931 730 2056 801 quis

473 826 613 893 alius
634 835 714 880 cst
745 823 889 880 Deus
915 826 1077 880 nobis
1109 824 1437 896 incognitus,
1467 825 1618 880 illum
1657 839 1876 894 quoque
1903 824 2053 879 cole-

474 930 619 971 mus.
658 914 1053 970 Animadvcrte
1092 902 1422 969 immensum
1450 923 1507 969 et
1538 914 1899 969 excellentem
1943 913 2048 968 dse-

474 1019 697 1058 mouum
744 1012 971 1059 metum.
1000 1003 1207 1059 Idcirco
1230 1003 1439 1059 Pnuius
1477 1004 1736 1060 dicebat:
1772 1003 1836 1057 lu
1879 1005 2053 1058 omni-

475 1104 567 1150 bus
595 1097 703 1166 fere
742 1097 813 1151 ad
843 1096 1080 1152 timorem
1127 1096 1423 1151 dwmonum
1449 1098 1809 1167 propensiores
1836 1113 1923 1151 vos
1948 1113 2056 1152 esse

471 1189 642 1254 uideo,
680 1189 785 1244 hoc
818 1199 925 1254 est,
973 1189 1348 1259 religiosiores.
1379 1188 1499 1243 Non
1528 1188 1672 1242 enim
1712 1188 1866 1242 vobis
1898 1198 2057 1244 notos

473 1281 750 1336 daemones
776 1280 923 1336 solos
952 1283 1152 1343 colitis,
1188 1296 1383 1336 verum
1428 1280 1589 1335 etiam
1634 1280 1787 1335 vobis
1813 1281 2055 1336 nondum

472 1382 653 1429 notos.
703 1375 889 1444 itaque
911 1390 1036 1430 cum
1089 1374 1335 1445 captiose
1373 1373 1711 1431 sententiam
1749 1374 1940 1430 altaris
1970 1375 2054 1430 iu-

474 1463 793 1531 scriptionis
840 1464 1236 1534 interpretatus
1262 1474 1433 1529 esset,
1482 1464 1913 1520 accommodavit
1934 1480 2056 1520 eam

475 1554 541 1607 ad
573 1553 874 1610 Christum.
911 1554 1072 1621 Quem
1104 1557 1241 1610 enim
1264 1557 1565 1626 ignorantes
1590 1572 1681 1610 vos
1705 1557 1895 1620 colitis,
1922 1558 2058 1612 hunc

475 1663 568 1716 ego
599 1648 857 1701 annuntio
885 1647 1044 1701 vobis.
1082 1647 1177 1702 llis
1203 1648 1386 1702 verbis
1404 1647 1563 1702 illum
1586 1660 1743 1707 erant
1776 1650 2056 1705 insimula-

476 1743 586 1796 turi
619 1741 985 1797 Athenienses
1005 1758 1027 1794 τ
1058 1739 1260 1795 Novam
1291 1751 1453 1811 atque
1481 1742 1823 1812 peregrinam
1855 1741 2058 1798 doctri-

2161 551 2301 620 Ὅρα
2346 550 2654 622 ὑπερϐολὴν
2686 548 3130 620 δεισιδαιμονίας.
3184 547 3284 600 Διὰ
3332 546 3490 601 τοῦτο
3533 550 3561 601 ό
3592 550 3743 603 Παῦ-

2155 642 2246 706 λος
2300 643 2425 714 ἔφη·
2472 643 2635 697 Κατὰ
2695 643 2893 696 πάντα
2948 642 3028 708 ὡς
3082 641 3748 711 δεισιδαιμονεστέρους

2156 732 2310 803 ὑμᾶς
2368 732 2581 803 θεωρῶ,
2639 733 2761 788 ἀντὶ¹
2802 733 2917 797 τοῦ,
2980 732 3491 800 εὐλαϐεστέρουςο
3524 732 3585 785 οὐ
3635 733 3747 804 γὰρ

2154 824 2283 889 τούς
2339 825 2650 896 γνωρίμους
2702 824 2834 896 ὑμῖν
2870 824 3132 894 δαίμονας
3179 823 3514 896 θεραπεύετε
3559 825 3745 895 μόνον,

2155 916 2291 971 ἀλλά
2318 918 2412 971 καὶ
2442 918 2567 980 τοὺς
2598 916 2750 971 οὔπω
2775 917 3178 989 γνωρισθέντας
3201 918 3353 988 ὑμῖν.
3384 918 3495 972 Καὶ
3537 919 3746 989 αἰχμα-

2154 1008 2385 1072 λωτίσας
2414 1008 2475 1061 τὸ
2507 1007 2708 1078 νόημα,
2736 1007 3037 1076 ἐπέστησεν
3066 1006 3198 1059 αὐτὸ
3242 1006 3339 1059 ἐπὶ
3371 1005 3464 1059 τὸν
3489 1006 3744 1076 Χριστόν.

2161 1101 2273 1152 ’ον
2337 1098 2449 1167 γὰρ
2510 1098 2874 1169 ἀγνοοῦντες
2927 1097 3231 1152 εὐσεϐεῖτε
3274 1096 3467 1168 ὑμεῖς,
3529 1097 3749 1152 τοῦτον

2154 1192 2269 1261 ἐγὼ
2295 1188 2680 1260 καταγγέλλω
2718 1189 2878 1259 ὑμῖν.
2934 1190 3201 1259 Ἔμελλον
3255 1191 3431 1243 ταῦτα
3490 1185 3749 1257 ἐγκαλεῖν

2168 1285 2464 1353 Ἀθηναῖοι,
2544 1284 2649 1349 ὅτι,
2738 1281 3024 1346 Ξενίζοντα
3128 1280 3374 1350 δόγματα
3447 1280 3745 1353 εἰσφέρεις·

2156 1373 2259 1437 ὅτι,
2335 1372 2467 1426 Θεὸν
2540 1373 2599 1425 ὃν
2652 1374 2751 1426 οὐκ
2799 1371 2980 1442 ῖσμεν,
3053 1372 3347 1442 εἰσφέρεις.
3412 1371 3749 1441 Βουλόμενος

2156 1462 2252 1518 οὖν
2347 1464 2728 1533 ἀπαλλαγῆναι
2826 1462 2927 1533 τῆς
2995 1461 3231 1531 ὑποψίας
3335 1463 3431 1517 καὶ
3537 1461 3749 1526 διδάξαι

2156 1554 2239 1607 ὅτι
2289 1555 2352 1606 οὐ
2406 1553 2556 1619 ξένον
2593 1554 2856 1624 κηρύττει
2901 1552 3056 1616 Θεὸν,
3095 1552 3209 1605 ἀλλ’
3271 1552 3331 1606 ὃν
3379 1552 3749 1624 προλαϐόντες

2157 1645 2311 1698 αὐτοὶ
2339 1644 2429 1698 διὰ
2456 1644 2554 1714 τῆς
2586 1643 2883 1714 θεραπείας
2928 1643 3218 1712 ἐτίμησαν,
3251 1643 3442 1713 Ὑμεῖς
3489 1660 3560 1713 με
3614 1660 3750 1712 προ-

2159 1735 2402 1799 ελάόετε,
2435 1735 2618 1805 φησὶν,
2663 1734 2896 1804 ἔφθασεν
2935 1733 3088 1804 ὑμῶν
3132 1736 3166 1806 ἡ
3207 1733 3474 1804 θεραπεία
3516 1733 3579 1788 τὸ
3614 1733 3750 1803 ἐμὶν

476 1848 601 1885 nam
634 1831 956 1895 introducis,
991 1830 1158 1886 Deum
1190 1848 1353 1901 quem
1386 1831 1700 1903 ignoramus
1729 1832 2051 1890 introducis.

2158 1828 2442 1898 κήρυγμα·
2493 1826 2684 1881 τοῦτον
2711 1827 2821 1899 γὰρ
2858 1825 3231 1906 καταγγέλλω,
3269 1826 3328 1880 ὃν
3373 1826 3531 1897 ὑμεῖς
3576 1827 3748 1894 ἀγνο-

474 1924 611 1978 Cum
646 1924 811 1995 igitur
850 1924 1014 1979 Vellet
1044 1924 1259 1979 liberari
1289 1925 1605 1994 suspicione
1650 1937 1816 1995 atque
1858 1926 2056 1982 docere

476 2030 670 2070 senon
704 2016 1051 2088 peregrinum
1086 2018 1254 2071 Deum
1284 2016 1602 2086 praedicare,
1634 2019 1727 2073 sed
1753 2033 1918 2089 quem
1954 2018 2053 2089 ipsi

476 2121 636 2162 antea
666 2100 897 2164 colendo
930 2110 1315 2175 honorasseut,
1340 2107 1472 2172 Vos,
1514 2109 1711 2180 inquit,
1742 2126 1829 2165 me
1853 2126 2055 2181 praeve-

477 2199 657 2261 nistis,
696 2209 883 2255 vester
910 2201 1092 2256 cultus
1129 2215 1264 2255 mea:
1313 2201 1687 2270 prmdicationi
1722 2205 2054 2259 antevertit:

479 2292 623 2346 hunc
661 2291 809 2347 enim
856 2293 1145 2355 annuntio,
1187 2307 1350 2362 quem
1382 2308 1482 2348 vos
1507 2293 1822 2364 ignorantes
1856 2294 2054 2351 colitis.

399 2388 405 2395 '
475 2381 617 2436 Deus
658 2383 747 2450 qui
772 2380 894 2450 feeit
948 2381 1224 2436 mundum.
1266 2379 1450 2436 Unum
1480 2382 1710 2438 verbum
1742 2384 2059 2457 prolocutus

475 2483 580 2538 est,
608 2489 715 2544 quo
746 2473 926 2529 omnia
959 2473 1412 2544 philosotihorum
1444 2474 1696 2546 dogmata
1729 2485 1894 2547 atque
1927 2491 2057 2532 sen-

479 2567 679 2622 tentias
712 2566 1000 2622 subvertit.
1038 2565 1172 2622 Nam
1201 2567 1455 2635 Epicurei
1485 2568 1705 2639 quidem
1739 2583 1829 2624 res
1860 2568 2058 2623 fortui-

475 2667 560 2713 tas
582 2673 703 2714 esse
747 2658 923 2723 aiunt,
956 2668 1012 2714 et
1045 2673 1110 2715 ex
1136 2659 1353 2725 atomis,
1380 2658 1487 2715 hoc
1520 2668 1623 2724 est,
1663 2674 1729 2716 ex
1759 2659 2059 2717 individuis

472 2752 814 2823 corpusculis
845 2752 986 2808 efﬁci
1019 2771 1033 2808 :
1065 2752 1153 2809 hic
1175 2768 1307 2808 vero
1357 2752 1454 2807 Dei
1478 2769 1616 2824 onus
1648 2755 1909 2809 mundum
1935 2769 2058 2810 esse

474 2846 567 2910 ait,
605 2854 661 2899 et
702 2845 882 2901 omnia
934 2861 1058 2916 rpite
1105 2856 1237 2901 sunt
1281 2846 1338 2899 in
1371 2860 1459 2901 eo.
1505 2845 1626 2901 Non
1654 2846 1711 2900 in
1741 2848 2058 2919 manufacds

479 2938 687 3003 templis
735 2938 960 2992 habitat.
1007 2936 1086 2992 Ne
1134 2936 1516 2993 existimarent
1567 2954 1736 2993 unum
1762 2938 1831 2993 de
1868 2940 2056 2995 multis

479 3045 603 3087 csse
646 3030 836 3093 Deum,
872 3031 967 3102 qui
1012 3030 1081 3084 ab
1109 3046 1174 3084 co
1215 3030 1638 3098 praedicabatur,
1670 3031 1814 3100 quod
1842 3032 2058 3088 dixerat

476 3120 721 3192 corrigit,
755 3121 1116 3189 subjuugcns,
1139 3118 1261 3174 Non
1300 3122 1352 3173 in
1386 3122 1706 3192 munufactis
1735 3122 1939 3193 templis
1959 3124 2054 3178 Ita-

2157 1917 2342 1982 οῦντες
2389 1919 2749 1987 θεραπεύετε.
2814 1918 2868 1970 Ὁ
2902 1917 3047 1982 Θεὸς
3069 1918 3333 1985 ποιήσας
3358 1918 3468 1970 τὸν
3487 1918 3746 1985 κόσμον,

2158 2008 2291 2078 μίαν
2332 2008 2516 2079 φωνὴν
2564 2007 2890 2078 ἐφθέγξατο,
2948 2007 3017 2060 δι’
3047 2002 3110 2079 ἧς
3173 2008 3348 2061 πάντα
3409 2004 3747 2075 κατέστρεψε

2154 2087 2222 2156 τὰ
2244 2102 2359 2156 τῶν.
2377 2102 2703 2173 φιλοσόφων.
2739 2101 2804 2156 Οἱ
2834 2100 2932 2171 μὲν
2971 2100 3082 2170 γὰρ
3125 2097 3460 2170 Ἐπικούριοι
3507 2100 3551 2132 ¹⁵
3588 2097 3749 2152 αὐτό-

2159 2196 2307 2266 ματά
2344 2212 2477 2263 φασι
2527 2194 2623 2247 καὶ
2650 2192 2757 2245 ἀπὸ
2798 2192 3039 2263 ἀτόμων·
3084 2185 3238 2254 οὗτος
3284 2190 3362 2253 δὲ,
3407 2189 3568 2262 ἔργον
3608 2187 3748 2259 φησι

2155 2288 2293 2343 Θεοῦ
2332 2289 2423 2342 τὸν
2452 2288 2656 2357 κόσμον
2689 2286 2785 2340 καὶ
2836 2285 2909 2339 τὰ
2955 2288 3014 2339 ὲν
3063 2283 3211 2354 αὐτῴ
3260 2284 3457 2339 πάντα.
3514 2285 3638 2337 Οὐκ
3673 2282 3748 2337 ἐν

2155 2379 2590 2450 χειροποιήτοις
2617 2378 2788 2444 ναοῖς
2827 2377 3109 2432 κατοικεῖ.
3156 2378 3277 2433 Ἵνα
3323 2377 3397 2448 μὴ
3450 2376 3747 2446 νομίσωσιν

2155 2472 2254 2525 ἕνα
2276 2472 2385 2525 τῶν
2421 2470 2631 2524 πολλῶν
2660 2468 2799 2525 εἶναι
2842 2469 2976 2523 Θεὸν
3008 2469 3101 2522 τὸν
3131 2468 3221 2523 ὑπ’
3270 2467 3435 2521 αὑτοῦ
3479 2466 3745 2538 κηρυττόο

2160 2580 2342 2635 μενον,
2371 2562 2678 2633 διορθοῦται
2717 2564 2960 2631 ἐπάγων·
3009 2562 3129 2615 Οὐκ
3183 2559 3254 2613 ἐν
3309 2558 3749 2627 χειροποιήτοις

2155 2655 2327 2721 ναοῖς
2351 2653 2635 2719 κατοικεῖ,
2674 2653 2792 2707 ἀλλ’
2820 2655 2878 2707 ἐν
2923 2652 3239 2723 ἀνθρωπίνῃ
3278 2651 3448 2723 ψυχῇ.
3502 2652 3568 2704 Τί
3609 2651 3745 2719 οῦνς

2157 2748 2234 2801 Οὐ
2265 2747 2504 2817 κατῴκει
2540 2749 2597 2799 ὲν
2622 2745 2700 2816 τῷ
2731 2744 2845 2812 ναῷ
2873 2744 2982 2799 τῶν
3027 2744 3448 2815 Ἰεροσολύμων;
3481 2746 3554 2798 05
3585 2744 3743 2816 δῆτα,

2155 2817 2269 2893 ἀλλῖ
2324 2839 2570 2909 ἐνήργει.
2628 2837 2751 2900 Πῶς
2800 2832 2894 2891 οὖν
2951 2836 3323 2907 ἐθεραπεύετο
3386 2839 3490 2892 ὑπὸ
3542 2839 3749 2909 χειρῶν

2156 2929 2461 3004 ἀνθρώπων
2525 2930 2678 3001 παρὰ
2709 2928 3015 2997 Ἰουδαίοις;
3049 2931 3161 3001 Οὐχ
3200 2931 3304 2985 ὑπὸ
3360 2929 3579 3001 χειρῶν,
3625 2931 3747 2985 ἀλλ’

2156 3023 2262 3076 ὑπὸ
2311 3022 2572 3086 διανοῖας’
2632 3023 2754 3076 ἐπεὶ
2806 3023 2991 3076 ἐκεῖνα
3049 3020 3152 3077 οὐκ
3200 3023 3383 3094 ἐζήτει
3441 3016 3597 3088 οὗτος
3666 3025 3745 3089 ὡς

2156 3114 2576 3185 προσδεόμενος.
2614 3113 2712 3182 Μὴ
2749 3112 3013 3184 prirnum.
3062 3113 3211 3183 κρέα
3259 3115 3493 3183 ταύρων
3512 3130 3533 3180 ;
3583 3116 3743 3185 φησὶ,

476 3214 629 3276 bitat,
660 3212 769 3268 'sed
798 3214 853 3266 in
896 3212 1082 3267 animo
1121 3212 1382 3267 humano.
1418 3209 1560 3276 Quid
1621 3211 1823 3283 igitur?
1871 3229 2052 3268 annon

2156 3204 2252 3256 καὶ
2299 3204 2368 3257 τὰ
2426 3203 2578 3273 ἑξῆς.
2606 3202 2798 3271 -Μὴ
2871 3202 3313 3273 προσδεόμενός
3354 3221 3516 3271 τινος
3558 3207 3746 3272 αὐτὸς

477 3304 757 3361 habitabat
800 3305 857 3359 iu
891 3304 1094 3374 templo
1124 3301 1629 3377 Jerosolymorum?
1677 3303 2051 3374 Nequaquam,

477 3394 572 3449 sed
602 3393 932 3463 operabatur
961 3408 1026 3447 ac
1052 3393 1159 3447 vim
1182 3407 1334 3448 suam
1362 3392 1675 3458 exercebat,
1704 3403 1759 3448 et
1785 3395 1836 3448 in
1871 3405 2052 3449 actum

478 3486 808 3555 proferebat.
839 3484 943 3551 Qui
968 3484 1132 3555 igitur
1162 3483 1412 3539 manibus
1440 3482 1722 3538 hominum
1771 3485 2055 3540 colebatur

477 3576 892 3649 apudJudaeos?
939 3575 1059 3631 Non
1091 3575 1363 3640 manibus,
1395 3576 1490 3631 sed
1520 3583 1705 3630 mente
1735 3592 1750 3631 :
1792 3577 2051 3647 quoniam

478 3671 569 3723 illa
604 3669 695 3725 hic
729 3684 839 3725 non
866 3667 1214 3724 desiderabat
1240 3668 1392 3738 quasi
1423 3667 1652 3739 alicujus
1676 3668 1753 3723 rei
1796 3682 2001 3740 egenus
2033 3685 2050 3723 :

474 3762 617 3819 Num
647 3778 838 3828 vescor,
862 3761 1057 3832 inquit,
1075 3761 1319 3815 carnibus
1341 3759 1777 3815 taurorum?etc.
1801 3790 1868 3801 —
1897 3759 2051 3815 Nullo

476 3869 534 3907 rs
564 3853 822 3924 indigens,
855 3867 974 3906 cum
1001 3853 1110 3921 ipse
1139 3852 1229 3906 det
1254 3850 1493 3904 omnibus
1520 3850 1687 3905 vitam
1714 3860 1762 3905 et
1803 3850 2048 3906 halitum.

476 3945 595 4001 Duo
624 3945 778 4015 ponit
801 3943 1023 4001 deitatis
1069 3952 1216 3999 certa
1247 3950 1587 4013 argumenta,
1614 3941 1875 3997 nimirum
1904 3942 2052 4012 quod

477 4047 532 4092 ct
567 4039 679 4107 ipse
714 4037 869 4092 nulla
910 4051 969 4091 re
1000 4018 1262 4106 indigeat,
1309 4042 1366 4090 et
1401 4033 1656 4089 omnibus
1696 4034 1878 4089 omnia
1916 4049 2053 4105 prte-

478 4129 623 4183 bcat.
670 4126 810 4182 Ecce
862 4134 1046 4183 autem
1097 4126 1258 4201 etiam
1284 4126 1480 4181 animae
1519 4125 1671 4181 illum
1710 4127 2049 4182 conditorem

479 4219 631 4285 facit,
671 4233 784 4275 non
832 4217 1161 4289 genitorem.
1200 4215 1552 4285 Deﬁnivitque
1580 4233 1645 4270 ac
1687 4219 1875 4271 statuit
1915 4227 2049 4271 tem-

473 4327 607 4384 pora
636 4319 787 4364 certa
821 4319 979 4379 atque
1009 4309 1349 4378 prazscripta.
1392 4307 1647 4364 Deﬁnivit
1686 4324 1750 4364 ac
1803 4311 2054 4379 praescri-

478 4404 588 4474 psit
635 4412 694 4458 ut
738 4409 1047 4471 quaererent
1080 4399 1287 4456 Deum:
1327 4416 1518 4457 verum
1550 4416 1661 4456 non
1697 4416 1909 4468 semper
1948 4402 2053 4457 hoc

474 4494 827 4566 praescripsit,
854 4493 949 4549 sed
982 4493 1146 4549 certis
1185 4503 1349 4564 atque
1379 4494 1712 4565 praescriptis
1740 4503 2047 4562 temporum

475 4586 963 4645 vicissitudinibus.
986 4584 1282 4641 ostendens
1300 4598 1396 4639 eos
1420 4597 1589 4649 nunc,
1608 4598 1733 4639 cum
1758 4599 1865 4637 non
1897 4599 2049 4653 quae-

472 4676 755 4739 sivisseut,
789 4675 1092 4729 invenisse.
1124 4673 1394 4739 Quoniam
1441 4676 1587 4728 enim
1619 4674 1909 4744 quaesitum
1937 4689 2048 4727 non

476 4761 819 4830 invenerant,
848 4769 1086 4825 ostendit
1113 4769 1268 4823 illum
1292 4770 1367 4824 ita
1391 4768 1563 4823 fuisse
1591 4769 1960 4832 manifestum,
1992 4779 2051 4822 ut

474 4863 517 4916 si
544 4863 725 4932 aliqua
750 4878 836 4917 res
862 4862 915 4916 iu
940 4862 1120 4917 medio
1138 4862 1314 4931 posita
1339 4869 1729 4917 coutrectetur.
1759 4859 1879 4915 Non
1906 4860 2049 4914 enim

476 4954 564 5009 hic
607 4952 827 5024 quidem
874 4952 1072 5008 coelum
1114 4960 1255 5018 erat,
1289 4951 1419 5007 alibi
1459 4960 1643 5006 autem
1676 4966 1790 5005 non
1824 4969 1836 5004 :
1872 4966 2051 5020 neque

472 5049 527 5102 in
557 5048 661 5103 hoc
685 5046 906 5118 quidem
949 5056 1193 5111 tempore
1220 5050 1359 5108 erat,
1393 5042 1449 5097 in
1474 5042 1582 5097 alio
1609 5057 1740 5098 vero
1781 5057 1915 5097 non.
1945 5042 2051 5097 Ita-

470 5155 577 5211 que
605 5151 660 5195 ct
690 5142 742 5194 iu
778 5137 932 5194 omni
964 5145 1229 5206 tempore,
1272 5141 1328 5189 et
1359 5133 1416 5188 in
1442 5133 1591 5188 omni
1626 5133 1860 5188 termino
1890 5149 1954 5187 ac
1990 5133 2054 5187 li-

470 5233 604 5285 mite
646 5238 862 5302 poterat
893 5226 1129 5282 inveniri
1163 5245 1176 5282 :
1216 5225 1288 5280 ita
1318 5239 1434 5280 rem
1478 5223 1745 5294 disposuit
1786 5233 1843 5278 et
1873 5223 2048 5278 admi-

472 5322 743 5386 nistravit,
783 5328 843 5375 ut
876 5332 1058 5388 neque
1088 5315 1208 5372 loco
1236 5331 1411 5386 neque
1453 5323 1699 5384 tempore
1724 5316 2047 5386 prohibere-

473 5422 584 5467 tur.
621 5410 732 5467 Iloc
763 5411 908 5466 enim
955 5409 1133 5479 ipsum
1166 5407 1401 5462 maxime
1434 5421 1529 5462 eos
1564 5406 1877 5477 adiuvabat,
1899 5408 2044 5478 quod

474 5503 676 5570 ubique
707 5503 906 5557 cmlum
941 5509 1050 5566 est,
1081 5510 1136 5554 et
1165 5497 1314 5567 quod
1348 5498 1403 5552 in
1451 5498 1601 5552 omni
1640 5506 1886 5568 tempore
1914 5507 2042 5557 stat.

2151 3294 2357 3360 διδοὺς
2420 3294 2574 3352 πᾶσι
2626 3294 2783 3365 ζωὴν
2842 3296 2941 3351 καὶ
3007 3296 3227 3366 πνοήν.
3296 3297 3402 3351 Δύο
3465 3299 3746 3370 τεκμήρια

2153 3387 2438 3458 Θεότητος,
2493 3388 2554 3441 τὸ
2602 3387 2764 3441 αὐτόν
2813 3405 2875 3441 τε
2931 3388 3153 3458 μηδενὸς
3203 3388 3433 3458 δεῖσθαι,
3463 3391 3558 3445 καὶ
3605 3394 3747 3446 πᾶσι

2155 3479 2333 3534 πάντα
2358 3479 2641 3550 παρέχειν.
2686 3480 2817 3534 Ἰδοὺ
2858 3480 2915 3534 δὲ
2942 3481 3035 3533 καὶ
3077 3483 3175 3551 τῆς
3213 3481 3391 3554 ψυχῆς
3441 3483 3607 3539 αὐτὸν
3650 3485 3747 3554 δη-

2157 3572 2418 3643 μιουργδν
2480 3574 2645 3639 ποιεῖ,
2705 3574 2767 3625 ού
2826 3573 3145 3643 γεννήτορα.
3226 3573 3470 3643 Ὀρίσας
3552 3591 3745 3643 προσ-

2153 3664 2551 3734 τεταγμένους
2598 3665 2859 3733 καιρούς.
2912 3664 3100 3735 "aptos
3132 3666 3365 3738 ζητῆσαι
3428 3668 3520 3723 τὸν
3573 3669 3751 3746 Θεόνολ

2152 3753 2269 3808 ἀλλ’
2316 3756 2377 3808 ού
2422 3754 2717 3818 διαπαντὸς
2775 3754 2936 3809 τοῦτο
2998 3753 3221 3826 ὥρισεν,
3279 3756 3418 3810 ἀλλὰ
3455 3760 3498 3789 ¹⁶
3567 3774 3740 3829 προσ-

2152 3850 2523 3920 τεταγμένους
2553 3850 3029 3919 καιρούςολδεικνὺς
3043 3852 3125 3906 ὅτι
3152 3850 3247 3905 νῦν
3273 3854 3392 3925 οὐχὶ
3406 3853 3745 3927 ζητήσαντες

2152 3933 2344 4011 εὗρον·
2445 3940 2633 4013 ἐπειδὴ
2709 3943 2816 4015 γὰρ
2912 3942 3250 4014 ζητήσαντες
3359 3947 3460 4017 οὐχ
3557 3940 3743 4020 εὗρον,

2153 4031 2422 4087 δείκνυσιν
2500 4034 2583 4087 ὃτι
2684 4033 2858 4098 οὕτως
2917 4030 2986 4105 ἦν
3066 4036 3316 4106 φανερῶς
3365 4037 3408 4071 ’⁷
3461 4078 3478 4105 ,
3551 4039 3745 4110 ὥσπερ
3784 4088 3797 4103 ,

2152 4124 2218 4180 ἂν
2238 4128 2316 4188 εἰς
2350 4128 2515 4196 μέσον
2543 4144 2596 4179 τι
2621 4127 3042 4198 ψηλαφώμενος.
3096 4131 3172 4183 Οὐ
3197 4130 3307 4204 γὰρ
3356 4133 3591 4189 ἐνταῦθα
3639 4137 3745 4206 μὲν

2149 4210 2219 4286 ἦν
2255 4217 2502 4288 οὐρανὸς,
2540 4219 2772 4290 ἀλλαχοῦ
2818 4219 2875 4273 δὲ
2907 4219 2988 4274 οὗ·
3034 4221 3155 4277 οὐδὲ
3202 4224 3261 4275 ὲν
3300 4225 3477 4295 τούτῳ
3523 4226 3626 4292 μὲν
3672 4223 3747 4299 ἦν

2151 4307 2230 4378 τῷ
2262 4310 2460 4380 χρόνῳ,
2491 4310 2634 4379 ἄλλῳ
2661 4310 2718 4364 δὲ
2738 4310 2821 4366 οὗ.
2851 4312 3015 4365 Ὥστε
3043 4315 3137 4368 καὶ
3166 4315 3309 4369 κατὰ
3343 4316 3517 4370 πάντα
3546 4320 3744 4390 καιρὸν

2153 4401 2249 4452 καὶ
2285 4402 2427 4454 κατὰ
2474 4402 2653 4454 πᾶσαν
2702 4401 2984 4474 ὁροθεσιαν
3037 4404 3259 4460 δυνατὸν
3309 4408 3490 4478 εὑρεῖν
3543 4411 3751 4473 αὐτόν·¹

2154 4489 2326 4552 οὕτως
2374 4490 2747 4563 ᾠκονόμησεν,
2815 4493 2956 4547 ὥστε
3022 4498 3162 4568 μήτε
3230 4500 3382 4570 τόπῳ
3436 4500 3745 4557 κωλύεσθαι

2157 4584 2296 4653 μήτε
2322 4587 2519 4657 χρόνῳ.
2571 4588 2712 4642 Αὐτὸ
2750 4588 2860 4661 γὰρ
2905 4590 3065 4645 τοῦτο
3121 4593 3355 4662 μάλιστα
3388 4598 3572 4660 αὐτοῖς
3614 4613 3747 4650 συν-

2148 4672 2403 4727 εϐόιλλετο
2433 4676 2493 4729 τὸ
2523 4679 2799 4747 πανταχοῦ
2840 4676 2978 4734 εἶναι
3022 4681 3119 4738 τὸν
3158 4684 3407 4754 οὐρανὸν,
3442 4688 3537 4741 καὶ
3578 4688 3640 4742 τὸ
3681 4689 3743 4741 ὲν
3842 4706 3853 4713 ·

2149 4766 2311 4819 παντὶ
2368 4770 2545 4838 χρόνῳ
2589 4768 2830 4824 ἑστάναι.
2891 4772 3080 4838 Οὕτως
3130 4774 3300 4843 ἐγγύς
3346 4778 3487 4845 ἐστι,
3545 4782 3738 4850 φησὶν,

2148 4856 2222 4918 ὡς
2272 4860 2444 4929 χωρὶς
2499 4861 2664 4915 αὑτοῦ
2721 4863 2797 4935 μὴ
2843 4862 2964 4935 ζῇν.
3020 4867 3128 4921 Ἐν
3173 4867 3335 4935 αὐτῷ
3388 4870 3499 4940 γὰρ
3552 4872 3744 4941 ζῶμεν

2150 4950 2251 5005 καὶ
2287 4954 2610 5023 κινούμεθα
2656 4957 2754 5009 καὶ
2814 4957 3022 5026 ἐσμέν.
3075 4959 3286 5031 Ὥσπερ
3337 4963 3397 5015 ὲν
3438 4964 3743 5035 σωματικῷ

2150 5041 2509 5115 ὑποδείγματι
2536 5045 2579 5077 ⁸⁸
2635 5047 2895 5104 ἀδύνατον
2951 5050 3218 5120 ἀγνοῆσαι
3273 5053 3413 5124 ἀέρα
3456 5055 3739 5127 πανταχοῦ

2148 5136 2466 5205 κεχυμένον,
2512 5137 2607 5191 καὶ
2638 5140 2699 5192 οὐ
2731 5140 2951 5211 μακρὰν
2983 5142 3093 5198 ἀπὸ
3136 5144 3256 5207 ἐνὸς
3303 5146 3535 5201 ἑκάστου
3576 5148 3739 5218 ἡμῶν

2147 5227 2483 5299 ὑπάρχοντα,
2514 5231 2715 5302 μᾶλλον
2742 5233 2799 5286 δὲ
2829 5234 2923 5291 καὶ
2961 5235 3017 5291 ἐν
3057 5237 3190 5307 ἡμῖν
3242 5237 3391 5296 ὄντα.
3452 5239 3563 5313 Τὴν
3601 5242 3742 5311 πρός

2144 5337 2293 5373 νοιαν
2332 5321 2498 5375 αὑτοῦ
2540 5321 2688 5393 λέγει
2735 5324 2829 5378 καὶ
2880 5326 2979 5395 τὴν
3034 5329 3421 5401 συγκρότησιν,
3479 5333 3541 5386 τὸ
3589 5329 3739 5388 εἶναι

2151 5409 2284 5480 παρ’
2310 5410 2499 5476 αὑτοῦ,
2530 5411 2592 5464 τὸ
2620 5414 2885 5484 ἐνεργεῖν,
2917 5415 2979 5469 τὸ
3006 5418 3083 5489 μὴ
3108 5419 3427 5475 ἀπολέσθαι.
3501 5423 3598 5489 Ὠς
3629 5428 3743 5480 καί
3768 5488 3777 5493 ν

2152 5516 2315 5567 τινες
2406 5501 2528 5554 τῶι·
2605 5503 2735 5561 καθ’
2807 5503 2965 5576 ὑμᾶς
3050 5497 3349 5578 ποιητῶν’
3389 5513 3732 5583 εἰρήκασιν.

1644 5611 1847 5673 Variae
1876 5610 2184 5675 lectiones
2231 5621 2292 5674 et
2336 5622 2527 5677 notae.

547 5713 590 5747 ’³
624 5713 710 5766 ἵσ.
741 5712 1125 5780 Ἐπικούρειοι.
1236 5710 1282 5743 ¹⁶
1314 5708 1525 5765 Videtur
1564 5711 1854 5766 desiderari
1892 5714 2058 5767 κατά.

2156 5713 2319 5802 "ig;
2354 5717 2609 5789 φανερός.
2650 5719 2720 5774 Et
2774 5720 3116 5794 ψηλαφῶμεν
3163 5734 3259 5781 aut
3274 5725 3735 5802 ‘dqlapcbpevov.

480 5785 521 5817 ’⁸
564 5781 780 5839 Videtur
819 5782 1128 5849 desiderari,
1163 5781 1423 5849 διδάσκει,
1459 5781 1810 5855 παρίστησιν,
1850 5793 1940 5838 aut
1968 5786 2052 5843 sin

2194 5784 2339 5853 quid.
