4114 6426
355 420 463 482 τω

1082 424 1493 486 EXPOSITIO
1530 425 1610 485 IN
1643 425 1827 485 ACTA
1875 424 2452 491 APOSTOLORUM.
2477 434 2724 496 -C:\P.
2769 436 2953 499 XVII.

3495 445 3604 511 750

365 538 605 607 ’Ἄρατος
632 537 737 610 μὲν
777 541 803 594 ὀ
833 541 994 611 σοφὸς
1026 542 1159 612 περὶ
1181 539 1276 592 τοῦ
1307 538 1427 602 Διὸς
1466 534 1620 591 εἷπε·
1671 537 1788 591 Τοῦ
1830 537 1915 607 γὰγ

2044 541 2194 595 Adeo
2216 557 2387 612 prope
2416 553 2521 607 est,
2545 544 2740 616 inquit,
2769 555 2829 602 ut
2862 518 3019 620 r37
3048 550 3252 623 absque
3298 553 3388 609 illo
3432 556 3614 614 vivere

349 630 450 684 καὶ
500 628 676 700 γένος
707 630 896 699 ἐσμέν
918 649 932 663 ⁸
968 648 1121 695 ουτος
1166 632 1224 685 δὲ
1272 630 1399 701 περὶ
1447 628 1541 683 τοῦ
1586 628 1931 701 Δημιουργοῦ

348 720 485 773 αὐτὸ
505 721 678 789 λέγει,
705 724 765 775 οὗ
793 722 882 777 τὸν
908 722 1071 778 αὐτὸν
1103 722 1299 794 ἐκείνῳ
1330 723 1523 791 λέγων,
1568 720 1649 792 μὴ
1686 720 1933 790 γένοιτοί

348 812 513 866 Ἀλλὰ
555 816 618 866 τὸ
699 814 905 884 κυρίως
958 815 1053 868 ἐπ’
1105 814 1255 886 αὐτῷ
1308 815 1352 848 ⁸⁸
1400 813 1610 878 λέγων·
1663 813 1786 866 ἐπεὶ
1839 814 1934 868 καὶ

348 906 535 977 βωμὸν
562 906 753 960 τούτου
792 902 969 973 εἶπεν,
1019 908 1118 962 οὐκ
1164 907 1369 961 ἐκείνου
1403 900 1465 961 οὗ
1530 904 1739 960 ἔσεῆον.
1775 905 1814 957 Γ
1818 904 1935 969 ἐνος

344 998 441 1050 τοῦ
471 997 607 1051 Θεοῦ
638 995 792 1054 εἶπεν
837 1002 1007 1072 ἡμᾶς,
1077 1002 1353 1053 τουτέστιν
1417 997 1652 1062 οἰκείους
1698 997 1934 1066 ἐγγυτά-

344 1106 497 1152 τους·
531 1092 717 1163 ἐπειδὴ
770 1074 834 1146 ἔκ
873 1093 968 1146 τοῦ
999 1083 1192 1163 γένους
1224 1093 1383 1163 ἡμῶν
1426 1091 1454 1143 ὁ
1502 1090 1635 1154 Θεὸς
1678 1090 1936 1160 εὐδόκησε

344 1180 610 1251 τεχθῆναι
658 1184 750 1237 ἐπὶ
796 1185 896 1254 τῆς
940 1188 1065 1257 γῆς.
1118 1186 1231 1239 Οὐκ
1276 1182 1397 1238 εἷπε
1437 1183 1516 1247 δὲ,
1552 1185 1667 1237 Οὐκ
1695 1181 1939 1253 ὀφείλετε

344 1273 605 1345 χρυσῷἢ
653 1276 880 1347 ἀργύρῳ
929 1277 990 1331 τὸ
1050 1278 1195 1330 θεῖον
1254 1276 1499 1347 νομίζειν
1549 1268 1688 1328 εῖναι
1731 1274 1937 1345 ὅμοιον,

341 1363 481 1416 ἀλλὰ
529 1368 912 1439 ταπεινότερον
960 1369 1176 1431 τούτου,
1237 1371 1360 1422 Οὐκ
1405 1368 1747 1437 ὀφείλομεν.
1796 1364 1939 1433 Ὅρα

338 1456 395 1507 δὲ
443 1456 563 1521 πῶς
604 1458 664 1512 τὸ
709 1459 1002 1531 ἀσώματον
1055 1462 1372 1532 εἰσήγαγεν.
1433 1462 1498 1514 Ἦ
1542 1461 1651 1531 γὰρ
1693 1459 1921 1520 διάνοια,

337 1547 467 1600 ὅταν
493 1548 810 1621 ὑποπτεύσῃ
852 1550 1032 1621 σῶμα,
1071 1552 1169 1605 καὶ
1199 1551 1475 1622 διάστημα
1505 1551 1743 1615 ὑπονοεῖ.

336 1638 464 1694 dem
499 1642 833 1713 signiﬁcans,
865 1658 1028 1714 quem
1082 1644 1193 1700 ille.
1224 1643 1415 1699 Absit!
1448 1644 1543 1700 sed
1571 1642 1622 1698 id
1657 1641 1803 1712 quod
1842 1641 2061 1712 proprie
2098 1641 2164 1695 de
2186 1642 2299 1696 Deo
2335 1642 2444 1698 diri
2472 1647 2750 1713 convenit,
2792 1648 3107 1719 signiﬁcans
3144 1653 3401 1721 quoniam
3442 1658 3608 1711 etiam
3719 1705 3737 1724 ,

2034 650 2147 689 non
2183 636 2475 706 possimus.
2502 638 2606 693 Per
2640 642 2813 710 ipsum
2858 643 2998 696 enim
3032 644 3248 701 vivimus
3277 656 3326 702 et
3350 665 3615 704 movemur

2037 739 2084 781 et
2108 744 2308 783 sumus.
2338 728 2503 795 Quasi
2538 744 2800 800 corporea
2831 733 3193 792 similitudine
3227 747 3389 809 atque
3423 757 3613 798 exem-

2038 819 2128 888 plo
2157 821 2399 875 ostendit
2425 820 2542 876 ﬁeri
2580 838 2690 877 non
2731 840 2913 894 posse,
2946 838 3008 881 ut
3029 842 3125 883 aer
3159 828 3248 898 qui
3282 833 3483 902 ubique
3522 833 3613 888 fu-

2037 924 2151 974 sus,
2182 925 2247 965 ac
2277 926 2383 966 non
2405 914 2593 981 procul
2611 915 2679 969 ab
2701 931 3031 988 unoquoque
3052 929 3320 987 nostrum,
3354 923 3463 979 imo
3485 941 3614 981 vero

2037 1002 2130 1071 qui
2181 1003 2349 1057 etiam
2394 1004 2446 1059 in
2494 1006 2653 1061 nobis
2689 1017 2792 1073 est,
2846 1010 3149 1080 ignoretur.
3203 1013 3610 1073 Providentiam

2035 1094 2180 1150 illius
2214 1095 2502 1167 signiﬁCat.
2547 1108 2603 1153 et
2641 1100 3023 1158 conﬁationem
3060 1115 3223 1177 atque
3268 1112 3613 1168 exercitatio-

2038 1200 2184 1250 nem,
2216 1202 2411 1255 nempe
2429 1189 2572 1258 quod
2607 1191 2675 1245 ab
2706 1192 2798 1247 illo
2823 1195 2993 1250 simus
3022 1197 3212 1260 creati,
3251 1201 3395 1268 quod
3425 1203 3611 1259 abillo

2037 1275 2413 1345 proﬁcisCatur
2455 1280 2750 1337 efﬁcientia
2779 1293 2834 1338 et
2865 1294 3040 1347 actus.
3082 1289 3230 1357 quod
3272 1306 3381 1344 non
3415 1308 3610 1362 perea-

2038 1379 2179 1420 mus.
2218 1367 2281 1422 Ut
2310 1369 2471 1422 etiam
2503 1371 2720 1440 quidam
2751 1375 2903 1428 vestri
2927 1377 3373 1444 poetwdixerunt.
3409 1382 3610 1438 Aratus

2029 1458 2251 1527 quidem
2278 1458 2366 1512 ille
2402 1461 2619 1529 sapiens
2646 1463 2714 1518 de
2741 1464 2873 1520 Jove
2898 1466 3069 1522 dixit:
3096 1467 3250 1524 Illius
3268 1473 3406 1527 enim
3430 1490 3610 1530 sumus

2029 1548 2301 1619 progenies
2333 1566 2352 1602 :
2393 1550 2488 1606 sed
2517 1552 2606 1607 hic
2645 1553 2698 1608 id
2728 1555 2862 1610 dicit
2889 1557 2958 1611 de
2994 1557 3269 1624 Creatore,
3315 1577 3422 1618 non
3451 1579 3607 1619 eum-

336 1734 509 1787 altare
541 1734 702 1804 hujus
722 1734 876 1800 dicit,
908 1750 1017 1790 non
1047 1735 1197 1791 illius
1221 1751 1383 1806 quem
1414 1733 1685 1791 colebant.
1718 1734 2040 1805 Progeniem
2091 1731 2185 1787 Dei
2230 1749 2333 1789 nos
2377 1749 2498 1791 esse
2543 1737 2701 1803 dixit,
2771 1738 2877 1794 hoc
2941 1749 3044 1803 est,
3088 1754 3350 1814 cognatos
3420 1749 3608 1816 prosi-

332 1840 498 1879 mus:
541 1825 797 1896 quoniam
847 1842 911 1881 ex
958 1842 1158 1899 genere
1204 1835 1399 1883 nostro
1439 1827 1552 1882 Deo
1600 1829 1780 1883 visum
1832 1834 1918 1880 est
1956 1824 2109 1880 nasci
2142 1826 2195 1879 in
2226 1834 2394 1882 terra.
2423 1826 2540 1882 Non
2572 1830 2710 1884 dixit
2734 1843 2943 1897 autem,
2966 1830 3082 1888 Non
3148 1834 3363 1892 debetis
3421 1840 3610 1904 existi—

332 1931 486 1971 mare
519 1932 719 1971 numen
746 1918 991 1973 divinum
1019 1918 1197 1974 simile
1225 1934 1346 1974 esse
1374 1934 1511 1974 auro
1563 1927 1659 1973 aut
1694 1925 1957 1987 argento:
2000 1915 2094 1971 sed
2125 1918 2271 1986 quod
2308 1919 2566 1975 humilius
2590 1927 2676 1975 est
2703 1937 2864 1991 quam
2893 1923 3021 1988 hoc,
3065 1941 3261 1994 nempe
3300 1925 3421 1983 Non
3451 1930 3611 1985 debe-

333 2026 473 2064 mus.
514 2009 648 2065 Vide
671 2018 855 2064 autem
892 2019 954 2065 ut
986 2010 1355 2067 introduxerit
1381 2010 1433 2066 id
1456 2008 1601 2081 quod
1632 2018 1715 2065 est
1743 2009 2148 2077 incorporeum.
2181 2000 2336 2066 Mens
2378 2013 2525 2068 enim
2593 2029 2717 2071 cum
2756 2032 2957 2086 corpus
2996 2030 3119 2073 esse
3182 2029 3362 2089 putat,
3435 2022 3602 2083 etiam

330 2101 684 2158 intervallum
716 2116 837 2157 esse
869 2102 1186 2158 arbitratur.

410 2194 556 2263 Τοὺς
579 2195 696 2263 μὲν
717 2192 832 2251 οὖν
865 2197 1124 2271 χρόνους
1149 2195 1260 2266 τῆς
1283 2197 1531 2267 ἀγνοίας
1552 2193 1850 2264 ὑπεριδὼν
1873 2195 1908 2249 ό

2092 2191 2257 2247 Vens.
2302 2191 2392 2248 30.
2435 2191 2511 2246 Ac
2553 2200 2788 2262 tempora
2828 2195 3038 2264 quidem
3083 2199 3239 2255 istius
3282 2199 3599 2271 ignorantia:

330 2287 504 2353 Θεὸς,
551 2287 743 2341 τανῦν
789 2288 1190 2359 παραγγέλλει
1233 2288 1358 2356 τοῖς
1389 2288 1720 2358 ἀνθρώποις
1759 2285 1910 2343 πᾶσι

327 2379 646 2449 πανταχοῦ
678 2379 1016 2449 μετανοεῖν.

400 2561 555 2615 Διότι
586 2562 853 2629 ἔστησεν
880 2560 1132 2631 ἡμέραν,
1158 2560 1229 2614 ἐν
1304 2562 1517 2630 μέλλει
1542 2560 1772 2629 κρίνειν
1796 2558 1913 2626 τὴν

327 2649 696 2720 οἰκουμένην
721 2650 791 2705 ἐν
825 2650 1185 2720 δικαιοσύνῃ
1211 2650 1283 2704 ὲν
1301 2651 1489 2720 Ἀνδρι
1516 2645 1564 2718 ᾧ
1580 2650 1779 2719 ὥρισε,
1812 2652 1911 2704 πί-

325 2756 470 2796 στιν
499 2740 830 2810 παρασχὼν
861 2738 1075 2806 πᾶσιν,
1104 2740 1461 2809 ἀναστήσας
1492 2743 1679 2796 αὑτὸν
1707 2741 1775 2795 ἐκ
1796 2757 1911 2795 ονε·

327 2849 511 2901 κρων.
1833 2867 1843 2879 .

412 2920 813 2986 Ἀκούσαντες
871 2920 943 2974 δὲ
999 2920 1343 2976 ἀνάστασιν
1389 2920 1637 2988 νεκρῶν,
1693 2922 1748 2974 οἱ
1791 2919 1909 2989 μὲν

329 3011 674 3080 ἐχλεύαζον,
703 3015 758 3067 οἱ
790 3010 859 3065 δὲ
894 3006 1097 3067 sinos"
1133 3011 1537 3080 Ἀκουσόμεθά
1569 3028 1686 3066 σου
1725 3011 1911 3066 πάλιν

328 3105 467 3172 περὶ
496 3106 734 3160 τούτου.

401 3196 513 3250 Καὶ
542 3196 731 3263 οὓτως
767 3200 801 3252 δ
852 3198 1095 3264 Παῦλος
1138 3196 1398 3266 ἐξῆλθεν
1448 3195 1519 3250 ἐκ
1570 3199 1768 3265 μέσου
1798 3198 1906 3251 air-

325 3305 469 3342 των.

404 3374 570 3446 Τινὲς
588 3378 657 3433 δὲ
678 3380 887 3451 ἄνδρες
909 3380 1304 3450 κολληθέντες
1317 3379 1495 3447 αὐτῷ,
1515 3379 1905 3434 ἐπίστευσαν·

323 3471 399 3525 ἐν
424 3466 517 3538 οἷς
568 3475 882 3540 Διονύσιος
903 3475 951 3511 ⁸ο
1001 3477 1034 3528 ὁ
1073 3475 1537 3543 Ἀρειοπαγίτης,
1593 3471 1694 3526 και
1744 3470 1901 3540 γυνὴ

326 3561 574 3633 ὀνόματι
598 3562 878 3633 Δάμαρις,
915 3564 1015 3618 καὶ
1039 3564 1229 3633 ἕτεροι
1260 3565 1383 3619 σὺν
1416 3563 1643 3631 αὐτοῖς.

405 3654 550 3719 Τοὺς
578 3653 696 3723 μὲν
727 3649 843 3709 οὖν
886 3656 1144 3724 χρόνους
1187 3654 1300 3724 τῆς
1334 3656 1601 3726 ἀγνοίας.
1649 3653 1724 3708 Οὐ
1777 3652 1906 3724 περὶ

327 3748 438 3801 τῶν
469 3746 815 3801 ἀπελθόντων
845 3748 1014 3817 λέγει,
1047 3748 1167 3801 ἀλλ’
1194 3743 1277 3811 οἷς
1313 3747 1690 3819 παραγγέλλει
1713 3746 1756 3778 ⁸⁸
1774 3761 1788 3775 ·
1824 3739 1906 3806 οἷς

325 3841 427 3893 οὐκ
454 3835 598 3903 εἶπε,
643 3838 918 3910 παρεῖδεν.
959 3839 1035 3892 Οὖ
1064 3839 1213 3908 λέγει
1241 3838 1322 3905 δὲ,
1367 3838 1617 3900 Ἐκόντες
1638 3837 1906 3905 ἑκακουρ-

328 3933 560 4002 γήσατε,
599 3931 742 3998 ἀλλ’,
811 3932 1165 4003 Ἦγνοήσατε.
1192 3926 1566 4000 Παραγγέλλει
1614 3925 1768 3996 γοῦν,
1803 3925 1904 3978 οὐκ

326 4024 552 4077 ἁπαιτεί
591 4023 834 4090 κόλασιν,
894 4022 1083 4095 ὥσπερ
1133 4022 1319 4086 ἀξίους
1374 4020 1533 4082 ὄντας
1588 4018 1900 4080 κολάσεως·

328 4116 464 4171 eam
495 4115 662 4170 τανῦν
709 4115 867 4170 καλεῖ
898 4116 1035 4187 πρὸς
1071 4115 1382 4185 μετάνοιαν.
1426 4112 1580 4165 Διότι
1638 4111 1905 4176 ἔστησεν

325 4211 574 4280 τῃιέραν,
618 4210 688 4265 ἐν
730 4204 773 4283 ᾗ
821 4209 1035 4280 μέλλει
1085 4207 1314 4276 κρίνειν
1348 4204 1462 4272 τὴν
1507 4202 1891 4271 οἰκουμένην.

338 4302 702 4370 Ἀναγκαξως,
762 4302 919 4372 φησὶ,
970 4298 1154 4371 κρίσιν
1213 4297 1358 4350 κατὰ
1406 4295 1599 4349 πασῶν
1647 4292 1902 4362 πράξεων

326 4394 424 4448 καὶ
448 4395 752 4466 διαλήψεων
792 4394 1009 4464 ποιήσει
1042 4392 1101 4444 ὲν
1131 4389 1336 4459 Ἀνδρὶ,
1362 4387 1423 4441 ὃν
1458 4386 1659 4458 ὥρισεν
1683 4384 1902 4439 ἔσεσθαι

328 4491 522 4563 κριτὴν
552 4489 770 4553 ζώντων
809 4488 905 4543 καὶ
929 4488 1140 4562 νεκρῶν
1161 4501 1176 4515 °
1213 4481 1368 4549 οὗτος
1397 4482 1455 4537 δέ
1489 4485 1639 4537 ἔστιν
1680 4482 1710 4533 ὁ
1757 4480 1907 4533 ἐναν-

327 4583 629 4653 Ορωπήσας
657 4581 882 4650 Κύριος.
918 4579 1148 4648 Μεγάλα
1192 4577 1251 4633 δὲ
1291 4576 1388 4631 καὶ
1417 4575 1598 4645 ὑψηλὰ
1638 4574 1904 4631 ἀκούςαν-

324 4690 439 4739 τες,
467 4672 590 4727 οὐδὲ
623 4675 939 4742 προσεῖπον,
974 4670 1111 4724 ἀλλὰ
1134 4669 1235 4742 τὴν
1265 4668 1563 4723 ἀνάστασιν
1590 4664 1902 4737 ἐχλεύαζον.

328 4764 599 4834 Ψυχικῦς
634 4764 764 4836 γὰρ,
789 4764 978 4834 φησὶν,
1002 4760 1310 4834 ἄνθρωπος,
1330 4763 1402 4815 οὐ
1429 4760 1669 4830 δέχεται
1697 4758 1769 4812 τὰ
1796 4758 1905 4812 τοῦ

323 4858 693 4935 Πνεύματος.
726 4884 791 4897 -
813 4855 922 4909 Kal
960 4854 1148 4918 οὓτως
1196 4855 1228 4906 ὀ
1271 4850 1512 4946 Παῦλος
1547 4848 1982 4946 ἐξῆλθεν-ἐνί)

315 4949 516 5017 μέσου
543 4947 765 5005 αὐτῶν.
806 4945 984 5012 Οὕτω,
1022 4944 1172 5010 πῶςς
1205 4945 1345 5006 Τοὺς
1383 4942 1481 5014 μὲν
1530 4943 1752 5005 πείσας,
1798 4939 1921 4993 ὑπο

319 5041 375 5096 δὲ
411 5040 518 5094 τῶν
537 5040 866 5113 γελώμενος.
902 5039 1069 5105 Τινὲς
1091 5037 1160 5091 δὲ
1175 5037 1573 5102 ἐπίστευσαν,
1600 5035 1670 5088 ἐν
1684 5031 1923 5106 οἷςζκαὶ·

321 5133 642 5199 Διονύσιος
660 5136 692 5187 ό
717 5131 1160 5202 Ἀρεοπαγίτης.
1192 5128 1338 5193 Ἔξω
1359 5127 1458 5198 τῆς
1488 5126 1698 5189 πόλεως
1725 5121 1794 5196 ἦν
1831 5124 1898 5178 τὸ

319 5226 443 5281 κατ’
462 5226 680 5297 Ἀρειον
704 5225 887 5293 Πάγον
911 5223 1278 5293 δικαστήριον.
1299 5218 1575 5284 Ἐδίκαζον
1594 5215 1899 5288 οὖνλἈρέο-

322 5322 554 5387 παγῖται
587 5323 716 5388 περὶ
750 5316 859 5370 τῶν
895 5313 1228 5391 σφαλμάτων
1257 5312 1477 5366 πάντων
1508 5309 1604 5363 καὶ
1630 5306 1893 5378 ἀνομιῶν.

321 5408 424 5462 Διὰ
444 5408 602 5462 τοῦτο
630 5409 724 5461 ᾶτε
758 5406 924 5472 ξένων
944 5406 1239 5475 δαιμονίων
1265 5401 1606 5470 καταγγελέα
1633 5400 1727 5453 τὸν
1751 5396 1900 5453 Παῦ-

323 5501 421 5554 λον
449 5503 585 5572 πρὶς
629 5500 733 5571 τὴν
792 5498 854 5564 ἐξ
893 5497 1106 5567 Ἀρείου
1130 5496 1333 5566 ’Πάγου
1378 5494 1579 5565 βουλὴν
1615 5491 1895 5547 ἕλκουσιν·

2011 2304 2130 2341 cum
2173 2288 2313 2342 Dens
2349 2303 2511 2358 usque
2538 2290 2633 2344 hoc
2670 2298 2870 2359 tempus
2898 2291 3269 2360 dissimularit,
3317 2312 3455 2351 nunc
3480 2315 3599 2352 om-

2012 2376 2193 2441 nibus,
2236 2377 2329 2447 qui
2356 2377 2546 2447 ubique
2571 2387 2714 2444 sunt,
2753 2380 3047 2436 hominibus
3078 2382 3393 2452 denuntiat,
3433 2395 3492 2441 ut
3524 2390 3598 2441 ad

2011 2468 2293 2524 sanitatem
2325 2478 2678 2523 reuertantur.

2084 2557 2243 2614 Vens.
2295 2561 2383 2614 3|.
2428 2559 2718 2629 Propterea
2764 2560 2909 2627 quod
2948 2564 3138 2616 statuit
3175 2564 3351 2630 diem,
3391 2569 3449 2623 in
3480 2586 3585 2640 quo

2005 2650 2151 2718 jusle
2165 2651 2506 2719 judicaturus
2528 2665 2603 2706 est
2632 2651 2809 2706 orbem
2831 2662 3097 2711 terrarum
3119 2669 3213 2722 per
3242 2654 3420 2712 Virum
3439 2676 3599 2731 quem

2012 2742 2131 2795 huic
2160 2742 2366 2811 negotio
2397 2743 2695 2806 destinavit,
2727 2742 2989 2813 ﬁdemque
3019 2745 3142 2815 fecit
3172 2748 3431 2815 omnibus,
3465 2752 3592 2806 dum

2011 2829 2160 2883 illum
2198 2847 2264 2885 ea:
2294 2834 2517 2887 mortuis
2547 2835 2900 2888 resuscitanit.

2085 2922 2243 2977 Vens.
2268 2925 2358 2980 5‘2.
2387 2926 2585 2980 Audita
2609 2936 2789 2982 autem
2822 2931 3198 2986 resurrectione
3233 2943 3587 3000 mortuorum,

2011 3014 2108 3068 alii
2149 3017 2359 3085 quidem
2403 3017 2720 3085 irridebant,
2770 3019 2866 3074 alii
2905 3038 3025 3076 vero
3058 3023 3347 3080 dixerunt:
3388 3026 3589 3082 Audie-

2012 3122 2128 3159 mus
2159 3116 2207 3160 te
2231 3124 2415 3163 rursus
2438 3108 2504 3163 de
2531 3110 2633 3163 hac
2657 3126 2734 3165 re.

2081 3196 2243 3252 Vens.
2273 3199 2361 3253 55.
2386 3198 2554 3269 Atque
2581 3201 2663 3255 ita
2685 3200 2887 3257 Paulus
2912 3204 3073 3259 exivit
3100 3204 3166 3261 de
3189 3208 3364 3265 medio
3384 3227 3584 3268 eorum.

2082 3372 2248 3432 Vens.
2287 3376 2376 3432 54.
2422 3376 2529 3433 Sed
2563 3379 2782 3450 quidam
2820 3382 2921 3437 viri
2959 3400 3073 3440 sese
3111 3385 3193 3440 illi
3230 3388 3587 3458 adiunxerunt

2013 3475 2170 3537 atque
2196 3469 2564 3525 crediderunt:
2597 3472 2652 3525 in
2675 3489 2899 3543 quorum
2924 3491 3141 3531 numero
3163 3488 3280 3532 erat
3309 3480 3588 3552 Dionysius

2012 3559 2350 3630 Areopagita,
2374 3570 2422 3616 et
2441 3563 2626 3619 mulier
2640 3567 2847 3620 nomine
2866 3567 3134 3635 Damaris,
3149 3573 3309 3625 etalii
3325 3589 3442 3627 cum
3456 3574 3582 3631 illis.

2082 3651 2159 3703 Ac
2185 3660 2420 3719 tenipora
2451 3653 2663 3723 quidem
2685 3655 2841 3710 istius
2866 3658 3203 3728 ignorantiae,
3236 3672 3343 3717 etc.
3369 3662 3488 3719 Non
3517 3668 3587 3722 de

2010 3740 2241 3795 mortuis
2264 3742 2523 3811 loquitur,
2557 3744 2651 3799 sed
2675 3745 2745 3800 de
2775 3747 2859 3810 iis,
2883 3749 3084 3818 quibus
3106 3751 3394 3810 denuntiat
3417 3755 3580 3812 Deus.

2016 3831 2338 3902 Ὑπεριδών,
2358 3834 2417 3890 id
2435 3849 2556 3890 eum
2583 3836 2910 3906 despexerit,
2928 3856 3052 3895 cum
3070 3841 3444 3911 dissimularit,
3472 3862 3583 3902 non
3616 3893 3621 3897 .

2009 3923 2164 3989 dixit,
2198 3926 2473 3994 παρεῖδεν,
2501 3927 2556 3980 id
2591 3929 2811 3998 preprie
2837 3930 3140 4002 signiﬁcat,
3184 3948 3470 4005 perperam
3504 3939 3584 3993 vi-
3642 3952 3650 3962 '

2008 4016 2107 4080 dit,
2140 4016 2465 4071 allucinatns
2495 4028 2598 4084 est,
2628 4020 2757 4075 dum
2783 4021 2932 4077 aliud
2966 4038 3064 4093 pro
3091 4025 3198 4081 alio
3228 4026 3463 4084 videndo
3490 4044 3584 4085 ac-

2009 4110 2162 4179 cipit,
2194 4110 2345 4180 quod
2372 4109 2441 4165 de
2472 4110 2583 4167 Deo
2610 4112 2875 4182 suspicari
2909 4115 3207 4173 absurdum
3234 4127 3321 4175 est
3369 4128 3426 4176 et
3450 4121 3584 4177 alie-

2008 4217 2162 4255 num.
2204 4199 2323 4256 Non
2357 4202 2492 4257 dicit
2520 4211 2702 4258 autem
2725 4245 2740 4268 ,
2773 4202 2982 4275 Sponte
3007 4221 3072 4264 ac
3096 4208 3377 4267 voluntate
3406 4218 3587 4268 vestra

2009 4302 2179 4365 atque
2220 4296 2475 4351 consulto
2519 4296 2784 4366 peecastis
2831 4307 2887 4353 et
2936 4298 3166 4356 maleﬁci
3214 4300 3432 4367 fuistis,
3462 4304 3585 4369 sed,

2010 4387 2295 4458 ignorastis
2330 4387 2458 4458 quid
2500 4387 2665 4457 fuerit
2698 4387 3022 4459 faciendum.
3060 4388 3359 4447 Denunliat
3398 4392 3583 4464 Igitur,

2009 4497 2117 4537 non
2147 4497 2338 4552 poenas
2357 4483 2584 4552 expetit,
2614 4491 2869 4552 tanquam
2895 4496 2925 4536 ε
2947 4484 3214 4553 supplicio
3242 4485 3419 4556 dignis
3444 4505 3459 4540 :
3489 4490 3583 4543 sed

2010 4585 2157 4626 nunc
2183 4570 2379 4626 invitat
2400 4572 2468 4627 ad
2501 4571 2898 4641 paenitentiam,
2920 4570 2988 4626 ad
3014 4572 3288 4627 saniorem
3320 4585 3583 4638 mentem,

2007 4672 2063 4718 et
2101 4671 2162 4717 ut
2203 4678 2302 4717 vos
2341 4665 2411 4718 ad
2455 4663 2663 4734 frugem
2712 4662 2908 4717 bonam
2950 4663 3248 4734 recipiatis.
3294 4664 3601 4733 Propterea

2009 4756 2148 4825 quod
2183 4756 2371 4810 statuit
2397 4757 2556 4820 diem,
2590 4756 2645 4809 in
2678 4771 2779 4824 quo
2800 4755 3146 4824 judicaturus
3170 4766 3247 4811 est
3279 4759 3453 4812 orbem
3481 4769 3586 4815 ter-

2008 4865 2213 4903 rarum.
2258 4849 2606 4913 Necessario,
2654 4848 2857 4918 inquit,
2905 4847 3171 4917 judicium
3220 4849 3287 4906 de
3331 4851 3586 4908 omnibus

2007 4938 2164 4994 lactis
2197 4949 2359 5009 atque
2385 4940 2636 5010 cogitatis
2671 4940 3013 5010 138'laciet
3046 4938 3142 5011 per
3171 4940 3382 5008 Virum,
3419 4958 3581 5014 quem

2008 5033 2303 5088 destinavit
2329 5032 2570 5103 iudicem
2601 5033 2851 5088 vivorum
2885 5040 2941 5088 et
2973 5042 3313 5091 mortuorum
3345 5055 3359 5091 :
3394 5036 3443 5093 is
3480 5055 3581 5092 au-

2009 5133 2116 5181 tem
2167 5134 2252 5180 est
2293 5124 2579 5189 Dominus,
2623 5125 2716 5195 qui
2760 5127 2924 5181 homo
2964 5125 3140 5183 factus
3167 5137 3270 5184 est.
3310 5129 3580 5185 Caeterum

2007 5230 2131 5270 eum
2174 5230 2367 5287 magna
2409 5224 2571 5285 atque
2608 5216 2861 5271 sublimia
2895 5218 3204 5285 audissent,
3239 5234 3310 5274 ne
3337 5220 3576 5291 alloquio

2005 5307 2225 5378 quidem
2255 5307 2405 5363 illum
2429 5307 2632 5380 dignati
2657 5317 2804 5376 sunt,
2833 5311 2930 5366 sed
2960 5312 3444 5367 ressurrectionem
3480 5314 3579 5368 tle-

2009 5400 2278 5456 ridebant.
2312 5400 2577 5457 Animalis
2604 5401 2778 5467 enim,
2811 5403 3011 5472 inquit,
3044 5405 3207 5457 homo
3239 5418 3351 5458 non
3383 5405 3581 5474 probat

2006 5507 2188 5563 neque
2215 5492 2563 5564 amplectitur
2587 5492 2911 5563 spiritualia.
2940 5492 3108 5564 Atque
3132 5495 3210 5550 ita
3238 5493 3444 5552 Paulus
3468 5496 3582 5550 exi-

1509 5657 1712 5721 Variao
1756 5657 2066 5723 lectiones
2108 5653 2404 5724 etnotae.

399 5818 441 5849 υ
479 5816 690 5874 Videtur
707 5817 850 5871 locus
869 5824 1164 5887 corruptus.
1240 5815 1284 5846 '°
1316 5814 1379 5869 In
1407 5812 1630 5884 vulgatis
1663 5818 1757 5876 est,
1776 5808 1833 5862 ὲν
1857 5802 1915 5860 οἳ]

2016 5811 2059 5864 ti.
2083 5812 2374 5877 Διονύσιος.
2451 5813 2493 5844 ³⁸
2536 5810 2752 5867 Videtur
2772 5813 2914 5880 locus
2932 5812 3248 5885 mutilus,“
3272 5812 3584 5887 desiderari,
3627 5861 3631 5887 ί

327 5887 620 5959 ὑπεριδὼν,
653 5899 747 5942 aut
777 5885 949 5941 simile
969 5886 1113 5955 quid.
