4114 6430
408 383 507 449 7b!

1296 372 1873 440 THEOPI-IYLACTI
1908 366 2321 431 BULGARLE
2347 363 2700 427 ARCHIEP.

3556 352 3667 416 752

410 502 486 554 υιι
532 502 595 554 de
642 498 811 554 medio
849 497 1082 552 illorum.
1113 496 1212 550 lta.
1241 492 1564 559 Quomodo?
1594 491 1742 543 Alios
1770 487 1988 558 quidem

2122 485 2210 538 ex
2249 485 2307 536 ὲν
2338 485 2449 545 τοῖς
2508 477 2920 550 Ἀρεοπαγίταις
2974 473 3095 527 τότε
3143 470 3334 533 τελῶν,
3375 463 3471 522 ἅτε
3517 467 3670 520 δικα-

415 606 705 661 persuasos
742 599 796 644 ct
842 591 895 642 in
947 603 1102 643 suam
1145 585 1471 640 sententiam
1513 582 1780 636 adductos
1823 577 1989 631 relin-

415 699 609 753 quens,
633 683 702 736 ab
730 681 851 735 aliis
882 695 1011 734 vero
1038 677 1268 733 derisus.
1300 674 1528 739 Quidam
1555 681 1732 725 autem
1759 670 1992 723 credide-

418 785 560 840 runt,
578 775 632 828 in
649 774 832 844 quibus
849 781 963 826 erat
986 772 1147 824 etiam
1166 768 1447 836 Dionysius
1462 761 1903 834 Areopagita._Ex
1913 769 1991 814 tra

421 867 612 920 urbem
639 864 792 919 curia
811 873 930 918 erat
959 863 1011 916 in
1039 863 1174 917 colle
1205 859 1420 914 Martio.
1455 855 1866 927 Cognosecbant
1897 853 1994 923 igi-

425 967 513 1010 tur
541 955 880 1026 Arcopagitaz
906 955 973 1009 de
1003 952 1258 1007 omnibus
1284 950 1566 1004 fraudibus
1595 961 1659 1000 ac
1691 944 1991 999 maleﬁciis.

420 1048 624 1104 Idcirco
665 1048 890 1102 Paulqu
925 1055 1110 1115 utpote
1157 1045 1568 1114 peregrinorum
1602 1037 1995 1094 dmmoniorum

419 1139 895 1203 annuntiatorcm,
945 1139 1010 1192 ad
1061 1138 1268 1191 curiam
1321 1146 1484 1203 atque
1528 1140 1776 1186 senatum
1821 1128 1996 1182 Martii

2099 577 2252 647 στῆς,
2310 576 2338 626 ὁ
2397 574 2537 635 θεῖος
2594 570 2891 632 Διονύσιος,
2944 567 3235 620 ἀδίκαστον
3287 561 3552 628 ἀπένειμε
3603 559 3673 628 τῇ

2097 667 2328 738 ἀληθείᾳ
2359 667 2456 737 τὴν
2504 665 2718 735 ψῆφονο
2755 663 2848 715 καὶ
2892 659 3166 732 ἐρρῶσθαι
3203 655 3414 726 φράσας
3453 655 3520 724 τῇ
3566 651 3674 704 τῶν

2111 756 2516 828 Ἀρεοπαγιτῶν
2569 756 2781 823 ἀνοήτῳ
2831 751 3143 820 σεμνότητι,
3180 747 3273 801 τοῦ
3325 745 3676 814 φωτίσματος

2099 852 2296 921 εἴχετο.
2339 849 2459 902 Κᾶν
2491 849 2601 917 γὰρ
2641 847 2903 913 Ῥωμαῖοι
2933 843 3054 896 τότε
3099 841 3387 911 ἐκράτουν,
3429 835 3548 890 ἀλλ’
3581 831 3675 885 οὖν

2101 942 2434 1009 αὐτονόμους
2486 937 2706 1007 ἀφῆκαν
2763 934 2993 1003 Ἀθήνας
3047 930 3143 983 καὶ
3189 925 3567 993 Λακεδαίμονα
3607 922 3673 974 ’⁸.

2104 1031 2267 1084 Ὅθεν
2318 1029 2398 1082 ἔτι
2451 1027 2546 1081 καὶ
2595 1024 2731 1096 παρ’
2793 1023 3018 1092 Ἀθήνας
3037 1021 3085 1053 ’³
3137 1019 3298 1073 καὶ²⁵
3357 1014 3499 1068 κατὰ
3551 1012 3678 1072 τοὺς

2116 1119 2514 1191 Ἀρεοπαγίτας
2543 1113 2910 1171 ἐπολιτεύετο.
2944 1113 3052 1165 Καὶ
3089 1110 3328 1163 τελεῖται
3359 1106 3457 1174 μὲν
3482 1102 3551 1156 τὰ
3575 1102 3678 1169 τῆς

419 1232 572 1286 collis
608 1231 872 1285 trahunt:
910 1230 1003 1284 sed
1045 1244 1168 1282 cum
1201 1237 1332 1281 tunc
1365 1223 1582 1279 divinus
1617 1220 1902 1289 Dionysius
1943 1218 1997 1271 in

2122 1209 2380 1280 ιωτηρίας
2411 1209 2660 1275 δόγματα
2686 1206 2774 1258 διὰ
2808 1203 3056 1258 Παύλου·
3095 1199 3411 1255 παιδεύεται
3439 1195 3496 1250 δὲ
3528 1192 3679 1247 διδα-

419 1323 706 1394 collegium
733 1320 1180 1391 Areopagitarum
1206 1334 1305 1388 pro
1321 1316 1506 1384 judice
1524 1321 1810 1382 cooptatus
1830 1317 1994 1372 esset,

2122 1303 2324 1364 ςκάιλως
2348 1299 2453 1353 ὑπὸ
2499 1296 2746 1367 Ἰεροθέῳ
2765 1296 2808 1327 ³⁸
2841 1294 2917 1364 τῷ
2953 1291 3217 1363 μεγίστῳ.
3519 1380 3530 1393 ,

419 1384 635 1474 veritati
669 1384 994 1488 evangelicm
1039 1416 1144 1468 hoc
1175 1384 1386 1477 tribuit,
1423 1419 1481 1464 ut
1508 1418 1696 1464 contra
1726 1421 1843 1461 eam
1875 1400 2234 1473 pronuntiare
2257 1395 2445 1451 nollet.
2513 1393 2723 1446 Etcum
2783 1389 3130 1444 valcdixisset
3191 1399 3254 1438 ac
3317 1384 3682 1488 renuntiasset

422 1518 602 1573 stultae
659 1484 1110 1584 Areopagitarum
1168 1510 1484 1570 severitati,
1543 1504 2002 1562 illuminatioucm
2037 1498 2316 1570 Evangelii
2369 1496 2821 1566 amplectebatur.
2902 1491 3038 1546 Nam
3086 1489 3186 1546 etsi
3239 1484 3470 1584 Romani
3527 1490 3683 1584 tunc

427 1624 610 1664 rerum
652 1573 1033 1677 potiebantur,
1079 1611 1261 1656 tamen
1320 1599 1564 1654 Athenas
1601 1607 1658 1652 et
1693 1595 2080 1651 Lacedaemona
2119 1591 2320 1646 liberas
2357 1588 2730 1658 reliquerunt:
2777 1585 2921 1639 unde
2951 1584 3289 1677 etiamtunc
3333 1575 3473 1677 appd
3513 1573 3683 1677 Athe-

426 1667 943 1767 nienses-judicium
981 1709 1199 1764 quoque
1225 1692 1671 1762 Areopagitarum
1712 1685 2092 1742 exercebatur.
2135 1682 2312 1752 Atque
2353 1681 2601 1735 initiatur
2638 1677 2855 1747 quidem
2939 1683 2996 1729 et
3063 1672 3326 1767 imbuitur
3384 1667 3685 1767 Pionysius

426 1794 651 1850 salutari
675 1760 922 1848 doctrina
949 1760 1046 1859 per
1070 1760 1319 1852 Paulum,
1355 1760 1728 1841 sederuditur
1757 1790 1813 1836 et
1839 1779 2163 1843 instituitur,
2203 1786 2460 1846 tanquam
2550 1786 2687 1843 puer
2770 1785 2800 1825 a
2884 1767 3184 1838 magistro,
3241 1765 3309 1820 ab
3384 1760 3684 1816 lliermheo

428 1886 684 1942 maximo.

981 1970 1210 2028 CAPUT
1252 1970 1444 2026 XVIII.

499 2065 660 2121 Vsus.
691 2064 742 2120 1.
783 2063 1018 2120 Posthazc
1045 2070 1224 2116 autem
1264 2059 1496 2126 Paulus,
1531 2058 1728 2114 relictis
1758 2057 1999 2123 Athenis,

425 2159 565 2211 venit
599 2156 909 2212 Corinthum
931 2169 950 2209 :

506 2249 670 2304 Vens.
700 2248 757 2302 2.
791 2248 957 2317 Atque
986 2245 1099 2300 illic
1125 2253 1310 2299 nactus
1335 2243 1612 2313 quemdam
1637 2240 1882 2296 Judwum
1908 2256 2004 2294 no-

432 2342 574 2396 mine
595 2339 864 2406 Aquilam,
903 2337 1178 2391 Ponticum
1212 2338 1444 2402 natione,
1475 2336 1564 2406 qui
1593 2351 1769 2388 recens
1796 2342 2005 2388 venerat

433 2449 497 2486 ea:
527 2429 714 2493 Italia,
741 2438 788 2482 et
821 2428 1123 2482 Priscillam
1150 2428 1264 2496 ejus
1294 2443 1532 2492 uxorem,
1566 2436 1840 2494 propterea
1871 2426 2008 2494 quod

435 2524 692 2579 Claudius
751 2522 939 2576 Caesar
983 2522 1220 2589 iusserat
1272 2536 1448 2575 omnes
1506 2520 1718 2574 Iudaeos
1765 2518 2010 2573 excedere

436 2615 622 2682 Roma,
658 2615 872 2670 accessit
898 2614 976 2668 ad
1007 2629 1118 2679 eos,
1185 2662 1189 2667 .

503 2794 665 2848 Vsus.
703 2793 756 2848 5.
802 2791 867 2845 Et
902 2791 1028 2862 quia
1060 2792 1293 2845 eamdem
1331 2799 1502 2843 artem
1542 2797 1775 2854 noverat,
1817 2790 2012 2844 mansit

435 2888 576 2953 apud
601 2884 719 2937 illos
749 2891 798 2937 et
823 2892 994 2936 artem
1021 2884 1289 2936 exercebat
1313 2897 1333 2936 :
1361 2889 1512 2934 erant
1539 2882 1677 2935 enim
1706 2891 1821 2935 arte
1845 2889 2012 2934 tento-

437 2976 637 3028 riorum
664 2975 1003 3041 confectores.

513 3063 674 3117 Vsus.
701 3063 757 3117 4.
784 3063 1246 3117 Sermocinabatur
1268 3072 1446 3117 autem
1473 3065 1530 3116 in
1556 3061 1838 3134 Synagoga
1874 3063 2016 3117 omni

441 3154 524 3207 die
557 3151 796 3217 Sabbati,
831 3168 896 3205 ac
919 3151 1185 3206 suadebat
1210 3150 1415 3206 Jutlwis
1450 3161 1498 3206 et
1529 3149 1745 3206 Graecis.

518 3242 677 3298 Vens.
704 3243 757 3297 5.
789 3243 852 3299 Ut
881 3251 1057 3295 autem
1087 3241 1228 3296 Silas
1254 3253 1301 3296 et
1327 3242 1620 3296 Timotheus
1644 3241 2018 3296 descenderunt

2694 1951 2944 2008 ΚΕΦΑΛ.
3001 1945 3108 2002 IH'.

2182 2051 2345 2108 Μετὰ
2403 2049 2472 2104 δὲ
2506 2046 2693 2102 ταῦτα
2753 2041 3067 2115 χωρισθείς
3101 2041 3134 2094 ό
3172 2037 3413 2103 Παῦλος
3450 2035 3520 2090 ἐκ
3569 2033 3689 2088 τῶν

2123 2144 2398 2212 Ἀθηνῶν,
2423 2139 2612 2212 ἦλθεν
2635 2141 2722 2204 είς
2757 2137 3069 2202 Κόρινθον.

2183 2237 2292 2292 Kal
2347 2232 2538 2301 εὑρών
2593 2245 2725 2284 τινα
2765 2224 3061 2282 Ἰουδαῖον
3111 2222 3354 2291 ὀνόματι
3398 2216 3685 2276 Ἀκύλαν,

2111 2323 2404 2382 Ποντικὸν
2450 2319 2531 2385 τῷ
2579 2319 2759 2388 γένει,
2798 2310 3160 2382 προσφάτως
3199 2308 3536 2374 ἐληλυθότα
3568 2305 3688 2358 ἀπὸ

2125 2417 2372 2481 Ἰταλίας
2397 2415 2466 2476 ⁸⁸,
2511 2410 2611 2465 καὶ
2642 2408 3019 2476 Πρίσκιλλαν
3055 2401 3310 2473 γυναῖκα
3334 2399 3524 2454 αὑτοῦ
3569 2398 3690 2470 (διὰ

2113 2507 2180 2562 τὸ
2209 2500 2680 2574 προστεταχέναι
2701 2498 2746 2530 ’⁷
2774 2494 3079 2551 Κλαύδιον
3093 2488 3438 2561 χωρίζεσθαι
3459 2488 3692 2552 πάντας

2114 2599 2257 2664 τοὺς
2291 2595 2610 2658 Ἰουδαίους
2647 2591 2716 2645 ἐκ
2748 2586 2856 2657 τῆς
2903 2583 3177 2656 Ῥώμης),
3206 2581 3558 2651 προσῆλθεν
3586 2582 3694 2635 αὐ-

2116 2712 2263 2756 τοις,

2189 2711 2298 2836 (12d
2359 2777 2457 2833 διὰ
2493 2775 2560 2830 τὸ
2614 2772 2944 2841 ὁμότεχνον
2988 2763 3164 2836 εἶναι,
3236 2765 3433 2835 ἔμεινε
3459 2765 3504 2796 ’⁸
3551 2763 3694 2830 παρ’

2119 2875 2344 2940 αὐτοῖς,
2381 2872 2480 2926 καὶ
2511 2867 2834 2938 ειργάζετω
2864 2860 3028 2936 ἦσαν
3055 2861 3169 2932 γὰρ
3195 2860 3549 2925 σκηνοποιοὶ
3582 2858 3699 2924 τὴν

2121 2967 2367 3036 τέχνην.

2191 3057 2496 3125 Διελέγετο
2524 3053 2593 3107 δὲ
2625 3053 2696 3106 ἐν
2733 3050 2809 3118 τῇ
2856 3046 3180 3117 συναγωγῇ
3217 3045 3368 3100 κατὰ
3396 3040 3519 3098 πᾶν
3549 3041 3701 3095 Σάϐ-

2123 3154 2327 3213 ϐατον,
2363 3147 2562 3202 ἐπειθέ
2601 3162 2665 3199 τε
2707 3143 3039 3206 Ἰουδαίους
3074 3139 3171 3192 καί
3208 3138 3539 3201 Ἕλληνας.

2208 3242 2305 3305 Ὡς
2353 3238 2422 3292 δὲ
2477 3235 2784 3304 κατῆλθον
2832 3231 2952 3286 ἀπὸ
3007 3229 3117 3297 τῆς
3166 3225 3540 3290 Μακεδονίας
3573 3224 3606 3277 ὅ
3638 3240 3702 3277 τε

413 3337 506 3404 ae
549 3335 886 3398 Macedonia,
934 3332 1134 3387 Paulus
1165 3332 1368 3401 Spiritu
1413 3333 1798 3400 comitabatur,
1833 3333 2016 3402 testiﬁ-

2125 3335 2308 3397 Σίλας
2340 3327 2439 3384 καὶ
2473 3329 2505 3382 ό
2545 3327 2836 3396 Τιμόθεος,
2876 3322 3194 3389 συνείχετο
3224 3316 3302 3382 τῷ
3332 3317 3637 3384 Πνεύματι
3668 3317 3703 3367 ό

445 3442 571 3481 cans
602 3425 800 3479 Judcis
833 3423 1099 3478 Christum
1129 3439 1242 3478 esse
1268 3423 1469 3478 Iesum.

522 3603 686 3655 Vens.
709 3600 762 3655 6.
789 3601 1022 3670 Cumque
1049 3600 1137 3654 illi
1152 3617 1266 3656 sese
1287 3611 1605 3672 opponerent
1622 3618 1686 3656 ac
1705 3603 1872 3657 verbis
1893 3603 2026 3656 diri-

449 3705 575 3742 nam
620 3689 956 3758 majestatem
992 3689 1272 3755 laederent,
1304 3691 1534 3745 excussis
1567 3693 1888 3747 vestimentis
1918 3693 2026 3746 suis

447 3781 583 3834 dixit
632 3780 705 3834 ad
744 3795 868 3835 eos:
915 3779 1144 3852 Sanguis
1182 3790 1348 3835 vester
1391 3798 1549 3851 super
1580 3791 1737 3852 caput
1771 3790 2022 3836 vestrum.

449 3873 625 3926 Purus
653 3889 744 3944 ego
781 3873 992 3940 posthac
1021 3873 1089 3926 ad
1118 3873 1354 3926 nationes
1387 3881 1666 3926 extraneas
1699 3873 2023 3942 proﬁciscar.

526 3964 668 4019 Venit
697 3963 1025 4018 Corinthum.
1065 3962 1389 4018 Corinthum
1421 3980 1448 4015 a
1487 3961 1694 4033 Spiritu
1730 3963 1890 4033 139
1927 3964 2027 4017 du-

451 4053 697 4119 cebatur,
728 4053 782 4106 in
811 4069 918 4122 qua
959 4054 1094 4108 urbe
1127 4068 1350 4108 manere
1387 4069 1514 4108 eum
1550 4055 1859 4123 oportebat.
1893 4055 2025 4108 Nam

451 4146 818 4200 Athenienses
845 4146 946 4199 etsi
971 4145 1376 4216 peregrinarum
1407 4161 1472 4201 ac
1497 4162 1758 4202 novarum
1793 4148 2028 4203 auditio-

455 4252 586 4290 num
615 4235 845 4290 studiosi
869 4276 884 4302 ,
908 4244 1092 4290 tamen
1117 4251 1225 4290 non
1249 4238 1621 4305 attendebant,
1644 4254 1746 4295 nec
1764 4240 2030 4296 curabant

455 4326 759 4382 doctrinam
783 4326 1098 4381 salutarem.
1133 4325 1252 4382 Non
1281 4327 1426 4382 enim
1452 4329 1578 4384 huic
1606 4331 1686 4385 rei
1714 4331 2028 4398 studebant,

455 4417 549 4471 sed
577 4424 638 4470 ut
663 4431 881 4486 semper
903 4416 1167 4472 haberent
1188 4418 1394 4489 aliquid
1416 4421 1557 4490 quod
1585 4421 1853 4476 dicerent.
1887 4421 2030 4476 Satis

455 4508 621 4578 igitur
642 4523 765 4562 esse
788 4509 952 4563 Paulo
976 4509 1151 4564 visum
1178 4519 1283 4575 est,
1311 4511 1355 4566 si
1381 4511 1488 4566 illic
1511 4512 1720 4567 semina
1748 4513 2024 4583 dejiceret.

456 4598 720 4669 Proptera
748 4603 887 4676 quod
911 4600 1168 4656 Claudius
1217 4604 1586 4672 imperaverat.
1651 4604 1786 4659 Nam
1812 4606 2029 4660 Nerone

2126 3423 2386 3487 Παῦλος,
2435 3417 2986 3488 διαμαρτυρόμενος
3039 3411 3166 3476 τοῖς
3227 3408 3539 3472 Ἰουδαίοις
3594 3405 3707 3460 τὸν

2128 3516 2386 3588 Χριστὸν
2425 3512 2682 3581 Ἰησοῦν.

2207 3604 2761 3675 Ἀντιτασσομένων
2790 3601 2858 3656 δὲ
2890 3599 3091 3655 αὐτῶν
3127 3597 3222 3651 καί
3261 3593 3705 3664 ,βλασφημούν-

2126 3723 2266 3765 των,
2285 3698 2752 3766 ἐκτιναξάμενος
2781 3695 2852 3748 τὰ
2883 3691 3104 3762 ἱμάτια,
3127 3685 3257 3744 εἷπε
3284 3686 3434 3753 πρὸς
3458 3684 3667 3748 αὐτούς
3683 3697 3702 3714 ο

2134 3799 2202 3852 Τὸ
2231 3791 2373 3864 αἷμα
2402 3791 2570 3862 ὑμῶν
2611 3787 2711 3842 ἐπὶ
2752 3786 2870 3853 τὴν
2902 3781 3178 3852 κεφαλὴν
3206 3779 3374 3850 ὑμῶν
3393 3796 3406 3808 ·
3443 3776 3702 3844 καθαρὸς

2126 3887 2242 3959 ἐγὼ
2275 3886 2394 3941 ἀπὸ
2423 3883 2531 3938 τοῦ
2561 3880 2680 3936 νῦν
2708 3881 2796 3944 είς
2821 3877 2894 3930 τὰ
2919 3876 3064 3940 ἔθνη
3107 3873 3494 3941 πορεύσομαι.

2198 3975 2428 4032 ἾΙλθεν
2470 3976 2557 4040 είς
2613 3972 2926 4038 Κόρινθον.
2981 3968 3076 4029 Εἰς
3133 3963 3397 4034 Κόρινθον
3456 3959 3560 4014 ὑπὸ
3608 3957 3708 4011 τοῦ

2130 4067 2450 4136 Πνεύματος
2478 4064 2663 4135 ἤγετο,
2697 4061 2755 4113 ὲν
2807 4052 2842 4132 ᾖ
2898 4057 3080 4128 μένειν
3126 4056 3255 4108 ἔδει.
3301 4053 3366 4106 Ol
3399 4053 3507 4123 γὰρ
3547 4051 3712 4119 Ἀθη-

2130 4163 2270 4215 ναῖοι
2298 4161 2456 4228 ξένης
2485 4157 2639 4216 ὄντες
2663 4151 2980 4222 ἀκροάσεως
3000 4147 3247 4217 ἐρασταὶ,
3279 4147 3427 4215 ὅμως
3453 4143 3514 4196 ού
3543 4159 3712 4210 προσ-

2130 4255 2294 4319 εῖχον.
2330 4251 2403 4302 Οὐ
2447 4247 2557 4316 γὰρ
2602 4242 2758 4297 τοῦτο
2805 4238 3160 4303 ἐσπούδαζον,
3199 4235 3315 4290 ἀλλ’
3362 4235 3502 4289 ὥστε
3535 4232 3622 4288 ἀεί
3656 4251 3710 4284 τι.

2130 4343 2274 4413 ἔχειν
2299 4341 2495 4393 εἰπεῖν.
2540 4332 2764 4396 Ἰκανῶς
2795 4326 2888 4384 οὖν
2923 4330 3076 4400 ἔχειν
3109 4327 3256 4392 ἔδοξε
3285 4327 3362 4397 τῷ
3399 4324 3616 4393 Παύλῳ,
3647 4323 3713 4375 τὸ

2132 4424 2493 4487 καταϐάλλειν
2513 4427 2581 4480 τὰ
2602 4424 2896 4496 σπέρματα
2914 4423 2984 4476 ".
3029 4421 3150 4473 Ἐπὶ
3179 4419 3276 4489 μὲν
3299 4417 3407 4488 γὰρ
3432 4417 3708 4486 Νέρωνος,

2130 4521 2423 4591 ἐτελειώθη
2454 4521 2482 4573 ὁ
2513 4517 2754 4580 Παῦλος’
2788 4514 2880 4567 ἐπὶ
2914 4515 2969 4568 δὲ
3001 4511 3291 4572 Κλαυδίου,
3328 4506 3714 4579 ἀνερριπίζετο

2131 4619 2159 4670 ὁ
2184 4615 2322 4686 πρὸς
2362 4609 2650 4672 Ἰουδαίους
2685 4607 2942 4676 πόλεμος,
2978 4605 3072 4658 καὶ
3104 4603 3213 4656 ἀπὸ
3253 4601 3474 4670 Ῥώμης
3505 4598 3580 4662 ὼς
3609 4597 3710 4649 λυ-

456 4690 675 4759 quidem
715 4691 1050 4759 imperante,
1089 4691 1290 4748 Paulus
1329 4705 1549 4764 propter
1587 4693 1862 4750 Christum
1899 4711 2016 4766 sup-

2140 4701 2346 4771 μεῶνες
2369 4697 2685 4769 ἠλαύνοντο.
2723 4695 2820 4749 Διὰ
2848 4693 3007 4747 τοῦτο
3031 4692 3394 4760 οἰκονομεῖται
3423 4686 3609 4741 τοῦτον
3633 4687 3714 4749 ὡς

458 4783 622 4851 plicio
656 4782 884 4838 allectus
915 4793 970 4838 et
1003 4786 1262 4857 martyrio
1288 4797 1640 4843 consecratus
1664 4797 1781 4842 est:
1820 4786 2016 4843 Claudi

2138 4793 2358 4863 δέσμιον
2404 4787 2718 4858 ἀπαχθῆναι
2769 4787 2908 4850 ἐκεῖ,
2944 4785 3032 4838 ἵνα
3078 4784 3155 4854 μὴ
3189 4782 3266 4845 ὡς
3305 4781 3558 4842 Ἰουδαῖος
3603 4779 3716 4831 ἀπ-

460 4885 592 4925 vero
627 4880 872 4940 tempore
904 4873 1105 4928 bellum
1141 4875 1405 4930 adversus
1442 4875 1662 4931 Judazos
1695 4876 2033 4932 conﬂabatur

459 4967 514 5014 et
535 4958 894 5025 excitabatur,
920 4970 976 5015 et
1004 4960 1464 5033 Roma,tanquam
1491 4963 1741 5019 homines
1763 4966 2030 5034 pestifcri,

459 5048 631 5105 Judaei
671 5050 1034 5120 pellebantur.
1080 5052 1286 5107 Idcirco
1329 5053 1509 5108 divina
1553 5055 1831 5110 voluntate
1869 5065 2032 5125 atque

458 5141 817 5213 dispositione
852 5143 1078 5209 accidit,
1115 5152 1174 5198 ut
1204 5144 1293 5198 hic
1332 5145 1547 5198 vinctus
1582 5144 1711 5200 illuc
1735 5146 2032 5200 abducere-

462 5246 570 5303 tur,
588 5253 657 5291 ne
676 5246 932 5307 tanquam
955 5235 1176 5292 Iudaeus
1197 5237 1577 5308 expelleretur.
1614 5236 1682 5292 Et
1701 5240 1823 5310 quia
1839 5240 2032 5309 Aquila

462 5339 574 5382 erat
598 5329 830 5398 ejusdem
852 5328 1090 5397 artiﬁcii,
1109 5331 1300 5383 mansit
1326 5332 1465 5397 apud
1486 5346 1604 5384 eum
1625 5339 1670 5384 et
1697 5341 1864 5384 artem
1887 5347 2035 5385 exer-

2139 4877 2452 4946 ιλαύνηται.
2492 4876 2600 4930 Kal
2627 4872 2725 4928 διὰ
2772 4873 2838 4926 τὸ
2866 4874 3195 4941 ὁμότεχνον
3220 4866 3374 4924 εἶναι
3404 4868 3510 4923 τὸν
3548 4867 3718 4923 Ἀκύ-

2139 4971 2280 5028 λαν,
2311 4967 2508 5034 ἔμεινε
2540 4963 2678 5033 παρ’
2721 4960 2882 5026 αὺτῷ
2923 4961 3020 5015 καί
3067 4959 3378 5029 εἰργάζετο.
3413 4958 3512 5011 Διὰ
3552 4956 3718 5010 τοῦτο

2143 5058 2295 5127 μένει
2321 5057 2394 5120 ὡς
2426 5056 2734 5126 ἐπιτήδειον
2767 5051 2944 5122 εὑρὼν
2967 5051 3330 5119 καταγώγιον.
3366 5049 3580 5104 Πολλῶν
3601 5049 3716 5119 γὰρ

2115 5149 2290 5220 ,αὐτῷ
2331 5148 2455 5211 ⁹τῶν
2505 5146 2790 5217 βασιλείων
2810 5146 2854 5177 ³⁰
2905 5143 3341 5214 ἐπιτηδειότερον
3390 5136 3479 5212 ἦν,
3521 5140 3715 5211 ὥσπερ

2142 5241 2236 5294 καὶ
2271 5239 2346 5310 τῷ
2381 5237 2586 5309 ἀθλητῇ
2638 5239 2672 5306 ἡ
2725 5236 3034 5306 παλαίστρα
3059 5234 3167 5287 τῶν
3199 5232 3423 5287 ἁπαλῶν
3460 5232 3720 5302 στρωμά-

2143 5349 2250 5384 των
2296 5330 2496 5402 μᾶλλον
2534 5329 2831 5400 χρήσιμος,
2866 5326 2961 5380 καὶ
3003 5325 3081 5396 τῷ
3120 5325 3422 5395 πολεμιστῇ
3470 5323 3531 5376 τὸ
3555 5321 3720 5390 ξίφος

1654 5466 1850 5528 Variae
1881 5465 2183 5529 lectiones
2227 5473 2288 5528 et
2330 5472 2520 5529 notas.

544 5585 588 5659 a3
619 5585 987 5659 Aggeaatgov,
1015 5596 1150 5659 εζαι,
1233 5586 1400 5659 "310'.
1427 5587 1910 5659 παρ’-Ἀθηναίοις.

2002 5591 2047 5623 ’δ
2082 5592 2248 5646 Locus
2284 5590 2499 5644 mutilus
2526 5590 2748 5652 videtur,
2788 5604 2850 5642 ac
2907 5588 3219 5654 desiderari,
3254 5587 3313 5640 τὸ
3340 5586 3715 5656 δικαστήριον.

465 5653 513 5687 ³⁸
557 5652 658 5729 la'._
687 5654 950 5722 Ἰεροθέου
987 5655 1083 5729 τοῦ
1115 5656 1398 5729 μεγίστου.
1475 5652 1520 5729 ’ἦ
1553 5656 1620 5710 In
1664 5652 1891 5729 vulgatis
1923 5671 2016 5724 est,

2122 5663 2164 5713 τὸ
2195 5661 2293 5727 τῆς
2325 5661 2577 5722 Ἰταλίας.

2655 5661 2699 5690 ³⁷
2730 5658 2794 5712 In
2819 5659 3176 5727 manuscripto
3201 5666 3340 5720 erat,
3367 5656 3718 5726 προσταχθέ-

470 5739 560 5778 ναι
585 5739 597 5751 ·
637 5723 722 5808 lor.
749 5723 1231 5808 προειτιιςιέιιχέναιίΔ
1268 5728 1318 5808 2⁸
1346 5726 1412 5808 In
1428 5727 1674 5808 vulgatis,
1705 5723 1909 5798 ἔμενει.
1988 5723 2016 5763 ’ί

2122 5723 2329 5786 identur
2360 5732 2445 5783 hic
2480 5731 2756 5798 repetenda
2792 5745 2901 5782 esse
2927 5723 3096 5782 verba
3109 5728 3288 5792 Luae,
3323 5723 3422 5780 διά
3453 5728 3514 5779 τὸ
3540 5723 3720 5795 προσ-

469 5791 757 5862 ⁴τεταχέναι
799 5791 1105 5851 Κλαύδιον.
1187 5795 1231 5828 ⁸ο
1265 5791 1577 5866 βασιλειῶν,
1607 5791 1741 5852 erat.
