4114 6408
335 460 445 525 75⁸3

802 530 822 550 ο
934 465 1343 533 EXPOSITIO
1382 470 1460 533 IN
1497 471 1690 533 ACTA
1727 469 2313 532 APOSTOLORUM.
2364 492 2429 505 -
2464 471 2623 534 CAP.
2667 470 2898 535 XVIII.

3501 463 3613 530 ’154

338 577 401 630 τδ
430 575 706 649 σιδηροῦν,
760 580 878 634 ἀλλ’
915 582 978 636 οὐ
1019 585 1082 638 τὺ
1114 584 1377 658 χρυσοῦν.
1421 585 1929 657 Ἐκτιναξάμενος

2035 586 2203 642 cebat.
2227 584 2438 644 Idcirco
2457 588 2736 656 manebat,
2757 588 2885 660 quia
2903 586 3251 647 commodum
3277 597 3335 644 ct
3356 586 3617 645 idoneum

334 667 413 722 τὰ
441 666 643 739 ἱμάτια
665 667 797 727 εἷπε
821 674 973 743 πρὸς
1002 678 1248 745 αὐτούς.
1274 678 1439 734 ’Ὥστε
1477 679 1553 751 μὴ
1587 681 1796 753 ῥήματι
1826 680 1925 750 μό-

337 775 451 824 νον,
504 760 641 815 ἀλλὰ
690 764 787 817 καὶ
812 766 1100 837 πράγματι
1136 770 1373 841 φοϐῆσαι
1412 786 1428 804 ο
1468 770 1542 827 Τὸ
1582 767 1727 838 αἷμα
1757 768 1930 840 ὑμῶν

336 849 435 937 diri
468 850 585 921 τὴν
621 855 905 925 κεφαλὴν
948 847 1141 928 ὑμῶν.
1201 862 1437 933 Ἀσαφές
1467 864 1584 916 ἐστι
1627 861 1689 916 τδ
1738 862 1928 937 ῥητόν.

337 933 511 1008 Οἶμαι
545 940 602 995 δὲ
646 945 813 998 αὑτὸν
863 946 1023 1001 τοῦτο
1054 948 1267 1019 λέγειν·
1305 951 1578 1009 Ἕκαστος
1625 933 1749 1007 τῶν*
1788 935 1929 1007 ἀντιο-

340 1029 686 1086 στατοόντων
734 1035 957 1108 Χριστῷ
981 1038 1050 1105 ³¹,
1098 1040 1159 1103 ὃς
1205 1042 1321 1094 ὲστι
1359 1041 1496 1114 ζωὴ,
1543 1041 1693 1096 δοκεῖ
1738 1042 1930 1095 ἑαυτὸν

340 1120 612 1189 φονεύειν,
648 1126 759 1180 ἀπὸ
792 1129 894 1199 τῆς
916 1129 1062 1202 ζωῆς
1099 1132 1445 1202 μεταϐαίνων
1475 1136 1554 1198 εἰς
1584 1133 1835 1195 θάνατον,
1865 1132 1927 1187 τὸ

340 1206 485 1281 αἷμα
515 1216 683 1270 αὑτοῦ
719 1221 922 1288 τρόπον
968 1225 1094 1278 τινὰ
1141 1225 1351 1296 ἐκχέων
1395 1225 1484 1280 διὰ
1523 1228 1622 1298 τῆς
1673 1227 1926 1296 σφαγῆς.

337 1305 408 1376 ἣν
436 1306 694 1380 intui-Sps:
728 1311 813 1382 ἐφ’
842 1313 1053 1370 ἑαυτόν.
1089 1317 1264 1372 Τοῦτο
1295 1313 1391 1372 οὖν
1438 1334 1637 1390 φησιν’
1677 1318 1824 1372 Ἀνο’
1854 1312 1930 1372 ὧν

338 1396 580 1465 σφάξετε
632 1403 861 1468 ἕαυτοῦς
910 1405 998 1462 διὰ
1056 1409 1154 1479 τῆς
1200 1410 1482 1474 ἀπιστίας,
1536 1409 1702 1465 αὐτοῦ
1738 1409 1930 1464 τούτου

337 1488 502 1558 ὑμεῖς
532 1492 811 1566 ἀπόσχητε
838 1497 995 1571 δίκην
1024 1502 1159 1572 ἐμοῦ
1190 1501 1369 1556 ἀθῶου
1396 1502 1567 1566 ὄντος.
1611 1504 1706 1557 Ἕκ
1736 1502 1929 1557 τούτου

334 1578 564 1637 δυνατὸν
613 1588 786 1643 εἰπεῖν
844 1590 927 1644 ὃτι
1004 1595 1033 1647 ὁ
1092 1593 1314 1662 σφάζων
1362 1594 1558 1649 ἑαυτὸν
1604 1597 1935 1667 τιμωρεῖται

338 1675 495 1744 παρὰ
524 1677 620 1732 τοῦ
651 1680 789 1735 Θεοῦ
820 1682 894 1746 ὡς
928 1686 1148 1754 φονεύς.

2027 689 2223 738 nactus
2269 690 2393 738 erat
2428 679 2754 753 hospitium.
2785 680 2973 743 Multis
3023 680 3171 738 enim
3206 680 3371 754 regiis
3404 680 3618 737 aedibus

2029 779 2147 828 erat
2177 771 2253 827 illi
2283 773 2662 840 commodius,
2706 771 3171 847 quemadmodum
3199 771 3367 828 etiam
3396 770 3620 825 athleta:

2029 863 2281 935 palaestra
2326 865 2582 922 mollibus
2625 865 2812 922 stratis
2860 864 3046 921 utilior
3088 871 3172 920 est
3208 880 3223 919 :
3269 870 3327 919 et
3368 860 3619 919 bellatori

2030 954 2242 1028 gladius
2272 956 2516 1024 ferreus,
2547 974 2659 1014 non
2696 972 2898 1015 aureus
2928 956 3077 1013 utilis
3103 963 3208 1012 est.
3247 953 3497 1010 Excussis
3535 969 3623 1009 ue-

2030 1050 2294 1105 stimentis
2336 1051 2474 1105 dixit
2511 1051 2582 1105 ad
2625 1067 2749 1107 eos:
2798 1057 2858 1106 ut
2903 1066 3012 1105 non
3059 1048 3228 1104 verbo
3277 1048 3490 1111 solum,
3521 1044 3621 1102 sed

2032 1142 2197 1197 etiam
2236 1157 2296 1196 re
2327 1148 2561 1198 terreret
2593 1141 2717 1200 illus
2748 1161 2763 1197 :
2809 1140 3039 1214 Sanguis
3068 1151 3240 1198 vester
3267 1156 3427 1210 super
3456 1146 3619 1206 caput

2033 1242 2283 1290 vestrum.
2327 1235 2634 1291 Obscurum
2673 1244 2759 1291 est
2797 1235 3027 1292 dictum.
3091 1232 3199 1290 Sed
3235 1231 3434 1303 opinor
3489 1244 3620 1289 eum

2034 1323 2142 1381 hoc
2188 1325 2501 1397 signiﬁcare
2542 1344 2557 1383 :
2604 1327 2929 1398 Quicunque
3004 1323 3263 1383 desciscit
3313 1336 3348 1378 a
3399 1319 3621 1378 Christo

2031 1417 2127 1488 qui
2173 1426 2258 1473 est
2303 1418 2435 1485 vita,
2482 1421 2726 1490 seipsum
2775 1419 3090 1475 interﬁcere
3130 1417 3377 1480 videtur,
3430 1429 3463 1469 a
3511 1412 3620 1467 vita

2032 1508 2314 1566 transiens
2350 1510 2420 1565 ad
2462 1522 2726 1576 mortem,
2757 1510 2887 1567 dum
2929 1508 3250 1581 sanguinem
3291 1519 3454 1560 suum
3481 1517 3622 1573 quo-

2032 1601 2325 1658 dammodo
2357 1603 2591 1659 ell‘undit
2620 1618 2719 1675 per
2748 1604 2954 1659 caedem
2982 1613 3039 1659 et
3061 1608 3292 1657 mortem
3323 1612 3488 1670 quam
3516 1594 3622 1651 sibi

2035 1694 2300 1750 conciscit
2323 1704 2379 1750 et
2401 1694 2586 1754 infert.
2615 1695 2730 1751 lloc
2753 1695 2916 1768 igitur
2942 1692 3079 1751 dicit
3104 1713 3120 1751 :
3146 1692 3305 1760 Quod
3331 1687 3627 1756 vosmetip-

337 1782 434 1824 sos
457 1770 722 1845 iugulatis
754 1792 852 1847 per
880 1777 1341 1844 incredulitatem.
1374 1779 1540 1852 hujus
1565 1780 1719 1863 ipsus
1741 1780 1928 1837 delicti
1969 1798 2068 1841 vos
2106 1800 2295 1856 poenas
2332 1786 2571 1857 dabitis,
2615 1803 2741 1844 cum
2801 1805 2903 1862 ego
2963 1789 3229 1845 innocens
3296 1784 3424 1842 sim.
3488 1781 3636 1839 Hinc

337 1863 447 1921 dici
490 1873 690 1935 potest,
735 1884 861 1924 eum
895 1871 987 1941 qui
1027 1872 1268 1944 seipsum
1298 1875 1511 1947 jugulat
1542 1884 1598 1930 et
1635 1873 1856 1941 occidit,
1899 1889 1930 1928 a
1972 1876 2078 1933 Deo
2109 1880 2292 1949 puniri
2323 1889 2584 1951 tanquam
2616 1880 2974 1938 homicidam.

415 1959 527 2011 Καὶ
576 1963 833 2029 μεταϐὰς
880 1964 1131 2032 ἐκεῖθεν,
1165 1964 1358 2038 ἦλθεν
1395 1973 1482 2037 εις
1524 1971 1722 2025 οἰκίαν
1767 1968 1933 2037 τινὸς

2109 1972 2270 2029 Vens.
2314 1976 2366 2030 7.
2407 1976 2576 2046 Atque
2610 1973 2756 2029 illinc
2791 1975 3079 2045 digressus,
3131 1973 3274 2028 venit
3311 1972 3370 2025 in
3409 1970 3627 2025 domum

339 2048 593 2117 ὀνόματι
629 2054 925 2120 Ἰούστου,
955 2060 1290 2128 σεϐομένου
1319 2062 1427 2115 τὸν
1459 2061 1630 2129 Θεὸν,
1658 2057 1734 2118 οὗ
1777 2062 1817 2131 ἠ
1848 2063 1933 2118 οἱ·

338 2141 447 2194 τιία
474 2136 558 2212 ἦν
586 2147 1016 2215 συνομοροῦσα
1041 2149 1117 2219 τῇ
1139 2154 1487 2224 συναγωγῇ.

421 2236 691 2304 ιιζοίσπος
738 2238 810 2293 δὲ
863 2243 897 2294 ό
948 2242 1448 2317 ἀρχισυνάγωγος
1479 2248 1810 2304 ἐπίστευσε
1854 2247 1936 2315 τῷ

342 2327 547 2393 Κυρίῳ
586 2328 712 2383 σὺν
739 2329 863 2397 ὅλῳ
896 2330 978 2399 τῷ
1014 2335 1162 2402 οἴκῳ
1189 2338 1398 2404 αὐτοῦ,
1437 2340 1536 2394 καὶ
1565 2342 1784 2396 πολλοὶ
1815 2339 1939 2397 τῶν

342 2420 679 2571 geratur
718 2423 1120 2495 ἀκούσαντες,
1155 2428 1535 2487 ἐπίστευσαν
1562 2433 1663 2487 καὶ
1696 2433 1939 2488 ἐϐαπτί-

449 2527 538 2564 το.

449 2527 538 2564 το.

417 2599 571 2659 Eine
602 2603 673 2659 δὲ
714 2609 749 2661 ό
780 2609 998 2676 Κύριος
1040 2611 1117 2666 δι’
1148 2614 1447 2685 ὁράματος
1490 2618 1572 2685 τῷ
1618 2622 1839 2686 Παύλῳ
1866 2622 1939 2678 ἐν

342 2700 528 2751 νυκτί
549 2713 565 2729 ·
613 2698 713 2767 Μὴ
761 2701 974 2769 φοϐοῦ,
1005 2703 1169 2760 ἀλλὰ
1206 2706 1406 2776 λάλει,
1448 2712 1546 2765 καὶ
1575 2711 1664 2783 μὴ
1710 2714 1939 2785 σιωπή-

342 2804 490 2858 σῃς.

420 2884 578 2938 Διότι
615 2884 730 2957 ἐγώ
769 2888 889 2958 ειμι
912 2891 1065 2959 μετὰ
1093 2890 1210 2946 σοῦ
1231 2906 1247 2922 ⁸
1282 2894 1382 2948 καὶ
1416 2894 1620 2963 οὐδεὶς
1658 2897 1937 2971 ἐπιϐήσεο

340 2973 446 3027 ταί
504 2991 605 3029 σοι
643 2977 753 3032 τοῦ
803 2978 1074 3035 κακῶσαί
1122 2998 1219 3051 σε,
1274 2982 1426 3041 διότι
1465 2989 1616 3055 λαός
1641 2991 1779 3046 ἐστι
1833 3011 1938 3064 μοι

346 3067 546 3136 πολὺς
574 3069 645 3124 ἐν
674 3069 750 3141 τῇ
778 3073 951 3128 πόλει
978 3076 1188 3145 ταύτῃ.

432 3161 756 3219 Ἐκάθισέν
815 3182 882 3221 τε
934 3167 1219 3225 ἐνιαυτὸν
1265 3171 1366 3226 καὶ
1406 3171 1608 3245 μῆνας
1653 3175 1745 3245 ἐξ,
1773 3177 1938 3234 διδά-

342 3268 517 3308 σκων
539 3254 613 3309 ἐν
644 3257 850 3325 αὐτοῖς
873 3260 918 3292 ³³
950 3262 1062 3315 τὸν
1082 3263 1274 3332 λόγον
1304 3264 1413 3321 τοῦ
1451 3268 1624 3323 Θεοῦ.

2037 2065 2317 2134 cujusdam
2344 2068 2552 2122 nomine
2576 2065 2609 2136 ι
2616 2068 2742 2132 usti,
2768 2065 2997 2121 hominis
3023 2064 3278 2137 religiosi,
3311 2062 3464 2133 cujus
3486 2061 3625 2118 (edes

2037 2159 2356 2214 continentes
2387 2168 2545 2230 atque
2578 2159 2847 2230 adjuncta:
2874 2167 3029 2213 erant
3060 2172 3371 2229 synagoga.

2107 2250 2271 2306 Vens.
2312 2251 2368 2305 8.
2403 2248 2621 2322 Crispus
2663 2261 2843 2305 autem
2865 2252 3116 2321 magister
3141 2262 3425 2322 synagoga:
3454 2245 3626 2302 credi»

2036 2342 2115 2398 dit
2143 2343 2369 2399 Domino
2408 2360 2513 2399 una
2539 2361 2657 2398 cum
2690 2353 2803 2399 tota
2836 2343 3048 2416 familia
3074 2359 3206 2408 sua,
3236 2357 3302 2395 ac
3338 2339 3491 2393 multi
3524 2336 3628 2395 Co-

2037 2431 2380 2498 rinthiorum,
2410 2432 2502 2497 qui
2534 2431 2766 2486 Paulum
2800 2430 3139 2496 audiverant,
3174 2428 3513 2484 crediderunt
3564 2440 3628 2480 ac

2038 2524 2472 2595 baptizabantur.
2748 2594 2753 2598 ν

2113 2616 2275 2673 Vens.
2311 2618 2365 2674 9.
2403 2616 2549 2672 Dixit
2588 2625 2766 2672 autem
2796 2615 3053 2671 Dominus
3093 2613 3270 2669 Paulo
3314 2630 3410 2684 per
3456 2614 3628 2668 visum

2039 2719 2352 2766 nocturnum
2380 2725 2399 2765 :
2434 2709 2514 2765 Ne
2544 2710 2755 2775 timeas,
2786 2707 2881 2764 sed
2912 2707 3141 2779 loquere,
3168 2723 3234 2762 ac
3260 2723 3326 2762 ne
3352 2719 3557 2774 taceas,

2111 2890 2277 2948 Vens.
2319 2889 2407 2946 10.
2449 2887 2719 2954 Quoniam
2756 2905 2849 2960 ego
2883 2887 2978 2942 tibi
3019 2884 3210 2941 adsum
3240 2900 3260 2939 :
3290 2898 3355 2938 ac
3393 2898 3545 2937 nemo
3577 2890 3628 2937 te

2038 2984 2251 3043 invadet
2278 2993 2337 3037 ut
2367 2991 2554 3037 noceat
2584 2981 2709 3049 tibi,
2746 2980 2871 3053 quia
2906 2978 3035 3034 mihi
3067 2976 3264 3032 multus
3299 2973 3522 3045 papulas
3551 2980 3628 3026 est

2039 3071 2094 3124 in
2124 3070 2225 3124 hac
2250 3070 2399 3124 urbe.

2110 3163 2274 3220 Vens.
2310 3163 2399 3219 11.
2439 3160 2812 3219 Commoratus
2851 3169 2928 3216 est
2978 3159 3146 3231 igitur
3180 3157 3294 3214 illic
3333 3173 3535 3213 annum
3579 3164 3630 3211 et

2040 3273 2241 3313 menses
2264 3273 2375 3326 sex,
2409 3273 2472 3312 ac
2494 3256 2708 3312 verbum
2738 3255 2837 3310 Dei
2857 3254 3073 3310 docebat
3099 3254 3239 3308 inter
3266 3252 3409 3307 illos.

422 3341 508 3402 Οὗ
546 3347 586 3415 ἡ
623 3349 784 3403 οἰκία
827 3318 918 3422 ἦν
960 3318 1412 3424 συνομοροῦσα.
1460 3318 1627 3412 me};
1680 3360 1777 3414 καὶ
1826 3363 1935 3418 ἀπὸ

2111 3349 2275 3420 Cujus
2296 3318 2436 3404 ardes
2462 3349 2787 3403 continentes
2813 3355 2987 3402 erant.
3016 3345 3089 3402 Ut
3106 3345 3271 3400 etiam
3295 3343 3425 3399 hinc
3448 3341 3640 3398 studio
3737 3346 3745 3353 '

342 3440 541 3495 τούτου
573 3443 736 3515 ζῆλον
768 3446 938 3518 ἔχειν,
971 3449 1081 3503 ἀπὸ
1120 3449 1223 3520 τῆς
1254 3455 1630 3521 γειτνιάσεως.
1664 3460 1936 3529 Κρίσπος

344 3535 417 3588 δὲ
444 3539 478 3590 ό
503 3535 990 3612 ἀρχισυνάγωγος
1015 3543 1342 3601 ἐπίστευσε
1380 3548 1460 3621 τῷ
1487 3550 1700 3618 Κυρίῳ.
1734 3553 1936 3609 Τοῦτον

346 3626 498 3697 λέγει
546 3631 812 3700 Κρίσπον,
863 3637 994 3705 περὶ
1022 3629 1085 3690 οὗ
1117 3637 1301 3706 λέγει’
1354 3640 1587 3696 Οὐδένα
1617 3643 1932 3713 ἐϐάπτισα,

345 3722 399 3776 ει
438 3720 526 3791 μὴ
573 3724 847 3791 Κρίσπον
889 3726 989 3781 καὶ
1029 3726 1236 3783 Γάϊον.
1270 3759 1342 3774 ——
1387 3733 1485 3801 Μὴ
1528 3735 1738 3803 φοϐοῦ,
1774 3737 1941 3793 ἀλλὰ

346 3811 547 3878 λάλει,
578 3815 677 3869 καὶ
710 3814 792 3886 μὴ
826 3819 1175 3889 σιωπήσῃς.
1225 3821 1292 3878 Ὃ
1335 3822 1575 3890 μάλιστα
1608 3824 1772 3880 αὐτὸν
1802 3827 1931 3893 ἔδει,

345 3905 511 3960 τοῦτο
545 3906 776 3979 ὕστερον
815 3910 968 3984 αὐτῷ
996 3910 1167 3981 λέγει.
1216 3913 1385 3969 Οὐδὲν
1430 3914 1541 3989 γὰρ
1569 3915 1758 3973 ἐλύπει
1791 3917 1937 3974 οὕτω

344 3999 441 4055 τὸν
472 4001 706 4069 Παῦλον,
744 4004 823 4071 ὡς
849 4006 902 4060 oi
932 4005 1312 4073 ἀπειθοῦντες.

418 4181 779 4249 Γαλλίωνος
823 4182 895 4238 δὲ
936 4184 1465 4254 ἀνθυπατεύοντος
1512 4186 1625 4257 τῆς
1676 4188 1934 4258 Ἀχαΐας,

347 4273 811 4343 κατεπέστησαν
905 4278 1293 4349 ὁμοθυμαδὸν
1366 4280 1423 4334 οἱ
1495 4278 1776 4336 Ἰουδαῖοι
1851 4279 1935 4347 τῷ

348 4364 606 4429 Παύλῳο
641 4366 740 4420 καὶ
768 4365 1000 4439 ἤγαγον
1027 4370 1215 4424 αὐτὸν
1242 4368 1343 4424 ἐπὶ
1372 4368 1441 4425 τὸ
1466 4369 1663 4440 βῆμα,

422 4454 735 4523 Λέγοντος,
761 4456 874 4522 ὅτι,
916 4457 1081 4522 Παρὰ
1106 4459 1215 4514 τὸν
1241 4460 1431 4531 νόμον
1472 4456 1654 4530 οὗτος
1697 4461 1939 4517 ἀναπει-

350 4546 441 4599 θει
468 4545 612 4612 τοὺς
644 4546 997 4616 ἀνθρώπους
1022 4549 1307 4606 σέϐεσθαι
1339 4552 1448 4605 τὸν
1476 4554 1644 4608 Θεόν.

421 4634 771 4734 Μέλλοζτος
796 4636 867 4734 se
890 4637 998 4693 τοῦ
1037 4640 1284 4694 Παύλου
1325 4641 1595 4711 ἀνοίγειν
1621 4642 1689 4696 τὸ
1721 4645 1934 4715 στόμα,
1970 4677 2016 4734 D

350 4725 526 4780 εἶπεν
549 4727 582 4780 ό
613 4729 899 4783 Γαλλίων
936 4730 1089 4799 πρὸς
1132 4731 1278 4797 τοὺς
1314 4732 1682 4803 ἰουδαίουςο
1727 4734 1798 4790 Et
1824 4736 1943 4805 μὲν

350 4813 435 4887 ἦν
461 4817 725 4889 ἀδίκημά
746 4820 792 4853 ³³
822 4838 877 4875 τι
895 4821 935 4890 ἢ
958 4821 1371 4893 ῥᾳδιούργημα
1392 4826 1685 4895 πονηρὸν,
1705 4822 1754 4883 ὦ
1790 4828 1945 4884 Ἰου-

352 4909 529 4977 δαῖοι,
564 4911 718 4968 κατὰ
742 4914 931 4984 λόγον
961 4913 1039 4969 ἂν
1060 4914 1418 4987 ἠνεσχόμην
1459 4916 1631 4989 ὑμῶν
1657 4937 1676 4957 ·

421 5092 492 5149 Et
515 5092 584 5146 δὲ
609 5092 914 5164 ζητήματά
941 5095 1078 5151 ἐστι
1101 5096 1148 5130 ³⁸
1174 5097 1310 5166 περὶ
1337 5098 1549 5168 λόγου,
1582 5100 1682 5154 καὶ
1719 5101 1940 5171 ὀνομά-

350 5201 494 5252 των,
536 5186 634 5241 καὶ
681 5188 876 5257 νόμου
918 5187 1030 5243 τοῦ
1072 5190 1204 5245 καθ’
1232 5188 1409 5259 ὑμᾶς,
1452 5191 1682 5261 ὄψεσθε
1722 5196 1936 5250 αὐτοί·

351 5278 562 5348 κριτὴς
585 5280 696 5350 γὰρ
730 5280 846 5352 ἐγὼ
869 5282 1100 5337 τούτων
1127 5284 1201 5338 οὐ
1223 5283 1530 5353 βούλομαι
1566 5279 1743 5340 εἶναι.

424 5373 536 5441 Kal
559 5373 889 5442 ἀπήλασεν
919 5374 1145 5443 αὐτοὺς
1179 5375 1299 5432 ἀπὸ
1332 5376 1440 5431 τοῦ
1460 5376 1760 5446 βήματος.

437 5464 889 5536 Ἐπιλαόόμενοι
924 5466 994 5522 δὲ
1022 5466 1250 5538 πάντες
1283 5472 1339 5525 οἱ
1373 5470 1672 5540 Ἕλληνες
1701 5471 1938 5528 Σωσθέ-

426 5646 471 5683 ³¹
515 5645 692 5704 lCor.
726 5662 766 5716 ι,
802 5647 898 5707 14.

2037 3454 2095 3500 et
2123 3445 2321 3500 ardore
2350 3443 2761 3509 incenderetur,
2790 3454 2989 3512 nempe
3016 3447 3241 3511 propter
3264 3436 3631 3494 vicinitatem.

2038 3536 2255 3607 Crispus
2298 3546 2479 3592 autem
2517 3537 2762 3608 princeps
2796 3548 3080 3607 synagoga:
3115 3531 3340 3588 credidit
3380 3530 3630 3586 Domino».

2038 3629 2197 3687 Hunc
2219 3629 2643 3701 dicitCrispum,
2657 3629 2726 3684 de
2742 3643 2851 3700 quo
2867 3626 3313 3684 dicit:Neminem
3341 3624 3632 3695 baptizavi,

2039 3725 2142 3781 nisi
2191 3724 2439 3795 Crispum
2479 3733 2526 3778 et
2564 3722 2761 3778 Caium
2798 3722 2868 3775 ³¹.
2908 3748 2981 3761 —-
3009 3719 3093 3775 Ne
3139 3720 3368 3784 timeas,
3404 3717 3497 3772 sed
3545 3715 3627 3770 lo-

2036 3834 2215 3889 quere,
2252 3833 2316 3871 ac
2345 3816 2455 3871 noli
2497 3825 2693 3870 tacere.
2753 3812 2912 3879 Quod
2954 3813 3192 3868 maxime
3234 3811 3416 3882 ipsum
3450 3809 3632 3866 facere

2038 3907 2348 3978 oportebat.
2380 3907 2433 3961 id
2467 3904 2626 3978 140
2652 3902 2926 3975 posterius
2953 3902 3003 3958 ei
3029 3900 3181 3958 dicit.
3216 3899 3364 3955 Nihil
3386 3899 3532 3956 enim
3557 3899 3634 3954 ita

2036 3999 2265 4058 Paulum
2296 4001 2533 4074 angebat
2554 4009 2720 4070 atque
2747 3993 3329 4065 sollicitumjabebat,
3360 3999 3417 4048 ut
3439 3991 3515 4048 illi
3543 3992 3637 4062 qui

2035 4109 2149 4151 non
2177 4092 2501 4150 credebant.

2110 4186 2277 4243 Vsus.
2312 4187 2402 4242 12.
2442 4184 2549 4241 Sed
2578 4183 2823 4240 Gallione
2859 4179 3170 4254 proconsule
3193 4176 3433 4244 Achaia',
3462 4172 3642 4233 Indici

2038 4280 2270 4336 universi
2305 4278 2480 4334 adorti
2509 4275 2745 4334 Paulum
2769 4276 3036 4331 duxerunt
3059 4270 3131 4328 ad
3160 4270 3418 4338 tribunal,

2109 4461 2277 4520 Vens.
2312 4463 2402 4519 15.
2434 4460 2675 4516 Dicentes
2698 4476 2716 4514 :
2741 4457 2841 4513 Hic
2866 4457 3055 4513 suadet
3083 4453 3402 4519 hominibus,
3429 4460 3489 4505 ut
3509 4466 3640 4505 con~

2042 4567 2127 4613 tra
2157 4558 2323 4629 legem
2357 4557 2527 4613 Deum
2555 4554 2757 4610 colant.

2115 4649 2283 4705 Vens.
2310 4647 2398 4702 M.
2429 4646 2565 4703 Cum
2587 4653 2763 4699 autem
2788 4640 2992 4697 Paulus
3013 4656 3108 4707 pro
3137 4654 3193 4694 se
3218 4638 3393 4692 dicere
3413 4652 3635 4690 conare-

2047 4749 2163 4805 tur,
2197 4737 2373 4796 Gallio
2410 4737 2546 4792 dixit
2577 4734 2647 4790 ad
2684 4731 2940 4788 Judteos:
2975 4729 3035 4785 Si
3062 4730 3275 4800 quidem
3310 4726 3634 4796 maleﬁcium

2044 4831 2263 4902 aliquod
2291 4848 2325 4884 α
2348 4829 2514 4895 vobis,
2538 4826 2734 4889 Judaei,
2762 4834 2856 4879 aut
2879 4823 3030 4877 dolus
3056 4821 3228 4876 malus
3251 4820 3560 4876 commissus
3583 4831 3639 4876 et

2042 4922 2280 4992 improbe
2304 4922 2455 4993 fraus
2477 4906 2621 4991 facta
2645 4924 3046 4988 proponeretur,
3068 4921 3206 4968 recte
3232 4929 3322 4969 vos
3375 4912 3563 4978 [errem
3586 4920 3639 4966 et

2045 5014 2290 5070 audirem
2322 5021 2632 5067 accusantes
2652 5026 2670 5066 :

2122 5106 2285 5161 Vens.
2320 5105 2413 5159 15.
2449 5103 2548 5159 Sin
2583 5111 2762 5157 autem
2805 5100 3124 5172 qmestiones
3153 5106 3279 5153 sunt
3304 5098 3368 5153 de
3400 5094 3555 5150 verbo
3587 5102 3638 5148 ct

2051 5201 2353 5257 nominibus
2382 5208 2431 5253 et
2467 5198 2578 5270 lege
2613 5205 2810 5261 vestra,
2837 5210 2927 5250 vos
2957 5194 3058 5264 ipsi
3078 5192 3316 5248 videritis
3335 5206 3354 5243 :
3386 5203 3510 5242 nam
3544 5203 3639 5257 eqo

2047 5299 2111 5347 de
2138 5293 2254 5346 istis
2283 5290 2439 5345 rebus
2465 5302 2775 5359 coquoscere
2803 5296 2964 5356 atque
2987 5294 3227 5340 statuere
3258 5280 3401 5334 nolo.

2124 5380 2286 5437 Vens.
2323 5380 2410 5437 16.
2436 5380 2505 5435 Et
2535 5381 2611 5435 ita
2637 5377 2920 5449 summovit
2948 5393 3036 5431 eos
3061 5393 3096 5430 a
3129 5373 3409 5429 tribunali.

2118 5470 2283 5528 Vens.
2310 5470 2395 5527 17.
2421 5471 2495 5526 Ac
2517 5469 2689 5529 (ἕναιοὶ
2715 5484 2893 5524 omnes
2919 5464 3309 5538 apprehensum
3334 5462 3639 5521 Sostlrencm

1543 5745 1748 5812 Var-ite
1772 5746 2077 5811 lectiones
2119 5753 2182 5811 et
2226 5755 2416 5812 notae.

426 5848 471 5883 ⁸⁸
507 5849 595 5904 la'.
620 5849 882 5915 Χριστοῦ.

354 5921 602 5994 vulgatis,
633 5920 855 5995 ζήτημά
885 5923 1022 5978 ἐστι.

979 5850 1025 5882 ³²
1056 5849 1119 5908 In
1142 5848 1371 5922 vulgatis
1402 5859 1498 5919 est,
1546 5849 1813 5908 διδάσκων
1840 5849 2057 5915 αὐτούς.

2153 5852 2199 5886 ³³
2223 5854 2288 5910 In
2322 5852 2553 5925 vulgatis
2581 5861 2681 5923 est,
2709 5854 2760 5908 εἰ
2807 5852 2910 5925 μὲν
2938 5851 3033 5909 οὖν
3062 5846 3129 5927 ἦν
3156 5851 3422 5924 ἀδῖκημα.
3496 5849 3543 5882 3‘
3572 5847 3639 5905 In
