4114 6436
434 426 544 489 755

1340 417 1920 482 THEOPHYLACTI
1960 415 2372 477 BULGARLE
2404 415 2764 475 ARCHIEP.

3583 402 3693 469 756

438 541 754 613 magistrum
788 554 1090 610 synagoga,
1112 538 1393 607 pulsabant
1417 548 1575 608 atque
1599 535 1869 590 ca'debant
1894 543 2014 587 ante

2122 548 2233 600 νην
2260 532 2369 587 τὸν
2392 529 2906 602 ἀρχισυνάγωγον,
2931 526 3193 583 ἔτυπτον
3215 525 3557 596 ἔμπροσθεν
3588 522 3697 577 τοῦ

440 631 715 687 tribunal:
741 640 790 685 et
819 629 995 688 Gallio
1020 630 1150 708 nihil
1171 631 1356 684 horum
1389 628 1631 683 curabat.

508 802 671 864 Vnus.
710 807 798 865 18.
834 811 903 864 At
949 808 1150 863 Paulus
1194 824 1314 862 cum
1355 808 1527 862 adhuc
1562 809 1672 863 dies
1716 806 2010 875 complures

438 898 796 965 remansisset,
822 896 1017 971 fratres
1053 897 1224 953 valere
1238 898 1421 968 jussit,
1454 906 1502 951 et
1533 898 1589 950 in
1617 895 1831 966 Syriam
1864 896 2014 950 nati-

438 989 603 1061 gavit,
633 999 682 1044 et
706 1007 811 1044 una
835 1006 950 1045 cum
979 989 1070 1043 illo
1097 988 1342 1043 Priscilla
1368 998 1415 1042 et
1442 988 1656 1058 Aquila,
1690 1005 1808 1042 cum
1839 996 2013 1042 toton-

438 1081 597 1135 disset
630 1091 792 1151 caput
815 1082 872 1134 in
901 1080 1179 1137 Cenchreis
1203 1097 1222 1136 :
1244 1081 1300 1135 id
1324 1080 1465 1135 enim
1494 1090 1727 1135 voverat.

505 1271 678 1327 Judaei
724 1273 954 1328 universi
1001 1275 1175 1329 adorti
1218 1272 1472 1330 Paulum.
1526 1274 1811 1342 Quomodo
1852 1274 2017 1344 igitur

435 1362 666 1418 Paulum
713 1365 891 1421 adorti
939 1374 1105 1432 sunt,
1153 1367 1351 1423 dixerit
1387 1367 1628 1437 aliquis?
1661 1366 1797 1422 Cum
1834 1368 2017 1422 subito

438 1457 767 1525 rapuissent.
791 1457 954 1527 Atqui
979 1457 1117 1512 nihil
1141 1459 1451 1522 valuerunt,
1478 1459 1574 1515 sed
1595 1459 1868 1514 duxerunt
1891 1474 2016 1514 eum

438 1547 508 1601 ad
555 1547 975 1619 proconsulem,
1015 1548 1106 1618 qui
1143 1562 1240 1603 eos
1269 1549 1419 1603 curia
1457 1549 1767 1620 prohibuit,
1824 1566 1887 1605 ac
1939 1550 2018 1603 vir

442 1639 713 1694 humanus
740 1650 796 1695 et
825 1656 1014 1710 aequus
1051 1642 1142 1695 hic
1173 1642 1307 1696 mihi
1339 1641 1512 1697 fuisse
1549 1642 1783 1697 videtur.
1816 1642 2018 1711 Appro-

441 1731 657 1786 hensum
699 1732 1028 1789 Sosthenem.
1072 1726 1245 1790 Porro
1283 1736 1426 1804 quod
1463 1735 1788 1789 Sostheuem
1834 1734 2016 1805 pulsa-

439 1823 591 1890 bant,
626 1826 709 1880 vel
741 1825 946 1882 idcirco
979 1826 1290 1897 pulsabant,
1319 1827 1462 1896 quod
1495 1828 1610 1896 ipse
1643 1826 1811 1880 Paulo
1850 1826 2020 1895 magis

437 1924 558 1969 erat
605 1914 819 1970 deditus
877 1924 932 1969 et
1001 1912 1282 1982 addictus,
1343 1916 1796 1987 quemadmodum
1855 1916 2017 1970 etiam

438 2002 666 2073 Crispus
703 2002 960 2075 magister
989 2019 1274 2075 synagoga
1305 2023 1318 2060 :
1359 2006 1443 2059 vel
1470 2009 1534 2060 ad
1565 2021 1692 2060 eum
1722 2021 1896 2076 usque
1928 2006 2016 2060 fu-

436 2111 615 2150 rorem
658 2096 929 2166 progressi
968 2085 1154 2162 erant,
1208 2105 1266 2151 ut
1313 2112 1422 2152 non
1452 2100 1687 2154 assecuti
1746 2101 1888 2170 quod
1932 2101 2018 2155 iu-

434 2186 724 2241 tenderant
754 2198 919 2257 atque
949 2198 1323 2258 speraverant,
1355 2205 1455 2259 pro
1483 2189 1650 2245 Paulo
1687 2191 2013 2247 Sosthcncm

434 2277 718 2345 pulsarent
741 2294 764 2331 ι.
788 2278 872 2333 vel
901 2278 1107 2334 idcirco
1131 2280 1515 2350 percutiebant
1535 2298 1685 2346 eum,
1727 2283 1851 2353 quia
1878 2283 2014 2337 Pau-

434 2368 550 2423 lum
580 2370 1165 2438 occidere'voluerant,
1196 2381 1259 2428 et
1294 2371 1599 2429 Sosthenes
1628 2391 1722 2430 eos
1762 2375 2018 2446 prohibe-

434 2458 551 2514 bat.
601 2463 666 2514 At
708 2476 894 2516 coram
937 2461 1058 2533 ipso
1104 2464 1423 2534 magistratu
1472 2468 1617 2535 quod
1663 2482 1770 2520 non
1821 2466 2019 2522 licebat

435 2553 876 2621 committxntes,
908 2555 1237 2612 Sosthencm
1267 2557 1585 2628 pulsabant,
1619 2558 1721 2613 hoc
1750 2560 1908 2630 quasi
1937 2560 2019 2613 di-

422 2644 626 2700 ‘centcs
652 2664 665 2701 :
697 2642 754 2700 Si
783 2647 876 2717 qui
910 2647 1025 2703 vult
1055 2647 1185 2703 facit
1213 2649 1361 2720 quod
1394 2651 1530 2716 vult,
1561 2661 1616 2705 et
1642 2666 1753 2705 non
1784 2653 2017 2721 amplius

433 2737 616 2792 locum
655 2737 824 2794 habet
884 2739 1003 2806 lex,
1060 2756 1190 2796 ecce
1226 2740 1391 2796 etiam
1418 2758 1517 2797 nos
1540 2743 1687 2798 hunc
1711 2743 2014 2814 pulsamus.

431 2828 552 2886 Non
573 2831 882 2890 vindicabat
898 2840 1080 2889 autem
1099 2836 1413 2906 proconsul,
1433 2851 1538 2891 nec
1551 2836 2017 2894 animadvertebat

434 2923 492 2977 in
520 2938 646 2989 eos,
676 2926 774 2981 sed
811 2925 1026 2981 sinebat
1056 2943 1152 2982 eos
1193 2943 1252 2981 se
1284 2940 1471 2983 mutuo
1513 2928 1733 2998 pulsare
1764 2949 1778 2984 :
1810 2930 1935 3000 quia
1970 2931 2013 2985 si

436 3021 628 3069 contra
655 3014 890 3086 aliquem
935 3018 1098 3070 alium
1132 3018 1235 3072 hoc
1264 3016 1557 3083 fecissent,
1598 3036 1823 3089 prorsus
1859 3031 2015 3093 pote-

438 3111 525 3159 rat
559 3118 656 3162 eos
694 3106 994 3177 reprimere
1030 3118 1194 3178 atque
1230 3125 1507 3167 coercere.
1549 3111 1718 3181 Atque
1750 3133 1856 3170 una
1895 3133 2013 3171 cum

435 3199 553 3268 ipso
580 3199 900 3255 avehebatur
925 3200 1173 3256 Priscilla
1199 3212 1250 3258 et
1267 3204 1483 3274 Aquila,
1512 3220 1629 3259 cum
1660 3218 1819 3277 caput
1855 3209 2016 3263 rasis-

434 3297 514 3344 set
534 3290 589 3345 in
609 3290 902 3348 Cenchreis.
931 3292 1203 3360 Quoniam
1229 3295 1404 3353 Judaei
1425 3299 1844 3369 suspicabantur
1866 3300 2019 3356 illum

435 3379 798 3437 deiectionem
831 3398 861 3437 a
900 3383 1019 3455 lege
1048 3386 1278 3450 docere,
1314 3403 1378 3442 ac
1409 3389 1565 3443 multi
1603 3388 2020 3446 oﬂ‘endebantur

439 3472 498 3524 in
530 3485 630 3538 eo,
676 3487 741 3528 ac
771 3474 1221 3544 pradicationem
1254 3494 1363 3534 non
1393 3479 1903 3549 amplectebantur:
1943 3483 2023 3537 id-

437 3558 586 3619 circo
608 3569 664 3615 et
691 3561 781 3617 hic
810 3572 865 3619 et
894 3564 947 3619 in
977 3564 1181 3636 templo
1217 3563 1610 3638 Hierosolymis
1635 3571 1887 3625 consulto
1918 3572 2023 3627 hoc

434 3649 586 3714 facit,
605 3652 781 3708 ethoc
796 3662 914 3710 erat
933 3657 1077 3726 quod
1107 3654 1223 3726 ipse
1253 3657 1498 3713 dicebat:
1531 3656 1638 3714 Fui
1657 3660 1759 3730 legi
1785 3661 2022 3715 sul-ditus

442 3743 596 3817 141
618 3747 771 3817 quasi
791 3747 1177 3818 legiobnoxius,
1206 3760 1261 3804 ut
1277 3750 1379 3822 legi
1390 3751 1620 3806 subditos
1634 3754 2017 3825 lucrifacerem.

434 3868 508 3880 —
541 3837 610 3895 Id
635 3841 773 3896 enim
796 3851 1009 3898 voverat
1033 3842 1075 3898 ¹.
1135 3841 1333 3899 Votum
1365 3844 1499 3900 dicit
1544 3843 2017 3915 pollicitat’onem.

434 3924 719 3987 Pollicitus
755 3934 900 3988 enim
939 3943 1060 3989 erat
1092 3948 1152 3989 se
1181 3935 1435 4005 capillum
1473 3936 1843 3992 abscissurum
1874 3951 2016 4002 esse,

436 4037 508 4077 ne
554 4034 745 4094 postea
786 4026 1022 4096 amplius
1077 4035 1336 4096 tanquam
1387 4027 1734 4093 mundanus,
1787 4042 1851 4083 ea
1900 4042 2019 4097 quae

438 4114 699 4170 mundani
723 4115 898 4172 solent
922 4131 1107 4188 agere,
1136 4126 1417 4181 tractaret,
1462 4119 1557 4173 sed
1586 4128 1845 4190 tanquam
1867 4132 2019 4175 more

438 4204 625 4258 divino
654 4203 876 4272 vivens,
914 4217 1266 4275 permaneret
1297 4209 1442 4279 apud
1484 4209 1809 4266 Ecclesiam.
1842 4214 2019 4282 Atque

438 4296 604 4352 ctiam
643 4298 834 4368 Aquila
871 4314 936 4354 ex
968 4301 1362 4371 pollicitatione
1404 4302 1506 4359 sibi
1550 4305 1732 4363 crines
1760 4307 2012 4363 abscidit.

440 4388 545 4454 Qui
575 4391 720 4445 enim
756 4392 842 4461 pie
873 4392 1130 4448 nimirum
1170 4396 1358 4450 vivere
1395 4396 1682 4463 volebant,
1721 4398 1823 4453 hoc
1851 4398 2020 4454 facie-

436 4481 608 4537 bant:
643 4483 945 4552 quinetiam
981 4484 1289 4555 antiquitus
1330 4487 1433 4542 hoc
1462 4486 1641 4544 facere
1669 4489 1840 4544 Judaei
1883 4505 2018 4545 con-

436 4585 748 4632 sueverant.
784 4576 973 4648 itaque
1007 4587 1060 4633 et
1090 4579 1485 4634 monachorum
1515 4590 1570 4635 et
1607 4581 2012 4645 canonicarum,

435 4665 488 4721 id
538 4676 624 4722 est
687 4668 1018 4739 regularium
1065 4670 1338 4740 virginum
1390 4681 1444 4725 et
1494 4658 2094 4736 sanctimonialium,”

436 4757 615 4828 capilli
646 4769 796 4816 recte
830 4761 1218 4819 detondentur.

510 4864 673 4923 Vens.
704 4870 791 4924 i9.
819 4868 1066 4927 Pervenit
1093 4882 1273 4927 autem
1300 4872 1585 4944 Ephesum,
1605 4883 1652 4926 et
1681 4872 1802 4927 illos
1831 4874 1901 4928 ibi
1930 4890 2015 4927 re-

440 4959 617 5029 liquit,
652 4960 746 5015 sed
774 4961 884 5030 ipse
911 4962 1179 5033 ingressus
1211 4965 1267 5018 in
1304 4981 1651 5036 synagogam,
1681 4966 2012 5020 sermocina-

436 5050 597 5106 batur
617 5068 735 5106 cum
763 5051 983 5109 Iudaeis.

507 5161 671 5220 Vens.
702 5162 793 5218 20.
826 5162 1159 5234 Roganlibus
1192 5175 1366 5220 autem
1403 5164 1511 5221 illis
1555 5175 1611 5220 ut
1646 5166 1843 5222 diutius
1874 5172 2020 5238 apud

434 5270 493 5308 se
526 5265 783 5319 maneret,
817 5272 1016 5311 morem
1037 5258 1109 5311 eis
1138 5274 1242 5312 non
1269 5260 1447 5329 gessit,

501 5363 665 5421 Vens.
690 5364 783 5422 2L
817 5363 922 5421 Sed
942 5382 1027 5421 eos
1051 5366 1228 5421 valere
1246 5368 1407 5436 jussit
1436 5385 1554 5423 cum
1578 5370 1770 5425 diceret
1801 5390 1813 5424 :
1844 5369 2014 5441 Opor-

501 5542 545 5573 "
576 5540 595 5596 Ι
624 5542 753 5600 Cor.
786 5560 859 5613 is,
887 5545 957 5602 i9
981 5546 1143 5602 et21.

2109 624 2420 694 βήματος·
2461 625 2557 678 καὶ
2605 621 2791 677 οὐδὲν
2838 621 3068 675 τούτων
3106 619 3188 686 τῷ
3228 620 3528 673 Γαλλίωνι
3562 618 3698 688 ἔμε-

2113 717 2225 768 λεν
2245 713 2309 768 ⁸³⁸.

2199 806 2262 860 '0
2294 807 2363 859 δὲ
2401 807 2643 873 Παῦλος
2669 807 2757 860 ἔτι
2795 805 3167 876 προσμείνας
3202 801 3432 872 ἡμέρας
3463 799 3697 866 ικανὰς,

2114 896 2239 965 τοῖς
2287 899 2576 969 ἀδελφοῖς
2622 898 3103 968 ἀποταξάμενος,
3148 896 3395 961 ἐξέπλει
3446 896 3534 961 είς
3582 891 3698 960 τὴν

2116 992 2369 1058 Συρίαν·
2412 992 2508 1045 καί
2548 990 2670 1044 σὺν
2698 989 2859 1055 αὐτῷ
2904 990 3248 1056 Πρίσκιλλα
3290 986 3389 1039 καὶ
3444 984 3699 1050 Ἀκύλας

2116 1081 2465 1151 κειράμενος
2498 1080 2612 1149 τὴν
2640 1080 2921 1152 κεφαλὴν
2942 1080 3011 1133 ἐν
3035 1076 3353 1148 Κεγχρεαῖς
3385 1091 3399 1103 ’
3431 1070 3557 1144 εἶχε
3586 1074 3701 1143 γὰρ

2117 1172 2331 1242 εὐχήν.

2187 1283 2660 1352 Κατεπέστησαν
2700 1282 3082 1352 ὁμοθυμαδὸν
3119 1284 3175 1336 οί
3227 1277 3525 1336 Ἰουδαῖοι.
3577 1276 3704 1336 Πῶς

2117 1376 2209 1431 οὖν
2237 1376 2532 1444 ἐπέθεντο;
2566 1377 2709 1430 εἴποι
2731 1393 2817 1438 τις
2845 1375 2932 1429 ἄν.
2965 1377 3154 1444 Ἀφνω
3186 1372 3562 1442 ἁρπάσαντες.
3589 1369 3702 1421 Καὶ

2123 1468 2227 1538 μὴν
2261 1468 2414 1521 οὐδὲν
2445 1468 2670 1538 ἴσχυσαν
2692 1506 2708 1533 ,
2745 1466 2861 1522 ἀλλ’
2905 1464 3042 1535 ἦγον
3096 1465 3259 1519 αὐτὸν
3290 1463 3426 1535 πρὸς
3455 1461 3548 1515 τὺν
3573 1459 3703 1513 ἀνθ-

2121 1559 2343 1613 ύπατον.
2414 1557 2752 1628 ’Ᾱπετείχισε
2814 1557 2871 1610 δὲ
2934 1558 3120 1620 αὐτοῖς
3184 1554 3250 1607 τὸ
3325 1552 3702 1621 δικαστήριον.

2134 1651 2414 1720 Ἐπιεικὴς
2461 1650 2516 1703 δέ
2566 1667 2651 1713 τις
2682 1650 2968 1719 ἄνθρωπος
3006 1643 3161 1711 οὗτος
3208 1642 3350 1700 εἶναι
3394 1662 3484 1713 μοι
3529 1645 3702 1696 δοκεῖ.

2133 1743 2587 1811 Ἐπιλαϐόμενοι
2639 1741 2708 1794 δὲ
2758 1741 3100 1809 Σωσθένην.
3140 1738 3214 1792 Τὸ
3244 1739 3300 1792 δὲ
3333 1737 3560 1789 τύπτειν
3605 1735 3707 1788 τὸν

2122 1834 2430 1904 Σωσθένῆν,
2461 1835 2495 1906 ἢ
2526 1834 2617 1887 διὰ
2668 1832 2827 1887 τοῦτο
2870 1833 3125 1894 ἔτυπτον,
3181 1829 3372 1900 ἐπειδὴ
3410 1828 3504 1881 καὶ
3541 1826 3707 1888 αὐτὸς

2130 1927 2332 1997 μᾶλλον
2362 1924 2789 1998 προστιθέμενος
2830 1920 2898 1995 ἦν
2950 1923 3029 1993 τῷ
3061 1920 3281 1991 Παύλῳ,
3313 1919 3389 1982 ὡς
3421 1918 3516 1972 καὶ
3563 1917 3705 1986 Κρί-

2125 2038 2263 2082 σπος
2282 2022 2310 2073 ὀ
2336 2018 2785 2089 ἀρχισυνάγωγος
2808 2034 2820 2046 ·
2857 2018 2888 2086 ἢ
2919 2018 2997 2079 εἰς
3028 2014 3284 2070 τοσοῦτον
3326 2007 3467 2083 ἦσαν
3510 2010 3706 2079 ἐληλα-

2126 2112 2284 2173 κότες
2320 2110 2515 2181 μανίας
2541 2110 2605 2174 ",
2635 2110 2716 2163 ὅτι
2746 2108 3110 2179 ἀποτυχόντες
3136 2105 3232 2158 τοῦ
3263 2100 3468 2158 σκοποῦ
3500 2102 3704 2165 αὐτῶν,

2119 2206 2247 2259 ἀντὶ
2298 2204 2393 2258 τοῦ
2445 2202 2658 2258 Παύλου
2695 2202 2983 2271 Σωσθένην
3015 2200 3280 2252 ἔτυπτον·
3333 2197 3366 2267 ἢ
3411 2195 3501 2250 διὰ
3547 2193 3710 2249 τοῦτο

2125 2298 2356 2351 ἔτυπτον
2402 2296 2589 2360 αὑτὸν,
2642 2294 2832 2367 ἐπειδὴ
2877 2293 3258 2366 ἠϐουλήθησαν
3309 2288 3571 2360 φονεῦσαι
3614 2285 3709 2338 τὸν

2130 2390 2362 2453 Παῦλον,
2405 2387 2502 2442 καὶ
2531 2388 2815 2459 Σωσθένης
2845 2387 3137 2442 διεκώλυεν
3163 2384 3362 2447 αὐτούς
3381 2399 3395 2413 ·
3426 2381 3513 2435 ἐπ’
3537 2378 3707 2433 αὐτοῦ

2124 2482 2181 2535 δὲ
2217 2481 2314 2534 τοῦ
2365 2479 2626 2550 ἄρχοντος
2675 2478 3065 2540 ἁκαθοσιώτως
3113 2472 3419 2537 ποιοῦντες,
3476 2471 3712 2525 ἔτυπτον

2124 2575 2215 2627 τὸν
2246 2572 2553 2641 Σωσθένην,
2590 2570 2748 2624 τοῦτο
2795 2568 3077 2637 λέγοντες·
3132 2567 3197 2621 Ei
3240 2567 3271 2618 ὁ
3296 2563 3472 2619 θέλων
3507 2564 3651 2616 ποιεί
3681 2561 3712 2614 ὃ

2126 2666 2295 2730 θέλει,
2338 2663 2435 2717 καὶ
2462 2662 2566 2717 οὐκ
2596 2646 2925 2732 ἐστινὸμος,
2958 2660 3058 2715 καὶ
3092 2660 3256 2729 ἡμεῖς
3287 2656 3396 2710 ἰδοὺ
3430 2654 3711 2722 τύπτομεν

2125 2758 2334 2814 τοῦτον.
2393 2756 2470 2809 Οὐ
2522 2757 2902 2825 προσεποιεῖτο
2941 2752 2998 2806 δὲ
3056 2752 3257 2812 αὐτοὺς
3303 2750 3333 2803 ὁ
3374 2746 3708 2810 ἀνθύπατος,

2126 2850 2239 2905 ἀλλ’
2266 2849 2354 2903 εἴα
2384 2848 2612 2901 τύπτειν
2638 2845 2899 2916 ἀλλήλους
2918 2860 2933 2876 °
2972 2844 3095 2897 ἐπεὶ
3136 2845 3185 2896 εἰ
3212 2837 3354 2914 ἦσαν
3394 2838 3538 2894 κατά
3564 2853 3713 2897 τινος

2125 2942 2287 2996 ἄλλον
2311 2941 2405 2995 καὶ
2432 2939 2509 3010 μὴ
2540 2938 2666 2992 καθ’
2697 2936 2905 2991 ἑαυτῶν
2930 2936 3257 3005 ποιήσαντες
3276 2931 3456 2995 τοῦτο,
3487 2931 3710 2991 πάντως

2122 3030 2270 3105 εἶχεν
2320 3033 2519 3095 αὐτοὺς
2554 3029 2908 3100 σωφρονίσαι.
2953 3026 3231 3093 Ἐξέπλει
3261 3023 3328 3078 δὲ
3379 3021 3503 3077 σὺν
3546 3017 3712 3083 αὐτῷ

2121 3127 2460 3197 Πρίσκιλλα
2499 3123 2596 3177 καὶ
2638 3121 2887 3187 Ἀκύλας
2924 3117 3271 3189 κειράμενος
3293 3114 3409 3183 τὴν
3432 3109 3713 3182 κεφαλὴν

2120 3221 2190 3274 ἐν
2218 3215 2561 3288 Κεγχρεαῖς.
2612 3213 2831 3284 Ἐπειδὴ
2881 3213 3055 3266 ἐδόκει
3106 3211 3218 3273 τοῖς
3263 3205 3537 3267 Ἰουδαίοις
3568 3207 3710 3258 ἀπο-

2122 3313 2347 3368 στασίαν
2396 3310 2492 3364 τοῦ
2542 3309 2709 3379 νόμου
2756 3305 3051 3367 διδάσκειν,
3102 3301 3219 3359 καί
3260 3296 3713 3378 ἐσκανδαλίζοντο

2123 3404 2311 3459 πολλοὶ
2339 3404 2421 3466 εἰς
2449 3401 2635 3461 αὑτὸν.
2675 3398 2771 3452 καὶ
2800 3397 2861 3450 οὐ
2893 3395 3261 3465 παρεδέχοντο
3294 3391 3355 3445 τὸ
3403 3390 3667 3461 κήρυγμα
3693 3406 3707 3419 ·

2121 3498 2312 3552 τούτου
2346 3495 2507 3567 χάριν
2534 3493 2631 3547 καὶ
2659 3488 2893 3545 ἐνταῦθα
2935 3487 3030 3542 καὶ
3059 3489 3118 3540 ἐν
3156 3485 3233 3557 τῷ
3280 3483 3412 3554 ἱερῷ
3444 3484 3503 3536 ἐν
3548 3483 3718 3552 Ἰεροο

2126 3588 2381 3658 σολύμοις
2421 3581 2781 3654 οἰκονομικῶς
2814 3581 2975 3633 τοῦτο
3004 3577 3239 3649 πράσσει
3264 3593 3276 3606 ·
3314 3574 3409 3629 καὶ
3438 3573 3598 3627 τοῦτο
3617 3568 3710 3645 ἦν,

2122 3677 2151 3732 ὃ
2199 3676 2360 3740 αὐτὸς
2412 3674 2631 3743 ἔλεγεν·
2677 3671 3005 3740 Ἐτενόμην
3050 3665 3176 3733 τοῖς
3231 3664 3351 3721 ὑπὸ
3398 3669 3588 3733 νίμον
3629 3663 3713 3727 ὡς

2122 3766 2241 3823 ὑπὸ
2271 3769 2482 3836 νόμον,
2506 3765 2609 3819 ἵνα
2628 3761 2771 3830 τοὺς
2798 3759 2919 3818 ὑπὸ
2945 3759 3135 3828 νόμον
3164 3754 3459 3825 κερδήσω.
3480 3785 3549 3795 -
3567 3748 3711 3820 Ετχε

2120 3858 2233 3928 γὰρ
2275 3856 2491 3927 εὐχήν.
2542 3854 2723 3926 Εὑχὴν
2754 3851 2903 3921 λέγει
2945 3850 3045 3921 τὴν
3096 3848 3412 3919 ὑπόσχεσιν.
3449 3845 3714 3915 ’Υποσχό-

2125 3964 2285 4018 μενος
2320 3947 2430 4017 γὰρ
2462 3940 2533 4015 ’ἦν
2566 3942 2844 4012 ἀποκόψαι
2898 3940 2999 4011 τὴν
3050 3936 3236 4009 τρίχα,
3279 3935 3367 3990 ἵνα
3403 3936 3597 4009 μηκέτι
3634 3935 3714 3998 ὡς

2121 4038 2387 4111 κοσμικὸς
2438 4037 2507 4092 τὰ
2554 4038 2663 4090 τῶν
2696 4033 2981 4104 κοσμικῶν
3029 4031 3271 4102 πράττῃ.
3305 4028 3422 4082 ἀλλ’
3452 4026 3527 4091 ὡς
3567 4027 3714 4081 κατὰ

2119 4133 2250 4188 Θεὸν
2281 4131 2389 4197 ζῶν
2423 4130 2740 4202 παραμείνῃ
2762 4129 2803 4161 ³⁷
2832 4129 2898 4198 τῇ
2951 4123 3270 4194 Ἑκκλησίᾳ.
3312 4122 3423 4176 Καὶ
3467 4120 3709 4183 ’Δκύλας

2118 4227 2178 4281 δὲ
2209 4225 2269 4292 ἐξ
2303 4205 2652 4295 ὑποσχέσεως
2694 4220 2974 4290 ἀπέκοψεν
3019 4217 3214 4272 ἑαυτοῦ
3253 4215 3352 4278 τὰς
3398 4214 3608 4285 τρίχας,
3645 4214 3711 4267 Οἱ

2122 4318 2369 4380 θέλοντες
2398 4316 2508 4386 γὰρ
2555 4315 2718 4384 δῆθεν
2750 4311 3019 4375 θεοσεϐῶς
3069 4311 3189 4381 ζῇν,
3238 4307 3455 4361 ἐποίουν
3506 4306 3707 4359 τοῦτο’

2121 4409 2262 4464 ἀλλὰ
2301 4407 2398 4463 καὶ
2434 4406 2553 4469 ἔθος
2602 4400 2672 4476 ἦν
2717 4402 2945 4457 παλαιὸν
2999 4400 3274 4463 Ἰουδαίοις
3320 4396 3498 4453 τοῦτο.
3543 4397 3711 4450 Ὥστε

2123 4499 2307 4564 καλῶς
2346 4497 2440 4554 καὶ
2466 4499 2517 4552 οἱ
2565 4496 2891 4568 μονάζοντες
2935 4492 3030 4548 καὶ
3063 4492 3121 4546 αἱ
3159 4490 3443 4544 κανονικαὶ
3477 4487 3711 4542 ἀποκείσ-

2128 4609 2312 4666 ρονται
2340 4592 2439 4656 τὰς
2469 4592 2669 4662 κόμας.

2204 4873 2558 4940 Κατήντησε
2614 4870 2682 4924 δὲ
2738 4872 2827 4935 είς
2888 4870 3178 4938 Ἔφεσον,
3254 4867 3352 4920 καὶ
3426 4865 3708 4930 ἐκείνους

2139 4965 2465 5020 κατέλιπεν
2490 4962 2677 5019 αὐτοῦ
2702 4980 2717 4995 ·
2748 4962 2933 5029 αὐτὸς
2960 4961 3028 5013 δὲ
3053 4960 3248 5014 ἐλθὼν
3274 4960 3318 4991 ³⁸
3367 4960 3483 5026 τὴν
3533 4972 3692 5012 συν-

2120 5058 2382 5130 αγωγὴν,
2407 5057 2684 5127 διελέχθη
2708 5055 2832 5122 τοῖς
2847 5055 3169 5120 Ἰουδαίοις.
3202 5059 3216 5070 ⁵

2191 5169 2570 5240 Ἐρωτώντων
2612 5168 2681 5221 δὲ
2737 5164 2940 5220 αὐτῶν
2998 5164 3098 5218 ἐπὶ
3157 5163 3403 5217 πλείονα
3474 5162 3702 5231 χρόνον

2122 5265 2275 5318 εἶναι
2313 5263 2356 5294 ³³
2392 5262 2528 5329 παρ’
2553 5258 2783 5324 αὐτοῖς,
2817 5259 2928 5312 οὐκ
2951 5257 3318 5322 ἐπένευσεν,

2191 5370 2370 5425 Ἀλλὰ
2446 5367 2785 5430 ἀπετάξατο
2851 5363 3087 5433 αὐτοῖς,
3140 5363 3327 5419 εἰπών
3360 5381 3375 5397 ·
3450 5365 3552 5419 Δεῖ
3616 5381 3700 5433 με

1606 5661 1806 5725 Variae
1837 5661 2143 5725 lectiones
2186 5669 2248 5727 et
2291 5670 2481 5731 notua.

509 5788 553 5820 ³³
580 5786 830 5861 ἔμελλεν,
861 5797 996 5842 erat.
1075 5789 1119 5820 ³⁸³
1166 5791 1395 5861 μανίαν,
1428 5800 1563 5845 erat.
1640 5789 1686 5821 "
1717 5788 2018 5861 παραμείνε

2127 5797 2262 5843 erat.
2339 5786 2382 5819 ³⁸
2415 5780 2481 5840 In
2533 5783 2757 5856 vulgatis
2799 5793 2892 5851 est,
2924 5782 3199 5838 εἰσελθών.
3278 5782 3321 5814 ³⁹
3359 5780 3424 5836 ln
3450 5779 3687 5851 vulgatis

439 5865 539 5924 est,
574 5859 778 5928 μεῖναι.
