  <div class='ocr_page' id='page_1' title='image "/cluster/home/n/w/nwhite01/storage/ocr_20150623/125:no.3/coo.31924054870302/387.png"; bbox 0 0 4114 6432; ppageno 0'>
   <div class='ocr_carea' id='block_1_1' title="bbox 415 382 548 449">
    <p class='ocr_par' dir='ltr' id='par_1_1' title="bbox 415 382 548 449">
     <span class='ocr_line' id='line_1_1' title="bbox 415 382 548 449; baseline -0.015 -1"><span class='ocrx_word' id='word_1_1' title='bbox 415 382 548 449; x_wconf 60' lang='grc'><strong>759</strong></span> 
     </span>
    </p>
   </div>
   <div class='ocr_carea' id='block_1_2' title="bbox 1381 379 2798 446">
    <p class='ocr_par' dir='ltr' id='par_1_2' title="bbox 1381 379 2798 446">
     <span class='ocr_line' id='line_1_2' title="bbox 1381 379 2798 446; baseline -0.003 -1"><span class='ocrx_word' id='word_1_2' title='bbox 1381 381 1961 446; x_wconf 82' lang='lat' dir='ltr'><strong>THEOPHYLACTI</strong></span> <span class='ocrx_word' id='word_1_3' title='bbox 1991 379 2404 441; x_wconf 70' lang='lat' dir='ltr'><strong>BULGARLE</strong></span> <span class='ocrx_word' id='word_1_4' title='bbox 2444 382 2488 438; x_wconf 82' lang='lat' dir='ltr'><strong>A</strong></span> <span class='ocrx_word' id='word_1_5' title='bbox 2501 381 2798 441; x_wconf 84' lang='lat' dir='ltr'><strong>RCl-llEP.</strong></span> 
     </span>
    </p>
   </div>
   <div class='ocr_carea' id='block_1_3' title="bbox 3579 372 3695 436">
    <p class='ocr_par' dir='ltr' id='par_1_3' title="bbox 3579 372 3695 436">
     <span class='ocr_line' id='line_1_3' title="bbox 3579 372 3695 436; baseline 0 -1"><span class='ocrx_word' id='word_1_6' title='bbox 3579 372 3695 436; x_wconf 83' lang='lat'><strong>760</strong></span> 
     </span>
    </p>
   </div>
   <div class='ocr_carea' id='block_1_4' title="bbox 419 481 2030 564">
    <p class='ocr_par' dir='ltr' id='par_1_4' title="bbox 419 489 2015 564">
     <span class='ocr_line' id='line_1_4' title="bbox 419 489 2015 564; baseline -0.004 -17"><span class='ocrx_word' id='word_1_7' title='bbox 419 494 646 564; x_wconf 88' lang='lat' dir='ltr'><strong>publice,</strong></span> <span class='ocrx_word' id='word_1_8' title='bbox 706 495 1072 549; x_wconf 74' lang='lat' dir='ltr'><strong>demonstrans</strong></span> <span class='ocrx_word' id='word_1_9' title='bbox 1103 507 1194 562; x_wconf 85' lang='lat' dir='ltr'><strong>per</strong></span> <span class='ocrx_word' id='word_1_10' title='bbox 1268 491 1581 560; x_wconf 89' lang='lat' dir='ltr'><strong>Scripturas</strong></span> <span class='ocrx_word' id='word_1_11' title='bbox 1651 489 1835 544; x_wconf 74' lang='lat' dir='ltr'><strong>Iesum</strong></span> <span class='ocrx_word' id='word_1_12' title='bbox 1901 503 2015 541; x_wconf 87' lang='lat' dir='ltr'><strong>esse</strong></span> 
     </span>
    </p>
   </div>
   <div class='ocr_carea' id='block_1_5' title="bbox 2123 481 3696 564">
    <p class='ocr_par' dir='ltr' id='par_1_5' title="bbox 2123 481 3696 560">
     <span class='ocr_line' id='line_1_5' title="bbox 2123 481 3696 560; baseline -0.001 -20"><span class='ocrx_word' id='word_1_13' title='bbox 2123 504 2256 556; x_wconf 83' lang='grc' dir='ltr'>κετο</span> <span class='ocrx_word' id='word_1_14' title='bbox 2289 488 2572 558; x_wconf 78' lang='grc' dir='ltr'><strong>δημοσίᾳ,</strong></span> <span class='ocrx_word' id='word_1_15' title='bbox 2591 487 2929 554; x_wconf 79' lang='grc' dir='ltr'>ἐπιδεικνὺς</span> <span class='ocrx_word' id='word_1_16' title='bbox 2957 487 3055 543; x_wconf 84' lang='grc' dir='ltr'>διὰ</span> <span class='ocrx_word' id='word_1_17' title='bbox 3085 487 3203 544; x_wconf 88' lang='grc' dir='ltr'><strong>τῶν</strong></span> <span class='ocrx_word' id='word_1_18' title='bbox 3231 486 3512 560; x_wconf 75' lang='grc' dir='ltr'>Γραφῶν,</span> <span class='ocrx_word' id='word_1_19' title='bbox 3543 481 3696 541; x_wconf 71' lang='grc' dir='ltr'>εἶναι</span> 
     </span>
    </p>
   </div>
   <div class='ocr_carea' id='block_1_6' title="bbox 421 585 711 640">
    <p class='ocr_par' dir='ltr' id='par_1_6' title="bbox 421 585 711 640">
     <span class='ocr_line' id='line_1_6' title="bbox 421 585 711 640; baseline 0 0"><span class='ocrx_word' id='word_1_20' title='bbox 421 585 711 640; x_wconf 70' lang='lat' dir='ltr'><strong>Christum.</strong></span> 
     </span>
    </p>
   </div>
   <div class='ocr_carea' id='block_1_7' title="bbox 491 669 2010 748">
    <p class='ocr_par' dir='ltr' id='par_1_7' title="bbox 491 669 2010 748">
     <span class='ocr_line' id='line_1_7' title="bbox 491 669 2010 748; baseline -0.007 -15"><span class='ocrx_word' id='word_1_21' title='bbox 491 679 549 733; x_wconf 88' lang='lat' dir='ltr'><strong>Si</strong></span> <span class='ocrx_word' id='word_1_22' title='bbox 590 677 859 748; x_wconf 87' lang='lat' dir='ltr'><strong>baptisma</strong></span> <span class='ocrx_word' id='word_1_23' title='bbox 913 675 1139 732; x_wconf 84' lang='lat' dir='ltr'><strong>Joannis</strong></span> <span class='ocrx_word' id='word_1_24' title='bbox 1171 674 1435 730; x_wconf 76' lang='lat' dir='ltr'><strong>duntaxat</strong></span> <span class='ocrx_word' id='word_1_25' title='bbox 1485 673 1574 728; x_wconf 89' lang='lat' dir='ltr'><strong>hic</strong></span> <span class='ocrx_word' id='word_1_26' title='bbox 1630 673 1860 736; x_wconf 88' lang='lat' dir='ltr'><strong>sciebat,</strong></span> <span class='ocrx_word' id='word_1_27' title='bbox 1918 669 2010 740; x_wconf 89' lang='lat' dir='ltr'><strong>qui</strong></span> 
     </span>
    </p>
   </div>
   <div class='ocr_carea' id='block_1_8' title="bbox 426 763 2008 842">
    <p class='ocr_par' dir='ltr' id='par_1_8' title="bbox 426 763 2008 842">
     <span class='ocr_line' id='line_1_8' title="bbox 426 763 2008 842; baseline -0.009 -17"><span class='ocrx_word' id='word_1_28' title='bbox 426 770 622 842; x_wconf 81' lang='lat' dir='ltr'><strong>spiritu</strong></span> <span class='ocrx_word' id='word_1_29' title='bbox 654 767 948 824; x_wconf 89' lang='lat' dir='ltr'><strong>fervebat?</strong></span> <span class='ocrx_word' id='word_1_30' title='bbox 985 765 1221 837; x_wconf 77' lang='lat' dir='ltr'><strong>Spiritus</strong></span> <span class='ocrx_word' id='word_1_31' title='bbox 1261 765 1407 819; x_wconf 91' lang='lat' dir='ltr'><strong>enim</strong></span> <span class='ocrx_word' id='word_1_32' title='bbox 1460 763 1535 818; x_wconf 90' lang='lat' dir='ltr'><strong>ita</strong></span> <span class='ocrx_word' id='word_1_33' title='bbox 1577 780 1684 818; x_wconf 89' lang='lat' dir='ltr'><strong>non</strong></span> <span class='ocrx_word' id='word_1_34' title='bbox 1730 763 2008 818; x_wconf 82' lang='lat' dir='ltr'><strong>dabatur:</strong></span> 
     </span>
    </p>
   </div>
   <div class='ocr_carea' id='block_1_9' title="bbox 421 855 2016 931">
    <p class='ocr_par' dir='ltr' id='par_1_9' title="bbox 421 855 2016 931">
     <span class='ocr_line' id='line_1_9' title="bbox 421 855 2016 931; baseline -0.006 -13"><span class='ocrx_word' id='word_1_35' title='bbox 421 865 552 918; x_wconf 90' lang='lat' dir='ltr'><strong>item</strong></span> <span class='ocrx_word' id='word_1_36' title='bbox 590 863 635 916; x_wconf 90' lang='lat' dir='ltr'><strong>si</strong></span> <span class='ocrx_word' id='word_1_37' title='bbox 664 862 754 931; x_wconf 89' lang='lat' dir='ltr'><strong>qui</strong></span> <span class='ocrx_word' id='word_1_38' title='bbox 785 862 932 914; x_wconf 90' lang='lat' dir='ltr'><strong>hunc</strong></span> <span class='ocrx_word' id='word_1_39' title='bbox 959 859 1130 913; x_wconf 87' lang='lat' dir='ltr'><strong>secuti</strong></span> <span class='ocrx_word' id='word_1_40' title='bbox 1175 867 1324 918; x_wconf 86' lang='lat' dir='ltr'><strong>sunt.</strong></span> <span class='ocrx_word' id='word_1_41' title='bbox 1389 871 1528 926; x_wconf 82' lang='lat' dir='ltr'><strong>Opus</strong></span> <span class='ocrx_word' id='word_1_42' title='bbox 1561 855 1869 910; x_wconf 89' lang='lat' dir='ltr'><strong>habuerunt</strong></span> <span class='ocrx_word' id='word_1_43' title='bbox 1920 855 2016 908; x_wconf 87' lang='lat' dir='ltr'><strong>ba-</strong></span> 
     </span>
    </p>
   </div>
   <div class='ocr_carea' id='block_1_10' title="bbox 422 945 2018 1026">
    <p class='ocr_par' dir='ltr' id='par_1_10' title="bbox 422 945 2018 1026">
     <span class='ocr_line' id='line_1_10' title="bbox 422 945 2018 1026; baseline -0.006 -17"><span class='ocrx_word' id='word_1_44' title='bbox 422 955 682 1026; x_wconf 84' lang='lat' dir='ltr'><strong>ptismate</strong></span> <span class='ocrx_word' id='word_1_45' title='bbox 707 951 933 1017; x_wconf 85' lang='lat' dir='ltr'><strong>Christi,</strong></span> <span class='ocrx_word' id='word_1_46' title='bbox 953 950 1124 1003; x_wconf 89' lang='lat' dir='ltr'><strong>multo</strong></span> <span class='ocrx_word' id='word_1_47' title='bbox 1149 948 1322 1018; x_wconf 82' lang='lat' dir='ltr'><strong>magis</strong></span> <span class='ocrx_word' id='word_1_48' title='bbox 1346 947 1511 1002; x_wconf 89' lang='lat' dir='ltr'><strong>etiam</strong></span> <span class='ocrx_word' id='word_1_49' title='bbox 1541 947 1648 1001; x_wconf 88' lang='lat' dir='ltr'><strong>hic.</strong></span> <span class='ocrx_word' id='word_1_50' title='bbox 1677 945 1818 1011; x_wconf 83' lang='lat' dir='ltr'><strong>Quid</strong></span> <span class='ocrx_word' id='word_1_51' title='bbox 1853 946 2018 1017; x_wconf 82' lang='lat' dir='ltr'><strong>igitur</strong></span> 
     </span>
    </p>
   </div>
   <div class='ocr_carea' id='block_1_11' title="bbox 424 1038 2018 1118">
    <p class='ocr_par' dir='ltr' id='par_1_11' title="bbox 424 1038 2018 1118">
     <span class='ocr_line' id='line_1_11' title="bbox 424 1038 2018 1118; baseline -0.008 -16"><span class='ocrx_word' id='word_1_52' title='bbox 424 1047 530 1103; x_wconf 90' lang='lat' dir='ltr'><strong>diei</strong></span> <span class='ocrx_word' id='word_1_53' title='bbox 563 1047 782 1118; x_wconf 84' lang='lat' dir='ltr'><strong>potest?</strong></span> <span class='ocrx_word' id='word_1_54' title='bbox 816 1044 943 1098; x_wconf 84' lang='lat' dir='ltr'><strong>Mihi</strong></span> <span class='ocrx_word' id='word_1_55' title='bbox 992 1043 1206 1098; x_wconf 87' lang='lat' dir='ltr'><strong>videtur</strong></span> <span class='ocrx_word' id='word_1_56' title='bbox 1268 1040 1357 1096; x_wconf 91' lang='lat' dir='ltr'><strong>hic</strong></span> <span class='ocrx_word' id='word_1_57' title='bbox 1389 1040 1563 1095; x_wconf 87' lang='lat' dir='ltr'><strong>fuisse</strong></span> <span class='ocrx_word' id='word_1_58' title='bbox 1595 1055 1741 1093; x_wconf 90' lang='lat' dir='ltr'><strong>unus</strong></span> <span class='ocrx_word' id='word_1_59' title='bbox 1768 1038 1835 1094; x_wconf 89' lang='lat' dir='ltr'><strong>de</strong></span> <span class='ocrx_word' id='word_1_60' title='bbox 1891 1053 2018 1091; x_wconf 92' lang='lat' dir='ltr'><strong>ceu-</strong></span> 
     </span>
    </p>
   </div>
   <div class='ocr_carea' id='block_1_12' title="bbox 425 1129 2014 1209">
    <p class='ocr_par' dir='ltr' id='par_1_12' title="bbox 425 1129 2014 1209">
     <span class='ocr_line' id='line_1_12' title="bbox 425 1129 2014 1209; baseline -0.007 -16"><span class='ocrx_word' id='word_1_61' title='bbox 425 1150 538 1194; x_wconf 89' lang='lat' dir='ltr'><strong>tum</strong></span> <span class='ocrx_word' id='word_1_62' title='bbox 575 1137 785 1209; x_wconf 81' lang='lat' dir='ltr'><strong>viginti,</strong></span> <span class='ocrx_word' id='word_1_63' title='bbox 823 1137 914 1205; x_wconf 87' lang='lat' dir='ltr'><strong>qui</strong></span> <span class='ocrx_word' id='word_1_64' title='bbox 945 1150 1054 1189; x_wconf 88' lang='lat' dir='ltr'><strong>una</strong></span> <span class='ocrx_word' id='word_1_65' title='bbox 1088 1150 1212 1188; x_wconf 91' lang='lat' dir='ltr'><strong>eum</strong></span> <span class='ocrx_word' id='word_1_66' title='bbox 1266 1133 1530 1202; x_wconf 81' lang='lat' dir='ltr'><strong>apostolis</strong></span> <span class='ocrx_word' id='word_1_67' title='bbox 1563 1129 1820 1200; x_wconf 83' lang='lat' dir='ltr'><strong>baptizati</strong></span> <span class='ocrx_word' id='word_1_68' title='bbox 1846 1140 2014 1184; x_wconf 91' lang='lat' dir='ltr'><strong>sunt:</strong></span> 
     </span>
    </p>
   </div>
   <div class='ocr_carea' id='block_1_13' title="bbox 423 1221 2017 1296">
    <p class='ocr_par' dir='ltr' id='par_1_13' title="bbox 423 1221 2017 1296">
     <span class='ocr_line' id='line_1_13' title="bbox 423 1221 2017 1296; baseline -0.008 -10"><span class='ocrx_word' id='word_1_69' title='bbox 423 1241 518 1286; x_wconf 91' lang='lat' dir='ltr'><strong>aut</strong></span> <span class='ocrx_word' id='word_1_70' title='bbox 547 1230 593 1285; x_wconf 90' lang='lat' dir='ltr'><strong>si</strong></span> <span class='ocrx_word' id='word_1_71' title='bbox 620 1231 721 1284; x_wconf 93' lang='lat' dir='ltr'><strong>hoc</strong></span> <span class='ocrx_word' id='word_1_72' title='bbox 747 1230 822 1284; x_wconf 87' lang='lat' dir='ltr'><strong>ita</strong></span> <span class='ocrx_word' id='word_1_73' title='bbox 883 1243 994 1282; x_wconf 91' lang='lat' dir='ltr'><strong>non</strong></span> <span class='ocrx_word' id='word_1_74' title='bbox 1026 1236 1132 1291; x_wconf 84' lang='lat' dir='ltr'><strong>est,</strong></span> <span class='ocrx_word' id='word_1_75' title='bbox 1183 1225 1328 1296; x_wconf 88' lang='lat' dir='ltr'><strong>quod</strong></span> <span class='ocrx_word' id='word_1_76' title='bbox 1392 1226 1448 1279; x_wconf 88' lang='lat' dir='ltr'><strong>in</strong></span> <span class='ocrx_word' id='word_1_77' title='bbox 1504 1223 1768 1278; x_wconf 81' lang='lat' dir='ltr'><strong>Cornelio</strong></span> <span class='ocrx_word' id='word_1_78' title='bbox 1798 1221 2017 1288; x_wconf 82' lang='lat' dir='ltr'><strong>accidit,</strong></span> 
     </span>
    </p>
   </div>
   <div class='ocr_carea' id='block_1_14' title="bbox 425 1312 2018 1388">
    <p class='ocr_par' dir='ltr' id='par_1_14' title="bbox 425 1312 2018 1388">
     <span class='ocr_line' id='line_1_14' title="bbox 425 1312 2018 1388; baseline -0.008 -10"><span class='ocrx_word' id='word_1_79' title='bbox 425 1325 588 1378; x_wconf 88' lang='lat' dir='ltr'><strong>etiam</strong></span> <span class='ocrx_word' id='word_1_80' title='bbox 619 1321 803 1376; x_wconf 89' lang='lat' dir='ltr'><strong>evenit</strong></span> <span class='ocrx_word' id='word_1_81' title='bbox 836 1320 890 1373; x_wconf 93' lang='lat' dir='ltr'><strong>iu</strong></span> <span class='ocrx_word' id='word_1_82' title='bbox 931 1319 1056 1374; x_wconf 90' lang='lat' dir='ltr'><strong>hoc.</strong></span> <span class='ocrx_word' id='word_1_83' title='bbox 1087 1321 1254 1388; x_wconf 81' lang='lat' dir='ltr'><strong>Atque</strong></span> <span class='ocrx_word' id='word_1_84' title='bbox 1295 1315 1471 1370; x_wconf 82' lang='lat' dir='ltr'><strong>aliter.</strong></span> <span class='ocrx_word' id='word_1_85' title='bbox 1531 1312 1801 1384; x_wconf 82' lang='lat' dir='ltr'><strong>Baptisma</strong></span> <span class='ocrx_word' id='word_1_86' title='bbox 1857 1313 2018 1368; x_wconf 82' lang='lat' dir='ltr'><strong>Joan-</strong></span> 
     </span>
    </p>
   </div>
   <div class='ocr_carea' id='block_1_15' title="bbox 425 1405 2018 1478">
    <p class='ocr_par' dir='ltr' id='par_1_15' title="bbox 425 1405 2018 1478">
     <span class='ocr_line' id='line_1_15' title="bbox 425 1405 2018 1478; baseline -0.008 -9"><span class='ocrx_word' id='word_1_87' title='bbox 425 1414 516 1469; x_wconf 86' lang='lat' dir='ltr'><strong>nis</strong></span> <span class='ocrx_word' id='word_1_88' title='bbox 553 1412 998 1468; x_wconf 74' lang='lat' dir='ltr'><strong>exhortationem</strong></span> <span class='ocrx_word' id='word_1_89' title='bbox 1073 1410 1140 1464; x_wconf 89' lang='lat' dir='ltr'><strong>ad</strong></span> <span class='ocrx_word' id='word_1_90' title='bbox 1199 1406 1582 1478; x_wconf 69' lang='lat' dir='ltr'><strong>pmnitentiam</strong></span> <span class='ocrx_word' id='word_1_91' title='bbox 1617 1414 1671 1460; x_wconf 88' lang='lat' dir='ltr'><strong>et</strong></span> <span class='ocrx_word' id='word_1_92' title='bbox 1729 1405 2018 1458; x_wconf 84' lang='lat' dir='ltr'><strong>meliorem</strong></span> 
     </span>
    </p>
   </div>
   <div class='ocr_carea' id='block_1_16' title="bbox 426 1493 2020 1573">
    <p class='ocr_par' dir='ltr' id='par_1_16' title="bbox 426 1493 2020 1573">
     <span class='ocr_line' id='line_1_16' title="bbox 426 1493 2020 1573; baseline -0.009 -12"><span class='ocrx_word' id='word_1_93' title='bbox 426 1509 644 1573; x_wconf 78' lang='lat' dir='ltr'><strong>frugem</strong></span> <span class='ocrx_word' id='word_1_94' title='bbox 675 1502 940 1556; x_wconf 76' lang='lat' dir='ltr'><strong>duntaxat</strong></span> <span class='ocrx_word' id='word_1_95' title='bbox 968 1499 1286 1569; x_wconf 76' lang='lat' dir='ltr'><strong>przestahat,</strong></span> <span class='ocrx_word' id='word_1_96' title='bbox 1307 1498 1402 1552; x_wconf 89' lang='lat' dir='ltr'><strong>sed</strong></span> <span class='ocrx_word' id='word_1_97' title='bbox 1424 1511 1530 1550; x_wconf 94' lang='lat' dir='ltr'><strong>non</strong></span> <span class='ocrx_word' id='word_1_98' title='bbox 1556 1496 1720 1549; x_wconf 87' lang='lat' dir='ltr'><strong>etiam</strong></span> <span class='ocrx_word' id='word_1_99' title='bbox 1754 1493 2020 1564; x_wconf 78' lang='lat' dir='ltr'><strong>expiatio-</strong></span> 
     </span>
    </p>
   </div>
   <div class='ocr_carea' id='block_1_17' title="bbox 430 1584 2022 1667">
    <p class='ocr_par' dir='ltr' id='par_1_17' title="bbox 430 1584 2022 1667">
     <span class='ocr_line' id='line_1_17' title="bbox 430 1584 2022 1667; baseline -0.01 -15"><span class='ocrx_word' id='word_1_100' title='bbox 430 1613 554 1652; x_wconf 89' lang='lat' dir='ltr'><strong>nem</strong></span> <span class='ocrx_word' id='word_1_101' title='bbox 588 1592 798 1667; x_wconf 82' lang='lat' dir='ltr'><strong>peccati</strong></span> <span class='ocrx_word' id='word_1_102' title='bbox 829 1610 846 1648; x_wconf 75' lang='grc' dir='ltr'><strong>ι</strong></span> <span class='ocrx_word' id='word_1_103' title='bbox 872 1601 933 1645; x_wconf 92' lang='lat' dir='ltr'><strong>ut</strong></span> <span class='ocrx_word' id='word_1_104' title='bbox 975 1592 1093 1645; x_wconf 66' lang='lat' dir='ltr'><strong>haec</strong></span> <span class='ocrx_word' id='word_1_105' title='bbox 1115 1589 1188 1642; x_wconf 90' lang='lat' dir='ltr'><strong>sit</strong></span> <span class='ocrx_word' id='word_1_106' title='bbox 1213 1587 1519 1642; x_wconf 68' lang='lat' dir='ltr'><strong>differentia</strong></span> <span class='ocrx_word' id='word_1_107' title='bbox 1552 1585 1697 1640; x_wconf 86' lang='lat' dir='ltr'><strong>inter</strong></span> <span class='ocrx_word' id='word_1_108' title='bbox 1755 1584 2022 1654; x_wconf 83' lang='lat' dir='ltr'><strong>baptisma</strong></span> 
     </span>
    </p>
   </div>
   <div class='ocr_carea' id='block_1_18' title="bbox 426 1677 2022 1752">
    <p class='ocr_par' dir='ltr' id='par_1_18' title="bbox 426 1677 2022 1752">
     <span class='ocr_line' id='line_1_18' title="bbox 426 1677 2022 1752; baseline -0.008 -9"><span class='ocrx_word' id='word_1_109' title='bbox 426 1686 656 1744; x_wconf 84' lang='lat' dir='ltr'><strong>Joannis</strong></span> <span class='ocrx_word' id='word_1_110' title='bbox 672 1693 725 1740; x_wconf 90' lang='lat' dir='ltr'><strong>et</strong></span> <span class='ocrx_word' id='word_1_111' title='bbox 755 1683 991 1738; x_wconf 89' lang='lat' dir='ltr'><strong>ﬁdelium</strong></span> <span class='ocrx_word' id='word_1_112' title='bbox 1039 1681 1334 1752; x_wconf 88' lang='lat' dir='ltr'><strong>baptisma,</strong></span> <span class='ocrx_word' id='word_1_113' title='bbox 1388 1692 1583 1749; x_wconf 90' lang='lat' dir='ltr'><strong>nempe</strong></span> <span class='ocrx_word' id='word_1_114' title='bbox 1607 1677 1750 1748; x_wconf 89' lang='lat' dir='ltr'><strong>quod</strong></span> <span class='ocrx_word' id='word_1_115' title='bbox 1782 1677 2022 1732; x_wconf 86' lang='lat' dir='ltr'><strong>ﬁdelium</strong></span> 
     </span>
    </p>
   </div>
   <div class='ocr_carea' id='block_1_19' title="bbox 431 1768 2021 1850">
    <p class='ocr_par' dir='ltr' id='par_1_19' title="bbox 431 1768 2021 1850">
     <span class='ocr_line' id='line_1_19' title="bbox 431 1768 2021 1850; baseline -0.008 -16"><span class='ocrx_word' id='word_1_116' title='bbox 431 1779 704 1850; x_wconf 74' lang='lat' dir='ltr'><strong>baptisma</strong></span> <span class='ocrx_word' id='word_1_117' title='bbox 731 1773 1108 1829; x_wconf 88' lang='lat' dir='ltr'><strong>remissionem</strong></span> <span class='ocrx_word' id='word_1_118' title='bbox 1132 1782 1477 1842; x_wconf 86' lang='lat' dir='ltr'><strong>peccatorum</strong></span> <span class='ocrx_word' id='word_1_119' title='bbox 1511 1770 1755 1839; x_wconf 82' lang='lat' dir='ltr'><strong>largitur.</strong></span> <span class='ocrx_word' id='word_1_120' title='bbox 1783 1768 2021 1838; x_wconf 81' lang='lat' dir='ltr'><strong>Baptiza-</strong></span> 
     </span>
    </p>
   </div>
   <div class='ocr_carea' id='block_1_20' title="bbox 2119 580 2819 649">
    <p class='ocr_par' dir='ltr' id='par_1_20' title="bbox 2119 580 2819 649">
     <span class='ocr_line' id='line_1_20' title="bbox 2119 580 2819 649; baseline 0.009 -18"><span class='ocrx_word' id='word_1_121' title='bbox 2119 582 2228 635; x_wconf 84' lang='grc' dir='ltr'>τὸν</span> <span class='ocrx_word' id='word_1_122' title='bbox 2257 581 2519 649; x_wconf 79' lang='grc' dir='ltr'>Χριστὸν</span> <span class='ocrx_word' id='word_1_123' title='bbox 2551 580 2819 648; x_wconf 83' lang='grc' dir='ltr'><em>Ἰησοῦν.</em></span> 
     </span>
    </p>
   </div>
   <div class='ocr_carea' id='block_1_21' title="bbox 2185 671 3692 745">
    <p class='ocr_par' dir='ltr' id='par_1_21' title="bbox 2185 671 3692 745">
     <span class='ocr_line' id='line_1_21' title="bbox 2185 671 3692 745; baseline 0.004 -19"><span class='ocrx_word' id='word_1_124' title='bbox 2185 674 2246 726; x_wconf 80' lang='lat' dir='ltr'><strong>Ei</strong></span> <span class='ocrx_word' id='word_1_125' title='bbox 2272 673 2330 726; x_wconf 84' lang='grc' dir='ltr'>τὸ</span> <span class='ocrx_word' id='word_1_126' title='bbox 2378 673 2662 744; x_wconf 78' lang='grc' dir='ltr'><strong>βάπτισμα</strong></span> <span class='ocrx_word' id='word_1_127' title='bbox 2694 674 2856 740; x_wconf 81' lang='grc' dir='ltr'>μόνον</span> <span class='ocrx_word' id='word_1_128' title='bbox 2915 673 3164 729; x_wconf 77' lang='grc' dir='ltr'><strong>Ἰωάννου</strong></span> <span class='ocrx_word' id='word_1_129' title='bbox 3216 675 3489 745; x_wconf 79' lang='grc' dir='ltr'>ἠπίστατο</span> <span class='ocrx_word' id='word_1_130' title='bbox 3511 671 3692 743; x_wconf 74' lang='grc' dir='ltr'>οὗτος,</span> 
     </span>
    </p>
   </div>
   <div class='ocr_carea' id='block_1_22' title="bbox 2117 765 3701 840">
    <p class='ocr_par' dir='ltr' id='par_1_22' title="bbox 2117 765 3701 840">
     <span class='ocr_line' id='line_1_22' title="bbox 2117 765 3701 840; baseline 0.004 -22"><span class='ocrx_word' id='word_1_131' title='bbox 2117 766 2235 829; x_wconf 85' lang='grc' dir='ltr'><strong>πῶς</strong></span> <span class='ocrx_word' id='word_1_132' title='bbox 2262 765 2342 836; x_wconf 83' lang='grc' dir='ltr'>τῷ</span> <span class='ocrx_word' id='word_1_133' title='bbox 2375 766 2653 834; x_wconf 74' lang='grc' dir='ltr'>Πνεῦματι</span> <span class='ocrx_word' id='word_1_134' title='bbox 2687 766 2800 830; x_wconf 84' lang='grc' dir='ltr'>ζὲει</span> <span class='ocrx_word' id='word_1_135' title='bbox 2825 785 2840 833; x_wconf 90' lang='grc'><strong>;</strong></span> <span class='ocrx_word' id='word_1_136' title='bbox 2867 767 2926 821; x_wconf 81' lang='grc' dir='ltr'>τὸ</span> <span class='ocrx_word' id='word_1_137' title='bbox 2951 768 3061 839; x_wconf 80' lang='grc' dir='ltr'><strong>γὰρ</strong></span> <span class='ocrx_word' id='word_1_138' title='bbox 3089 769 3316 840; x_wconf 80' lang='grc' dir='ltr'><strong>Πνεῦμα</strong></span> <span class='ocrx_word' id='word_1_139' title='bbox 3369 769 3466 839; x_wconf 86' lang='grc' dir='ltr'><strong>οὐχ</strong></span> <span class='ocrx_word' id='word_1_140' title='bbox 3526 769 3701 835; x_wconf 78' lang='grc' dir='ltr'>οὕτως</span> 
     </span>
    </p>
   </div>
   <div class='ocr_carea' id='block_1_23' title="bbox 2117 855 3703 932">
    <p class='ocr_par' dir='ltr' id='par_1_23' title="bbox 2117 855 3703 932">
     <span class='ocr_line' id='line_1_23' title="bbox 2117 855 3703 932; baseline 0.004 -24"><span class='ocrx_word' id='word_1_141' title='bbox 2117 855 2350 910; x_wconf 77' lang='grc' dir='ltr'>ἐδίδοτοο</span> <span class='ocrx_word' id='word_1_142' title='bbox 2387 855 2482 911; x_wconf 76' lang='grc' dir='ltr'><strong>καὶ</strong></span> <span class='ocrx_word' id='word_1_143' title='bbox 2512 858 2560 908; x_wconf 81' lang='grc' dir='ltr'><strong>εί</strong></span> <span class='ocrx_word' id='word_1_144' title='bbox 2590 858 2640 910; x_wconf 81' lang='grc' dir='ltr'>οἱ</span> <span class='ocrx_word' id='word_1_145' title='bbox 2677 858 2815 926; x_wconf 75' lang='grc' dir='ltr'>μετὰ</span> <span class='ocrx_word' id='word_1_146' title='bbox 2847 858 3036 912; x_wconf 87' lang='grc' dir='ltr'>τοῦτον</span> <span class='ocrx_word' id='word_1_147' title='bbox 3065 859 3368 928; x_wconf 79' lang='grc' dir='ltr'>ἐδεήθησαν</span> <span class='ocrx_word' id='word_1_148' title='bbox 3395 859 3487 914; x_wconf 85' lang='grc' dir='ltr'><strong>τοῦ</strong></span> <span class='ocrx_word' id='word_1_149' title='bbox 3514 861 3703 932; x_wconf 79' lang='grc' dir='ltr'>βαπτί-</span> 
     </span>
    </p>
   </div>
   <div class='ocr_carea' id='block_1_24' title="bbox 2120 945 3702 1020">
    <p class='ocr_par' dir='ltr' id='par_1_24' title="bbox 2120 945 3702 1020">
     <span class='ocr_line' id='line_1_24' title="bbox 2120 945 3702 1020; baseline 0.004 -21"><span class='ocrx_word' id='word_1_150' title='bbox 2120 964 2325 1014; x_wconf 88' lang='grc' dir='ltr'>σματος</span> <span class='ocrx_word' id='word_1_151' title='bbox 2379 947 2472 1000; x_wconf 91' lang='grc' dir='ltr'><strong>τοῦ</strong></span> <span class='ocrx_word' id='word_1_152' title='bbox 2511 949 2771 1018; x_wconf 81' lang='grc' dir='ltr'><strong>Χριστοῦ,</strong></span> <span class='ocrx_word' id='word_1_153' title='bbox 2803 950 2987 1019; x_wconf 83' lang='grc' dir='ltr'>πολλῷ</span> <span class='ocrx_word' id='word_1_154' title='bbox 3044 951 3248 1020; x_wconf 85' lang='grc' dir='ltr'>μᾶλλον</span> <span class='ocrx_word' id='word_1_155' title='bbox 3299 953 3391 1006; x_wconf 86' lang='grc' dir='ltr'><strong>καὶ</strong></span> <span class='ocrx_word' id='word_1_156' title='bbox 3421 945 3598 1016; x_wconf 76' lang='grc' dir='ltr'>οὗτος.</span> <span class='ocrx_word' id='word_1_157' title='bbox 3632 953 3702 1006; x_wconf 82' lang='grc' dir='ltr'>Τί</span> 
     </span>
    </p>
   </div>
   <div class='ocr_carea' id='block_1_25' title="bbox 2120 1033 3702 1113">
    <p class='ocr_par' dir='ltr' id='par_1_25' title="bbox 2120 1033 3702 1113">
     <span class='ocr_line' id='line_1_25' title="bbox 2120 1033 3702 1113; baseline 0.004 -24"><span class='ocrx_word' id='word_1_158' title='bbox 2120 1037 2214 1090; x_wconf 83' lang='grc' dir='ltr'><strong>οῦν</strong></span> <span class='ocrx_word' id='word_1_159' title='bbox 2246 1038 2396 1090; x_wconf 82' lang='grc' dir='ltr'>ἔστιν</span> <span class='ocrx_word' id='word_1_160' title='bbox 2426 1041 2636 1105; x_wconf 76' lang='grc' dir='ltr'>εἰπείν;</span> <span class='ocrx_word' id='word_1_161' title='bbox 2672 1039 2831 1108; x_wconf 79' lang='grc' dir='ltr'>Ἐμοὶ</span> <span class='ocrx_word' id='word_1_162' title='bbox 2886 1040 3034 1094; x_wconf 83' lang='grc' dir='ltr'>δοκεῖ</span> <span class='ocrx_word' id='word_1_163' title='bbox 3068 1033 3226 1103; x_wconf 71' lang='grc' dir='ltr'>οὗτος</span> <span class='ocrx_word' id='word_1_164' title='bbox 3255 1038 3395 1095; x_wconf 80' lang='grc' dir='ltr'>εῖναι</span> <span class='ocrx_word' id='word_1_165' title='bbox 3452 1042 3562 1096; x_wconf 88' lang='grc' dir='ltr'><strong>τῶν</strong></span> <span class='ocrx_word' id='word_1_166' title='bbox 3616 1048 3702 1113; x_wconf 81' lang='grc' dir='ltr'><strong>ρκ’</strong></span> 
     </span>
    </p>
   </div>
   <div class='ocr_carea' id='block_1_26' title="bbox 2119 1129 3704 1205">
    <p class='ocr_par' dir='ltr' id='par_1_26' title="bbox 2119 1129 3704 1205">
     <span class='ocr_line' id='line_1_26' title="bbox 2119 1129 3704 1205; baseline 0.003 -24"><span class='ocrx_word' id='word_1_167' title='bbox 2119 1129 2227 1182; x_wconf 88' lang='grc' dir='ltr'><strong>τῶν</strong></span> <span class='ocrx_word' id='word_1_168' title='bbox 2303 1130 2442 1200; x_wconf 80' lang='grc' dir='ltr'>μετὰ</span> <span class='ocrx_word' id='word_1_169' title='bbox 2508 1131 2616 1183; x_wconf 89' lang='grc' dir='ltr'><strong>τῶν</strong></span> <span class='ocrx_word' id='word_1_170' title='bbox 2679 1133 2995 1187; x_wconf 81' lang='grc' dir='ltr'><strong>ἀποστόλων</strong></span> <span class='ocrx_word' id='word_1_171' title='bbox 3046 1133 3556 1205; x_wconf 80' lang='grc' dir='ltr'>βαπτισθέντωνοῆ</span> <span class='ocrx_word' id='word_1_172' title='bbox 3590 1176 3605 1198; x_wconf 89' lang='grc'><strong>,</strong></span> <span class='ocrx_word' id='word_1_173' title='bbox 3654 1137 3704 1188; x_wconf 78' lang='grc' dir='ltr'><strong>εἰ</strong></span> 
     </span>
    </p>
   </div>
   <div class='ocr_carea' id='block_1_27' title="bbox 2124 1219 3704 1294">
    <p class='ocr_par' dir='ltr' id='par_1_27' title="bbox 2124 1219 3704 1294">
     <span class='ocr_line' id='line_1_27' title="bbox 2124 1219 3704 1294; baseline 0.005 -23"><span class='ocrx_word' id='word_1_174' title='bbox 2124 1219 2198 1289; x_wconf 84' lang='grc' dir='ltr'>μὴ</span> <span class='ocrx_word' id='word_1_175' title='bbox 2225 1219 2399 1285; x_wconf 87' lang='grc' dir='ltr'>τοῦτο,</span> <span class='ocrx_word' id='word_1_176' title='bbox 2421 1221 2555 1291; x_wconf 83' lang='grc' dir='ltr'>ὅπερ</span> <span class='ocrx_word' id='word_1_177' title='bbox 2587 1222 2677 1273; x_wconf 73' lang='grc' dir='ltr'><strong>ἐπὶ</strong></span> <span class='ocrx_word' id='word_1_178' title='bbox 2703 1223 2795 1276; x_wconf 89' lang='grc' dir='ltr'><strong>τοῦ</strong></span> <span class='ocrx_word' id='word_1_179' title='bbox 2849 1224 3148 1294; x_wconf 76' lang='grc' dir='ltr'><strong>Κορνηλίου</strong></span> <span class='ocrx_word' id='word_1_180' title='bbox 3193 1224 3410 1293; x_wconf 81' lang='grc' dir='ltr'>γέγονε,</span> <span class='ocrx_word' id='word_1_181' title='bbox 3459 1225 3556 1280; x_wconf 78' lang='grc' dir='ltr'><strong>καὶ</strong></span> <span class='ocrx_word' id='word_1_182' title='bbox 3604 1227 3704 1279; x_wconf 75' lang='grc' dir='ltr'><strong>ἐπὶ</strong></span> 
     </span>
    </p>
   </div>
   <div class='ocr_carea' id='block_1_28' title="bbox 2120 1312 3708 1389">
    <p class='ocr_par' dir='ltr' id='par_1_28' title="bbox 2120 1312 3708 1389">
     <span class='ocr_line' id='line_1_28' title="bbox 2120 1312 3708 1389; baseline 0.005 -25"><span class='ocrx_word' id='word_1_183' title='bbox 2120 1312 2295 1381; x_wconf 84' lang='grc' dir='ltr'>τούτῳ</span> <span class='ocrx_word' id='word_1_184' title='bbox 2336 1314 2381 1346; x_wconf 70' lang='grc'>⁸⁷</span> <span class='ocrx_word' id='word_1_185' title='bbox 2406 1331 2420 1343; x_wconf 87' lang='grc'><strong>·</strong></span> <span class='ocrx_word' id='word_1_186' title='bbox 2453 1315 2548 1368; x_wconf 71' lang='grc' dir='ltr'><strong>καὶ</strong></span> <span class='ocrx_word' id='word_1_187' title='bbox 2579 1315 2779 1380; x_wconf 86' lang='grc' dir='ltr'>ἄλλως,</span> <span class='ocrx_word' id='word_1_188' title='bbox 2829 1317 2889 1370; x_wconf 84' lang='grc' dir='ltr'>τὸ</span> <span class='ocrx_word' id='word_1_189' title='bbox 2943 1319 3198 1371; x_wconf 85' lang='grc' dir='ltr'>Ἰωάννου</span> <span class='ocrx_word' id='word_1_190' title='bbox 3250 1319 3532 1389; x_wconf 81' lang='grc' dir='ltr'><strong>βάπτισμα</strong></span> <span class='ocrx_word' id='word_1_191' title='bbox 3575 1335 3708 1388; x_wconf 71' lang='grc' dir='ltr'>προσ</span> 
     </span>
    </p>
   </div>
   <div class='ocr_carea' id='block_1_29' title="bbox 2123 1403 3704 1482">
    <p class='ocr_par' dir='ltr' id='par_1_29' title="bbox 2123 1403 3704 1482">
     <span class='ocr_line' id='line_1_29' title="bbox 2123 1403 3704 1482; baseline 0.004 -24"><span class='ocrx_word' id='word_1_192' title='bbox 2123 1407 2329 1477; x_wconf 80' lang='grc' dir='ltr'>τροπὴν</span> <span class='ocrx_word' id='word_1_193' title='bbox 2387 1403 2501 1476; x_wconf 72' lang='grc' dir='ltr'>εἶχε</span> <span class='ocrx_word' id='word_1_194' title='bbox 2563 1408 2853 1478; x_wconf 81' lang='grc' dir='ltr'><strong>μετανοίας</strong></span> <span class='ocrx_word' id='word_1_195' title='bbox 2924 1409 3128 1479; x_wconf 84' lang='grc' dir='ltr'>μόνον,</span> <span class='ocrx_word' id='word_1_196' title='bbox 3161 1410 3224 1464; x_wconf 81' lang='grc' dir='ltr'>οὗ</span> <span class='ocrx_word' id='word_1_197' title='bbox 3281 1410 3388 1482; x_wconf 76' lang='grc' dir='ltr'>μὴν</span> <span class='ocrx_word' id='word_1_198' title='bbox 3430 1411 3527 1464; x_wconf 77' lang='grc' dir='ltr'><strong>καὶ</strong></span> <span class='ocrx_word' id='word_1_199' title='bbox 3600 1428 3704 1465; x_wconf 80' lang='grc' dir='ltr'><strong>κα-</strong></span> 
     </span>
    </p>
   </div>
   <div class='ocr_carea' id='block_1_30' title="bbox 2125 1497 3707 1573">
    <p class='ocr_par' dir='ltr' id='par_1_30' title="bbox 2125 1497 3707 1573">
     <span class='ocr_line' id='line_1_30' title="bbox 2125 1497 3707 1573; baseline 0.003 -23"><span class='ocrx_word' id='word_1_200' title='bbox 2125 1498 2393 1569; x_wconf 77' lang='grc' dir='ltr'>θαρισμὸν</span> <span class='ocrx_word' id='word_1_201' title='bbox 2443 1500 2756 1572; x_wconf 85' lang='grc' dir='ltr'>ἁμαρτίας·</span> <span class='ocrx_word' id='word_1_202' title='bbox 2830 1500 2907 1563; x_wconf 83' lang='grc' dir='ltr'><strong>ὡς</strong></span> <span class='ocrx_word' id='word_1_203' title='bbox 2968 1497 3108 1555; x_wconf 77' lang='grc' dir='ltr'>εἶναι</span> <span class='ocrx_word' id='word_1_204' title='bbox 3167 1503 3374 1573; x_wconf 70' lang='grc' dir='ltr'>ταύτην</span> <span class='ocrx_word' id='word_1_205' title='bbox 3439 1502 3538 1573; x_wconf 82' lang='grc' dir='ltr'>τὴν</span> <span class='ocrx_word' id='word_1_206' title='bbox 3587 1501 3707 1555; x_wconf 90' lang='grc' dir='ltr'>δια-</span> 
     </span>
    </p>
   </div>
   <div class='ocr_carea' id='block_1_31' title="bbox 2125 1589 3710 1664">
    <p class='ocr_par' dir='ltr' id='par_1_31' title="bbox 2125 1589 3710 1664">
     <span class='ocr_line' id='line_1_31' title="bbox 2125 1589 3710 1664; baseline 0.003 -22"><span class='ocrx_word' id='word_1_207' title='bbox 2125 1590 2300 1660; x_wconf 81' lang='grc' dir='ltr'>φορὰν</span> <span class='ocrx_word' id='word_1_208' title='bbox 2371 1589 2465 1642; x_wconf 82' lang='grc' dir='ltr'><strong>τοῦ</strong></span> <span class='ocrx_word' id='word_1_209' title='bbox 2517 1590 2766 1645; x_wconf 79' lang='grc' dir='ltr'>Ἰωάννου</span> <span class='ocrx_word' id='word_1_210' title='bbox 2809 1592 3183 1664; x_wconf 79' lang='grc' dir='ltr'>βαπτίσματος</span> <span class='ocrx_word' id='word_1_211' title='bbox 3226 1594 3320 1647; x_wconf 78' lang='grc' dir='ltr'><strong>καὶ</strong></span> <span class='ocrx_word' id='word_1_212' title='bbox 3356 1593 3452 1647; x_wconf 85' lang='grc' dir='ltr'><strong>τοῦ</strong></span> <span class='ocrx_word' id='word_1_213' title='bbox 3477 1594 3586 1649; x_wconf 86' lang='grc' dir='ltr'><strong>τῶν</strong></span> <span class='ocrx_word' id='word_1_214' title='bbox 3615 1611 3710 1647; x_wconf 83' lang='grc' dir='ltr'>πι-</span> 
     </span>
    </p>
   </div>
   <div class='ocr_carea' id='block_1_32' title="bbox 2128 1680 3709 1755">
    <p class='ocr_par' dir='ltr' id='par_1_32' title="bbox 2128 1680 3709 1755">
     <span class='ocr_line' id='line_1_32' title="bbox 2128 1680 3709 1755; baseline 0.002 -22"><span class='ocrx_word' id='word_1_215' title='bbox 2128 1680 2288 1745; x_wconf 73' lang='grc' dir='ltr'>σιῶν,</span> <span class='ocrx_word' id='word_1_216' title='bbox 2317 1680 2482 1734; x_wconf 79' lang='grc' dir='ltr'>ὅτιτὸ</span> <span class='ocrx_word' id='word_1_217' title='bbox 2513 1682 2619 1735; x_wconf 91' lang='grc' dir='ltr'><strong>τῶν</strong></span> <span class='ocrx_word' id='word_1_218' title='bbox 2652 1682 2858 1735; x_wconf 84' lang='grc' dir='ltr'>πιστῶν</span> <span class='ocrx_word' id='word_1_219' title='bbox 2922 1683 3119 1752; x_wconf 82' lang='grc' dir='ltr'>ἄφεσιν</span> <span class='ocrx_word' id='word_1_220' title='bbox 3147 1682 3436 1754; x_wconf 87' lang='grc' dir='ltr'>ἁμαρτιῶν</span> <span class='ocrx_word' id='word_1_221' title='bbox 3487 1684 3709 1755; x_wconf 78' lang='grc' dir='ltr'>χαρίζε-</span> 
     </span>
    </p>
   </div>
   <div class='ocr_carea' id='block_1_33' title="bbox 2128 1771 3711 1846">
    <p class='ocr_par' dir='ltr' id='par_1_33' title="bbox 2128 1771 3711 1846">
     <span class='ocr_line' id='line_1_33' title="bbox 2128 1771 3711 1846; baseline 0.003 -23"><span class='ocrx_word' id='word_1_222' title='bbox 2128 1789 2221 1824; x_wconf 87' lang='grc' dir='ltr'><strong>ται</strong></span> <span class='ocrx_word' id='word_1_223' title='bbox 2247 1787 2262 1803; x_wconf 90' lang='grc'>·</span> <span class='ocrx_word' id='word_1_224' title='bbox 2301 1771 2626 1842; x_wconf 78' lang='grc' dir='ltr'>βαπτίζεται</span> <span class='ocrx_word' id='word_1_225' title='bbox 2653 1775 2763 1842; x_wconf 78' lang='grc' dir='ltr'><strong>γὰρ</strong></span> <span class='ocrx_word' id='word_1_226' title='bbox 2794 1776 2874 1838; x_wconf 87' lang='grc' dir='ltr'><strong>εἰς</strong></span> <span class='ocrx_word' id='word_1_227' title='bbox 2903 1775 2965 1828; x_wconf 82' lang='grc' dir='ltr'>τὸ</span> <span class='ocrx_word' id='word_1_228' title='bbox 3015 1775 3185 1846; x_wconf 76' lang='grc' dir='ltr'>ὄνομα</span> <span class='ocrx_word' id='word_1_229' title='bbox 3209 1775 3301 1828; x_wconf 85' lang='grc' dir='ltr'><strong>τοῦ</strong></span> <span class='ocrx_word' id='word_1_230' title='bbox 3338 1775 3574 1845; x_wconf 83' lang='grc' dir='ltr'>Πατρδς,</span> <span class='ocrx_word' id='word_1_231' title='bbox 3613 1775 3711 1830; x_wconf 80' lang='grc' dir='ltr'><strong>καὶ</strong></span> 
     </span>
    </p>
   </div>
   <div class='ocr_carea' id='block_1_34' title="bbox 436 1853 2030 1939">
    <p class='ocr_par' dir='ltr' id='par_1_34' title="bbox 436 1859 2028 1930">
     <span class='ocr_line' id='line_1_34' title="bbox 436 1859 2028 1930; baseline -0.006 -4"><span class='ocrx_word' id='word_1_232' title='bbox 436 1864 527 1926; x_wconf 67' lang='lat' dir='ltr'><strong>tur</strong></span> <span class='ocrx_word' id='word_1_233' title='bbox 554 1868 702 1925; x_wconf 90' lang='lat' dir='ltr'><strong>enim</strong></span> <span class='ocrx_word' id='word_1_234' title='bbox 734 1866 910 1922; x_wconf 89' lang='lat' dir='ltr'><strong>ﬁdelis</strong></span> <span class='ocrx_word' id='word_1_235' title='bbox 939 1866 991 1922; x_wconf 90' lang='lat' dir='ltr'><strong>in</strong></span> <span class='ocrx_word' id='word_1_236' title='bbox 1018 1865 1242 1920; x_wconf 87' lang='lat' dir='ltr'><strong>nomine</strong></span> <span class='ocrx_word' id='word_1_237' title='bbox 1272 1863 1448 1918; x_wconf 86' lang='lat' dir='ltr'><strong>Patris</strong></span> <span class='ocrx_word' id='word_1_238' title='bbox 1474 1871 1529 1918; x_wconf 88' lang='lat' dir='ltr'><strong>et</strong></span> <span class='ocrx_word' id='word_1_239' title='bbox 1553 1863 1672 1917; x_wconf 86' lang='lat' dir='ltr'><strong>Filii</strong></span> <span class='ocrx_word' id='word_1_240' title='bbox 1705 1871 1759 1915; x_wconf 90' lang='lat' dir='ltr'><strong>et</strong></span> <span class='ocrx_word' id='word_1_241' title='bbox 1793 1859 2028 1930; x_wconf 84' lang='lat' dir='ltr'><strong>Spiritus</strong></span> 
     </span>
    </p>
   </div>
   <div class='ocr_carea' id='block_1_35' title="bbox 2123 1853 3713 1939">
    <p class='ocr_par' dir='ltr' id='par_1_35' title="bbox 2130 1862 3713 1939">
     <span class='ocr_line' id='line_1_35' title="bbox 2130 1862 3713 1939; baseline 0.004 -25"><span class='ocrx_word' id='word_1_242' title='bbox 2130 1862 2226 1916; x_wconf 91' lang='grc' dir='ltr'><strong>τοῦ</strong></span> <span class='ocrx_word' id='word_1_243' title='bbox 2267 1863 2418 1928; x_wconf 84' lang='grc' dir='ltr'>Υίοῦ,</span> <span class='ocrx_word' id='word_1_244' title='bbox 2462 1866 2556 1918; x_wconf 78' lang='grc' dir='ltr'><strong>καὶ</strong></span> <span class='ocrx_word' id='word_1_245' title='bbox 2603 1865 2697 1918; x_wconf 90' lang='grc' dir='ltr'><strong>τοῦ</strong></span> <span class='ocrx_word' id='word_1_246' title='bbox 2727 1866 2881 1934; x_wconf 79' lang='grc' dir='ltr'>ἁγίου</span> <span class='ocrx_word' id='word_1_247' title='bbox 2913 1867 3230 1939; x_wconf 81' lang='grc' dir='ltr'>Πνεύματος</span> <span class='ocrx_word' id='word_1_248' title='bbox 3282 1871 3311 1922; x_wconf 85' lang='grc' dir='ltr'><strong>ὁ</strong></span> <span class='ocrx_word' id='word_1_249' title='bbox 3358 1869 3570 1931; x_wconf 78' lang='grc' dir='ltr'>πιστὸς,</span> <span class='ocrx_word' id='word_1_250' title='bbox 3615 1869 3713 1921; x_wconf 84' lang='grc' dir='ltr'><strong>καί</strong></span> 
     </span>
    </p>
   </div>
   <div class='ocr_carea' id='block_1_36' title="bbox 431 1951 2024 2040">
    <p class='ocr_par' dir='ltr' id='par_1_36' title="bbox 431 1951 2024 2040">
     <span class='ocr_line' id='line_1_36' title="bbox 431 1951 2024 2040; baseline -0.008 -25"><span class='ocrx_word' id='word_1_251' title='bbox 431 1961 630 2026; x_wconf 87' lang='lat' dir='ltr'><strong>sancti,</strong></span> <span class='ocrx_word' id='word_1_252' title='bbox 665 1968 721 2016; x_wconf 93' lang='lat' dir='ltr'><strong>et</strong></span> <span class='ocrx_word' id='word_1_253' title='bbox 771 1957 1011 2013; x_wconf 84' lang='lat' dir='ltr'><strong>abluitur</strong></span> <span class='ocrx_word' id='word_1_254' title='bbox 1042 1956 1110 2011; x_wconf 90' lang='lat' dir='ltr'><strong>ab</strong></span> <span class='ocrx_word' id='word_1_255' title='bbox 1148 1971 1235 2021; x_wconf 89' lang='lat' dir='ltr'><strong>ea,</strong></span> <span class='ocrx_word' id='word_1_256' title='bbox 1294 1969 1456 2024; x_wconf 89' lang='lat' dir='ltr'><strong>quam</strong></span> <span class='ocrx_word' id='word_1_257' title='bbox 1504 1961 1666 2006; x_wconf 89' lang='lat' dir='ltr'><strong>antea</strong></span> <span class='ocrx_word' id='word_1_258' title='bbox 1723 1951 2024 2040; x_wconf 58' lang='lat' dir='ltr'><strong>habuerat,</strong></span> 
     </span>
    </p>
   </div>
   <div class='ocr_carea' id='block_1_37' title="bbox 432 2045 2024 2124">
    <p class='ocr_par' dir='ltr' id='par_1_37' title="bbox 432 2045 2024 2124">
     <span class='ocr_line' id='line_1_37' title="bbox 432 2045 2024 2124; baseline -0.008 -16"><span class='ocrx_word' id='word_1_259' title='bbox 432 2052 713 2124; x_wconf 86' lang='lat' dir='ltr'><strong>religione.</strong></span> <span class='ocrx_word' id='word_1_260' title='bbox 742 2051 897 2116; x_wconf 84' lang='lat' dir='ltr'><strong>Quod</strong></span> <span class='ocrx_word' id='word_1_261' title='bbox 931 2049 976 2104; x_wconf 90' lang='lat' dir='ltr'><strong>si</strong></span> <span class='ocrx_word' id='word_1_262' title='bbox 1012 2064 1120 2102; x_wconf 91' lang='lat' dir='ltr'><strong>non</strong></span> <span class='ocrx_word' id='word_1_263' title='bbox 1157 2047 1432 2103; x_wconf 83' lang='lat' dir='ltr'><strong>habebant</strong></span> <span class='ocrx_word' id='word_1_264' title='bbox 1460 2045 1732 2117; x_wconf 88' lang='lat' dir='ltr'><strong>Spiritum</strong></span> <span class='ocrx_word' id='word_1_265' title='bbox 1773 2052 2024 2098; x_wconf 89' lang='lat' dir='ltr'><strong>sanctum</strong></span> 
     </span>
    </p>
   </div>
   <div class='ocr_carea' id='block_1_38' title="bbox 431 2132 2028 2210">
    <p class='ocr_par' dir='ltr' id='par_1_38' title="bbox 431 2132 2028 2210">
     <span class='ocr_line' id='line_1_38' title="bbox 431 2132 2028 2210; baseline -0.006 -15"><span class='ocrx_word' id='word_1_266' title='bbox 431 2141 523 2210; x_wconf 91' lang='lat' dir='ltr'><strong>qui</strong></span> <span class='ocrx_word' id='word_1_267' title='bbox 565 2141 632 2194; x_wconf 90' lang='lat' dir='ltr'><strong>ab</strong></span> <span class='ocrx_word' id='word_1_268' title='bbox 684 2139 898 2194; x_wconf 79' lang='lat' dir='ltr'><strong>Joanne</strong></span> <span class='ocrx_word' id='word_1_269' title='bbox 956 2135 1218 2206; x_wconf 89' lang='lat' dir='ltr'><strong>baptizati</strong></span> <span class='ocrx_word' id='word_1_270' title='bbox 1293 2143 1472 2198; x_wconf 89' lang='lat' dir='ltr'><strong>erant,</strong></span> <span class='ocrx_word' id='word_1_271' title='bbox 1550 2133 1642 2201; x_wconf 86' lang='lat' dir='ltr'><strong>qui</strong></span> <span class='ocrx_word' id='word_1_272' title='bbox 1723 2132 1886 2186; x_wconf 83' lang='lat' dir='ltr'><strong>fiebat</strong></span> <span class='ocrx_word' id='word_1_273' title='bbox 1967 2140 2028 2186; x_wconf 87' lang='lat' dir='ltr'><strong>ut</strong></span> 
     </span>
    </p>
   </div>
   <div class='ocr_carea' id='block_1_39' title="bbox 433 2223 2017 2301">
    <p class='ocr_par' dir='ltr' id='par_1_39' title="bbox 433 2223 2017 2301">
     <span class='ocr_line' id='line_1_39' title="bbox 433 2223 2017 2301; baseline -0.005 -16"><span class='ocrx_word' id='word_1_274' title='bbox 433 2231 673 2301; x_wconf 80' lang='lat' dir='ltr'><strong>Apelles,</strong></span> <span class='ocrx_word' id='word_1_275' title='bbox 707 2229 797 2299; x_wconf 85' lang='lat' dir='ltr'><strong>qui</strong></span> <span class='ocrx_word' id='word_1_276' title='bbox 829 2230 882 2282; x_wconf 91' lang='lat' dir='ltr'><strong>in</strong></span> <span class='ocrx_word' id='word_1_277' title='bbox 912 2227 1144 2283; x_wconf 88' lang='lat' dir='ltr'><strong>Joannis</strong></span> <span class='ocrx_word' id='word_1_278' title='bbox 1172 2225 1551 2281; x_wconf 87' lang='lat' dir='ltr'><strong>tantummodo</strong></span> <span class='ocrx_word' id='word_1_279' title='bbox 1581 2223 1853 2294; x_wconf 85' lang='lat' dir='ltr'><strong>baptisma</strong></span> <span class='ocrx_word' id='word_1_280' title='bbox 1890 2223 2017 2294; x_wconf 67' lang='lat' dir='ltr'><strong>bap«</strong></span> 
     </span>
    </p>
   </div>
   <div class='ocr_carea' id='block_1_40' title="bbox 439 2314 2020 2389">
    <p class='ocr_par' dir='ltr' id='par_1_40' title="bbox 439 2314 2020 2389">
     <span class='ocr_line' id='line_1_40' title="bbox 439 2314 2020 2389; baseline -0.005 -13"><span class='ocrx_word' id='word_1_281' title='bbox 439 2323 638 2377; x_wconf 86' lang='lat' dir='ltr'><strong>tizatus</strong></span> <span class='ocrx_word' id='word_1_282' title='bbox 665 2329 804 2385; x_wconf 89' lang='lat' dir='ltr'><strong>erat,</strong></span> <span class='ocrx_word' id='word_1_283' title='bbox 853 2319 1060 2389; x_wconf 89' lang='lat' dir='ltr'><strong>Spiritu</strong></span> <span class='ocrx_word' id='word_1_284' title='bbox 1123 2317 1406 2374; x_wconf 85' lang='lat' dir='ltr'><strong>ferveret?</strong></span> <span class='ocrx_word' id='word_1_285' title='bbox 1451 2315 1746 2370; x_wconf 85' lang='lat' dir='ltr'><strong>Enimvero</strong></span> <span class='ocrx_word' id='word_1_286' title='bbox 1805 2314 2020 2370; x_wconf 84' lang='lat' dir='ltr'><strong>etiamsi</strong></span> 
     </span>
    </p>
   </div>
   <div class='ocr_carea' id='block_1_41' title="bbox 439 2405 2028 2485">
    <p class='ocr_par' dir='ltr' id='par_1_41' title="bbox 439 2405 2028 2485">
     <span class='ocr_line' id='line_1_41' title="bbox 439 2405 2028 2485; baseline -0.004 -17"><span class='ocrx_word' id='word_1_287' title='bbox 439 2415 633 2485; x_wconf 87' lang='lat' dir='ltr'><strong>spiritu</strong></span> <span class='ocrx_word' id='word_1_288' title='bbox 664 2412 930 2475; x_wconf 86' lang='lat' dir='ltr'><strong>fervebat,</strong></span> <span class='ocrx_word' id='word_1_289' title='bbox 959 2411 1222 2482; x_wconf 86' lang='lat' dir='ltr'><strong>Spiritum</strong></span> <span class='ocrx_word' id='word_1_290' title='bbox 1254 2419 1503 2464; x_wconf 86' lang='lat' dir='ltr'><strong>sanctum</strong></span> <span class='ocrx_word' id='word_1_291' title='bbox 1531 2405 1764 2481; x_wconf 74' lang='lat' dir='ltr'><strong>[tamen]</strong></span> <span class='ocrx_word' id='word_1_292' title='bbox 1797 2423 1906 2462; x_wconf 88' lang='lat' dir='ltr'><strong>non</strong></span> <span class='ocrx_word' id='word_1_293' title='bbox 1933 2407 2028 2462; x_wconf 88' lang='lat' dir='ltr'><strong>ha-</strong></span> 
     </span>
    </p>
   </div>
   <div class='ocr_carea' id='block_1_42' title="bbox 443 2497 2031 2578">
    <p class='ocr_par' dir='ltr' id='par_1_42' title="bbox 443 2497 2031 2578">
     <span class='ocr_line' id='line_1_42' title="bbox 443 2497 2031 2578; baseline -0.007 -14"><span class='ocrx_word' id='word_1_294' title='bbox 443 2511 638 2575; x_wconf 87' lang='lat' dir='ltr'><strong>bebat;</strong></span> <span class='ocrx_word' id='word_1_295' title='bbox 671 2523 852 2578; x_wconf 89' lang='lat' dir='ltr'><strong>neque</strong></span> <span class='ocrx_word' id='word_1_296' title='bbox 900 2507 1047 2562; x_wconf 90' lang='lat' dir='ltr'><strong>enim</strong></span> <span class='ocrx_word' id='word_1_297' title='bbox 1092 2505 1294 2577; x_wconf 84' lang='lat' dir='ltr'><strong>linguis</strong></span> <span class='ocrx_word' id='word_1_298' title='bbox 1333 2497 1677 2574; x_wconf 83' lang='lat' dir='ltr'><strong>loquebatur,</strong></span> <span class='ocrx_word' id='word_1_299' title='bbox 1704 2516 1882 2570; x_wconf 84' lang='lat' dir='ltr'><strong>neque</strong></span> <span class='ocrx_word' id='word_1_300' title='bbox 1904 2516 2031 2570; x_wconf 91' lang='lat' dir='ltr'><strong>pro-</strong></span> 
     </span>
    </p>
   </div>
   <div class='ocr_carea' id='block_1_43' title="bbox 442 2592 2028 2672">
    <p class='ocr_par' dir='ltr' id='par_1_43' title="bbox 442 2592 2028 2672">
     <span class='ocr_line' id='line_1_43' title="bbox 442 2592 2028 2672; baseline -0.006 -16"><span class='ocrx_word' id='word_1_301' title='bbox 442 2599 722 2672; x_wconf 87' lang='lat' dir='ltr'><strong>phetahat.</strong></span> <span class='ocrx_word' id='word_1_302' title='bbox 770 2599 930 2655; x_wconf 87' lang='lat' dir='ltr'><strong>Aliud</strong></span> <span class='ocrx_word' id='word_1_303' title='bbox 995 2607 1176 2654; x_wconf 69' lang='lat' dir='ltr'><strong>autem</strong></span> <span class='ocrx_word' id='word_1_304' title='bbox 1231 2606 1316 2654; x_wconf 90' lang='lat' dir='ltr'><strong>est</strong></span> <span class='ocrx_word' id='word_1_305' title='bbox 1357 2597 1571 2651; x_wconf 82' lang='lat' dir='ltr'><strong>fervere</strong></span> <span class='ocrx_word' id='word_1_306' title='bbox 1618 2593 1836 2664; x_wconf 86' lang='lat' dir='ltr'><strong>spiritu.</strong></span> <span class='ocrx_word' id='word_1_307' title='bbox 1879 2592 2028 2649; x_wconf 79' lang='lat' dir='ltr'><strong>aliud</strong></span> 
     </span>
    </p>
   </div>
   <div class='ocr_carea' id='block_1_44' title="bbox 446 2685 2033 2761">
    <p class='ocr_par' dir='ltr' id='par_1_44' title="bbox 446 2685 2033 2761">
     <span class='ocr_line' id='line_1_44' title="bbox 446 2685 2033 2761; baseline -0.005 -13"><span class='ocrx_word' id='word_1_308' title='bbox 446 2693 575 2748; x_wconf 87' lang='lat' dir='ltr'><strong>item</strong></span> <span class='ocrx_word' id='word_1_309' title='bbox 621 2693 823 2747; x_wconf 82' lang='lat' dir='ltr'><strong>habere</strong></span> <span class='ocrx_word' id='word_1_310' title='bbox 886 2691 1150 2761; x_wconf 85' lang='lat' dir='ltr'><strong>Spiritum</strong></span> <span class='ocrx_word' id='word_1_311' title='bbox 1223 2697 1496 2744; x_wconf 90' lang='lat' dir='ltr'><strong>sanctum.</strong></span> <span class='ocrx_word' id='word_1_312' title='bbox 1544 2687 1648 2752; x_wconf 86' lang='lat' dir='ltr'><strong>Qui</strong></span> <span class='ocrx_word' id='word_1_313' title='bbox 1702 2689 1865 2744; x_wconf 81' lang='lat' dir='ltr'><strong>habet</strong></span> <span class='ocrx_word' id='word_1_314' title='bbox 1911 2685 2033 2757; x_wconf 89' lang='lat' dir='ltr'><strong>Spi-</strong></span> 
     </span>
    </p>
   </div>
   <div class='ocr_carea' id='block_1_45' title="bbox 444 2781 2029 2847">
    <p class='ocr_par' dir='ltr' id='par_1_45' title="bbox 444 2781 2029 2847">
     <span class='ocr_line' id='line_1_45' title="bbox 444 2781 2029 2847; baseline -0.002 -11"><span class='ocrx_word' id='word_1_315' title='bbox 444 2785 609 2838; x_wconf 89' lang='lat' dir='ltr'><strong>ritum</strong></span> <span class='ocrx_word' id='word_1_316' title='bbox 680 2793 952 2847; x_wconf 85' lang='lat' dir='ltr'><strong>sanctum,</strong></span> <span class='ocrx_word' id='word_1_317' title='bbox 1031 2782 1187 2836; x_wconf 85' lang='lat' dir='ltr'><strong>habet</strong></span> <span class='ocrx_word' id='word_1_318' title='bbox 1266 2797 1391 2836; x_wconf 93' lang='lat' dir='ltr'><strong>eum</strong></span> <span class='ocrx_word' id='word_1_319' title='bbox 1445 2781 1497 2835; x_wconf 91' lang='lat' dir='ltr'><strong>in</strong></span> <span class='ocrx_word' id='word_1_320' title='bbox 1555 2797 1615 2836; x_wconf 91' lang='lat' dir='ltr'><strong>se</strong></span> <span class='ocrx_word' id='word_1_321' title='bbox 1667 2781 2029 2844; x_wconf 78' lang='lat' dir='ltr'><strong>habitantem,</strong></span> 
     </span>
    </p>
   </div>
   <div class='ocr_carea' id='block_1_46' title="bbox 442 2868 2034 2944">
    <p class='ocr_par' dir='ltr' id='par_1_46' title="bbox 442 2868 2034 2944">
     <span class='ocr_line' id='line_1_46' title="bbox 442 2868 2034 2944; baseline -0.003 -16"><span class='ocrx_word' id='word_1_322' title='bbox 442 2891 506 2928; x_wconf 85' lang='lat' dir='ltr'><strong>ac</strong></span> <span class='ocrx_word' id='word_1_323' title='bbox 586 2875 829 2944; x_wconf 86' lang='lat' dir='ltr'><strong>loquitur</strong></span> <span class='ocrx_word' id='word_1_324' title='bbox 903 2875 1023 2942; x_wconf 87' lang='lat' dir='ltr'><strong>ipse</strong></span> <span class='ocrx_word' id='word_1_325' title='bbox 1071 2871 1313 2942; x_wconf 88' lang='lat' dir='ltr'><strong>Spiritus</strong></span> <span class='ocrx_word' id='word_1_326' title='bbox 1392 2887 1456 2926; x_wconf 81' lang='lat' dir='ltr'><strong>ex</strong></span> <span class='ocrx_word' id='word_1_327' title='bbox 1495 2871 1701 2925; x_wconf 90' lang='lat' dir='ltr'><strong>intimis</strong></span> <span class='ocrx_word' id='word_1_328' title='bbox 1742 2868 2034 2940; x_wconf 88' lang='lat' dir='ltr'><strong>penetrali-</strong></span> 
     </span>
    </p>
   </div>
   <div class='ocr_carea' id='block_1_47' title="bbox 445 2961 2031 3034">
    <p class='ocr_par' dir='ltr' id='par_1_47' title="bbox 445 2961 2031 3034">
     <span class='ocr_line' id='line_1_47' title="bbox 445 2961 2031 3034; baseline -0.003 -13"><span class='ocrx_word' id='word_1_329' title='bbox 445 2967 552 3022; x_wconf 85' lang='lat' dir='ltr'><strong>bus</strong></span> <span class='ocrx_word' id='word_1_330' title='bbox 607 2967 831 3020; x_wconf 84' lang='lat' dir='ltr'><strong>cordis:</strong></span> <span class='ocrx_word' id='word_1_331' title='bbox 865 2963 1322 3034; x_wconf 88' lang='lat' dir='ltr'><strong>quemadmodum</strong></span> <span class='ocrx_word' id='word_1_332' title='bbox 1372 2962 1694 3032; x_wconf 84' lang='lat' dir='ltr'><strong>loquebatur</strong></span> <span class='ocrx_word' id='word_1_333' title='bbox 1748 2961 2031 3032; x_wconf 88' lang='lat' dir='ltr'><strong>apostolis,</strong></span> 
     </span>
    </p>
   </div>
   <div class='ocr_carea' id='block_1_48' title="bbox 444 3053 2032 3126">
    <p class='ocr_par' dir='ltr' id='par_1_48' title="bbox 444 3053 2032 3126">
     <span class='ocr_line' id='line_1_48' title="bbox 444 3053 2032 3126; baseline -0.003 -16"><span class='ocrx_word' id='word_1_334' title='bbox 444 3075 572 3111; x_wconf 89' lang='lat' dir='ltr'><strong>eum</strong></span> <span class='ocrx_word' id='word_1_335' title='bbox 641 3073 736 3112; x_wconf 92' lang='lat' dir='ltr'><strong>eos</strong></span> <span class='ocrx_word' id='word_1_336' title='bbox 757 3057 903 3125; x_wconf 88' lang='lat' dir='ltr'><strong>loqui</strong></span> <span class='ocrx_word' id='word_1_337' title='bbox 922 3056 1006 3110; x_wconf 88' lang='lat' dir='ltr'><strong>vel</strong></span> <span class='ocrx_word' id='word_1_338' title='bbox 1037 3055 1253 3126; x_wconf 86' lang='lat' dir='ltr'><strong>juberet</strong></span> <span class='ocrx_word' id='word_1_339' title='bbox 1280 3054 1366 3108; x_wconf 86' lang='lat' dir='ltr'><strong>vel</strong></span> <span class='ocrx_word' id='word_1_340' title='bbox 1416 3062 1647 3107; x_wconf 76' lang='lat' dir='ltr'><strong>vetaret.</strong></span> <span class='ocrx_word' id='word_1_341' title='bbox 1678 3054 1746 3107; x_wconf 88' lang='lat' dir='ltr'><strong>At</strong></span> <span class='ocrx_word' id='word_1_342' title='bbox 1793 3053 1885 3122; x_wconf 88' lang='lat' dir='ltr'><strong>qui</strong></span> <span class='ocrx_word' id='word_1_343' title='bbox 1923 3053 2032 3106; x_wconf 87' lang='lat' dir='ltr'><strong>fer-</strong></span> 
     </span>
    </p>
   </div>
   <div class='ocr_carea' id='block_1_49' title="bbox 446 3145 2029 3220">
    <p class='ocr_par' dir='ltr' id='par_1_49' title="bbox 446 3145 2029 3220">
     <span class='ocr_line' id='line_1_49' title="bbox 446 3145 2029 3220; baseline -0.003 -18"><span class='ocrx_word' id='word_1_344' title='bbox 446 3151 610 3205; x_wconf 83' lang='lat' dir='ltr'><strong>vebat</strong></span> <span class='ocrx_word' id='word_1_345' title='bbox 655 3150 872 3220; x_wconf 86' lang='lat' dir='ltr'><strong>spiritu.</strong></span> <span class='ocrx_word' id='word_1_346' title='bbox 924 3164 1022 3218; x_wconf 94' lang='lat' dir='ltr'><strong>per</strong></span> <span class='ocrx_word' id='word_1_347' title='bbox 1071 3147 1527 3200; x_wconf 88' lang='lat' dir='ltr'><strong>illuminationem</strong></span> <span class='ocrx_word' id='word_1_348' title='bbox 1566 3156 1620 3201; x_wconf 89' lang='lat' dir='ltr'><strong>et</strong></span> <span class='ocrx_word' id='word_1_349' title='bbox 1690 3145 2029 3199; x_wconf 79' lang='lat' dir='ltr'><strong>exhortatio-</strong></span> 
     </span>
    </p>
   </div>
   <div class='ocr_carea' id='block_1_50' title="bbox 446 3212 2102 3311">
    <p class='ocr_par' dir='ltr' id='par_1_50' title="bbox 446 3212 2102 3311">
     <span class='ocr_line' id='line_1_50' title="bbox 446 3212 2102 3311; baseline -0.003 -14"><span class='ocrx_word' id='word_1_350' title='bbox 446 3258 597 3308; x_wconf 89' lang='lat' dir='ltr'><strong>nem,</strong></span> <span class='ocrx_word' id='word_1_351' title='bbox 629 3212 752 3311; x_wconf 79' lang='lat' dir='ltr'><strong>quae</strong></span> <span class='ocrx_word' id='word_1_352' title='bbox 784 3212 1126 3296; x_wconf 71' lang='lat' dir='ltr'><strong>extrinsecus</strong></span> <span class='ocrx_word' id='word_1_353' title='bbox 1149 3238 1534 3304; x_wconf 83' lang='lat' dir='ltr'><strong>adhibebatur,</strong></span> <span class='ocrx_word' id='word_1_354' title='bbox 1564 3239 1798 3293; x_wconf 80' lang='lat' dir='ltr'><strong>faciebat</strong></span> <span class='ocrx_word' id='word_1_355' title='bbox 1825 3237 2031 3308; x_wconf 88' lang='lat' dir='ltr'><strong>aliquid</strong></span> <span class='ocrx_word' id='word_1_356' title='bbox 2060 3212 2102 3270; x_wconf 66' lang='grc' dir='ltr'><strong>θ</strong></span> 
     </span>
    </p>
   </div>
   <div class='ocr_carea' id='block_1_51' title="bbox 447 3331 2036 3405">
    <p class='ocr_par' dir='ltr' id='par_1_51' title="bbox 447 3331 2036 3405">
     <span class='ocr_line' id='line_1_51' title="bbox 447 3331 2036 3405; baseline -0.004 -16"><span class='ocrx_word' id='word_1_357' title='bbox 447 3337 576 3390; x_wconf 85' lang='lat' dir='ltr'><strong>dum</strong></span> <span class='ocrx_word' id='word_1_358' title='bbox 611 3334 768 3405; x_wconf 59' lang='lat'><strong>1&amp;3</strong></span> <span class='ocrx_word' id='word_1_359' title='bbox 798 3351 828 3389; x_wconf 91' lang='lat' dir='ltr'><strong>a</strong></span> <span class='ocrx_word' id='word_1_360' title='bbox 867 3333 1071 3403; x_wconf 87' lang='lat' dir='ltr'><strong>Spiritu</strong></span> <span class='ocrx_word' id='word_1_361' title='bbox 1111 3331 1430 3387; x_wconf 85' lang='lat' dir='ltr'><strong>ducebatur.</strong></span> <span class='ocrx_word' id='word_1_362' title='bbox 1488 3331 1621 3385; x_wconf 85' lang='lat' dir='ltr'><strong>Nam</strong></span> <span class='ocrx_word' id='word_1_363' title='bbox 1653 3331 1722 3384; x_wconf 85' lang='lat' dir='ltr'><strong>ab</strong></span> <span class='ocrx_word' id='word_1_364' title='bbox 1766 3331 1833 3386; x_wconf 87' lang='lat' dir='ltr'><strong>iis</strong></span> <span class='ocrx_word' id='word_1_365' title='bbox 1870 3331 2036 3385; x_wconf 87' lang='lat' dir='ltr'><strong>rebus</strong></span> 
     </span>
    </p>
   </div>
   <div class='ocr_carea' id='block_1_52' title="bbox 449 3422 2036 3496">
    <p class='ocr_par' dir='ltr' id='par_1_52' title="bbox 449 3422 2036 3496">
     <span class='ocr_line' id='line_1_52' title="bbox 449 3422 2036 3496; baseline -0.003 -18"><span class='ocrx_word' id='word_1_366' title='bbox 449 3442 570 3496; x_wconf 68' lang='lat' dir='ltr'><strong>quae</strong></span> <span class='ocrx_word' id='word_1_367' title='bbox 597 3426 799 3480; x_wconf 86' lang='lat' dir='ltr'><strong>cadunt</strong></span> <span class='ocrx_word' id='word_1_368' title='bbox 827 3428 927 3479; x_wconf 91' lang='lat' dir='ltr'><strong>sub</strong></span> <span class='ocrx_word' id='word_1_369' title='bbox 956 3439 1203 3488; x_wconf 89' lang='lat' dir='ltr'><strong>sensum,</strong></span> <span class='ocrx_word' id='word_1_370' title='bbox 1233 3422 1504 3490; x_wconf 68' lang='lat' dir='ltr'><strong>coniicere</strong></span> <span class='ocrx_word' id='word_1_371' title='bbox 1535 3431 1753 3492; x_wconf 88' lang='lat' dir='ltr'><strong>oportet</strong></span> <span class='ocrx_word' id='word_1_372' title='bbox 1798 3437 1860 3476; x_wconf 89' lang='lat' dir='ltr'><strong>ea</strong></span> <span class='ocrx_word' id='word_1_373' title='bbox 1914 3437 2036 3490; x_wconf 70' lang='lat' dir='ltr'><strong>quae</strong></span> 
     </span>
    </p>
   </div>
   <div class='ocr_carea' id='block_1_53' title="bbox 450 3514 2037 3586">
    <p class='ocr_par' dir='ltr' id='par_1_53' title="bbox 450 3514 2037 3586">
     <span class='ocr_line' id='line_1_53' title="bbox 450 3514 2037 3586; baseline -0.004 -13"><span class='ocrx_word' id='word_1_374' title='bbox 450 3519 622 3574; x_wconf 86' lang='lat' dir='ltr'><strong>videri</strong></span> <span class='ocrx_word' id='word_1_375' title='bbox 655 3533 765 3571; x_wconf 91' lang='lat' dir='ltr'><strong>uou</strong></span> <span class='ocrx_word' id='word_1_376' title='bbox 805 3525 1054 3586; x_wconf 82' lang='lat' dir='ltr'><strong>possunt.</strong></span> <span class='ocrx_word' id='word_1_377' title='bbox 1118 3515 1322 3569; x_wconf 79' lang='lat' dir='ltr'><strong>Acriter</strong></span> <span class='ocrx_word' id='word_1_378' title='bbox 1383 3515 1522 3568; x_wconf 88' lang='lat' dir='ltr'><strong>enim</strong></span> <span class='ocrx_word' id='word_1_379' title='bbox 1577 3531 1645 3568; x_wconf 90' lang='lat' dir='ltr'><strong>ac</strong></span> <span class='ocrx_word' id='word_1_380' title='bbox 1708 3514 2037 3568; x_wconf 77' lang='lat' dir='ltr'><strong>vehementer</strong></span> 
     </span>
    </p>
   </div>
   <div class='ocr_carea' id='block_1_54' title="bbox 450 3604 2037 3680">
    <p class='ocr_par' dir='ltr' id='par_1_54' title="bbox 450 3604 2037 3680">
     <span class='ocr_line' id='line_1_54' title="bbox 450 3604 2037 3680; baseline -0.003 -17"><span class='ocrx_word' id='word_1_381' title='bbox 450 3609 756 3680; x_wconf 78' lang='lat' dir='ltr'><strong>confutabat</strong></span> <span class='ocrx_word' id='word_1_382' title='bbox 782 3608 996 3662; x_wconf 75' lang='lat' dir='ltr'><strong>Judreas</strong></span> <span class='ocrx_word' id='word_1_383' title='bbox 1019 3606 1244 3676; x_wconf 81' lang='lat' dir='ltr'><strong>publice.</strong></span> <span class='ocrx_word' id='word_1_384' title='bbox 1282 3605 1358 3657; x_wconf 87' lang='lat' dir='ltr'><strong>Eo</strong></span> <span class='ocrx_word' id='word_1_385' title='bbox 1384 3604 1527 3674; x_wconf 88' lang='lat' dir='ltr'><strong>quod</strong></span> <span class='ocrx_word' id='word_1_386' title='bbox 1560 3604 1779 3674; x_wconf 86' lang='lat' dir='ltr'><strong>publice</strong></span> <span class='ocrx_word' id='word_1_387' title='bbox 1801 3604 2037 3658; x_wconf 87' lang='lat' dir='ltr'><strong>convin-</strong></span> 
     </span>
    </p>
   </div>
   <div class='ocr_carea' id='block_1_55' title="bbox 450 3691 2040 3764">
    <p class='ocr_par' dir='ltr' id='par_1_55' title="bbox 450 3691 2040 3764">
     <span class='ocr_line' id='line_1_55' title="bbox 450 3691 2040 3764; baseline -0.004 -12"><span class='ocrx_word' id='word_1_388' title='bbox 450 3698 638 3762; x_wconf 87' lang='lat' dir='ltr'><strong>cebat,</strong></span> <span class='ocrx_word' id='word_1_389' title='bbox 673 3697 870 3764; x_wconf 78' lang='lat' dir='ltr'><strong>lingua:</strong></span> <span class='ocrx_word' id='word_1_390' title='bbox 912 3695 1136 3748; x_wconf 80' lang='lat' dir='ltr'><strong>libertas</strong></span> <span class='ocrx_word' id='word_1_391' title='bbox 1169 3691 1564 3747; x_wconf 83' lang='lat' dir='ltr'><strong>ostendebatur</strong></span> <span class='ocrx_word' id='word_1_392' title='bbox 1591 3707 1605 3749; x_wconf 85' lang='lat'><strong>:</strong></span> <span class='ocrx_word' id='word_1_393' title='bbox 1635 3706 1700 3745; x_wconf 91' lang='lat' dir='ltr'><strong>eo</strong></span> <span class='ocrx_word' id='word_1_394' title='bbox 1725 3691 1869 3761; x_wconf 89' lang='lat' dir='ltr'><strong>quod</strong></span> <span class='ocrx_word' id='word_1_395' title='bbox 1895 3693 2040 3746; x_wconf 88' lang='lat' dir='ltr'><strong>acri-</strong></span> 
     </span>
    </p>
   </div>
   <div class='ocr_carea' id='block_1_56' title="bbox 2134 1955 3710 2030">
    <p class='ocr_par' dir='ltr' id='par_1_56' title="bbox 2134 1955 3710 2030">
     <span class='ocr_line' id='line_1_56' title="bbox 2134 1955 3710 2030; baseline 0.003 -22"><span class='ocrx_word' id='word_1_396' title='bbox 2134 1955 2509 2010; x_wconf 85' lang='grc' dir='ltr'>ἀποπλύνεται</span> <span class='ocrx_word' id='word_1_397' title='bbox 2534 1958 2644 2014; x_wconf 82' lang='grc' dir='ltr'><strong>ἀπὸ</strong></span> <span class='ocrx_word' id='word_1_398' title='bbox 2680 1960 2776 2030; x_wconf 83' lang='grc' dir='ltr'>τῆς</span> <span class='ocrx_word' id='word_1_399' title='bbox 2804 1959 3160 2030; x_wconf 77' lang='grc' dir='ltr'>προῦποὺσης</span> <span class='ocrx_word' id='word_1_400' title='bbox 3190 1959 3339 2030; x_wconf 83' lang='grc' dir='ltr'>αὐτῷ</span> <span class='ocrx_word' id='word_1_401' title='bbox 3386 1959 3710 2030; x_wconf 82' lang='grc' dir='ltr'>θρησκείας.</span> 
     </span>
    </p>
   </div>
   <div class='ocr_carea' id='block_1_57' title="bbox 2133 2044 3711 2120">
    <p class='ocr_par' dir='ltr' id='par_1_57' title="bbox 2133 2044 3711 2120">
     <span class='ocr_line' id='line_1_57' title="bbox 2133 2044 3711 2120; baseline 0.002 -20"><span class='ocrx_word' id='word_1_402' title='bbox 2133 2047 2195 2100; x_wconf 84' lang='lat' dir='ltr'><strong>Ei</strong></span> <span class='ocrx_word' id='word_1_403' title='bbox 2229 2047 2284 2101; x_wconf 82' lang='grc' dir='ltr'>δὲ</span> <span class='ocrx_word' id='word_1_404' title='bbox 2314 2047 2416 2101; x_wconf 81' lang='grc' dir='ltr'><strong>οὐκ</strong></span> <span class='ocrx_word' id='word_1_405' title='bbox 2445 2044 2592 2120; x_wconf 77' lang='grc' dir='ltr'>εἶχον</span> <span class='ocrx_word' id='word_1_406' title='bbox 2624 2050 2848 2120; x_wconf 78' lang='grc' dir='ltr'>Πνεῦμα</span> <span class='ocrx_word' id='word_1_407' title='bbox 2884 2052 3042 2119; x_wconf 79' lang='grc' dir='ltr'>ἅγιον</span> <span class='ocrx_word' id='word_1_408' title='bbox 3072 2054 3124 2106; x_wconf 77' lang='grc' dir='ltr'>οἱ</span> <span class='ocrx_word' id='word_1_409' title='bbox 3162 2051 3272 2105; x_wconf 81' lang='grc' dir='ltr'><strong>ἀπὸ</strong></span> <span class='ocrx_word' id='word_1_410' title='bbox 3305 2052 3558 2106; x_wconf 84' lang='grc' dir='ltr'>Ἰωάννου</span> <span class='ocrx_word' id='word_1_411' title='bbox 3613 2051 3711 2120; x_wconf 85' lang='grc' dir='ltr'>βα-</span> 
     </span>
    </p>
   </div>
   <div class='ocr_carea' id='block_1_58' title="bbox 2132 2139 3712 2214">
    <p class='ocr_par' dir='ltr' id='par_1_58' title="bbox 2132 2139 3712 2214">
     <span class='ocr_line' id='line_1_58' title="bbox 2132 2139 3712 2214; baseline 0.003 -23"><span class='ocrx_word' id='word_1_412' title='bbox 2132 2139 2476 2206; x_wconf 83' lang='grc' dir='ltr'>πτισθέντες,</span> <span class='ocrx_word' id='word_1_413' title='bbox 2505 2142 2622 2205; x_wconf 84' lang='grc' dir='ltr'><strong>πῶς</strong></span> <span class='ocrx_word' id='word_1_414' title='bbox 2651 2144 2679 2196; x_wconf 83' lang='grc' dir='ltr'>ὁ</span> <span class='ocrx_word' id='word_1_415' title='bbox 2723 2143 2984 2214; x_wconf 73' lang='grc' dir='ltr'>Ἀπελλῆς</span> <span class='ocrx_word' id='word_1_416' title='bbox 3032 2143 3192 2213; x_wconf 83' lang='grc' dir='ltr'>μόνον</span> <span class='ocrx_word' id='word_1_417' title='bbox 3221 2145 3301 2208; x_wconf 76' lang='grc' dir='ltr'>εἰς</span> <span class='ocrx_word' id='word_1_418' title='bbox 3349 2145 3408 2196; x_wconf 79' lang='grc' dir='ltr'>τὸ</span> <span class='ocrx_word' id='word_1_419' title='bbox 3462 2143 3712 2198; x_wconf 77' lang='grc' dir='ltr'>Ἰωάννου</span> 
     </span>
    </p>
   </div>
   <div class='ocr_carea' id='block_1_59' title="bbox 2135 2226 3714 2305">
    <p class='ocr_par' dir='ltr' id='par_1_59' title="bbox 2135 2226 3714 2305">
     <span class='ocr_line' id='line_1_59' title="bbox 2135 2226 3714 2305; baseline 0.004 -24"><span class='ocrx_word' id='word_1_420' title='bbox 2135 2226 2424 2298; x_wconf 82' lang='grc' dir='ltr'>βάπτισμα</span> <span class='ocrx_word' id='word_1_421' title='bbox 2465 2231 2806 2298; x_wconf 74' lang='grc' dir='ltr'>βαπτισθεὶς,</span> <span class='ocrx_word' id='word_1_422' title='bbox 2836 2232 2954 2296; x_wconf 76' lang='grc' dir='ltr'>ἔζεε</span> <span class='ocrx_word' id='word_1_423' title='bbox 2993 2233 3072 2303; x_wconf 81' lang='grc' dir='ltr'><strong>τῷ</strong></span> <span class='ocrx_word' id='word_1_424' title='bbox 3099 2233 3416 2305; x_wconf 62' lang='lat' dir='ltr'><strong>&quot;vatiuati;</strong></span> <span class='ocrx_word' id='word_1_425' title='bbox 3443 2233 3585 2288; x_wconf 80' lang='grc' dir='ltr'>Ἀλλ’</span> <span class='ocrx_word' id='word_1_426' title='bbox 3617 2229 3714 2288; x_wconf 75' lang='grc' dir='ltr'>οὖν</span> 
     </span>
    </p>
   </div>
   <div class='ocr_carea' id='block_1_60' title="bbox 2134 2319 3713 2397">
    <p class='ocr_par' dir='ltr' id='par_1_60' title="bbox 2134 2319 3713 2397">
     <span class='ocr_line' id='line_1_60' title="bbox 2134 2319 3713 2397; baseline 0.006 -26"><span class='ocrx_word' id='word_1_427' title='bbox 2134 2321 2182 2371; x_wconf 79' lang='grc' dir='ltr'>εἰ</span> <span class='ocrx_word' id='word_1_428' title='bbox 2216 2321 2308 2372; x_wconf 74' lang='grc' dir='ltr'><strong>καὶ</strong></span> <span class='ocrx_word' id='word_1_429' title='bbox 2333 2319 2450 2380; x_wconf 76' lang='grc' dir='ltr'>ἔζεε</span> <span class='ocrx_word' id='word_1_430' title='bbox 2483 2321 2560 2392; x_wconf 83' lang='grc' dir='ltr'><strong>τῷ</strong></span> <span class='ocrx_word' id='word_1_431' title='bbox 2610 2323 2911 2392; x_wconf 84' lang='grc' dir='ltr'>Πνεύματι,</span> <span class='ocrx_word' id='word_1_432' title='bbox 2941 2323 3163 2394; x_wconf 78' lang='grc' dir='ltr'>Πνεῦμα</span> <span class='ocrx_word' id='word_1_433' title='bbox 3215 2325 3370 2394; x_wconf 82' lang='grc' dir='ltr'>ἆγιον</span> <span class='ocrx_word' id='word_1_434' title='bbox 3412 2327 3512 2379; x_wconf 82' lang='grc' dir='ltr'>οὐκ</span> <span class='ocrx_word' id='word_1_435' title='bbox 3544 2321 3713 2397; x_wconf 76' lang='grc' dir='ltr'>εἶχεν.</span> 
     </span>
    </p>
   </div>
   <div class='ocr_carea' id='block_1_61' title="bbox 2135 2409 3716 2488">
    <p class='ocr_par' dir='ltr' id='par_1_61' title="bbox 2135 2409 3716 2488">
     <span class='ocr_line' id='line_1_61' title="bbox 2135 2409 3716 2488; baseline 0.004 -25"><span class='ocrx_word' id='word_1_436' title='bbox 2135 2409 2275 2464; x_wconf 74' lang='grc' dir='ltr'>Οὔτε</span> <span class='ocrx_word' id='word_1_437' title='bbox 2306 2413 2414 2481; x_wconf 82' lang='grc' dir='ltr'><strong>γὰρ</strong></span> <span class='ocrx_word' id='word_1_438' title='bbox 2449 2413 2724 2479; x_wconf 74' lang='grc' dir='ltr'>γλώσσαις</span> <span class='ocrx_word' id='word_1_439' title='bbox 2761 2416 3104 2481; x_wconf 76' lang='grc' dir='ltr'>ἐλάλει,οὕτε</span> <span class='ocrx_word' id='word_1_440' title='bbox 3135 2419 3526 2488; x_wconf 81' lang='grc' dir='ltr'>προεφήτευεν.</span> <span class='ocrx_word' id='word_1_441' title='bbox 3552 2419 3716 2471; x_wconf 81' lang='grc' dir='ltr'>’Λλλο</span> 
     </span>
    </p>
   </div>
   <div class='ocr_carea' id='block_1_62' title="bbox 2133 2502 3716 2579">
    <p class='ocr_par' dir='ltr' id='par_1_62' title="bbox 2133 2502 3716 2579">
     <span class='ocr_line' id='line_1_62' title="bbox 2133 2502 3716 2579; baseline 0.003 -24"><span class='ocrx_word' id='word_1_442' title='bbox 2133 2502 2192 2555; x_wconf 85' lang='grc' dir='ltr'><em>δέ</em></span> <span class='ocrx_word' id='word_1_443' title='bbox 2225 2504 2341 2556; x_wconf 76' lang='grc' dir='ltr'>ἐστι</span> <span class='ocrx_word' id='word_1_444' title='bbox 2380 2504 2441 2556; x_wconf 75' lang='grc' dir='ltr'>τὸ</span> <span class='ocrx_word' id='word_1_445' title='bbox 2498 2503 2642 2568; x_wconf 79' lang='grc' dir='ltr'>ζέειν</span> <span class='ocrx_word' id='word_1_446' title='bbox 2697 2507 2773 2575; x_wconf 78' lang='grc' dir='ltr'><strong>τῷ</strong></span> <span class='ocrx_word' id='word_1_447' title='bbox 2808 2507 3108 2577; x_wconf 86' lang='grc' dir='ltr'>Πνεύματι,</span> <span class='ocrx_word' id='word_1_448' title='bbox 3163 2509 3258 2562; x_wconf 77' lang='grc' dir='ltr'><strong>καὶ</strong></span> <span class='ocrx_word' id='word_1_449' title='bbox 3296 2508 3424 2561; x_wconf 82' lang='grc' dir='ltr'>ἄλλο</span> <span class='ocrx_word' id='word_1_450' title='bbox 3451 2508 3513 2560; x_wconf 81' lang='grc' dir='ltr'><strong>τὺ</strong></span> <span class='ocrx_word' id='word_1_451' title='bbox 3565 2509 3716 2579; x_wconf 81' lang='grc' dir='ltr'>σχεῖν</span> 
     </span>
    </p>
   </div>
   <div class='ocr_carea' id='block_1_63' title="bbox 2136 2594 3717 2671">
    <p class='ocr_par' dir='ltr' id='par_1_63' title="bbox 2136 2594 3717 2671">
     <span class='ocr_line' id='line_1_63' title="bbox 2136 2594 3717 2671; baseline 0.003 -22"><span class='ocrx_word' id='word_1_452' title='bbox 2136 2594 2361 2666; x_wconf 88' lang='grc' dir='ltr'>Πνεῦμα</span> <span class='ocrx_word' id='word_1_453' title='bbox 2399 2596 2575 2664; x_wconf 78' lang='grc' dir='ltr'>ἅγιον.</span> <span class='ocrx_word' id='word_1_454' title='bbox 2646 2599 2706 2650; x_wconf 90' lang='lat' dir='ltr'><strong>&#39;O</strong></span> <span class='ocrx_word' id='word_1_455' title='bbox 2747 2599 2886 2668; x_wconf 77' lang='grc' dir='ltr'>ἔχων</span> <span class='ocrx_word' id='word_1_456' title='bbox 2933 2600 3162 2669; x_wconf 80' lang='grc' dir='ltr'>Πνεῦμα</span> <span class='ocrx_word' id='word_1_457' title='bbox 3207 2600 3384 2667; x_wconf 77' lang='grc' dir='ltr'>ἆγιον,</span> <span class='ocrx_word' id='word_1_458' title='bbox 3417 2600 3531 2671; x_wconf 79' lang='grc' dir='ltr'>ἕχει</span> <span class='ocrx_word' id='word_1_459' title='bbox 3581 2600 3717 2653; x_wconf 83' lang='grc' dir='ltr'>αὐτὸ</span> 
     </span>
    </p>
   </div>
   <div class='ocr_carea' id='block_1_64' title="bbox 2136 2685 3717 2758">
    <p class='ocr_par' dir='ltr' id='par_1_64' title="bbox 2136 2685 3717 2758">
     <span class='ocr_line' id='line_1_64' title="bbox 2136 2685 3717 2758; baseline 0.003 -21"><span class='ocrx_word' id='word_1_460' title='bbox 2136 2685 2381 2740; x_wconf 75' lang='grc' dir='ltr'>ἐνοικοῦν</span> <span class='ocrx_word' id='word_1_461' title='bbox 2416 2688 2472 2739; x_wconf 81' lang='grc' dir='ltr'>ὲν</span> <span class='ocrx_word' id='word_1_462' title='bbox 2505 2689 2673 2758; x_wconf 77' lang='grc' dir='ltr'>αὐτῷ,</span> <span class='ocrx_word' id='word_1_463' title='bbox 2707 2690 2802 2743; x_wconf 76' lang='grc' dir='ltr'><strong>καὶ</strong></span> <span class='ocrx_word' id='word_1_464' title='bbox 2829 2690 2983 2744; x_wconf 86' lang='grc' dir='ltr'>λαλεῖ</span> <span class='ocrx_word' id='word_1_465' title='bbox 3011 2691 3140 2744; x_wconf 81' lang='grc' dir='ltr'>αὐτὸ</span> <span class='ocrx_word' id='word_1_466' title='bbox 3158 2689 3216 2744; x_wconf 84' lang='grc' dir='ltr'><strong>τὺ</strong></span> <span class='ocrx_word' id='word_1_467' title='bbox 3250 2691 3476 2757; x_wconf 82' lang='grc' dir='ltr'>Πνεῦμα</span> <span class='ocrx_word' id='word_1_468' title='bbox 3512 2693 3575 2743; x_wconf 78' lang='grc' dir='ltr'><strong>ἐκ</strong></span> <span class='ocrx_word' id='word_1_469' title='bbox 3605 2689 3717 2743; x_wconf 86' lang='grc' dir='ltr'><strong>τῶν</strong></span> 
     </span>
    </p>
   </div>
   <div class='ocr_carea' id='block_1_65' title="bbox 2135 2777 3718 2849">
    <p class='ocr_par' dir='ltr' id='par_1_65' title="bbox 2135 2777 3718 2849">
     <span class='ocr_line' id='line_1_65' title="bbox 2135 2777 3718 2849; baseline 0.003 -19"><span class='ocrx_word' id='word_1_470' title='bbox 2135 2777 2360 2844; x_wconf 80' lang='grc' dir='ltr'>ἔσωθεν,</span> <span class='ocrx_word' id='word_1_471' title='bbox 2385 2781 2460 2842; x_wconf 81' lang='grc' dir='ltr'>ὡς</span> <span class='ocrx_word' id='word_1_472' title='bbox 2487 2780 2717 2849; x_wconf 84' lang='grc' dir='ltr'>ὲλάλησε</span> <span class='ocrx_word' id='word_1_473' title='bbox 2749 2785 2860 2846; x_wconf 79' lang='grc' dir='ltr'>τοῖς</span> <span class='ocrx_word' id='word_1_474' title='bbox 2891 2782 3226 2845; x_wconf 83' lang='grc' dir='ltr'>ἀποστόλοις,</span> <span class='ocrx_word' id='word_1_475' title='bbox 3285 2781 3493 2836; x_wconf 86' lang='grc' dir='ltr'>κωλύον</span> <span class='ocrx_word' id='word_1_476' title='bbox 3518 2781 3718 2845; x_wconf 80' lang='grc' dir='ltr'>αὐτοὺς</span> 
     </span>
    </p>
   </div>
   <div class='ocr_carea' id='block_1_66' title="bbox 2133 2869 3714 2944">
    <p class='ocr_par' dir='ltr' id='par_1_66' title="bbox 2133 2869 3714 2944">
     <span class='ocr_line' id='line_1_66' title="bbox 2133 2869 3714 2944; baseline -0.001 -19"><span class='ocrx_word' id='word_1_477' title='bbox 2133 2872 2226 2925; x_wconf 77' lang='grc' dir='ltr'><strong>τὸν</strong></span> <span class='ocrx_word' id='word_1_478' title='bbox 2251 2871 2410 2938; x_wconf 75' lang='grc' dir='ltr'>λόγον</span> <span class='ocrx_word' id='word_1_479' title='bbox 2447 2875 2522 2942; x_wconf 79' lang='grc' dir='ltr'>μὴ</span> <span class='ocrx_word' id='word_1_480' title='bbox 2553 2873 2754 2937; x_wconf 81' lang='grc' dir='ltr'>λαλεῖν,</span> <span class='ocrx_word' id='word_1_481' title='bbox 2787 2874 2820 2944; x_wconf 82' lang='grc' dir='ltr'>ἢ</span> <span class='ocrx_word' id='word_1_482' title='bbox 2852 2873 3055 2926; x_wconf 84' lang='grc' dir='ltr'>λαλεῖν.</span> <span class='ocrx_word' id='word_1_483' title='bbox 3093 2873 3154 2926; x_wconf 90' lang='lat'><strong>&#39;0</strong></span> <span class='ocrx_word' id='word_1_484' title='bbox 3183 2874 3240 2926; x_wconf 83' lang='grc' dir='ltr'>δὲ</span> <span class='ocrx_word' id='word_1_485' title='bbox 3271 2874 3410 2937; x_wconf 76' lang='grc' dir='ltr'>ζέων</span> <span class='ocrx_word' id='word_1_486' title='bbox 3439 2872 3516 2942; x_wconf 84' lang='grc' dir='ltr'>τῷ</span> <span class='ocrx_word' id='word_1_487' title='bbox 3547 2869 3714 2926; x_wconf 75' lang='grc' dir='ltr'>Πνεῦ-</span> 
     </span>
    </p>
   </div>
   <div class='ocr_carea' id='block_1_67' title="bbox 2139 2962 3718 3034">
    <p class='ocr_par' dir='ltr' id='par_1_67' title="bbox 2139 2962 3718 3034">
     <span class='ocr_line' id='line_1_67' title="bbox 2139 2962 3718 3034; baseline -0.002 -17"><span class='ocrx_word' id='word_1_488' title='bbox 2139 2981 2289 3034; x_wconf 87' lang='grc' dir='ltr'>ματι,</span> <span class='ocrx_word' id='word_1_489' title='bbox 2335 2964 2402 3016; x_wconf 88' lang='grc' dir='ltr'><strong>δι’</strong></span> <span class='ocrx_word' id='word_1_490' title='bbox 2456 2964 2775 3033; x_wconf 78' lang='grc' dir='ltr'>ἐλλάμψεως</span> <span class='ocrx_word' id='word_1_491' title='bbox 2831 2965 2927 3017; x_wconf 79' lang='grc' dir='ltr'><strong>καὶ</strong></span> <span class='ocrx_word' id='word_1_492' title='bbox 2989 2964 3306 3034; x_wconf 82' lang='grc' dir='ltr'>προτροπῆς</span> <span class='ocrx_word' id='word_1_493' title='bbox 3359 2963 3460 3033; x_wconf 77' lang='grc' dir='ltr'>τῆς</span> <span class='ocrx_word' id='word_1_494' title='bbox 3514 2962 3718 3026; x_wconf 78' lang='grc' dir='ltr'>ἔξωθεν</span> 
     </span>
    </p>
   </div>
   <div class='ocr_carea' id='block_1_68' title="bbox 2136 3055 3719 3128">
    <p class='ocr_par' dir='ltr' id='par_1_68' title="bbox 2136 3055 3719 3128">
     <span class='ocr_line' id='line_1_68' title="bbox 2136 3055 3719 3128; baseline -0.002 -20"><span class='ocrx_word' id='word_1_495' title='bbox 2136 3057 2378 3127; x_wconf 72' lang='grc' dir='ltr'>ἐπραττὲ</span> <span class='ocrx_word' id='word_1_496' title='bbox 2429 3074 2480 3108; x_wconf 79' lang='grc' dir='ltr'><strong>τι</strong></span> <span class='ocrx_word' id='word_1_497' title='bbox 2509 3057 2875 3128; x_wconf 80' lang='grc' dir='ltr'>ὁδηγούμενος</span> <span class='ocrx_word' id='word_1_498' title='bbox 2913 3056 3019 3109; x_wconf 83' lang='grc' dir='ltr'><strong>ὑπὸ</strong></span> <span class='ocrx_word' id='word_1_499' title='bbox 3073 3055 3167 3109; x_wconf 86' lang='grc' dir='ltr'><strong>τοῦ</strong></span> <span class='ocrx_word' id='word_1_500' title='bbox 3206 3055 3545 3126; x_wconf 78' lang='grc' dir='ltr'>Πνεῦματος.</span> <span class='ocrx_word' id='word_1_501' title='bbox 3581 3055 3719 3107; x_wconf 74' lang='grc' dir='ltr'>’Λπὸ</span> 
     </span>
    </p>
   </div>
   <div class='ocr_carea' id='block_1_69' title="bbox 2139 3148 3716 3220">
    <p class='ocr_par' dir='ltr' id='par_1_69' title="bbox 2139 3148 3716 3220">
     <span class='ocr_line' id='line_1_69' title="bbox 2139 3148 3716 3220; baseline 0 -19"><span class='ocrx_word' id='word_1_502' title='bbox 2139 3149 2246 3220; x_wconf 78' lang='grc' dir='ltr'><strong>γὰρ</strong></span> <span class='ocrx_word' id='word_1_503' title='bbox 2272 3149 2379 3201; x_wconf 91' lang='grc' dir='ltr'><strong>τῶν</strong></span> <span class='ocrx_word' id='word_1_504' title='bbox 2411 3148 2706 3218; x_wconf 81' lang='grc' dir='ltr'>αἰσθητῶν,</span> <span class='ocrx_word' id='word_1_505' title='bbox 2740 3148 2810 3201; x_wconf 73' lang='grc' dir='ltr'>τὰ</span> <span class='ocrx_word' id='word_1_506' title='bbox 2839 3149 3048 3218; x_wconf 81' lang='grc' dir='ltr'>ἀόρατα</span> <span class='ocrx_word' id='word_1_507' title='bbox 3071 3148 3153 3200; x_wconf 84' lang='grc' dir='ltr'>δεῖ</span> <span class='ocrx_word' id='word_1_508' title='bbox 3181 3148 3562 3218; x_wconf 79' lang='grc' dir='ltr'>στοχάζεσθαι.</span> <span class='ocrx_word' id='word_1_509' title='bbox 3600 3148 3716 3201; x_wconf 85' lang='grc' dir='ltr'><strong>Εὐ-</strong></span> 
     </span>
    </p>
   </div>
   <div class='ocr_carea' id='block_1_70' title="bbox 2136 3238 3716 3310">
    <p class='ocr_par' dir='ltr' id='par_1_70' title="bbox 2136 3238 3716 3310">
     <span class='ocr_line' id='line_1_70' title="bbox 2136 3238 3716 3310; baseline -0.001 -17"><span class='ocrx_word' id='word_1_510' title='bbox 2136 3243 2327 3305; x_wconf 85' lang='grc' dir='ltr'>τόνως</span> <span class='ocrx_word' id='word_1_511' title='bbox 2350 3240 2471 3304; x_wconf 84' lang='grc' dir='ltr'>τοῖς</span> <span class='ocrx_word' id='word_1_512' title='bbox 2520 3240 2837 3306; x_wconf 81' lang='grc' dir='ltr'>Ἰουδαίοις</span> <span class='ocrx_word' id='word_1_513' title='bbox 2886 3239 3396 3310; x_wconf 78' lang='grc' dir='ltr'>διακατηλέγχετο</span> <span class='ocrx_word' id='word_1_514' title='bbox 3433 3238 3716 3308; x_wconf 79' lang='grc' dir='ltr'>δημοσίᾳ.</span> 
     </span>
    </p>
   </div>
   <div class='ocr_carea' id='block_1_71' title="bbox 2136 3328 3721 3403">
    <p class='ocr_par' dir='ltr' id='par_1_71' title="bbox 2136 3328 3721 3403">
     <span class='ocr_line' id='line_1_71' title="bbox 2136 3328 3721 3403; baseline -0.003 -19"><span class='ocrx_word' id='word_1_515' title='bbox 2136 3333 2209 3384; x_wconf 87' lang='grc' dir='ltr'><strong>Τὸ</strong></span> <span class='ocrx_word' id='word_1_516' title='bbox 2239 3333 2284 3362; x_wconf 65' lang='grc' dir='ltr'>δ’*</span> <span class='ocrx_word' id='word_1_517' title='bbox 2310 3333 2408 3402; x_wconf 84' lang='grc' dir='ltr'>μὲν</span> <span class='ocrx_word' id='word_1_518' title='bbox 2445 3328 2536 3386; x_wconf 78' lang='grc' dir='ltr'><strong>οῦν</strong></span> <span class='ocrx_word' id='word_1_519' title='bbox 2572 3332 2808 3403; x_wconf 74' lang='grc' dir='ltr'>δημοσίᾳ</span> <span class='ocrx_word' id='word_1_520' title='bbox 2865 3332 3107 3402; x_wconf 81' lang='grc' dir='ltr'>ἐλέγχειν</span> <span class='ocrx_word' id='word_1_521' title='bbox 3148 3333 3181 3401; x_wconf 85' lang='grc' dir='ltr'><strong>ή</strong></span> <span class='ocrx_word' id='word_1_522' title='bbox 3237 3329 3520 3403; x_wconf 66' lang='grc' dir='ltr'>παρρησία</span> <span class='ocrx_word' id='word_1_523' title='bbox 3583 3329 3721 3382; x_wconf 76' lang='grc' dir='ltr'>ἐδεί-</span> 
     </span>
    </p>
   </div>
   <div class='ocr_carea' id='block_1_72' title="bbox 2137 3418 3722 3491">
    <p class='ocr_par' dir='ltr' id='par_1_72' title="bbox 2137 3418 3722 3491">
     <span class='ocr_line' id='line_1_72' title="bbox 2137 3418 3722 3491; baseline -0.004 -16"><span class='ocrx_word' id='word_1_524' title='bbox 2137 3439 2300 3475; x_wconf 85' lang='grc' dir='ltr'>κνυτο</span> <span class='ocrx_word' id='word_1_525' title='bbox 2322 3437 2335 3451; x_wconf 75' lang='grc' dir='ltr'><strong><em>ο</em></strong></span> <span class='ocrx_word' id='word_1_526' title='bbox 2378 3422 2438 3474; x_wconf 82' lang='grc' dir='ltr'>τὸ</span> <span class='ocrx_word' id='word_1_527' title='bbox 2495 3423 2551 3475; x_wconf 83' lang='grc' dir='ltr'>δὲ</span> <span class='ocrx_word' id='word_1_528' title='bbox 2610 3421 2798 3489; x_wconf 67' lang='grc' dir='ltr'>σαφῶς</span> <span class='ocrx_word' id='word_1_529' title='bbox 2827 3423 2894 3486; x_wconf 67' lang='grc' dir='ltr'>δ’,</span> <span class='ocrx_word' id='word_1_530' title='bbox 2959 3424 2993 3491; x_wconf 84' lang='grc' dir='ltr'><strong>ἡ</strong></span> <span class='ocrx_word' id='word_1_531' title='bbox 3025 3421 3256 3490; x_wconf 84' lang='grc' dir='ltr'>δύναμις</span> <span class='ocrx_word' id='word_1_532' title='bbox 3281 3418 3566 3489; x_wconf 78' lang='grc' dir='ltr'>ἐδηλοῦτο’</span> <span class='ocrx_word' id='word_1_533' title='bbox 3590 3418 3651 3470; x_wconf 79' lang='grc' dir='ltr'>τὸ</span> <span class='ocrx_word' id='word_1_534' title='bbox 3673 3418 3722 3451; x_wconf 75' lang='grc'><strong>⁵⁸</strong></span> 
     </span>
    </p>
   </div>
   <div class='ocr_carea' id='block_1_73' title="bbox 2140 3510 3719 3584">
    <p class='ocr_par' dir='ltr' id='par_1_73' title="bbox 2140 3510 3719 3584">
     <span class='ocr_line' id='line_1_73' title="bbox 2140 3510 3719 3584; baseline -0.001 -20"><span class='ocrx_word' id='word_1_535' title='bbox 2140 3513 2199 3565; x_wconf 81' lang='grc' dir='ltr'>δὲ</span> <span class='ocrx_word' id='word_1_536' title='bbox 2233 3514 2297 3565; x_wconf 81' lang='grc' dir='ltr'><strong>ἐκ</strong></span> <span class='ocrx_word' id='word_1_537' title='bbox 2325 3513 2432 3565; x_wconf 88' lang='grc' dir='ltr'><strong>τῶν</strong></span> <span class='ocrx_word' id='word_1_538' title='bbox 2467 3513 2710 3584; x_wconf 77' lang='grc' dir='ltr'>Γραφῶν</span> <span class='ocrx_word' id='word_1_539' title='bbox 2753 3514 3123 3567; x_wconf 78' lang='grc' dir='ltr'>ἐπιδείκνυσιν</span> <span class='ocrx_word' id='word_1_540' title='bbox 3179 3514 3212 3582; x_wconf 74' lang='grc' dir='ltr'><strong>ἡ</strong></span> <span class='ocrx_word' id='word_1_541' title='bbox 3255 3511 3539 3582; x_wconf 78' lang='grc' dir='ltr'>ἐμπειρία.</span> <span class='ocrx_word' id='word_1_542' title='bbox 3579 3510 3719 3564; x_wconf 80' lang='grc' dir='ltr'>Οὔτε</span> 
     </span>
    </p>
   </div>
   <div class='ocr_carea' id='block_1_74' title="bbox 2138 3601 3718 3675">
    <p class='ocr_par' dir='ltr' id='par_1_74' title="bbox 2138 3601 3718 3675">
     <span class='ocr_line' id='line_1_74' title="bbox 2138 3601 3718 3675; baseline -0.001 -19"><span class='ocrx_word' id='word_1_543' title='bbox 2138 3603 2304 3672; x_wconf 78' lang='grc' dir='ltr'><strong>γὰρὴ</strong></span> <span class='ocrx_word' id='word_1_544' title='bbox 2337 3605 2619 3675; x_wconf 70' lang='grc' dir='ltr'>παρρησία</span> <span class='ocrx_word' id='word_1_545' title='bbox 2655 3621 2707 3657; x_wconf 85' lang='grc' dir='ltr'><strong>τι</strong></span> <span class='ocrx_word' id='word_1_546' title='bbox 2749 3604 2992 3657; x_wconf 84' lang='grc' dir='ltr'>συντελεῖ</span> <span class='ocrx_word' id='word_1_547' title='bbox 3042 3604 3142 3658; x_wconf 83' lang='grc' dir='ltr'><strong>οὐκ</strong></span> <span class='ocrx_word' id='word_1_548' title='bbox 3190 3601 3355 3672; x_wconf 77' lang='grc' dir='ltr'>οὔσης</span> <span class='ocrx_word' id='word_1_549' title='bbox 3410 3603 3718 3673; x_wconf 79' lang='grc' dir='ltr'>δυνάμεως,</span> 
     </span>
    </p>
   </div>
   <div class='ocr_carea' id='block_1_75' title="bbox 2146 3693 3294 3767">
    <p class='ocr_par' dir='ltr' id='par_1_75' title="bbox 2146 3693 3294 3767">
     <span class='ocr_line' id='line_1_75' title="bbox 2146 3693 3294 3767; baseline 0.002 -20"><span class='ocrx_word' id='word_1_550' title='bbox 2146 3693 2272 3747; x_wconf 77' lang='grc' dir='ltr'>οὕτε</span> <span class='ocrx_word' id='word_1_551' title='bbox 2298 3696 2331 3765; x_wconf 86' lang='grc' dir='ltr'>ὴ</span> <span class='ocrx_word' id='word_1_552' title='bbox 2361 3694 2612 3766; x_wconf 77' lang='grc' dir='ltr'>δύναμις.</span> <span class='ocrx_word' id='word_1_553' title='bbox 2641 3697 2742 3750; x_wconf 84' lang='grc' dir='ltr'><strong>οὑκ</strong></span> <span class='ocrx_word' id='word_1_554' title='bbox 2763 3695 2928 3766; x_wconf 81' lang='grc' dir='ltr'>οῦσης</span> <span class='ocrx_word' id='word_1_555' title='bbox 2958 3697 3294 3767; x_wconf 75' lang='grc' dir='ltr'>παρρησίας.</span> 
     </span>
    </p>
   </div>
   <div class='ocr_carea' id='block_1_76' title="bbox 452 3785 3721 3862">
    <p class='ocr_par' dir='ltr' id='par_1_76' title="bbox 452 3785 3721 3862">
     <span class='ocr_line' id='line_1_76' title="bbox 452 3785 3721 3862; baseline -0.002 -15"><span class='ocrx_word' id='word_1_556' title='bbox 452 3804 534 3848; x_wconf 90' lang='lat' dir='ltr'><strong>ter</strong></span> <span class='ocrx_word' id='word_1_557' title='bbox 575 3792 821 3860; x_wconf 87' lang='lat' dir='ltr'><strong>potentia</strong></span> <span class='ocrx_word' id='word_1_558' title='bbox 852 3786 1228 3843; x_wconf 88' lang='lat' dir='ltr'><strong>declarabatur</strong></span> <span class='ocrx_word' id='word_1_559' title='bbox 1267 3804 1282 3840; x_wconf 88' lang='lat'><strong>:</strong></span> <span class='ocrx_word' id='word_1_560' title='bbox 1326 3801 1392 3840; x_wconf 88' lang='lat' dir='ltr'><strong>eo</strong></span> <span class='ocrx_word' id='word_1_561' title='bbox 1417 3786 1563 3853; x_wconf 89' lang='lat' dir='ltr'><strong>quod</strong></span> <span class='ocrx_word' id='word_1_562' title='bbox 1599 3801 1666 3840; x_wconf 78' lang='lat' dir='ltr'><strong>ex</strong></span> <span class='ocrx_word' id='word_1_563' title='bbox 1729 3785 2029 3856; x_wconf 87' lang='lat' dir='ltr'><strong>Seripturis</strong></span> <span class='ocrx_word' id='word_1_564' title='bbox 2077 3789 2274 3859; x_wconf 88' lang='lat' dir='ltr'><strong>peritia</strong></span> <span class='ocrx_word' id='word_1_565' title='bbox 2308 3791 2806 3846; x_wconf 89' lang='lat' dir='ltr'><strong>demonstrabalur.</strong></span> <span class='ocrx_word' id='word_1_566' title='bbox 2866 3791 3054 3862; x_wconf 79' lang='lat' dir='ltr'><strong>Neque</strong></span> <span class='ocrx_word' id='word_1_567' title='bbox 3111 3792 3256 3844; x_wconf 89' lang='lat' dir='ltr'><strong>enim</strong></span> <span class='ocrx_word' id='word_1_568' title='bbox 3292 3790 3491 3858; x_wconf 72' lang='lat' dir='ltr'><strong>lingua:</strong></span> <span class='ocrx_word' id='word_1_569' title='bbox 3557 3789 3721 3845; x_wconf 86' lang='lat' dir='ltr'><strong>liber-</strong></span> 
     </span>
    </p>
   </div>
   <div class='ocr_carea' id='block_1_77' title="bbox 454 3879 1738 3955">
    <p class='ocr_par' dir='ltr' id='par_1_77' title="bbox 454 3879 1738 3955">
     <span class='ocr_line' id='line_1_77' title="bbox 454 3879 1738 3955; baseline -0.003 -17"><span class='ocrx_word' id='word_1_570' title='bbox 454 3895 537 3938; x_wconf 84' lang='lat' dir='ltr'><strong>tas</strong></span> <span class='ocrx_word' id='word_1_571' title='bbox 590 3883 885 3955; x_wconf 89' lang='lat' dir='ltr'><strong>quidquam</strong></span> <span class='ocrx_word' id='word_1_572' title='bbox 943 3880 1223 3944; x_wconf 88' lang='lat' dir='ltr'><strong>conducit,</strong></span> <span class='ocrx_word' id='word_1_573' title='bbox 1258 3879 1352 3934; x_wconf 90' lang='lat' dir='ltr'><strong>ubi</strong></span> <span class='ocrx_word' id='word_1_574' title='bbox 1400 3896 1510 3934; x_wconf 88' lang='lat' dir='ltr'><strong>non</strong></span> <span class='ocrx_word' id='word_1_575' title='bbox 1545 3889 1632 3935; x_wconf 88' lang='lat' dir='ltr'><strong>est</strong></span> <span class='ocrx_word' id='word_1_576' title='bbox 1658 3881 1738 3935; x_wconf 85' lang='lat' dir='ltr'><strong>vis</strong></span> 
     </span>
    </p>
   </div>
   <div class='ocr_carea' id='block_1_78' title="bbox 1032 3975 1440 4032">
    <p class='ocr_par' dir='ltr' id='par_1_78' title="bbox 1032 3975 1440 4032">
     <span class='ocr_line' id='line_1_78' title="bbox 1032 3975 1440 4032; baseline -0.005 0"><span class='ocrx_word' id='word_1_577' title='bbox 1032 3975 1260 4032; x_wconf 81' lang='lat' dir='ltr'><strong>CAPUT</strong></span> <span class='ocrx_word' id='word_1_578' title='bbox 1293 3976 1440 4031; x_wconf 74' lang='lat' dir='ltr'><strong>XIX.</strong></span> 
     </span>
    </p>
   </div>
   <div class='ocr_carea' id='block_1_79' title="bbox 525 4065 2038 4134">
    <p class='ocr_par' dir='ltr' id='par_1_79' title="bbox 525 4065 2038 4134">
     <span class='ocr_line' id='line_1_79' title="bbox 525 4065 2038 4134; baseline -0.001 -14"><span class='ocrx_word' id='word_1_579' title='bbox 525 4067 690 4122; x_wconf 67' lang='lat' dir='ltr'><strong>Vens.</strong></span> <span class='ocrx_word' id='word_1_580' title='bbox 725 4070 776 4122; x_wconf 76' lang='grc'>1.</span> <span class='ocrx_word' id='word_1_581' title='bbox 811 4067 1020 4121; x_wconf 79' lang='lat' dir='ltr'><strong>Accidit</strong></span> <span class='ocrx_word' id='word_1_582' title='bbox 1044 4076 1219 4119; x_wconf 91' lang='lat' dir='ltr'><strong>autem</strong></span> <span class='ocrx_word' id='word_1_583' title='bbox 1262 4069 1464 4120; x_wconf 85' lang='lat' dir='ltr'><strong>interea</strong></span> <span class='ocrx_word' id='word_1_584' title='bbox 1514 4066 1640 4119; x_wconf 88' lang='lat' dir='ltr'><strong>dum</strong></span> <span class='ocrx_word' id='word_1_585' title='bbox 1689 4065 1901 4134; x_wconf 83' lang='lat' dir='ltr'><strong>Apollas</strong></span> <span class='ocrx_word' id='word_1_586' title='bbox 1922 4075 2038 4120; x_wconf 84' lang='lat' dir='ltr'><strong>erat</strong></span> 
     </span>
    </p>
   </div>
   <div class='ocr_carea' id='block_1_80' title="bbox 1792 3883 3471 3955">
    <p class='ocr_par' dir='ltr' id='par_1_80' title="bbox 1792 3883 3471 3955">
     <span class='ocr_line' id='line_1_80' title="bbox 1792 3883 3471 3955; baseline 0.002 -22"><span class='ocrx_word' id='word_1_587' title='bbox 1792 3899 1804 3933; x_wconf 87' lang='lat'><strong>:</strong></span> <span class='ocrx_word' id='word_1_588' title='bbox 1853 3897 2036 3953; x_wconf 87' lang='lat' dir='ltr'><strong>neque</strong></span> <span class='ocrx_word' id='word_1_589' title='bbox 2075 3885 2315 3954; x_wconf 86' lang='lat' dir='ltr'><strong>potentia</strong></span> <span class='ocrx_word' id='word_1_590' title='bbox 2383 3901 2448 3942; x_wconf 90' lang='lat' dir='ltr'><strong>ac</strong></span> <span class='ocrx_word' id='word_1_591' title='bbox 2475 3888 2580 3954; x_wconf 89' lang='lat' dir='ltr'><strong>vis,</strong></span> <span class='ocrx_word' id='word_1_592' title='bbox 2618 3888 2712 3942; x_wconf 87' lang='lat' dir='ltr'><strong>ubi</strong></span> <span class='ocrx_word' id='word_1_593' title='bbox 2741 3901 2850 3941; x_wconf 92' lang='lat' dir='ltr'><strong>non</strong></span> <span class='ocrx_word' id='word_1_594' title='bbox 2883 3895 2968 3940; x_wconf 86' lang='lat' dir='ltr'><strong>est</strong></span> <span class='ocrx_word' id='word_1_595' title='bbox 3006 3884 3201 3955; x_wconf 74' lang='lat' dir='ltr'><strong>linguae</strong></span> <span class='ocrx_word' id='word_1_596' title='bbox 3226 3883 3471 3939; x_wconf 89' lang='lat' dir='ltr'><strong>libertas.</strong></span> 
     </span>
    </p>
   </div>
   <div class='ocr_carea' id='block_1_81' title="bbox 2744 3980 3138 4036">
    <p class='ocr_par' dir='ltr' id='par_1_81' title="bbox 2744 3980 3138 4036">
     <span class='ocr_line' id='line_1_81' title="bbox 2744 3980 3138 4036; baseline -0.01 0"><span class='ocrx_word' id='word_1_597' title='bbox 2744 3981 2996 4036; x_wconf 84' lang='grc' dir='ltr'><strong>ΚΕΦΑΛ.</strong></span> <span class='ocrx_word' id='word_1_598' title='bbox 3037 3980 3138 4032; x_wconf 86' lang='grc' dir='ltr'><strong>1Θ¹.</strong></span> 
     </span>
    </p>
   </div>
   <div class='ocr_carea' id='block_1_82' title="bbox 2221 4065 3720 4142">
    <p class='ocr_par' dir='ltr' id='par_1_82' title="bbox 2221 4065 3720 4142">
     <span class='ocr_line' id='line_1_82' title="bbox 2221 4065 3720 4142; baseline -0.007 -14"><span class='ocrx_word' id='word_1_599' title='bbox 2221 4072 2496 4142; x_wconf 77' lang='grc' dir='ltr'>Ἐγένετο</span> <span class='ocrx_word' id='word_1_600' title='bbox 2557 4071 2646 4136; x_wconf 81' lang='grc' dir='ltr'>δὲ,</span> <span class='ocrx_word' id='word_1_601' title='bbox 2699 4071 2768 4124; x_wconf 80' lang='grc' dir='ltr'>ἐν</span> <span class='ocrx_word' id='word_1_602' title='bbox 2791 4069 2870 4135; x_wconf 85' lang='grc' dir='ltr'>τῷ</span> <span class='ocrx_word' id='word_1_603' title='bbox 2885 4070 2990 4124; x_wconf 85' lang='grc' dir='ltr'>τὸν</span> <span class='ocrx_word' id='word_1_604' title='bbox 3004 4068 3279 4124; x_wconf 83' lang='grc' dir='ltr'>Ἀπολλὼ</span> <span class='ocrx_word' id='word_1_605' title='bbox 3294 4065 3507 4122; x_wconf 78' lang='grc' dir='ltr'><strong>1⁵ἐἶναι</strong></span> <span class='ocrx_word' id='word_1_606' title='bbox 3525 4067 3594 4120; x_wconf 87' lang='grc' dir='ltr'>ἐν</span> <span class='ocrx_word' id='word_1_607' title='bbox 3611 4069 3720 4119; x_wconf 81' lang='grc' dir='ltr'><strong>Κο-</strong></span> 
     </span>
    </p>
   </div>
   <div class='ocr_carea' id='block_1_83' title="bbox 455 4159 2030 4230">
    <p class='ocr_par' dir='ltr' id='par_1_83' title="bbox 455 4160 2030 4230">
     <span class='ocr_line' id='line_1_83' title="bbox 455 4160 2030 4230; baseline -0.002 -14"><span class='ocrx_word' id='word_1_608' title='bbox 455 4163 712 4228; x_wconf 81' lang='lat' dir='ltr'><strong>Corintlu,</strong></span> <span class='ocrx_word' id='word_1_609' title='bbox 737 4170 793 4214; x_wconf 90' lang='lat' dir='ltr'><strong>ut</strong></span> <span class='ocrx_word' id='word_1_610' title='bbox 849 4160 1046 4215; x_wconf 80' lang='lat' dir='ltr'><strong>Paulus</strong></span> <span class='ocrx_word' id='word_1_611' title='bbox 1069 4161 1366 4230; x_wconf 85' lang='lat' dir='ltr'><strong>peragratis</strong></span> <span class='ocrx_word' id='word_1_612' title='bbox 1411 4160 1757 4214; x_wconf 80' lang='lat' dir='ltr'><strong>orientalibus</strong></span> <span class='ocrx_word' id='word_1_613' title='bbox 1797 4160 2030 4228; x_wconf 63' lang='lat' dir='ltr'><strong>partibus</strong></span> 
     </span>
    </p>
   </div>
   <div class='ocr_carea' id='block_1_84' title="bbox 2123 4159 3722 4230">
    <p class='ocr_par' dir='ltr' id='par_1_84' title="bbox 2133 4159 3722 4230">
     <span class='ocr_line' id='line_1_84' title="bbox 2133 4159 3722 4230; baseline -0.001 -15"><span class='ocrx_word' id='word_1_614' title='bbox 2133 4163 2338 4230; x_wconf 79' lang='grc' dir='ltr'>ρίνοῳ,</span> <span class='ocrx_word' id='word_1_615' title='bbox 2359 4163 2602 4218; x_wconf 80' lang='grc' dir='ltr'>Παῦλον</span> <span class='ocrx_word' id='word_1_616' title='bbox 2646 4162 2960 4216; x_wconf 73' lang='grc' dir='ltr'>διελθόντα</span> <span class='ocrx_word' id='word_1_617' title='bbox 2992 4161 3065 4213; x_wconf 85' lang='grc' dir='ltr'>τὰ</span> <span class='ocrx_word' id='word_1_618' title='bbox 3103 4159 3434 4214; x_wconf 78' lang='grc' dir='ltr'>ἀνατολικὰ</span> <span class='ocrx_word' id='word_1_619' title='bbox 3488 4159 3638 4228; x_wconf 78' lang='grc' dir='ltr'>μέρη</span> <span class='ocrx_word' id='word_1_620' title='bbox 3652 4160 3722 4220; x_wconf 71' lang='grc' dir='ltr'>δ’.</span> 
     </span>
    </p>
   </div>
   <div class='ocr_carea' id='block_1_85' title="bbox 455 4250 2042 4320">
    <p class='ocr_par' dir='ltr' id='par_1_85' title="bbox 455 4250 2042 4320">
     <span class='ocr_line' id='line_1_85' title="bbox 455 4250 2042 4320; baseline -0.002 -12"><span class='ocrx_word' id='word_1_621' title='bbox 455 4256 651 4308; x_wconf 72' lang='lat' dir='ltr'><strong>veniret</strong></span> <span class='ocrx_word' id='word_1_622' title='bbox 689 4252 972 4320; x_wconf 83' lang='lat' dir='ltr'><strong>Ephesum,</strong></span> <span class='ocrx_word' id='word_1_623' title='bbox 1019 4261 1066 4304; x_wconf 89' lang='lat' dir='ltr'><strong>et</strong></span> <span class='ocrx_word' id='word_1_624' title='bbox 1111 4267 1230 4304; x_wconf 87' lang='lat' dir='ltr'><strong>cum</strong></span> <span class='ocrx_word' id='word_1_625' title='bbox 1283 4250 1359 4304; x_wconf 89' lang='lat' dir='ltr'><strong>ibi</strong></span> <span class='ocrx_word' id='word_1_626' title='bbox 1417 4252 1690 4318; x_wconf 86' lang='lat' dir='ltr'><strong>reperisset</strong></span> <span class='ocrx_word' id='word_1_627' title='bbox 1753 4251 2042 4320; x_wconf 81' lang='lat' dir='ltr'><strong>discipulos</strong></span> 
     </span>
    </p>
   </div>
   <div class='ocr_carea' id='block_1_86' title="bbox 457 4343 1154 4417">
    <p class='ocr_par' dir='ltr' id='par_1_86' title="bbox 457 4343 1154 4417">
     <span class='ocr_line' id='line_1_86' title="bbox 457 4343 1154 4417; baseline -0.009 -18"><span class='ocrx_word' id='word_1_628' title='bbox 457 4345 737 4417; x_wconf 85' lang='lat' dir='ltr'><strong>quosdam,</strong></span> <span class='ocrx_word' id='word_1_629' title='bbox 774 4343 906 4397; x_wconf 67' lang='lat' dir='ltr'><strong>dixit</strong></span> <span class='ocrx_word' id='word_1_630' title='bbox 933 4344 1003 4395; x_wconf 88' lang='lat' dir='ltr'><strong>ad</strong></span> <span class='ocrx_word' id='word_1_631' title='bbox 1023 4359 1108 4395; x_wconf 91' lang='lat' dir='ltr'><strong>eos</strong></span> <span class='ocrx_word' id='word_1_632' title='bbox 1135 4357 1154 4393; x_wconf 83' lang='lat'><strong>.°</strong></span> 
     </span>
    </p>
   </div>
   <div class='ocr_carea' id='block_1_87' title="bbox 531 4433 2042 4505">
    <p class='ocr_par' dir='ltr' id='par_1_87' title="bbox 531 4433 2042 4505">
     <span class='ocr_line' id='line_1_87' title="bbox 531 4433 2042 4505; baseline -0.004 -15"><span class='ocrx_word' id='word_1_633' title='bbox 531 4435 698 4490; x_wconf 72' lang='lat' dir='ltr'><strong>Vsus.</strong></span> <span class='ocrx_word' id='word_1_634' title='bbox 720 4436 776 4488; x_wconf 54' lang='grc' dir='ltr'>ἓ.</span> <span class='ocrx_word' id='word_1_635' title='bbox 809 4436 892 4488; x_wconf 72' lang='lat' dir='ltr'><strong>An</strong></span> <span class='ocrx_word' id='word_1_636' title='bbox 919 4434 1193 4505; x_wconf 83' lang='lat' dir='ltr'><strong>accepistis</strong></span> <span class='ocrx_word' id='word_1_637' title='bbox 1246 4433 1502 4501; x_wconf 79' lang='lat' dir='ltr'><strong>Spiritum</strong></span> <span class='ocrx_word' id='word_1_638' title='bbox 1551 4442 1816 4500; x_wconf 87' lang='lat' dir='ltr'><strong>sanctum,</strong></span> <span class='ocrx_word' id='word_1_639' title='bbox 1847 4447 1912 4486; x_wconf 74' lang='lat' dir='ltr'><strong>ex</strong></span> <span class='ocrx_word' id='word_1_640' title='bbox 1939 4448 2042 4502; x_wconf 85' lang='lat' dir='ltr'><strong>quo</strong></span> 
     </span>
    </p>
   </div>
   <div class='ocr_carea' id='block_1_88' title="bbox 459 4525 2046 4581">
    <p class='ocr_par' dir='ltr' id='par_1_88' title="bbox 459 4525 2046 4581">
     <span class='ocr_line' id='line_1_88' title="bbox 459 4525 2046 4581; baseline -0.004 0"><span class='ocrx_word' id='word_1_641' title='bbox 459 4527 794 4581; x_wconf 82' lang='lat' dir='ltr'><strong>credidistis?</strong></span> <span class='ocrx_word' id='word_1_642' title='bbox 830 4527 896 4581; x_wconf 86' lang='lat' dir='ltr'><strong>At</strong></span> <span class='ocrx_word' id='word_1_643' title='bbox 925 4526 1008 4580; x_wconf 89' lang='lat' dir='ltr'><strong>illi</strong></span> <span class='ocrx_word' id='word_1_644' title='bbox 1036 4527 1282 4580; x_wconf 76' lang='lat' dir='ltr'><strong>dixerunt</strong></span> <span class='ocrx_word' id='word_1_645' title='bbox 1305 4527 1374 4579; x_wconf 89' lang='lat' dir='ltr'><strong>ad</strong></span> <span class='ocrx_word' id='word_1_646' title='bbox 1419 4541 1536 4580; x_wconf 91' lang='lat' dir='ltr'><strong>eum</strong></span> <span class='ocrx_word' id='word_1_647' title='bbox 1564 4542 1584 4580; x_wconf 91' lang='lat'><strong><em>:</em></strong></span> <span class='ocrx_word' id='word_1_648' title='bbox 1633 4526 1704 4579; x_wconf 83' lang='lat' dir='ltr'><strong>At</strong></span> <span class='ocrx_word' id='word_1_649' title='bbox 1740 4541 1830 4579; x_wconf 90' lang='lat' dir='ltr'><strong>nec</strong></span> <span class='ocrx_word' id='word_1_650' title='bbox 1871 4542 1944 4579; x_wconf 89' lang='lat' dir='ltr'><strong>an</strong></span> <span class='ocrx_word' id='word_1_651' title='bbox 1976 4525 2046 4576; x_wconf 87' lang='lat' dir='ltr'><strong>sit</strong></span> 
     </span>
    </p>
   </div>
   <div class='ocr_carea' id='block_1_89' title="bbox 459 4618 1536 4688">
    <p class='ocr_par' dir='ltr' id='par_1_89' title="bbox 459 4618 1536 4688">
     <span class='ocr_line' id='line_1_89' title="bbox 459 4618 1536 4688; baseline -0.002 -17"><span class='ocrx_word' id='word_1_652' title='bbox 459 4620 671 4688; x_wconf 84' lang='lat' dir='ltr'><strong>quidem</strong></span> <span class='ocrx_word' id='word_1_653' title='bbox 698 4618 930 4687; x_wconf 85' lang='lat' dir='ltr'><strong>Spiritus</strong></span> <span class='ocrx_word' id='word_1_654' title='bbox 953 4628 1192 4683; x_wconf 84' lang='lat' dir='ltr'><strong>sanctus,</strong></span> <span class='ocrx_word' id='word_1_655' title='bbox 1222 4619 1536 4673; x_wconf 84' lang='lat' dir='ltr'><strong>audivimus.</strong></span> 
     </span>
    </p>
   </div>
   <div class='ocr_carea' id='block_1_90' title="bbox 2141 4250 3726 4322">
    <p class='ocr_par' dir='ltr' id='par_1_90' title="bbox 2141 4250 3726 4322">
     <span class='ocr_line' id='line_1_90' title="bbox 2141 4250 3726 4322; baseline -0.003 -14"><span class='ocrx_word' id='word_1_656' title='bbox 2141 4255 2342 4309; x_wconf 81' lang='grc' dir='ltr'>ἐλθεῖν</span> <span class='ocrx_word' id='word_1_657' title='bbox 2374 4258 2464 4321; x_wconf 74' lang='grc' dir='ltr'><strong>είς</strong></span> <span class='ocrx_word' id='word_1_658' title='bbox 2509 4253 2779 4322; x_wconf 69' lang='grc' dir='ltr'>Ἔφεσον</span> <span class='ocrx_word' id='word_1_659' title='bbox 2802 4293 2818 4319; x_wconf 90' lang='grc'><strong>,</strong></span> <span class='ocrx_word' id='word_1_660' title='bbox 2857 4252 2956 4305; x_wconf 75' lang='grc' dir='ltr'><strong>καὶ</strong></span> <span class='ocrx_word' id='word_1_661' title='bbox 2994 4250 3186 4319; x_wconf 84' lang='grc' dir='ltr'>εὑρών</span> <span class='ocrx_word' id='word_1_662' title='bbox 3234 4267 3406 4315; x_wconf 89' lang='grc' dir='ltr'>τινας</span> <span class='ocrx_word' id='word_1_663' title='bbox 3427 4252 3726 4321; x_wconf 80' lang='grc' dir='ltr'>μαθητὰς,</span> 
     </span>
    </p>
   </div>
   <div class='ocr_carea' id='block_1_91' title="bbox 2145 4342 2718 4410">
    <p class='ocr_par' dir='ltr' id='par_1_91' title="bbox 2145 4342 2718 4410">
     <span class='ocr_line' id='line_1_91' title="bbox 2145 4342 2718 4410; baseline -0.002 -11"><span class='ocrx_word' id='word_1_664' title='bbox 2145 4342 2275 4400; x_wconf 77' lang='grc' dir='ltr'>εἶπε</span> <span class='ocrx_word' id='word_1_665' title='bbox 2295 4345 2442 4410; x_wconf 75' lang='grc' dir='ltr'>πρὸς</span> <span class='ocrx_word' id='word_1_666' title='bbox 2461 4345 2678 4409; x_wconf 79' lang='grc' dir='ltr'>αὐτούς</span> <span class='ocrx_word' id='word_1_667' title='bbox 2703 4361 2718 4375; x_wconf 81' lang='grc'><em>’</em></span> 
     </span>
    </p>
   </div>
   <div class='ocr_carea' id='block_1_92' title="bbox 2221 4434 3726 4505">
    <p class='ocr_par' dir='ltr' id='par_1_92' title="bbox 2221 4434 3726 4505">
     <span class='ocr_line' id='line_1_92' title="bbox 2221 4434 3726 4505; baseline -0.003 -13"><span class='ocrx_word' id='word_1_668' title='bbox 2221 4440 2290 4492; x_wconf 85' lang='lat' dir='ltr'><strong>Ei</strong></span> <span class='ocrx_word' id='word_1_669' title='bbox 2366 4436 2610 4505; x_wconf 81' lang='grc' dir='ltr'>Πνεῦμα</span> <span class='ocrx_word' id='word_1_670' title='bbox 2685 4435 2856 4505; x_wconf 76' lang='grc' dir='ltr'>ἅγιον</span> <span class='ocrx_word' id='word_1_671' title='bbox 2917 4434 3158 4490; x_wconf 73' lang='grc' dir='ltr'>ἐλάϐετε</span> <span class='ocrx_word' id='word_1_672' title='bbox 3240 4435 3726 4500; x_wconf 74' lang='grc' dir='ltr'>πιστεύσαντεςς</span> 
     </span>
    </p>
   </div>
   <div class='ocr_carea' id='block_1_93' title="bbox 2151 4526 3731 4598">
    <p class='ocr_par' dir='ltr' id='par_1_93' title="bbox 2151 4526 3731 4598">
     <span class='ocr_line' id='line_1_93' title="bbox 2151 4526 3731 4598; baseline -0.001 -14"><span class='ocrx_word' id='word_1_673' title='bbox 2151 4533 2216 4584; x_wconf 83' lang='lat' dir='ltr'><strong>Ol</strong></span> <span class='ocrx_word' id='word_1_674' title='bbox 2254 4530 2323 4583; x_wconf 71' lang='grc' dir='ltr'>δὲ</span> <span class='ocrx_word' id='word_1_675' title='bbox 2369 4526 2542 4585; x_wconf 76' lang='grc' dir='ltr'>εἷπον</span> <span class='ocrx_word' id='word_1_676' title='bbox 2590 4530 2741 4598; x_wconf 81' lang='grc' dir='ltr'>πρὸς</span> <span class='ocrx_word' id='word_1_677' title='bbox 2771 4530 2991 4584; x_wconf 82' lang='grc' dir='ltr'>αὐτόν’</span> <span class='ocrx_word' id='word_1_678' title='bbox 3035 4530 3189 4584; x_wconf 81' lang='grc' dir='ltr'>Ἀλλ’</span> <span class='ocrx_word' id='word_1_679' title='bbox 3227 4528 3370 4584; x_wconf 84' lang='grc' dir='ltr'>οὐδὲ</span> <span class='ocrx_word' id='word_1_680' title='bbox 3403 4531 3458 4583; x_wconf 77' lang='grc' dir='ltr'><strong>ει</strong></span> <span class='ocrx_word' id='word_1_681' title='bbox 3483 4528 3731 4598; x_wconf 80' lang='grc' dir='ltr'>Πνεῦμα</span> 
     </span>
    </p>
   </div>
   <div class='ocr_carea' id='block_1_94' title="bbox 2149 4623 2921 4692">
    <p class='ocr_par' dir='ltr' id='par_1_94' title="bbox 2149 4623 2921 4692">
     <span class='ocr_line' id='line_1_94' title="bbox 2149 4623 2921 4692; baseline -0.004 -14"><span class='ocrx_word' id='word_1_682' title='bbox 2149 4623 2322 4692; x_wconf 79' lang='grc' dir='ltr'>ἅγιον</span> <span class='ocrx_word' id='word_1_683' title='bbox 2350 4623 2522 4677; x_wconf 80' lang='grc' dir='ltr'>ἐστιν</span> <span class='ocrx_word' id='word_1_684' title='bbox 2548 4623 2921 4691; x_wconf 78' lang='grc' dir='ltr'>ἠκούσαμεν.</span> 
     </span>
    </p>
   </div>
   <div class='ocr_carea' id='block_1_95' title="bbox 532 4709 2030 4786">
    <p class='ocr_par' dir='ltr' id='par_1_95' title="bbox 532 4709 2030 4781">
     <span class='ocr_line' id='line_1_95' title="bbox 532 4709 2030 4781; baseline -0.001 -17"><span class='ocrx_word' id='word_1_685' title='bbox 532 4712 692 4766; x_wconf 71' lang='lat' dir='ltr'><strong>Vens.</strong></span> <span class='ocrx_word' id='word_1_686' title='bbox 725 4714 779 4768; x_wconf 76' lang='grc'>5.</span> <span class='ocrx_word' id='word_1_687' title='bbox 812 4713 983 4781; x_wconf 84' lang='lat' dir='ltr'><strong>Atque</strong></span> <span class='ocrx_word' id='word_1_688' title='bbox 1006 4712 1094 4766; x_wconf 82' lang='lat' dir='ltr'><strong>ille</strong></span> <span class='ocrx_word' id='word_1_689' title='bbox 1124 4712 1259 4765; x_wconf 73' lang='lat' dir='ltr'><strong>dixit</strong></span> <span class='ocrx_word' id='word_1_690' title='bbox 1303 4713 1371 4765; x_wconf 86' lang='lat' dir='ltr'><strong>ad</strong></span> <span class='ocrx_word' id='word_1_691' title='bbox 1413 4728 1500 4765; x_wconf 86' lang='lat' dir='ltr'><strong>eos</strong></span> <span class='ocrx_word' id='word_1_692' title='bbox 1533 4725 1550 4762; x_wconf 92' lang='lat'><strong><em>:</em></strong></span> <span class='ocrx_word' id='word_1_693' title='bbox 1585 4709 1700 4774; x_wconf 84' lang='lat' dir='ltr'><strong>Quo</strong></span> <span class='ocrx_word' id='word_1_694' title='bbox 1731 4711 1894 4779; x_wconf 86' lang='lat' dir='ltr'><strong>igitur</strong></span> <span class='ocrx_word' id='word_1_695' title='bbox 1947 4709 2030 4762; x_wconf 89' lang='lat' dir='ltr'><strong>ba-</strong></span> 
     </span>
    </p>
   </div>
   <div class='ocr_carea' id='block_1_96' title="bbox 2123 4709 3732 4786">
    <p class='ocr_par' dir='ltr' id='par_1_96' title="bbox 2203 4714 3732 4786">
     <span class='ocr_line' id='line_1_96' title="bbox 2203 4714 3732 4786; baseline -0.001 -16"><span class='ocrx_word' id='word_1_696' title='bbox 2203 4714 2352 4770; x_wconf 79' lang='grc' dir='ltr'><strong>Εἷπέ</strong></span> <span class='ocrx_word' id='word_1_697' title='bbox 2416 4735 2479 4771; x_wconf 87' lang='grc' dir='ltr'><strong>τε</strong></span> <span class='ocrx_word' id='word_1_698' title='bbox 2525 4717 2676 4786; x_wconf 84' lang='grc' dir='ltr'>πρὸς</span> <span class='ocrx_word' id='word_1_699' title='bbox 2715 4719 2937 4784; x_wconf 82' lang='grc' dir='ltr'>αὐτούς</span> <span class='ocrx_word' id='word_1_700' title='bbox 2966 4733 2980 4748; x_wconf 78' lang='grc' dir='ltr'><strong>ο</strong></span> <span class='ocrx_word' id='word_1_701' title='bbox 3034 4719 3134 4783; x_wconf 72' lang='grc' dir='ltr'><strong>Εἰς</strong></span> <span class='ocrx_word' id='word_1_702' title='bbox 3194 4719 3251 4770; x_wconf 90' lang='grc' dir='ltr'><strong>τί</strong></span> <span class='ocrx_word' id='word_1_703' title='bbox 3323 4716 3440 4773; x_wconf 85' lang='grc' dir='ltr'>οὖν</span> <span class='ocrx_word' id='word_1_704' title='bbox 3488 4717 3732 4772; x_wconf 69' lang='grc' dir='ltr'>ὲϐαπτι-</span> 
     </span>
    </p>
   </div>
   <div class='ocr_carea' id='block_1_97' title="bbox 459 4801 2043 4872">
    <p class='ocr_par' dir='ltr' id='par_1_97' title="bbox 459 4801 2043 4872">
     <span class='ocr_line' id='line_1_97' title="bbox 459 4801 2043 4872; baseline -0.001 -17"><span class='ocrx_word' id='word_1_705' title='bbox 459 4805 706 4870; x_wconf 85' lang='lat' dir='ltr'><strong>ptismate</strong></span> <span class='ocrx_word' id='word_1_706' title='bbox 726 4803 981 4872; x_wconf 77' lang='lat' dir='ltr'><strong>baptizati</strong></span> <span class='ocrx_word' id='word_1_707' title='bbox 1011 4804 1168 4856; x_wconf 82' lang='lat' dir='ltr'><strong>estis?</strong></span> <span class='ocrx_word' id='word_1_708' title='bbox 1196 4805 1259 4855; x_wconf 76' lang='lat' dir='ltr'><strong>At</strong></span> <span class='ocrx_word' id='word_1_709' title='bbox 1289 4803 1369 4856; x_wconf 87' lang='lat' dir='ltr'><strong>illi</strong></span> <span class='ocrx_word' id='word_1_710' title='bbox 1396 4803 1647 4856; x_wconf 74' lang='lat' dir='ltr'><strong>dixerunt</strong></span> <span class='ocrx_word' id='word_1_711' title='bbox 1674 4818 1690 4855; x_wconf 92' lang='lat'><em>:</em></span> <span class='ocrx_word' id='word_1_712' title='bbox 1716 4801 2043 4870; x_wconf 87' lang='lat' dir='ltr'><strong>Baptismate</strong></span> 
     </span>
    </p>
   </div>
   <div class='ocr_carea' id='block_1_98' title="bbox 463 4893 712 4948">
    <p class='ocr_par' dir='ltr' id='par_1_98' title="bbox 463 4893 712 4948">
     <span class='ocr_line' id='line_1_98' title="bbox 463 4893 712 4948; baseline 0.004 -2"><span class='ocrx_word' id='word_1_713' title='bbox 463 4893 712 4948; x_wconf 86' lang='lat' dir='ltr'><strong>Joannis.</strong></span> 
     </span>
    </p>
   </div>
   <div class='ocr_carea' id='block_1_99' title="bbox 534 4983 2045 5054">
    <p class='ocr_par' dir='ltr' id='par_1_99' title="bbox 534 4983 2045 5054">
     <span class='ocr_line' id='line_1_99' title="bbox 534 4983 2045 5054; baseline 0.001 -19"><span class='ocrx_word' id='word_1_714' title='bbox 534 4983 697 5037; x_wconf 74' lang='lat' dir='ltr'><strong>Vnus.</strong></span> <span class='ocrx_word' id='word_1_715' title='bbox 747 4983 801 5038; x_wconf 72' lang='grc'>4.</span> <span class='ocrx_word' id='word_1_716' title='bbox 847 4983 1050 5037; x_wconf 88' lang='lat' dir='ltr'><strong>Paulus</strong></span> <span class='ocrx_word' id='word_1_717' title='bbox 1101 4994 1281 5038; x_wconf 88' lang='lat' dir='ltr'><strong>autem</strong></span> <span class='ocrx_word' id='word_1_718' title='bbox 1331 4985 1464 5038; x_wconf 73' lang='lat' dir='ltr'><strong>dixit</strong></span> <span class='ocrx_word' id='word_1_719' title='bbox 1496 4999 1516 5038; x_wconf 91' lang='lat'><strong><em>:</em></strong></span> <span class='ocrx_word' id='word_1_720' title='bbox 1553 4983 1788 5038; x_wconf 80' lang='lat' dir='ltr'><strong>Joannes</strong></span> <span class='ocrx_word' id='word_1_721' title='bbox 1834 4987 2045 5054; x_wconf 82' lang='lat' dir='ltr'><strong>quidem</strong></span> 
     </span>
    </p>
   </div>
   <div class='ocr_carea' id='block_1_100' title="bbox 463 5076 2047 5147">
    <p class='ocr_par' dir='ltr' id='par_1_100' title="bbox 463 5076 2047 5147">
     <span class='ocr_line' id='line_1_100' title="bbox 463 5076 2047 5147; baseline -0.002 -16"><span class='ocrx_word' id='word_1_722' title='bbox 463 5076 747 5146; x_wconf 79' lang='lat' dir='ltr'><strong>baptizavit</strong></span> <span class='ocrx_word' id='word_1_723' title='bbox 778 5077 1097 5145; x_wconf 84' lang='lat' dir='ltr'><strong>baptismate</strong></span> <span class='ocrx_word' id='word_1_724' title='bbox 1153 5078 1477 5145; x_wconf 68' lang='lat' dir='ltr'><strong>poenitentia:</strong></span> <span class='ocrx_word' id='word_1_725' title='bbox 1545 5086 1708 5147; x_wconf 89' lang='lat' dir='ltr'><strong>atque</strong></span> <span class='ocrx_word' id='word_1_726' title='bbox 1731 5079 2047 5143; x_wconf 85' lang='lat' dir='ltr'><strong>resipiscen-</strong></span> 
     </span>
    </p>
   </div>
   <div class='ocr_carea' id='block_1_101' title="bbox 465 5166 2048 5237">
    <p class='ocr_par' dir='ltr' id='par_1_101' title="bbox 465 5166 2048 5237">
     <span class='ocr_line' id='line_1_101' title="bbox 465 5166 2048 5237; baseline -0.002 -15"><span class='ocrx_word' id='word_1_727' title='bbox 465 5171 577 5233; x_wconf 67' lang='lat' dir='ltr'><strong>tiic,</strong></span> <span class='ocrx_word' id='word_1_728' title='bbox 605 5166 860 5237; x_wconf 77' lang='lat' dir='ltr'><strong>populant</strong></span> <span class='ocrx_word' id='word_1_729' title='bbox 904 5168 1197 5221; x_wconf 84' lang='lat' dir='ltr'><strong>adhortans</strong></span> <span class='ocrx_word' id='word_1_730' title='bbox 1243 5178 1300 5220; x_wconf 91' lang='lat' dir='ltr'><strong>ut</strong></span> <span class='ocrx_word' id='word_1_731' title='bbox 1336 5169 1392 5222; x_wconf 87' lang='lat' dir='ltr'><strong>in</strong></span> <span class='ocrx_word' id='word_1_732' title='bbox 1437 5185 1556 5222; x_wconf 83' lang='lat' dir='ltr'><strong>eum</strong></span> <span class='ocrx_word' id='word_1_733' title='bbox 1601 5170 1692 5237; x_wconf 89' lang='lat' dir='ltr'><strong>qui</strong></span> <span class='ocrx_word' id='word_1_734' title='bbox 1739 5177 1851 5236; x_wconf 86' lang='lat' dir='ltr'><strong>post</strong></span> <span class='ocrx_word' id='word_1_735' title='bbox 1880 5168 2048 5236; x_wconf 86' lang='lat' dir='ltr'><strong>ipsum</strong></span> 
     </span>
    </p>
   </div>
   <div class='ocr_carea' id='block_1_102' title="bbox 465 5259 2048 5327">
    <p class='ocr_par' dir='ltr' id='par_1_102' title="bbox 465 5259 2048 5327">
     <span class='ocr_line' id='line_1_102' title="bbox 465 5259 2048 5327; baseline -0.002 -12"><span class='ocrx_word' id='word_1_736' title='bbox 465 5272 713 5316; x_wconf 84' lang='lat' dir='ltr'><strong>venturus</strong></span> <span class='ocrx_word' id='word_1_737' title='bbox 757 5270 893 5316; x_wconf 88' lang='lat' dir='ltr'><strong>esset</strong></span> <span class='ocrx_word' id='word_1_738' title='bbox 945 5262 1238 5327; x_wconf 87' lang='lat' dir='ltr'><strong>crederent,</strong></span> <span class='ocrx_word' id='word_1_739' title='bbox 1284 5263 1381 5315; x_wconf 78' lang='lat' dir='ltr'><strong>ltoc</strong></span> <span class='ocrx_word' id='word_1_740' title='bbox 1424 5271 1500 5314; x_wconf 87' lang='lat' dir='ltr'><strong>est</strong></span> <span class='ocrx_word' id='word_1_741' title='bbox 1546 5261 1600 5314; x_wconf 89' lang='lat' dir='ltr'><strong>in</strong></span> <span class='ocrx_word' id='word_1_742' title='bbox 1640 5259 1904 5315; x_wconf 81' lang='lat' dir='ltr'><strong>Christum</strong></span> <span class='ocrx_word' id='word_1_743' title='bbox 1959 5259 2048 5312; x_wconf 85' lang='lat' dir='ltr'><strong>Je-</strong></span> 
     </span>
    </p>
   </div>
   <div class='ocr_carea' id='block_1_103' title="bbox 465 5371 604 5407">
    <p class='ocr_par' dir='ltr' id='par_1_103' title="bbox 465 5371 604 5407">
     <span class='ocr_line' id='line_1_103' title="bbox 465 5371 604 5407; baseline 0 0"><span class='ocrx_word' id='word_1_744' title='bbox 465 5371 604 5407; x_wconf 81' lang='lat' dir='ltr'><strong>sum.</strong></span> 
     </span>
    </p>
   </div>
   <div class='ocr_carea' id='block_1_104' title="bbox 545 5443 2048 5512">
    <p class='ocr_par' dir='ltr' id='par_1_104' title="bbox 545 5443 2048 5512">
     <span class='ocr_line' id='line_1_104' title="bbox 545 5443 2048 5512; baseline -0.003 -14"><span class='ocrx_word' id='word_1_745' title='bbox 545 5444 705 5499; x_wconf 72' lang='lat' dir='ltr'><strong>Vitas.</strong></span> <span class='ocrx_word' id='word_1_746' title='bbox 742 5445 798 5500; x_wconf 82' lang='lat'><strong>5.</strong></span> <span class='ocrx_word' id='word_1_747' title='bbox 839 5444 1045 5509; x_wconf 81' lang='lat' dir='ltr'><strong>Quibus</strong></span> <span class='ocrx_word' id='word_1_748' title='bbox 1070 5445 1291 5508; x_wconf 84' lang='lat' dir='ltr'><strong>auditis,</strong></span> <span class='ocrx_word' id='word_1_749' title='bbox 1323 5443 1717 5512; x_wconf 84' lang='lat' dir='ltr'><strong>baptizatisunt</strong></span> <span class='ocrx_word' id='word_1_750' title='bbox 1771 5444 1825 5496; x_wconf 91' lang='lat' dir='ltr'><strong>in</strong></span> <span class='ocrx_word' id='word_1_751' title='bbox 1863 5459 2048 5496; x_wconf 90' lang='lat' dir='ltr'><strong>nomen</strong></span> 
     </span>
    </p>
   </div>
   <div class='ocr_carea' id='block_1_105' title="bbox 472 5535 853 5592">
    <p class='ocr_par' dir='ltr' id='par_1_105' title="bbox 472 5535 853 5592">
     <span class='ocr_line' id='line_1_105' title="bbox 472 5535 853 5592; baseline 0.01 -4"><span class='ocrx_word' id='word_1_752' title='bbox 472 5536 684 5590; x_wconf 89' lang='lat' dir='ltr'><strong>Domini</strong></span> <span class='ocrx_word' id='word_1_753' title='bbox 705 5535 853 5592; x_wconf 84' lang='lat' dir='ltr'><strong>Jesu.</strong></span> 
     </span>
    </p>
   </div>
   <div class='ocr_carea' id='block_1_106' title="bbox 2149 4806 3728 4877">
    <p class='ocr_par' dir='ltr' id='par_1_106' title="bbox 2149 4806 3728 4877">
     <span class='ocr_line' id='line_1_106' title="bbox 2149 4806 3728 4877; baseline -0.001 -12"><span class='ocrx_word' id='word_1_754' title='bbox 2149 4815 2370 4877; x_wconf 84' lang='grc' dir='ltr'>σθητε;</span> <span class='ocrx_word' id='word_1_755' title='bbox 2423 4813 2486 4864; x_wconf 79' lang='lat' dir='ltr'><strong>Ol</strong></span> <span class='ocrx_word' id='word_1_756' title='bbox 2532 4810 2600 4863; x_wconf 84' lang='grc' dir='ltr'>δὲ</span> <span class='ocrx_word' id='word_1_757' title='bbox 2640 4806 2848 4864; x_wconf 78' lang='grc' dir='ltr'>εἷπον·</span> <span class='ocrx_word' id='word_1_758' title='bbox 2891 4813 2994 4875; x_wconf 80' lang='grc' dir='ltr'><strong>Εἰς</strong></span> <span class='ocrx_word' id='word_1_759' title='bbox 3054 4809 3122 4863; x_wconf 86' lang='grc' dir='ltr'>τὸ</span> <span class='ocrx_word' id='word_1_760' title='bbox 3167 4812 3454 4866; x_wconf 83' lang='grc' dir='ltr'>Ἰωάννου</span> <span class='ocrx_word' id='word_1_761' title='bbox 3495 4809 3728 4874; x_wconf 75' lang='grc' dir='ltr'>,βάπτι-</span> 
     </span>
    </p>
   </div>
   <div class='ocr_carea' id='block_1_107' title="bbox 2149 4918 2297 4971">
    <p class='ocr_par' dir='ltr' id='par_1_107' title="bbox 2149 4918 2297 4971">
     <span class='ocr_line' id='line_1_107' title="bbox 2149 4918 2297 4971; baseline -0.014 -15"><span class='ocrx_word' id='word_1_762' title='bbox 2149 4918 2297 4971; x_wconf 75' lang='grc' dir='ltr'>σμα.</span> 
     </span>
    </p>
   </div>
   <div class='ocr_carea' id='block_1_108' title="bbox 2216 4988 3730 5059">
    <p class='ocr_par' dir='ltr' id='par_1_108' title="bbox 2216 4988 3730 5059">
     <span class='ocr_line' id='line_1_108' title="bbox 2216 4988 3730 5059; baseline -0.001 -13"><span class='ocrx_word' id='word_1_763' title='bbox 2216 4988 2366 5046; x_wconf 85' lang='grc' dir='ltr'><strong>Εἷπέ</strong></span> <span class='ocrx_word' id='word_1_764' title='bbox 2425 5009 2489 5044; x_wconf 89' lang='grc' dir='ltr'><strong>τε</strong></span> <span class='ocrx_word' id='word_1_765' title='bbox 2517 4992 2564 5022; x_wconf 81' lang='grc'><strong>⁵³</strong></span> <span class='ocrx_word' id='word_1_766' title='bbox 2615 4991 2889 5057; x_wconf 81' lang='grc' dir='ltr'>Παῦλος·</span> <span class='ocrx_word' id='word_1_767' title='bbox 2932 4989 3224 5058; x_wconf 77' lang='grc' dir='ltr'>Ἰωάννης</span> <span class='ocrx_word' id='word_1_768' title='bbox 3270 4992 3387 5059; x_wconf 79' lang='grc' dir='ltr'>μὲν</span> <span class='ocrx_word' id='word_1_769' title='bbox 3440 4990 3730 5045; x_wconf 75' lang='grc' dir='ltr'>ἐϐάπτισε</span> 
     </span>
    </p>
   </div>
   <div class='ocr_carea' id='block_1_109' title="bbox 2146 5082 3734 5155">
    <p class='ocr_par' dir='ltr' id='par_1_109' title="bbox 2146 5082 3734 5155">
     <span class='ocr_line' id='line_1_109' title="bbox 2146 5082 3734 5155; baseline -0.002 -15"><span class='ocrx_word' id='word_1_770' title='bbox 2146 5086 2465 5155; x_wconf 82' lang='grc' dir='ltr'>,ϐάπτισμα</span> <span class='ocrx_word' id='word_1_771' title='bbox 2489 5085 2834 5154; x_wconf 84' lang='grc' dir='ltr'>μετανοίας,</span> <span class='ocrx_word' id='word_1_772' title='bbox 2877 5083 2957 5148; x_wconf 86' lang='grc' dir='ltr'>τῷ</span> <span class='ocrx_word' id='word_1_773' title='bbox 2992 5082 3120 5148; x_wconf 82' lang='grc' dir='ltr'>λαῷ</span> <span class='ocrx_word' id='word_1_774' title='bbox 3146 5083 3360 5153; x_wconf 73' lang='grc' dir='ltr'>λέγων,</span> <span class='ocrx_word' id='word_1_775' title='bbox 3385 5087 3473 5150; x_wconf 84' lang='grc' dir='ltr'>εις</span> <span class='ocrx_word' id='word_1_776' title='bbox 3505 5084 3610 5137; x_wconf 87' lang='grc' dir='ltr'>τὸν</span> <span class='ocrx_word' id='word_1_777' title='bbox 3631 5085 3734 5152; x_wconf 82' lang='grc' dir='ltr'><strong>ἐρ-</strong></span> 
     </span>
    </p>
   </div>
   <div class='ocr_carea' id='block_1_110' title="bbox 2155 5176 3736 5247">
    <p class='ocr_par' dir='ltr' id='par_1_110' title="bbox 2155 5176 3736 5247">
     <span class='ocr_line' id='line_1_110' title="bbox 2155 5176 3736 5247; baseline -0.001 -15"><span class='ocrx_word' id='word_1_778' title='bbox 2155 5179 2413 5247; x_wconf 84' lang='grc' dir='ltr'>χόμενον</span> <span class='ocrx_word' id='word_1_779' title='bbox 2433 5176 2562 5245; x_wconf 82' lang='grc' dir='ltr'>μετ’</span> <span class='ocrx_word' id='word_1_780' title='bbox 2589 5176 2796 5241; x_wconf 85' lang='grc' dir='ltr'>αὐτὸν,</span> <span class='ocrx_word' id='word_1_781' title='bbox 2831 5176 2932 5230; x_wconf 82' lang='grc' dir='ltr'>ἵνα</span> <span class='ocrx_word' id='word_1_782' title='bbox 2966 5177 3362 5243; x_wconf 80' lang='grc' dir='ltr'>πιστεύσωσι,</span> <span class='ocrx_word' id='word_1_783' title='bbox 3413 5176 3736 5232; x_wconf 81' lang='grc' dir='ltr'>τουτέστιν</span> 
     </span>
    </p>
   </div>
   <div class='ocr_carea' id='block_1_111' title="bbox 2152 5266 2948 5337">
    <p class='ocr_par' dir='ltr' id='par_1_111' title="bbox 2152 5266 2948 5337">
     <span class='ocr_line' id='line_1_111' title="bbox 2152 5266 2948 5337; baseline -0.006 -13"><span class='ocrx_word' id='word_1_784' title='bbox 2152 5272 2240 5336; x_wconf 82' lang='grc' dir='ltr'><strong>είς</strong></span> <span class='ocrx_word' id='word_1_785' title='bbox 2264 5269 2372 5323; x_wconf 87' lang='grc' dir='ltr'>τὸν</span> <span class='ocrx_word' id='word_1_786' title='bbox 2393 5270 2651 5337; x_wconf 86' lang='grc' dir='ltr'>Χριστὸν</span> <span class='ocrx_word' id='word_1_787' title='bbox 2681 5266 2948 5335; x_wconf 84' lang='grc' dir='ltr'>Ἰησοῦν.</span> 
     </span>
    </p>
   </div>
   <div class='ocr_carea' id='block_1_112' title="bbox 2225 5407 3738 5501">
    <p class='ocr_par' dir='ltr' id='par_1_112' title="bbox 2225 5407 3738 5501">
     <span class='ocr_line' id='line_1_112' title="bbox 2225 5407 3738 5501; baseline 0.001 -14"><span class='ocrx_word' id='word_1_788' title='bbox 2225 5434 2278 5487; x_wconf 86' lang='grc'>5.</span> <span class='ocrx_word' id='word_1_789' title='bbox 2310 5430 2707 5494; x_wconf 85' lang='grc' dir='ltr'>Ἀκούσαντες</span> <span class='ocrx_word' id='word_1_790' title='bbox 2735 5407 2804 5481; x_wconf 81' lang='grc' dir='ltr'><em>δέ</em></span> <span class='ocrx_word' id='word_1_791' title='bbox 2821 5429 3272 5496; x_wconf 76' lang='grc' dir='ltr'>ἐϐαπτίσθησαν</span> <span class='ocrx_word' id='word_1_792' title='bbox 3301 5433 3388 5498; x_wconf 78' lang='grc' dir='ltr'>εις</span> <span class='ocrx_word' id='word_1_793' title='bbox 3445 5433 3511 5485; x_wconf 88' lang='grc' dir='ltr'>τὸ</span> <span class='ocrx_word' id='word_1_794' title='bbox 3540 5431 3738 5501; x_wconf 80' lang='grc' dir='ltr'>ῦνομα</span> 
     </span>
    </p>
   </div>
   <div class='ocr_carea' id='block_1_113' title="bbox 2156 5519 2776 5592">
    <p class='ocr_par' dir='ltr' id='par_1_113' title="bbox 2156 5519 2776 5592">
     <span class='ocr_line' id='line_1_113' title="bbox 2156 5519 2776 5592; baseline -0.008 -15"><span class='ocrx_word' id='word_1_795' title='bbox 2156 5525 2264 5579; x_wconf 88' lang='grc' dir='ltr'><strong>τοῦ</strong></span> <span class='ocrx_word' id='word_1_796' title='bbox 2296 5525 2518 5592; x_wconf 84' lang='grc' dir='ltr'>Κυρίου</span> <span class='ocrx_word' id='word_1_797' title='bbox 2548 5519 2776 5589; x_wconf 81' lang='grc' dir='ltr'>Ἰησοῦ.</span> 
     </span>
    </p>
   </div>
   <div class='ocr_carea' id='block_1_114' title="bbox 1655 5643 2528 5709">
    <p class='ocr_par' dir='ltr' id='par_1_114' title="bbox 1655 5643 2528 5709">
     <span class='ocr_line' id='line_1_114' title="bbox 1655 5643 2528 5709; baseline -0.013 -1"><span class='ocrx_word' id='word_1_798' title='bbox 1655 5648 1855 5709; x_wconf 79' lang='lat' dir='ltr'><strong>Variae</strong></span> <span class='ocrx_word' id='word_1_799' title='bbox 1879 5643 2186 5707; x_wconf 81' lang='lat' dir='ltr'><strong>lectiones</strong></span> <span class='ocrx_word' id='word_1_800' title='bbox 2229 5646 2292 5702; x_wconf 80' lang='lat' dir='ltr'><strong>et</strong></span> <span class='ocrx_word' id='word_1_801' title='bbox 2335 5644 2528 5700; x_wconf 65' lang='lat' dir='ltr'><strong>notae.</strong></span> 
     </span>
    </p>
   </div>
   <div class='ocr_carea' id='block_1_115' title="bbox 545 5751 1912 5824">
    <p class='ocr_par' dir='ltr' id='par_1_115' title="bbox 545 5751 1912 5824">
     <span class='ocr_line' id='line_1_115' title="bbox 545 5751 1912 5824; baseline -0.001 -20"><span class='ocrx_word' id='word_1_802' title='bbox 545 5751 594 5824; x_wconf 68' lang='lat'><strong>‘_&quot;</strong></span> <span class='ocrx_word' id='word_1_803' title='bbox 619 5753 706 5805; x_wconf 83' lang='grc' dir='ltr'>ἷσ.</span> <span class='ocrx_word' id='word_1_804' title='bbox 741 5752 955 5809; x_wconf 79' lang='grc' dir='ltr'>τούτου.</span> <span class='ocrx_word' id='word_1_805' title='bbox 1066 5753 1110 5786; x_wconf 71' lang='grc'><strong>⁸⁸</strong></span> <span class='ocrx_word' id='word_1_806' title='bbox 1137 5755 1224 5808; x_wconf 84' lang='grc' dir='ltr'>τσ.</span> <span class='ocrx_word' id='word_1_807' title='bbox 1253 5752 1350 5824; x_wconf 85' lang='grc' dir='ltr'><strong>τῷ.</strong></span> <span class='ocrx_word' id='word_1_808' title='bbox 1463 5755 1508 5787; x_wconf 73' lang='grc' dir='ltr'><strong>⁵ο</strong></span> <span class='ocrx_word' id='word_1_809' title='bbox 1542 5755 1627 5807; x_wconf 78' lang='grc' dir='ltr'>ἵσ.</span> <span class='ocrx_word' id='word_1_810' title='bbox 1660 5753 1912 5824; x_wconf 71' lang='grc' dir='ltr'>εῦτόνως.</span> 
     </span>
    </p>
   </div>
   <div class='ocr_carea' id='block_1_116' title="bbox 2011 5740 2784 5812">
    <p class='ocr_par' dir='ltr' id='par_1_116' title="bbox 2011 5740 2784 5812">
     <span class='ocr_line' id='line_1_116' title="bbox 2011 5740 2784 5812; baseline -0.008 -10"><span class='ocrx_word' id='word_1_811' title='bbox 2011 5749 2056 5780; x_wconf 81' lang='grc'><strong>⁵⁰</strong></span> <span class='ocrx_word' id='word_1_812' title='bbox 2087 5749 2174 5801; x_wconf 64' lang='lat' dir='ltr'><strong>id.</strong></span> <span class='ocrx_word' id='word_1_813' title='bbox 2209 5743 2306 5812; x_wconf 80' lang='grc' dir='ltr'><strong>τῷ,</strong></span> <span class='ocrx_word' id='word_1_814' title='bbox 2345 5755 2393 5798; x_wconf 86' lang='lat' dir='ltr'><strong>et</strong></span> <span class='ocrx_word' id='word_1_815' title='bbox 2419 5740 2784 5796; x_wconf 74' lang='grc' dir='ltr'>ἐπεδείκνυτο.</span> 
     </span>
    </p>
   </div>
   <div class='ocr_carea' id='block_1_117' title="bbox 2891 5735 3733 5808">
    <p class='ocr_par' dir='ltr' id='par_1_117' title="bbox 2891 5735 3733 5808">
     <span class='ocr_line' id='line_1_117' title="bbox 2891 5735 3733 5808; baseline 0.001 -15"><span class='ocrx_word' id='word_1_816' title='bbox 2891 5740 2932 5771; x_wconf 70' lang='grc' dir='ltr'><strong>δ’</strong></span> <span class='ocrx_word' id='word_1_817' title='bbox 2969 5736 3039 5793; x_wconf 86' lang='grc' dir='ltr'><em>1η</em></span> <span class='ocrx_word' id='word_1_818' title='bbox 3069 5735 3295 5808; x_wconf 78' lang='lat' dir='ltr'><strong>vulgatis</strong></span> <span class='ocrx_word' id='word_1_819' title='bbox 3323 5744 3420 5806; x_wconf 86' lang='lat' dir='ltr'><strong>est,</strong></span> <span class='ocrx_word' id='word_1_820' title='bbox 3454 5735 3733 5794; x_wconf 82' lang='grc' dir='ltr'>³Λπολλῶ.</span> 
     </span>
    </p>
   </div>
   <div class='ocr_carea' id='block_1_118' title="bbox 475 5815 2290 5898">
    <p class='ocr_par' dir='ltr' id='par_1_118' title="bbox 475 5815 2290 5898">
     <span class='ocr_line' id='line_1_118' title="bbox 475 5815 2290 5898; baseline -0.003 -22"><span class='ocrx_word' id='word_1_821' title='bbox 475 5822 519 5853; x_wconf 78' lang='grc'><strong>⁵⁸</strong></span> <span class='ocrx_word' id='word_1_822' title='bbox 551 5821 612 5876; x_wconf 86' lang='lat' dir='ltr'><strong>In</strong></span> <span class='ocrx_word' id='word_1_823' title='bbox 646 5824 872 5894; x_wconf 80' lang='lat' dir='ltr'><strong>vulgatis</strong></span> <span class='ocrx_word' id='word_1_824' title='bbox 920 5832 1016 5892; x_wconf 88' lang='lat' dir='ltr'><strong>est,</strong></span> <span class='ocrx_word' id='word_1_825' title='bbox 1046 5815 1352 5896; x_wconf 72' lang='grc' dir='ltr'>ἀνωτερωὶὰ</span> <span class='ocrx_word' id='word_1_826' title='bbox 1383 5825 1545 5898; x_wconf 81' lang='grc' dir='ltr'>μέρη.</span> <span class='ocrx_word' id='word_1_827' title='bbox 1620 5824 1665 5857; x_wconf 80' lang='grc'><strong><em>⁵³</em></strong></span> <span class='ocrx_word' id='word_1_828' title='bbox 1691 5823 1756 5879; x_wconf 84' lang='grc' dir='ltr'><em>1η</em></span> <span class='ocrx_word' id='word_1_829' title='bbox 1789 5821 2036 5893; x_wconf 82' lang='lat' dir='ltr'><strong>vulgatis,</strong></span> <span class='ocrx_word' id='word_1_830' title='bbox 2065 5815 2188 5873; x_wconf 80' lang='grc' dir='ltr'>εἶπε</span> <span class='ocrx_word' id='word_1_831' title='bbox 2212 5815 2290 5870; x_wconf 83' lang='grc' dir='ltr'>δέ.</span> 
     </span>
    </p>
   </div>
  </div>
