4114 6420
403 404 495 466 76!

1105 419 1515 501 EXPOSITIO
1545 425 1628 487 IN
1669 427 1861 489 ACTA
1888 430 2469 508 APOSTOLORUM.
2501 471 2578 516 -·.
2605 452 2762 516 CAP.
2808 457 2967 519 XIX.

3516 456 3644 542 .762

466 524 620 640 ’AM’
647 526 872 640 313(9de
905 536 1150 607 Πνεῦμα
1173 538 1347 608 ἅγιον
1378 538 1574 597 ἔστιν.
1610 541 1796 614 Πολλῷ
1819 537 1961 599 οὗτοι

2141 555 2210 610 At
2238 574 2332 612 nec
2360 577 2432 615 an
2461 565 2533 618 sit
2549 568 2758 636 quidem
2793 569 3026 640 Spiritus
3050 581 3290 638 sanctus,
3329 585 3437 629 etc.
3498 573 3640 627 Mul-

395 614 615 670 ἐκείνων
644 618 1022 692 διεστήκασιν,
1052 630 1101 683 οἱ
1137 630 1273 701 μηδὲ
1300 630 1526 703 Πνεῦμα
1553 630 1710 700 ἅγιον
1743 636 1793 687 si
1819 635 1967 691 ἔστιν

393 705 612 771 εἰδότες.
641 709 787 778 Ὅτι,
820 714 932 788 γὰρ
955 718 1077 772 οὐδὲ
1103 722 1183 783 εἰς
1208 722 1445 794 Χριστὸν
1477 723 1788 792 ἐπίστευον,
1808 726 1967 792 δῆλον

392 798 457 851 ἐκ
479 800 576 853 τοῦ
612 803 793 859 εἰπεῖν
811 822 827 839 ο
864 810 969 877 Εἰς
1007 814 1115 866 τὸν
1145 814 1475 884 ἐρχόμενον
1498 817 1628 886 μετ’
1658 820 1846 874 αὐτὸν
1866 820 1967 874 ἵνα

391 893 784 954 πιστεύσωσι.
836 900 950 955 Καὶ
976 901 1082 976 οὐκ
1107 900 1287 968 εἶπεν,
1316 907 1399 959 ὅτι
1419 907 1588 961 Οὐδέν
1614 909 1732 962 ἐστι
1758 909 1821 962 τὸ
1870 909 1967 980 βά-

391 998 598 1054 πτισμα
619 986 890 1058 Ἰωάννου,
918 993 1060 1061 ἀλλ’,
1083 998 1166 1051 ὅτι
1189 998 1398 1063 ἀτελές.
1420 999 1591 1054 Πόθεν
1611 1000 1669 1054 δὲ
1685 1002 1883 1055 ἐκεῖνοι
1907 1004 1967 1056 ὲν

390 1070 600 1146 Ἐφέσῳ
657 1076 814 1145 ὄντες
859 1082 920 1136 τὸ
957 1085 1241 1158 βάπτισμα
1278 1086 1424 1160 εἶχον
1475 1092 1768 1159 Ἰωάννου;
1805 1095 1963 1157 Ἴσως

388 1163 742 1239 ἐπεδήμησαν
761 1175 876 1238 τοῖς
899 1174 1298 1250 Ἱεροσολύμοις
1315 1183 1438 1236 τότε
1465 1185 1560 1238 καὶ
1583 1184 1850 1253 ἀπῆλθον,
1868 1186 1962 1240 καὶ

385 1255 505 1309 οὐδὲ
536 1258 630 1311 τὸν
662 1262 872 1333 Ἰησοῦν
901 1268 1223 1338 ἠπίσταντο.
1255 1274 1330 1328 Οὐ
1358 1273 1513 1343 λέγει
1538 1275 1595 1328 δὲ
1614 1277 1822 1343 αὐτοῖς,
1863 1278 1964 1330 Πι-

385 1349 600 1406 στεύετε
627 1353 707 1417 εἰς
738 1356 831 1440 τὸν
859 1357 1064 1429 Ἰησοῦν
1094 1377 1111 1428 ;
1141 1361 1278 1417 ἀλλὰ
1307 1364 1358 1418 τε
1393 1381 1410 1431 ;
1442 1368 1511 1420 El
1534 1363 1775 1436 Πνεῦμα
1796 1365 1966 1436 ἅγιον

383 1440 628 1532 ἐλάϐετε
647 1451 1102 1521 πιστεύσαντες
1120 1471 1142 1519 ;
1161 1456 1318 1529 ᾝδει
1369 1459 1453 1513 ὅτι
1506 1459 1606 1514 οὐκ
1633 1459 1802 1532 εἶχον,
1829 1461 1966 1515 ἀλλὰ

385 1530 636 1601 βούλεται
680 1539 868 1604 αὐτοῖς
891 1543 1088 1614 είπεῖν,
1119 1546 1208 1601 ἵνα
1264 1547 1532 1620 μαθόντες
1594 1530 1961 1606 ὧνν-ἀπεστέ-

385 1641 602 1697 ρηνται,
630 1631 946 1703 αἱτήσωσιν.

446 1834 557 1890 Καὶ
607 1836 920 1909 ἐπιθέντος
979 1844 1185 1911 αὐτοῖς
1239 1848 1349 1902 τοῦ
1402 1848 1650 1904 Παύλου
1678 1848 1786 1916 τὰς
1829 1848 1959 1921 χεῖ-

372 1940 508 1992 ρας,
540 1922 693 1997 ἦλθε
722 1932 789 1986 τὸ
820 1933 1067 2004 Πνεῦμα
1094 1936 1163 1990 τὸ
1192 1937 1367 2008 ἅγιον
1395 1940 1490 1993 ἐπ’
1533 1941 1756 2007 αὐτούς
1776 1954 1792 1970 ⁸
1819 1940 1963 1994 ἐλά-

376 2019 537 2070 λουν
554 2035 620 2073 τε
644 2022 972 2094 γλώσσαις,
1006 2028 1101 2081 καὶ
1120 2029 1551 2098 προεφήτευον.

445 2103 648 2162 Ἦσαν
673 2109 745 2164 δὲ
770 2113 827 2166 cl
851 2113 1096 2184 πάντες,
1146 2117 1364 2188 ἄνδρες
1404 2121 1547 2177 ὡσεὶ
1613 2124 1892 2185 δεκαδύο.

445 2294 566 2364 οὐχ
595 2293 784 2365 ἐώρων
807 2297 869 2352 τὸ
897 2299 1160 2371 Πνεῦμαο
1190 2302 1422 2376 ἀόρατον
1463 2306 1597 2378 γοὶρΔ
1626 2309 1775 2364 ἐστιν
1793 2326 1811 2343 ·
1873 2313 1963 2365 αἱ·

380 2383 585 2455 σθητδν
622 2385 679 2440 δέ
707 2404 829 2443 τινα
851 2389 1074 2461 ἔλεγχον
1098 2393 1270 2448 ἐδίδου
1301 2395 1397 2464 τῆς
1433 2399 1716 2469 ἐνεργείας
1742 2403 1960 2473 ἐκείνης

374 2477 408 2547 ἡ
444 2477 629 2547 χάρις.
657 2480 767 2534 Καὶ
799 2482 828 2534 ὁ
860 2482 961 2552 μὲν
990 2487 1058 2556 τῇ
1097 2486 1342 2556 Περσῶν,
1373 2491 1401 2542 ὁ
1432 2489 1489 2543 δὲ
1518 2494 1585 2562 τῇ
1638 2491 1949 2563 Ῥωμαίων,

372 2570 400 2621 ὁ
425 2568 482 2622 δὲ
508 2570 677 2642 ἑτέρᾳ
705 2572 1006 2643 ἐφθέγγετο
1032 2577 1257 2647 γλώσσῃ
1276 2594 1290 2609 ·
1328 2578 1424 2633 καὶ
1450 2580 1625 2653 τούτῳ
1656 2585 1955 2655 ἐφανεροῦ-

372 2677 432 2712 το
462 2659 532 2714 τδ
566 2661 767 2726 ἔξωθεν
795 2664 864 2734 ⁸⁸,
909 2664 994 2719 ὅτι
1042 2667 1105 2721 τὸ
1168 2669 1395 2742 Πνεῦμα
1427 2673 1577 2727 ἐστιν
1619 2676 1679 2728 ὲν
1725 2677 1874 2748 αὐτῷ
1900 2678 1962 2731 τὸ

372 2752 775 2825 φθεγγόμενον.

438 2940 755 2997 Εισελθὼν
815 2942 886 2997 δὲ
940 2944 1028 3011 εις
1080 2931 1197 3015 τὴν
1254 2950 1641 3022 συναγωγὴν,
1702 2953 1958 3023 agapen.

376 3030 619 3094 σιάζετο
643 3033 745 3088 ἐπὶ
769 3034 975 3105 μῆνας
1001 3038 1182 3106 τρεῖς,
1205 3039 1636 3112 διαλεγόμενος
1688 3046 1789 3099 καὶ
1829 3047 1961 3100 πεί-

373 3126 494 3178 θων
531 3125 608 3179 τὰ
646 3127 780 3196 περὶ
808 3126 920 3195 τῆς
942 3128 1268 3198 βασιλείας
1298 3132 1404 3186 τοῦ
1435 3135 1606 3192 Θεοῦ.

2068 656 2180 704 tum
2218 654 2288 706 ab
2316 654 2420 709 illis
2442 657 2498 712 hi
2528 660 2806 726 diderunt,
2844 664 2938 734 qui
2997 680 3099 721 nec
3125 682 3194 721 an
3239 673 3387 722 esset
3420 666 3640 736 quidem

2067 738 2306 811 Spiritus
2333 760 2557 806 sanctus
2590 764 2884 811 noverant.
2913 755 3050 811 Nam
3093 772 3196 812 nee
3251 759 3306 812 in
3361 756 3639 812 Christum

2065 838 2284 906 quidem
2315 839 2481 916 [illos]
2505 846 2823 913 credidisse,
2875 848 3048 918 liquet
3074 864 3139 904 ex
3181 865 3247 905 eo
3278 850 3421 920 quod
3448 848 3585 903 dixit
3625 864 3640 901 :

2070 929 2130 985 Ut
2151 932 2206 983 in
2242 947 2383 998 eum,
2402 937 2492 1002 qui
2533 945 2651 1003 post
2702 938 2876 1006 ipsum
2902 947 3152 993 venturus
3176 948 3327 1004 esset,
3351 944 3639 992 crederent.

2062 1019 2142 1074 Ac
2166 1036 2277 1076 non
2308 1023 2446 1079 dixit
2486 1027 2696 1081 nullum
2728 1043 2850 1085 esse
2912 1029 3182 1100 baptisma
3263 1016 3515 1091 Joannis,
3544 1028 3641 1084 sed

2064 1125 2185 1166 esse
2217 1112 2615 1184 imperlectum.
2649 1118 2756 1174 Sed
2783 1120 2928 1175 unde
2951 1121 3051 1179 illi.
3105 1120 3196 1191 qui
3229 1119 3427 1190 Ephesi
3459 1127 3639 1183 erant,

2063 1201 2328 1273 baptisma
2358 1206 2585 1262 Joannis
2613 1210 2927 1266 habebant?
2958 1210 3210 1267 Forsitan
3251 1208 3642 1280 Hierosolymis

2062 1303 2222 1350 erant
2249 1300 2572 1370 peregrinati
2607 1309 2740 1357 tunc
2765 1311 2820 1358 et
2852 1303 3157 1365 abiverant,
3185 1317 3250 1357 ac
3300 1315 3402 1356 nec
3449 1300 3637 1355 Jesum

2062 1389 2281 1459 quidem
2310 1401 2592 1448 noverant.
2622 1393 2901 1449 Nondicit
2943 1407 3124 1449 autem
3155 1393 3284 1458 illis,
3315 1391 3532 1448 Credite
3582 1392 3637 1443 in

2063 1481 2288 1537 Jesum?
2322 1484 2417 1538 sed
2447 1485 2616 1554 quid?
2646 1486 2729 1539 An
2759 1484 3016 1555 Spiritum
3046 1493 3295 1539 sanctum
3354 1483 3640 1551 accepistis

2063 1589 2130 1629 ea:
2151 1592 2252 1646 quo
2280 1576 2617 1632 credidistis?
2647 1577 2990 1633 Noverateos
3011 1592 3123 1632 non
3148 1577 3347 1631 habere
3371 1572 3638 1645 Spiritum

2064 1677 2338 1733 sanctum,
2373 1669 2466 1725 sed
2494 1672 2611 1726 vult
2642 1670 2724 1725 eis
2756 1670 2958 1737 dicere,
2993 1678 3054 1725 ut
3079 1668 3313 1725 scientes
3334 1666 3530 1737 quibus
3556 1679 3642 1718 re-

2065 1759 2168 1814 bus
2194 1771 2435 1824 eareant,
2467 1771 2677 1831 petant.

2134 1850 2296 1908 Vens.
2338 1854 2392 1907 6.
2424 1854 2629 1908 Etcum
2677 1854 2878 1913 Paulus
2915 1871 3104 1908 manus
3137 1854 3212 1908 eis
3284 1849 3641 1918 imposuisset;

2066 1945 2202 1997 venit
2231 1942 2461 2013 Spiritus
2490 1957 2706 2001 sanctus
2735 1964 2893 2016 super
2917 1947 3137 2001 illos:et
3156 1946 3503 2014 loquebantur
3537 1943 3642 1996 lin-

2065 2035 2200 2104 guis,
2232 2043 2280 2087 et
2313 2036 2712 2104 prophetabant.

2135 2127 2300 2183 Vens.
2361 2127 2412 2184 7.
2441 2127 2608 2183 Erant
2640 2138 2819 2184 autem
2873 2129 3086 2184 omnino
3136 2128 3238 2184 viri
3288 2129 3395 2201 fere
3447 2125 3642 2196 duode-

2064 2218 2189 2272 cim.
2482 2216 2487 2219 ’

2134 2312 2253 2367 Non
2287 2313 2548 2370 videbant
2573 2313 2861 2386 Spiritum.
2895 2314 3080 2369 Videri
3110 2313 3257 2368 enim
3292 2328 3400 2368 non
3436 2318 3638 2381 potest,

2064 2404 2158 2459 sed
2209 2405 2382 2476 gratia
2408 2406 2555 2460 illius
2577 2405 2911 2475 operationis
2957 2413 3338 2477 argumentum
3367 2402 3639 2474 quoddam

2063 2504 2120 2550 et
2165 2497 2377 2568 signum
2405 2498 2578 2564 dedit,
2618 2500 2760 2568 quod
2785 2514 2948 2553 sensu
2999 2497 3203 2568 percipi
3235 2502 3435 2566 posset.
3462 2494 3641 2562 Atque

2062 2590 2200 2645 alius
2227 2590 2446 2660 quidem
2484 2592 2667 2663 lingua
2691 2590 3003 2656 Persarum,
3059 2590 3198 2643 alius
3241 2589 3638 2648 Romanormn,

2062 2682 2200 2738 alius
2230 2683 2333 2738 alia
2376 2685 2557 2754 lingua
2592 2684 2956 2754 loquebantur
2984 2698 3003 2735 :
3034 2690 3199 2751 atque
3261 2681 3368 2735 hoc
3397 2679 3641 2734 declara-

2063 2775 2224 2830 batur
2253 2777 2409 2848 signo
2435 2785 2681 2842 externo,
2717 2790 2917 2846 nempe
2960 2772 3228 2845 Spiritum
3252 2785 3373 2826 esse
3430 2770 3522 2839 qui
3561 2771 3639 2823 lo-

2060 2868 2330 2938 quebatur
2355 2868 2411 2921 in
2447 2867 2585 2934 ipso.

2135 2958 2295 3031 144
2316 2958 2480 3015 Vens.
2518 2962 2570 3016 8.
2597 2961 2870 3032 Ingressus
2901 2970 3078 3015 autem
3108 2958 3165 3012 in
3215 2970 3540 3027 synagogam
3571 2954 3639 3008 li-

2061 3053 2176 3105 bere
2203 3051 2512 3121 loquebatur
2547 3054 2617 3108 ad
2647 3071 2847 3109 menses
2869 3064 2994 3118 tres,
3042 3053 3300 3107 disserens
3334 3065 3398 3102 ac
3416 3047 3641 3102 suadens

2061 3161 2145 3208 ea,
2178 3162 2296 3216 qua:
2323 3147 2584 3215 pertinent
2616 3148 2684 3200 ad
2715 3164 2932 3219 regnum
2966 3146 3083 3201 Dei.

440 3216 511 3269 Τί
581 3217 750 3283 ἐστιν,
805 3218 1306 3295 Ἐπορῤησιὰζετο
1332 3239 1352 3287 ;
1382 3225 1528 3294 Πρὸς
1578 3225 1863 3292 κινδύνους
1891 3223 1959 3301 ἦν

2133 3234 2275 3301 Quid
2305 3245 2389 3292 est
2418 3238 2563 3306 quod
2590 3238 2743 3304 dicit,
2774 3216 2960 3292 Ubere
2996 3236 3342 3307 loquebatur?
3372 3236 3641 3293 Periculis

373 3307 872 3377 παρατεταγμένος
893 3324 908 3338 ·
936 3308 968 3377 ἢ
1001 3311 1094 3363 καὶ
1122 3311 1505 3383 φανερώτερον
1556 3315 1852 3385 διελέγετο,
1895 3319 1958 3371 οὐ

371 3397 687 3462 ouanting
739 3400 810 3452 τὰ
862 3398 1129 3468 δόγματα.
1182 3401 1326 3474 Ὅρα
1358 3403 1417 3458 δὲ
1447 3406 1728 3478 πανταχοῦ
1764 3409 1959 3463 ἑαυτὸν

371 3488 706 3543 εἰσωθοῠντα
734 3490 782 3522 ⁸³
811 3490 893 3553 si;
919 3478 1020 3554 τάξ
1057 3496 1409 3565 συναγωγὰς,
1466 3498 1562 3550 καὶ
1585 3496 1759 3563 οὕτως
1783 3499 1958 3566 ἐξιόν-

371 3596 458 3637 τα.
486 3581 781 3655 Πανταχοΰ
808 3587 920 3656 γὰρ
947 3586 1079 3658 παρ’
1098 3588 1279 3642 αὐτῶν
1309 3586 1562 3643 ἐϐούλετο
1583 3588 1768 3644 λαϐεῖν
1791 3591 1962 3665 ἀφορ-

378 3672 509 3742 9d;-

454 3785 561 3850 Ὠς
615 3783 683 3838 δέ
736 3803 896 3853 τινες
955 3787 1412 3859 ἐσκληρύνοντο
1484 3792 1583 3847 και
1639 3794 1957 3862 ἠπείθουν,

376 3876 862 3946 κακολογοῦντες
892 3879 1010 3946 τὴν
1039 3880 1185 3936 ὁδὸν
1210 3882 1471 3938 ἐνώπιον
1509 3885 1615 3939 τοῦ
1646 3887 1955 3954 πλήθους·

373 3968 652 4035 ἀποστὰς
676 3967 779 4022 ἀπ’
806 3967 1008 4024 αὐτῶν
1029 3970 1294 4041 ἁφόφισε
1325 3974 1469 4041 τοὺς
1490 3975 1785 4044 μαθητὰς,
1811 3981 1971 4033 καθ-ν

370 4062 604 4123 ημέραν
659 4056 1087 4128 διαλεγόμενος
1135 4060 1207 4115 ἐν
1260 4059 1339 4131 τῇ
1395 4062 1600 4133 σχολῇ
1654 4065 1959 4134 τυράννου

375 4148 564 4212 τινός.

451 4238 638 4295 Τοῦτο
703 4239 772 4295 δὲ
825 4242 1065 4312 ἐγένετο
1094 4243 1194 4300 ἐπὶ
1247 4244 1352 4313 ἐτη
1404 4245 1538 4313 δύο,
1589 4244 1747 4301 ὥστε
1808 4248 1960 4303 πάνυ

377 4347 485 4397 τας
538 4330 686 4397 τοὺς
718 4334 1150 4403 κατοικοῦντας
1172 4337 1288 4406 τὴν
1337 4337 1541 4392 Ἀσίαν
1575 4338 1835 4394 ἀκοῦσαι
1855 4341 1962 4398 τὸν

385 4423 578 4493 λόγον
633 4423 742 4478 τοῦ
793 4425 1017 4495 Κυρίου
1071 4428 1300 4499 Ἰησοῦ,
1366 4428 1704 4495 Ἰουδαίους
1748 4446 1812 4484 τε
1856 4434 1959 4489 καὶ

379 4514 537 4570 Ἔλλ
544 4532 717 4584 ηνας.

448 4608 945 4678 Κακολογοῦντες
992 4610 1110 4681 τὴν
1157 4613 1324 4670 ὀδόν.
1357 4616 1432 4672 ’Ἡ
1478 4619 1597 4674 ἁδὺν
1657 4621 1809 4691 λέγει
1864 4622 1960 4676 τὸν

377 4699 641 4769 Χριστὸν,
669 4699 729 4762 ὃς
786 4700 883 4753 καὶ
937 4701 1055 4765 ὁδὸς
1111 4704 1393 4761 καλεῖται’
1453 4711 1633 4782 ἢὸδὸν
1669 4712 1817 4781 λέγει
1857 4713 1958 4783 τὴν

377 4791 556 4862 ἀληθῆ
589 4792 798 4862 πίστιν,
843 4793 946 4865 τὴν
975 4793 1063 4848 διὰ
1116 4795 1213 4850 τοῦ
1250 4797 1466 4852 Παύλου
1520 4802 1963 4873 καταγγελλομέ-

380 4900 502 4952 νηνο
545 4884 620 4938 Τδ
672 4885 749 4950 δὲ,
801 4885 1096 4955 Ἀφώρισε
1154 4889 1298 4957 τοὺς
1356 4893 1649 4961 μαθητὰς,
1708 4884 1957 4949 παῖδεύει

386 4976 722 5046 χωρίζεσθαι
744 4979 853 5032 ἀπὸ
903 4979 1017 5033 τῶν
1065 4979 1540 5054 βλασφημούντων
1569 4986 1660 5040 τὸν
1683 4986 1810 5041 Υῑὸν
1861 4985 1957 5040 τοῦ

255 5108 259 5115 .
376 5064 517 5117 Θεοῦ
542 5066 670 5130 τοὺς
706 5069 787 5131 εἰς
815 5069 980 5123 αὑτὸν
1022 5072 1453 5137 πιστεύσαντας.

450 5155 744 5225 Δυνάμεις
785 5156 854 5211 δὲ
878 5158 927 5193 ⁸⁸
995 5161 1069 5216 οὐ
1122 5163 1232 5228 τὰς
1302 5164 1612 5234 τυχούσας
1686 5165 1875 5221 ἐποίει
1920 5167 1956 5220 ὁ

380 5247 530 5314 Θεὸς
554 5249 653 5303 διὰ
690 5249 810 5304 τῶν
836 5252 1052 5322 χειρῶν
1084 5257 1331 5312 Παύλου
1351 5272 1364 5289 ·

453 5339 637 5395 Ὥστε
681 5343 783 5396 καὶ
837 5343 936 5397 ἐπὶ
990 5346 1133 5414 τοὺς
1191 5348 1606 5415 ἀσθενοῦντας
1674 5348 1951 5419 ἐπιφέρε-

380 5432 525 5485 σθαι
569 5434 691 5488 duo
739 5436 848 5491 τοῦ
896 5439 1125 5507 χρωτὸς
1140 5440 1324 5508 αὐτὸς
1372 5440 1689 5510 σουδάρια,
1721 5440 1760 5507 ἢ
1805 5456 1956 5510 σιμι-

2060 3340 2182 3381 sese
2230 3328 2588 3397 opponebat:
2645 3337 2741 3383 aut
2788 3328 2953 3382 etiam
3020 3329 3263 3397 apertius
3312 3326 3637 3387 disserebat.

2060 3435 2171 3475 non
2195 3420 2387 3475 umbra
2421 3421 2722 3476 sententias
2771 3420 3088 3475 obvolvens.
3122 3419 3514 3475 Animadverte
3539 3434 3639 3472 au-

2062 3520 2171 3566 tem
2202 3512 2353 3566 illum
2374 3513 2575 3582 ubique
2599 3528 2718 3568 sese
2746 3513 2800 3566 in
2831 3528 3130 3583 synagogas
3150 3511 3450 3575 intrudere,
3478 3519 3642 3580 atque

2061 3606 2134 3661 ita
2164 3606 2370 3675 egredi.
2413 3605 2625 3675 Ubique
2655 3605 2801 3661 enim
2826 3602 2896 3660 ab
2931 3605 3037 3660 illis
3060 3618 3279 3660 sumere
3306 3604 3519 3659 volebat
3543 3617 3641 3657 oc-

2061 3712 2330 3753 casmnes.

2131 3788 2294 3843 Vens.
2319 3790 2373 3844 9.
2408 3789 2513 3843 Sed
2553 3796 2611 3841 ut
2657 3786 2899 3842 nonnulli
2928 3785 3358 3850 obdurescebant,
3403 3792 3453 3837 et
3481 3783 3639 3852 ﬁdem

2060 3896 2162 3947 non
2192 3879 2473 3959 habebant,
2498 3881 2854 3947 vituperantes
2886 3878 3028 3931 viam
3053 3874 3197 3944 apud
3222 3873 3637 3933 multitudinem,

2059 3973 2326 4040 digressus
2355 3970 2418 4024 ab
2459 3971 2568 4025 illis
2611 3970 2903 4041 segregavit
2932 3968 3245 4039 discipulos,
3273 3965 3508 4038 quotidie
3528 3965 3634 4017 dis-

2057 4078 2232 4117 serens
2260 4063 2316 4116 in
2338 4061 2514 4116 schola
2539 4061 2746 4133 tyranni
2776 4060 3071 4128 cuiusdam.

2131 4249 2293 4307 Vens.
2334 4250 2421 4305 lO.
2452 4249 2621 4320 Atque
2665 4249 2761 4303 hoc
2807 4250 3007 4320 factum
3047 4255 3123 4303 est
3149 4261 3312 4317 usque
3362 4246 3432 4298 ad
3473 4259 3641 4297 annos

2061 4346 2211 4411 duos,
2238 4354 2294 4398 ut
2325 4359 2502 4397 omnes
2532 4343 2622 4413 qui
2652 4341 2835 4396 Asiam
2863 4341 3183 4404 incolebant,
3243 4338 3486 4393 audirent
3527 4350 3644 4389 ver-

2062 4436 2184 4490 bum
2218 4433 2428 4488 Domini
2456 4430 2610 4497 Jesu,
2631 4431 2808 4486 Iudici
2831 4440 2881 4486 et
2913 4429 3109 4486 Grazci.

2138 4615 2509 4686 Viluperantes
2538 4615 2700 4669 viam.
2740 4611 2850 4666 Aut
2873 4609 3019 4666 viam
3042 4607 3174 4664 dicit
3207 4604 3512 4667 Christum,
3542 4602 3638 4672 qui

2065 4710 2231 4765 etiam
2266 4708 2351 4763 via
2383 4715 2608 4762 vocatur
2643 4722 2658 4761 :
2696 4714 2790 4759 aut
2820 4719 2921 4774 per
2959 4701 3101 4758 viam
3154 4697 3423 4769 signiﬁcat
3453 4710 3639 4749 veram

2065 4800 2248 4866 ﬁdem,
2284 4815 2406 4868 qua:
2434 4814 2531 4868 per
2560 4796 2790 4851 Paulum
2840 4792 3291 4849 annuntiabalur.
3346 4786 3503 4855 Quod
3545 4799 3643 4839 au-

2068 4899 2174 4943 tem
2205 4889 2355 4950 dicit,
2390 4886 2688 4957 Segregavit
2736 4884 3039 4955 discipulos,
3071 4882 3233 4937 docet
3266 4894 3363 4935 eos
3398 4877 3490 4949 qui
3523 4891 3643 4931 cre-

2064 4980 2278 5036 duntin
2309 4980 2482 5040 illum.
2546 4987 2606 5032 ut
2644 4975 2929 5032 discedant
2958 4974 3027 5029 ab
3054 4971 3146 5038 iis,
3180 4969 3273 5041 qui
3339 4965 3643 5024 maledittis

2064 5071 2266 5127 laedunt
2289 5069 2627 5138 majestatem
2657 5067 2778 5123 Filii
2805 5065 2924 5121 Dei.

2134 5161 2301 5218 Vens.
2338 5161 2423 5216 ll.
2474 5160 2705 5214 Virtutes
2751 5166 2929 5212 autem
2979 5156 3121 5210 haud
3161 5150 3401 5223 vulgares
3456 5145 3640 5202 edebat

2064 5254 2202 5309 Deus
2240 5270 2332 5325 per
2358 5268 2546 5306 manus
2572 5250 2754 5317 Pauli,
3055 5318 3059 5323 ,
3348 5246 3355 5247 ί

2132 5346 2294 5402 Vnus.
2330 5347 2413 5400 12.
2443 5346 2583 5399 Adeo
2626 5353 2680 5398 ut
2738 5343 2896 5397 etiam
2936 5346 3001 5395 de
3041 5351 3255 5405 corpore
3277 5332 3389 5402 ejus
3414 5331 3635 5387 sudaria

2062 5448 2153 5492 aut
2174 5435 2495 5493 semicinctia
2522 5434 2855 5504 deferrentur
2894 5440 2942 5486 et
2977 5431 3374 5497 imponerentur
3399 5421 3635 5504 (egrotis,

1546 5616 1746 5680 Varia:
1784 5616 2091 5680 lectiones
2135 5622 2198 5678 et
2242 5620 2431 5678 notae.

458 5758 624 5837 "fa.
680 5762 842 5819 τοῦτο
896 5762 975 5837 τῷ
1030 5763 1251 5833 ἔξωθεν.

387 5826 643 5898 δυνάμεις
670 5849 752 5890 τε.

1377 5767 1422 5801 ⁸⁵
1452 5764 1803 5834 Εἰσοοοῦντα,
1853 5776 1990 5822 erat.

2101 5764 2148 5799 "
2194 5762 2259 5820 In
2308 5760 2666 5831 manuscripto
2701 5770 2799 5829 est,
2863 5760 3120 5831 δύναμεις
3152 5756 3246 5811 δέ·
3296 5756 3351 5811 in
3384 5753 3629 5828 vulgatis,
