4114 6436
294 433 302 440 ’
377 418 487 482 763

1270 416 1851 482 THEOPHYLACTI
1884 412 2297 475 BULGARI/E
2336 412 2685 474 ARCHIEP.

3511 402 3620 467 ἴθι

374 529 524 583 etilli
549 529 739 584 morbis
764 530 843 585 ita
875 527 1247 597 liberarentur,
1275 540 1329 585 et
1350 531 1567 601 spiritus
1589 528 1717 582 ntuli
1750 526 1951 581 exirent

2063 525 2256 578 κίνοια
2302 526 2346 558 ⁸⁷
2384 540 2400 555 ο
2446 525 2543 578 καί
2590 522 3083 578 ἀπαλλάττεσθαι
3137 519 3240 574 ἀπ’
3287 516 3488 572 αὐτῶν
3521 519 3633 584 τὰς

374 619 444 703 ab
467 619 598 673 illis.

453 801 528 856 De
553 819 771 872 corpore
791 802 909 872 ejus
932 803 1264 873 deferrentur
1290 808 1342 856 et
1382 801 1779 870 imponerentur
1798 800 1958 854 suda-

2054 617 2303 682 νόσους.
2340 616 2413 670 τά
2430 633 2493 671 τε
2515 617 2825 686 πνεύματα
2883 614 2956 668 τὰ
2984 611 3220 680 πονηρὰ
3273 609 3628 678 ἐξέρχεσθιιι

2054 709 2158 763 ἀπ’
2183 706 2404 762 αὐτῶν.

2127 797 2541 869 Ἔπιςοέρεσθαι
2592 799 2715 854 ἀπὸ
2738 798 2846 853 τοῦ
2888 795 3116 867 χρωτὸς
3156 794 3345 849 αὐτοῦ
3412 790 3636 848 σουδὰο

378 893 482 947 ria.
525 891 644 947 Non
679 891 841 948 modo
866 900 1169 961 gestantem
1220 890 1537 961 tangebam,
1567 905 1756 944 verum
1786 890 1951 944 etiam

2063 907 2171 956 pta.
2208 890 2342 962 Οὐχὶ
2372 890 2669 961 φοροῦντος
2701 890 2937 960 ἥπτοντο
2964 887 3149 956 μόνον,
3189 884 3326 940 ἀλλὰ
3371 885 3464 938 καὶ
3486 883 3635 953 λαμ-

377 992 662 1039 sutnentes
715 981 979 1055 [sudaria]
1010 982 1379 1052 impellebant.
1437 982 1543 1039 Sed
1579 982 1955 1037 animadverte

375 1073 686 1129 Judaeorunt
718 1074 886 1129 animi
913 1073 1193 1128 duritiem.
1228 1073 1363 1128 Cutn
1410 1088 1480 1128 ex
1517 1073 1863 1127 vestimentis
1898 1072 1956 1127 il-

373 1166 553 1219 lorum
583 1164 844 1220 miracula
874 1164 962 1219 edi
1011 1164 1305 1229 vidissent,
1336 1180 1448 1220 non
1481 1164 1746 1220 curabant
1776 1179 1955 1235 neque

373 1256 756 1310 movebantur.
785 1255 922 1311 Nam
958 1256 1330 1322 sudariorum,
1376 1254 1842 1311 semicinctiorum
1899 1265 1955 1311 et

375 1346 691 1403 umbrarum
733 1347 1132 1417 discipulorum
1158 1347 1315 1417 signa
1360 1347 1564 1416 majora
1616 1355 1764 1409 sunt.
1791 1363 1954 1418 quam

372 1452 437 1489 ea
463 1451 586 1505 quat
615 1436 872 1492 Christus
918 1437 1126 1494 ell‘ecit.
1154 1437 1383 1493 Sudaria
1410 1448 1465 1493 et
1491 1438 1852 1504 semicinctia,
1892 1440 1957 1493 li-

374 1540 479 1579 nea
509 1533 635 1580 sunt
666 1535 917 1597 utraque,
949 1529 1044 1585 sed
1069 1530 1288 1584 sudaria
1324 1530 1543 1600 quidem
1582 1529 1741 1600 capiti
1781 1530 1956 1601 impo-

374 1625 606 1681 nuntur,
657 1619 997 1675 semicinctio
1054 1635 1182 1674 vero
1207 1620 1261 1674 in
1307 1621 1563 1676 manibus
1597 1630 1806 1686 tenent,
1862 1623 1956 1693 qui

375 1723 485 1762 non
518 1718 747 1778 possunt
768 1711 982 1765 sudaria
1012 1722 1246 1781 gestare,
1269 1713 1458 1782 quales
1485 1713 1721 1783 suntqui
1746 1722 1959 1784 gestant

374 1802 694 1856 consulares
722 1804 911 1866 stolas,
960 1812 1019 1863 ut
1046 1805 1359 1876 abstergant
1384 1807 1642 1862 humores
1696 1806 1871 1867 faciei,
1899 1816 1961 1862 ut

375 1892 625 1958 sudores,
651 1892 897 1959 salivam,
920 1894 1186 1966 lacrymas
1216 1906 1270 1951 et
1303 1896 1530 1966 reliqua.

444 2068 608 2124 Vens.
648 2071 735 2124 13.
769 2070 1015 2142 Aggressi
1052 2078 1174 2124 sunt
1199 2078 1376 2124 autent
1404 2069 1622 2139 quidam
1661 2085 1724 2124 ea:
1759 2070 1841 2134 iis,
1874 2072 1963 2140 qui

372 2159 717 2214 obambulare
743 2159 978 2214 solebant
1013 2159 1215 2215 Iuda-is
1258 2160 1549 2223 exorcistis,
1588 2159 1643 2213 id
1699 2168 1774 2213 est
1801 2159 1961 2229 adju-

374 2252 659 2315 ratoribns,
686 2251 958 2323 appellare
973 2268 1130 2320 super
1149 2266 1233 2304 eos
1264 2252 1355 2320 qui
1380 2250 1534 2304 malis
1549 2250 1819 2320 spiritibus
1846 2267 1962 2303 cor-

375 2346 509 2413 repti
537 2353 710 2404 erant.
745 2361 932 2398 nomen
967 2341 1348 2406 DominiJesu,
1392 2344 1625 2397 dicentes
1658 2361 1677 2397 :
1725 2343 1962 2415 Adjura-

377 2449 492 2486 mus
521 2449 609 2487 vos
632 2449 725 2501 per
751 2431 959 2501 Iesum,
987 2450 1142 2504 quem
1171 2432 1376 2487 Paulus
1395 2434 1673 2503 pra'dicat.

442 2523 682 2581 Credere
708 2526 928 2597 quidem
958 2526 1044 2582 isti
1100 2527 1390 2592 nolebant,
1462 2527 1555 2581 sed
1616 2540 1713 2595 per
1764 2539 1962 2579 nomen

376 2616 592 2671 Domini
622 2617 749 2673 Jesu
813 2618 1093 2674 dzemonas
1147 2620 1347 2690 ejicere
1378 2619 1653 2674 volebant.
1713 2616 1967 2672 Indicant

373 2709 519 2762 enim
547 2710 708 2763 verba
757 2708 1038 2780 scriptoris
1063 2711 1183 2765 illos
1216 2712 1538 2776 exorcistas,
1579 2726 1692 2765 non
1725 2718 1784 2765 ut
1846 2723 1966 2764 cre-

369 2797 565 2853 dent‘s
589 2798 738 2865 Jcsu,
767 2800 861 2855 sed
895 2810 1240 2856 Iit-tentantes
1282 2809 1336 2857 et
1354 2800 1656 2871 periculum
1677 2797 1962 2863 facientes,

375 2887 535 2958 155
556 2903 652 2957 per
670 2904 865 2943 nomen
894 2888 1103 2944 Domini
1122 2891 1291 2944 nostri
1315 2890 1441 2945 lesu
1464 2890 1664 2945 Christi
1680 2888 1966 2959 adjurasse

374 2981 599 3050 spiritus
628 2981 892 3052 impuros.
925 2983 1079 3049 Quod
1112 2983 1275 3055 igitur
1297 2984 1450 3048 dicit,
1478 2983 1872 3054 ἐπεχείρησαν,
1910 2982 1963 3037 id

375 3080 553 3135 sonat,
586 3071 639 3123 in
688 3087 883 3127 manus
933 3083 1303 3144 sun‘tpserunt,
1347 3090 1538 3129 manus
1572 3074 1962 3141 adhibuerunt,

376 3157 482 3215 hoc
513 3159 801 3231 signiﬁcat,
858 3177 969 3217 non
1000 3161 1120 3219 illos
1162 3163 1384 3233 quidem
1415 3165 1652 3220 conﬁsos
1699 3164 1870 3220 fuisse
1904 3181 1966 3220 se

2057 980 2312 1045 ϐάνοντες
2343 981 2687 1036 ἐπετίθεσαν.
2726 981 2871 1050 Ὅρα
2898 978 2957 1031 δέ
2983 977 3243 1048 πώρωσιν
3285 975 3593 1044 ἰουδαῖκήν
3617 990 3637 1004 ο

2055 1075 2127 1127 τὰ
2161 1073 2357 1144 ἱμάτια
2402 1073 2587 1129 αὐτῶν
2648 1072 2851 1136 ίδὸντες
2897 1066 3250 1142 ἐνεργοῦντα,
3298 1066 3362 1121 οὗ
3413 1066 3634 1135 προσεῖ-

2056 1181 2175 1234 χον.
2207 1164 2289 1217 Τὰ
2307 1164 2418 1235 γάρ
2476 1164 2586 1217 τῶν
2633 1156 2933 1233 σουδαρίων
2982 1160 3077 1214 καὶ
3136 1156 3487 1229 σιμικινθίων
3541 1154 3638 1208 καὶ

2056 1255 2169 1310 τῶν
2202 1256 2372 1310 σκιῶν
2419 1255 2531 1309 τῶν
2564 1253 2821 1326 μαθητῶν
2858 1250 3086 1323 σημεῖά,
3116 1251 3230 1303 εισι
3292 1247 3517 1320 μείζονα
3561 1240 3639 1297 ὢν

2058 1347 2087 1398 ὁ
2161 1345 2372 1417 Ἰησοῦς
2445 1346 2693 1417 ἐποίησε.
2778 1344 3044 1414 Σουδάρια
3137 1341 3232 1396 καὶ
3333 1337 3641 1410 σιμικίνθια

2058 1437 2291 1508 λινοειθῆ
2322 1439 2463 1491 είσιν
2509 1436 2802 1506 ἀμφότερα
2844 1450 2859 1465 °
2892 1434 3033 1506 πλὴν
3087 1431 3157 1488 τὰ
3219 1430 3322 1502 μὲν
3382 1428 3645 1499 σουδάρια

2058 1527 2156 1581 ἐπὶ
2218 1528 2320 1598 τῆς
2380 1527 2627 1598 κεφαλῆς
2695 1524 3079 1580 ἐπιϐάλλεται·
3155 1522 3223 1576 τὰ
3282 1521 3341 1575 δὲ
3399 1517 3642 1589 σιμικίν-

2060 1620 2152 1672 θια
2232 1620 2290 1672 ἐν
2344 1621 2459 1683 ταῖς
2498 1619 2656 1690 χερσὶ
2730 1619 3065 1688 κατέχουσιν
3096 1616 3149 1668 οἱ
3201 1614 3278 1684 μὴ
3332 1611 3631 1687 δυνάμενοι

2062 1710 2276 1782 ώράρια
2292 1710 2338 1743 ⁵⁸
2358 1712 2585 1781 φορέσαι
2614 1725 2629 1743 θ
2674 1703 2777 1762 οἷοί
2806 1711 2945 1762 εἰσιν
2971 1708 3020 1761 ol
3051 1705 3345 1777 φοροῦντες
3368 1703 3644 1762 ὑπατικὰς

2068 1802 2287 1867 στολάς,
2330 1802 2469 1874 πρὸς
2503 1802 2565 1856 τὸ
2603 1800 3019 1871 ἀπομάττεσθαι
3049 1798 3149 1864 τὰς
3175 1797 3487 1870 ὑγρότητας
3544 1791 3651 1848 τοῦ·

1993 1902 2037 1962 B
2068 1891 2387 1962 προσώπου,
2419 1887 2536 1945 οἷον
2566 1891 2828 1962 ἱδρῶτας,
2856 1890 3114 1955 πτύελον,
3142 1889 3407 1959 δάκρυον,
3445 1887 3540 1940 καὶ
3570 1884 3645 1938 τά
3728 1910 3733 1913 ι

2068 1981 2254 2036 λοιπά.

2139 2070 2590 2143 Ἐπεχείρησαν
2651 2071 2719 2126 δέ
2780 2089 2940 2141 τινες
2990 2072 3112 2129 ἀπὸ
3173 2070 3293 2126 τῶν
3338 2085 3647 2139 περιερχο·

2058 2159 2261 2229 μένων
2288 2162 2600 2216 Ἰουδαίων
2620 2162 3009 2231 ἐξορκιστῶν,
3041 2158 3354 2232 ὀνομάζειν
3376 2159 3475 2215 ἐπὶ
3502 2159 3649 2225 τοὺς

2065 2251 2319 2319 ἔχοντας
2347 2250 2419 2306 τὰ
2444 2253 2756 2322 πνεύματα
2779 2251 2853 2307 τὰ
2899 2250 3135 2321 πονηρὰ
3184 2251 3251 2305 τὸ
3302 2250 3492 2320 ὄνομα
3535 2250 3656 2304 τοῦ

2067 2340 2292 2407 Κυρίου
2353 2339 2576 2408 Ἰησοῦ,
2610 2341 2896 2411 λέγοντες
2959 2339 3291 2411 Ὀρκίζομεν
3336 2337 3495 2410 ὑμᾶς
3540 2340 3655 2393 τὸν

2066 2430 2326 2498 Ἰησοῦν,
2354 2431 2426 2484 ὃν
2457 2432 2491 2487 ὁ
2527 2432 2767 2498 Παῦλος
2797 2433 3121 2502 κηρύσσει.

2141 2522 2439 2577 Πιστεῦσαι
2480 2522 2581 2591 μὲν
2621 2516 2770 2579 οῦτοι
2795 2524 2897 2577 οὐκ
2932 2523 3127 2596 ἤθελον
3159 2540 3175 2555 σ
3206 2522 3295 2576 διὰ
3323 2521 3379 2575 δὲ
3401 2520 3496 2575 τοῦ
3526 2519 3648 2574 ὀνό-

2069 2630 2239 2685 ματος
2265 2614 2460 2685 ἤθελον
2486 2614 2771 2670 ἐκϐάλλειν
2793 2614 3079 2686 δαίμονας.
3104 2612 3365 2668 ΔΔείκνυσι
3394 2612 3503 2682 γάρ
3552 2613 3651 2664 αὺ-

2078 2708 2268 2779 τοῦςή
2304 2706 2470 2772 λέξις,
2508 2707 2589 2760 ὄτι
2629 2708 2728 2778 οὐχ
2768 2709 2844 2771 ὡς
2877 2707 3232 2770 πιστεύοντες
3257 2705 3337 2776 τῷ
3356 2702 3536 2776 Ἰησοῦ
3597 2705 3650 2755 οἱ

2066 2794 2379 2867 ἐξορκισταὶ
2434 2795 2725 2870 ἐξώρκιζον
2777 2797 2846 2850 τά
2907 2796 3196 2868 ἀκάθαρτα
3246 2795 3535 2864 πνεύματα
3573 2794 3659 2860 τῷ

2065 2890 2293 2961 ὀνόματι
2336 2887 2435 2943 τοῦ
2460 2888 2668 2960 Κυρίου
2700 2888 2860 2961 ἡμῶν
2885 2888 3065 2960 Ἰησοῦ
3110 2888 3373 2961 Χριστοῦ,
3424 2887 3539 2941 ἀλλ’
3576 2886 3653 2947 ὡς

2066 2982 2441 3052 πειράζοντες.
2480 2979 2553 3035 Τὸ
2604 2980 2720 3046 οῦν,
2792 2981 3245 3052 Ἐπεχείρησαν,
3294 2978 3455 3034 τοῦτο
3500 2977 3654 3048 δηλοῖ

2065 3075 2148 3127 ὅτι
2193 3074 2296 3145 ορκ
2324 3073 2593 3145 ἐθάρρουν
2639 3073 2761 3144 μὲν,
2796 3072 2934 3145 πλὴν
2981 3072 3278 3127 ἐπέϐαλλον
3318 3071 3420 3134 τὰς
3462 3072 3653 3141 χεῖρα..

2067 3165 2216 3227 ὅπως
2242 3163 2630 3229 ἐπιτεύξωνται
2656 3163 2750 3217 τοῦ
2792 3161 3021 3218 σκοποῦ.
3055 3161 3147 3215 Διὸ
3200 3161 3296 3215 καὶ
3323 3164 3423 3231 τῆς
3448 3176 3655 3233 προπε-

374 3249 671 3307 elici-turos
717 3251 861 3324 quod
936 3255 1367 3325 comitabantur,
1424 3256 1519 3311 sed
1582 3272 1774 3313 manus
1830 3257 1963 3328 inje-

2069 3259 2219 3323 τείας
2272 3258 2406 3331 πρὸς
2438 3257 2624 3326 ὀλίγου
2650 3255 2918 3312 δεδώκασι
2948 3256 3122 3326 δίκην.

376 3348 539 3411 cisse,
569 3356 627 3402 ut
651 3360 1119 3419 consequerentur
1141 3351 1286 3420 quod
1314 3350 1496 3407 animo
1527 3364 1949 3425 proposuerant.
1989 3352 2355 3419 Quamobrem
2416 3354 2580 3409 etiam
2617 3368 2810 3425 parum
2850 3350 3045 3420 abluit,
3108 3350 3242 3422 quin
3336 3347 3659 3406 temeritatis

375 3452 490 3493 sua:
523 3454 713 3508 paruas
742 3440 954 3495 dat-ent.

448 3528 616 3586 Vens.
686 3533 767 3587 14,
851 3533 1020 3587 Erant
1070 3545 1253 3592 autent
1313 3539 1532 3608 quidam
1601 3539 1704 3609 ﬁlii
1782 3539 1961 3597 Scevaa
2024 3590 2029 3595 .

377 3622 554 3677 Judwi
579 3623 833 3695 principis
868 3627 1203 3682 sacerdotum
1238 3645 1454 3685 numero
1485 3644 1705 3702 septem,
1731 3634 1822 3703 qui
1872 3634 1966 3688 hoc

381 3712 635 3782 agebant.

452 3801 616 3858 Vens.
648 3805 728 3862 15.
769 3802 874 3861 Sed
920 3807 1138 3875 spiritus
1190 3811 1373 3866 mulus
1410 3817 1731 3884 respondens
1788 3818 1959 3873 dixit:

373 3895 557 3953 Iesum
581 3898 721 3965 noui,
744 3907 793 3952 et
821 3892 1027 3955 Paulus
1067 3903 1198 3958 milii
1245 3921 1350 3959 non
1395 3916 1471 3961 est
1507 3910 1836 3981 incognitus:
1868 3929 1956 3967 vos

372 3998 558 4041 autem
585 3987 804 4057 quinam
824 3992 951 4046 estis
969 3993 995 4045 Ρ

450 4077 616 4134 Vens.
656 4079 742 4135 Hi.
789 4080 854 4135 Et
877 4083 1029 4137 homo
1056 4085 1147 4141 ille
1175 4087 1230 4140 in
1253 4104 1355 4159 quo
1374 4089 1594 4159 spiritus
1623 4091 1797 4145 malus
1818 4102 1957 4161 erat,

378 4168 438 4221 in
456 4167 578 4222 illus
596 4169 796 4239 impetu
831 4174 972 4242 facto
1001 4191 1120 4229 cum
1143 4179 1385 4246 superior
1410 4180 1486 4233 eis
1509 4181 1779 4246 evasisset,
1804 4183 1959 4236 inva-

377 4260 482 4314 luit
522 4262 768 4317 adversus
798 4264 917 4319 illos
955 4268 1110 4336 adeo,
1135 4277 1193 4323 ut
1230 4271 1359 4324 nudi
1389 4280 1438 4326 et
1470 4272 1733 4328 vulnerati
1768 4276 1958 4345 effuge-

381 4362 500 4408 rent
527 4370 593 4409 ετ
627 4356 826 4413 utilibus
854 4359 980 4414 illis.

455 4538 622 4595 Vens.
658 4540 747 4595 17.
785 4541 957 4611 Atque
994 4542 1090 4597 hoc
1140 4552 1320 4598 notum
1353 4546 1555 4615 factum
1596 4556 1672 4601 est
1725 4551 1966 4605 omnibus

377 4629 589 4687 Juda'is
655 4641 813 4703 atque
850 4633 1073 4702 Gra'eis,
1119 4637 1211 4706 qui
1262 4635 1455 4706 Ephesi
1514 4638 1849 4707 habitabant,
1916 4650 1966 4697 et

2139 3536 2346 3596 Ἦσαν
2393 3540 2461 3595 δέ
2519 3557 2681 3606 τινες
2730 3540 2851 3595 υἱοί
2904 3537 3105 3596 Σκευᾶ
3142 3537 3431 3594 Ἰουδαίου
3463 3536 3655 3607 ἀρχιεο

2058 3632 2213 3701 ρέως
2233 3633 2403 3699 ἑπτὰ,
2446 3634 2501 3686 ol
2529 3631 2707 3686 τοῦτο
2736 3630 3072 3697 ποιοῦντες.

2141 3818 2491 3889 ’Λποκριθὲν
2541 3818 2610 3873 δὲ
2665 3819 2730 3874 τὸ
2781 3818 3018 3888 πνεῦμα
3052 3817 3119 3872 τὸ
3170 3816 3460 3886 πονηρὸν,
3489 3810 3655 3870 εἴπεο

2064 3905 2178 3960 Τὸν
2222 3906 2459 3974 Ἰησοῦν
2499 3906 2794 3976 γινώσκω,
2826 3906 2927 3960 καί
2972 3906 3082 3960 τὸν
3129 3905 3382 3960 Παῦλον
3405 3904 3657 3968 ἐπίστα-

2065 4015 2171 4069 μαι
2192 4014 2205 4028 ⁸
2240 3996 2411 4067 ὑμεῖς
2439 3996 2508 4052 δὲ
2531 3999 2691 4065 τίνες
2720 3996 2861 4051 ἐστέ
2884 4013 2903 4060 ;

2131 4088 2240 4145 Καὶ
2260 4090 2674 4159 ἐφαλλόμενος
2705 4088 2797 4142 ἐπ’
2828 4086 3052 4153 αὐτοὺς
3077 4089 3111 4141 ὁ
3148 4085 3481 4155 ἅνθρωπος,
3516 4084 3588 4138 ἐν
3610 4077 3660 4151 ᾧ

2056 4180 2137 4254 ἦν
2162 4184 2224 4237 τὸ
2252 4169 2498 4252 ’πνεῦμα
2525 4182 2592 4236 τὸ
2636 4182 2927 4249 πονηρὸν,
2968 4180 3066 4233 καὶ
3098 4178 3587 4246 κατακυριεῦσαν
3608 4178 3656 4210 ⁸⁸

2058 4273 2279 4338 αὐτῶν,
2328 4274 2554 4344 ἴσχυσε
2591 4273 2719 4326 κατ’
2756 4271 2985 4339 αὐτῶν,
3031 4270 3188 4326 ὥστε
3240 4270 3506 4341 γυμνοὺς
3556 4272 3657 4325 καί

2067 4363 2690 4436 τετραυματισμένους
2722 4364 3008 4434 ἐκφυγεῖν
3050 4363 3119 4418 ἐκ
3157 4361 3266 4417 τοῦ
3308 4362 3479 4417 οἴκου
3503 4361 3655 4416 ἐκεί-

2063 4476 2198 4514 νου.

2139 4546 2325 4601 Τοῦτο
2346 4546 2415 4601 δὲ
2436 4547 2674 4618 ἐγένετο
2710 4546 2987 4617 γνωστὸν
3016 4545 3210 4604 πᾶσιν
3247 4545 3570 4612 Ἰουδαίοις
3593 4560 3661 4599 τε

2066 4639 2163 4693 καί
2201 4639 2464 4707 Ἕλλησι
2494 4637 2619 4705 τοῖς
2657 4638 3010 4693 κατοικοῦσι
3062 4638 3177 4705 τὴν
3209 4640 3509 4707 Ἔφεσονο
3553 4638 3654 4691 καὶ

378 4722 625 4777 omnibus
646 4725 712 4778 iis
730 4737 899 4780 ntetus
917 4726 1145 4796 injectus
1169 4736 1267 4794 est,
1286 4747 1350 4784 ac
1379 4731 1722 4801 magni/iebat
1769 4750 1959 4788 nomen

2063 4731 2249 4785 llas-0's
2266 4731 2310 4763 °°
2336 4730 2523 4800 φόϐος
2546 4730 2643 4783 ἐπί
2675 4729 2909 4797 πάντας
2932 4732 3175 4797 αὐτοὺς,
3211 4730 3312 4784 καὶ
3358 4729 3660 4799 ἐμεγαλύ-

382 4812 598 4867 Domini
621 4813 768 4869 Jesu.

457 4903 561 4969 Qui
603 4905 698 4959 hoc
731 4907 982 4977 agebant.
1042 4909 1121 4964 Illi
1153 4910 1376 4981 quidem
1418 4913 1651 4968 latenter
1705 4915 1959 4986 agebant,

380 4995 530 5066 quod
560 4996 1034 5067 aggrediebantur,
1066 5000 1161 5055 sed
1195 5017 1383 5056 eorum
1420 5002 1763 5059 imbecillitas
1802 5005 1965 5076 vulgo

384 5085 684 5156 spectanda
709 5086 1003 5156 prxbetur.
1035 5092 1210 5159 Atque
1242 5090 1385 5146 haud
1416 5092 1654 5146 alienum
1682 5103 1765 5147 est
1790 5093 1966 5149 admi-

385 5178 493 5232 rari
572 5194 674 5234 cur
755 5179 973 5234 daemon
1046 5196 1157 5235 non
1226 5181 1501 5250 adiuverit
1561 5183 1964 5239 exorcistarum

388 5269 772 5340 imposturam,
806 5270 902 5326 sed
927 5272 1268 5341 redarguerit
1291 5282 1455 5340 atque
1490 5272 1791 5328 convicerit
1822 5273 1969 5339 illos,

388 5369 446 5417 ct
475 5378 662 5418 eorum
688 5362 939 5420 fraudem
966 5363 1306 5435 patefecerit.
1336 5363 1468 5419 Mihi
1490 5364 1705 5421 videtur
1725 5376 1781 5421 et
1802 5367 1967 5423 vehe-

392 5464 607 5510 menter
657 5456 835 5514 iratus
864 5468 920 5513 et
966 5457 1282 5527 indignatus
1328 5456 1528 5512 fuisse:
1564 5459 1792 5528 perinde
1829 5474 1894 5514 ac
1923 5460 1967 5515 si

2060 4822 2205 4881 νετθ
2220 4823 2287 4876 τὸ
2315 4822 2504 4892 ὄνομα
2530 4821 2635 4876 τοῦ
2660 4823 2881 4890 Κυρίου
2915 4821 3141 4889 Ἰησοῦ.

2126 4914 2195 4965 Οἱ
2246 4912 2424 4967 τοῦτο
2466 4912 2801 4979 ποιοῦντες.
2854 4913 3084 4966 Ἐκεῖνοι
3140 4912 3241 4983 μὲν
3283 4910 3657 4966 λανθανόντως

2062 5003 2299 5071 ἐποίουν,
2327 5003 2876 5072 ἁλλ’ἐκπομπεύεται
2907 5004 3089 5057 αὐτῶν
3110 5006 3144 5075 ἡ
3178 4999 3659 5065 άσθένεια.”Αξιον

2066 5094 2125 5148 δὲ
2166 5096 2448 5166 θαυμάσαι
2501 5097 2621 5160 πῶς
2652 5098 2679 5150 ὁ
2707 5096 2919 5167 δαίμων
2950 5097 3011 5150 οὐ
3054 5097 3402 5166 συνέπραττε
3441 5095 3507 5165 τῇ
3541 5091 3659 5145 τῶν

2073 5185 2402 5255 ἐξορκιστῶν
2430 5186 2607 5258 πλάνῃ
2629 5227 2645 5254 ,
2678 5186 2817 5239 ἀλλὰ
2845 5186 3130 5257 διήλεγχεν
3165 5188 3382 5252 αὐτοὺς,
3419 5186 3517 5238 καὶ
3558 5182 3659 5254 τὴν

2076 5276 2284 5346 σκηνὴν
2334 5277 2514 5331 αὐτῶν
2559 5277 2802 5348 φανερὰν
2834 5279 3029 5332 ἐποίει.
3072 5279 3231 5349 Ἐμοὶ
3271 5278 3419 5331 δοκεῖ
3450 5275 3658 5345 σφόδρα

2077 5368 2377 5439 θυμωθεὶς,
2406 5369 2597 5442 ὥσπερ
2628 5369 2695 5424 ἂν
2717 5370 2868 5432 εἴτις
2900 5370 3029 5440 περὶ
3059 5370 3168 5423 τῶν
3199 5371 3446 5440 ἐσχάτων
3475 5365 3663 5421 κινδύ-

2075 5477 2184 5513 νων
2215 5461 2321 5515 ὑπό
2366 5479 2510 5526 τινος
2550 5460 2775 5533 οἰκτροῦ
2804 5460 2897 5515 καὶ
2921 5460 3273 5532 ταλαιπώρου
3304 5460 3657 5529 διελέγχοιτο,

1592 5640 1795 5703 Variae
1824 5640 2132 5704 lectiones
2153 5647 2218 5704 et
2261 5648 2450 5703 notae.

473 5762 515 5791 ³⁷
546 5759 862 5837 ίιιυιιίθοιὶε
884 5776 979 5827 est.
1015 5767 1359 5837 σημικὶνθια,
1391 5776 1438 5821 et
1463 5767 1930 5822 ἀπαλλάσσεσθαι.

2032 5768 2079 5800 ⁵⁸
2113 5770 2234 5822 Ἵσ.
2284 5766 2564 5838 σουδάρια.
2606 5763 2854 5838 Ὠράρια,
2884 5766 3125 5838 quidsit,
3151 5776 3245 5820 aut
3280 5767 3405 5831 quid
3438 5766 3658 5823 omnino

402 5832 501 5888 In.c
534 5832 971 5907 facinu'ingeuue
998 5832 1169 5909 [utcor
1200 5856 1278 5893 me
1301 5840 1520 5896 nescire.
1595 5842 1639 5874 δ’
1665 5838 1728 5893 In
1758 5838 1963 5910 t'ttlguli.‘

2070 5847 2111 5907 t,
2144 5832 2610 5908 κατακυριεῦσας.
2669 5832 2729 5868 ’⁸⁸
2745 5832 3053 5907 Ιηιιιιίθοιὶι
3083 5846 3181 5906 est,
3215 5839 3473 5894 ἐπέπεσε.
