4114 6452
376 482 484 549 ’767

1223 476 1801 542 TIlEOPI-IYLACTI
1840 478 2255 540 BULGARL’E
2281 481 2634 542 ARClIIEP.

3526 468 3633 533 763

380 593 528 662 quod
560 592 815 663 impietas
846 590 1090 663 ipsorum
1116 588 1171 645 in
1206 588 1447 660 periculo
1486 592 1820 648 versaretur,
1854 585 1949 640 sed

2075 586 2153 658 ςὴν
2184 586 2440 640 ὑπόθεσιν
2471 586 2574 639 οὐκ
2603 584 2840 655 ἔχοντος.
2889 582 3044 636 Ἤδει
3074 580 3184 653 γὰρ
3223 581 3252 633 ὁ
3299 579 3636 667 Δημήτριος,

380 684 528 753 quod
560 682 841 754 quaerendi
867 682 1049 738 victus
1078 688 1242 751 atque
1262 678 1505 750 pecunia:
1542 691 1652 730 non
1689 676 1958 732 haberent

2075 677 2140 730 in
2165 676 2352 745 ἠπάτα
2375 677 2502 737 τοὺς
2532 673 2853 746 ἀνθρώπους
2901 672 3072 726 ποιῶν
3121 671 3306 733 αὐτοῖς
3348 668 3512 733 ναοὺς
3541 670 3641 724 καὶ

380 791 416 830 o
434 774 751 830 ‘casiohem.
784 774 1025 829 Noverat
1045 772 1192 828 enim
1220 768 1528 825 Demetrius
1552 781 1675 822 sese
1702 766 1957 838 decipere

383 866 656 928 homines,
687 880 812 921 cum
842 863 1046 919 laceret
1084 862 1187 917 illis
1210 850 1438 916 delubra
1482 874 1546 913 ac
1574 859 1706 914 deos
1761 874 1958 929 argen—

382 966 540 1013 teos:
578 972 643 1013 ac
664 955 966 1022 metuebat,
985 968 1057 1009 ne
1086 952 1508 1009 convinceretur
1537 966 1633 1006 sua
1657 951 1959 1020 impostura

383 1064 483 1119 per
531 1062 716 1103 veram
747 1046 897 1101 Pauli
960 1043 1289 1101 doctrinam.
1351 1026 1626 1098 Metuebat
1678 1042 1831 1107 item,
1888 1056 1960 1097 ne

386 1136 604 1193 tandem
636 1136 801 1192 etiam
837 1135 1061 1207 periret,
1101 1135 1246 1206 quod
1281 1134 1483 1204 Ephesi
1520 1140 1638 1187 erat
1697 1131 1959 1202 templum

386 1225 605 1281 Dianae:
639 1240 703 1280 ac
731 1240 833 1281 suo
865 1224 1051 1280 omine
1082 1238 1336 1279 occasum
1371 1232 1429 1278 et
1469 1222 1749 1277 interitum
1776 1221 1962 1293 templi

380 1315 861 1388 praesigniﬁcabat,
903 1315 1050 1386 quod
1074 1323 1131 1371 et
1162 1313 1383 1370 accidit.

454 1405 622 1464 Vens.
688 1408 781 1464 25.
837 1407 979 1474 Quos
1028 1424 1149 1463 cum
1205 1416 1594 1479 congregasset,
1648 1416 1696 1460 et
1747 1423 1834 1461 eos
1872 1406 1963 1477 qui

382 1495 575 1551 talium
613 1513 790 1552 rerum
811 1497 1023 1568 opiﬁces
1065 1506 1256 1551 erant:
1291 1496 1477 1561 Scitis,
1521 1496 1712 1566 inquit,
1748 1496 1870 1560 viri,
1900 1511 1965 1549 ea:

386 1587 485 1640 hoc
511 1588 720 1657 opiﬁcio
761 1599 970 1642 nostras
989 1604 1099 1643 esse
1129 1588 1431 1656 facultates.

457 1677 626 1733 Vens.
653 1677 746 1732 26.
781 1677 977 1732 Videtis
1004 1686 1182 1733 autem
1208 1687 1256 1732 et
1300 1677 1520 1743 auditis,
1555 1685 1611 1731 ut
1641 1675 1844 1731 Paulus
1869 1677 1967 1732 iste

384 1782 486 1821 non
507 1768 662 1821 modo
691 1768 919 1822 civitatis
949 1768 1205 1838 Ephesiae,
1252 1785 1430 1823 verum
1466 1769 1624 1823 etiam
1654 1768 1813 1822 totius
1842 1785 1965 1837 pro-

2060 766 2214 830 θεοὺς
2265 766 2571 839 ἀργυροῦςο
2622 767 2716 820 καὶ
2764 764 2952 819 ἐδεδίει
3001 764 3076 837 μὴ
3128 763 3360 835 ἐλεγχθῇ
3400 760 3571 818 αὐτοῦ
3596 764 3632 833 ἡ

2061 855 2378 928 ῥαδιουργία
2426 855 2515 909 διὰ
2561 856 2658 926 τῆς
2698 854 2933 925 ἀληθοῦς
2978 854 3075 908 τοῦ
3120 853 3338 910 Παύλου
3391 853 3635 924 διδαχῆς.

2062 947 2281 1000 Ἐδεδίει
2303 946 2360 1000 δὲ
2388 945 2468 1018 μὴ
2485 945 2579 1000 καὶ
2615 947 2697 1010 είς
2720 945 2872 1008 τέλος
2894 943 3164 1015 ἀπόληται
3189 944 3289 1013 τῆς
3318 942 3639 1047 Ἀρτέμιδος

2060 1038 2090 1090 ὁ
2117 1038 2174 1089 ὲν
2201 1037 2415 1109 Ἐφέσῳ
2466 1036 2624 1100 ναός·
2674 1036 2770 1091 uati.
2806 1033 3186 1107 προανεφώνει
3217 1033 3317 1106 τὴν
3357 1032 3642 1088 ἀπώλειαν
3666 1032 3678 1052 τ
3744 1080 3754 1096 ,

2062 1128 2157 1184 τοῦ
2186 1130 2338 1198 ναοῦ,
2369 1130 2397 1184 δ
2421 1131 2514 1185 καὶ
2536 1128 2786 1200 γέγονεν.

2138 1401 2256 1467 Οὓς
2295 1397 2736 1468 συναθροίσας,
2784 1393 2885 1450 καὶ
2922 1393 3067 1461 τοὺς
3117 1390 3253 1460 περὶ
3294 1390 3366 1446 τὰ
3397 1389 3646 1446 τοιαῦτα

2062 1491 2335 1564 ἐργάτας,
2369 1488 2574 1547 εἶπενο
2614 1488 2876 1557 Ἄνδρες,
2905 1487 3239 1541 ἐπίστασθε
3289 1485 3378 1539 ὅτι
3401 1485 3470 1539 ἐκ
3504 1485 3651 1540 tat}-

2065 1603 2174 1654 της
2197 1585 2308 1655 τῆς
2341 1583 2623 1654 ἐργασίας
2658 1583 2696 1650 ἡ
2726 1580 2979 1648 εὐπορία
3011 1577 3182 1647 ἡμῶν
3207 1577 3361 1631 ἐστι.

2141 1676 2253 1730 Kal
2287 1674 2555 1743 θεωρεῖτε
2584 1673 2683 1727 καί
2717 1671 2989 1736 ἀκούετε,
3031 1670 3122 1725 ὅτι
3152 1672 3224 1724 οὐ
3252 1671 3447 1737 μόνον
3477 1667 3650 1737 Ἔφέ-

2065 1784 2205 1833 σου,
2245 1767 2407 1823 ἀλλὰ
2454 1766 2614 1821 real“
2665 1763 2897 1833 σχεδὸν
2940 1762 3149 1829 πάσης
3201 1762 3312 1830 τῆς
3358 1761 3566 1827 Ἀσίας
3611 1764 3647 1814 ό

384 1858 666 1925 pemodum
700 1857 840 1913 Asia:
878 1860 1011 1913 satis
1045 1875 1296 1930 magnam
1348 1857 1735 1913 multitudinem
1795 1858 1964 1914 verbis

2075 1859 2311 1925 Παῦλος
2400 1853 2579 1924 οὗτος
2673 1856 2892 1921 πείσας
2973 1854 3351 1923 μετέστησεν
3437 1850 3655 1905 ίκανύν

384 1962 692 2017 persuasum
725 1949 783 2002 in
816 1964 969 2003 suam
1020 1949 1336 2003 sententiam
1391 1949 1708 2015 traduxerit,
1764 1965 1963 2021 negans

2075 1921 2301 2022 bzlor;
2341 1949 2538 2021 λέγων
2556 1921 2648 2004 δτι
2675 1948 2798 2002 Οὐκ
2839 1921 3125 2002 είσίήθεοι
3179 1947 3233 2000 οί
3287 1944 3386 1998 διὰ
3434 1942 3657 2014 χειρῶν

385 2053 494 2093 esse
520 2040 661 2101 deos,
686 2040 777 2109 qui
806 2040 1054 2094 manibus
1091 2042 1250 2110 ﬁunt.

458 2128 621 2184 Vens.
666 2131 758 2185 9.7.
787 2130 864 2186 Ac
911 2147 1014 2185 non
1070 2137 1222 2186 modo
1266 2130 1562 2199 periculum
1599 2141 1672 2186 est
1732 2149 1798 2188 ne
1849 2133 1963 2187 hac

384 2217 532 2271 nobis
560 2234 687 2285 pars
720 2222 1019 2291 confutetur
1048 2230 1208 2290 atque
1245 2220 1566 2289 reprobetur,
1591 2238 1772 2276 verum
1791 2224 1956 2276 etiam

385 2322 451 2360 ne
480 2323 687 2378 magnae
732 2310 844 2363 dea:
871 2309 1125 2379 templum
1155 2309 1343 2363 Diana:
1371 2327 1466 2379 pro
1500 2311 1670 2366 nihilo
1710 2313 1959 2369 ducatur.

2063 2040 2388 2113 γινόμενοι.

2138 2135 2221 2189 Οὐ
2247 2134 2442 2203 μόνον
2487 2131 2557 2186 δὲ
2601 2133 2781 2188 τοῦτο
2818 2129 3159 2187 κινδυνεύει
3202 2124 3347 2199 ἡμῖν
3380 2130 3444 2183 τὸ
3467 2129 3656 2198 μέρος

2065 2227 2154 2292 είς
2191 2224 2534 2295 ἀπελεγμὸν
2568 2224 2794 2289 ἐλθεῖν,
2829 2223 2990 2279 ἀλλὰ
3025 2223 3119 2276 καὶ
3147 2221 3214 2275 τὸ
3252 2220 3362 2288 τῆς
3386 2221 3661 2291 μεγάλης

2070 2313 2212 2382 θεᾶς
2255 2315 2419 2383 ἱερὸν
2456 2314 2797 2385 Ἀρτέμιδος
2812 2315 2855 2346 ⁸⁷
2890 2316 2979 2379 εὶς
3035 2312 3219 2367 οὐδὲν
3250 2309 3612 2380 λογισθῆναι
3635 2325 3650 2338 ο

387 2396 661 2453 Futurum
702 2410 779 2455 est
816 2410 1017 2464 autem,
1056 2412 1114 2455 ut
1153 2402 1315 2456 etiam
1344 2403 1597 2472 majestas
1637 2405 1771 2474 ejus,
1803 2421 1961 2475 quam

2075 2405 2278 2473 μέλλει
2307 2403 2400 2469 λδὲ
2449 2405 2547 2459 ual
2601 2404 3010 2474 καθαιρεῖσθαι
3062 2401 3178 2471 τὴν
3210 2401 3657 2472 μεγαλειότητα

389 2500 501 2545 tota
527 2491 654 2546 Asia
678 2504 842 2563 atque
870 2502 1137 2548 terrarum
1167 2495 1304 2550 orbis
1334 2495 1475 2560 colit,
1503 2496 1856 2550 subvertatur.

465 2578 624 2653 14⁸1
656 2580 740 2635 Ea:
791 2583 887 2636 hoc
928 2584 1139 2653 opt/icio
1198 2594 1423 2649 nostras,
1484 2593 1594 2639 etc.
1651 2584 1963 2639 Periculum

388 2672 712 2742 proposuit:
752 2674 1008 2730 videlicet
1034 2675 1104 2731 ab
1137 2674 1243 2730 boe
1259 2674 1491 2731 artilieio
1528 2676 1830 2746 periculum
1856 2658 1965 2741 est,

384 2777 458 2818 ne
490 2762 549 2818 in
607 2764 806 2820 famem
846 2766 1176 2822 incidamus.
1214 2766 1535 2838 Quanquam
1564 2783 1627 2823 ea
1659 2784 1780 2839 qua:
1809 2769 1965 2832 dixit,

387 2860 641 2923 poterant
665 2854 788 2911 illos
811 2856 1087 2912 adducere
1119 2856 1186 2912 ad
1225 2858 1504 2929 pietatem,
1538 2867 1592 2913 et
1641 2873 1832 2913 verum
1868 2858 1967 2914 Dei

384 2943 617 3001 cultum.
644 2943 780 2999 Nam
807 2947 853 3001 si
878 2947 1043 3003 homo
1074 2947 1199 3013 iste,
1221 2948 1421 3019 inquit,
1469 2957 1680 3003 tantum
1711 2950 1875 3013 valet,
1908 2958 1970 3005 ut

386 3036 555 3090 etiam
614 3052 807 3094 omnes
865 3038 922 3092 in
978 3054 1132 3094 suam
1201 3043 1529 3096 sententiam
1584 3042 1857 3108 traducat,
1914 3053 1969 3096 et

388 3125 617 3180 deorum
659 3130 840 3184 cultus
878 3145 945 3186 ac
996 3132 1196 3201 templa
1254 3132 1308 3186 in
1360 3133 1606 3203 pericqu
1658 3144 1965 3199 versantur,

387 3218 743 3275 considerare
773 3229 1011 3289 oportet,
1044 3230 1285 3293 quantus
1318 3225 1389 3279 sit
1414 3224 1572 3280 istius
1609 3224 1770 3280 Deus.
1835 3224 1967 3280 Ubi-

387 3324 497 3379 que
535 3320 721 3367 autem
762 3323 936 3369 artem
989 3325 1146 3386 urget
1197 3315 1467 3371 oratione.
1527 3315 1672 3371 Satis
1719 3334 1970 3389 magnam

388 3394 785 3456 multitudinem
820 3404 988 3458 verbis
1024 3421 1333 3474 persuasum
1375 3406 1430 3458 in
1461 3422 1616 3459 suam
1655 3407 1971 3461 sententiam

390 3489 709 3546 traduxerit.
739 3491 859 3546 Non
882 3493 1173 3562 violenter,
1205 3492 1345 3581 [sed]
1367 3496 1439 3550 ita
1459 3497 1788 3566 persuadere
1809 3513 1970 3568 opor-

391 3589 491 3636 tet.
525 3582 703 3655 Atque
734 3585 840 3640 hoc
871 3587 1036 3642 etiam
1062 3587 1262 3643 sullicit
1286 3588 1430 3658 quod
1448 3588 1685 3664 dixerat,
1720 3590 1842 3644 Non
1863 3607 1972 3644 esse

2070 2495 2284 2564 αὐτῆς,
2326 2494 2407 2564 ἣν
2447 2495 2561 2565 ὅλη
2607 2496 2771 2551 Ἀσία
2805 2496 2904 2551 καὶ
2936 2497 2975 2563 ἡ
3007 2492 3330 2563 οίκοινμένη
3384 2493 3653 2546 σέϐεται.

2144 2586 2272 2639 Ὀτι
2303 2586 2372 2640 ἐκ
2406 2586 2626 2654 ταύτης
2669 2585 2780 2655 τῆς
2806 2586 3112 2656 ἐργασίας.
3136 2584 3242 2638 Τὺν
3280 2582 3523 2636 κίνδυνον
3553 2584 3659 2636 έπ-

2075 2675 2322 2745 έστητεν,
2348 2675 2458 2741 ὅτι,
2489 2674 2624 2728 Ἀπὸ
2650 2675 2749 2745 τῆς
2775 2674 2987 2746 τέχνης
3013 2675 3219 2743 ταύτης
3270 2670 3667 2741 κινδυνεύομεν

2073 2766 2153 2828 εἰς
2185 2764 2341 2836 λιμὸν
2374 2767 2660 2835 ἐμπεσεῖν.
2712 2766 2908 2819 Καίτοι
2946 2763 3014 2818 τὰ
3046 2763 3340 2835 εἰρημένα,
3379 2761 3542 2816 ἱκανὰ
3576 2761 3661 2824 εἰς

2073 2855 2361 2909 εὐσέϐειαν
2391 2855 2599 2920 αὐτοὺς
2636 2857 2889 2925 ἀγαγεῖν.
2915 2854 3099 2927 Εἰγὰρ
3117 2854 3428 2926 ἄνθρωπος,
3464 2852 3659 2921 φησὶν,

2074 2941 2229 3011 οὗτος
2262 2947 2506 3002 τοσαῦτα
2545 2946 2742 3018 ἰσχύει,
2784 2948 2861 3009 ὼς
2891 2949 2987 3002 καὶ
3042 2945 3384 3018 μεταστῆσαι
3425 2947 3660 3008 πάντας,

2076 3041 2171 3093 καὶ
2200 3040 2500 3095 κινδυνεύει
2524 3041 2591 3095 τὰ
2610 3041 2721 3095 τῶν
2751 3039 2888 3094 θεῶν
2907 3056 2921 3070 ⁸
2952 3040 3035 3093 δεῖ
3069 3040 3369 3093 ἐννοεῖσθαι
3410 3038 3599 3109 ἡλίκος
3632 3038 3671 3088 ὁ

2075 3131 2269 3185 τούτου
2304 3131 2460 3196 Θεός.
2497 3133 2780 3204 Πανταχοῦ
2821 3132 2880 3186 δὲ
2910 3133 2992 3196 εἰς
3029 3130 3128 3202 τὴν
3172 3129 3370 3201 τέχνην
3410 3129 3543 3185 ὠθεῖ
3570 3130 3670 3182 τὸν

2077 3223 2258 3293 λόγον.
2320 3225 2548 3291 Πείσας
2592 3225 2982 3295 ’μετέστησεν
3035 3222 3247 3277 ἱκανὸν
3304 3222 3515 3291 ὄχλον.
3587 3222 3667 3276 Οὐ

2079 3314 2288 3386 βιαίως,
2334 3315 2478 3370 οὕτω
2521 3315 2605 3370 δεῖ
2650 3316 2882 3371 πείθειν.
2914 3314 3027 3369 Καὶ
3076 3314 3235 3368 τοῦτο
3286 3315 3343 3368 δὲ
3394 3315 3557 3383 ἀρκεῖ
3602 3314 3668 3367 τὸ

2077 3410 2272 3476 εἰπεῖν,
2312 3409 2414 3473 ὅτι,
2469 3411 2591 3463 οὐκ
2622 3409 2741 3464 εισι
2770 3409 2916 3464 θεοί.
2956 3408 3021 3461 El
3040 3409 3140 3480 μὲν
3168 3402 3261 3461 οὖν
3284 3406 3458 3471 οὕτως
3489 3405 3671 3474 εὐφώ-

2082 3518 2243 3572 ρατον
2268 3502 2329 3554 τὸ
2360 3503 2459 3572 τῆς
2494 3501 2769 3566 ἀσεϐείας,
2798 3501 2968 3555 πάλαι
3020 3499 3476 3570 καταγνωσθῆναι
3518 3499 3627 3553 Eiet
3646 3516 3665 3532 ο

2076 3592 2127 3644 εἰ
2164 3591 2220 3643 δὲ
2253 3592 2495 3663 ἰσχυρὸν,
2525 3592 2623 3664 οὐχ
2649 3590 2823 3655 οὕτως
2842 3590 3199 3662 ἀναιρεθῆναι
3232 3588 3465 3658 ταχέως.

389 3676 535 3731 deos.
561 3678 641 3734 Ae
690 3679 734 3736 si
764 3681 984 3751 quidem
1032 3682 1105 3738 ita
1146 3683 1304 3739 facile
1361 3685 1700 3757 deprehendi
1759 3694 1973 3757 poterat
2009 3686 2283 3758 impietas,
2307 3688 2635 3759 jampridem
2673 3688 3094 3745 condemnatam
3158 3704 3282 3745 eam
3323 3702 3446 3745 esse
3500 3701 3671 3758 Opor-

391 3770 571 3825 tebat:
607 3770 691 3826 sin
717 3780 898 3828 autem
949 3789 1038 3830 res
1068 3782 1187 3830 erat
1210 3776 1407 3843 valida,
1435 3792 1547 3832 non
1603 3777 1678 3833 ita
1722 3778 1970 3834 celeriter
2008 3780 2282 3835 sublatam
2319 3796 2442 3836 esse
2474 3794 2572 3851 par
2598 3789 2738 3836 erat.

463 3864 624 3921 Vens.
667 3866 758 3921 28.
797 3866 998 3934 Quibus
1046 3868 1131 3923 illi
1195 3871 1433 3937 auditis,
1475 3869 1617 3941 pleni
1648 3872 1845 3942 furoris
1894 3873 1973 3927 ita

391 3953 727 4011 clamabant:
758 3961 955 4030 Magna
992 3969 1066 4014 est
1094 3960 1267 4015 Diana
1290 3961 1653 4031 Ephesiorum.

463 4045 631 4101 Vens.
669 4046 759 4102 29.
792 4048 858 4102 Et
894 4051 1096 4119 repleta
1144 4060 1220 4105 est
1253 4053 1439 4107 civitas
1481 4061 1592 4107 tota
1649 4054 1974 4126 confusione.

393 4135 632 4209 Cumque
667 4141 1042 4209 eorripuissent
1075 4142 1274 4199 Caium
1308 4155 1359 4200 et
1406 4145 1772 4201 Aristarcltum
1801 4146 1976 4202 Mace-

392 4230 559 4284 donas
590 4233 1026 4302 peregrinationis
1064 4234 1225 4291 Pauli
1247 4239 1485 4305 comites,
1524 4240 1760 4295 universi
1794 4240 1974 4295 irrue-

396 4331 520 4376 runt
546 4324 599 4376 in
631 4326 920 4381 theatrum.

467 4412 621 4476 Pleni
652 4416 870 4485 furoris.
914 4416 1089 4475 Furor
1117 4394 1471 4493 ingeneratns
1493 4433 1580 4480 est
1627 4423 1728 4490 eis,
1757 4426 1978 4495 quando

397 4504 467 4559 de
496 4504 688 4571 Diana,
728 4514 948 4577 quando
980 4509 1048 4565 de
1076 4519 1288 4580 quaestu
1318 4512 1635 4569 audiebant.
1671 4513 1804 4569 Nam
1828 4515 1979 4583 ejus-

2169 3875 2574 3941 Ἀκούσαντες
2605 3874 2675 3929 δὲ
2706 3874 2804 3929 καὶ
2822 3875 3142 3945 γενόμενοι
3168 3874 3422 3943 πλήρεις
3450 3873 3668 3942 θυμοῦ.

2077 3965 2349 4036 ἔκραζον,
2368 3965 2685 4035 λέγοντεςο
2710 3963 2956 4033 Μεγάλη
2978 3964 3016 4031 ἡ
3049 3965 3325 4032 Ἄρτεμις
3354 3965 3668 4033 Ἐφεσίων.

2148 4057 2261 4113 Kal
2308 4057 2589 4126 ἐπλήσθη
2622 4056 2661 4125 ἡ
2708 4056 2889 4124 πόλις
2949 4056 3062 4125 ὅλη
3111 4055 3225 4125 τῆς
3273 4057 3670 4127 conductor

2076 4152 2365 4221 ὥρμησάν
2396 4168 2459 4205 τε
2498 4149 2881 4220 ὁμοθυμαδὸν
2906 4151 2995 4217 εἰς
3026 4149 3096 4203 τὸ
3132 4148 3403 4217 θέατρον,
3436 4164 3672 4216 συναρ-

2078 4243 2389 4308 πάσαντες
2429 4239 2527 4293 καὶ
2549 4239 2593 4272 ⁸⁸
2618 4239 2809 4293 Γάϊον
2839 4238 2938 4292 καὶ
2975 4237 3362 4307 Ἀρίσταρχον
3415 4235 3676 4292 Μακεδό.

2074 4351 2206 4401 νας,
2247 4330 2670 4399 συνεκδήμους
2700 4330 2966 4385 Παύλου.

2149 4423 2260 4479 Kal
2317 4420 2628 4492 γενόμενοι
2661 4418 2914 4487 πλήρεις
2939 4417 3149 4487 θυμοῦ.
3197 4416 3256 4471 Ὀ
3289 4415 3460 4488 θυμδς
3506 4417 3675 4487 γέγο-

2078 4536 2189 4587 νεν,
2219 4518 2309 4572 ὅτε
2346 4516 2475 4585 περὶ
2518 4516 2619 4585 τῆς
2655 4514 2972 4586 ’Λρτέμιδος
2995 4515 3261 4588 ἤκουσαν,
3288 4513 3378 4567 ὅτε
3414 4514 3546 4583 περῖ⁵
3573 4512 3671 4566 τοῦ

400 4595 546 4650 modi
586 4606 719 4653 sunt
767 4613 953 4656 mores
985 4599 1110 4655 vilis
1143 4616 1206 4656 ac
1264 4603 1500 4658 sordida.
1555 4604 1730 4674 plebis
1757 4605 1966 4665 urbana

2085 4606 2384 4681 πορισμοῦ.
2422 4603 2667 4660 Τοιαῦτα
2694 4605 2804 4674 γὰρ
2849 4605 2920 4657 τὰ
2949 4602 3060 4657 τῶν
3094 4604 3373 4673 ἀγοραίων
3397 4602 3531 4675 ἢθη,
3557 4603 3671 4656 ἀπὸ

396 4684 454 4739 in
484 4686 603 4744 foro
639 4690 847 4745 versari
880 4703 1185 4756 consuetae.
1222 4710 1424 4765 nempe
1460 4696 1736 4765 utquavis
1776 4696 1882 4751 levi
1911 4699 1966 4754 dt

2085 4672 2182 4753 τού
2232 4672 2490 4766 τυχόντος
2524 4672 2973 4766 συναρπάζεσθαι
3002 4695 3097 4747 καὶ
3131 4672 3674 4748 ἐκναίεσθαιξΚατὰ

396 4792 559 4833 causa
593 4783 896 4837 concitetur
918 4792 974 4839 et
993 4787 1377 4861 escende-seat.
1403 4786 1463 4842 In
1492 4788 1625 4843 urbe
1641 4796 1821 4844 autem
1849 4790 1966 4846 deos

2087 4790 2246 4845 πόλιν
2275 4788 2333 4843 δὲ
2383 4788 2570 4850 αὐτοῖς
2621 4781 2765 4857 ἦσαν
2797 4786 2933 4850 θεοὶ,
2971 4787 3064 4839 καὶ
3089 4785 3231 4839 οὕτω
3258 4784 3552 4846 διέκειντο,
3593 4783 3672 4846 ὼς

399 4869 699 4940 habebant,
731 4882 895 4945 atque
924 4875 996 4930 ita
1025 4878 1252 4932 animati
1280 4887 1459 4947 erant,
1496 4880 1655 4947 quasi
1718 4896 1857 4936 voce
1890 4881 1966 4936 illa

2085 4883 2175 4938 διὰ
2225 4883 2326 4952 τῆς
2375 4882 2562 4952 φωνῆς
2617 4880 3003 4951 ἀνακτώμενοι
3029 4880 3091 4932 τὸ
3131 4879 3297 4941 σέϐας
3333 4879 3538 4942 αὐτοῖς,
3574 4879 3671 4930 καὶ

399 4977 603 5018 numen
642 4966 745 5021 sibi
776 4969 1139 5025 restituerent
1163 4979 1328 5041 atque
1354 4972 1797 5038 reconciliarent,
1821 4984 1874 5028 et
1914 4989 1966 5029 ea

2083 4976 2153 5030 τὰ
2181 4975 2525 5047 γεγενημένα
2557 4974 2906 5038 ἀναλύοντες,
2939 4972 3191 5043 καθάπερ
3225 4970 3555 5039 φοϐούμενοι
3592 4969 3671 5041 μὴ

397 5070 520 5123 qua:
564 5053 706 5111 facta
772 5070 961 5123 erant,
1046 5063 1422 5117 rescinderent
1501 5071 1558 5118 et
1627 5074 1966 5121 revocarent.

2087 5065 2288 5138 σϐεσοῇ
2318 5067 2378 5119 τδ
2414 5065 2666 5136 σέϐασμα
2701 5065 2903 5134 αὐτῶν,
2934 5064 3173 5136 συνεχῶς
3200 5062 3368 5117 ὲῦόων
3391 5062 3460 5118 θ’.

398 5147 562 5212 Quasi
591 5159 895 5208 metuentes
946 5169 1018 5209 ne
1050 5170 1255 5210 numen
1290 5155 1433 5225 quod
1478 5155 1731 5211 colebant
1768 5159 1980 5214 exstin-

397 5249 677 5308 gueretur,
713 5243 1063 5299 continenter
1092 5245 1557 5302 vociferabantur.

470 5327 639 5393 Vens.
675 5332 764 5388 30.
793 5334 923 5390 Cum
948 5344 1129 5390 autem
1182 5335 1388 5391 Paulus
1436 5338 1589 5395 vellet
1641 5343 1854 5412 prodire
1906 5342 1978 5397 ad

400 5424 675 5493 populum,
718 5442 821 5481 non
848 5429 1078 5483 siverunt
1097 5445 1211 5484 eum
1245 5431 1514 5501 discipuli.

474 5513 639 5574 Vens.
666 5518 756 5574 5|.
786 5520 953 5591 Atque
979 5522 1141 5577 etiam
1171 5523 1415 5578 nonnulli
1439 5541 1504 5580 ea:
1522 5527 1823 5595 proceribus
1839 5526 1981 5584 Asia:

2160 5343 2273 5399 Τοῦ
2306 5342 2375 5397 δὲ
2404 5344 2649 5397 Παύλου
2685 5342 3075 5407 βουλομένου
3118 5340 3420 5396 εἰσελθεῖν
3441 5340 3528 5406 είς
3565 5337 3672 5393 τὸν
3783 5374 3795 5383 -

2087 5428 2303 5506 δῆμον,
2336 5436 2450 5490 οὐκ
2486 5435 2628 5489 εἴων
2648 5434 2837 5489 αὐτὸν
2871 5436 2925 5488 al
2953 5434 3229 5504 μαθηταί.

2165 5528 2330 5594 Τινὲς
2357 5527 2426 5582 δὲ
2454 5526 2553 5582 καὶ
2576 5528 2696 5582 τῶν
2739 5526 3073 5596 Ἀσιαρχῶν
3096 5525 3267 5593 ὄντες
3290 5524 3453 5591 αύτῷ
3478 5523 3668 5594 φίλοι,

1586 5703 1791 5766 Variae
1814 5703 2128 5768 lectiones
2171 5708 2234 5766 et
2278 5709 2471 5766 noue.

471 5823 519 5856 ⁶⁶
541 5823 668 5909 θεαὶ,
681 5840 785 5905 non
800 5836 871 5879 est
897 5828 1146 5909 vulgatis.
1172 5831 1270 5909 ,βξ
1288 5830 1364 5909 ιι
1387 5832 1610 5902 vulgatis
1629 5843 1725 5904 est,
1746 5835 1873 5901 θεᾶς
1897 5835 1966 5908 ’Λι

2075 5837 2210 5900 ιιδος
2239 5834 2402 5907 ἱερὸν,
2426 5848 2476 5889 ει
2506 5836 2664 5905 paulo
2686 5847 2822 5906 post,
2855 5835 3067 5907 μέλλειν
3105 5851 3184 5892 τε.
3230 5836 3296 5907 ,δ’
3326 5836 3458 5891 Ante
3487 5833 3670 5904 Γάϊον,

407 5894 460 5947 in
490 5894 720 5964 vulgatis
743 5912 843 5951 non
873 5906 948 5951 est
979 5894 1093 5955 uni.
1170 5900 1213 5935 ⁸³
1248 5901 1429 5971 ἐϋοαν,
1474 5894 1609 5961 crat.
