4114 6420
348 381 450 445 769

1021 383 1429 444 EXPOSITIO
1469 383 1551 442 ΙΝ
1587 385 1770 444 ACTA
1816 383 2392 449 APOSTOLORUM.
2421 389 2667 450 -C.~\P.
2702 391 2859 451 XIX.

3501 396 3609 459 770

357 497 703 566 πέμψαντες
737 495 891 565 πρὸς
924 499 1136 566 αὐτὸν,
1183 499 1571 567 παρεκάλουν
1598 501 1686 569 μὴ
1718 501 1925 556 δοῦναι

2032 503 2125 571 qui
2155 503 2238 557 illi
2271 517 2422 560 erant
2461 508 2652 573 amici,‘
2679 509 2930 562 miserunt
2963 510 3032 562 ad
3066 527 3182 563 eum
3203 511 3294 581 qui
3317 524 3609 571 monerent.

348 587 566 641 ἑαυτὸν
596 591 684 655 είς
719 589 789 642 τὸ
817 589 1091 658 θέατρον.

421 683 623 736 Ἄλλοι
664 682 784 752 μὲν
833 679 949 738 οὖν
985 684 1140 738 ἄλλο
1195 701 1252 738 τι
1301 683 1550 753 ἔκραζον
1587 681 1688 756 (ἦν
1737 685 1850 755 γὰρ
1888 685 1928 754 ἡ

346 771 646 838 ἐκκλησία
664 771 1136 842 συγκεχυμένη),
1159 776 1329 829 καὶοὶ
1357 775 1607 841 πλείους
1634 775 1746 829 οὐκ
1772 773 1930 844 ᾔδεις

345 875 486 926 σαν,
519 861 685 927 τινος
721 861 935 916 ἕνεκεν
962 865 1494 932 συνεληλύθεισαν
1507 866 1573 918 ⁷ο.

415 953 529 1005 Οὐκ
583 951 711 1007 εἴων
743 954 990 1008 ἐκδοῦναι
1028 955 1222 1010 ἑαυτὸν
1267 957 1488 1026 ἀτάκτῳ
1517 956 1674 1028 δήμῳ
1707 975 1722 990 ·
1754 955 1929 1020 οὕτως

344 1044 510 1097 αὐτὸν
542 1045 762 1114 ἐφίλουν
802 1046 1007 1112 πάντες
1045 1048 1095 1100 οἱ
1153 1049 1357 1101 πιστοί.
1410 1049 1522 1102 Καὶ
1551 1050 1580 1102 ὁ
1614 1049 1826 1112 Παῦλος
1869 1049 1927 1102 δὲ

344 1136 632 1190 πείθεται·
673 1137 734 1190 οὐ
770 1137 883 1209 γὰρ
933 1133 1004 1208 ἦν
1056 1138 1365 1208 φιλότιμος.
1425 1139 1534 1196 Καὶ
1588 1143 1644 1194 ol
1680 1140 1928 1207 πλείους

341 1228 456 1280 οὐκ
505 1228 778 1297 ᾔδεισαν,
833 1230 1000 1297 τινος
1050 1230 1264 1285 ἕνεκεν
1307 1231 1646 1300 συνῆλθον.
1674 1230 1927 1285 Τοιοῦτον

341 1317 452 1387 γὰρ
477 1318 538 1371 τὸ
566 1319 806 1388 πλῆθοςο
853 1319 1046 1385 ἁπλῶς
1100 1321 1316 1389 ἕπεται,
1369 1321 1628 1394 καθάπερ
1681 1321 1794 1394 πῦρ
1845 1322 1928 1387 είς

340 1407 477 1476 ὕλην
507 1409 774 1478 ἐμπεσόν.

423 1502 527 1556 Ἐκ
592 1503 659 1557 δὲ
687 1504 795 1559 τοῦ
843 1504 1035 1574 ὄχλου
1067 1507 1474 1575 προεϐίϐασαν
1513 1505 1923 1573 Ἀλέξανδρον,

334 1595 867 1661 προϐαλλόντωντί
914 1596 1120 1652 αὐτῶν
1163 1597 1288 1652 τῶν
1346 1597 1677 1652 Ἰουδαίων.
1727 1598 1791 1651 '0
1853 1597 1925 1651 δὲ

347 1683 748 1755 Ἀλέξανδρος
767 1691 1135 1757 κατασείσας
1163 1690 1280 1760 τὴν
1300 1689 1491 1760 χεῖρα,
1524 1688 1743 1758 ἢθελεν
1773 1690 1923 1745 ἀπο-

333 1775 649 1844 λογεῖσθαι
675 1776 757 1844 τῷ
782 1778 972 1849 δήμῳ.

419 1837 805 1936 ζεπιγνόντες
822 1837 873 1902 τῖ
916 1837 986 1924 δὲ
1037 1869 1130 1926 ὅτι
1186 1871 1480 1940 Ἰουδαῖός
1527 1872 1684 1936 ἐστι,
1751 1872 1922 1943 φωνὴ
1950 1837 1999 1898 Β

329 1957 575 2024 ἐγένετο
621 1960 732 2028 μία
772 1961 844 2016 ἐκ
896 1961 1163 2028 πάντων,
1194 1964 1277 2030 ὡς
1303 1965 1404 2018 ἐπὶ
1443 1963 1603 2033 ὥρας
1638 1963 1751 2020 δύο
1780 1981 1925 2034 κρα-

331 2049 591 2109 ζόντωνσ
624 2050 870 2122 Μεγάλη
981 2055 1246 2124 Ἄρτεμις
1277 2055 1594 2124 Ἐφεσίων.

399 2142 565 2207 Τίνος
591 2143 778 2198 ἕνεκεν
800 2144 1150 2218 Ἀλέξανδρος
1182 2147 1438 2202 ἐϐούλετο
1482 2148 1874 2218 ἀπολογεῖσθαι
1903 2163 1920 2215 ;

333 2235 429 2308 Μὴ
460 2236 570 2308 γὰρ
601 2238 766 2301 αὐτὸς
805 2239 1108 2312 ὲνεκλήθης
1134 2240 1279 2294 Ἀλλ’
1308 2241 1453 2295 ὥστε
1487 2243 1684 2315 καιρὸν
1717 2243 1923 2314 εὑρεῖν,

2032 609 2098 646 ne
2129 611 2185 648 sc
2212 595 2517 650 immitteret
2546 599 2601 650 in
2634 599 2919 654 theatrum.

2103 685 2267 741 Vens.
2295 688 2385 741 52.
2421 689 2587 759 Atque
2606 689 2704 743 alii
2736 692 2945 761 quidem
2971 692 3121 747 aliud
3148 693 3450 747 clamabant
3472 694 3612 766 [erat

2030 777 2167 830 enim
2198 780 2374 832 concio
2399 779 2676 850 confusa],
2713 796 2778 834 ac
2801 781 3034 852 plerique
3065 783 3401 852 ignorabant,
3419 801 3520 855 qua
3545 787 3612 840 de

2029 883 2193 921 causa
2227 870 2606 924 convenissent.

2101 960 2220 1015 Non
2252 961 2506 1018 sinebam
2534 964 2687 1019 illum
2727 980 2848 1021 sese
2894 968 3210 1036 permittere
3253 971 3454 1040 populo
3485 988 3610 1041 per-

2028 1052 2267 1107 turbato.
2322 1053 2471 1110 Adeo
2498 1071 2691 1111 omnes
2728 1057 2919 1114 ﬁdeles
2959 1061 3110 1114 illum
3163 1062 3462 1132 diligebant
3494 1081 3510 1130 ;
3544 1081 3608 1120 ac

2026 1141 2230 1196 Paulus
2265 1143 2428 1198 etiam
2479 1146 2866 1216 obtemperat:
2908 1165 3018 1202 non
3079 1150 3225 1204 enim
3281 1161 3400 1206 erat
3432 1154 3607 1208 ambi-

2029 1232 2218 1288 tiosus.
2248 1233 2322 1286 Ac
2375 1235 2611 1306 plerique
2648 1239 2983 1308 ignorabant,
3012 1258 3120 1310 qua
3170 1242 3234 1295 de
3277 1258 3466 1309 causa,
3496 1254 3604 1300 etc.

2029 1323 2176 1378 Talis
2219 1326 2363 1381 enim
2417 1337 2501 1382 est
2564 1330 2877 1387 multitudo.
2931 1332 3264 1403 Simpliciter
3331 1337 3604 1405 sequitur,

2026 1417 2484 1485 quemadmodum
2511 1419 2653 1491 ignis
2685 1422 2922 1493 injectus
2955 1423 3011 1478 in
3041 1425 3259 1480 silvam.

2101 1507 2265 1564 Vens.
2297 1509 2386 1564 55.
2419 1509 2509 1564 De
2529 1513 2686 1566 turba
2738 1524 2914 1569 autem
2973 1517 3608 1585 protraxerunt'Alea'an-

2026 1598 2205 1664 drum,
2258 1602 2667 1669 producentibus
2728 1621 2849 1659 eum
2911 1605 3138 1663 ludatis.
3197 1609 3266 1662 Et
3307 1609 3609 1664 Alexander

2025 1705 2144 1743 cum
2201 1707 2367 1746 manu
2419 1694 2805 1765 signiﬁcasset,
2866 1697 3072 1754 volebat
3140 1715 3358 1754 causam
3437 1701 3608 1755 dicere

2026 1782 2244 1851 populo.

2097 1874 2260 1930 Vnus.
2301 1878 2392 1933 54.
2429 1875 2593 1942 Quem
2641 1897 2760 1934 cum
2787 1884 3148 1953 cognovissent
3193 1900 3304 1938 esse
3329 1885 3604 1951 Iudicum,

2025 1981 2133 2019 una
2172 1983 2271 2021 vox
2289 1971 2608 2024 exomnibus
2665 1973 2864 2026 exstitit
2907 1977 3072 2045 ferme
3127 1977 3198 2029 ad
3249 1978 3407 2031 horas
3469 1980 3604 2033 duas

2025 2058 2377 2114 clamantibus
2395 2077 2415 2114 :
2433 2061 2633 2133 Magna
2656 2073 2730 2117 est
2758 2064 2934 2118 Diana
2960 2066 3324 2136 Ephesiorum.

2096 2149 2207 2206 Cur
2241 2152 2550 2209 Alexander
2575 2170 2793 2210 causam
2818 2157 3003 2214 dicere
3054 2159 3313 2214 volebat?
3348 2158 3602 2229 Nunquid

2026 2240 2144 2313 ipse
2175 2253 2467 2301 accusatus
2501 2248 2658 2302 erat?
2691 2247 2894 2303 Verum
2938 2249 2992 2304 id
3024 2249 3252 2306 faciebat
3299 2259 3361 2306 ut
3392 2260 3606 2321 tempus

329 2331 428 2383 καὶ
471 2330 530 2382 τὸ
566 2334 675 2385 πᾶν
726 2333 1134 2404 καταστρέψαι,
1183 2335 1280 2389 καὶ
1331 2333 1561 2388 ἑλκύσαι
1611 2333 1708 2388 τοῦ
1747 2335 1924 2405 δήμου

2030 2342 2405 2403 opportunum
2451 2338 2886 2406 nancisceretur,
2964 2347 3020 2394 et
3091 2348 3264 2396 totum
3329 2341 3605 2413 negotium

328 2420 422 2474 τὸν
466 2420 659 2492 θυμόν.

2028 2425 2220 2481 sedare
2243 2435 2356 2492 tur,
2387 2438 2444 2483 et
2466 2430 2672 2498 populo
2697 2431 2940 2486 furorem
2970 2433 3255 2487 eximeret.

399 2519 860 2584 Κατασείσας⁷³
909 2519 979 2572 δὲ
1031 2521 1064 2574 ὀ
1119 2517 1500 2589 γραμματεὺς
1547 2516 1654 2573 τὸν
1715 2518 1925 2588 ὄχλον,

2102 2516 2264 2589 148
2297 2518 2459 2574 Vens.
2489 2520 2581 2575 ‘55.
2613 2519 2718 2575 Sed
2755 2539 2876 2577 cum
2921 2524 3097 2577 scriba
3155 2525 3364 2579 turbam
3409 2543 3604 2596 repres-

328 2612 567 2681 ςεησίνο
601 2611 854 2679 ’Λνδρες
891 2610 1180 2680 Ἐφέσιοι,
1222 2610 1316 2677 τίς
1359 2609 1470 2682 γάρ
1496 2610 1672 2664 ἐστιν
1704 2609 1925 2677 ἄνθρω·

2028 2608 2180 2662 sisset
2227 2619 2276 2663 et
2338 2626 2503 2665 manu
2560 2608 2826 2666 silentium
2889 2615 3141 2684 fecisset:
3209 2616 3316 2670 Viri
3369 2617 3606 2686 Ephesii,

325 2719 471 2769 nec,
519 2701 587 2769 ὃς
617 2705 689 2757 οὺ
713 2706 994 2772 γινώσκει
1032 2701 1148 2771 τὴν
1185 2703 1479 2772 Ἐφεσίων
1511 2701 1696 2757 πόλιν
1715 2702 1925 2755 νεωκό-

2028 2700 2222 2772 inquit,
2253 2703 2498 2772 quisnam
2526 2705 2682 2759 homo
2718 2713 2791 2758 est
2827 2706 2958 2759 adeo
2989 2723 3166 2760 rerum
3206 2709 3503 2777 imperitus,
3547 2720 3606 2762 ut

319 2813 438 2867 por
468 2791 666 2850 οὖσαν
695 2795 807 2866 τῆς
839 2798 1110 2866 μεγάλης
1148 2795 1286 2863 θεᾶς
1313 2794 1653 2866 ’Δρτέμιὸος
1679 2794 1779 2849 καί
1819 2793 1925 2848 τοῦ

2029 2792 2230 2845 nesciat
2257 2793 2529 2847 civitatem
2562 2792 2913 2860 Ephesiorum
2941 2811 3051 2849 esse
3099 2795 3368 2850 cultricem
3402 2814 3608 2869 magna:

325 2889 661 2956 Διοπετοῦς
685 2905 704 2952 ;

2029 2884 2140 2938 dea:
2177 2883 2364 2938 Dianas
2401 2895 2450 2940 ct
2474 2902 2506 2938 a
2538 2885 2663 2940 Jove
2689 2886 2893 2957 delapsi
2918 2887 3234 2942 simulacri?

391 2979 876 3050 Ἀναντιρῤήτων
915 2982 1029 3036 οὑν
1083 2983 1274 3035 ὄντων
1306 2983 1557 3044 τούτων,
1589 2975 1732 3032 δέον
1754 2973 1925 3030 ἐστὶν

2101 2972 2267 3028 Vens.
2301 2973 2390 3029 56.
2434 2973 2568 3030 Cum
2596 2976 2762 3046 igitur
2814 2977 2932 3030 istis
2987 2978 3140 3030 rebus
3167 2976 3463 3031 contradici
3503 2995 3605 3032 non

321 3071 490 3142 ὑμᾶς
517 3074 1044 3143 κατεσταλμένους
1081 3073 1400 3149 ὑπάρχειν,
1431 3071 1531 3126 καί
1554 3070 1751 3142 μηδὲν
1780 3085 1925 3138 προ-

2029 3067 2213 3135 possit,
2246 3067 2482 3120 convenit
2511 3083 2598 3121 vos
2629 3083 2738 3122 esse
2775 3069 3010 3131 sedatos,
3041 3078 3088 3123 et
3132 3069 3264 3123 nihil
3285 3072 3609 3126 committere

322 3161 514 3230 πετὲς
547 3164 872 3233 πράσσειν.

2030 3158 2169 3229 quod
2198 3175 2429 3229 prwceps
2457 3175 2520 3212 ac
2543 3161 2886 3214 temerarium
2908 3163 3000 3215 sit.

394 3259 608 3322 Καλῶς
657 3260 753 3313 καὶ
812 3259 1217 3330 ὲπιτιμητικῶς
1248 3261 1277 3312 ὁ
1310 3256 1679 3332 γραμματεὺς
1723 3258 1923 3312 ἀπολοο

325 3353 551 3420 γεῖται·
579 3351 676 3404 καὶ
713 3351 814 3404 οὐκ
864 3347 1009 3416 εἷπε,
1060 3351 1159 3414 Τις
1213 3351 1324 3423 γάρ
1382 3351 1556 3415 ἐστιν,
1580 3349 1639 3410 ὃς
1671 3349 1733 3403 οὐ
1764 3349 1924 3418 γι.νὼ-

326 3460 457 3497 cnes
485 3441 587 3514 τὴν
617 3443 884 3513 Ἄρτεμιν
905 3459 922 3476 ο
955 3443 1113 3511 ἀλλὰ,
1153 3441 1272 3511 Τὴν
1306 3443 1490 3495 πόλιν
1544 3442 1662 3512 τὴν
1716 3440 1922 3510 ’ἡμετέ-

319 3551 468 3602 ραν.
508 3533 576 3589 Τί
607 3536 788 3588 τοίνυν
825 3535 982 3606 ζηλοῖ
1027 3533 1144 3588 re"
1168 3534 1244 3599 ὡς
1272 3534 1485 3605 ἀδήλων
1536 3533 1743 3601 δντων;
1781 3534 1922 3605 Πρό-

340 3643 541 3698 σχημα
570 3629 678 3701 γὰρ
713 3629 814 3700 τὴν
843 3629 1124 3684 εὐσέεειαν
1171 3630 1460 3683 ἐϐούλοντο
1505 3631 1703 3682 ποιεῖν.
1721 3627 1795 3681 Τὸ
1838 3627 1920 3690 δὲ,

322 3719 652 3786 νεωκόρον,
702 3720 824 3774 ἀντὶ
868 3719 987 3786 τοῦ,
1049 3721 1375 3791 ίερόδουλον.
1429 3721 1692 3791 Κόρημαι
1715 3721 1760 3751 ⁷⁵
1809 3719 1921 3789 γάρ

322 3811 444 3863 ἐστι
505 3811 568 3862 τὸ
614 3810 850 3882 σαροῦν·
898 3812 991 3882 ἀφ’
1041 3807 1103 3867 οὗ
1140 3813 1237 3866 καὶ
1287 3811 1578 3882 νεωκόρος,
1607 3813 1635 3864 ὁ
1663 3810 1755 3863 τὸν
1793 3809 1922 3864 ναὸν

323 3899 534 3972 κορῶν,
572 3902 694 3972 ἦτοι
724 3903 928 3973 σαρῶν.
973 3903 1267 3969 Amnes-06c
1297 3903 1352 3956 δὲ
1380 3899 1475 3956 τοῦ
1519 3901 1652 3954 ναοῦ
1679 3899 1774 3954 τοῦ
1798 3900 1922 3964 Διὸς

321 3987 417 4041 τοῦ
458 3990 972 4060 στρογγυλοειδοῦς,
1002 3993 1035 4064 ἦ
1072 3992 1365 4055 Διοπετοῦς
1384 3992 1432 4025 ⁷⁸
1453 3991 1615 4045 καλεῖ
1661 3991 1724 4044 τὸ
1753 3991 1925 4058 ἄγαλ-

325 4095 407 4147 μα
461 4079 564 4150 τῆς
598 4079 856 4154 Ἀθηνᾶς,
891 4085 1012 4156 ἦτοι
1046 4084 1108 4138 τὸ
1163 4083 1486 4138 παλλάδιον·
1542 4082 1682 4154 ὅπερ
1715 4081 1923 4136 ἄνωθεν

325 4170 391 4223 ἐκ
420 4170 525 4223 τοῦ
554 4171 679 4237 Διὸς
713 4173 995 4228 διελασθὲν
1026 4169 1212 4246 ᾤοντο,
1241 4175 1337 4230 καὶ
1362 4175 1462 4230 οὐκ
1503 4173 1562 4240 ἐξ
1586 4171 1916 4245 ἀνθρώπων,

327 4263 520 4327 καθὼς
567 4265 837 4334 ὲμύθευον
871 4267 1156 4341 Ἕλληνες,
1209 4267 1350 4340 πρὸς
1407 4267 1749 4339 κατάπληξιν
1814 4267 1924 4320 τῶν

326 4355 765 4428 ἀκεραιοτέρων.

2101 3250 2270 3306 Recte
2296 3261 2458 3322 atque
2488 3253 2653 3308 etiam
2675 3252 2877 3308 additis
2919 3253 3085 3309 minis
3132 3253 3375 3324 loquitur
3401 3256 3605 3322 scriba,

2029 3359 2094 3400 ac
2113 3359 2222 3398 non
2254 3345 2418 3400 dixit:
2446 3345 2709 3413 Quisnam
2730 3354 2812 3401 cst
2845 3346 2938 3416 qui
2969 3347 3180 3418 ignoret
3206 3347 3450 3413 Dianam,
3487 3349 3605 3412 sed,

2030 3446 2266 3490 nostram
2297 3437 2585 3490 civitatem.
2617 3436 2758 3503 Quid
2797 3437 2959 3508 igitur
3008 3437 3181 3493 nimio
3234 3439 3416 3494 studio
3452 3454 3608 3494 com-
3647 3460 3657 3468 ·

2028 3527 2162 3582 moti
2187 3541 2251 3583 ac
2284 3527 2584 3596 perturbati
2617 3528 2772 3594 estis,
2797 3529 2951 3598 quasi
2979 3529 3063 3584 hae
3093 3544 3182 3584 res
3207 3530 3318 3584 sint
3337 3529 3608 3586 obscurae?

2037 3619 2302 3674 Pietatem
2342 3621 2488 3675 enim
2519 3621 2604 3674 sui
2634 3622 2899 3676 tumultus
2923 3636 3145 3677 causam
3189 3637 3408 3678 sumere
3440 3633 3606 3693 atque

2031 3719 2332 3781 praetexere
2365 3712 2660 3780 ,volebant.
2709 3713 2865 3778 Quod
2904 3723 3087 3768 autem
3144 3714 3278 3769 dicit
3338 3716 3609 3785 νεωκόρον

2032 3799 2108 3871 (id
2129 3803 2357 3856 verbum
2377 3817 2475 3872 pro
2504 3803 2672 3856 verbo
2697 3803 2991 3872 signiﬁcat,
3023 3803 3117 3873 qui
3147 3805 3410 3874 templum
3439 3805 3610 3860 verrit

2027 3907 2094 3947 ac
2125 3893 2306 3962 secpis
2336 3893 2574 3964 purgat),
2615 3894 2798 3963 posuit
2850 3909 2948 3964 pro
2995 3909 3154 3949 sacro
3187 3909 3369 3950 servo.
3402 3897 3604 3964 Κορεῖν

2025 3984 2173 4040 enim
2207 3995 2296 4040 est
2331 3984 2474 4039 idem
2507 3985 2654 4054 quod
2707 3985 2931 4058 σαροῦν,
2964 3986 3069 4042 hoc
3098 3995 3204 4052 est,
3252 4002 3474 4043 verrere
3504 4003 3613 4043 seu.

2024 4077 2207 4147 scopis
2236 4091 2492 4148 purgare.
2525 4075 2682 4132 Unde
2711 4078 2876 4132 etiam
2911 4079 3278 4149 compositum
3308 4091 3394 4135 est
3417 4080 3606 4134 νεοκό-

2027 4184 2141 4239 ρος,
2206 4166 2298 4236 qui
2376 4165 2641 4236 templum
2718 4167 2892 4221 verrit
2967 4181 3066 4222 seu
3137 4167 3322 4238 scopis
3386 4174 3604 4238 purgat.

2024 4257 2314 4322 Διοπετοῦς
2341 4269 2547 4325 autem,
2579 4258 2636 4313 id
2659 4267 2764 4322 est,
2799 4257 2986 4328 templi
3027 4255 3178 4314 Jovis
3226 4257 3468 4322 rotundi,
3514 4263 3610 4310 aut

2026 4351 2286 4411 Διοπετὲς
2346 4359 2505 4404 vocat
2540 4349 2901 4405 simulacrum
2960 4349 3237 4415 Minervae,
3265 4349 3380 4404 sive
3429 4349 3608 4402 Palla-

325 4445 516 4505 dium:
553 4426 700 4521 quod
723 4466 963 4523 superne
1010 4468 1041 4508 a
1074 4453 1212 4512 Jove
1235 4455 1559 4520 demissum,
1609 4426 1686 4512 et"
1736 4468 1847 4510 non
1879 4450 1948 4506 ab
1983 4444 2306 4516 hominibus
2371 4443 2577 4499 factum
2630 4458 2754 4498 esse
2805 4443 3095 4513 putabant,
3143 4441 3606 4513 quemadmodum

325 4545 508 4602 Graeci
531 4547 938 4617 fabulabantur,
961 4559 1022 4606 ut
1044 4551 1440 4622 simpliciorum
1465 4552 1633 4607 animi
1665 4544 2032 4607 admiratione
2062 4551 2228 4612 atque
2255 4555 2458 4612 pavore
2487 4547 2842 4609 caperentur.

331 4709 338 4718 ι
412 4641 698 4712 Ἠγάγετο
725 4642 836 4711 τὰρ
859 4641 1005 4710 τοὺς
1036 4643 1261 4712 ἄνδρας
1288 4645 1560 4710 τούτους,
1601 4643 1740 4697 οὔτε
1771 4645 1920 4710 lepo-

2096 4631 2264 4688 Vens.
2302 4631 2393 4711 37.
2427 4629 2746 4684 Adduxistis
2785 4628 2925 4682 enim
2969 4627 3203 4683 homines
3252 4629 3398 4694 istos,
3441 4644 3606 4698 neque

328 4733 602 4811 σύλους,
625 4733 767 4789 οὔτε
798 4734 1340 4805 βλασφημοῦντας,
1353 4736 1470 4820 τὴν
1496 4735 1636 4790 θεὸν
1658 4735 1703 4766 ’⁷
1729 4730 1920 4804 ἡμῶν.

403 4917 612 4986 Elim"
637 4912 752 4972 οὖν
785 4919 1116 4990 Δημήτριος
1149 4918 1250 4974 καὶ
1277 4921 1333 4974 οἱ
1372 4918 1497 4974 σὺν
1544 4915 1706 4981 αὐτῷ
1728 4914 1921 4986 τεχνῖ-

332 5026 430 5063 ται
467 5009 686 5079 έχουσι
718 5013 870 5080 πρός
903 5029 1040 5067 τινα
1094 5012 1303 5082 λόγον,
1353 5012 1620 5083 ἀγοραῖοι
1651 5012 1919 5080 ἄγονται,

332 5101 437 5157 καὶ
499 5103 832 5158 ἀνθύπατοι
868 5104 1064 5158 είσίνο
1098 5103 1546 5173 ἐγκαλείτωσαν
1581 5100 1919 5170 ἀλλήλους.

409 5279 480 5330 El
526 5276 594 5332 δέ
641 5295 698 5333 τι
741 5278 878 5348 περὶ
926 5279 1145 5349 ἐτέρων
1183 5279 1334 5334 Erl"
1357 5275 1698 5348 ἐπιζητεῖτε,
1721 5277 1791 5333 ἐν
1841 5277 1918 5348 τῇ

333 5368 570 5437 ἐννόμῳ
599 5370 901 5440 ἐκκλησίᾳ
929 5371 1387 5441 ἐπιλυθήσεται.

2029 4723 2339 4791 sacrilegos,
2375 4737 2540 4792 neque
2572 4719 2870 4774 maledictis
2898 4717 3234 4787 majestatem
3263 4720 3374 4775 dcte
3412 4729 3608 4776 nostra:

2029 4817 2294 4870 lwdentes.

2027 4951 2032 4955 .
2100 4905 2267 4961 Vnus.
2297 4903 2388 4959 '58.
2420 4904 2572 4969 Quod
2598 4903 2644 4957 si
2668 4902 2966 4958 Demetrius
3018 4913 3068 4958 et
3117 4905 3233 4974 ejus
3267 4906 3396 4960 socii
3431 4906 3608 4974 arti/i-

2029 5015 2112 5054 ces
2167 5013 2389 5051 causam
2447 4997 2701 5050 adversus
2753 4997 2985 5066 aliquem
3043 4997 3255 5060 habent,
3317 5013 3605 5057 causarum

2028 5089 2315 5160 forensium
2363 5088 2575 5156 judices
2621 5090 2886 5140 ducuntur
2945 5096 2993 5141 et
3054 5087 3392 5156 proconsules
3440 5096 3602 5140 sunt:

2027 5188 2273 5236 accusent
2303 5195 2356 5234 se
2380 5188 2586 5232 mutuo.

2097 5273 2264 5328 Vsus.
2302 5272 2392 5328 '59.
2432 5268 2530 5327 Sin
2584 5277 2762 5324 autem
2795 5269 3004 5340 aliquid
3045 5276 3301 5337 praterea
3355 5268 3419 5320 de
3453 5267 3605 5321 rebus

2031 5363 2156 5418 aliis
2204 5362 2459 5433 quaeritis,
2517 5362 2575 5415 in
2631 5360 2864 5430 legitima
2917 5360 3162 5413 concione
3207 5357 3486 5410 dirimetur
3540 5373 3606 5410 ac

2029 5453 2317 5512 decidatur.

1524 5619 1726 5682 Varia)
1766 5616 2078 5682 lectiones
2124 5622 2186 5680 et
2229 5623 2422 5680 notae.

419 5744 965 5820 "juveltqlde'qaav,
995 5757 1132 5820 erat.
1184 5818 1191 5820 Α
1218 5749 1264 5782 ⁷⁸
1292 5748 1356 5804 In
1371 5749 1598 5820 vulgatis
1632 5759 1727 5814 est,
1753 5749 1925 5820 προὸα

2028 5765 2157 5820 των.
2213 5744 2363 5820 _”_In_
2383 5745 2740 5820 manuscripto
2763 5743 3283 5820 erat,_ém_'rvtbvss;j
3305 5743 3363 5798 in
3380 5743 3583 5814 vulgati

350 5817 818 5889 ειμὲπιγνόντων.
922 5818 970 5850 ’³
1001 5818 1068 5872 In
1106 5818 1331 5889 vulgatis
1384 5817 1478 5878 est;
1533 5817 1914 5880 καταστείλας.

1991 5820 2038 5850 ’⁸⁸
2073 5819 2168 5872 la.
2205 5817 2456 5887 ζηλοῦτε.

2564 5817 2611 5848 ⁷⁵
2645 5817 2731 5868 ισ.
2771 5818 2973 5884 κορεῖν,
3001 5815 3039 5884 ἢ
3063 5813 3396 5886 κορεννύειν,
3417 5813 3608 5885 κορεν-

353 5884 524 5940 νύναι.
574 5884 756 5942 “la.
793 5889 1069 5951 Διοπετὲς.
1145 5884 1282 5942 ⁷⁷Ἰη
1331 5888 1557 5959 vulgatis
1590 5901 1687 5956 est,
1718 5891 1815 5961 τὴν
1847 5889 1925 5942 θει

2073 5889 2120 5922 ⁷⁸
2147 5884 2273 5953 ἔτι,
2301 5903 2404 5943 non
2445 5897 2517 5942 est
2570 5888 2624 5939 in
2651 5886 2901 5955 vulgatis.
