4114 6426
372 364 483 427 ’1⁸15

1277 352 1854 417 THEOPHYLACTI
1892 349 2302 413 BUI.GARItE
2341 349 2701 411 ARCHIEP.

3515 341 3623 407 776

371 475 518 530 scitis
549 491 579 528 a
601 473 772 544 primo
799 471 904 537 die,
930 486 993 525 ea:
1026 485 1127 536 quo
1152 470 1208 524 in
1246 470 1426 523 Asiam
1476 470 1745 537 ingressus
1793 482 1929 529 sum,

2059 462 2249 533 Ὑμεῖς
2270 464 2607 518 ἐπίστασθε
2624 462 2741 517 ἀπὸ
2770 459 2875 529 τῆς
2897 460 2941 494 ⁹¹
2967 458 3205 528 πρώτης
3238 458 3486 528 ἡμέρας,
3515 458 3623 527 ἀφ’

374 552 813 637 guemadmodum
864 579 958 634 per
1016 578 1168 617 omne
1216 571 1417 631 tempus
1477 560 1738 613 vobiscum
1769 575 1947 613 uersa-

376 668 461 713 tus
491 659 613 718 sim.

450 748 616 804 Vens.
651 748 735 804 l9.
784 746 1027 803 Seruiens
1059 745 1282 800 Domino
1317 760 1434 797 cum
1470 742 1613 796 omni
1643 742 1814 796 animi
1847 741 1944 794 hu-

376 839 602 893 militate
666 838 947 907 multisque
991 836 1237 905 lacrymis
1280 842 1332 889 et
1375 833 1776 900 tentationibus,
1831 847 1948 901 qua:

379 930 509 984 mihi
541 930 842 984 acciderunt
867 946 961 998 per
989 928 1209 982 insidias
1239 925 1547 980 Judteorum
1577 939 1597 978 :

451 1106 613 1160 Vens.
640 1106 729 1161 20.
771 1104 836 1159 Ut
866 1104 1000 1158 nihil
1031 1104 1171 1175 quod
1196 1103 1330 1157 utile
1380 1109 1514 1156 esset
1547 1101 1949 1171 suppresserim,

377 1198 504 1266 quin
535 1196 912 1249 annuntiarem
954 1194 1098 1249 uobis
1131 1210 1194 1247 ac
1239 1195 1476 1247 docerem
1506 1208 1596 1247 uos
1642 1190 1848 1261 publice
1900 1199 1951 1245 et

377 1288 521 1339 intra
550 1276 793 1356 priuatos
808 1287 1062 1354 parietes,

453 1377 615 1434 Vens.
644 1378 734 1433 21.
773 1378 1082 1447 Testiﬁcans
1128 1375 1330 1431 Judwis
1365 1384 1523 1446 atque
1546 1373 1747 1431 Cra’cis
1782 1373 1952 1443 poeni-

378 1471 602 1524 tentiam
630 1487 751 1541 erga
781 1470 970 1535 Deum,
994 1491 1002 1501 ν
1029 1476 1079 1523 et
1105 1469 1262 1538 fidem
1305 1468 1360 1521 in
1388 1467 1673 1522 Dominum
1712 1474 1952 1521 nostrum

376 1560 584 1614 Iesum.

449 1652 583 1708 Cum
612 1651 753 1705 omni
785 1651 952 1705 animi
983 1650 1307 1706 humilitate.
1328 1649 1446 1705 Non
1481 1649 1605 1706 dicit
1631 1649 1786 1720 151
1814 1649 1950 1704 sim-
1992 1668 1995 1669 ν

380 1742 618 1812 pliciter,
673 1741 811 1798 Cum
873 1740 1041 1796 animi
1075 1742 1405 1805 humilitate,
1458 1740 1578 1805 sed,
1606 1741 1744 1796 Cum
1779 1741 1947 1798 omni.

382 1833 562 1889 Multa:
585 1840 715 1889 sunt
748 1834 890 1889 enim
915 1834 1128 1904 species
1161 1834 1327 1888 animi
1370 1832 1720 1889 demissionis
1750 1842 1808 1889 et
1845 1832 1952 1888 lm-

383 1926 624 1981 militatis
666 1941 681 1978 :
726 1925 783 1980 in
849 1926 1050 1992 verbis,
1081 1927 1136 1980 in
1176 1925 1356 1990 factis,
1414 1925 1628 1981 scilicet
1685 1925 1953 1982 adversus

381 2017 676 2087 principes,
710 2017 973 2072 adversus
1005 2016 1272 2073 subditos.
1309 2015 1556 2071 Euocauit
1591 2016 1820 2072 seniores
1849 2017 1953 2072 Ec-

380 2107 575 2163 clesiaz.
616 2105 883 2174 Quoniam
937 2108 1104 2178 vulgo
1137 2107 1411 2178 incognita
1465 2115 1551 2162 est
1589 2108 1952 2176 consuetudo,

382 2198 618 2252 maxime
655 2197 793 2253 Novi
816 2195 1150 2252 Testamenti
1177 2212 1273 2253 seu
1298 2197 1671 2267 dispositionis
1710 2214 1950 2271 evange-

383 2288 542 2343 licae:
580 2303 689 2357 qua
717 2278 1119 2343 consuetudine
1153 2287 1421 2358 episcopi,
1478 2289 1779 2360 presbyteri
1853 2304 1953 2345 seu

384 2372 529 2431 natu
568 2376 806 2446 majores
857 2376 1231 2443 nominantur,
1257 2387 1312 2433 et
1356 2377 1594 2452 [contra]
1626 2379 1950 2450 presbyteri,

383 2466 627 2538 episcopi
655 2485 670 2522 :
716 2469 879 2523 etiam
904 2470 1006 2524 hoc
1036 2478 1281 2524 notatum
1311 2478 1416 2535 est,
1439 2485 1563 2524 eum
1587 2486 1653 2526 ex
1683 2469 1787 2526 hoc
1814 2472 1952 2534 loco,

383 2567 499 2613 tum
551 2576 618 2616 ex
676 2560 918 2629 Epistola
965 2560 1035 2616 ad
1091 2561 1313 2616 Titum:
1348 2571 1613 2632 praeterea
1663 2562 1825 2617 etiam
1883 2578 1952 2618 ex

380 2653 619 2721 Epistola
646 2654 715 2710 ad
748 2653 1170 2725 Pbilippenses:
1208 2654 1351 2710 scire
1376 2655 1507 2710 item
1546 2656 1845 2726 poterimus
1882 2672 1953 2712 an

376 2747 541 2802 etiam
574 2760 749 2813 exeo,
781 2746 924 2818 quod
947 2761 1291 2818 consequens
1328 2757 1493 2818 atque
1516 2757 1951 2813 consentaneum

379 2844 485 2903 est,
522 2836 665 2892 idem
717 2837 1081 2909 colligendum
1132 2836 1204 2892 sit
1232 2837 1396 2893 etiam
1437 2853 1502 2894 ex
1543 2837 1785 2909 Epistola
1816 2839 1843 2892 1
1884 2839 1956 2894 ad

378 2928 749 2984 Timotheum.
789 2930 858 2984 Et
894 2945 963 2984 ex
998 2929 1151 2985 Actis
1176 2930 1394 3001 quidem
1444 2931 1513 2986 de
1568 2931 1671 2985 bac
1703 2947 1762 2986 re
1820 2932 1955 2987 lides

381 3018 496 3073 lleri
526 3027 725 3088 potest.
756 3020 1034 3090 Scriptum
1054 3029 1138 3077 est
1164 3021 1310 3077 enim
1342 3022 1423 3078 sic
1458 3039 1476 3079 :
1527 3022 1612 3077 Ea:
1649 3023 1827 3078 Mileto
1857 3038 1957 3077 au-

2046 549 2123 623 ἧς
2155 553 2378 622 ἐπέϐην
2401 555 2489 620 εἰς
2514 552 2630 621 τὴν
2672 551 2906 616 Ἀσίαν,
2959 548 3087 617 πῶς
3143 550 3274 620 μεθ’
3319 547 3490 619 ὑμῶν
3515 549 3625 604 τὸν

2047 641 2246 697 πάντα
2267 645 2489 711 χρόνον
2511 642 2828 711 ἐγενόμην,

2120 734 2432 789 Δουλεύων
2462 732 2540 799 τῷ
2578 733 2775 801 Κυρίῳ
2805 732 2955 799 μετὰ
2980 732 3189 799 πάσης
3231 745 3626 802 ταπεινοφρο-

2050 824 2269 892 σύνης,
2326 824 2425 878 καὶ
2476 823 2731 879 πολλῶν
2773 824 3072 893 δακρύων,
3117 823 3220 878 καὶ
3276 825 3628 894 πειρασμῶν

2051 914 2168 967 τῶν
2196 914 2559 984 συμϐάντων
2580 932 2677 984 μοι
2703 916 2774 969 ἐν
2793 914 2925 979 ταῖς
2944 913 3293 982 ἐπιϐουλαῖς
3326 915 3446 971 τῶν
3490 917 3629 970 ἰου-

2050 1003 2232 1058 δαίων
2254 1020 2270 1035 ο
3440 1059 3451 1069 ,

2135 1097 2232 1163 Ὧς
2280 1097 2467 1152 οὐδὲν
2516 1098 2974 1168 ὑπεστειλάμην
3018 1096 3139 1152 τῶν
3195 1099 3632 1168 συμφερόντων

2050 1188 2159 1243 τοῦ
2176 1188 2262 1257 μὴ
2289 1188 2641 1259 ἀναγγεῖλαι
2696 1189 2863 1258 ύμῖν,
2895 1189 2995 1244 καὶ
3016 1189 3259 1256 διδάξαι
3274 1192 3321 1225 ⁸³
3364 1190 3633 1261 δημοσίᾳ

2051 1279 2150 1335 καὶ
2178 1279 2306 1333 κατ’
2332 1281 2567 1347 οἴκους.

2122 1371 2678 1442 Διαμαρτυρὰμενος
2733 1372 3048 1439 Ἰουδαίοις
3090 1390 3156 1428 τε
3204 1373 3307 1428 καὶ
3361 1375 3631 1442 Ἕλλησι

2050 1462 2167 1532 τὴν
2196 1466 2281 1531 είς
2313 1466 2464 1519 Θεὸν
2484 1465 2827 1536 μετάνοιαν,
2868 1466 2969 1521 καὶ
3012 1468 3224 1522 πίστιν
3257 1467 3376 1536 τὴν
3401 1471 3490 1536 εἰς
3523 1469 3633 1523 τὸν

2051 1554 2270 1623 Κύριον
2306 1555 2479 1624 ἡμῶν
2514 1557 2783 1627 Ἰησοῦν.

2123 1648 2282 1703 Μετὰ
2297 1647 2500 1717 πάσης
2524 1651 3105 1720 ταπεινοφροσύνης.
3128 1650 3244 1723 οὐχ
3281 1653 3474 1716 ἁπλῶς
3493 1693 3510 1721 ,
3532 1671 3632 1709 τα-

2052 1740 2501 1812 πεινοφροσύνης,
2549 1740 2709 1810 ἀλλὰ,
2760 1742 2899 1813 μετὰ
2936 1743 3138 1812 πάσης.
3172 1743 3352 1798 Πολλὰ
3377 1744 3488 1815 γὰρ
3513 1746 3631 1812 εῐδη

2050 1832 2153 1901 τῆς
2182 1834 2689 1905 ταπεινοφροσύνης
2708 1849 2724 1866 ⁸
2750 1836 2810 1888 ἐν
2842 1835 3006 1906 λόγῳ,
3040 1836 3098 1890 ἐν
3132 1836 3299 1908 ἔργῳ,
3356 1838 3495 1909 πρὸς
3531 1838 3635 1912 ἄρ-

2053 1941 2248 1995 χοντας
2270 1963 2286 1987 ,
2349 1926 2487 1996 πρὸς
2548 1927 2913 1998 ἀρχομένους.
2978 1930 3435 1984 Μετεκαλέσατο
3487 1931 3636 2001 τοὺς

2051 2013 2498 2087 πρεσϐυτέρως
2536 2018 2650 2087 τῆς
2686 2020 3075 2088 Ἑκκλησίας.
3120 2022 3341 2093 Ἐπειδὴ
3373 2022 3633 2079 λανθάνει

2052 2109 2182 2174 τοὺς
2213 2109 2444 2175 πολλοὺς
2466 2112 2501 2182 ἡ
2528 2111 2809 2181 συνήθεια,
2849 2111 3086 2182 μάλιστα
3110 2113 3210 2183 τῆς
3248 2114 3461 2185 Καινῆς
3497 2116 3631 2169 Δια-

2053 2201 2250 2272 θήκης,
2304 2203 2433 2267 τοὺς
2487 2204 2824 2267 ἐπισκόπους
2855 2203 2985 2267 τοὺς
3046 2204 3459 2276 πρεσϐυτέρους
3508 2207 3632 2260 ὀνο-

2056 2292 2330 2361 μάζουσα,
2359 2294 2607 2357 καὶτοὺς
2636 2295 3042 2366 πρεσϐυτέρους
3071 2295 3441 2361 ιπισκόπουςο
3477 2314 3636 2368 σεση-

2057 2383 2286 2451 μείωται
2332 2384 2427 2440 καὶ
2454 2384 2616 2439 τοῦτο
2644 2384 2898 2439 ἐντεῦθέν
2943 2403 3005 2440 τε
3037 2388 3133 2441 καὶ
3169 2388 3269 2458 τῆς
3299 2388 3438 2460 πρὸς
3466 2389 3631 2443 Τίτον

2067 2476 2414 2548 Ἐπιστολῆς,
2435 2475 2517 2532 ἔτι
2536 2494 2596 2531 τε
2631 2477 2725 2531 καὶ
2754 2478 2855 2547 τῆς
2884 2478 3024 2548 πρὸς
3046 2478 3444 2551 Φιλιππησίους
3462 2481 3633 2535 ἐἰσό-

2058 2567 2199 2639 μεθα
2226 2568 2310 2635 δὲ,
2343 2571 2392 2623 εἰ
2421 2569 2517 2623 καὶ
2547 2568 2694 2623 κατὰ
2723 2569 3016 2625 ἀκόλουθον
3050 2571 3112 2624 τὸ
3162 2571 3297 2626 αὐτὸ
3348 2571 3638 2628 inlusio»;

2056 2661 2152 2715 καὶ
2187 2662 2253 2713 ὲκ
2281 2663 2382 2730 τῆς
2411 2659 2553 2729 πρὸς
2586 2660 2853 2731 Τιμόθεον
2910 2659 3157 2732 πρώτης.
3206 2661 3338 2715 Ἀπὸ
3386 2663 3486 2732 μὲν
3540 2660 3637 2719 οὖν

2055 2751 2164 2805 τῶν
2188 2752 2233 2805 Π
2242 2752 2451 2822 ράξεων
2470 2752 2587 2806 ἐστι
2616 2754 2747 2823 περὶ
2767 2751 2961 2806 τούτου
2985 2752 3298 2823 πεισθῆναι.
3319 2754 3637 2822 Γέγραπται

2062 2844 2171 2916 γὰρ
2223 2846 2431 2908 οὕτως·
2479 2843 2626 2899 Ἀπὸ
2676 2844 2746 2899 δὲ
2792 2843 2903 2914 τῆς
2945 2844 3218 2912 Μιλήτου
3260 2846 3507 2916 πέμψας
3549 2848 3640 2913 είς

2063 2938 2345 3005 Ἔφεσον,
2377 2934 2828 3005 μετεκαλέσατο
2854 2935 2997 3002 τοὺς
3045 2937 3488 3007 πρεσϐυτέρους
3527 2935 3641 3007 τῆς

2071 3014 2466 3094 Ἐκκλησίαεο
2495 3029 2592 3082 καὶ
2615 3027 2715 3081 οὐκ
2744 3028 2986 3098 εἴρηκεν,
3015 3028 3098 3082 ὅτι
3127 3027 3257 3090 τοὺς
3276 3027 3635 3091 ἐπισκόπους.

381 3118 486 3164 tem
520 3109 780 3180 Ephesum
805 3114 1001 3167 nuntiis
1033 3114 1231 3179 missis,
1249 3116 1476 3169 evocavit
1500 3116 1828 3186 presbyteros
1853 3114 1957 3169 Ec-

2063 3115 2198 3173 Εἷτα
2254 3120 2546 3192 ἐπιφέρει·
2588 3121 2684 3174 Ἑν
2710 3113 2758 3187 ᾧ
2795 3119 2953 3190 ὑμᾶς
2980 3120 3046 3174 τὸ
3068 3120 3314 3189 Πνεῦμα
3352 3119 3419 3174 τὸ
3466 3119 3642 3191 ἅγιον

381 3200 590 3256 clesiw:
621 3217 685 3257 ac
728 3218 840 3257 non
890 3202 1026 3260 dixit
1067 3202 1387 3276 [advocasse
1420 3204 1600 3278 illum}
1639 3207 1948 3276 episcopos.

380 3292 585 3348 Deinde
613 3293 923 3365 subjungit:
950 3295 1019 3350 In
1047 3313 1148 3368 quo
1169 3314 1323 3368 grege
1352 3296 1587 3367 Spiritus
1618 3307 1832 3352 sanctus
1869 3313 1959 3352 vos

381 3384 554 3451 posuit
579 3384 861 3454 episcopos,
897 3384 967 3438 ad
985 3386 1305 3454 pascendam
1340 3386 1633 3441 Ecclesium
1662 3386 1874 3440 Domini
1898 3403 1963 3441 ac

383 3472 505 3527 Dei.
537 3474 612 3528 Ex
652 3475 885 3544 Epistula
908 3485 1084 3531 autem
1110 3478 1177 3531 ad
1207 3478 1416 3542 Titum,
1472 3475 1541 3530 Et
1564 3477 1845 3531 constitues
1870 3492 1963 3545 per

382 3565 621 3636 singulas
677 3567 934 3631 civitates,
994 3568 1190 3638 inquit,
1234 3567 1589 3638 presbyteros,
1623 3567 1964 3636 quemadmo-

381 3658 510 3710 dum
547 3674 640 3728 ego
685 3660 778 3712 tibi
810 3661 1105 3728 prtescripsi
1127 3660 1197 3713 ³⁷.
1249 3659 1324 3713 Ex
1361 3656 1605 3727 Epistola
1658 3656 1726 3711 ad
1749 3654 1957 3727 Philip-

383 3762 578 3818 penses
608 3765 622 3803 :
659 3749 858 3805 Paulus
891 3763 940 3805 et
971 3750 1270 3806 Timotheus
1297 3748 1433 3803 servi
1458 3745 1662 3801 Christi
1704 3746 1854 3811 Jesu,
1892 3747 1959 3801 iis

381 3839 472 3907 qui
506 3851 623 3893 sunt
643 3839 904 3912 Philippis
935 3860 1040 3897 una
1064 3859 1183 3897 cum
1206 3839 1464 3909 episcopis
1483 3848 1533 3892 et
1554 3837 1795 3892 diacouis
1811 3838 1964 3893 ³⁸.-

385 3929 455 3984 Ut
511 3931 644 3987 nihil
686 3937 1071 4002 suppresserim
1113 3933 1254 4005 quod
1294 3929 1424 3985 utile
1455 3938 1586 3984 esset
1625 3930 1770 3984 nobis
1806 3938 1963 4001 atque

383 4027 714 4094 conduceret,
741 4029 869 4099 quin
884 4029 1283 4083 annuntiarem.
1307 4023 1440 4079 Nam
1457 4023 1504 4079 si
1525 4022 1601 4096 [id
1620 4022 1824 4079 factum
1854 4022 1963 4097 est]

381 4131 495 4171 non
546 4120 834 4188 oportebat
876 4120 1018 4174 scire
1048 4118 1193 4189 [quae
1227 4116 1401 4171 celata
1447 4122 1613 4184 atque
1666 4130 1963 4186 suppressa

2060 3211 2230 3265 ἔθετο
2247 3211 2622 3278 ἐπισκόπους
2642 3212 2980 3280 ποιμαίνειν
3000 3210 3115 3280 τὴν
3129 3211 3504 3280 Ἐκκλησίαν
3529 3212 3640 3267 τοῦ

2061 3303 2286 3369 Κυρίου
2329 3303 2431 3356 καὶ
2487 3303 2664 3358 Θεοῦο
2696 3304 2804 3358 ἀπὸ
2830 3304 2887 3357 δὲ
2919 3304 3015 3374 τῆς
3036 3305 3177 3374 πρὸς
3204 3301 3364 3357 Τῖτον
3404 3303 3645 3356 Ἐπιστο-

2062 3391 2164 3461 λῆς
2183 3409 2199 3423 ι
2227 3392 2339 3447 Καὶ
2367 3394 2775 3462 καταστήσεις
2796 3393 2948 3449 κατὰ
2977 3395 3182 3458 πόλιν,
3208 3392 3362 3464 φησὶ,
3388 3395 3645 3463 πρεσϐυ-

2064 3482 2299 3550 τέρους,
2328 3483 2411 3549 ὡς
2433 3483 2548 3553 ἐγώ
2577 3500 2678 3538 σοι
2704 3484 3107 3555 διεταξάμην’
3155 3485 3266 3539 ἀπὸ
3290 3485 3345 3539 δὲ
3372 3485 3473 3554 τῆς
3506 3484 3644 3554 πρὸς

2065 3572 2488 3641 Φιλιππησίους·
2530 3574 2768 3641 Παῦλος
2800 3577 2899 3631 καὶ
2945 3576 3242 3645 Τιμόθεος,
3269 3575 3480 3631 δοῦλοι
3507 3578 3645 3643 Χρι-

2066 3664 2218 3718 στοῦ
2258 3664 2482 3730 Ἰησοῦ,
2510 3649 2635 3732 τοῖς
2664 3661 2850 3721 οὖσιν
2892 3664 2966 3720 ἐν
3006 3667 3331 3733 Φιλίπποις
3362 3665 3486 3720 σὺν
3508 3665 3643 3719 ἐπι-

2064 3756 2325 3823 σκόποις
2365 3758 2467 3811 καὶ
2488 3757 2813 3825 διακόνοις.
2846 3787 2917 3801 -—-
2941 3758 3041 3823 Ὠς
3072 3756 3255 3812 οὐδὲν
3279 3757 3642 3814 ὑπεστειλά-

2061 3865 2187 3919 μην
2213 3847 2332 3901 τῶν
2357 3850 2791 3917 συμφερόντων
2840 3847 2947 3904 τοῦ
2983 3846 3071 3918 μὴ
3099 3847 3452 3918 ἀναγγεῖλαι
3476 3844 3644 3917 ὑμῖν.

2067 3930 2178 3986 Ἦν
2207 3933 2319 4004 γὰρ
2337 3934 2406 4001 ⁸³,
2435 3932 2515 4007 [ἃ]
2546 3935 2646 3989 οὐκ
2674 3935 2782 3989 ἔδει
2819 3936 3035 4006 μαθεῖν.
3065 3935 3280 4006 ’Ὥσπερ
3314 3933 3423 4006 γὰρ
3441 3935 3502 3988 τό
3521 3946 3646 3988 τινα

2067 4022 2429 4095 κρύπτεσθαι,
2450 4024 2644 4092 φθόνον
2663 4024 2729 4091 ⁸⁸,
2748 4022 2892 4079 οὕτω
2914 4025 2977 4078 τὸ
3004 4023 3186 4093 λέγειν
3214 4024 3275 4078 τὺ
3303 4025 3650 4089 πᾶν.αὗτοίς,·

2071 4114 2278 4178 ἀνοίας.
2306 4113 2406 4168 Διὰ
2436 4114 2596 4169 τοῦτο
2622 4115 2958 4186 προσέθηκε,
2979 4114 3090 4169 τῶν
3124 4116 3538 4186 συμφερόντων.

384 4206 1049 4279 sunt].Qucmadmodum
1083 4207 1231 4262 enim
1259 4202 1520 4260 nonnulla
1553 4204 1753 4270 celare,
1783 4205 1987 4262 invidi:
2011 4204 2085 4261 ita
2117 4207 2299 4261 omnia
2347 4206 2534 4261 dicere
2569 4205 2698 4272 illis,
2747 4206 2983 4263 amentis
3020 4216 3129 4263 est.
3160 4204 3372 4263 Idcirco
3404 4204 3647 4261 addidit:

385 4300 587 4354 Earum
609 4314 794 4354 rerum
816 4313 937 4365 qum
967 4297 1126 4352 utiles
1155 4303 1359 4351 essent.

456 4392 622 4449 Vens.
655 4392 746 4448 9.2.
777 4391 844 4445 Et
879 4406 1019 4446 nunc
1036 4405 1157 4444 ecce
1180 4406 1274 4461 ego
1296 4390 1498 4446 uinctus
1523 4390 1757 4461 Spiritu.
1785 4394 1953 4463 proﬁ-

2133 4391 2242 4447 Kal
2268 4390 2386 4447 νῦν
2406 4389 2537 4446 ιδοὺ
2560 4389 2687 4462 ,ἐγὼ
2723 4389 3045 4460 δεδεμένος
3066 4389 3146 4458 τῷ
3176 4392 3507 4462 Πνεύματι,
3538 4410 3645 4450 πο·

384 4484 554 4537 ciscor
608 4483 666 4537 in
718 4480 1048 4548 Jerusalem,
1080 4496 1196 4551 qua:
1228 4481 1356 4535 mihi
1389 4483 1445 4535 in
1487 4500 1549 4538 ea
1578 4484 1703 4540 urbe
1769 4500 1965 4542 casura

388 4575 496 4627 sint
535 4571 811 4644 ignorans.

461 4663 630 4721 Vens.
654 4666 751 4719 2'5.
808 4662 1179 4734 Prwterquam
1206 4666 1344 4734 quod
1378 4664 1610 4735 Spiritus
1652 4678 1872 4725 sanctus
1909 4670 1968 4725 in

385 4759 599 4812 civitate
648 4756 989 4826 testiﬁcatur,
1018 4758 1196 4813 dicens
1241 4758 1453 4818 vincula
1488 4760 1614 4816 mihi
1647 4770 1697 4816 et
1731 4763 1962 4817 calami-

391 4856 523 4902 tates
555 4864 668 4903 esse
696 4848 1013 4904 destinatas.
1870 4891 1883 4903 .

465 4933 626 4989 Vnus.
657 4935 750 4992 24.
776 4934 881 4992 Sed
917 4936 1047 4992 nihil
1081 4937 1309 5011 (horum)
1334 4956 1482 5003 curo,
1512 4957 1677 5011 neque
1700 4941 1962 4995 mihimet-

388 5029 492 5099 ipsi
527 5028 711 5082 anima
746 5046 862 5084 mea
893 5030 1054 5086 chara
1082 5039 1182 5094 est,
1214 5032 1498 5086 dummodo
1525 5031 1804 5100 conficiam
1844 5048 1966 5085 cum

388 5121 587 5193 gaudio
619 5137 834 5176 cursum
868 5138 1042 5176 meum
1089 5130 1139 5177 et
1168 5122 1519 5176 ministerium
1545 5127 1683 5192 quod
1712 5122 1892 5191 accepi
1929 5138 1963 5175 a

391 5215 619 5269 Domino
645 5213 805 5280 Iesu,
857 5215 930 5268 ad
956 5213 1345 5283 testiﬁcandum
1381 5210 1725 5284 Evangelium
1774 5212 1964 5284 gratia:

391 5305 510 5361 D.i.

468 5444 511 5477 ιτ
539 5442 648 5499 Tit.
679 5458 720 5506 ι,
745 5443 803 5509 s,
951 5442 998 5475 ιι
1039 5441 1272 5511 Philipp.
1302 5454 1343 5504 ι,
1377 5438 1430 5493 ι.

2063 4486 2318 4555 ρεύομιιι
2348 4484 2438 4549 είς
2476 4482 2898 4554 Ἰερουσαλὴμ,
2944 4484 3018 4538 τὰ
3051 4483 3121 4539 ἐν
3154 4483 3311 4554 αὑτῇ
3340 4486 3652 4557 avrai-nia
3738 4485 3751 4495 ’

2071 4579 2264 4634 σοντά
2278 4578 2323 4610 ⁹⁸
2350 4594 2452 4647 μοι
2465 4577 2551 4647 μὴ
2576 4577 2767 4642 εἰδώς.

2142 4667 2320 4736 Πλὴν
2347 4668 2439 4721 ὅτι
2470 4668 2535 4721 τὸ
2562 4666 2809 4737 Πνεῦμα
2831 4666 2900 4721 τὸ
2934 4666 3107 4738 ἅγιον
3133 4666 3284 4724 κατὰ
3317 4669 3501 4722 πόλιν
3525 4667 3653 4723 δια-

2069 4760 2431 4835 μαρτύρεται
2453 4756 2660 4831 λέγον,
2720 4758 2811 4812 ὅτι
2840 4758 3034 4829 δεσμὰ
3058 4760 3158 4814 καί
3186 4761 3428 4828 θλίψεις
3446 4776 3526 4830 με
3542 4761 3651 4830 μέ-

2074 4869 2294 4908 νουσιν
2334 4855 2404 4907 θα.

2155 4944 2311 4999 Ἀλλ’
2339 4942 2593 5009 οὐδενὸς
2641 4943 2827 5013 λόγον
2855 4943 3159 5012 ποιοῦμαι,
3191 4943 3337 4998 οὐδὲ
3382 4943 3496 5015 ἔχω
3531 4947 3651 5014 τὴν

2071 5032 2286 5105 ψυχήν
2327 5051 2449 5103 μου
2500 5033 2702 5102 τιμίαν
2758 5032 3028 5102 ἐμαυτιῖν
3058 5033 3141 5098 ὡς
3170 5033 3482 5089 τελειῶσαι
3541 5036 3653 5088 τὸν

2071 5125 2297 5195 δρόμον
2334 5143 2456 5194 μου
2477 5123 2631 5194 μετὰ
2659 5123 2870 5193 χαρᾶς,
2924 5123 3022 5177 καὶ
3054 5123 3170 5192 τὴν
3195 5123 3530 5191 διακονίαν,
3571 5124 3656 5193 ἢν

2070 5215 2296 5269 ἔλαϐον
2324 5217 2485 5284 παρὰ
2512 5214 2617 5268 τοῦ
2642 5214 2862 5283 Κυρίου
2897 5213 3114 5282 Ἰησοῦ,
3142 5213 3655 5286 διαμαρτύρασθαι

2073 5306 2139 5359 τὸ
2163 5303 2534 5376 Εὑαγγέλιον
2556 5304 2667 5375 τῆς
2692 5304 2929 5376 χάριτος
2959 5304 3067 5359 τοῦ
3098 5305 3271 5361 Θεοῦ.

472 5614 481 5621 ἒ
1594 5531 1792 5594 Varini
1815 5531 2126 5595 lectiones
2172 5538 2235 5595 et
2278 5538 2471 5595 nota).

467 5638 508 5670 ⁶¹
541 5634 664 5707 τῆς,
714 5638 1046 5692 desideratur
1069 5635 1127 5707 in
1157 5634 1405 5707 vulgatis.
1496 5634 1638 5707 'V‘rln
1703 5633 1929 5707 vulgatis

2059 5633 2252 5707 jcctum
2306 5643 2404 5707 est,
2475 5628 2643 5703 ὑμᾶς,
2677 5640 2728 5687 et
2756 5634 2916 5707 paulo
2966 5641 3079 5707 post
3119 5638 3546 5707 μαρτυρόμενος,
3599 5649 3657 5695 ει

396 5702 649 5777 momsl;
674 5707 764 5763 τὸν
792 5708 944 5766 Θεόν,
1020 5707 1070 5741 ⁸³
1100 5705 1188 5763 τσ.
1216 5702 1287 5777 ἢν
1315 5706 1447 5777 γάρ.
1519 5706 1568 5739 ³⁵
1598 5706 1687 5760 τσ.
1719 5702 1937 5774 φθόνου.

402 5778 502 5831 καὶ
538 5775 747 5846 θλίψεις
778 5779 1055 5850 μένουσιν.
1100 5802 1127 5828 π

2043 5705 2090 5736 ⁸⁸
2120 5702 2558 5775 συναντήσαντα,
2591 5713 2723 5759 erat.
2758 5702 2765 5704 ⁷
2801 5704 2849 5735 ⁹⁶
2882 5702 2946 5757 1η
2969 5702 3210 5774 ὐιιίθαιὶἐ
3249 5702 3346 5775 est,
3369 5702 3556 5780 ’δεσμά
3580 5726 3654 5781 με
