  <div class='ocr_page' id='page_1' title='image "/cluster/home/n/w/nwhite01/storage/ocr_20150623/125:no.3/coo.31924054870302/396.png"; bbox 0 0 4114 6466; ppageno 0'>
   <div class='ocr_carea' id='block_1_1' title="bbox 342 482 435 545">
    <p class='ocr_par' dir='ltr' id='par_1_1' title="bbox 342 482 435 545">
     <span class='ocr_line' id='line_1_1' title="bbox 342 482 435 545; baseline 0.011 -1"><span class='ocrx_word' id='word_1_1' title='bbox 342 482 435 545; x_wconf 77' lang='grc' dir='ltr'><strong>ἸἷἹ</strong></span> 
     </span>
    </p>
   </div>
   <div class='ocr_carea' id='block_1_2' title="bbox 1060 475 2872 539">
    <p class='ocr_par' dir='ltr' id='par_1_2' title="bbox 1060 475 2872 539">
     <span class='ocr_line' id='line_1_2' title="bbox 1060 475 2872 539; baseline -0.002 -1"><span class='ocrx_word' id='word_1_2' title='bbox 1060 477 1460 539; x_wconf 85' lang='lat' dir='ltr'><strong>EXPOSlTlO</strong></span> <span class='ocrx_word' id='word_1_3' title='bbox 1499 477 1578 537; x_wconf 73' lang='grc' dir='ltr'><strong>ΙΝ</strong></span> <span class='ocrx_word' id='word_1_4' title='bbox 1620 477 1805 538; x_wconf 73' lang='lat' dir='ltr'><strong>ACTA</strong></span> <span class='ocrx_word' id='word_1_5' title='bbox 1846 475 2420 537; x_wconf 73' lang='lat' dir='ltr'><strong>Al&#39;OSTOLORUM.</strong></span> <span class='ocrx_word' id='word_1_6' title='bbox 2459 501 2526 512; x_wconf 85' lang='grc'><strong>-</strong></span> <span class='ocrx_word' id='word_1_7' title='bbox 2551 477 2710 537; x_wconf 77' lang='lat' dir='ltr'><strong>CAP.</strong></span> <span class='ocrx_word' id='word_1_8' title='bbox 2744 477 2872 538; x_wconf 81' lang='lat' dir='ltr'><strong>XX.</strong></span> 
     </span>
    </p>
   </div>
   <div class='ocr_carea' id='block_1_3' title="bbox 3490 474 3594 537">
    <p class='ocr_par' dir='ltr' id='par_1_3' title="bbox 3490 474 3594 537">
     <span class='ocr_line' id='line_1_3' title="bbox 3490 474 3594 537; baseline 0.019 -2"><span class='ocrx_word' id='word_1_9' title='bbox 3490 474 3594 537; x_wconf 76' lang='grc' dir='ltr'><strong>’ΠΒ</strong></span> 
     </span>
    </p>
   </div>
   <div class='ocr_carea' id='block_1_4' title="bbox 423 588 1924 666">
    <p class='ocr_par' dir='ltr' id='par_1_4' title="bbox 423 590 1915 666">
     <span class='ocr_line' id='line_1_4' title="bbox 423 590 1915 666; baseline -0.002 -17"><span class='ocrx_word' id='word_1_10' title='bbox 423 593 563 666; x_wconf 70' lang='grc' dir='ltr'><strong>Ἐγὼ</strong></span> <span class='ocrx_word' id='word_1_11' title='bbox 586 592 910 663; x_wconf 75' lang='grc' dir='ltr'>δεδεμένος</span> <span class='ocrx_word' id='word_1_12' title='bbox 950 590 1030 657; x_wconf 82' lang='grc' dir='ltr'><strong>τῷ</strong></span> <span class='ocrx_word' id='word_1_13' title='bbox 1060 593 1379 662; x_wconf 74' lang='grc' dir='ltr'>[Ινεύματι.</span> <span class='ocrx_word' id='word_1_14' title='bbox 1412 593 1503 654; x_wconf 78' lang='lat' dir='ltr'><strong>Ei;</strong></span> <span class='ocrx_word' id='word_1_15' title='bbox 1529 591 1610 652; x_wconf 82' lang='grc' dir='ltr'>τὸ,</span> <span class='ocrx_word' id='word_1_16' title='bbox 1669 591 1915 661; x_wconf 79' lang='grc' dir='ltr'>Δεδεμέ-</span> 
     </span>
    </p>
   </div>
   <div class='ocr_carea' id='block_1_5' title="bbox 2028 588 3593 666">
    <p class='ocr_par' dir='ltr' id='par_1_5' title="bbox 2094 588 3593 662">
     <span class='ocr_line' id='line_1_5' title="bbox 2094 588 3593 662; baseline -0.001 -18"><span class='ocrx_word' id='word_1_17' title='bbox 2094 590 2226 645; x_wconf 83' lang='lat' dir='ltr'><strong>Ecce</strong></span> <span class='ocrx_word' id='word_1_18' title='bbox 2247 608 2340 662; x_wconf 88' lang='lat' dir='ltr'><strong>ego</strong></span> <span class='ocrx_word' id='word_1_19' title='bbox 2366 591 2570 646; x_wconf 85' lang='lat' dir='ltr'><strong>vinctus</strong></span> <span class='ocrx_word' id='word_1_20' title='bbox 2605 590 2830 662; x_wconf 75' lang='lat' dir='ltr'><strong>Spiritu.</strong></span> <span class='ocrx_word' id='word_1_21' title='bbox 2853 591 2930 644; x_wconf 84' lang='lat' dir='ltr'><strong>Ad</strong></span> <span class='ocrx_word' id='word_1_22' title='bbox 2958 589 3254 645; x_wconf 75' lang='lat' dir='ltr'><strong>dictionem</strong></span> <span class='ocrx_word' id='word_1_23' title='bbox 3289 588 3593 661; x_wconf 80' lang='grc' dir='ltr'>δεδεμένος,</span> 
     </span>
    </p>
   </div>
   <div class='ocr_carea' id='block_1_6' title="bbox 346 677 1917 756">
    <p class='ocr_par' dir='ltr' id='par_1_6' title="bbox 346 677 1917 756">
     <span class='ocr_line' id='line_1_6' title="bbox 346 677 1917 756; baseline -0.004 -15"><span class='ocrx_word' id='word_1_24' title='bbox 346 706 438 752; x_wconf 75' lang='grc' dir='ltr'><strong>νος</strong></span> <span class='ocrx_word' id='word_1_25' title='bbox 469 726 484 749; x_wconf 90' lang='grc'><strong>,</strong></span> <span class='ocrx_word' id='word_1_26' title='bbox 539 682 821 749; x_wconf 76' lang='grc' dir='ltr'>ὑποστῖξαι</span> <span class='ocrx_word' id='word_1_27' title='bbox 849 682 950 747; x_wconf 79' lang='grc' dir='ltr'>δεῖ,</span> <span class='ocrx_word' id='word_1_28' title='bbox 994 682 1080 736; x_wconf 79' lang='grc' dir='ltr'>ἵνα</span> <span class='ocrx_word' id='word_1_29' title='bbox 1162 684 1196 754; x_wconf 78' lang='grc' dir='ltr'>ἡ</span> <span class='ocrx_word' id='word_1_30' title='bbox 1234 682 1444 736; x_wconf 74' lang='grc' dir='ltr'>διάνοια</span> <span class='ocrx_word' id='word_1_31' title='bbox 1471 681 1611 754; x_wconf 72' lang='grc' dir='ltr'>αὕτη</span> <span class='ocrx_word' id='word_1_32' title='bbox 1630 698 1646 715; x_wconf 89' lang='grc'><strong>·</strong></span> <span class='ocrx_word' id='word_1_33' title='bbox 1678 682 1917 754; x_wconf 67' lang='grc' dir='ltr'>Πορεύο-</span> 
     </span>
    </p>
   </div>
   <div class='ocr_carea' id='block_1_7' title="bbox 353 773 1917 849">
    <p class='ocr_par' dir='ltr' id='par_1_7' title="bbox 353 773 1917 849">
     <span class='ocr_line' id='line_1_7' title="bbox 353 773 1917 849; baseline -0.002 -17"><span class='ocrx_word' id='word_1_34' title='bbox 353 795 440 849; x_wconf 85' lang='grc' dir='ltr'><strong>μαι</strong></span> <span class='ocrx_word' id='word_1_35' title='bbox 469 773 947 845; x_wconf 72' lang='grc' dir='ltr'>είςίερουσαλὴμ,</span> <span class='ocrx_word' id='word_1_36' title='bbox 976 775 1246 845; x_wconf 78' lang='grc' dir='ltr'><strong>προγνοὺς</strong></span> <span class='ocrx_word' id='word_1_37' title='bbox 1272 774 1361 829; x_wconf 83' lang='grc' dir='ltr'>διὰ</span> <span class='ocrx_word' id='word_1_38' title='bbox 1381 773 1478 829; x_wconf 85' lang='grc' dir='ltr'><strong>τοῦ</strong></span> <span class='ocrx_word' id='word_1_39' title='bbox 1504 774 1646 828; x_wconf 84' lang='grc' dir='ltr'>Πνεύ</span> <span class='ocrx_word' id='word_1_40' title='bbox 1657 792 1826 845; x_wconf 87' lang='grc' dir='ltr'>ματος</span> <span class='ocrx_word' id='word_1_41' title='bbox 1847 775 1917 829; x_wconf 75' lang='grc' dir='ltr'><strong>τὰ</strong></span> 
     </span>
    </p>
   </div>
   <div class='ocr_carea' id='block_1_8' title="bbox 349 863 1918 939">
    <p class='ocr_par' dir='ltr' id='par_1_8' title="bbox 349 863 1918 939">
     <span class='ocr_line' id='line_1_8' title="bbox 349 863 1918 939; baseline -0.002 -17"><span class='ocrx_word' id='word_1_42' title='bbox 349 869 593 939; x_wconf 78' lang='grc' dir='ltr'><strong>ἐσόμενα,</strong></span> <span class='ocrx_word' id='word_1_43' title='bbox 623 866 845 937; x_wconf 83' lang='grc' dir='ltr'><strong>δέσμιος</strong></span> <span class='ocrx_word' id='word_1_44' title='bbox 873 865 966 920; x_wconf 79' lang='grc' dir='ltr'>ὢν.</span> <span class='ocrx_word' id='word_1_45' title='bbox 995 863 1128 920; x_wconf 79' lang='grc' dir='ltr'>Εἶτα</span> <span class='ocrx_word' id='word_1_46' title='bbox 1146 866 1235 920; x_wconf 78' lang='grc' dir='ltr'>ἵνα</span> <span class='ocrx_word' id='word_1_47' title='bbox 1264 866 1340 937; x_wconf 81' lang='grc' dir='ltr'>μὴ</span> <span class='ocrx_word' id='word_1_48' title='bbox 1372 866 1573 937; x_wconf 65' lang='grc' dir='ltr'>δεσμὸν</span> <span class='ocrx_word' id='word_1_49' title='bbox 1608 867 1641 937; x_wconf 80' lang='grc' dir='ltr'><strong>ἥ</strong></span> <span class='ocrx_word' id='word_1_50' title='bbox 1672 868 1918 936; x_wconf 79' lang='grc' dir='ltr'><strong>ἀνάγκην</strong></span> 
     </span>
    </p>
   </div>
   <div class='ocr_carea' id='block_1_9' title="bbox 346 957 1916 1036">
    <p class='ocr_par' dir='ltr' id='par_1_9' title="bbox 346 957 1916 1036">
     <span class='ocr_line' id='line_1_9' title="bbox 346 957 1916 1036; baseline -0.002 -21"><span class='ocrx_word' id='word_1_51' title='bbox 346 964 504 1034; x_wconf 76' lang='grc' dir='ltr'>νοήσῃ</span> <span class='ocrx_word' id='word_1_52' title='bbox 536 978 640 1036; x_wconf 82' lang='grc' dir='ltr'>τις,</span> <span class='ocrx_word' id='word_1_53' title='bbox 665 960 764 1013; x_wconf 75' lang='grc' dir='ltr'><strong>καὶ</strong></span> <span class='ocrx_word' id='word_1_54' title='bbox 784 959 871 1012; x_wconf 79' lang='grc' dir='ltr'>ἵνα</span> <span class='ocrx_word' id='word_1_55' title='bbox 899 958 1049 1031; x_wconf 77' lang='grc' dir='ltr'>δείξῃ</span> <span class='ocrx_word' id='word_1_56' title='bbox 1073 960 1158 1013; x_wconf 80' lang='grc' dir='ltr'>ὅτι</span> <span class='ocrx_word' id='word_1_57' title='bbox 1187 957 1331 1012; x_wconf 79' lang='grc' dir='ltr'><strong>ἑκὼν</strong></span> <span class='ocrx_word' id='word_1_58' title='bbox 1372 959 1701 1032; x_wconf 78' lang='grc' dir='ltr'><strong>ἀπέρχεται,</strong></span> <span class='ocrx_word' id='word_1_59' title='bbox 1730 960 1916 1030; x_wconf 69' lang='grc' dir='ltr'>φησίν*</span> 
     </span>
    </p>
   </div>
   <div class='ocr_carea' id='block_1_10' title="bbox 349 1050 1915 1121">
    <p class='ocr_par' dir='ltr' id='par_1_10' title="bbox 349 1050 1915 1121">
     <span class='ocr_line' id='line_1_10' title="bbox 349 1050 1915 1121; baseline -0.001 -13"><span class='ocrx_word' id='word_1_60' title='bbox 349 1056 473 1110; x_wconf 85' lang='grc' dir='ltr'>Ὅτι</span> <span class='ocrx_word' id='word_1_61' title='bbox 506 1052 656 1108; x_wconf 83' lang='grc' dir='ltr'>κατὰ</span> <span class='ocrx_word' id='word_1_62' title='bbox 679 1054 865 1107; x_wconf 80' lang='grc' dir='ltr'>πόλιν</span> <span class='ocrx_word' id='word_1_63' title='bbox 910 1050 1107 1120; x_wconf 80' lang='grc' dir='ltr'>δεσμὰ</span> <span class='ocrx_word' id='word_1_64' title='bbox 1143 1050 1244 1106; x_wconf 81' lang='grc' dir='ltr'><strong>καὶ</strong></span> <span class='ocrx_word' id='word_1_65' title='bbox 1270 1052 1512 1120; x_wconf 74' lang='grc' dir='ltr'>θλίψεις</span> <span class='ocrx_word' id='word_1_66' title='bbox 1538 1069 1614 1121; x_wconf 82' lang='grc' dir='ltr'><strong>με</strong></span> <span class='ocrx_word' id='word_1_67' title='bbox 1637 1051 1915 1121; x_wconf 78' lang='grc' dir='ltr'>μένουσι.</span> 
     </span>
    </p>
   </div>
   <div class='ocr_carea' id='block_1_11' title="bbox 347 1144 1916 1218">
    <p class='ocr_par' dir='ltr' id='par_1_11' title="bbox 347 1144 1916 1218">
     <span class='ocr_line' id='line_1_11' title="bbox 347 1144 1916 1218; baseline -0.001 -18"><span class='ocrx_word' id='word_1_68' title='bbox 347 1147 685 1218; x_wconf 74' lang='grc' dir='ltr'>Σημειωτέον</span> <span class='ocrx_word' id='word_1_69' title='bbox 716 1145 774 1199; x_wconf 79' lang='grc' dir='ltr'>δὲ</span> <span class='ocrx_word' id='word_1_70' title='bbox 818 1146 902 1199; x_wconf 85' lang='grc' dir='ltr'>ὅτι</span> <span class='ocrx_word' id='word_1_71' title='bbox 959 1145 1021 1198; x_wconf 83' lang='grc' dir='ltr'>οὐ</span> <span class='ocrx_word' id='word_1_72' title='bbox 1079 1144 1260 1198; x_wconf 77' lang='grc' dir='ltr'>πάντα</span> <span class='ocrx_word' id='word_1_73' title='bbox 1291 1145 1473 1199; x_wconf 84' lang='grc' dir='ltr'>ίσασιν</span> <span class='ocrx_word' id='word_1_74' title='bbox 1510 1145 1561 1198; x_wconf 86' lang='grc' dir='ltr'>οἱ</span> <span class='ocrx_word' id='word_1_75' title='bbox 1612 1144 1916 1215; x_wconf 62' lang='grc' dir='ltr'>προφῆται,</span> 
     </span>
    </p>
   </div>
   <div class='ocr_carea' id='block_1_12' title="bbox 348 1236 1918 1307">
    <p class='ocr_par' dir='ltr' id='par_1_12' title="bbox 348 1236 1918 1307">
     <span class='ocr_line' id='line_1_12' title="bbox 348 1236 1918 1307; baseline -0.001 -14"><span class='ocrx_word' id='word_1_76' title='bbox 348 1239 452 1293; x_wconf 81' lang='grc' dir='ltr'>ἀλλ’</span> <span class='ocrx_word' id='word_1_77' title='bbox 476 1239 579 1292; x_wconf 79' lang='grc' dir='ltr'>ὅσα</span> <span class='ocrx_word' id='word_1_78' title='bbox 605 1237 902 1291; x_wconf 76' lang='grc' dir='ltr'>ὑποϐάλλει</span> <span class='ocrx_word' id='word_1_79' title='bbox 935 1237 1121 1300; x_wconf 83' lang='grc' dir='ltr'>αὐτοῖς</span> <span class='ocrx_word' id='word_1_80' title='bbox 1151 1236 1211 1290; x_wconf 77' lang='grc' dir='ltr'>τὸ</span> <span class='ocrx_word' id='word_1_81' title='bbox 1241 1237 1468 1307; x_wconf 81' lang='grc' dir='ltr'><strong>Πνεῦμα</strong></span> <span class='ocrx_word' id='word_1_82' title='bbox 1498 1237 1559 1290; x_wconf 81' lang='grc' dir='ltr'>τὸ</span> <span class='ocrx_word' id='word_1_83' title='bbox 1587 1237 1764 1305; x_wconf 76' lang='grc' dir='ltr'>ἅγιον.</span> <span class='ocrx_word' id='word_1_84' title='bbox 1783 1237 1918 1291; x_wconf 78' lang='grc' dir='ltr'>Ἰδοὺ</span> 
     </span>
    </p>
   </div>
   <div class='ocr_carea' id='block_1_13' title="bbox 346 1329 1921 1401">
    <p class='ocr_par' dir='ltr' id='par_1_13' title="bbox 346 1329 1921 1401">
     <span class='ocr_line' id='line_1_13' title="bbox 346 1329 1921 1401; baseline -0.002 -17"><span class='ocrx_word' id='word_1_85' title='bbox 346 1332 449 1400; x_wconf 80' lang='grc' dir='ltr'>γὰρ</span> <span class='ocrx_word' id='word_1_86' title='bbox 493 1330 707 1394; x_wconf 84' lang='grc' dir='ltr'>Παῦλος</span> <span class='ocrx_word' id='word_1_87' title='bbox 761 1331 938 1385; x_wconf 79' lang='grc' dir='ltr'>πάντα</span> <span class='ocrx_word' id='word_1_88' title='bbox 988 1329 1057 1384; x_wconf 80' lang='grc' dir='ltr'>τὰ</span> <span class='ocrx_word' id='word_1_89' title='bbox 1105 1329 1371 1400; x_wconf 78' lang='grc' dir='ltr'>μέλλοντα</span> <span class='ocrx_word' id='word_1_90' title='bbox 1404 1330 1742 1400; x_wconf 82' lang='grc' dir='ltr'><strong>συμπίπτειν</strong></span> <span class='ocrx_word' id='word_1_91' title='bbox 1766 1329 1921 1401; x_wconf 74' lang='grc' dir='ltr'>αὐτῷ</span> 
     </span>
    </p>
   </div>
   <div class='ocr_carea' id='block_1_14' title="bbox 350 1423 1921 1498">
    <p class='ocr_par' dir='ltr' id='par_1_14' title="bbox 350 1423 1921 1498">
     <span class='ocr_line' id='line_1_14' title="bbox 350 1423 1921 1498; baseline -0.002 -19"><span class='ocrx_word' id='word_1_92' title='bbox 350 1425 625 1498; x_wconf 85' lang='grc' dir='ltr'>προειπὼν</span> <span class='ocrx_word' id='word_1_93' title='bbox 650 1427 726 1490; x_wconf 82' lang='grc' dir='ltr'>ὡς</span> <span class='ocrx_word' id='word_1_94' title='bbox 765 1426 1075 1496; x_wconf 85' lang='grc' dir='ltr'><strong>προφήτης,</strong></span> <span class='ocrx_word' id='word_1_95' title='bbox 1109 1424 1206 1477; x_wconf 82' lang='grc' dir='ltr'><strong>καὶ</strong></span> <span class='ocrx_word' id='word_1_96' title='bbox 1238 1425 1369 1495; x_wconf 76' lang='grc' dir='ltr'>περὶ</span> <span class='ocrx_word' id='word_1_97' title='bbox 1398 1423 1507 1476; x_wconf 81' lang='grc' dir='ltr'>τῶν</span> <span class='ocrx_word' id='word_1_98' title='bbox 1534 1424 1921 1493; x_wconf 78' lang='grc' dir='ltr'><strong>γενησομένων</strong></span> 
     </span>
    </p>
   </div>
   <div class='ocr_carea' id='block_1_15' title="bbox 350 1509 1923 1583">
    <p class='ocr_par' dir='ltr' id='par_1_15' title="bbox 350 1509 1923 1583">
     <span class='ocr_line' id='line_1_15' title="bbox 350 1509 1923 1583; baseline -0.001 -17"><span class='ocrx_word' id='word_1_99' title='bbox 350 1516 404 1568; x_wconf 83' lang='grc' dir='ltr'>ἐν</span> <span class='ocrx_word' id='word_1_100' title='bbox 457 1515 640 1579; x_wconf 75' lang='grc' dir='ltr'>αὐτοῖς</span> <span class='ocrx_word' id='word_1_101' title='bbox 686 1514 1038 1568; x_wconf 85' lang='grc' dir='ltr'>κακοπίστων</span> <span class='ocrx_word' id='word_1_102' title='bbox 1091 1512 1187 1567; x_wconf 56' lang='grc' dir='ltr'><strong>καὶ⁵</strong></span> <span class='ocrx_word' id='word_1_103' title='bbox 1239 1513 1558 1583; x_wconf 77' lang='grc' dir='ltr'>αἱρετικῶν,</span> <span class='ocrx_word' id='word_1_104' title='bbox 1586 1512 1647 1565; x_wconf 80' lang='grc' dir='ltr'>τὸ</span> <span class='ocrx_word' id='word_1_105' title='bbox 1675 1511 1733 1565; x_wconf 81' lang='grc' dir='ltr'>ἓν</span> <span class='ocrx_word' id='word_1_106' title='bbox 1767 1509 1923 1565; x_wconf 80' lang='grc' dir='ltr'>εἶπεν</span> 
     </span>
    </p>
   </div>
   <div class='ocr_carea' id='block_1_16' title="bbox 350 1604 1923 1676">
    <p class='ocr_par' dir='ltr' id='par_1_16' title="bbox 350 1604 1923 1676">
     <span class='ocr_line' id='line_1_16' title="bbox 350 1604 1923 1676; baseline 0.001 -19"><span class='ocrx_word' id='word_1_107' title='bbox 350 1606 580 1673; x_wconf 80' lang='grc' dir='ltr'>ἀγνοεῖν,</span> <span class='ocrx_word' id='word_1_108' title='bbox 644 1605 707 1658; x_wconf 74' lang='grc' dir='ltr'>τὸ</span> <span class='ocrx_word' id='word_1_109' title='bbox 732 1604 786 1659; x_wconf 82' lang='grc' dir='ltr'><strong>τί</strong></span> <span class='ocrx_word' id='word_1_110' title='bbox 817 1606 925 1676; x_wconf 79' lang='grc' dir='ltr'>ἄρα</span> <span class='ocrx_word' id='word_1_111' title='bbox 957 1606 1112 1659; x_wconf 76' lang='grc' dir='ltr'>ἔσται</span> <span class='ocrx_word' id='word_1_112' title='bbox 1162 1604 1367 1659; x_wconf 83' lang='grc' dir='ltr'>τούτων</span> <span class='ocrx_word' id='word_1_113' title='bbox 1404 1605 1464 1658; x_wconf 82' lang='grc' dir='ltr'><strong>τὺ</strong></span> <span class='ocrx_word' id='word_1_114' title='bbox 1505 1605 1679 1669; x_wconf 80' lang='grc' dir='ltr'>τέλος.</span> <span class='ocrx_word' id='word_1_115' title='bbox 1736 1604 1923 1659; x_wconf 80' lang='grc' dir='ltr'>Πάντα</span> 
     </span>
    </p>
   </div>
   <div class='ocr_carea' id='block_1_17' title="bbox 352 1694 1923 1770">
    <p class='ocr_par' dir='ltr' id='par_1_17' title="bbox 352 1694 1923 1770">
     <span class='ocr_line' id='line_1_17' title="bbox 352 1694 1923 1770; baseline 0.002 -22"><span class='ocrx_word' id='word_1_116' title='bbox 352 1698 450 1767; x_wconf 74' lang='grc' dir='ltr'><strong>τὰρ</strong></span> <span class='ocrx_word' id='word_1_117' title='bbox 479 1694 803 1768; x_wconf 78' lang='grc' dir='ltr'>φανερώσας</span> <span class='ocrx_word' id='word_1_118' title='bbox 849 1696 1000 1769; x_wconf 83' lang='grc' dir='ltr'>αὐτῷ</span> <span class='ocrx_word' id='word_1_119' title='bbox 1023 1699 1053 1752; x_wconf 88' lang='grc' dir='ltr'><strong>ὁ</strong></span> <span class='ocrx_word' id='word_1_120' title='bbox 1084 1697 1313 1768; x_wconf 83' lang='grc' dir='ltr'>Κύριος,</span> <span class='ocrx_word' id='word_1_121' title='bbox 1351 1700 1532 1753; x_wconf 78' lang='grc' dir='ltr'>ἐκεῖνο</span> <span class='ocrx_word' id='word_1_122' title='bbox 1562 1698 1723 1769; x_wconf 87' lang='grc' dir='ltr'>μόνον</span> <span class='ocrx_word' id='word_1_123' title='bbox 1754 1698 1923 1770; x_wconf 80' lang='grc' dir='ltr'>ἔκρυ-</span> 
     </span>
    </p>
   </div>
   <div class='ocr_carea' id='block_1_18' title="bbox 345 1787 1925 1861">
    <p class='ocr_par' dir='ltr' id='par_1_18' title="bbox 345 1787 1925 1861">
     <span class='ocr_line' id='line_1_18' title="bbox 345 1787 1925 1861; baseline 0.003 -23"><span class='ocrx_word' id='word_1_124' title='bbox 345 1787 437 1856; x_wconf 74' lang='grc' dir='ltr'><strong>ψεν</strong></span> <span class='ocrx_word' id='word_1_125' title='bbox 461 1788 557 1842; x_wconf 84' lang='grc' dir='ltr'><strong>ἀπ’</strong></span> <span class='ocrx_word' id='word_1_126' title='bbox 590 1789 783 1855; x_wconf 80' lang='grc' dir='ltr'>αὐτοῦ,</span> <span class='ocrx_word' id='word_1_127' title='bbox 824 1789 885 1843; x_wconf 52' lang='lat' dir='ltr'><strong>es</strong></span> <span class='ocrx_word' id='word_1_128' title='bbox 918 1789 970 1844; x_wconf 80' lang='grc' dir='ltr'><strong>τί</strong></span> <span class='ocrx_word' id='word_1_129' title='bbox 1023 1789 1133 1860; x_wconf 75' lang='grc' dir='ltr'>ἄρα</span> <span class='ocrx_word' id='word_1_130' title='bbox 1161 1789 1316 1844; x_wconf 77' lang='grc' dir='ltr'>ἔσται</span> <span class='ocrx_word' id='word_1_131' title='bbox 1352 1789 1507 1861; x_wconf 79' lang='grc' dir='ltr'>αὐτῴ</span> <span class='ocrx_word' id='word_1_132' title='bbox 1539 1791 1679 1861; x_wconf 76' lang='grc' dir='ltr'>μετὰ</span> <span class='ocrx_word' id='word_1_133' title='bbox 1719 1789 1790 1845; x_wconf 83' lang='grc' dir='ltr'>τὰ</span> <span class='ocrx_word' id='word_1_134' title='bbox 1840 1790 1925 1844; x_wconf 84' lang='grc' dir='ltr'>δε-</span> 
     </span>
    </p>
   </div>
   <div class='ocr_carea' id='block_1_19' title="bbox 348 1877 1923 1952">
    <p class='ocr_par' dir='ltr' id='par_1_19' title="bbox 348 1877 1923 1952">
     <span class='ocr_line' id='line_1_19' title="bbox 348 1877 1923 1952; baseline 0.002 -22"><span class='ocrx_word' id='word_1_135' title='bbox 348 1877 454 1947; x_wconf 70' lang='grc' dir='ltr'><strong>σμὰ</strong></span> <span class='ocrx_word' id='word_1_136' title='bbox 486 1880 581 1932; x_wconf 77' lang='grc' dir='ltr'><strong>καὶ</strong></span> <span class='ocrx_word' id='word_1_137' title='bbox 614 1879 713 1943; x_wconf 85' lang='grc' dir='ltr'><strong>τὰς</strong></span> <span class='ocrx_word' id='word_1_138' title='bbox 753 1879 965 1951; x_wconf 77' lang='grc' dir='ltr'>θλίψεις</span> <span class='ocrx_word' id='word_1_139' title='bbox 987 1898 1001 1912; x_wconf 88' lang='grc'><strong>·</strong></span> <span class='ocrx_word' id='word_1_140' title='bbox 1077 1880 1166 1935; x_wconf 78' lang='grc' dir='ltr'>ἵνα</span> <span class='ocrx_word' id='word_1_141' title='bbox 1200 1878 1274 1950; x_wconf 80' lang='grc' dir='ltr'>μὴ</span> <span class='ocrx_word' id='word_1_142' title='bbox 1322 1881 1585 1952; x_wconf 65' lang='grc' dir='ltr'>ἐπαρθεὶς</span> <span class='ocrx_word' id='word_1_143' title='bbox 1634 1880 1730 1934; x_wconf 72' lang='grc' dir='ltr'>καὶ</span> <span class='ocrx_word' id='word_1_144' title='bbox 1766 1881 1923 1944; x_wconf 76' lang='grc' dir='ltr'>εἰδὼς</span> 
     </span>
    </p>
   </div>
   <div class='ocr_carea' id='block_1_20' title="bbox 2020 683 3596 754">
    <p class='ocr_par' dir='ltr' id='par_1_20' title="bbox 2020 683 3596 754">
     <span class='ocr_line' id='line_1_20' title="bbox 2020 683 3596 754; baseline 0.002 -16"><span class='ocrx_word' id='word_1_145' title='bbox 2020 683 2072 738; x_wconf 88' lang='lat' dir='ltr'><strong>id</strong></span> <span class='ocrx_word' id='word_1_146' title='bbox 2105 696 2207 747; x_wconf 89' lang='lat' dir='ltr'><strong>est,</strong></span> <span class='ocrx_word' id='word_1_147' title='bbox 2256 686 2495 749; x_wconf 82' lang='lat' dir='ltr'><strong>vinctus,</strong></span> <span class='ocrx_word' id='word_1_148' title='bbox 2558 685 2777 754; x_wconf 79' lang='lat' dir='ltr'><strong>ligatus,</strong></span> <span class='ocrx_word' id='word_1_149' title='bbox 2814 683 3168 747; x_wconf 86' lang='lat' dir='ltr'><strong>constrictus,</strong></span> <span class='ocrx_word' id='word_1_150' title='bbox 3223 685 3475 753; x_wconf 83' lang='lat' dir='ltr'><strong>ponenda</strong></span> <span class='ocrx_word' id='word_1_151' title='bbox 3512 698 3596 741; x_wconf 73' lang='lat' dir='ltr'><strong>est</strong></span> 
     </span>
    </p>
   </div>
   <div class='ocr_carea' id='block_1_21' title="bbox 2021 773 3598 842">
    <p class='ocr_par' dir='ltr' id='par_1_21' title="bbox 2021 773 3598 842">
     <span class='ocr_line' id='line_1_21' title="bbox 2021 773 3598 842; baseline 0.002 -11"><span class='ocrx_word' id='word_1_152' title='bbox 2021 775 2327 842; x_wconf 89' lang='lat' dir='ltr'><strong>distinctio,</strong></span> <span class='ocrx_word' id='word_1_153' title='bbox 2372 783 2434 832; x_wconf 90' lang='lat' dir='ltr'><strong>ut</strong></span> <span class='ocrx_word' id='word_1_154' title='bbox 2472 776 2740 832; x_wconf 84' lang='lat' dir='ltr'><strong>sententia</strong></span> <span class='ocrx_word' id='word_1_155' title='bbox 2772 777 2844 833; x_wconf 85' lang='lat' dir='ltr'><strong>sit</strong></span> <span class='ocrx_word' id='word_1_156' title='bbox 2878 776 2995 831; x_wconf 55' lang='lat' dir='ltr'><strong>hate</strong></span> <span class='ocrx_word' id='word_1_157' title='bbox 3027 794 3039 830; x_wconf 94' lang='lat'>:</span> <span class='ocrx_word' id='word_1_158' title='bbox 3071 773 3391 834; x_wconf 66' lang='lat' dir='ltr'><strong>Proliciseor</strong></span> <span class='ocrx_word' id='word_1_159' title='bbox 3424 778 3477 833; x_wconf 91' lang='lat' dir='ltr'><strong>in</strong></span> <span class='ocrx_word' id='word_1_160' title='bbox 3504 777 3598 834; x_wconf 83' lang='lat' dir='ltr'><strong>Je-</strong></span> 
     </span>
    </p>
   </div>
   <div class='ocr_carea' id='block_1_22' title="bbox 2022 870 3598 943">
    <p class='ocr_par' dir='ltr' id='par_1_22' title="bbox 2022 870 3598 943">
     <span class='ocr_line' id='line_1_22' title="bbox 2022 870 3598 943; baseline 0.004 -20"><span class='ocrx_word' id='word_1_161' title='bbox 2022 870 2260 925; x_wconf 81' lang='lat' dir='ltr'><strong>rusalem</strong></span> <span class='ocrx_word' id='word_1_162' title='bbox 2287 870 2397 940; x_wconf 84' lang='lat' dir='ltr'><strong>jam</strong></span> <span class='ocrx_word' id='word_1_163' title='bbox 2428 880 2589 926; x_wconf 84' lang='lat' dir='ltr'><strong>antea</strong></span> <span class='ocrx_word' id='word_1_164' title='bbox 2615 886 2714 942; x_wconf 89' lang='lat' dir='ltr'><strong>per</strong></span> <span class='ocrx_word' id='word_1_165' title='bbox 2733 871 3002 940; x_wconf 78' lang='lat' dir='ltr'><strong>Spiritum</strong></span> <span class='ocrx_word' id='word_1_166' title='bbox 3029 872 3245 943; x_wconf 82' lang='lat' dir='ltr'><strong>cognita</strong></span> <span class='ocrx_word' id='word_1_167' title='bbox 3282 872 3491 929; x_wconf 87' lang='lat' dir='ltr'><strong>habens</strong></span> <span class='ocrx_word' id='word_1_168' title='bbox 3518 874 3598 928; x_wconf 49' lang='lat' dir='ltr'><strong>fu.</strong></span> 
     </span>
    </p>
   </div>
   <div class='ocr_carea' id='block_1_23' title="bbox 2022 961 3598 1034">
    <p class='ocr_par' dir='ltr' id='par_1_23' title="bbox 2022 961 3598 1034">
     <span class='ocr_line' id='line_1_23' title="bbox 2022 961 3598 1034; baseline 0.004 -19"><span class='ocrx_word' id='word_1_169' title='bbox 2022 971 2164 1023; x_wconf 86' lang='lat' dir='ltr'><strong>tura,</strong></span> <span class='ocrx_word' id='word_1_170' title='bbox 2194 964 2339 1032; x_wconf 89' lang='lat' dir='ltr'><strong>quod</strong></span> <span class='ocrx_word' id='word_1_171' title='bbox 2374 963 2588 1018; x_wconf 83' lang='lat' dir='ltr'><strong>vinetus</strong></span> <span class='ocrx_word' id='word_1_172' title='bbox 2612 963 2736 1017; x_wconf 91' lang='lat' dir='ltr'><strong>sim.</strong></span> <span class='ocrx_word' id='word_1_173' title='bbox 2769 961 2972 1019; x_wconf 89' lang='lat' dir='ltr'><strong>Deinde</strong></span> <span class='ocrx_word' id='word_1_174' title='bbox 3008 979 3075 1018; x_wconf 93' lang='lat' dir='ltr'><strong>ne</strong></span> <span class='ocrx_word' id='word_1_175' title='bbox 3104 964 3228 1034; x_wconf 89' lang='lat' dir='ltr'><strong>quis</strong></span> <span class='ocrx_word' id='word_1_176' title='bbox 3256 964 3474 1020; x_wconf 87' lang='lat' dir='ltr'><strong>vincula</strong></span> <span class='ocrx_word' id='word_1_177' title='bbox 3502 976 3598 1022; x_wconf 87' lang='lat' dir='ltr'><strong>aut</strong></span> 
     </span>
    </p>
   </div>
   <div class='ocr_carea' id='block_1_24' title="bbox 2021 1055 3600 1126">
    <p class='ocr_par' dir='ltr' id='par_1_24' title="bbox 2021 1055 3600 1126">
     <span class='ocr_line' id='line_1_24' title="bbox 2021 1055 3600 1126; baseline 0.003 -18"><span class='ocrx_word' id='word_1_178' title='bbox 2021 1055 2406 1111; x_wconf 88' lang='lat' dir='ltr'><strong>necessitatem</strong></span> <span class='ocrx_word' id='word_1_179' title='bbox 2461 1055 2749 1126; x_wconf 81' lang='lat' dir='ltr'><strong>intelligat,</strong></span> <span class='ocrx_word' id='word_1_180' title='bbox 2790 1065 2841 1110; x_wconf 87' lang='lat' dir='ltr'><strong>et</strong></span> <span class='ocrx_word' id='word_1_181' title='bbox 2872 1064 2928 1110; x_wconf 91' lang='lat' dir='ltr'><strong>ut</strong></span> <span class='ocrx_word' id='word_1_182' title='bbox 2973 1056 3226 1111; x_wconf 80' lang='lat' dir='ltr'><strong>ostendat</strong></span> <span class='ocrx_word' id='word_1_183' title='bbox 3257 1073 3317 1112; x_wconf 88' lang='lat' dir='ltr'><strong>se</strong></span> <span class='ocrx_word' id='word_1_184' title='bbox 3346 1058 3600 1113; x_wconf 84' lang='lat' dir='ltr'><strong>lubenter</strong></span> 
     </span>
    </p>
   </div>
   <div class='ocr_carea' id='block_1_25' title="bbox 2022 1147 3602 1221">
    <p class='ocr_par' dir='ltr' id='par_1_25' title="bbox 2022 1147 3602 1221">
     <span class='ocr_line' id='line_1_25' title="bbox 2022 1147 3602 1221; baseline 0.002 -20"><span class='ocrx_word' id='word_1_185' title='bbox 2022 1162 2087 1203; x_wconf 91' lang='lat' dir='ltr'><strong>ac</strong></span> <span class='ocrx_word' id='word_1_186' title='bbox 2123 1158 2321 1217; x_wconf 78' lang='lat' dir='ltr'><strong>Sponte</strong></span> <span class='ocrx_word' id='word_1_187' title='bbox 2349 1163 2447 1203; x_wconf 90' lang='lat' dir='ltr'><strong>sua</strong></span> <span class='ocrx_word' id='word_1_188' title='bbox 2477 1148 2661 1203; x_wconf 91' lang='lat' dir='ltr'><strong>abire:</strong></span> <span class='ocrx_word' id='word_1_189' title='bbox 2691 1147 2933 1214; x_wconf 76' lang='lat' dir='ltr'><strong>Vincula,</strong></span> <span class='ocrx_word' id='word_1_190' title='bbox 2966 1148 3143 1218; x_wconf 88' lang='lat' dir='ltr'><strong>inquit</strong></span> <span class='ocrx_word' id='word_1_191' title='bbox 3186 1147 3440 1221; x_wconf 79' lang='lat' dir='ltr'><strong>(Spiritus</strong></span> <span class='ocrx_word' id='word_1_192' title='bbox 3469 1168 3602 1206; x_wconf 84' lang='lat' dir='ltr'><strong>san-</strong></span> 
     </span>
    </p>
   </div>
   <div class='ocr_carea' id='block_1_26' title="bbox 2021 1239 3602 1310">
    <p class='ocr_par' dir='ltr' id='par_1_26' title="bbox 2021 1239 3602 1310">
     <span class='ocr_line' id='line_1_26' title="bbox 2021 1239 3602 1310; baseline 0.004 -18"><span class='ocrx_word' id='word_1_193' title='bbox 2021 1249 2138 1292; x_wconf 87' lang='lat' dir='ltr'><strong>ctus</strong></span> <span class='ocrx_word' id='word_1_194' title='bbox 2161 1239 2286 1293; x_wconf 83' lang='lat' dir='ltr'><strong>dicit</strong></span> <span class='ocrx_word' id='word_1_195' title='bbox 2313 1239 2465 1310; x_wconf 82' lang='lat' dir='ltr'><strong>mihi)</strong></span> <span class='ocrx_word' id='word_1_196' title='bbox 2489 1240 2753 1294; x_wconf 86' lang='lat' dir='ltr'><strong>destinata</strong></span> <span class='ocrx_word' id='word_1_197' title='bbox 2787 1257 2896 1295; x_wconf 86' lang='lat' dir='ltr'><strong>esse</strong></span> <span class='ocrx_word' id='word_1_198' title='bbox 2924 1241 2977 1293; x_wconf 88' lang='lat' dir='ltr'><strong>in</strong></span> <span class='ocrx_word' id='word_1_199' title='bbox 3011 1243 3154 1296; x_wconf 84' lang='lat' dir='ltr'><strong>urbe.</strong></span> <span class='ocrx_word' id='word_1_200' title='bbox 3183 1239 3490 1296; x_wconf 83' lang='lat' dir='ltr'><strong>Notandum</strong></span> <span class='ocrx_word' id='word_1_201' title='bbox 3514 1253 3602 1298; x_wconf 88' lang='lat' dir='ltr'><strong>cst</strong></span> 
     </span>
    </p>
   </div>
   <div class='ocr_carea' id='block_1_27' title="bbox 2021 1325 3600 1401">
    <p class='ocr_par' dir='ltr' id='par_1_27' title="bbox 2021 1325 3600 1401">
     <span class='ocr_line' id='line_1_27' title="bbox 2021 1325 3600 1401; baseline 0.003 -18"><span class='ocrx_word' id='word_1_202' title='bbox 2021 1338 2203 1384; x_wconf 89' lang='lat' dir='ltr'><strong>autem</strong></span> <span class='ocrx_word' id='word_1_203' title='bbox 2237 1330 2531 1400; x_wconf 84' lang='lat' dir='ltr'><strong>prophetas</strong></span> <span class='ocrx_word' id='word_1_204' title='bbox 2578 1325 2691 1385; x_wconf 72' lang='lat' dir='ltr'><strong>no&#39;n</strong></span> <span class='ocrx_word' id='word_1_205' title='bbox 2725 1332 2907 1385; x_wconf 83' lang='lat' dir='ltr'><strong>omnia</strong></span> <span class='ocrx_word' id='word_1_206' title='bbox 2938 1331 3098 1396; x_wconf 85' lang='lat' dir='ltr'><strong>seire,</strong></span> <span class='ocrx_word' id='word_1_207' title='bbox 3131 1333 3226 1387; x_wconf 89' lang='lat' dir='ltr'><strong>sed</strong></span> <span class='ocrx_word' id='word_1_208' title='bbox 3260 1347 3600 1401; x_wconf 62' lang='lat' dir='ltr'><strong>quaecunque</strong></span> 
     </span>
    </p>
   </div>
   <div class='ocr_carea' id='block_1_28' title="bbox 2022 1422 3599 1493">
    <p class='ocr_par' dir='ltr' id='par_1_28' title="bbox 2022 1422 3599 1493">
     <span class='ocr_line' id='line_1_28' title="bbox 2022 1422 3599 1493; baseline 0.002 -17"><span class='ocrx_word' id='word_1_209' title='bbox 2022 1423 2265 1492; x_wconf 78' lang='lat' dir='ltr'><strong>suggerit</strong></span> <span class='ocrx_word' id='word_1_210' title='bbox 2309 1423 2391 1477; x_wconf 90' lang='lat' dir='ltr'><strong>eis</strong></span> <span class='ocrx_word' id='word_1_211' title='bbox 2431 1422 2670 1493; x_wconf 85' lang='lat' dir='ltr'><strong>Spiritus</strong></span> <span class='ocrx_word' id='word_1_212' title='bbox 2719 1432 2961 1479; x_wconf 89' lang='lat' dir='ltr'><strong>sanctus.</strong></span> <span class='ocrx_word' id='word_1_213' title='bbox 3016 1424 3158 1479; x_wconf 84' lang='lat' dir='ltr'><strong>Ecce</strong></span> <span class='ocrx_word' id='word_1_214' title='bbox 3207 1425 3352 1479; x_wconf 86' lang='lat' dir='ltr'><strong>enim</strong></span> <span class='ocrx_word' id='word_1_215' title='bbox 3396 1426 3599 1480; x_wconf 85' lang='lat' dir='ltr'><strong>Paulus</strong></span> 
     </span>
    </p>
   </div>
   <div class='ocr_carea' id='block_1_29' title="bbox 2022 1513 3604 1586">
    <p class='ocr_par' dir='ltr' id='par_1_29' title="bbox 2022 1513 3604 1586">
     <span class='ocr_line' id='line_1_29' title="bbox 2022 1513 3604 1586; baseline 0.003 -21"><span class='ocrx_word' id='word_1_216' title='bbox 2022 1528 2147 1566; x_wconf 87' lang='lat' dir='ltr'><strong>cum</strong></span> <span class='ocrx_word' id='word_1_217' title='bbox 2186 1513 2391 1577; x_wconf 88' lang='lat' dir='ltr'><strong>omnia,</strong></span> <span class='ocrx_word' id='word_1_218' title='bbox 2427 1529 2550 1583; x_wconf 64' lang='lat' dir='ltr'><strong>quae</strong></span> <span class='ocrx_word' id='word_1_219' title='bbox 2602 1514 2706 1568; x_wconf 85' lang='lat' dir='ltr'><strong>sibi</strong></span> <span class='ocrx_word' id='word_1_220' title='bbox 2736 1524 3001 1569; x_wconf 84' lang='lat' dir='ltr'><strong>eventura</strong></span> <span class='ocrx_word' id='word_1_221' title='bbox 3033 1522 3213 1579; x_wconf 87' lang='lat' dir='ltr'><strong>erant,</strong></span> <span class='ocrx_word' id='word_1_222' title='bbox 3247 1515 3604 1586; x_wconf 75' lang='lat' dir='ltr'><strong>praedixisset</strong></span> 
     </span>
    </p>
   </div>
   <div class='ocr_carea' id='block_1_30' title="bbox 2024 1604 3602 1677">
    <p class='ocr_par' dir='ltr' id='par_1_30' title="bbox 2024 1604 3602 1677">
     <span class='ocr_line' id='line_1_30' title="bbox 2024 1604 3602 1677; baseline 0.004 -22"><span class='ocrx_word' id='word_1_223' title='bbox 2024 1610 2280 1672; x_wconf 83' lang='lat' dir='ltr'><strong>tanquam</strong></span> <span class='ocrx_word' id='word_1_224' title='bbox 2314 1604 2605 1673; x_wconf 87' lang='lat' dir='ltr'><strong>propheta,</strong></span> <span class='ocrx_word' id='word_1_225' title='bbox 2638 1612 2799 1674; x_wconf 89' lang='lat' dir='ltr'><strong>atque</strong></span> <span class='ocrx_word' id='word_1_226' title='bbox 2839 1605 3003 1659; x_wconf 88' lang='lat' dir='ltr'><strong>etiam</strong></span> <span class='ocrx_word' id='word_1_227' title='bbox 3040 1605 3507 1677; x_wconf 70' lang='lat' dir='ltr'><strong>prtesigniﬁcassel</strong></span> <span class='ocrx_word' id='word_1_228' title='bbox 3534 1606 3602 1661; x_wconf 87' lang='lat' dir='ltr'><strong>de</strong></span> 
     </span>
    </p>
   </div>
   <div class='ocr_carea' id='block_1_31' title="bbox 2025 1679 3602 1767">
    <p class='ocr_par' dir='ltr' id='par_1_31' title="bbox 2025 1679 3602 1767">
     <span class='ocr_line' id='line_1_31' title="bbox 2025 1679 3602 1767; baseline 0.004 -22"><span class='ocrx_word' id='word_1_229' title='bbox 2025 1691 2112 1755; x_wconf 88' lang='lat' dir='ltr'><strong>iis,</strong></span> <span class='ocrx_word' id='word_1_230' title='bbox 2175 1693 2267 1764; x_wconf 89' lang='lat' dir='ltr'><strong>qui</strong></span> <span class='ocrx_word' id='word_1_231' title='bbox 2316 1694 2460 1747; x_wconf 89' lang='lat' dir='ltr'><strong>inter</strong></span> <span class='ocrx_word' id='word_1_232' title='bbox 2517 1695 2785 1765; x_wconf 86' lang='lat' dir='ltr'><strong>Ephesios</strong></span> <span class='ocrx_word' id='word_1_233' title='bbox 2844 1695 2966 1751; x_wconf 88' lang='lat' dir='ltr'><strong>illos</strong></span> <span class='ocrx_word' id='word_1_234' title='bbox 3037 1695 3175 1749; x_wconf 88' lang='lat' dir='ltr'><strong>mala</strong></span> <span class='ocrx_word' id='word_1_235' title='bbox 3237 1679 3341 1751; x_wconf 79' lang='lat' dir='ltr'><strong>[ide</strong></span> <span class='ocrx_word' id='word_1_236' title='bbox 3387 1697 3602 1767; x_wconf 68' lang='lat' dir='ltr'><strong>praediti</strong></span> 
     </span>
    </p>
   </div>
   <div class='ocr_carea' id='block_1_32' title="bbox 2029 1784 3605 1856">
    <p class='ocr_par' dir='ltr' id='par_1_32' title="bbox 2029 1784 3605 1856">
     <span class='ocr_line' id='line_1_32' title="bbox 2029 1784 3605 1856; baseline 0.004 -18"><span class='ocrx_word' id='word_1_237' title='bbox 2029 1784 2187 1854; x_wconf 78' lang='lat'><strong>152</strong></span> <span class='ocrx_word' id='word_1_238' title='bbox 2227 1793 2391 1856; x_wconf 84' lang='lat' dir='ltr'><strong>atque</strong></span> <span class='ocrx_word' id='word_1_239' title='bbox 2440 1786 2681 1842; x_wconf 76' lang='lat' dir='ltr'><strong>lucretici</strong></span> <span class='ocrx_word' id='word_1_240' title='bbox 2747 1786 2916 1842; x_wconf 88' lang='lat' dir='ltr'><strong>futuri</strong></span> <span class='ocrx_word' id='word_1_241' title='bbox 2962 1795 3136 1853; x_wconf 88' lang='lat' dir='ltr'><strong>erant,</strong></span> <span class='ocrx_word' id='word_1_242' title='bbox 3172 1804 3342 1843; x_wconf 90' lang='lat' dir='ltr'><strong>unum</strong></span> <span class='ocrx_word' id='word_1_243' title='bbox 3376 1804 3435 1845; x_wconf 89' lang='lat' dir='ltr'><strong>se</strong></span> <span class='ocrx_word' id='word_1_244' title='bbox 3469 1789 3605 1845; x_wconf 68' lang='lat' dir='ltr'><strong>dixit.</strong></span> 
     </span>
    </p>
   </div>
   <div class='ocr_carea' id='block_1_33' title="bbox 2026 1879 3604 1951">
    <p class='ocr_par' dir='ltr' id='par_1_33' title="bbox 2026 1879 3604 1951">
     <span class='ocr_line' id='line_1_33' title="bbox 2026 1879 3604 1951; baseline 0.003 -19"><span class='ocrx_word' id='word_1_245' title='bbox 2026 1879 2301 1951; x_wconf 82' lang='lat' dir='ltr'><strong>ignorare,</strong></span> <span class='ocrx_word' id='word_1_246' title='bbox 2358 1895 2557 1950; x_wconf 87' lang='lat' dir='ltr'><strong>nempe</strong></span> <span class='ocrx_word' id='word_1_247' title='bbox 2597 1880 2854 1950; x_wconf 86' lang='lat' dir='ltr'><strong>quisnam</strong></span> <span class='ocrx_word' id='word_1_248' title='bbox 2906 1881 3119 1935; x_wconf 89' lang='lat' dir='ltr'><strong>illarum</strong></span> <span class='ocrx_word' id='word_1_249' title='bbox 3171 1898 3353 1937; x_wconf 88' lang='lat' dir='ltr'><strong>rerum</strong></span> <span class='ocrx_word' id='word_1_250' title='bbox 3387 1882 3604 1937; x_wconf 86' lang='lat' dir='ltr'><strong>futurus</strong></span> 
     </span>
    </p>
   </div>
   <div class='ocr_carea' id='block_1_34' title="bbox 345 1966 1924 2044">
    <p class='ocr_par' dir='ltr' id='par_1_34' title="bbox 345 1966 1912 2044">
     <span class='ocr_line' id='line_1_34' title="bbox 345 1966 1912 2044; baseline 0.003 -23"><span class='ocrx_word' id='word_1_251' title='bbox 345 1970 419 2021; x_wconf 72' lang='grc' dir='ltr'>ὅτι</span> <span class='ocrx_word' id='word_1_252' title='bbox 447 1971 668 2034; x_wconf 74' lang='grc' dir='ltr'>πάντως</span> <span class='ocrx_word' id='word_1_253' title='bbox 699 1966 952 2036; x_wconf 81' lang='grc' dir='ltr'>τεύξεται</span> <span class='ocrx_word' id='word_1_254' title='bbox 984 1970 1203 2035; x_wconf 78' lang='grc' dir='ltr'>τούτου,</span> <span class='ocrx_word' id='word_1_255' title='bbox 1239 1970 1306 2024; x_wconf 82' lang='grc' dir='ltr'><strong>δι’</strong></span> <span class='ocrx_word' id='word_1_256' title='bbox 1337 1971 1642 2043; x_wconf 74' lang='grc' dir='ltr'><strong>ὑπεροψίας</strong></span> <span class='ocrx_word' id='word_1_257' title='bbox 1670 1972 1912 2044; x_wconf 73' lang='grc' dir='ltr'><strong>ὲκπέσῃο</strong></span> 
     </span>
    </p>
   </div>
   <div class='ocr_carea' id='block_1_35' title="bbox 2028 1966 3608 2044">
    <p class='ocr_par' dir='ltr' id='par_1_35' title="bbox 2028 1970 3608 2044">
     <span class='ocr_line' id='line_1_35' title="bbox 2028 1970 3608 2044; baseline 0.003 -20"><span class='ocrx_word' id='word_1_258' title='bbox 2028 1978 2170 2026; x_wconf 87' lang='lat' dir='ltr'><strong>esset</strong></span> <span class='ocrx_word' id='word_1_259' title='bbox 2198 1970 2345 2025; x_wconf 85' lang='lat' dir='ltr'><strong>linis.</strong></span> <span class='ocrx_word' id='word_1_260' title='bbox 2387 1970 2527 2025; x_wconf 84' lang='lat' dir='ltr'><strong>Nam</strong></span> <span class='ocrx_word' id='word_1_261' title='bbox 2559 1987 2683 2026; x_wconf 91' lang='lat' dir='ltr'><strong>cum</strong></span> <span class='ocrx_word' id='word_1_262' title='bbox 2743 1973 2925 2026; x_wconf 85' lang='lat' dir='ltr'><strong>omnia</strong></span> <span class='ocrx_word' id='word_1_263' title='bbox 2984 1972 3252 2029; x_wconf 87' lang='lat' dir='ltr'><strong>Dominus</strong></span> <span class='ocrx_word' id='word_1_264' title='bbox 3283 1974 3356 2028; x_wconf 91' lang='lat' dir='ltr'><strong>illi</strong></span> <span class='ocrx_word' id='word_1_265' title='bbox 3394 1976 3608 2044; x_wconf 80' lang='lat' dir='ltr'><strong>patefe--</strong></span> 
     </span>
    </p>
   </div>
   <div class='ocr_carea' id='block_1_36' title="bbox 344 2062 1919 2136">
    <p class='ocr_par' dir='ltr' id='par_1_36' title="bbox 344 2062 1919 2136">
     <span class='ocr_line' id='line_1_36' title="bbox 344 2062 1919 2136; baseline 0.002 -21"><span class='ocrx_word' id='word_1_266' title='bbox 344 2062 453 2119; x_wconf 66' lang='grc' dir='ltr'>ἀλλ’</span> <span class='ocrx_word' id='word_1_267' title='bbox 481 2064 663 2118; x_wconf 73' lang='grc' dir='ltr'>εἴασεν</span> <span class='ocrx_word' id='word_1_268' title='bbox 698 2064 1002 2136; x_wconf 74' lang='grc' dir='ltr'>ἀμφίϐολον</span> <span class='ocrx_word' id='word_1_269' title='bbox 1025 2063 1085 2118; x_wconf 80' lang='grc' dir='ltr'>τὸ</span> <span class='ocrx_word' id='word_1_270' title='bbox 1118 2063 1364 2133; x_wconf 82' lang='grc' dir='ltr'>Πνεῦμα,</span> <span class='ocrx_word' id='word_1_271' title='bbox 1405 2065 1491 2117; x_wconf 82' lang='grc' dir='ltr'>ἵνα</span> <span class='ocrx_word' id='word_1_272' title='bbox 1517 2063 1703 2127; x_wconf 83' lang='grc' dir='ltr'>δεδιὼς</span> <span class='ocrx_word' id='word_1_273' title='bbox 1727 2063 1789 2118; x_wconf 85' lang='grc' dir='ltr'><strong>τδ</strong></span> <span class='ocrx_word' id='word_1_274' title='bbox 1820 2066 1919 2134; x_wconf 81' lang='grc' dir='ltr'>τῆς</span> 
     </span>
    </p>
   </div>
   <div class='ocr_carea' id='block_1_37' title="bbox 344 2156 1917 2229">
    <p class='ocr_par' dir='ltr' id='par_1_37' title="bbox 344 2156 1917 2229">
     <span class='ocr_line' id='line_1_37' title="bbox 344 2156 1917 2229; baseline 0.002 -23"><span class='ocrx_word' id='word_1_275' title='bbox 344 2157 544 2225; x_wconf 67' lang='grc' dir='ltr'>σαρκὸς</span> <span class='ocrx_word' id='word_1_276' title='bbox 599 2156 846 2222; x_wconf 79' lang='grc' dir='ltr'>ἀσθενὲς,</span> <span class='ocrx_word' id='word_1_277' title='bbox 902 2156 1071 2229; x_wconf 80' lang='grc' dir='ltr'>δεηθῇ</span> <span class='ocrx_word' id='word_1_278' title='bbox 1106 2157 1202 2210; x_wconf 87' lang='grc' dir='ltr'><strong>τοῦ</strong></span> <span class='ocrx_word' id='word_1_279' title='bbox 1269 2156 1409 2211; x_wconf 78' lang='grc' dir='ltr'>θεοῦ</span> <span class='ocrx_word' id='word_1_280' title='bbox 1463 2157 1759 2227; x_wconf 81' lang='grc' dir='ltr'>εὑρεθῆναι</span> <span class='ocrx_word' id='word_1_281' title='bbox 1779 2158 1826 2189; x_wconf 74' lang='grc'><strong>’⁷</strong></span> <span class='ocrx_word' id='word_1_282' title='bbox 1851 2158 1917 2209; x_wconf 85' lang='grc' dir='ltr'><strong>ἐκ</strong></span> 
     </span>
    </p>
   </div>
   <div class='ocr_carea' id='block_1_38' title="bbox 340 2247 1914 2319">
    <p class='ocr_par' dir='ltr' id='par_1_38' title="bbox 340 2247 1914 2319">
     <span class='ocr_line' id='line_1_38' title="bbox 340 2247 1914 2319; baseline 0.003 -23"><span class='ocrx_word' id='word_1_283' title='bbox 340 2247 688 2318; x_wconf 76' lang='grc' dir='ltr'>πειρασμῶν.</span> <span class='ocrx_word' id='word_1_284' title='bbox 721 2248 794 2302; x_wconf 80' lang='grc' dir='ltr'>Τὸ</span> <span class='ocrx_word' id='word_1_285' title='bbox 820 2248 899 2312; x_wconf 81' lang='grc' dir='ltr'>δὲ,</span> <span class='ocrx_word' id='word_1_286' title='bbox 935 2249 1068 2303; x_wconf 73' lang='grc' dir='ltr'><strong>Ὀτι</strong></span> <span class='ocrx_word' id='word_1_287' title='bbox 1098 2247 1295 2319; x_wconf 80' lang='grc' dir='ltr'>δεσμὰ</span> <span class='ocrx_word' id='word_1_288' title='bbox 1328 2248 1429 2303; x_wconf 73' lang='grc' dir='ltr'><strong>καὶ</strong></span> <span class='ocrx_word' id='word_1_289' title='bbox 1459 2249 1696 2317; x_wconf 67' lang='grc' dir='ltr'>θλίψεις</span> <span class='ocrx_word' id='word_1_290' title='bbox 1711 2265 1787 2317; x_wconf 82' lang='grc' dir='ltr'><strong>με</strong></span> <span class='ocrx_word' id='word_1_291' title='bbox 1807 2247 1914 2316; x_wconf 78' lang='grc' dir='ltr'><strong>μέ-</strong></span> 
     </span>
    </p>
   </div>
   <div class='ocr_carea' id='block_1_39' title="bbox 340 2338 1914 2414">
    <p class='ocr_par' dir='ltr' id='par_1_39' title="bbox 340 2338 1914 2414">
     <span class='ocr_line' id='line_1_39' title="bbox 340 2338 1914 2414; baseline 0.002 -20"><span class='ocrx_word' id='word_1_292' title='bbox 340 2357 579 2406; x_wconf 82' lang='grc' dir='ltr'>νουσιν,</span> <span class='ocrx_word' id='word_1_293' title='bbox 615 2343 738 2395; x_wconf 70' lang='lat' dir='ltr'><strong>&quot;Ott</strong></span> <span class='ocrx_word' id='word_1_294' title='bbox 781 2343 878 2414; x_wconf 83' lang='grc' dir='ltr'>μὲν</span> <span class='ocrx_word' id='word_1_295' title='bbox 918 2344 1242 2414; x_wconf 75' lang='grc' dir='ltr'>πειρασμοὶ,</span> <span class='ocrx_word' id='word_1_296' title='bbox 1296 2338 1448 2398; x_wconf 74' lang='grc' dir='ltr'>οἶδα·</span> <span class='ocrx_word' id='word_1_297' title='bbox 1484 2345 1659 2397; x_wconf 84' lang='grc' dir='ltr'>ὁποῖοι</span> <span class='ocrx_word' id='word_1_298' title='bbox 1692 2342 1768 2410; x_wconf 86' lang='grc' dir='ltr'>δὲ,</span> <span class='ocrx_word' id='word_1_299' title='bbox 1811 2343 1914 2397; x_wconf 80' lang='grc' dir='ltr'><strong>οὐκ</strong></span> 
     </span>
    </p>
   </div>
   <div class='ocr_carea' id='block_1_40' title="bbox 340 2427 1915 2507">
    <p class='ocr_par' dir='ltr' id='par_1_40' title="bbox 340 2427 1915 2507">
     <span class='ocr_line' id='line_1_40' title="bbox 340 2427 1915 2507; baseline 0.003 -25"><span class='ocrx_word' id='word_1_300' title='bbox 340 2427 476 2498; x_wconf 67' lang='grc' dir='ltr'>οἶδα,</span> <span class='ocrx_word' id='word_1_301' title='bbox 542 2434 683 2505; x_wconf 81' lang='grc' dir='ltr'>ὅπερ</span> <span class='ocrx_word' id='word_1_302' title='bbox 731 2429 801 2505; x_wconf 81' lang='grc' dir='ltr'>ἦν</span> <span class='ocrx_word' id='word_1_303' title='bbox 848 2435 1254 2507; x_wconf 79' lang='grc' dir='ltr'>χαλεπώτερον.</span> <span class='ocrx_word' id='word_1_304' title='bbox 1290 2435 1357 2488; x_wconf 87' lang='lat' dir='ltr'><strong>&#39;l‘l</strong></span> <span class='ocrx_word' id='word_1_305' title='bbox 1405 2430 1500 2489; x_wconf 78' lang='grc' dir='ltr'>οὖν</span> <span class='ocrx_word' id='word_1_306' title='bbox 1560 2434 1804 2506; x_wconf 76' lang='grc' dir='ltr'>ἀπέρχῃ,</span> <span class='ocrx_word' id='word_1_307' title='bbox 1864 2435 1915 2487; x_wconf 86' lang='grc' dir='ltr'><strong>εί</strong></span> 
     </span>
    </p>
   </div>
   <div class='ocr_carea' id='block_1_41' title="bbox 338 2520 1917 2597">
    <p class='ocr_par' dir='ltr' id='par_1_41' title="bbox 338 2520 1917 2597">
     <span class='ocr_line' id='line_1_41' title="bbox 338 2520 1917 2597; baseline 0.003 -23"><span class='ocrx_word' id='word_1_308' title='bbox 338 2520 516 2593; x_wconf 78' lang='grc' dir='ltr'>δεσμὰ</span> <span class='ocrx_word' id='word_1_309' title='bbox 546 2525 643 2578; x_wconf 80' lang='grc' dir='ltr'><strong>καὶ</strong></span> <span class='ocrx_word' id='word_1_310' title='bbox 671 2524 882 2596; x_wconf 77' lang='grc' dir='ltr'>θλίψεις</span> <span class='ocrx_word' id='word_1_311' title='bbox 920 2542 980 2580; x_wconf 87' lang='grc' dir='ltr'><strong>σε</strong></span> <span class='ocrx_word' id='word_1_312' title='bbox 999 2526 1047 2560; x_wconf 75' lang='grc'>⁸⁸</span> <span class='ocrx_word' id='word_1_313' title='bbox 1073 2526 1334 2597; x_wconf 74' lang='grc' dir='ltr'>μένουσις</span> <span class='ocrx_word' id='word_1_314' title='bbox 1370 2526 1471 2579; x_wconf 73' lang='grc' dir='ltr'>Διὰ</span> <span class='ocrx_word' id='word_1_315' title='bbox 1501 2526 1680 2594; x_wconf 85' lang='grc' dir='ltr'>τοῦτο,</span> <span class='ocrx_word' id='word_1_316' title='bbox 1712 2525 1802 2580; x_wconf 73' lang='grc' dir='ltr'>ἵνα</span> <span class='ocrx_word' id='word_1_317' title='bbox 1827 2526 1917 2579; x_wconf 87' lang='grc' dir='ltr'>δε-</span> 
     </span>
    </p>
   </div>
   <div class='ocr_carea' id='block_1_42' title="bbox 342 2615 1697 2688">
    <p class='ocr_par' dir='ltr' id='par_1_42' title="bbox 342 2615 1697 2688">
     <span class='ocr_line' id='line_1_42' title="bbox 342 2615 1697 2688; baseline 0.004 -20"><span class='ocrx_word' id='word_1_318' title='bbox 342 2616 569 2683; x_wconf 85' lang='grc' dir='ltr'>σμευθῶ</span> <span class='ocrx_word' id='word_1_319' title='bbox 593 2615 681 2672; x_wconf 81' lang='grc' dir='ltr'><strong>διὰ</strong></span> <span class='ocrx_word' id='word_1_320' title='bbox 709 2619 967 2688; x_wconf 84' lang='grc' dir='ltr'>Χριστὸν,</span> <span class='ocrx_word' id='word_1_321' title='bbox 1010 2619 1103 2672; x_wconf 81' lang='grc' dir='ltr'>ἵνα</span> <span class='ocrx_word' id='word_1_322' title='bbox 1130 2618 1390 2672; x_wconf 82' lang='grc' dir='ltr'>ἀποθάνω</span> <span class='ocrx_word' id='word_1_323' title='bbox 1420 2618 1490 2672; x_wconf 87' lang='grc' dir='ltr'><strong>δι’</strong></span> <span class='ocrx_word' id='word_1_324' title='bbox 1513 2619 1697 2675; x_wconf 81' lang='grc' dir='ltr'>αὐτόν.</span> 
     </span>
    </p>
   </div>
   <div class='ocr_carea' id='block_1_43' title="bbox 2025 2062 3605 2135">
    <p class='ocr_par' dir='ltr' id='par_1_43' title="bbox 2025 2062 3605 2135">
     <span class='ocr_line' id='line_1_43' title="bbox 2025 2062 3605 2135; baseline 0.002 -20"><span class='ocrx_word' id='word_1_325' title='bbox 2025 2063 2210 2126; x_wconf 89' lang='lat' dir='ltr'><strong>cisset,</strong></span> <span class='ocrx_word' id='word_1_326' title='bbox 2243 2063 2417 2117; x_wconf 91' lang='lat' dir='ltr'><strong>solum</strong></span> <span class='ocrx_word' id='word_1_327' title='bbox 2453 2062 2585 2117; x_wconf 90' lang='lat' dir='ltr'><strong>illud</strong></span> <span class='ocrx_word' id='word_1_328' title='bbox 2624 2079 2749 2118; x_wconf 89' lang='lat' dir='ltr'><strong>eum</strong></span> <span class='ocrx_word' id='word_1_329' title='bbox 2784 2063 3001 2130; x_wconf 79' lang='lat' dir='ltr'><strong>celavit,</strong></span> <span class='ocrx_word' id='word_1_330' title='bbox 3051 2064 3312 2135; x_wconf 84' lang='lat' dir='ltr'><strong>quidnam</strong></span> <span class='ocrx_word' id='word_1_331' title='bbox 3344 2064 3605 2120; x_wconf 77' lang='lat' dir='ltr'><strong>videlicet</strong></span> 
     </span>
    </p>
   </div>
   <div class='ocr_carea' id='block_1_44' title="bbox 2023 2156 3605 2227">
    <p class='ocr_par' dir='ltr' id='par_1_44' title="bbox 2023 2156 3605 2227">
     <span class='ocr_line' id='line_1_44' title="bbox 2023 2156 3605 2227; baseline 0.001 -18"><span class='ocrx_word' id='word_1_332' title='bbox 2023 2156 2099 2209; x_wconf 91' lang='lat' dir='ltr'><strong>illi</strong></span> <span class='ocrx_word' id='word_1_333' title='bbox 2128 2171 2384 2210; x_wconf 89' lang='lat' dir='ltr'><strong>casurum</strong></span> <span class='ocrx_word' id='word_1_334' title='bbox 2414 2165 2559 2210; x_wconf 74' lang='lat' dir='ltr'><strong>esset</strong></span> <span class='ocrx_word' id='word_1_335' title='bbox 2586 2167 2710 2226; x_wconf 88' lang='lat' dir='ltr'><strong>post</strong></span> <span class='ocrx_word' id='word_1_336' title='bbox 2735 2157 2956 2211; x_wconf 87' lang='lat' dir='ltr'><strong>vincula</strong></span> <span class='ocrx_word' id='word_1_337' title='bbox 2985 2166 3150 2227; x_wconf 87' lang='lat' dir='ltr'><strong>atque</strong></span> <span class='ocrx_word' id='word_1_338' title='bbox 3180 2157 3518 2212; x_wconf 83' lang='lat' dir='ltr'><strong>calamitates</strong></span> <span class='ocrx_word' id='word_1_339' title='bbox 3548 2168 3605 2212; x_wconf 88' lang='lat' dir='ltr'><strong>et</strong></span> 
     </span>
    </p>
   </div>
   <div class='ocr_carea' id='block_1_45' title="bbox 2023 2249 3605 2321">
    <p class='ocr_par' dir='ltr' id='par_1_45' title="bbox 2023 2249 3605 2321">
     <span class='ocr_line' id='line_1_45' title="bbox 2023 2249 3605 2321; baseline 0.002 -19"><span class='ocrx_word' id='word_1_340' title='bbox 2023 2249 2367 2315; x_wconf 80' lang='lat' dir='ltr'><strong>alllictiones,</strong></span> <span class='ocrx_word' id='word_1_341' title='bbox 2393 2265 2499 2314; x_wconf 90' lang='lat' dir='ltr'><strong>ne,</strong></span> <span class='ocrx_word' id='word_1_342' title='bbox 2536 2251 2715 2305; x_wconf 90' lang='lat' dir='ltr'><strong>elatus</strong></span> <span class='ocrx_word' id='word_1_343' title='bbox 2747 2266 2811 2305; x_wconf 91' lang='lat' dir='ltr'><strong>ac</strong></span> <span class='ocrx_word' id='word_1_344' title='bbox 2851 2251 3031 2305; x_wconf 78' lang='lat' dir='ltr'><strong>sciens</strong></span> <span class='ocrx_word' id='word_1_345' title='bbox 3070 2266 3130 2305; x_wconf 90' lang='lat' dir='ltr'><strong>se</strong></span> <span class='ocrx_word' id='word_1_346' title='bbox 3181 2266 3409 2321; x_wconf 86' lang='lat' dir='ltr'><strong>prorsus</strong></span> <span class='ocrx_word' id='word_1_347' title='bbox 3470 2250 3605 2306; x_wconf 92' lang='lat' dir='ltr'><strong>illud</strong></span> 
     </span>
    </p>
   </div>
   <div class='ocr_carea' id='block_1_46' title="bbox 2023 2343 3605 2413">
    <p class='ocr_par' dir='ltr' id='par_1_46' title="bbox 2023 2343 3605 2413">
     <span class='ocr_line' id='line_1_46' title="bbox 2023 2343 3605 2413; baseline 0.002 -20"><span class='ocrx_word' id='word_1_348' title='bbox 2023 2351 2403 2397; x_wconf 73' lang='lat' dir='ltr'><strong>assecuturum</strong></span> <span class='ocrx_word' id='word_1_349' title='bbox 2438 2358 2580 2409; x_wconf 90' lang='lat' dir='ltr'><strong>esse,</strong></span> <span class='ocrx_word' id='word_1_350' title='bbox 2621 2358 2721 2412; x_wconf 89' lang='lat' dir='ltr'><strong>per</strong></span> <span class='ocrx_word' id='word_1_351' title='bbox 2769 2344 3083 2413; x_wconf 72' lang='lat' dir='ltr'><strong>superbiam</strong></span> <span class='ocrx_word' id='word_1_352' title='bbox 3127 2343 3404 2398; x_wconf 84' lang='lat' dir='ltr'><strong>laberetur</strong></span> <span class='ocrx_word' id='word_1_353' title='bbox 3439 2351 3605 2413; x_wconf 87' lang='lat' dir='ltr'><strong>atque</strong></span> 
     </span>
    </p>
   </div>
   <div class='ocr_carea' id='block_1_47' title="bbox 2024 2434 3606 2506">
    <p class='ocr_par' dir='ltr' id='par_1_47' title="bbox 2024 2434 3606 2506">
     <span class='ocr_line' id='line_1_47' title="bbox 2024 2434 3606 2506; baseline -0.001 -16"><span class='ocrx_word' id='word_1_354' title='bbox 2024 2435 2403 2506; x_wconf 71' lang='lat' dir='ltr'><strong>degeneraret.</strong></span> <span class='ocrx_word' id='word_1_355' title='bbox 2438 2434 2544 2491; x_wconf 89' lang='lat' dir='ltr'><strong>Sed</strong></span> <span class='ocrx_word' id='word_1_356' title='bbox 2582 2434 2821 2506; x_wconf 85' lang='lat' dir='ltr'><strong>Spiritus</strong></span> <span class='ocrx_word' id='word_1_357' title='bbox 2848 2450 2973 2489; x_wconf 85' lang='lat' dir='ltr'><strong>eum</strong></span> <span class='ocrx_word' id='word_1_358' title='bbox 2999 2436 3128 2490; x_wconf 88' lang='lat' dir='ltr'><strong>sivit</strong></span> <span class='ocrx_word' id='word_1_359' title='bbox 3161 2451 3284 2491; x_wconf 88' lang='lat' dir='ltr'><strong>esse</strong></span> <span class='ocrx_word' id='word_1_360' title='bbox 3306 2435 3475 2490; x_wconf 88' lang='lat' dir='ltr'><strong>animi</strong></span> <span class='ocrx_word' id='word_1_361' title='bbox 3498 2435 3606 2490; x_wconf 82' lang='lat' dir='ltr'><strong>du-</strong></span> 
     </span>
    </p>
   </div>
   <div class='ocr_carea' id='block_1_48' title="bbox 2028 2527 3606 2595">
    <p class='ocr_par' dir='ltr' id='par_1_48' title="bbox 2028 2527 3606 2595">
     <span class='ocr_line' id='line_1_48' title="bbox 2028 2527 3606 2595; baseline 0.001 -14"><span class='ocrx_word' id='word_1_362' title='bbox 2028 2527 2176 2581; x_wconf 89' lang='lat' dir='ltr'><strong>bium</strong></span> <span class='ocrx_word' id='word_1_363' title='bbox 2223 2537 2280 2583; x_wconf 85' lang='lat' dir='ltr'><strong>et</strong></span> <span class='ocrx_word' id='word_1_364' title='bbox 2322 2529 2617 2595; x_wconf 86' lang='lat' dir='ltr'><strong>incertum,</strong></span> <span class='ocrx_word' id='word_1_365' title='bbox 2654 2537 2715 2594; x_wconf 83' lang='lat' dir='ltr'><strong>ut</strong></span> <span class='ocrx_word' id='word_1_366' title='bbox 2744 2538 2998 2584; x_wconf 88' lang='lat' dir='ltr'><strong>metuens</strong></span> <span class='ocrx_word' id='word_1_367' title='bbox 3032 2529 3211 2585; x_wconf 88' lang='lat' dir='ltr'><strong>carnis</strong></span> <span class='ocrx_word' id='word_1_368' title='bbox 3265 2528 3606 2584; x_wconf 90' lang='lat' dir='ltr'><strong>imbecillita-</strong></span> 
     </span>
    </p>
   </div>
   <div class='ocr_carea' id='block_1_49' title="bbox 2031 2620 3607 2691">
    <p class='ocr_par' dir='ltr' id='par_1_49' title="bbox 2031 2620 3607 2691">
     <span class='ocr_line' id='line_1_49' title="bbox 2031 2620 3607 2691; baseline -0.002 -14"><span class='ocrx_word' id='word_1_369' title='bbox 2031 2632 2138 2677; x_wconf 89' lang='lat' dir='ltr'><strong>tem</strong></span> <span class='ocrx_word' id='word_1_370' title='bbox 2165 2623 2556 2691; x_wconf 87' lang='lat' dir='ltr'><strong>deprecaretur</strong></span> <span class='ocrx_word' id='word_1_371' title='bbox 2595 2622 2786 2686; x_wconf 89' lang='lat' dir='ltr'><strong>Deum,</strong></span> <span class='ocrx_word' id='word_1_372' title='bbox 2823 2629 2885 2675; x_wconf 90' lang='lat' dir='ltr'><strong>ut</strong></span> <span class='ocrx_word' id='word_1_373' title='bbox 2916 2636 2974 2675; x_wconf 91' lang='lat' dir='ltr'><strong>se</strong></span> <span class='ocrx_word' id='word_1_374' title='bbox 3016 2620 3410 2676; x_wconf 82' lang='lat' dir='ltr'><strong>tentationibus</strong></span> <span class='ocrx_word' id='word_1_375' title='bbox 3442 2628 3607 2690; x_wconf 90' lang='lat' dir='ltr'><strong>atque</strong></span> 
     </span>
    </p>
   </div>
   <div class='ocr_carea' id='block_1_50' title="bbox 338 2708 3606 2784">
    <p class='ocr_par' dir='ltr' id='par_1_50' title="bbox 338 2708 3606 2784">
     <span class='ocr_line' id='line_1_50' title="bbox 338 2708 3606 2784; baseline 0.001 -23"><span class='ocrx_word' id='word_1_376' title='bbox 338 2708 602 2774; x_wconf 83' lang='lat' dir='ltr'><strong>periculis</strong></span> <span class='ocrx_word' id='word_1_377' title='bbox 622 2709 904 2765; x_wconf 83' lang='lat' dir='ltr'><strong>eximeret.</strong></span> <span class='ocrx_word' id='word_1_378' title='bbox 927 2711 1098 2765; x_wconf 81' lang='lat' dir='ltr'><strong>Porro</strong></span> <span class='ocrx_word' id='word_1_379' title='bbox 1130 2710 1277 2780; x_wconf 89' lang='lat' dir='ltr'><strong>quod</strong></span> <span class='ocrx_word' id='word_1_380' title='bbox 1303 2708 1456 2775; x_wconf 86' lang='lat' dir='ltr'><strong>dicit,</strong></span> <span class='ocrx_word' id='word_1_381' title='bbox 1494 2708 1720 2765; x_wconf 79' lang='lat' dir='ltr'><strong>Vincula</strong></span> <span class='ocrx_word' id='word_1_382' title='bbox 1755 2720 1913 2781; x_wconf 84' lang='lat' dir='ltr'><strong>atque</strong></span> <span class='ocrx_word' id='word_1_383' title='bbox 1947 2713 2251 2784; x_wconf 77' lang='lat' dir='ltr'><strong>aﬂlictiones</strong></span> <span class='ocrx_word' id='word_1_384' title='bbox 2301 2730 2383 2767; x_wconf 89' lang='lat' dir='ltr'><strong>me</strong></span> <span class='ocrx_word' id='word_1_385' title='bbox 2429 2722 2664 2778; x_wconf 83' lang='lat' dir='ltr'><strong>manent,</strong></span> <span class='ocrx_word' id='word_1_386' title='bbox 2713 2713 2817 2769; x_wconf 88' lang='lat' dir='ltr'><strong>hoc</strong></span> <span class='ocrx_word' id='word_1_387' title='bbox 2846 2721 2950 2775; x_wconf 51' lang='lat' dir='ltr'><strong>est,</strong></span> <span class='ocrx_word' id='word_1_388' title='bbox 3036 2710 3367 2767; x_wconf 88' lang='lat' dir='ltr'><strong>tentationes</strong></span> <span class='ocrx_word' id='word_1_389' title='bbox 3440 2719 3606 2781; x_wconf 88' lang='lat' dir='ltr'><strong>atque</strong></span> 
     </span>
    </p>
   </div>
   <div class='ocr_carea' id='block_1_51' title="bbox 341 2803 1524 2872">
    <p class='ocr_par' dir='ltr' id='par_1_51' title="bbox 341 2803 1524 2872">
     <span class='ocr_line' id='line_1_51' title="bbox 341 2803 1524 2872; baseline 0.002 -15"><span class='ocrx_word' id='word_1_390' title='bbox 341 2803 585 2872; x_wconf 87' lang='lat' dir='ltr'><strong>pericula</strong></span> <span class='ocrx_word' id='word_1_391' title='bbox 644 2804 778 2858; x_wconf 87' lang='lat' dir='ltr'><strong>mihi</strong></span> <span class='ocrx_word' id='word_1_392' title='bbox 840 2819 962 2860; x_wconf 86' lang='lat' dir='ltr'><strong>esse</strong></span> <span class='ocrx_word' id='word_1_393' title='bbox 1012 2805 1283 2860; x_wconf 87' lang='lat' dir='ltr'><strong>destinata</strong></span> <span class='ocrx_word' id='word_1_394' title='bbox 1340 2805 1524 2860; x_wconf 86' lang='lat' dir='ltr'><strong>novi:</strong></span> 
     </span>
    </p>
   </div>
   <div class='ocr_carea' id='block_1_52' title="bbox 1605 2804 3607 2880">
    <p class='ocr_par' dir='ltr' id='par_1_52' title="bbox 1605 2804 3607 2880">
     <span class='ocr_line' id='line_1_52' title="bbox 1605 2804 3607 2880; baseline 0 -21"><span class='ocrx_word' id='word_1_395' title='bbox 1605 2807 1701 2860; x_wconf 86' lang='lat' dir='ltr'><strong>sed</strong></span> <span class='ocrx_word' id='word_1_396' title='bbox 1754 2806 1959 2876; x_wconf 85' lang='lat' dir='ltr'><strong>qualia,</strong></span> <span class='ocrx_word' id='word_1_397' title='bbox 1998 2808 2212 2878; x_wconf 81' lang='lat' dir='ltr'><strong>ignoro,</strong></span> <span class='ocrx_word' id='word_1_398' title='bbox 2291 2809 2439 2880; x_wconf 91' lang='lat' dir='ltr'><strong>quod</strong></span> <span class='ocrx_word' id='word_1_399' title='bbox 2486 2817 2604 2863; x_wconf 86' lang='lat' dir='ltr'><strong>erat</strong></span> <span class='ocrx_word' id='word_1_400' title='bbox 2649 2806 2955 2862; x_wconf 88' lang='lat' dir='ltr'><strong>molestius.</strong></span> <span class='ocrx_word' id='word_1_401' title='bbox 3024 2804 3135 2861; x_wconf 87' lang='lat' dir='ltr'><strong>Cur</strong></span> <span class='ocrx_word' id='word_1_402' title='bbox 3164 2805 3330 2877; x_wconf 78' lang='lat' dir='ltr'><strong>igitur</strong></span> <span class='ocrx_word' id='word_1_403' title='bbox 3358 2804 3501 2871; x_wconf 88' lang='lat' dir='ltr'><strong>abis,</strong></span> <span class='ocrx_word' id='word_1_404' title='bbox 3558 2804 3607 2860; x_wconf 81' lang='lat' dir='ltr'><strong>si</strong></span> 
     </span>
    </p>
   </div>
   <div class='ocr_carea' id='block_1_53' title="bbox 340 2899 3610 2986">
    <p class='ocr_par' dir='ltr' id='par_1_53' title="bbox 340 2899 3610 2986">
     <span class='ocr_line' id='line_1_53' title="bbox 340 2899 3610 2986; baseline 0.002 -34"><span class='ocrx_word' id='word_1_405' title='bbox 340 2899 559 2956; x_wconf 80' lang='lat' dir='ltr'><strong>vincula</strong></span> <span class='ocrx_word' id='word_1_406' title='bbox 593 2908 760 2970; x_wconf 87' lang='lat' dir='ltr'><strong>atque</strong></span> <span class='ocrx_word' id='word_1_407' title='bbox 790 2900 1133 2956; x_wconf 78' lang='lat' dir='ltr'><strong>calamitates</strong></span> <span class='ocrx_word' id='word_1_408' title='bbox 1178 2901 1279 2957; x_wconf 84' lang='lat' dir='ltr'><strong>tibi</strong></span> <span class='ocrx_word' id='word_1_409' title='bbox 1310 2901 1598 2956; x_wconf 82' lang='lat' dir='ltr'><strong>destinatae</strong></span> <span class='ocrx_word' id='word_1_410' title='bbox 1623 2902 1792 2956; x_wconf 87' lang='lat' dir='ltr'><strong>sunt?</strong></span> <span class='ocrx_word' id='word_1_411' title='bbox 1830 2902 2050 2975; x_wconf 36' lang='lat' dir='ltr'><strong>Idcirco.</strong></span> <span class='ocrx_word' id='word_1_412' title='bbox 2068 2913 2128 2960; x_wconf 93' lang='lat' dir='ltr'><strong>ut</strong></span> <span class='ocrx_word' id='word_1_413' title='bbox 2163 2906 2374 2961; x_wconf 75' lang='lat' dir='ltr'><strong>rinciar</strong></span> <span class='ocrx_word' id='word_1_414' title='bbox 2403 2914 2630 2976; x_wconf 87' lang='lat' dir='ltr'><strong>propter</strong></span> <span class='ocrx_word' id='word_1_415' title='bbox 2695 2904 3021 2986; x_wconf 35' lang='lat' dir='ltr'><strong>Christum”</strong></span> <span class='ocrx_word' id='word_1_416' title='bbox 3090 2914 3152 2959; x_wconf 88' lang='lat' dir='ltr'><strong>ut</strong></span> <span class='ocrx_word' id='word_1_417' title='bbox 3213 2905 3420 2960; x_wconf 89' lang='lat' dir='ltr'><strong>moriar</strong></span> <span class='ocrx_word' id='word_1_418' title='bbox 3478 2920 3610 2975; x_wconf 88' lang='lat' dir='ltr'><strong>pro-</strong></span> 
     </span>
    </p>
   </div>
   <div class='ocr_carea' id='block_1_54' title="bbox 340 2995 663 3064">
    <p class='ocr_par' dir='ltr' id='par_1_54' title="bbox 340 2995 663 3064">
     <span class='ocr_line' id='line_1_54' title="bbox 340 2995 663 3064; baseline 0.009 -17"><span class='ocrx_word' id='word_1_419' title='bbox 340 3004 455 3064; x_wconf 77' lang='lat' dir='ltr'><strong>pter</strong></span> <span class='ocrx_word' id='word_1_420' title='bbox 484 2995 663 3050; x_wconf 90' lang='lat' dir='ltr'><strong>illum.</strong></span> 
     </span>
    </p>
   </div>
   <div class='ocr_carea' id='block_1_55' title="bbox 407 3084 1921 3158">
    <p class='ocr_par' dir='ltr' id='par_1_55' title="bbox 407 3084 1921 3158">
     <span class='ocr_line' id='line_1_55' title="bbox 407 3084 1921 3158; baseline 0 -18"><span class='ocrx_word' id='word_1_421' title='bbox 407 3087 527 3141; x_wconf 75' lang='lat' dir='ltr'><strong>Kal</strong></span> <span class='ocrx_word' id='word_1_422' title='bbox 556 3087 675 3141; x_wconf 87' lang='grc' dir='ltr'><strong>νῦν</strong></span> <span class='ocrx_word' id='word_1_423' title='bbox 709 3085 840 3141; x_wconf 75' lang='grc' dir='ltr'>ἰδοὺ</span> <span class='ocrx_word' id='word_1_424' title='bbox 879 3088 995 3158; x_wconf 74' lang='grc' dir='ltr'><strong>ἐγὼ</strong></span> <span class='ocrx_word' id='word_1_425' title='bbox 1027 3084 1182 3150; x_wconf 79' lang='grc' dir='ltr'>οἶδα,</span> <span class='ocrx_word' id='word_1_426' title='bbox 1222 3088 1311 3142; x_wconf 84' lang='grc' dir='ltr'>ὅτι</span> <span class='ocrx_word' id='word_1_427' title='bbox 1343 3089 1455 3142; x_wconf 81' lang='grc' dir='ltr'><strong>οὐκ</strong></span> <span class='ocrx_word' id='word_1_428' title='bbox 1484 3087 1572 3141; x_wconf 80' lang='grc' dir='ltr'><strong>ἔτι</strong></span> <span class='ocrx_word' id='word_1_429' title='bbox 1600 3088 1826 3156; x_wconf 73' lang='grc' dir='ltr'>ὄψεσθε</span> <span class='ocrx_word' id='word_1_430' title='bbox 1855 3085 1921 3141; x_wconf 78' lang='grc' dir='ltr'>τὸ</span> 
     </span>
    </p>
   </div>
   <div class='ocr_carea' id='block_1_56' title="bbox 340 3175 1923 3249">
    <p class='ocr_par' dir='ltr' id='par_1_56' title="bbox 340 3175 1923 3249">
     <span class='ocr_line' id='line_1_56' title="bbox 340 3175 1923 3249; baseline 0.002 -18"><span class='ocrx_word' id='word_1_431' title='bbox 340 3178 672 3246; x_wconf 76' lang='grc' dir='ltr'>πρόσωπόν</span> <span class='ocrx_word' id='word_1_432' title='bbox 695 3195 812 3249; x_wconf 87' lang='grc' dir='ltr'><strong>μου</strong></span> <span class='ocrx_word' id='word_1_433' title='bbox 837 3179 1009 3247; x_wconf 82' lang='grc' dir='ltr'>ὑμεῖς</span> <span class='ocrx_word' id='word_1_434' title='bbox 1052 3179 1295 3244; x_wconf 84' lang='grc' dir='ltr'>πάντες,</span> <span class='ocrx_word' id='word_1_435' title='bbox 1325 3180 1396 3234; x_wconf 86' lang='grc' dir='ltr'>ἐν</span> <span class='ocrx_word' id='word_1_436' title='bbox 1414 3175 1505 3245; x_wconf 80' lang='grc' dir='ltr'>οἷς</span> <span class='ocrx_word' id='word_1_437' title='bbox 1530 3179 1785 3249; x_wconf 77' lang='grc' dir='ltr'>διῆλθον</span> <span class='ocrx_word' id='word_1_438' title='bbox 1821 3196 1923 3247; x_wconf 83' lang='grc' dir='ltr'><strong>κη-</strong></span> 
     </span>
    </p>
   </div>
   <div class='ocr_carea' id='block_1_57' title="bbox 334 3271 1424 3339">
    <p class='ocr_par' dir='ltr' id='par_1_57' title="bbox 334 3271 1424 3339">
     <span class='ocr_line' id='line_1_57' title="bbox 334 3271 1424 3339; baseline 0.001 -15"><span class='ocrx_word' id='word_1_439' title='bbox 334 3272 597 3337; x_wconf 76' lang='grc' dir='ltr'>ρύσσων</span> <span class='ocrx_word' id='word_1_440' title='bbox 622 3271 737 3339; x_wconf 79' lang='grc' dir='ltr'>τὴν</span> <span class='ocrx_word' id='word_1_441' title='bbox 762 3272 1094 3338; x_wconf 78' lang='grc' dir='ltr'>,βασιλείαν</span> <span class='ocrx_word' id='word_1_442' title='bbox 1114 3273 1221 3326; x_wconf 78' lang='grc' dir='ltr'><strong>τοῦ</strong></span> <span class='ocrx_word' id='word_1_443' title='bbox 1254 3271 1424 3326; x_wconf 84' lang='grc' dir='ltr'>Θεοῦ.</span> 
     </span>
    </p>
   </div>
   <div class='ocr_carea' id='block_1_58' title="bbox 408 3362 1924 3433">
    <p class='ocr_par' dir='ltr' id='par_1_58' title="bbox 408 3362 1924 3433">
     <span class='ocr_line' id='line_1_58' title="bbox 408 3362 1924 3433; baseline -0.001 -17"><span class='ocrx_word' id='word_1_444' title='bbox 408 3366 510 3418; x_wconf 84' lang='grc' dir='ltr'><strong>Διὸ</strong></span> <span class='ocrx_word' id='word_1_445' title='bbox 536 3364 909 3432; x_wconf 81' lang='grc' dir='ltr'>μαρτύρομαι</span> <span class='ocrx_word' id='word_1_446' title='bbox 931 3364 1071 3433; x_wconf 77' lang='grc' dir='ltr'>ὑμῖν</span> <span class='ocrx_word' id='word_1_447' title='bbox 1093 3364 1162 3417; x_wconf 82' lang='grc' dir='ltr'>ἐν</span> <span class='ocrx_word' id='word_1_448' title='bbox 1195 3362 1270 3432; x_wconf 78' lang='grc' dir='ltr'><strong>τῇ</strong></span> <span class='ocrx_word' id='word_1_449' title='bbox 1298 3363 1567 3431; x_wconf 72' lang='grc' dir='ltr'>σήμερον</span> <span class='ocrx_word' id='word_1_450' title='bbox 1598 3362 1809 3432; x_wconf 74' lang='grc' dir='ltr'>ἡμέρᾳ,</span> <span class='ocrx_word' id='word_1_451' title='bbox 1835 3363 1924 3417; x_wconf 87' lang='grc' dir='ltr'>ὅτι</span> 
     </span>
    </p>
   </div>
   <div class='ocr_carea' id='block_1_59' title="bbox 342 3452 1602 3522">
    <p class='ocr_par' dir='ltr' id='par_1_59' title="bbox 342 3452 1602 3522">
     <span class='ocr_line' id='line_1_59' title="bbox 342 3452 1602 3522; baseline 0.003 -19"><span class='ocrx_word' id='word_1_452' title='bbox 342 3452 609 3522; x_wconf 80' lang='grc' dir='ltr'>καθαρὸς</span> <span class='ocrx_word' id='word_1_453' title='bbox 639 3452 753 3522; x_wconf 76' lang='grc' dir='ltr'><strong>ἐγὼ</strong></span> <span class='ocrx_word' id='word_1_454' title='bbox 778 3453 897 3507; x_wconf 78' lang='grc' dir='ltr'><strong>ἀπὸ</strong></span> <span class='ocrx_word' id='word_1_455' title='bbox 926 3453 1033 3508; x_wconf 81' lang='grc' dir='ltr'><strong>τοῦ</strong></span> <span class='ocrx_word' id='word_1_456' title='bbox 1062 3454 1312 3522; x_wconf 81' lang='grc' dir='ltr'>αἵματος</span> <span class='ocrx_word' id='word_1_457' title='bbox 1341 3455 1602 3507; x_wconf 81' lang='grc' dir='ltr'>πάντων.</span> 
     </span>
    </p>
   </div>
   <div class='ocr_carea' id='block_1_60' title="bbox 415 3543 1926 3618">
    <p class='ocr_par' dir='ltr' id='par_1_60' title="bbox 415 3543 1926 3618">
     <span class='ocr_line' id='line_1_60' title="bbox 415 3543 1926 3618; baseline 0.002 -22"><span class='ocrx_word' id='word_1_458' title='bbox 415 3546 500 3597; x_wconf 79' lang='grc' dir='ltr'><strong>οὐ</strong></span> <span class='ocrx_word' id='word_1_459' title='bbox 536 3545 650 3612; x_wconf 74' lang='grc' dir='ltr'><strong>γὰρ</strong></span> <span class='ocrx_word' id='word_1_460' title='bbox 675 3543 1129 3612; x_wconf 75' lang='grc' dir='ltr'><strong>ὑπεστειλάμην</strong></span> <span class='ocrx_word' id='word_1_461' title='bbox 1166 3545 1275 3599; x_wconf 85' lang='grc' dir='ltr'><strong>τοῦ</strong></span> <span class='ocrx_word' id='word_1_462' title='bbox 1297 3546 1383 3615; x_wconf 82' lang='grc' dir='ltr'>μὴ</span> <span class='ocrx_word' id='word_1_463' title='bbox 1413 3545 1762 3616; x_wconf 74' lang='grc' dir='ltr'>ἀναγγεῖλαι</span> <span class='ocrx_word' id='word_1_464' title='bbox 1789 3546 1926 3618; x_wconf 81' lang='grc' dir='ltr'>ὑμῖν</span> 
     </span>
    </p>
   </div>
   <div class='ocr_carea' id='block_1_61' title="bbox 341 3632 1290 3701">
    <p class='ocr_par' dir='ltr' id='par_1_61' title="bbox 341 3632 1290 3701">
     <span class='ocr_line' id='line_1_61' title="bbox 341 3632 1290 3701; baseline 0.003 -15"><span class='ocrx_word' id='word_1_465' title='bbox 341 3632 558 3688; x_wconf 76' lang='grc' dir='ltr'>πᾶσαν</span> <span class='ocrx_word' id='word_1_466' title='bbox 579 3633 695 3701; x_wconf 80' lang='grc' dir='ltr'>τὴν</span> <span class='ocrx_word' id='word_1_467' title='bbox 708 3633 958 3701; x_wconf 71' lang='grc' dir='ltr'>,βουλὴν</span> <span class='ocrx_word' id='word_1_468' title='bbox 984 3634 1091 3689; x_wconf 84' lang='grc' dir='ltr'>τοῦ</span> <span class='ocrx_word' id='word_1_469' title='bbox 1121 3634 1290 3690; x_wconf 85' lang='grc' dir='ltr'>Θεοῦ.</span> 
     </span>
    </p>
   </div>
   <div class='ocr_carea' id='block_1_62' title="bbox 412 3724 1924 3797">
    <p class='ocr_par' dir='ltr' id='par_1_62' title="bbox 412 3724 1924 3797">
     <span class='ocr_line' id='line_1_62' title="bbox 412 3724 1924 3797; baseline 0.005 -18"><span class='ocrx_word' id='word_1_470' title='bbox 412 3726 553 3779; x_wconf 81' lang='grc' dir='ltr'>Ὅτι</span> <span class='ocrx_word' id='word_1_471' title='bbox 588 3724 844 3794; x_wconf 73' lang='grc' dir='ltr'>καθαρὸς</span> <span class='ocrx_word' id='word_1_472' title='bbox 903 3724 1018 3792; x_wconf 76' lang='grc' dir='ltr'><strong>ἐγὼ</strong></span> <span class='ocrx_word' id='word_1_473' title='bbox 1054 3725 1171 3779; x_wconf 78' lang='grc' dir='ltr'><strong>ἀπὸ</strong></span> <span class='ocrx_word' id='word_1_474' title='bbox 1212 3727 1319 3780; x_wconf 83' lang='grc' dir='ltr'><strong>τοῦ</strong></span> <span class='ocrx_word' id='word_1_475' title='bbox 1372 3728 1621 3797; x_wconf 77' lang='grc' dir='ltr'>αἵματος</span> <span class='ocrx_word' id='word_1_476' title='bbox 1662 3731 1924 3786; x_wconf 78' lang='grc' dir='ltr'>πάντων.</span> 
     </span>
    </p>
   </div>
   <div class='ocr_carea' id='block_1_63' title="bbox 340 3816 1926 3888">
    <p class='ocr_par' dir='ltr' id='par_1_63' title="bbox 340 3816 1926 3888">
     <span class='ocr_line' id='line_1_63' title="bbox 340 3816 1926 3888; baseline 0.004 -19"><span class='ocrx_word' id='word_1_477' title='bbox 340 3818 620 3885; x_wconf 79' lang='grc' dir='ltr'>Καθαρός</span> <span class='ocrx_word' id='word_1_478' title='bbox 646 3819 790 3887; x_wconf 81' lang='grc' dir='ltr'>εἰμι,</span> <span class='ocrx_word' id='word_1_479' title='bbox 824 3816 1007 3886; x_wconf 80' lang='grc' dir='ltr'>φησὶν,</span> <span class='ocrx_word' id='word_1_480' title='bbox 1039 3817 1159 3872; x_wconf 81' lang='grc' dir='ltr'><strong>ἀπὸ</strong></span> <span class='ocrx_word' id='word_1_481' title='bbox 1186 3817 1292 3872; x_wconf 80' lang='grc' dir='ltr'><strong>τοῦ</strong></span> <span class='ocrx_word' id='word_1_482' title='bbox 1321 3819 1570 3888; x_wconf 80' lang='grc' dir='ltr'>αἳματος</span> <span class='ocrx_word' id='word_1_483' title='bbox 1587 3820 1849 3888; x_wconf 77' lang='grc' dir='ltr'>πάντων,</span> <span class='ocrx_word' id='word_1_484' title='bbox 1878 3825 1926 3876; x_wconf 75' lang='grc' dir='ltr'>εἰ</span> 
     </span>
    </p>
   </div>
   <div class='ocr_carea' id='block_1_64' title="bbox 342 3908 1927 3984">
    <p class='ocr_par' dir='ltr' id='par_1_64' title="bbox 342 3908 1927 3984">
     <span class='ocr_line' id='line_1_64' title="bbox 342 3908 1927 3984; baseline 0.004 -23"><span class='ocrx_word' id='word_1_485' title='bbox 342 3908 720 3974; x_wconf 75' lang='grc' dir='ltr'>νυστὰξαντες</span> <span class='ocrx_word' id='word_1_486' title='bbox 747 3909 1074 3964; x_wconf 81' lang='grc' dir='ltr'>ἀποθανεῖτε</span> <span class='ocrx_word' id='word_1_487' title='bbox 1109 3909 1220 3963; x_wconf 81' lang='grc' dir='ltr'>ἀπὸ</span> <span class='ocrx_word' id='word_1_488' title='bbox 1245 3911 1340 3964; x_wconf 79' lang='grc' dir='ltr'><strong>τοῦ</strong></span> <span class='ocrx_word' id='word_1_489' title='bbox 1387 3911 1647 3980; x_wconf 84' lang='grc' dir='ltr'>φονευτοῦ</span> <span class='ocrx_word' id='word_1_490' title='bbox 1683 3915 1791 3966; x_wconf 86' lang='grc' dir='ltr'><strong>τῶν</strong></span> <span class='ocrx_word' id='word_1_491' title='bbox 1822 3913 1927 3984; x_wconf 80' lang='grc' dir='ltr'>ψυ-</span> 
     </span>
    </p>
   </div>
   <div class='ocr_carea' id='block_1_65' title="bbox 341 3996 1928 4076">
    <p class='ocr_par' dir='ltr' id='par_1_65' title="bbox 341 3996 1928 4076">
     <span class='ocr_line' id='line_1_65' title="bbox 341 3996 1928 4076; baseline 0.006 -25"><span class='ocrx_word' id='word_1_492' title='bbox 341 3998 481 4067; x_wconf 83' lang='grc' dir='ltr'>χῶν.</span> <span class='ocrx_word' id='word_1_493' title='bbox 514 3996 593 4053; x_wconf 76' lang='grc' dir='ltr'><strong>Τὸ</strong></span> <span class='ocrx_word' id='word_1_494' title='bbox 632 4003 739 4072; x_wconf 76' lang='grc' dir='ltr'>γὰρ</span> <span class='ocrx_word' id='word_1_495' title='bbox 786 3999 880 4054; x_wconf 86' lang='grc' dir='ltr'><strong>τοῦ</strong></span> <span class='ocrx_word' id='word_1_496' title='bbox 918 4000 1263 4067; x_wconf 80' lang='grc' dir='ltr'>διδασκάλου,</span> <span class='ocrx_word' id='word_1_497' title='bbox 1313 4004 1470 4072; x_wconf 61' lang='grc' dir='ltr'>φησι,</span> <span class='ocrx_word' id='word_1_498' title='bbox 1509 4005 1807 4076; x_wconf 84' lang='grc' dir='ltr'>πεποίηκα.</span> <span class='ocrx_word' id='word_1_499' title='bbox 1846 4007 1928 4060; x_wconf 82' lang='grc' dir='ltr'><strong>Οὐ</strong></span> 
     </span>
    </p>
   </div>
   <div class='ocr_carea' id='block_1_66' title="bbox 341 4088 1930 4168">
    <p class='ocr_par' dir='ltr' id='par_1_66' title="bbox 341 4088 1930 4168">
     <span class='ocr_line' id='line_1_66' title="bbox 341 4088 1930 4168; baseline 0.005 -27"><span class='ocrx_word' id='word_1_500' title='bbox 341 4088 453 4158; x_wconf 72' lang='grc' dir='ltr'><strong>γὰρ</strong></span> <span class='ocrx_word' id='word_1_501' title='bbox 475 4091 934 4160; x_wconf 75' lang='grc' dir='ltr'>ὑπεστειλάμην</span> <span class='ocrx_word' id='word_1_502' title='bbox 962 4091 1070 4146; x_wconf 83' lang='grc' dir='ltr'><strong>τοῦ</strong></span> <span class='ocrx_word' id='word_1_503' title='bbox 1088 4089 1174 4162; x_wconf 78' lang='grc' dir='ltr'>μὴ</span> <span class='ocrx_word' id='word_1_504' title='bbox 1208 4093 1559 4162; x_wconf 74' lang='grc' dir='ltr'>ἀναγγεῖλαι</span> <span class='ocrx_word' id='word_1_505' title='bbox 1582 4094 1746 4165; x_wconf 82' lang='grc' dir='ltr'>ὑμῖν.</span> <span class='ocrx_word' id='word_1_506' title='bbox 1784 4095 1930 4168; x_wconf 67' lang='lat' dir='ltr'><strong>&quot;Ap:</strong></span> 
     </span>
    </p>
   </div>
   <div class='ocr_carea' id='block_1_67' title="bbox 341 4181 1930 4255">
    <p class='ocr_par' dir='ltr' id='par_1_67' title="bbox 341 4181 1930 4255">
     <span class='ocr_line' id='line_1_67' title="bbox 341 4181 1930 4255; baseline 0.004 -24"><span class='ocrx_word' id='word_1_507' title='bbox 341 4182 370 4231; x_wconf 88' lang='grc' dir='ltr'><strong>ὁ</strong></span> <span class='ocrx_word' id='word_1_508' title='bbox 400 4182 480 4254; x_wconf 80' lang='grc' dir='ltr'>μὴ</span> <span class='ocrx_word' id='word_1_509' title='bbox 510 4181 729 4251; x_wconf 70' lang='grc' dir='ltr'>λέγων,</span> <span class='ocrx_word' id='word_1_510' title='bbox 750 4182 1059 4246; x_wconf 81' lang='grc' dir='ltr'>ὑπεύθυνός</span> <span class='ocrx_word' id='word_1_511' title='bbox 1086 4185 1203 4236; x_wconf 73' lang='grc' dir='ltr'>ἐστι</span> <span class='ocrx_word' id='word_1_512' title='bbox 1245 4183 1340 4237; x_wconf 85' lang='grc' dir='ltr'><strong>τοῦ</strong></span> <span class='ocrx_word' id='word_1_513' title='bbox 1374 4184 1634 4255; x_wconf 81' lang='grc' dir='ltr'>αἵματος,</span> <span class='ocrx_word' id='word_1_514' title='bbox 1676 4186 1930 4241; x_wconf 77' lang='grc' dir='ltr'><strong>τουτέστι</strong></span> 
     </span>
    </p>
   </div>
   <div class='ocr_carea' id='block_1_68' title="bbox 341 4272 1928 4346">
    <p class='ocr_par' dir='ltr' id='par_1_68' title="bbox 341 4272 1928 4346">
     <span class='ocr_line' id='line_1_68' title="bbox 341 4272 1928 4346; baseline 0.006 -24"><span class='ocrx_word' id='word_1_515' title='bbox 341 4272 442 4340; x_wconf 84' lang='grc' dir='ltr'>τῆς</span> <span class='ocrx_word' id='word_1_516' title='bbox 478 4273 717 4344; x_wconf 72' lang='grc' dir='ltr'>σφαγῆς.</span> <span class='ocrx_word' id='word_1_517' title='bbox 750 4275 862 4328; x_wconf 76' lang='grc' dir='ltr'><strong>Καὶ</strong></span> <span class='ocrx_word' id='word_1_518' title='bbox 894 4273 1047 4327; x_wconf 81' lang='grc' dir='ltr'>δοκεῖ</span> <span class='ocrx_word' id='word_1_519' title='bbox 1094 4276 1195 4344; x_wconf 85' lang='grc' dir='ltr'>μὲν</span> <span class='ocrx_word' id='word_1_520' title='bbox 1225 4276 1645 4346; x_wconf 80' lang='grc' dir='ltr'>ἀπολογεῖσθαι·</span> <span class='ocrx_word' id='word_1_521' title='bbox 1688 4278 1928 4342; x_wconf 82' lang='grc' dir='ltr'>ἐκείνους</span> 
     </span>
    </p>
   </div>
   <div class='ocr_carea' id='block_1_69' title="bbox 341 4362 627 4434">
    <p class='ocr_par' dir='ltr' id='par_1_69' title="bbox 341 4362 627 4434">
     <span class='ocr_line' id='line_1_69' title="bbox 341 4362 627 4434; baseline 0.01 -18"><span class='ocrx_word' id='word_1_522' title='bbox 341 4362 401 4416; x_wconf 82' lang='grc' dir='ltr'>δὲ</span> <span class='ocrx_word' id='word_1_523' title='bbox 442 4366 627 4434; x_wconf 73' lang='grc' dir='ltr'>φοϐεῖ.</span> 
     </span>
    </p>
   </div>
   <div class='ocr_carea' id='block_1_70' title="bbox 415 4454 1926 4531">
    <p class='ocr_par' dir='ltr' id='par_1_70' title="bbox 415 4454 1926 4531">
     <span class='ocr_line' id='line_1_70' title="bbox 415 4454 1926 4531; baseline 0.004 -22"><span class='ocrx_word' id='word_1_524' title='bbox 415 4455 762 4527; x_wconf 80' lang='grc' dir='ltr'>Προσέχετε</span> <span class='ocrx_word' id='word_1_525' title='bbox 796 4454 910 4514; x_wconf 84' lang='grc' dir='ltr'>οὖν</span> <span class='ocrx_word' id='word_1_526' title='bbox 947 4458 1184 4527; x_wconf 72' lang='grc' dir='ltr'>ἑαυτοῖς</span> <span class='ocrx_word' id='word_1_527' title='bbox 1214 4460 1313 4515; x_wconf 78' lang='grc' dir='ltr'><strong>καὶ</strong></span> <span class='ocrx_word' id='word_1_528' title='bbox 1341 4462 1519 4514; x_wconf 77' lang='grc' dir='ltr'>παντὶ</span> <span class='ocrx_word' id='word_1_529' title='bbox 1546 4460 1626 4527; x_wconf 85' lang='grc' dir='ltr'><strong>τῷ</strong></span> <span class='ocrx_word' id='word_1_530' title='bbox 1648 4464 1926 4531; x_wconf 78' lang='grc' dir='ltr'>ποιμνίῳ,</span> 
     </span>
    </p>
   </div>
   <div class='ocr_carea' id='block_1_71' title="bbox 340 4542 1929 4622">
    <p class='ocr_par' dir='ltr' id='par_1_71' title="bbox 340 4542 1929 4622">
     <span class='ocr_line' id='line_1_71' title="bbox 340 4542 1929 4622; baseline 0.007 -23"><span class='ocrx_word' id='word_1_531' title='bbox 340 4546 414 4599; x_wconf 78' lang='grc' dir='ltr'>ἐν</span> <span class='ocrx_word' id='word_1_532' title='bbox 431 4542 485 4617; x_wconf 81' lang='grc' dir='ltr'>ᾧ</span> <span class='ocrx_word' id='word_1_533' title='bbox 518 4548 678 4616; x_wconf 80' lang='grc' dir='ltr'>ὑμᾶς</span> <span class='ocrx_word' id='word_1_534' title='bbox 704 4548 772 4603; x_wconf 81' lang='grc' dir='ltr'><strong>τὸ</strong></span> <span class='ocrx_word' id='word_1_535' title='bbox 805 4551 1047 4622; x_wconf 84' lang='grc' dir='ltr'>Πνεῦμα</span> <span class='ocrx_word' id='word_1_536' title='bbox 1070 4553 1137 4605; x_wconf 85' lang='grc' dir='ltr'>τὸ</span> <span class='ocrx_word' id='word_1_537' title='bbox 1162 4552 1336 4622; x_wconf 76' lang='grc' dir='ltr'>ἅγιον</span> <span class='ocrx_word' id='word_1_538' title='bbox 1357 4554 1527 4607; x_wconf 76' lang='grc' dir='ltr'>ἔθετο</span> <span class='ocrx_word' id='word_1_539' title='bbox 1552 4554 1929 4622; x_wconf 77' lang='grc' dir='ltr'>ἐπισκόπους</span> 
     </span>
    </p>
   </div>
   <div class='ocr_carea' id='block_1_72' title="bbox 2102 3085 3613 3158">
    <p class='ocr_par' dir='ltr' id='par_1_72' title="bbox 2102 3085 3613 3158">
     <span class='ocr_line' id='line_1_72' title="bbox 2102 3085 3613 3158; baseline -0.001 -17"><span class='ocrx_word' id='word_1_540' title='bbox 2102 3087 2266 3144; x_wconf 74' lang='lat' dir='ltr'><strong>Vsus.</strong></span> <span class='ocrx_word' id='word_1_541' title='bbox 2299 3089 2391 3143; x_wconf 70' lang='lat'><strong>23.</strong></span> <span class='ocrx_word' id='word_1_542' title='bbox 2428 3088 2494 3143; x_wconf 87' lang='lat' dir='ltr'><strong>Et</strong></span> <span class='ocrx_word' id='word_1_543' title='bbox 2520 3104 2660 3142; x_wconf 87' lang='lat' dir='ltr'><strong>nunc</strong></span> <span class='ocrx_word' id='word_1_544' title='bbox 2691 3104 2806 3142; x_wconf 83' lang='lat' dir='ltr'><strong>ecce</strong></span> <span class='ocrx_word' id='word_1_545' title='bbox 2839 3104 2932 3158; x_wconf 88' lang='lat' dir='ltr'><strong>ego</strong></span> <span class='ocrx_word' id='word_1_546' title='bbox 2973 3087 3093 3142; x_wconf 85' lang='lat' dir='ltr'><strong>novi</strong></span> <span class='ocrx_word' id='word_1_547' title='bbox 3123 3102 3210 3140; x_wconf 83' lang='lat' dir='ltr'><strong>vos</strong></span> <span class='ocrx_word' id='word_1_548' title='bbox 3233 3102 3434 3153; x_wconf 86' lang='lat' dir='ltr'><strong>omnes,</strong></span> <span class='ocrx_word' id='word_1_549' title='bbox 3472 3085 3613 3142; x_wconf 82' lang='lat' dir='ltr'><strong>inter</strong></span> 
     </span>
    </p>
   </div>
   <div class='ocr_carea' id='block_1_73' title="bbox 2029 3178 3612 3255">
    <p class='ocr_par' dir='ltr' id='par_1_73' title="bbox 2029 3178 3612 3255">
     <span class='ocr_line' id='line_1_73' title="bbox 2029 3178 3612 3255; baseline -0.001 -19"><span class='ocrx_word' id='word_1_550' title='bbox 2029 3199 2159 3255; x_wconf 84' lang='lat' dir='ltr'><strong>quos</strong></span> <span class='ocrx_word' id='word_1_551' title='bbox 2209 3190 2445 3236; x_wconf 82' lang='lat' dir='ltr'><strong>versatus</strong></span> <span class='ocrx_word' id='word_1_552' title='bbox 2473 3197 2591 3235; x_wconf 88' lang='lat' dir='ltr'><strong>sum</strong></span> <span class='ocrx_word' id='word_1_553' title='bbox 2618 3181 2918 3251; x_wconf 78' lang='lat' dir='ltr'><strong>pra-dicans</strong></span> <span class='ocrx_word' id='word_1_554' title='bbox 2962 3195 3181 3250; x_wconf 84' lang='lat' dir='ltr'><strong>regnum</strong></span> <span class='ocrx_word' id='word_1_555' title='bbox 3208 3178 3327 3245; x_wconf 91' lang='lat' dir='ltr'><strong>Dei,</strong></span> <span class='ocrx_word' id='word_1_556' title='bbox 3393 3183 3612 3249; x_wconf 70' lang='lat' dir='ltr'><strong>post/iac</strong></span> 
     </span>
    </p>
   </div>
   <div class='ocr_carea' id='block_1_74' title="bbox 2030 3272 3199 3343">
    <p class='ocr_par' dir='ltr' id='par_1_74' title="bbox 2030 3272 3199 3343">
     <span class='ocr_line' id='line_1_74' title="bbox 2030 3272 3199 3343; baseline -0.002 -14"><span class='ocrx_word' id='word_1_557' title='bbox 2030 3293 2133 3330; x_wconf 87' lang='lat' dir='ltr'><strong>non</strong></span> <span class='ocrx_word' id='word_1_558' title='bbox 2163 3274 2392 3343; x_wconf 75' lang='lat' dir='ltr'><strong>amplius</strong></span> <span class='ocrx_word' id='word_1_559' title='bbox 2424 3274 2624 3328; x_wconf 85' lang='lat' dir='ltr'><strong>visuros</strong></span> <span class='ocrx_word' id='word_1_560' title='bbox 2652 3289 2761 3328; x_wconf 88' lang='lat' dir='ltr'><strong>esse</strong></span> <span class='ocrx_word' id='word_1_561' title='bbox 2783 3272 2974 3343; x_wconf 81' lang='lat' dir='ltr'><strong>[aciem</strong></span> <span class='ocrx_word' id='word_1_562' title='bbox 3005 3290 3199 3327; x_wconf 84' lang='lat' dir='ltr'><strong>meam.</strong></span> 
     </span>
    </p>
   </div>
   <div class='ocr_carea' id='block_1_75' title="bbox 2100 3361 3609 3432">
    <p class='ocr_par' dir='ltr' id='par_1_75' title="bbox 2100 3361 3609 3432">
     <span class='ocr_line' id='line_1_75' title="bbox 2100 3361 3609 3432; baseline 0 -13"><span class='ocrx_word' id='word_1_563' title='bbox 2100 3364 2266 3420; x_wconf 70' lang='lat' dir='ltr'><strong>Vens.</strong></span> <span class='ocrx_word' id='word_1_564' title='bbox 2290 3364 2379 3418; x_wconf 71' lang='lat'><strong>26.</strong></span> <span class='ocrx_word' id='word_1_565' title='bbox 2414 3361 2766 3428; x_wconf 84' lang='lat' dir='ltr'><strong>Quamobrem</strong></span> <span class='ocrx_word' id='word_1_566' title='bbox 2818 3377 2912 3432; x_wconf 85' lang='lat' dir='ltr'><strong>ego</strong></span> <span class='ocrx_word' id='word_1_567' title='bbox 2946 3370 3206 3430; x_wconf 80' lang='lat' dir='ltr'><strong>protestor</strong></span> <span class='ocrx_word' id='word_1_568' title='bbox 3249 3362 3390 3417; x_wconf 80' lang='lat' dir='ltr'><strong>vobis</strong></span> <span class='ocrx_word' id='word_1_569' title='bbox 3433 3362 3488 3416; x_wconf 86' lang='lat' dir='ltr'><strong>in</strong></span> <span class='ocrx_word' id='word_1_570' title='bbox 3514 3362 3609 3419; x_wconf 84' lang='lat' dir='ltr'><strong>lto-</strong></span> 
     </span>
    </p>
   </div>
   <div class='ocr_carea' id='block_1_76' title="bbox 2028 3455 3605 3529">
    <p class='ocr_par' dir='ltr' id='par_1_76' title="bbox 2028 3455 3605 3529">
     <span class='ocr_line' id='line_1_76' title="bbox 2028 3455 3605 3529; baseline -0.003 -16"><span class='ocrx_word' id='word_1_571' title='bbox 2028 3459 2212 3513; x_wconf 86' lang='lat' dir='ltr'><strong>dierno</strong></span> <span class='ocrx_word' id='word_1_572' title='bbox 2234 3458 2340 3521; x_wconf 89' lang='lat' dir='ltr'><strong>die,</strong></span> <span class='ocrx_word' id='word_1_573' title='bbox 2376 3471 2458 3510; x_wconf 90' lang='lat' dir='ltr'><strong>me</strong></span> <span class='ocrx_word' id='word_1_574' title='bbox 2482 3471 2672 3525; x_wconf 84' lang='lat' dir='ltr'><strong>purum</strong></span> <span class='ocrx_word' id='word_1_575' title='bbox 2700 3470 2808 3509; x_wconf 83' lang='lat' dir='ltr'><strong>esse</strong></span> <span class='ocrx_word' id='word_1_576' title='bbox 2839 3472 2872 3508; x_wconf 90' lang='lat' dir='ltr'><strong>a</strong></span> <span class='ocrx_word' id='word_1_577' title='bbox 2903 3455 3160 3526; x_wconf 80' lang='lat' dir='ltr'><strong>sanguine</strong></span> <span class='ocrx_word' id='word_1_578' title='bbox 3192 3456 3447 3509; x_wconf 85' lang='lat' dir='ltr'><strong>omnium.</strong></span> <span class='ocrx_word' id='word_1_579' title='bbox 3598 3524 3605 3529; x_wconf 20' lang='grc' dir='ltr'><em>δ</em></span> 
     </span>
    </p>
   </div>
   <div class='ocr_carea' id='block_1_77' title="bbox 2101 3543 3609 3616">
    <p class='ocr_par' dir='ltr' id='par_1_77' title="bbox 2101 3543 3609 3616">
     <span class='ocr_line' id='line_1_77' title="bbox 2101 3543 3609 3616; baseline -0.001 -14"><span class='ocrx_word' id='word_1_580' title='bbox 2101 3546 2265 3602; x_wconf 73' lang='lat' dir='ltr'><strong>Vens.</strong></span> <span class='ocrx_word' id='word_1_581' title='bbox 2315 3546 2409 3600; x_wconf 72' lang='lat'><strong>‘27.</strong></span> <span class='ocrx_word' id='word_1_582' title='bbox 2470 3543 2594 3598; x_wconf 82' lang='lat' dir='ltr'><strong>Non</strong></span> <span class='ocrx_word' id='word_1_583' title='bbox 2637 3546 2780 3602; x_wconf 83' lang='lat' dir='ltr'><strong>enim</strong></span> <span class='ocrx_word' id='word_1_584' title='bbox 2822 3545 3121 3616; x_wconf 79' lang='lat' dir='ltr'><strong>subterfugi</strong></span> <span class='ocrx_word' id='word_1_585' title='bbox 3156 3546 3434 3616; x_wconf 87' lang='lat' dir='ltr'><strong>quominus</strong></span> <span class='ocrx_word' id='word_1_586' title='bbox 3466 3547 3609 3603; x_wconf 81' lang='lat' dir='ltr'><strong>vobis</strong></span> 
     </span>
    </p>
   </div>
   <div class='ocr_carea' id='block_1_78' title="bbox 2030 3635 3090 3695">
    <p class='ocr_par' dir='ltr' id='par_1_78' title="bbox 2030 3635 3090 3695">
     <span class='ocr_line' id='line_1_78' title="bbox 2030 3635 3090 3695; baseline -0.007 0"><span class='ocrx_word' id='word_1_587' title='bbox 2030 3656 2234 3695; x_wconf 78' lang='lat' dir='ltr'><strong>onmem</strong></span> <span class='ocrx_word' id='word_1_588' title='bbox 2265 3637 2359 3692; x_wconf 85' lang='lat' dir='ltr'><strong>Dei</strong></span> <span class='ocrx_word' id='word_1_589' title='bbox 2380 3638 2706 3691; x_wconf 81' lang='lat' dir='ltr'><strong>voluntatem</strong></span> <span class='ocrx_word' id='word_1_590' title='bbox 2743 3635 3090 3689; x_wconf 80' lang='lat' dir='ltr'><strong>declararem.</strong></span> 
     </span>
    </p>
   </div>
   <div class='ocr_carea' id='block_1_79' title="bbox 2102 3725 3609 3799">
    <p class='ocr_par' dir='ltr' id='par_1_79' title="bbox 2102 3725 3609 3799">
     <span class='ocr_line' id='line_1_79' title="bbox 2102 3725 3609 3799; baseline 0 -16"><span class='ocrx_word' id='word_1_591' title='bbox 2102 3729 2188 3784; x_wconf 80' lang='lat' dir='ltr'><strong>Me</strong></span> <span class='ocrx_word' id='word_1_592' title='bbox 2220 3744 2412 3799; x_wconf 83' lang='lat' dir='ltr'><strong>purum</strong></span> <span class='ocrx_word' id='word_1_593' title='bbox 2457 3742 2567 3781; x_wconf 87' lang='lat' dir='ltr'><strong>esse</strong></span> <span class='ocrx_word' id='word_1_594' title='bbox 2600 3744 2632 3780; x_wconf 91' lang='lat' dir='ltr'><strong>a</strong></span> <span class='ocrx_word' id='word_1_595' title='bbox 2681 3727 2942 3797; x_wconf 82' lang='lat' dir='ltr'><strong>sanguine</strong></span> <span class='ocrx_word' id='word_1_596' title='bbox 2981 3727 3237 3780; x_wconf 87' lang='lat' dir='ltr'><strong>omnium.</strong></span> <span class='ocrx_word' id='word_1_597' title='bbox 3276 3725 3474 3793; x_wconf 87' lang='lat' dir='ltr'><strong>Purus,</strong></span> <span class='ocrx_word' id='word_1_598' title='bbox 3520 3728 3609 3783; x_wconf 87' lang='lat' dir='ltr'><strong>in-</strong></span> 
     </span>
    </p>
   </div>
   <div class='ocr_carea' id='block_1_80' title="bbox 2029 3817 3609 3891">
    <p class='ocr_par' dir='ltr' id='par_1_80' title="bbox 2029 3817 3609 3891">
     <span class='ocr_line' id='line_1_80' title="bbox 2029 3817 3609 3891; baseline -0.001 -15"><span class='ocrx_word' id='word_1_599' title='bbox 2029 3821 2168 3891; x_wconf 86' lang='lat' dir='ltr'><strong>quit,</strong></span> <span class='ocrx_word' id='word_1_600' title='bbox 2218 3836 2335 3875; x_wconf 86' lang='lat' dir='ltr'><strong>sum</strong></span> <span class='ocrx_word' id='word_1_601' title='bbox 2390 3836 2423 3873; x_wconf 92' lang='lat' dir='ltr'><strong>a</strong></span> <span class='ocrx_word' id='word_1_602' title='bbox 2480 3818 2738 3889; x_wconf 85' lang='lat' dir='ltr'><strong>sanguine</strong></span> <span class='ocrx_word' id='word_1_603' title='bbox 2777 3819 3032 3883; x_wconf 82' lang='lat' dir='ltr'><strong>omnium,</strong></span> <span class='ocrx_word' id='word_1_604' title='bbox 3064 3817 3109 3872; x_wconf 91' lang='lat' dir='ltr'><strong>si</strong></span> <span class='ocrx_word' id='word_1_605' title='bbox 3134 3818 3493 3874; x_wconf 81' lang='lat' dir='ltr'><strong>dormitantes</strong></span> <span class='ocrx_word' id='word_1_606' title='bbox 3524 3819 3609 3874; x_wconf 88' lang='lat' dir='ltr'><strong>in-</strong></span> 
     </span>
    </p>
   </div>
   <div class='ocr_carea' id='block_1_81' title="bbox 2030 3909 3604 3970">
    <p class='ocr_par' dir='ltr' id='par_1_81' title="bbox 2030 3909 3604 3970">
     <span class='ocr_line' id='line_1_81' title="bbox 2030 3909 3604 3970; baseline -0.003 -1"><span class='ocrx_word' id='word_1_607' title='bbox 2030 3912 2245 3970; x_wconf 86' lang='lat' dir='ltr'><strong>terfecti</strong></span> <span class='ocrx_word' id='word_1_608' title='bbox 2300 3910 2513 3965; x_wconf 85' lang='lat' dir='ltr'><strong>fueritis</strong></span> <span class='ocrx_word' id='word_1_609' title='bbox 2543 3911 2611 3963; x_wconf 84' lang='lat' dir='ltr'><strong>ab</strong></span> <span class='ocrx_word' id='word_1_610' title='bbox 2653 3909 2958 3963; x_wconf 85' lang='lat' dir='ltr'><strong>animarum</strong></span> <span class='ocrx_word' id='word_1_611' title='bbox 3011 3909 3277 3964; x_wconf 90' lang='lat' dir='ltr'><strong>occisore.</strong></span> <span class='ocrx_word' id='word_1_612' title='bbox 3351 3909 3604 3966; x_wconf 81' lang='lat' dir='ltr'><strong>Officium</strong></span> 
     </span>
    </p>
   </div>
   <div class='ocr_carea' id='block_1_82' title="bbox 2031 3997 3607 4073">
    <p class='ocr_par' dir='ltr' id='par_1_82' title="bbox 2031 3997 3607 4073">
     <span class='ocr_line' id='line_1_82' title="bbox 2031 3997 3607 4073; baseline -0.004 -13"><span class='ocrx_word' id='word_1_613' title='bbox 2031 4006 2197 4070; x_wconf 87' lang='lat' dir='ltr'><strong>enim,</strong></span> <span class='ocrx_word' id='word_1_614' title='bbox 2228 4002 2424 4073; x_wconf 88' lang='lat' dir='ltr'><strong>inquit,</strong></span> <span class='ocrx_word' id='word_1_615' title='bbox 2456 3999 2698 4072; x_wconf 84' lang='lat' dir='ltr'><strong>magistri</strong></span> <span class='ocrx_word' id='word_1_616' title='bbox 2757 3999 2882 4054; x_wconf 86' lang='lat' dir='ltr'><strong>feci.</strong></span> <span class='ocrx_word' id='word_1_617' title='bbox 2925 3997 3048 4053; x_wconf 83' lang='lat' dir='ltr'><strong>Non</strong></span> <span class='ocrx_word' id='word_1_618' title='bbox 3110 4001 3246 4054; x_wconf 87' lang='lat' dir='ltr'><strong>enim</strong></span> <span class='ocrx_word' id='word_1_619' title='bbox 3292 4000 3607 4071; x_wconf 80' lang='lat' dir='ltr'><strong>subterfugi,</strong></span> 
     </span>
    </p>
   </div>
   <div class='ocr_carea' id='block_1_83' title="bbox 2031 4088 3611 4166">
    <p class='ocr_par' dir='ltr' id='par_1_83' title="bbox 2031 4088 3611 4166">
     <span class='ocr_line' id='line_1_83' title="bbox 2031 4088 3611 4166; baseline -0.004 -15"><span class='ocrx_word' id='word_1_620' title='bbox 2031 4097 2161 4166; x_wconf 86' lang='lat' dir='ltr'><strong>quin</strong></span> <span class='ocrx_word' id='word_1_621' title='bbox 2211 4093 2353 4149; x_wconf 79' lang='lat' dir='ltr'><strong>vobis</strong></span> <span class='ocrx_word' id='word_1_622' title='bbox 2421 4090 2772 4146; x_wconf 83' lang='lat' dir='ltr'><strong>declararem.</strong></span> <span class='ocrx_word' id='word_1_623' title='bbox 2823 4088 2963 4161; x_wconf 80' lang='lat' dir='ltr'><strong>Ergo</strong></span> <span class='ocrx_word' id='word_1_624' title='bbox 3022 4091 3113 4161; x_wconf 90' lang='lat' dir='ltr'><strong>qui</strong></span> <span class='ocrx_word' id='word_1_625' title='bbox 3157 4106 3267 4145; x_wconf 89' lang='lat' dir='ltr'><strong>non</strong></span> <span class='ocrx_word' id='word_1_626' title='bbox 3299 4090 3611 4155; x_wconf 76' lang='lat' dir='ltr'><strong>dicit,,reus</strong></span> 
     </span>
    </p>
   </div>
   <div class='ocr_carea' id='block_1_84' title="bbox 2032 4182 3611 4256">
    <p class='ocr_par' dir='ltr' id='par_1_84' title="bbox 2032 4182 3611 4256">
     <span class='ocr_line' id='line_1_84' title="bbox 2032 4182 3611 4256; baseline -0.005 -12"><span class='ocrx_word' id='word_1_627' title='bbox 2032 4197 2116 4244; x_wconf 85' lang='lat' dir='ltr'><strong>est</strong></span> <span class='ocrx_word' id='word_1_628' title='bbox 2138 4184 2440 4256; x_wconf 78' lang='lat' dir='ltr'><strong>sanguinis,</strong></span> <span class='ocrx_word' id='word_1_629' title='bbox 2470 4184 2575 4238; x_wconf 90' lang='lat' dir='ltr'><strong>hoc</strong></span> <span class='ocrx_word' id='word_1_630' title='bbox 2630 4190 2714 4236; x_wconf 84' lang='lat' dir='ltr'><strong>est</strong></span> <span class='ocrx_word' id='word_1_631' title='bbox 2777 4183 2964 4239; x_wconf 69' lang='lat' dir='ltr'><strong>caedis.</strong></span> <span class='ocrx_word' id='word_1_632' title='bbox 3020 4183 3100 4237; x_wconf 88' lang='lat' dir='ltr'><strong>Ac</strong></span> <span class='ocrx_word' id='word_1_633' title='bbox 3151 4182 3368 4238; x_wconf 88' lang='lat' dir='ltr'><strong>videtur</strong></span> <span class='ocrx_word' id='word_1_634' title='bbox 3394 4183 3611 4252; x_wconf 84' lang='lat' dir='ltr'><strong>quidem</strong></span> 
     </span>
    </p>
   </div>
   <div class='ocr_carea' id='block_1_85' title="bbox 2033 4273 3615 4344">
    <p class='ocr_par' dir='ltr' id='par_1_85' title="bbox 2033 4273 3615 4344">
     <span class='ocr_line' id='line_1_85' title="bbox 2033 4273 3615 4344; baseline -0.004 -9"><span class='ocrx_word' id='word_1_635' title='bbox 2033 4293 2251 4335; x_wconf 84' lang='lat' dir='ltr'><strong>causam</strong></span> <span class='ocrx_word' id='word_1_636' title='bbox 2282 4276 2465 4331; x_wconf 90' lang='lat' dir='ltr'><strong>dicere</strong></span> <span class='ocrx_word' id='word_1_637' title='bbox 2514 4290 2578 4329; x_wconf 91' lang='lat' dir='ltr'><strong>ac</strong></span> <span class='ocrx_word' id='word_1_638' title='bbox 2629 4288 2749 4330; x_wconf 88' lang='lat' dir='ltr'><strong>sese</strong></span> <span class='ocrx_word' id='word_1_639' title='bbox 2809 4287 3089 4344; x_wconf 77' lang='lat' dir='ltr'><strong>purgare:</strong></span> <span class='ocrx_word' id='word_1_640' title='bbox 3138 4274 3232 4329; x_wconf 90' lang='lat' dir='ltr'><strong>sed</strong></span> <span class='ocrx_word' id='word_1_641' title='bbox 3286 4289 3474 4331; x_wconf 80' lang='lat' dir='ltr'><strong>revera</strong></span> <span class='ocrx_word' id='word_1_642' title='bbox 3507 4273 3615 4329; x_wconf 88' lang='lat' dir='ltr'><strong>illis</strong></span> 
     </span>
    </p>
   </div>
   <div class='ocr_carea' id='block_1_86' title="bbox 2034 4370 2842 4441">
    <p class='ocr_par' dir='ltr' id='par_1_86' title="bbox 2034 4370 2842 4441">
     <span class='ocr_line' id='line_1_86' title="bbox 2034 4370 2842 4441; baseline -0.011 -15"><span class='ocrx_word' id='word_1_643' title='bbox 2034 4370 2212 4441; x_wconf 86' lang='lat' dir='ltr'><strong>injicit</strong></span> <span class='ocrx_word' id='word_1_644' title='bbox 2236 4377 2497 4424; x_wconf 89' lang='lat' dir='ltr'><strong>terrorem</strong></span> <span class='ocrx_word' id='word_1_645' title='bbox 2510 4408 2524 4421; x_wconf 94' lang='lat'><strong>.</strong></span> <span class='ocrx_word' id='word_1_646' title='bbox 2838 4435 2842 4439; x_wconf 24' lang='lat'><em>‘</em></span> 
     </span>
    </p>
   </div>
   <div class='ocr_carea' id='block_1_87' title="bbox 2108 4456 3615 4529">
    <p class='ocr_par' dir='ltr' id='par_1_87' title="bbox 2108 4456 3615 4529">
     <span class='ocr_line' id='line_1_87' title="bbox 2108 4456 3615 4529; baseline -0.004 -13"><span class='ocrx_word' id='word_1_647' title='bbox 2108 4461 2275 4517; x_wconf 74' lang='lat' dir='ltr'><strong>Vens.</strong></span> <span class='ocrx_word' id='word_1_648' title='bbox 2316 4461 2408 4516; x_wconf 76' lang='grc'><strong>28.</strong></span> <span class='ocrx_word' id='word_1_649' title='bbox 2450 4460 2711 4527; x_wconf 76' lang='lat' dir='ltr'><strong>Quocirca</strong></span> <span class='ocrx_word' id='word_1_650' title='bbox 2738 4466 2915 4513; x_wconf 81' lang='lat' dir='ltr'><strong>cavete</strong></span> <span class='ocrx_word' id='word_1_651' title='bbox 2938 4459 3080 4513; x_wconf 78' lang='lat' dir='ltr'><strong>vobis</strong></span> <span class='ocrx_word' id='word_1_652' title='bbox 3109 4474 3173 4511; x_wconf 88' lang='lat' dir='ltr'><strong>ac</strong></span> <span class='ocrx_word' id='word_1_653' title='bbox 3210 4459 3307 4511; x_wconf 89' lang='lat' dir='ltr'><strong>toti</strong></span> <span class='ocrx_word' id='word_1_654' title='bbox 3325 4456 3491 4529; x_wconf 86' lang='lat' dir='ltr'><strong>gregi,</strong></span> <span class='ocrx_word' id='word_1_655' title='bbox 3527 4459 3615 4510; x_wconf 91' lang='lat' dir='ltr'><strong>cui</strong></span> 
     </span>
    </p>
   </div>
   <div class='ocr_carea' id='block_1_88' title="bbox 2039 4549 3614 4623">
    <p class='ocr_par' dir='ltr' id='par_1_88' title="bbox 2039 4549 3614 4623">
     <span class='ocr_line' id='line_1_88' title="bbox 2039 4549 3614 4623; baseline -0.006 -13"><span class='ocrx_word' id='word_1_656' title='bbox 2039 4554 2275 4623; x_wconf 85' lang='lat' dir='ltr'><strong>Spiritus</strong></span> <span class='ocrx_word' id='word_1_657' title='bbox 2307 4560 2523 4607; x_wconf 85' lang='lat' dir='ltr'><strong>sanctus</strong></span> <span class='ocrx_word' id='word_1_658' title='bbox 2550 4565 2636 4604; x_wconf 83' lang='lat' dir='ltr'><strong>vos</strong></span> <span class='ocrx_word' id='word_1_659' title='bbox 2672 4551 2957 4620; x_wconf 75' lang='lat' dir='ltr'><strong>prttposuit</strong></span> <span class='ocrx_word' id='word_1_660' title='bbox 2980 4550 3266 4618; x_wconf 83' lang='lat' dir='ltr'><strong>episcopos,</strong></span> <span class='ocrx_word' id='word_1_661' title='bbox 3302 4559 3358 4602; x_wconf 90' lang='lat' dir='ltr'><strong>ut</strong></span> <span class='ocrx_word' id='word_1_662' title='bbox 3384 4549 3614 4617; x_wconf 87' lang='lat' dir='ltr'><strong>pascatis</strong></span> 
     </span>
    </p>
   </div>
   <div class='ocr_carea' id='block_1_89' title="bbox 342 4638 1924 4716">
    <p class='ocr_par' dir='ltr' id='par_1_89' title="bbox 342 4643 1924 4716">
     <span class='ocr_line' id='line_1_89' title="bbox 342 4643 1924 4716; baseline 0.008 -26"><span class='ocrx_word' id='word_1_663' title='bbox 342 4643 695 4709; x_wconf 76' lang='grc' dir='ltr'>ποιμαίνειν</span> <span class='ocrx_word' id='word_1_664' title='bbox 743 4644 859 4714; x_wconf 77' lang='grc' dir='ltr'><strong>τὴν</strong></span> <span class='ocrx_word' id='word_1_665' title='bbox 917 4647 1286 4715; x_wconf 77' lang='grc' dir='ltr'>Ἐκκλησίαν</span> <span class='ocrx_word' id='word_1_666' title='bbox 1332 4646 1441 4700; x_wconf 80' lang='grc' dir='ltr'><strong>τοῦ</strong></span> <span class='ocrx_word' id='word_1_667' title='bbox 1488 4647 1713 4716; x_wconf 80' lang='grc' dir='ltr'>Κυρίου</span> <span class='ocrx_word' id='word_1_668' title='bbox 1751 4649 1848 4702; x_wconf 76' lang='grc' dir='ltr'><strong>καὶ</strong></span> <span class='ocrx_word' id='word_1_669' title='bbox 1881 4648 1924 4680; x_wconf 72' lang='grc'><strong>’⁸</strong></span> 
     </span>
    </p>
   </div>
   <div class='ocr_carea' id='block_1_90' title="bbox 2028 4638 3615 4716">
    <p class='ocr_par' dir='ltr' id='par_1_90' title="bbox 2034 4639 3615 4716">
     <span class='ocr_line' id='line_1_90' title="bbox 2034 4639 3615 4716; baseline -0.004 -16"><span class='ocrx_word' id='word_1_670' title='bbox 2034 4655 2083 4701; x_wconf 78' lang='lat' dir='ltr'><strong>et</strong></span> <span class='ocrx_word' id='word_1_671' title='bbox 2116 4644 2314 4716; x_wconf 88' lang='lat' dir='ltr'><strong>regatis</strong></span> <span class='ocrx_word' id='word_1_672' title='bbox 2347 4641 2643 4698; x_wconf 83' lang='lat' dir='ltr'><strong>Ecclesium</strong></span> <span class='ocrx_word' id='word_1_673' title='bbox 2680 4640 2891 4695; x_wconf 86' lang='lat' dir='ltr'><strong>Domini</strong></span> <span class='ocrx_word' id='word_1_674' title='bbox 2916 4649 2964 4695; x_wconf 91' lang='lat' dir='ltr'><strong>et</strong></span> <span class='ocrx_word' id='word_1_675' title='bbox 2994 4639 3108 4707; x_wconf 87' lang='lat' dir='ltr'><strong>Dei,</strong></span> <span class='ocrx_word' id='word_1_676' title='bbox 3150 4656 3311 4710; x_wconf 84' lang='lat' dir='ltr'><strong>quam</strong></span> <span class='ocrx_word' id='word_1_677' title='bbox 3355 4639 3615 4711; x_wconf 83' lang='lat' dir='ltr'><strong>sanguine</strong></span> 
     </span>
    </p>
   </div>
   <div class='ocr_carea' id='block_1_91' title="bbox 344 4730 1854 4805">
    <p class='ocr_par' dir='ltr' id='par_1_91' title="bbox 344 4730 1854 4805">
     <span class='ocr_line' id='line_1_91' title="bbox 344 4730 1854 4805; baseline 0.005 -22"><span class='ocrx_word' id='word_1_678' title='bbox 344 4731 526 4793; x_wconf 82' lang='grc' dir='ltr'>Θεοῦ,</span> <span class='ocrx_word' id='word_1_679' title='bbox 551 4730 633 4799; x_wconf 78' lang='grc' dir='ltr'>ἦν</span> <span class='ocrx_word' id='word_1_680' title='bbox 656 4737 1119 4804; x_wconf 77' lang='grc' dir='ltr'>περιεποιήσατο</span> <span class='ocrx_word' id='word_1_681' title='bbox 1145 4737 1244 4789; x_wconf 82' lang='grc' dir='ltr'>διὰ</span> <span class='ocrx_word' id='word_1_682' title='bbox 1267 4737 1374 4790; x_wconf 83' lang='grc' dir='ltr'><strong>τοῦ</strong></span> <span class='ocrx_word' id='word_1_683' title='bbox 1409 4736 1564 4791; x_wconf 71' lang='grc' dir='ltr'>ἰδίου</span> <span class='ocrx_word' id='word_1_684' title='bbox 1588 4737 1854 4805; x_wconf 84' lang='grc' dir='ltr'>αἳματος.</span> 
     </span>
    </p>
   </div>
   <div class='ocr_carea' id='block_1_92' title="bbox 420 4822 1936 4900">
    <p class='ocr_par' dir='ltr' id='par_1_92' title="bbox 420 4822 1936 4900">
     <span class='ocr_line' id='line_1_92' title="bbox 420 4822 1936 4900; baseline 0.004 -24"><span class='ocrx_word' id='word_1_685' title='bbox 420 4825 761 4893; x_wconf 77' lang='grc' dir='ltr'>Προσέχετε</span> <span class='ocrx_word' id='word_1_686' title='bbox 799 4822 914 4882; x_wconf 80' lang='grc' dir='ltr'>οὖν</span> <span class='ocrx_word' id='word_1_687' title='bbox 947 4826 1183 4896; x_wconf 70' lang='grc' dir='ltr'>ἑαυτοῖς</span> <span class='ocrx_word' id='word_1_688' title='bbox 1219 4830 1315 4882; x_wconf 75' lang='grc' dir='ltr'><strong>καὶ</strong></span> <span class='ocrx_word' id='word_1_689' title='bbox 1343 4829 1546 4882; x_wconf 77' lang='grc' dir='ltr'>παντί.</span> <span class='ocrx_word' id='word_1_690' title='bbox 1573 4827 1710 4883; x_wconf 73' lang='grc' dir='ltr'>Οὔτε</span> <span class='ocrx_word' id='word_1_691' title='bbox 1736 4828 1846 4900; x_wconf 79' lang='grc' dir='ltr'>γὰρ</span> <span class='ocrx_word' id='word_1_692' title='bbox 1872 4828 1936 4882; x_wconf 73' lang='grc' dir='ltr'>τὸ</span> 
     </span>
    </p>
   </div>
   <div class='ocr_carea' id='block_1_93' title="bbox 344 4913 1937 4992">
    <p class='ocr_par' dir='ltr' id='par_1_93' title="bbox 344 4913 1937 4992">
     <span class='ocr_line' id='line_1_93' title="bbox 344 4913 1937 4992; baseline 0.006 -29"><span class='ocrx_word' id='word_1_693' title='bbox 344 4913 583 4986; x_wconf 78' lang='grc' dir='ltr'>ἐτέρους</span> <span class='ocrx_word' id='word_1_694' title='bbox 635 4918 936 4988; x_wconf 79' lang='grc' dir='ltr'>κατορθοῦν</span> <span class='ocrx_word' id='word_1_695' title='bbox 987 4922 1152 4989; x_wconf 63' lang='grc' dir='ltr'>μόνον</span> <span class='ocrx_word' id='word_1_696' title='bbox 1201 4920 1315 4991; x_wconf 73' lang='grc' dir='ltr'>ἔχει</span> <span class='ocrx_word' id='word_1_697' title='bbox 1371 4920 1562 4990; x_wconf 78' lang='grc' dir='ltr'>κέρδος</span> <span class='ocrx_word' id='word_1_698' title='bbox 1615 4919 1937 4992; x_wconf 77' lang='grc' dir='ltr'>(Φοϐοῦμαι</span> 
     </span>
    </p>
   </div>
   <div class='ocr_carea' id='block_1_94' title="bbox 345 5006 1942 5081">
    <p class='ocr_par' dir='ltr' id='par_1_94' title="bbox 345 5006 1942 5081">
     <span class='ocr_line' id='line_1_94' title="bbox 345 5006 1942 5081; baseline -0.001 -15"><span class='ocrx_word' id='word_1_699' title='bbox 345 5006 484 5074; x_wconf 68' lang='grc' dir='ltr'>γὰρ.</span> <span class='ocrx_word' id='word_1_700' title='bbox 518 5010 673 5077; x_wconf 73' lang='grc' dir='ltr'>φησὶ,</span> <span class='ocrx_word' id='word_1_701' title='bbox 718 5011 930 5079; x_wconf 73' lang='grc' dir='ltr'>μήπως</span> <span class='ocrx_word' id='word_1_702' title='bbox 978 5012 1192 5078; x_wconf 82' lang='grc' dir='ltr'>ἄλλοις</span> <span class='ocrx_word' id='word_1_703' title='bbox 1229 5013 1503 5081; x_wconf 79' lang='grc' dir='ltr'>κηρύξας</span> <span class='ocrx_word' id='word_1_704' title='bbox 1525 5012 1708 5079; x_wconf 78' lang='grc' dir='ltr'>αὐτὸς</span> <span class='ocrx_word' id='word_1_705' title='bbox 1745 5012 1942 5067; x_wconf 80' lang='grc' dir='ltr'><strong>ἀδόκι-</strong></span> 
     </span>
    </p>
   </div>
   <div class='ocr_carea' id='block_1_95' title="bbox 343 5099 1939 5177">
    <p class='ocr_par' dir='ltr' id='par_1_95' title="bbox 343 5099 1939 5177">
     <span class='ocr_line' id='line_1_95' title="bbox 343 5099 1939 5177; baseline 0.001 -20"><span class='ocrx_word' id='word_1_706' title='bbox 343 5114 464 5165; x_wconf 82' lang='grc' dir='ltr'>ιιος</span> <span class='ocrx_word' id='word_1_707' title='bbox 498 5099 798 5171; x_wconf 74' lang='grc' dir='ltr'>γένωμαι),</span> <span class='ocrx_word' id='word_1_708' title='bbox 832 5102 959 5157; x_wconf 71' lang='grc' dir='ltr'>οὔτε</span> <span class='ocrx_word' id='word_1_709' title='bbox 986 5106 1045 5158; x_wconf 80' lang='grc' dir='ltr'>τὸ</span> <span class='ocrx_word' id='word_1_710' title='bbox 1070 5105 1266 5159; x_wconf 75' lang='grc' dir='ltr'>ἑαυτὸν</span> <span class='ocrx_word' id='word_1_711' title='bbox 1288 5105 1302 5136; x_wconf 89' lang='grc'>¹</span> <span class='ocrx_word' id='word_1_712' title='bbox 1341 5105 1723 5176; x_wconf 78' lang='grc' dir='ltr'>ἐπιμελεῖσθαι</span> <span class='ocrx_word' id='word_1_713' title='bbox 1745 5122 1756 5135; x_wconf 92' lang='grc'>·</span> <span class='ocrx_word' id='word_1_714' title='bbox 1779 5106 1808 5158; x_wconf 88' lang='grc' dir='ltr'><strong>ὁ</strong></span> <span class='ocrx_word' id='word_1_715' title='bbox 1828 5104 1939 5177; x_wconf 82' lang='grc' dir='ltr'>γὰρ</span> 
     </span>
    </p>
   </div>
   <div class='ocr_carea' id='block_1_96' title="bbox 343 5192 1940 5266">
    <p class='ocr_par' dir='ltr' id='par_1_96' title="bbox 343 5192 1940 5266">
     <span class='ocr_line' id='line_1_96' title="bbox 343 5192 1940 5266; baseline 0.006 -26"><span class='ocrx_word' id='word_1_716' title='bbox 343 5192 623 5261; x_wconf 82' lang='grc' dir='ltr'>τοιοῦτος,</span> <span class='ocrx_word' id='word_1_717' title='bbox 656 5195 939 5265; x_wconf 83' lang='grc' dir='ltr'>φίλαυτος,</span> <span class='ocrx_word' id='word_1_718' title='bbox 973 5198 1067 5252; x_wconf 77' lang='grc' dir='ltr'><strong>καὶ</strong></span> <span class='ocrx_word' id='word_1_719' title='bbox 1099 5199 1158 5251; x_wconf 71' lang='grc' dir='ltr'>τὸ</span> <span class='ocrx_word' id='word_1_720' title='bbox 1187 5197 1386 5252; x_wconf 81' lang='grc' dir='ltr'>ἑαυτοῦ</span> <span class='ocrx_word' id='word_1_721' title='bbox 1411 5195 1584 5266; x_wconf 78' lang='grc' dir='ltr'>ζητεῖ,</span> <span class='ocrx_word' id='word_1_722' title='bbox 1618 5196 1714 5251; x_wconf 77' lang='grc' dir='ltr'><strong>καὶ</strong></span> <span class='ocrx_word' id='word_1_723' title='bbox 1754 5197 1849 5250; x_wconf 85' lang='grc' dir='ltr'><strong>τοῦ</strong></span> <span class='ocrx_word' id='word_1_724' title='bbox 1878 5196 1940 5250; x_wconf 83' lang='grc' dir='ltr'>τὸ</span> 
     </span>
    </p>
   </div>
   <div class='ocr_carea' id='block_1_97' title="bbox 342 5285 1934 5360">
    <p class='ocr_par' dir='ltr' id='par_1_97' title="bbox 342 5285 1934 5360">
     <span class='ocr_line' id='line_1_97' title="bbox 342 5285 1934 5360; baseline 0.007 -28"><span class='ocrx_word' id='word_1_725' title='bbox 342 5285 618 5338; x_wconf 81' lang='grc' dir='ltr'>τάλαντον</span> <span class='ocrx_word' id='word_1_726' title='bbox 638 5288 1051 5359; x_wconf 79' lang='grc' dir='ltr'>καταχώσαντος</span> <span class='ocrx_word' id='word_1_727' title='bbox 1086 5292 1200 5353; x_wconf 86' lang='grc' dir='ltr'>ίσος</span> <span class='ocrx_word' id='word_1_728' title='bbox 1226 5293 1373 5344; x_wconf 73' lang='grc' dir='ltr'>ἐστιν</span> <span class='ocrx_word' id='word_1_729' title='bbox 1386 5291 1429 5347; x_wconf 79' lang='grc'>².</span> <span class='ocrx_word' id='word_1_730' title='bbox 1449 5289 1567 5345; x_wconf 78' lang='grc' dir='ltr'><strong>Οὐκ</strong></span> <span class='ocrx_word' id='word_1_731' title='bbox 1588 5289 1773 5360; x_wconf 75' lang='grc' dir='ltr'>ἐπειδὴ</span> <span class='ocrx_word' id='word_1_732' title='bbox 1793 5306 1934 5360; x_wconf 85' lang='grc' dir='ltr'>προ·</span> 
     </span>
    </p>
   </div>
   <div class='ocr_carea' id='block_1_98' title="bbox 346 5375 1937 5454">
    <p class='ocr_par' dir='ltr' id='par_1_98' title="bbox 346 5375 1937 5454">
     <span class='ocr_line' id='line_1_98' title="bbox 346 5375 1937 5454; baseline 0.005 -27"><span class='ocrx_word' id='word_1_733' title='bbox 346 5375 697 5450; x_wconf 76' lang='grc' dir='ltr'>τιμοτέραή</span> <span class='ocrx_word' id='word_1_734' title='bbox 748 5380 996 5453; x_wconf 70' lang='grc' dir='ltr'>ἡμετέρα</span> <span class='ocrx_word' id='word_1_735' title='bbox 1050 5383 1296 5454; x_wconf 75' lang='grc' dir='ltr'>σωτηρία</span> <span class='ocrx_word' id='word_1_736' title='bbox 1361 5383 1459 5436; x_wconf 84' lang='grc' dir='ltr'><strong>τοῦ</strong></span> <span class='ocrx_word' id='word_1_737' title='bbox 1498 5383 1775 5453; x_wconf 79' lang='grc' dir='ltr'>ποιμνίου,</span> <span class='ocrx_word' id='word_1_738' title='bbox 1822 5382 1937 5435; x_wconf 70' lang='grc' dir='ltr'><strong>ὸὶλ⁹</strong></span> 
     </span>
    </p>
   </div>
   <div class='ocr_carea' id='block_1_99' title="bbox 423 5532 919 5602">
    <p class='ocr_par' dir='ltr' id='par_1_99' title="bbox 423 5532 919 5602">
     <span class='ocr_line' id='line_1_99' title="bbox 423 5532 919 5602; baseline 0.006 -15"><span class='ocrx_word' id='word_1_739' title='bbox 423 5533 473 5567; x_wconf 80' lang='grc'><em>³³</em></span> <span class='ocrx_word' id='word_1_740' title='bbox 512 5532 533 5587; x_wconf 93' lang='grc'><strong>1</strong></span> <span class='ocrx_word' id='word_1_741' title='bbox 566 5535 692 5593; x_wconf 87' lang='lat' dir='ltr'><strong>Cor.</strong></span> <span class='ocrx_word' id='word_1_742' title='bbox 724 5552 803 5602; x_wconf 79' lang='lat' dir='ltr'><strong>Ix,</strong></span> <span class='ocrx_word' id='word_1_743' title='bbox 828 5540 919 5591; x_wconf 69' lang='lat'><strong>27.</strong></span> 
     </span>
    </p>
   </div>
   <div class='ocr_carea' id='block_1_100' title="bbox 2032 4735 2503 4805">
    <p class='ocr_par' dir='ltr' id='par_1_100' title="bbox 2032 4735 2503 4805">
     <span class='ocr_line' id='line_1_100' title="bbox 2032 4735 2503 4805; baseline -0.006 -13"><span class='ocrx_word' id='word_1_744' title='bbox 2032 4753 2129 4792; x_wconf 89' lang='lat' dir='ltr'><strong>suo</strong></span> <span class='ocrx_word' id='word_1_745' title='bbox 2155 4735 2503 4805; x_wconf 85' lang='lat' dir='ltr'><strong>comparavit.</strong></span> 
     </span>
    </p>
   </div>
   <div class='ocr_carea' id='block_1_101' title="bbox 2105 4823 3612 4897">
    <p class='ocr_par' dir='ltr' id='par_1_101' title="bbox 2105 4823 3612 4897">
     <span class='ocr_line' id='line_1_101' title="bbox 2105 4823 3612 4897; baseline -0.004 -12"><span class='ocrx_word' id='word_1_746' title='bbox 2105 4828 2294 4885; x_wconf 86' lang='lat' dir='ltr'><strong>Cavete</strong></span> <span class='ocrx_word' id='word_1_747' title='bbox 2323 4825 2680 4897; x_wconf 51' lang='lat' dir='ltr'><strong>igituryobis;</strong></span> <span class='ocrx_word' id='word_1_748' title='bbox 2701 4835 2745 4879; x_wconf 87' lang='lat' dir='ltr'><strong>et</strong></span> <span class='ocrx_word' id='word_1_749' title='bbox 2776 4825 3014 4879; x_wconf 83' lang='lat' dir='ltr'><strong>uniuerso</strong></span> <span class='ocrx_word' id='word_1_750' title='bbox 3039 4824 3206 4896; x_wconf 85' lang='lat' dir='ltr'><strong>gregi.</strong></span> <span class='ocrx_word' id='word_1_751' title='bbox 3240 4823 3374 4879; x_wconf 72' lang='lat' dir='ltr'><strong>Nam</strong></span> <span class='ocrx_word' id='word_1_752' title='bbox 3419 4840 3522 4881; x_wconf 91' lang='lat' dir='ltr'><strong>nec</strong></span> <span class='ocrx_word' id='word_1_753' title='bbox 3558 4825 3612 4880; x_wconf 91' lang='lat' dir='ltr'><strong>id</strong></span> 
     </span>
    </p>
   </div>
   <div class='ocr_carea' id='block_1_102' title="bbox 2038 4913 3616 4987">
    <p class='ocr_par' dir='ltr' id='par_1_102' title="bbox 2038 4913 3616 4987">
     <span class='ocr_line' id='line_1_102' title="bbox 2038 4913 3616 4987; baseline -0.002 -12"><span class='ocrx_word' id='word_1_754' title='bbox 2038 4920 2215 4975; x_wconf 90' lang='lat' dir='ltr'><strong>solum</strong></span> <span class='ocrx_word' id='word_1_755' title='bbox 2246 4919 2461 4974; x_wconf 89' lang='lat' dir='ltr'><strong>lucrum</strong></span> <span class='ocrx_word' id='word_1_756' title='bbox 2509 4915 2687 4983; x_wconf 79' lang='lat' dir='ltr'><strong>all‘ert,</strong></span> <span class='ocrx_word' id='word_1_757' title='bbox 2723 4915 2769 4971; x_wconf 93' lang='lat' dir='ltr'><strong>si</strong></span> <span class='ocrx_word' id='word_1_758' title='bbox 2803 4916 2927 4986; x_wconf 86' lang='lat' dir='ltr'><strong>quis</strong></span> <span class='ocrx_word' id='word_1_759' title='bbox 2967 4913 3104 4970; x_wconf 90' lang='lat' dir='ltr'><strong>alios</strong></span> <span class='ocrx_word' id='word_1_760' title='bbox 3133 4916 3372 4987; x_wconf 79' lang='lat' dir='ltr'><strong>corrigat</strong></span> <span class='ocrx_word' id='word_1_761' title='bbox 3393 4931 3458 4972; x_wconf 87' lang='lat' dir='ltr'><strong>ac</strong></span> <span class='ocrx_word' id='word_1_762' title='bbox 3498 4932 3616 4972; x_wconf 84' lang='lat' dir='ltr'><strong>me-</strong></span> 
     </span>
    </p>
   </div>
   <div class='ocr_carea' id='block_1_103' title="bbox 2026 5006 3619 5079">
    <p class='ocr_par' dir='ltr' id='par_1_103' title="bbox 2026 5006 3619 5079">
     <span class='ocr_line' id='line_1_103' title="bbox 2026 5006 3619 5079; baseline -0.003 -12"><span class='ocrx_word' id='word_1_763' title='bbox 2026 5013 2203 5067; x_wconf 62' lang='lat' dir='ltr'><strong>liores</strong></span> <span class='ocrx_word' id='word_1_764' title='bbox 2227 5009 2422 5065; x_wconf 87' lang='lat' dir='ltr'><strong>reddat</strong></span> <span class='ocrx_word' id='word_1_765' title='bbox 2446 5027 2458 5062; x_wconf 90' lang='lat'>:</span> <span class='ocrx_word' id='word_1_766' title='bbox 2482 5022 2608 5063; x_wconf 88' lang='lat' dir='ltr'><strong>nam</strong></span> <span class='ocrx_word' id='word_1_767' title='bbox 2639 5016 2835 5070; x_wconf 80' lang='lat' dir='ltr'><strong>metuo,</strong></span> <span class='ocrx_word' id='word_1_768' title='bbox 2868 5006 3065 5076; x_wconf 88' lang='lat' dir='ltr'><strong>inquit,</strong></span> <span class='ocrx_word' id='word_1_769' title='bbox 3103 5024 3165 5060; x_wconf 86' lang='lat' dir='ltr'><strong>ne</strong></span> <span class='ocrx_word' id='word_1_770' title='bbox 3191 5008 3326 5079; x_wconf 83' lang='lat' dir='ltr'><strong>forte</strong></span> <span class='ocrx_word' id='word_1_771' title='bbox 3344 5024 3465 5062; x_wconf 84' lang='lat' dir='ltr'><strong>cum</strong></span> <span class='ocrx_word' id='word_1_772' title='bbox 3494 5006 3619 5062; x_wconf 90' lang='lat' dir='ltr'><strong>aliis</strong></span> 
     </span>
    </p>
   </div>
   <div class='ocr_carea' id='block_1_104' title="bbox 2045 5096 3619 5174">
    <p class='ocr_par' dir='ltr' id='par_1_104' title="bbox 2045 5096 3619 5174">
     <span class='ocr_line' id='line_1_104' title="bbox 2045 5096 3619 5174; baseline -0.002 -19"><span class='ocrx_word' id='word_1_773' title='bbox 2045 5102 2422 5174; x_wconf 67' lang='lat' dir='ltr'><strong>prozdicavero,</strong></span> <span class='ocrx_word' id='word_1_774' title='bbox 2450 5100 2560 5170; x_wconf 85' lang='lat' dir='ltr'><strong>ipse</strong></span> <span class='ocrx_word' id='word_1_775' title='bbox 2590 5099 2837 5168; x_wconf 81' lang='lat' dir='ltr'><strong>reprobus</strong></span> <span class='ocrx_word' id='word_1_776' title='bbox 2860 5097 3083 5151; x_wconf 80' lang='lat' dir='ltr'><strong>evadam</strong></span> <span class='ocrx_word' id='word_1_777' title='bbox 3105 5096 3150 5131; x_wconf 79' lang='lat'><strong>”</strong></span> <span class='ocrx_word' id='word_1_778' title='bbox 3178 5115 3192 5152; x_wconf 89' lang='lat'><strong>:</strong></span> <span class='ocrx_word' id='word_1_779' title='bbox 3229 5112 3406 5168; x_wconf 83' lang='lat' dir='ltr'><strong>neque</strong></span> <span class='ocrx_word' id='word_1_780' title='bbox 3445 5097 3488 5152; x_wconf 91' lang='lat' dir='ltr'><strong>si</strong></span> <span class='ocrx_word' id='word_1_781' title='bbox 3530 5112 3619 5153; x_wconf 88' lang='lat' dir='ltr'><strong>se—</strong></span> 
     </span>
    </p>
   </div>
   <div class='ocr_carea' id='block_1_105' title="bbox 2045 5186 3621 5265">
    <p class='ocr_par' dir='ltr' id='par_1_105' title="bbox 2045 5186 3621 5265">
     <span class='ocr_line' id='line_1_105' title="bbox 2045 5186 3621 5265; baseline -0.006 -15"><span class='ocrx_word' id='word_1_782' title='bbox 2045 5195 2226 5265; x_wconf 90' lang='lat' dir='ltr'><strong>ipsum</strong></span> <span class='ocrx_word' id='word_1_783' title='bbox 2254 5191 2378 5263; x_wconf 92' lang='lat' dir='ltr'><strong>quis</strong></span> <span class='ocrx_word' id='word_1_784' title='bbox 2407 5199 2606 5248; x_wconf 88' lang='lat' dir='ltr'><strong>curet:</strong></span> <span class='ocrx_word' id='word_1_785' title='bbox 2641 5190 2732 5259; x_wconf 89' lang='lat' dir='ltr'><strong>qui</strong></span> <span class='ocrx_word' id='word_1_786' title='bbox 2766 5188 2912 5243; x_wconf 90' lang='lat' dir='ltr'><strong>enim</strong></span> <span class='ocrx_word' id='word_1_787' title='bbox 2968 5186 3090 5242; x_wconf 85' lang='lat' dir='ltr'><strong>talis</strong></span> <span class='ocrx_word' id='word_1_788' title='bbox 3126 5195 3231 5250; x_wconf 85' lang='lat' dir='ltr'><strong>est,</strong></span> <span class='ocrx_word' id='word_1_789' title='bbox 3277 5186 3362 5243; x_wconf 90' lang='lat' dir='ltr'><strong>sui</strong></span> <span class='ocrx_word' id='word_1_790' title='bbox 3407 5194 3621 5241; x_wconf 87' lang='lat' dir='ltr'><strong>amator</strong></span> 
     </span>
    </p>
   </div>
   <div class='ocr_carea' id='block_1_106' title="bbox 2048 5274 3616 5350">
    <p class='ocr_par' dir='ltr' id='par_1_106' title="bbox 2048 5274 3616 5350">
     <span class='ocr_line' id='line_1_106' title="bbox 2048 5274 3616 5350; baseline -0.006 -11"><span class='ocrx_word' id='word_1_791' title='bbox 2048 5293 2155 5350; x_wconf 74' lang='lat' dir='ltr'><strong>est,</strong></span> <span class='ocrx_word' id='word_1_792' title='bbox 2192 5298 2256 5339; x_wconf 91' lang='lat' dir='ltr'><strong>ac</strong></span> <span class='ocrx_word' id='word_1_793' title='bbox 2284 5297 2443 5338; x_wconf 92' lang='lat' dir='ltr'><strong>suum</strong></span> <span class='ocrx_word' id='word_1_794' title='bbox 2477 5277 2825 5337; x_wconf 89' lang='lat' dir='ltr'><strong>commodum</strong></span> <span class='ocrx_word' id='word_1_795' title='bbox 2857 5285 2914 5332; x_wconf 90' lang='lat' dir='ltr'><strong>et</strong></span> <span class='ocrx_word' id='word_1_796' title='bbox 2935 5276 3367 5332; x_wconf 88' lang='lat' dir='ltr'><strong>emolumentum</strong></span> <span class='ocrx_word' id='word_1_797' title='bbox 3399 5274 3616 5344; x_wconf 66' lang='lat' dir='ltr'><strong>quaerit.</strong></span> 
     </span>
    </p>
   </div>
   <div class='ocr_carea' id='block_1_107' title="bbox 2048 5366 3619 5445">
    <p class='ocr_par' dir='ltr' id='par_1_107' title="bbox 2048 5366 3619 5445">
     <span class='ocr_line' id='line_1_107' title="bbox 2048 5366 3619 5445; baseline -0.007 -14"><span class='ocrx_word' id='word_1_798' title='bbox 2048 5387 2105 5432; x_wconf 89' lang='lat' dir='ltr'><strong>et</strong></span> <span class='ocrx_word' id='word_1_799' title='bbox 2129 5366 2229 5441; x_wconf 83' lang='lat' dir='ltr'><strong>illi,</strong></span> <span class='ocrx_word' id='word_1_800' title='bbox 2265 5375 2359 5445; x_wconf 85' lang='lat' dir='ltr'><strong>qui</strong></span> <span class='ocrx_word' id='word_1_801' title='bbox 2391 5373 2656 5428; x_wconf 83' lang='lat' dir='ltr'><strong>talentum</strong></span> <span class='ocrx_word' id='word_1_802' title='bbox 2692 5370 2936 5433; x_wconf 85' lang='lat' dir='ltr'><strong>defodit,</strong></span> <span class='ocrx_word' id='word_1_803' title='bbox 2970 5384 3066 5439; x_wconf 89' lang='lat' dir='ltr'><strong>par</strong></span> <span class='ocrx_word' id='word_1_804' title='bbox 3100 5380 3204 5424; x_wconf 84' lang='lat' dir='ltr'><strong>est.</strong></span> <span class='ocrx_word' id='word_1_805' title='bbox 3238 5367 3427 5425; x_wconf 76' lang='lat' dir='ltr'><strong>Cavete</strong></span> <span class='ocrx_word' id='word_1_806' title='bbox 3455 5369 3619 5423; x_wconf 81' lang='lat' dir='ltr'><strong>vobis.</strong></span> 
     </span>
    </p>
   </div>
   <div class='ocr_carea' id='block_1_108' title="bbox 1560 5671 2446 5735">
    <p class='ocr_par' dir='ltr' id='par_1_108' title="bbox 1560 5671 2446 5735">
     <span class='ocr_line' id='line_1_108' title="bbox 1560 5671 2446 5735; baseline -0.002 -1"><span class='ocrx_word' id='word_1_807' title='bbox 1560 5673 1763 5735; x_wconf 74' lang='lat' dir='ltr'><strong>Variae</strong></span> <span class='ocrx_word' id='word_1_808' title='bbox 1800 5671 2108 5735; x_wconf 87' lang='lat' dir='ltr'><strong>lectiones</strong></span> <span class='ocrx_word' id='word_1_809' title='bbox 2150 5678 2212 5733; x_wconf 89' lang='lat' dir='ltr'><strong>et</strong></span> <span class='ocrx_word' id='word_1_810' title='bbox 2255 5679 2446 5734; x_wconf 81' lang='lat' dir='ltr'><strong>notae.</strong></span> 
     </span>
    </p>
   </div>
   <div class='ocr_carea' id='block_1_109' title="bbox 429 5835 1416 5909">
    <p class='ocr_par' dir='ltr' id='par_1_109' title="bbox 429 5835 1416 5909">
     <span class='ocr_line' id='line_1_109' title="bbox 429 5835 1416 5909; baseline 0.003 -19"><span class='ocrx_word' id='word_1_811' title='bbox 429 5836 479 5869; x_wconf 77' lang='grc'><strong>’⁷</strong></span> <span class='ocrx_word' id='word_1_812' title='bbox 501 5836 591 5909; x_wconf 71' lang='grc' dir='ltr'><strong>ις’.</strong></span> <span class='ocrx_word' id='word_1_813' title='bbox 641 5835 1010 5909; x_wconf 65' lang='grc' dir='ltr'>ἐξαιρεθῆναι.</span> <span class='ocrx_word' id='word_1_814' title='bbox 1072 5837 1131 5909; x_wconf 10' lang='grc'><strong>7⁸⁸</strong></span> <span class='ocrx_word' id='word_1_815' title='bbox 1169 5842 1416 5909; x_wconf 46' lang='lat' dir='ltr'><strong>pigeret.</strong></span> 
     </span>
    </p>
   </div>
   <div class='ocr_carea' id='block_1_110' title="bbox 351 5904 584 5964">
    <p class='ocr_par' dir='ltr' id='par_1_110' title="bbox 351 5904 584 5964">
     <span class='ocr_line' id='line_1_110' title="bbox 351 5904 584 5964; baseline -0.004 0"><span class='ocrx_word' id='word_1_816' title='bbox 351 5904 584 5964; x_wconf 75' lang='grc' dir='ltr'>ἑαυτοῦ.</span> 
     </span>
    </p>
   </div>
   <div class='ocr_carea' id='block_1_111' title="bbox 655 5997 1412 6064">
    <p class='ocr_par' dir='ltr' id='par_1_111' title="bbox 655 5997 1412 6064">
     <span class='ocr_line' id='line_1_111' title="bbox 655 5997 1412 6064; baseline 0.007 -5"><span class='ocrx_word' id='word_1_817' title='bbox 655 6038 663 6044; x_wconf 67' lang='grc' dir='ltr'><em>ς</em></span> <span class='ocrx_word' id='word_1_818' title='bbox 705 5997 975 6064; x_wconf 57' lang='lat' dir='ltr'><strong>Parma.</strong></span> <span class='ocrx_word' id='word_1_819' title='bbox 1018 5999 1137 6063; x_wconf 80' lang='lat' dir='ltr'><strong>Gn.</strong></span> <span class='ocrx_word' id='word_1_820' title='bbox 1168 5999 1412 6064; x_wconf 78' lang='lat' dir='ltr'><strong>CXXV.</strong></span> 
     </span>
    </p>
   </div>
   <div class='ocr_carea' id='block_1_112' title="bbox 1522 5828 1924 5910">
    <p class='ocr_par' dir='ltr' id='par_1_112' title="bbox 1522 5838 1911 5910">
     <span class='ocr_line' id='line_1_112' title="bbox 1522 5838 1911 5910; baseline 0.003 -18"><span class='ocrx_word' id='word_1_821' title='bbox 1522 5840 1568 5874; x_wconf 72' lang='grc'><strong>³⁸</strong></span> <span class='ocrx_word' id='word_1_822' title='bbox 1599 5839 1663 5910; x_wconf 63' lang='lat' dir='ltr'><strong>In</strong></span> <span class='ocrx_word' id='word_1_823' title='bbox 1689 5838 1911 5910; x_wconf 80' lang='lat' dir='ltr'><strong>vulgatis</strong></span> 
     </span>
    </p>
   </div>
   <div class='ocr_carea' id='block_1_113' title="bbox 2028 5828 3374 5910">
    <p class='ocr_par' dir='ltr' id='par_1_113' title="bbox 2028 5828 3374 5910">
     <span class='ocr_line' id='line_1_113' title="bbox 2028 5828 3374 5910; baseline -0.001 -23"><span class='ocrx_word' id='word_1_824' title='bbox 2028 5844 2308 5893; x_wconf 78' lang='lat' dir='ltr'><strong>:tderantur</strong></span> <span class='ocrx_word' id='word_1_825' title='bbox 2328 5839 2410 5893; x_wconf 78' lang='lat' dir='ltr'><strong>ha:</strong></span> <span class='ocrx_word' id='word_1_826' title='bbox 2451 5846 2555 5910; x_wconf 73' lang='lat' dir='ltr'><strong>tres</strong></span> <span class='ocrx_word' id='word_1_827' title='bbox 2598 5831 2986 5910; x_wconf 75' lang='lat' dir='ltr'><strong>dictiones._toﬁ</strong></span> <span class='ocrx_word' id='word_1_828' title='bbox 3011 5828 3220 5902; x_wconf 77' lang='grc' dir='ltr'>Κύριον</span> <span class='ocrx_word' id='word_1_829' title='bbox 3259 5829 3374 5886; x_wconf 81' lang='grc' dir='ltr'>καί.</span> 
     </span>
    </p>
   </div>
   <div class='ocr_carea' id='block_1_114' title="bbox 684 5905 1924 5981">
    <p class='ocr_par' dir='ltr' id='par_1_114' title="bbox 684 5905 1924 5981">
     <span class='ocr_line' id='line_1_114' title="bbox 684 5905 1924 5981; baseline 0.005 -22"><span class='ocrx_word' id='word_1_830' title='bbox 684 5910 705 5939; x_wconf 83' lang='grc'><strong>⁸</strong></span> <span class='ocrx_word' id='word_1_831' title='bbox 762 5905 1007 5961; x_wconf 74' lang='lat' dir='ltr'><strong>Videntur</strong></span> <span class='ocrx_word' id='word_1_832' title='bbox 1059 5905 1180 5962; x_wconf 56' lang='lat' dir='ltr'><strong>hoc&#39;</strong></span> <span class='ocrx_word' id='word_1_833' title='bbox 1206 5908 1320 5962; x_wconf 88' lang='lat' dir='ltr'><strong>loco</strong></span> <span class='ocrx_word' id='word_1_834' title='bbox 1373 5910 1528 5965; x_wconf 75' lang='lat' dir='ltr'><strong>verba</strong></span> <span class='ocrx_word' id='word_1_835' title='bbox 1587 5909 1743 5964; x_wconf 74' lang='lat' dir='ltr'><strong>Luae</strong></span> <span class='ocrx_word' id='word_1_836' title='bbox 1770 5905 1924 5981; x_wconf 61' lang='grc' dir='ltr'>ἱερεῖά</span> 
     </span>
    </p>
   </div>
   <div class='ocr_carea' id='block_1_115' title="bbox 2028 5905 2944 5981">
    <p class='ocr_par' dir='ltr' id='par_1_115' title="bbox 2028 5905 2944 5979">
     <span class='ocr_line' id='line_1_115' title="bbox 2028 5905 2944 5979; baseline -0.007 -14"><span class='ocrx_word' id='word_1_837' title='bbox 2028 5925 2087 5965; x_wconf 74' lang='lat'><strong>1:</strong></span> <span class='ocrx_word' id='word_1_838' title='bbox 2119 5926 2322 5979; x_wconf 80' lang='lat' dir='ltr'><strong>nempe,</strong></span> <span class='ocrx_word' id='word_1_839' title='bbox 2378 5906 2675 5978; x_wconf 81' lang='grc' dir='ltr'>προσέχετε</span> <span class='ocrx_word' id='word_1_840' title='bbox 2705 5905 2944 5969; x_wconf 80' lang='grc' dir='ltr'>ἑαυτοῖς.</span> 
     </span>
    </p>
   </div>
   <div class='ocr_carea' id='block_1_116' title="bbox 3485 5831 3620 5889">
    <p class='ocr_par' dir='ltr' id='par_1_116' title="bbox 3485 5831 3620 5889">
     <span class='ocr_line' id='line_1_116' title="bbox 3485 5831 3620 5889; baseline 0.03 -4"><span class='ocrx_word' id='word_1_841' title='bbox 3485 5831 3500 5864; x_wconf 76' lang='grc'><em>³</em></span> <span class='ocrx_word' id='word_1_842' title='bbox 3532 5831 3620 5889; x_wconf 71' lang='lat' dir='ltr'><strong>to.</strong></span> 
     </span>
    </p>
   </div>
   <div class='ocr_carea' id='block_1_117' title="bbox 3177 5994 3259 6055">
    <p class='ocr_par' dir='ltr' id='par_1_117' title="bbox 3177 5994 3259 6055">
     <span class='ocr_line' id='line_1_117' title="bbox 3177 5994 3259 6055; baseline 0.012 -1"><span class='ocrx_word' id='word_1_843' title='bbox 3177 5994 3259 6055; x_wconf 76' lang='lat'><strong>23</strong></span> 
     </span>
    </p>
   </div>
  </div>
