4114 6436
343 404 453 472 783

1292 390 1862 456 I‘HEOPHYLACTI
1886 389 2291 453 BULGARIE
2320 391 2679 453 ARCHIEP.

3494 391 3601 458 784

344 516 484 586 Quid
519 521 605 570 est
637 509 781 581 quod
825 507 982 574 dicit,
1029 503 1586 578 εὐθυδρομήσαντεςῖ
1632 503 1692 558 1d
1743 510 1924 568 sonat,

2030 503 2226 568 αὐτοὺς
2247 503 2435 558 λοιπὸν
2456 504 2694 576 ἐμϐῆναι
2726 504 2826 559 οὐκ
2847 504 2995 575 ἐνῆν.
3030 506 3096 561 Τί
3123 507 3293 575 ἐστιν,
3319 509 3603 579 εὐθυδρο-

342 607 482 665 Cum
545 610 696 660 recto
741 614 905 655 cursu
954 596 1461 654 contendissemus.
1519 593 1748 649 Ponitur
1802 607 1923 662 pro.

348 694 693 756 Praetervecti
724 706 936 757 sumus,
956 705 1067 746 non
1094 687 1412 745 commorati
1433 701 1643 751 sumus,
1678 682 1836 754 155
1864 698 1928 738 ac

346 802 564 860 tempus
592 785 846 842 trivimus
887 781 942 836 in
978 779 1102 836 aliis
1137 777 1291 833 locis.
1343 775 1412 830 Et
1453 774 1595 829 nacti
1660 772 1927 843 navigium

346 879 485 951 quod
505 875 775 946 trajiceret
800 874 857 927 in
876 870 1174 926 Phoenicen.
1200 866 1451 921 Forsitan
1479 864 1610 919 illud
1649 864 1927 934 navigium

347 970 425 1026 ibi
461 969 642 1024 stabat
663 966 718 1020 in
742 973 903 1036 portu
934 979 948 1016 :
977 968 1033 1015 et
1066 974 1175 1014 non
1216 957 1561 1013 invenientes
1590 972 1784 1011 navem
1807 970 1929 1025 quae

346 1061 648 1117 Caesaream
675 1062 904 1126 peteret,
933 1051 1026 1107 sed
1061 1051 1202 1105 hanc
1229 1064 1351 1119 quae
1381 1049 1438 1102 in
1468 1046 1762 1103 Phoenicen
1791 1062 1926 1101 con-

348 1148 628 1210 tenderet,
669 1142 893 1215 profecti
944 1148 1074 1196 sunt
1119 1147 1281 1209 atque
1334 1136 1570 1207 Cyprum
1616 1142 1674 1190 et
1717 1134 1926 1205 Syriam

359 1241 717 1310 reliquerunt.
758 1233 895 1289 Nam
950 1234 1093 1304 quod
1141 1230 1310 1297 dicit,
1352 1228 1485 1285 Cum
1541 1228 1928 1299 reliquissemus

346 1350 463 1388 eam
504 1330 574 1385 ad
602 1329 898 1391 sinistram,
944 1340 1053 1381 non
1089 1324 1290 1379 frustra
1340 1322 1614 1391 adjectum
1642 1330 1727 1375 est
1763 1339 1776 1374 :
1832 1320 1930 1373 sed

346 1427 469 1480 illos
494 1438 597 1479 nec
625 1435 794 1492 prope
825 1418 1043 1489 quidem
1070 1414 1282 1487 Syriam
1312 1405 1571 1467 accedere
1601 1410 1856 1465 voluisse.

420 1515 586 1570 Vens.
625 1512 678 1565 4.
711 1508 782 1564 Ac
812 1507 1031 1578 repertis
1060 1503 1354 1574 discipulis,
1388 1502 1460 1556 ibi
1496 1501 1787 1556 mansimus
1819 1500 1929 1553 dies

348 1617 565 1676 septem.
600 1606 770 1672 Atque
816 1599 896 1653 illi
933 1595 1175 1665 discipuli
1208 1593 1381 1648 Paulo
1419 1592 1667 1647 instinctu
1701 1589 1929 1661 Spiritus

349 1698 614 1761 dicebant,
644 1711 706 1749 ne
738 1691 1040 1747 ascenderet
1067 1689 1121 1741 in
1142 1685 1460 1743 Jerusalem.

422 1791 584 1848 Vens.
609 1788 659 1842 5.
686 1785 817 1840 Cum
847 1792 1022 1837 autem
1044 1781 1154 1834 dies
1180 1777 1704 1848 illusperegissemus,
1737 1774 1928 1847 egressi

2023 595 2333 665 μήσαντες
2358 613 2375 664 ;
2398 596 2522 651 ἀντὶ
2544 597 2660 663 τοῦ,
2698 598 3054 670 Παρήλθομεν
3073 616 3088 633 ·
3127 601 3228 655 οὐκ
3257 602 3603 674 ἐνδιατρίψα-

2031 704 2130 758 μεν
2161 689 2369 759 ἑτέροις
2391 689 2596 753 τόποις.
2623 690 2732 743 Kal
2752 691 3034 759 εὑρόντες
3048 692 3267 748 πλοῖον
3291 692 3591 762 διαπερῶν

2027 779 2116 843 εὶς
2139 779 2445 846 Φοινίκην.
2486 779 2644 842 Ἴσως
2675 780 2852 832 ἐκεῖνο
2881 778 3066 832 αὐτόθι
3088 780 3352 850 διέτριὸεο
3376 784 3470 834 καὶ
3502 784 3603 853 οὐχ

2029 867 2373 939 εὑρίσκοντες
2425 870 2507 931 εἰς
2559 870 2896 940 Καισάρειαν
2925 869 3323 941 ἀπερλόμενον,
3374 872 3488 925 ἀλλ’
3522 876 3603 937 εἰς

2027 960 2299 1030 Φοινίκην,
2345 959 2617 1030 ἀπῆλθον’
2666 960 2759 1013 καί
2814 959 3039 1031 Κύπρον
3066 960 3122 1014 δὲ
3158 962 3349 1015 εἴασαν
3383 965 3477 1017 καὶ
3503 965 3606 1016 Συ-

2030 1051 2174 1120 ρίαν.
2229 1049 2302 1103 Τὸ
2357 1050 2488 1120 γὰρ,
2525 1052 2966 1117 Καταλιπόντες
3009 1053 3205 1119 αὐτὴν
3252 1053 3602 1123 εὐώνυμον,

2028 1141 2126 1211 οὐχ
2160 1141 2346 1205 ἁπλῶς
2388 1145 2730 1214 πρόσκειται,
2782 1144 2896 1196 ἀλλ’
2949 1146 3033 1199 ὅτι
3078 1145 3201 1198 οὐδὲ
3249 1147 3417 1215 ἐγγὺς
3446 1147 3603 1215 γενέ-

2031 1238 2152 1293 σθαι
2180 1239 2276 1310 τῆς
2300 1238 2499 1310 Συρίας
2535 1239 2816 1306 ἔσπευδον.

2099 1501 2208 1558 Kal
2234 1503 2594 1571 ἀνευρόντες
2631 1505 2922 1575 μαθητὰς,
2987 1508 3385 1577 ἐπεμείναμεν
3415 1510 3605 1565 αὐτοῦ

2030 1596 2255 1666 ἡμέρας
2291 1597 2460 1652 ἑπτά.
2512 1599 2739 1665 Οϊτινες
2764 1598 2844 1664 τῷ
2870 1600 3086 1666 Παύλῳ
3140 1601 3356 1670 ἔλεγον
3377 1601 3475 1656 διὰ
3497 1603 3605 1658 τοῦ

2030 1688 2495 1758 Πνεύματος,μὴ
2535 1690 2882 1744 ἀναϐαίνειν
2926 1694 3014 1756 εις
3045 1692 3464 1763 Ἰερουσαλήμ.

2103 1780 2244 1834 "Ore
2265 1778 2334 1833 se
2362 1779 2598 1847 ἐγένετο
2615 1781 2773 1849 ἡμᾶς
2803 1782 3193 1851 ἐίξαρτῆσαιΝι
3217 1784 3326 1849 τὰς
3359 1785 3605 1855 ἡμέρας,

347 1885 424 1938 ire
447 1881 813 1951 pergebamus,
845 1871 1271 1945 prosequentibus
1300 1887 1391 1924 nos
1416 1870 1655 1923 erunibus
1677 1883 1779 1922 una
1810 1884 1927 1921 cum

2032 1842 2415 1936 ἐξελθόντες-
2448 1842 2874 1942 ἐπορεύόμεθα,
2907 1842 2926 1851 ⁷
2946 1842 3422 1945 προπεμπόντων

349 1973 599 2028 uxoribus
636 1980 683 2025 et
718 1970 915 2033 liberis,
946 1965 1122 2038 quoad
1160 1973 1312 2019 extra
1349 1962 1530 2017 urbem
1562 1961 1755 2032 egressi
1789 1977 1928 2016 esse-

349 2080 482 2117 mus.
520 2064 595 2116 Ac
619 2060 799 2130 positis
829 2057 1046 2129 genibus
1066 2055 1119 2108 in
1152 2052 1323 2107 littore
1352 2052 1554 2123 precati
1584 2057 1788 2107 sumus.

418 2244 583 2300 Vens.
619 2243 671 2297 6.
705 2241 771 2292 Et
802 2254 920 2292 cum
958 2251 1050 2290 nos
1076 2234 1293 2289 inuicem
1322 2232 1577 2303 complexi
1605 2245 1852 2296 essemus,
1879 2237 1929 2283 et

353 2336 450 2390 alii
474 2335 596 2389 aliis
622 2330 1072 2393 valedixissemus,
1093 2343 1184 2380 nos
1202 2341 1383 2379 navem
1412 2322 1820 2386 conscendimus,
1849 2320 1930 2375 illi

351 2442 474 2481 vero
498 2426 713 2478 domum
745 2422 814 2475 ad
840 2436 936 2473 sua
966 2420 1174 2488 negotia
1204 2414 1392 2468 reversi
1424 2421 1565 2467 sunt.

420 2514 583 2570 Vens.
613 2512 665 2566 7.
694 2510 799 2566 Sed
824 2525 915 2563 nos
941 2508 1171 2578 confecta
1201 2504 1532 2573 navigatione
1567 2518 1601 2555 a
1630 2500 1782 2570 Tyro,
1809 2514 1931 2567 per:

357 2607 591 2661 vertimus
634 2600 1035 2663 Ptolemaidem,
1062 2607 1134 2662 et,
1162 2596 1410 2666 salutatis
1437 2593 1711 2666 fratribus,
1730 2590 1929 2645 mansi-

355 2712 469 2753 mus
496 2695 638 2764 apud
667 2709 752 2748 eos
783 2693 921 2747 diem
947 2706 1132 2745 unum.

420 2877 592 2933 Paulo
620 2892 710 2947 per
736 2872 992 2945 Spiritum
1015 2870 1133 2927 sive
1158 2870 1407 2925 instinctu
1422 2866 1650 2936 Spiritus
1665 2863 1926 2928 dicebant,

349 2984 454 3027 etc.
485 2970 542 3024 Si
574 2971 738 3041 igitur
757 2961 1253 3037 Spiritusjubebat.
1278 2975 1379 3015 cur
1404 2955 1765 3013 contradixit?
1794 2953 1929 3027 [Sed

351 3078 449 3134 per
498 3061 782 3130 Spiritum,
833 3056 948 3112 sive
994 3052 1256 3108 instinctu
1297 3050 1531 3121 Spiritus
1579 3044 1779 3118 sancti]
1824 3045 1929 3100 hoc

2034 1962 2277 2017 πάντων
2309 1962 2431 2017 σὺν
2475 1962 2711 2035 γυναιξὶ
2760 1964 2860 2018 καὶ
2897 1966 3150 2032 τέκνοις,
3201 1966 3312 2033 ἕως
3339 1967 3457 2032 ἔξω
3495 1968 3609 2039 τῆς

2032 2056 2284 2121 πόλεως.
2312 2057 2420 2109 Kal
2466 2054 2670 2124 θέντες
2699 2057 2770 2112 τὰ
2794 2057 3012 2128 γόνατα
3041 2057 3141 2111 ἐπὶ
3178 2061 3283 2114 τὸν
3305 2062 3604 2131 αἰγιαλὸν,

2027 2146 2502 2217 προσηυξάμεθα
2516 2148 2581 2206 ¹⁸.
2614 2204 2623 2212 ,

2101 2240 2212 2294 Kal
2251 2239 2673 2309 ἀσπασάμενοι
2729 2241 3063 2310 ἀλλήλους,
3092 2243 3388 2315 ἐπέϐημεν
3417 2248 3505 2313 είς
3538 2246 3608 2301 τό

2032 2331 2282 2386 πλοῖον·
2321 2331 2542 2387 ἐκεῖνοι
2572 2332 2641 2386 δὲ
2665 2332 3059 2404 ὑπέστρεψαν
3100 2339 3187 2402 είς
3209 2338 3283 2391 τὰ
3309 2338 3452 2393 tam.

2121 2505 2317 2575 Ἡμεῖς
2336 2504 2404 2559 δὲ
2432 2506 2540 2561 τὸν
2570 2506 2772 2562 πλοῦν
2800 2508 3198 2577 διανύσαντες
3234 2510 3354 2567 ἀπὸ
3396 2513 3606 2581 Τύρου,

2036 2601 2503 2669 κατηντήσαμεν
2526 2603 2613 2668 εις
2641 2602 3035 2672 Πτολεμαΐδα,
3057 2604 3156 2658 καὶ
3181 2604 3607 2676 ἀσπασάμενοι

2034 2693 2174 2761 τοὺς
2196 2693 2520 2764 ἀδελφοὺς,
2550 2695 2949 2766 ἐπεμείναμεν
2981 2695 3211 2766 ἡμέραν
3255 2698 3406 2767 μίαν
3466 2699 3607 2769 παρ’

2033 2786 2260 2852 αὐτοῖς.

2111 2878 2197 2947 Τῷ
2224 2881 2444 2947 Παύλῳ
2479 2880 2696 2950 ἔλεγον
2722 2880 2822 2936 διὰ
2850 2882 2955 2937 τοῦ
2986 2882 3353 2952 Πνεύματος.
3390 2885 3453 2937 El
3494 2883 3607 2937 τοί-

2037 2987 2130 3024 νυν
2163 2971 2224 3024 τὺ
2276 2971 2502 3040 Πνεῦμα
2547 2971 2788 3039 ἐκέλευε,
2830 2973 2917 3027 διὰ
2942 2973 2995 3026 τί
3024 2974 3282 3042 ἀντεῖπε;
3321 2976 3602 3039 Τουτέστι,

2034 3063 2123 3116 διὰ
2149 3063 2243 3116 τοῦ
2270 3063 2587 3134 Πνεῦματος
2629 3064 2850 3129 εἰδότες.
2879 3066 2953 3120 Οὐ
2989 3066 3094 3138 γὰρ
3116 3067 3179 3138 δὴ
3202 3067 3301 3140 τὴν
3346 3069 3606 3139 παραινε-

350 3162 454 3219 est,
481 3167 580 3223 per
608 3149 870 3220 Spiritum
901 3146 1155 3201 scientes.
1185 3142 1304 3197 Non
1333 3142 1479 3196 enim
1514 3140 1701 3209 utique
1729 3137 1927 3193 instin-

2038 3170 2121 3206 σιν
2151 3153 2237 3208 διὰ
2281 3153 2374 3207 τοῦ
2432 3152 2748 3224 Πνεύματος
2794 3137 3089 3212 ἐποιοῦντο.
3164 3137 3392 3230 Οὑνγὰρ
3420 3137 3607 3222 ἅπλῶς

351 3253 444 3297 ctu
475 3242 712 3313 Spiritus
751 3239 925 3294 sancti
976 3251 1100 3290 eum
1133 3233 1450 3301 monebant,
1485 3248 1587 3285 nec
1615 3227 1927 3300 simpliciter

2033 3243 2181 3316 αὑτῷ
2204 3244 2272 3298 τὰ
2292 3244 2441 3299 δεινὰ
2471 3245 2792 3316 προῦλεγον,
2820 3249 2933 3301 ἀλλ’
2962 3250 3044 3302 ὅτι
3072 3250 3338 3320 ἀναϐῆναι
3362 3227 3435 3305 τοὺ
3475 3251 3605 3322 χρὴ,

353 3348 410 3390 et
442 3343 627 3406 aperte
665 3333 715 3388 ei
758 3330 998 3402 pericula
1046 3325 1415 3401 praedicebant
1447 3341 1463 3390 ;
1533 3324 1627 3378 sed
1668 3337 1780 3376 non
1813 3335 1927 3375 esse

2034 3335 2338 3405 φειδόμενοι
2361 3338 2547 3391 αὑτοῦ.
2570 3337 2642 3391 Τδ
2672 3338 2749 3405 δὲ,
2794 3338 3143 3409 ἐξαρτῆσαι,
3175 3342 3295 3394 ἀντὶ
3317 3341 3431 3406 τοῦ,
3465 3343 3606 3411 πλη-

349 3424 786 3488 ascendendum,
807 3421 932 3491 quia
958 3422 1255 3491 parcebant
1276 3417 1371 3473 illi.
1399 3416 1553 3482 Quod
1580 3423 1760 3469 autem
1780 3412 1927 3473 dicit1

2038 3423 2233 3495 ρῶσαιι
2261 3424 2434 3493 φησί·
2476 3425 2617 3494 μετά
2650 3424 2760 3497 γὰρ
2784 3426 2845 3480 τὸ
2876 3428 3160 3498 πληρῶσαι
3183 3429 3283 3492 τὰς
3333 3430 3607 3497 τεταγμέο

353 3515 668 3586 ὶξαρτῆσαι,
695 3514 748 3567 id
787 3519 965 3577 sonat,
984 3509 1333 3581 explicuisse,
1373 3507 1647 3578 peregisse
1674 3503 1927 3576 [positum

2036 3532 2134 3578 νας
2166 3514 2398 3585 ἡμέρας,
2433 3515 2700 3583 τουτέστι,
2736 3517 2804 3571 τὰ
2834 3518 3079 3589 ’Δζυμα,
3111 3520 3335 3591 ἐξῆλθον
3373 3520 3471 3589 τῆς
3502 3519 3543 3573 Τ
3551 3520 3609 3573 ύ-

350 3605 457 3678 est]
483 3621 602 3675 pro,
633 3604 955 3674 explevisse.
990 3602 1283 3671 Postquam
1316 3600 1459 3655 enim
1489 3598 1800 3668 expleverat
1828 3602 1927 3649 sta-

2039 3617 2156 3672 ρου,
2186 3601 2293 3654 Θέα
2330 3619 2420 3672 μοι
2444 3603 2623 3666 πάσας
2660 3604 2758 3667 τὰς
2789 3606 3000 3676 ἡμέρας
3021 3607 3064 3637 ¹⁶
3087 3608 3227 3676 μετὰ
3255 3608 3322 3660 τὰ
3364 3609 3603 3677 Ἀζυμα.

352 3706 500 3751 tutos
534 3696 672 3763 dies,
702 3695 806 3750 hoc
839 3703 942 3759 est,
976 3693 1094 3749 dies
1124 3692 1450 3764 Azymorum
1481 3731 1494 3756 ,
1544 3706 1572 3743 a
1620 3686 1762 3759 Tyro
1797 3701 1927 3757 pro-

2037 3693 2132 3757 Εἰς
2158 3694 2334 3766 Τύρον
2371 3690 2535 3768 ἦλθον
2564 3696 2632 3748 δι’
2655 3696 2878 3767 ἡμερῶν
2906 3698 3068 3750 πέντε
3090 3713 3102 3726 ·
3135 3694 3257 3753 εἶτα
3277 3700 3394 3752 ἐκεῖ
3422 3699 3608 3769 ἐποίη-

350 3789 476 3844 lecti
512 3796 660 3845 sunt.
708 3787 1007 3843 Considera
1061 3786 1194 3841 mihi
1233 3800 1426 3841 omnes
1485 3785 1602 3839 dies
1650 3789 1773 3854 post
1811 3781 1927 3836 dies

2039 3797 2138 3834 σαν
2167 3783 2382 3854 ἡμέρας
2403 3784 2565 3840 ἑπτά.
2596 3785 2708 3848 Τὰς
2728 3786 2909 3850 πάσας
2964 3787 3212 3845 δεκαδύο.

351 3889 694 3956 Azymorum.
748 3884 951 3955 Tyrum
980 3894 1252 3941 venerunt
1287 3882 1432 3937 intra
1472 3879 1590 3936 dies
1628 3878 1869 3950 quinque
1902 3892 1916 3931 :
1951 3874 2149 3932 deinde
2170 3877 2280 3935 illic
2309 3881 2629 3939 commorati
2659 3893 2789 3939 sunt
2822 3885 2938 3942 dies
2971 3894 3204 3955 septem.
3239 3883 3364 3940 Dies
3429 3882 3608 3940 omni-

346 3994 420 4034 no
447 3975 753 4034 duodecim.

417 4069 583 4125 Vens.
621 4067 674 4122 8.
707 4066 977 4123 Postridie
1006 4083 1124 4122 vero
1153 4065 1356 4120 Paulus
1387 4073 1504 4117 cum
1533 4061 1641 4116 suis
1664 4056 1927 4129 profectus

2102 4056 2187 4125 Τῇ
2215 4056 2285 4110 δὲ
2311 4057 2605 4126 ἐπαύριον
2652 4057 3009 4123 ἐξελθόντες
3035 4059 3091 4111 ol
3131 4056 3267 4125 περὶ
3298 4057 3408 4111 τὸν
3447 4056 3607 4111 Παῦ-

348 4159 488 4213 venit
526 4154 830 4212 Caesaream
851 4171 873 4214 :
905 4165 955 4210 et
986 4155 1206 4226 ingressi
1244 4154 1456 4206 domum
1488 4148 1724 4218 Philippi
1768 4161 1927 4200 evan-

2030 4150 2140 4202 λον
2177 4145 2369 4220 ἦλθον
2420 4154 2507 4217 είς
2530 4131 2940 4218 Καισάρειανλ
2996 4150 3096 4205 καὶ
3120 4150 3499 4215 εἰσελθόντες
3519 4151 3609 4214 εις

348 4248 566 4320 gelistae,
597 4246 819 4318 quierat
852 4247 912 4301 de
936 4245 1044 4300 illis
1069 4254 1263 4314 septem
1289 4244 1437 4308 viris,
1464 4240 1754 4294 mansimus
1787 4235 1927 4305 apud

2030 4240 2134 4292 τὸν
2159 4236 2329 4295 οἷκον
2375 4243 2678 4296 Φιλίππου
2708 4243 2815 4296 τοῦ
2839 4243 3295 4311 εὐαγγελιστοῦ,
3330 4242 3506 4307 ὄντος
3529 4242 3598 4294 ἐκ

349 4339 524 4393 illum.
2025 4329 2145 4385 τῶν
2169 4330 2339 4396 ἑπτὰ,
2364 4333 2678 4400 ἐμείναμεν
2702 4335 2841 4401 παρ’
2871 4332 3051 4399 αὐτῷ.

419 4430 580 4484 Vnus.
623 4428 676 4485 9.
712 4426 857 4483 Huic
881 4434 1059 4483 autem
1085 4432 1236 4481 erant
1271 4422 1397 4493 ﬁlia:
1424 4421 1647 4492 virgines
1678 4429 1925 4489 quatuor,

2112 4423 2303 4489 Τούτῳ
2328 4421 2396 4475 δὲ
2427 4419 2588 4494 ἦσαν
2619 4424 2937 4494 θυγατέρες
2966 4423 3251 4494 παρθένοι
3304 4424 3604 4494 τέσσαρες

348 4537 465 4592 qua
494 4520 879 4590 prophetabant
903 4528 953 4574 et
985 4516 1443 4573 vaticinabantur.

2034 4515 2544 4583 προφητεύουσαι.

418 4612 644 4669 Diaconi
669 4610 904 4684 Philippi
943 4610 1064 4666 ﬁlia:
1092 4617 1270 4665 erant.
1307 4606 1447 4662 Nota
1476 4612 1658 4659 autem
1687 4606 1927 4676 prOphe-

2101 4603 2207 4657 Τοῦ
2254 4602 2501 4658 διακόνου
2557 4602 2826 4658 Φιλίππου
2864 4599 3005 4676 ἦσαν
3031 4606 3089 4658 αἱ
3132 4604 3455 4678 θυγατέρες.
3490 4609 3598 4679 Ση-

349 4709 509 4762 tissas
537 4708 658 4762 illas
688 4706 826 4761 tilias
861 4706 982 4774 ejus
1022 4701 1262 4773 virgines
1304 4697 1497 4761 fuisse,
1541 4703 1597 4750 et
1635 4696 1689 4751 id
1722 4697 1926 4752 bonum

2035 4700 2347 4770 μείωσαιδὲ
2381 4700 2464 4754 ὅτι
2513 4700 2923 4769 αἱπροφήτιδες
2971 4703 3028 4755 αἱ
3083 4701 3385 4771 θυγατέρες
3432 4705 3597 4756 αὑτοῦ

349 4798 517 4868 magis
577 4795 908 4852 verecundia
964 4808 1029 4849 ac
1082 4788 1704 4863 religioneexcoluisse
1766 4797 1927 4858 atque

2032 4786 2294 4857 παρθένοι
2320 4782 2477 4856 ἦσαν,
2508 4785 2602 4840 καὶ
2630 4787 2713 4840 ὅτι
2745 4788 2950 4859 ἤσκουν
2984 4790 3188 4861 μᾶλλον
3210 4791 3279 4844 δι’
3312 4793 3522 4845 εὐλάϐε·
3541 4812 3602 4843 ειν

346 4902 674 4961 exornasse,
702 4886 842 4944 adeo
876 4894 935 4939 ut
960 4884 1122 4938 etiam
1146 4883 1350 4937 donum
1378 4878 1739 4951 prophetandi
1767 4887 1927 4948 atque

2031 4877 2188 4931 τοῦτο
2214 4894 2229 4907 ο
2258 4877 2512 4932 ὥστεκαὶ
2544 4880 2884 4951 προφητείας
2915 4882 3202 4951 ἠξιῶσθαι.
3243 4884 3305 4936 Et
3333 4884 3389 4936 δὲ
3432 4885 3506 4955 μὴ
3538 4884 3602 4953 ἦν

343 4978 676 5034 vaticinandi
700 4985 1010 5032 consecuta:
1036 4975 1165 5029 sint.
1187 4971 1344 5038 Quod
1370 4971 1415 5026 si
1444 4985 1556 5026 non
1586 4979 1733 5026 esset
1750 4986 1927 5042 operat

2033 4966 2523 5038 περισπούδαστον,
2580 4969 2681 5022 οὐκ
2710 4968 2778 5023 ἂν
2811 4970 3150 5042 προσέθηκεν
3181 4974 3209 5025 ὀ
3249 4977 3602 5045 συγγραφεὺς

347 5066 585 5137 pretium
615 5066 912 5131 hoc.scire,
933 5064 1167 5135 scriptor
1189 5076 1299 5116 non
1330 5060 1647 5127 addidisset,
1681 5060 1918 5134 virgines

2030 5064 2106 5115 ὅτι
2135 5060 2227 5112 καὶ
2263 5059 2522 5129 παρθένοι
2546 5055 2707 5131 ἦσαν.

347 5160 466 5213 illas
493 5160 682 5215 fuisse.

416 5252 579 5310 Vens.
641 5252 727 5308 10.
787 5248 1248 5306 Commorantibus
1304 5256 1484 5302 autem
1524 5247 1667 5300 nobis
1698 5244 1770 5299 ibi
1811 5245 1922 5300 dies

2104 5245 2537 5314 Ἐπιμενόντων
2562 5242 2632 5297 δὲ
2685 5242 2855 5311 ἡμῶν
2899 5243 3126 5314 ἡμέρας
3155 5244 3439 5312 πλείους,
3464 5263 3604 5300 κατ-

294 5365 300 5373 ·
344 5346 674 5415 complures,
729 5344 995 5401 descendit
1051 5342 1270 5414 quidam
1319 5356 1382 5394 ea:
1427 5337 1619 5394 Iudaea
1672 5339 1923 5408 praplteta

2030 5338 2175 5408 ἦλθέ
2226 5357 2318 5407 τις
2346 5340 2467 5395 ἀπὸ
2510 5337 2623 5409 τῆς
2659 5338 2952 5407 Ἰουδαίας
2992 5340 3329 5412 προφήτης,
3358 5342 3602 5413 ὀνόματι

350 5436 559 5489 nomine
591 5436 825 5506 Agabus.

2030 5436 2099 5488 Ἀ
2110 5434 2308 5504 γαθος.

1542 5588 1747 5651 Varias
1779 5587 2087 5652 lectiones
2130 5596 2191 5650 et
2234 5595 2427 5652 notae.

456 5732 594 5813 “__In
629 5739 1002 5813 .manuscripto
1051 5751 1149 5801 est,
1200 5738 1501 5813 ἐξαρτίσαι,
1564 5749 1615 5813 et
1674 5739 1878 5813 melius.

2032 5737 2097 5794 In
2158 5739 2393 5809 uulgato,
2444 5735 2879 5809 προσευξάμεθα.
2961 5737 3002 5769 ⁸⁸
3056 5733 3367 5791 Videturltie
3394 5732 3601 5804 aliquid

353 5803 524 5858 utendi
557 5803 767 5859 subesse
811 5808 866 5861 in
895 5803 1075 5865 Graeco
1106 5818 1198 5864 aut
1230 5803 1431 5880 aliquid
1462 5810 1775 5865 desiderari.
