4114 6450
474 398 583 462 Ἱ85

1149 402 1553 465 EXPOSITIO
1586 403 1668 464 ΚΝ
1697 403 1887 463 ACTA
1919 403 2497 468 APOSTOLOHUM.
2533 432 2600 441 --
2637 406 2795 469 CAP.
2835 401 3004 470 XXI.

3584 411 3693 475 786

538 511 647 567 Kal
705 511 901 568 ἐλθὼν
949 514 1098 585 πρὸς
1161 516 1338 585 ἡμᾶς,
1380 516 1478 572 καὶ
1516 516 1665 586 ἄρας
1710 517 1824 586 τὴν
1849 514 2031 583 ζώνην

2216 516 2378 589 156
2410 517 2572 574 Vens.
2609 520 2696 574 Η.
2732 521 2799 575 Et
2832 538 2951 575 cum
2970 521 3190 576 venisset
3220 520 3291 574 ad
3320 537 3432 588 nos,
3470 531 3517 577 et
3545 531 3724 576 sustu-

469 598 578 653 τοῦ
607 600 871 665 Παύλου,
895 600 1094 670 δήσας
1117 620 1179 657 τε
1198 603 1386 659 αὐτοῦ
1413 605 1557 672 τοὺς
1585 606 1776 671 πόδας
1808 604 1907 659 καὶ
1932 604 2041 671 τὰς

469 690 693 759 χεῷας,
747 688 912 748 εἷπε·
943 694 1093 749 Τάδε
1128 694 1291 765 λέγει
1331 698 1397 751 τὸ
1457 697 1701 768 Πνεῦμα
1729 697 1796 752 τὸ
1828 698 2037 767 ἄτιονο

476 780 586 835 Τὸν
627 781 838 852 ἄνδρα,
864 779 938 841 οὗ
967 785 1141 841 ἐστιν
1161 787 1201 855 ἡ
1226 786 1373 855 ζώνη
1422 787 1598 858 αὕτη,
1629 788 1785 843 οὕτω
1813 789 2041 858 δήσου-

469 888 576 927 σιν
604 873 674 926 ἐν
689 873 1089 948 Ἰερουσαλὴμ
1135 878 1418 935 Ἰουδαῖοι
1439 880 1538 935 καὶ
1566 880 2040 951 παραδώσουσιν

466 964 555 1026 εις
591 962 793 1032 χεῖρας
806 964 1020 1022 ἐθνῶν.

537 1048 708 1118 Οὗτος
736 1053 804 1127 ἦν
840 1058 1150 1127 Ἀγαόος,δ
1207 1062 1376 1119 πάλαι
1417 1063 1510 1119 τὸν
1554 1064 1714 1134 λιμὸν
1762 1065 2034 1138 μηνύσας.

468 1141 542 1194 Τὸ
571 1142 806 1214 χαλεπὸν
830 1146 906 1210 δὲ,
934 1149 1015 1202 ὅτι
1044 1151 1126 1214 είς
1176 1155 1375 1223 χεῖρας.
1399 1153 1570 1209 ἐθνῶν
1598 1156 2034 1225 παραδώσουσιν.

469 1232 614 1303 Ὅρα
642 1234 719 1302 δὲ,
755 1238 835 1292 ὄτι
889 1240 978 1293 ὅτε
1008 1241 1243 1313 ἤκουσεν
1288 1246 1370 1299 ὅτι
1404 1246 1572 1318 μυρία
1602 1248 1749 1303 δεινὰ
1771 1248 1882 1321 ἔχει
1924 1267 2035 1305 πει-

470 1321 606 1387 θεϊν,
631 1324 755 1378 τότε
791 1327 1093 1396 ἐπείγεται.
1129 1333 1244 1387 Οὐκ
1282 1331 1402 1389 εἷπε
1432 1335 1488 1390 δὲ
1513 1338 1753 1407 Ἀγασος
1775 1341 1856 1395 ὅτι
1891 1326 2039 1396 Παῦ-

464 1410 556 1464 λον
583 1414 856 1485 δήσουσιν,
884 1419 970 1472 ῐνα
1002 1423 1077 1493 μὴ
1098 1422 1225 1496 δόξῃ
1248 1428 1312 1479 ὲκ
1342 1427 1618 1501 συνθήκης
1645 1430 1845 1501 λέγειν,
1876 1434 2037 1502 ἀλλὰ,

464 1505 574 1559 τὸν
603 1505 813 1577 ἄνδρα,
837 1506 910 1567 οὗ
947 1511 1121 1568 ἐστιν
1142 1515 1179 1584 η
1208 1515 1357 1587 ζώνη
1380 1517 1556 1589 αὕτη.
1756 1510 1761 1517 ’

544 1772 643 1841 Ὠς
667 1774 734 1831 δὲ
755 1777 1108 1850 ἠκούσαμεν
1148 1785 1354 1849 ταῦτα,
1386 1789 1843 1860 παρεκαλοῦμεν
1863 1791 2036 1862 ἡμεῖς

2141 610 2283 665 lisset
2312 611 2578 682 cingulum
2606 611 2790 679 Pauli,
2812 622 2965 683 atque
2996 615 3385 670 constrinxisset
3409 631 3531 670 suos
3572 616 3723 680 pedes

2139 719 2204 757 ac
2228 718 2435 769 manus,
2460 704 2594 758 dixit
2622 721 2641 758 :
2663 702 2788 758 Haec
2814 704 2939 759 dicit
2967 704 3200 774 Spiritus
3216 716 3428 759 sanctus
3462 721 3481 760 :
3514 703 3723 771 Virum,

2139 792 2293 863 cujus
2319 801 2395 847 est
2424 793 2520 848 hoc
2537 794 2828 865 cingulum,
2854 796 2931 850 sic
2952 796 3178 851 vincient
3205 796 3380 851 Judaei
3416 798 3471 851 in
3502 796 3725 853 Jerusa-

2141 884 2262 951 lem,
2286 893 2334 939 et
2361 887 2569 941 tradent
2595 887 2651 940 in
2686 903 2876 942 manus
2912 897 3213 943 exterarum
3244 890 3501 960 gentium.

2211 1059 2307 1116 Hic
2334 1070 2453 1117 erat
2476 1061 2812 1134 illeAgabus,
2834 1065 2924 1134 qui
2942 1064 3070 1119 olim
3089 1065 3285 1121 famem
3312 1065 3548 1121 futuram
3586 1083 3724 1136 pra:-

2139 1151 2552 1223 signiiicavcrat.
2610 1153 2805 1209 Gravis
2862 1165 3043 1209 autem
3094 1170 3185 1211 res
3236 1165 3355 1211 erat
3397 1164 3454 1211 et
3502 1158 3721 1220 acerba,

2139 1244 2283 1314 quod
2321 1244 2375 1298 in
2427 1260 2623 1299 manus
2657 1255 2962 1301 exterarum
2992 1248 3234 1318 gentium
3283 1247 3439 1302 illum
3468 1248 3721 1304 tradituri

2140 1343 2316 1389 erant.
2363 1335 2471 1391 Sed
2524 1336 2896 1394 animadverte
2931 1339 3102 1405 illum,
3150 1355 3273 1396 cum
3301 1340 3599 1395 audivisset
3637 1339 3722 1393 in-

2137 1426 2497 1480 numerabilia
2533 1426 2632 1482 sibi
2659 1428 2908 1484 adeunda
2957 1445 3080 1502 esse
3136 1430 3400 1501 pericula,
3448 1439 3579 1485 tunc
3623 1430 3722 1486 de-

2139 1528 2287 1568 mum
2314 1513 2624 1570 festinasse.
2658 1516 2777 1572 Non
2834 1519 2971 1574 dixit
2999 1530 3179 1574 autem
3213 1520 3449 1592 Agabus,
3494 1519 3719 1575 Paulum

2137 1603 2398 1667 vincient,
2419 1620 2490 1661 ne
2519 1606 2796 1662 videretur
2824 1624 2885 1663 ea
2914 1610 3098 1664 dicere
3124 1626 3188 1665 ex
3230 1612 3567 1682 composito;
3599 1625 3660 1665 se
3679 1612 3747 1677 ⁸,.

2150 1693 2333 1749 Virum
2363 1697 2516 1767 cujus
2546 1707 2624 1752 est
2657 1699 2924 1767 cingulum
2946 1701 3067 1753 hoc.

2210 1785 2369 1843 Vens.
2418 1787 2506 1842 12.
2554 1789 2618 1845 Ut
2663 1799 2841 1844 autem
2886 1790 3182 1843 audivimus
3229 1792 3360 1857 haec,
3405 1790 3719 1862 rogabamus

462 1865 566 1918 καὶ
593 1869 650 1920 οι
669 1867 933 1926 ἐντόπιοι
977 1874 1082 1930 τοῦ
1105 1876 1192 1945 μὴ
1215 1878 1567 1937 ,ἀναϐαίνειν
1592 1882 1781 1938 αὐτὸν
1808 1885 1896 1951 είς
1927 1884 2027 1941 ἰε-

2132 1895 2250 1934 eum
2279 1889 2329 1933 et
2355 1880 2699 1934 hortabamur
2725 1890 2878 1935 noset
2894 1882 3080 1936 incola:
3107 1882 3211 1936 loci
3237 1883 3383 1938 illius
3399 1922 3416 1949 ,
3440 1899 3505 1939 ne
3528 1899 3720 1938 ascen-

450 1960 801 2030 ρουσαλήμ.

544 2049 850 2123 Ἀπεκρίθη
883 2073 948 2111 τε
975 2060 1008 2111 ό
1036 2059 1295 2129 Παῦλος·
1344 2065 1405 2119 Τί
1435 2065 1655 2121 ποιεῖτε
1685 2067 2024 2137 κλαίοντες,

457 2139 1063 2217 καὶσυνθρύπτοντές
1105 2171 1225 2222 μου
1272 2155 1389 2225 τὴν
1418 2158 1702 2227 καρδίαν;
1729 2160 1879 2231 Ἐγὼ
1918 2164 2026 2232 γὰρ

456 2232 531 2285 οὐ
546 2232 739 2300 μόνον
765 2235 1029 2306 δεθῆναι.
1083 2243 1244 2299 ἀλλὰ
1300 2246 1397 2301 καὶ
1437 2248 1764 2305 ἀποθανεῖν
1789 2255 1876 2320 είς
1917 2252 2026 2309 Ἰε-

446 2324 777 2397 ρουσαλὴμ
814 2328 1062 2400 ἑτοίμως
1104 2335 1223 2404 ἔχω
1276 2337 1431 2406 ὑπὲρ
1460 2338 1567 2394 τοῦ
1594 2342 1886 2413 ὀνόματος
1919 2345 2028 2400 τοῦ

451 2414 677 2481 Κυρίου
717 2419 942 2487 Ἰησοῦ.

524 2503 623 2571 Μὴ
662 2509 1016 2576 πειθομένου
1046 2510 1114 2565 δὲ
1140 2514 1347 2580 αὐτοῦ,
1369 2516 1796 2591 ἡσυχάσαμεν,
1824 2524 2028 2581 εἰπόν-

450 2609 554 2661 τες
572 2610 587 2625 ο
629 2596 698 2649 Τὸ
717 2596 947 2669 θέλημα
977 2602 1084 2656 τοῦ
1109 2606 1332 2674 Κυρίου
1368 2608 1651 2678 γενέσθω.

527 2770 593 2824 Τί
614 2773 834 2830 ποιεῖτε
866 2780 1182 2850 κλαίοντες
1199 2800 1220 2850 ;
1273 2785 1455 2843 Ἀλλοι
1497 2789 1715 2845 ἔκλαιον
1735 2809 1748 2825 ·
1781 2795 1943 2860 αὐτὸ,
1973 2799 2030 2852 δὲ

452 2866 780 2934 παρεκάλει,
814 2871 998 2940 ἀλγῶν
1045 2875 1136 2927 ἐπὶ
1171 2879 1282 2942 τοῖς
1311 2879 1541 2950 δάκρυσι
1582 2885 1696 2948 τοῖς
1722 2886 1966 2952 ἐκείνων,
2000 2892 2029 2942 ὁ

455 2955 534 3048 μὴ
567 2955 789 3048 πάσχων
821 2963 911 3014 ἐπὶ
934 2967 1047 3026 τοῖς
1069 2968 1292 3032 οἰκείοις
1325 2975 1676 3043 πειρασμοῖς.
1702 2977 1815 3046 Ἐφ’
1838 2979 1967 3048 ὑμῖν
1986 2981 2027 3012 ¹⁷

450 3045 647 3143 scita-iw,
702 3053 861 3123 φησὶ,
888 3055 988 3109 οὐκ
1019 3058 1112 3111 ἐπὶ
1157 3063 1270 3125 τοῖς
1322 3064 1644 3135 παθήμασιν
1668 3084 1683 3100 ο
1744 3045 1888 3140 ὑπὲρ
1920 3073 2030 3143 γὰρ

450 3137 675 3235 εκείνων
701 3143 745 3176 ¹³
804 3147 896 3200 καὶ
948 3149 1239 3206 ἀποθανεῖν
1290 3154 1572 3226 βούλομαι.
1641 3158 1794 3214 Ἐπεὶ
1852 3137 2030 3235 ibe—pi]

454 3227 912 3325 Ξσχνσαν-πεῖσαι,
950 3239 1230 3312 ἡσύχασαν
1251 3261 1264 3274 ·
1299 3248 1538 3301 συνεῖδον
1566 3253 1674 3321 γὰρ
1698 3253 1778 3306 ὅτι
1811 3227 2027 3325 θέλημα

446 3313 521 3389 ἦν
574 3321 730 3378 Θεοῦ.
797 3327 1137 3396 Σημειωτέον
1194 3333 1290 3387 οὖν
1334 3336 1417 3389 ὅτι
1478 3313 1589 3391 δεῖ-
1621 3313 2025 3410 ἀποτρέπεσθαι

449 3414 584 3475 τοὺς
616 3416 925 3484 κωλύοντάς
979 3440 1100 3478 τινα
1149 3429 1322 3480 ποιεῖν
1364 3445 1417 3482 τι
1473 3435 1738 3500 γενναῖον,
1791 3433 1892 3488 κᾶν
1933 3439 2028 3492 δα-

446 3507 678 3575 κρύωσι.
714 3512 823 3566 Καὶ
845 3513 955 3585 γὰρ
986 3515 1047 3569 τὸ
1076 3516 1315 3571 τοιοῦτον
1346 3519 1581 3591 δάκρυον
1625 3524 1719 3576 καὶ
1745 3525 1907 3579 αὑτὸν
1935 3527 2029 3582 τὸν

449 3597 664 3654 Παῦλον
711 3604 967 3670 συνέκλα.
1022 3610 1117 3663 καὶ
1144 3610 1206 3664 τὸ
1233 3612 1548 3685 ἐρρωμένον
1596 3616 1765 3671 αὐτοῦ
1822 3617 2023 3676 διέλυε.

446 3691 541 3744 Διὸ
563 3692 875 3750 ἀποσείεται
901 3698 1120 3767 αὐτούς.

523 3964 682 4019 Μετὰ
702 3964 772 4018 δὲ
834 3965 943 4034 τὰς
987 3968 1212 4039 ἡμέρας
1269 3972 1490 4040 ταύτας
1534 3974 2024 4048 ἐπισκευασάμε-

444 4054 623 4118 νοι¹⁹,
666 4055 1068 4126 ἀναϐαίνομεν
1083 4060 1128 4091 ’θ
1152 4062 1241 4125 εὶς
1281 4060 1701 4134 Ἰερουσαλήμ.

523 4144 844 4212 Συνῆλθον
857 4147 928 4200 δὲ
951 4148 1051 4202 καὶ
1077 4147 1196 4202 τῶν
1210 4152 1494 4219 μαθητῶν
1518 4154 1640 4210 άπὸ
1662 4158 2024 4226 Καισαρείας

445 4233 571 4288 σὺν
612 4237 777 4306 ἡμῖν,
833 4238 1106 4308 ἄγοντες,
1141 4243 1279 4311 παρ’
1315 4237 1364 4311 ᾧ
1391 4244 1786 4315 ξενισθῶμεν,
1822 4249 2022 4305 Μανά-

446 4331 602 4384 σωνί
628 4349 746 4388 τινι
762 4333 807 4365 ’⁸
845 4336 1106 4403 Κυπρίῳ,
1128 4337 1354 4407 ἀρχαίῳ
1378 4338 1635 4410 μαθητῇ.

2128 1969 2277 2024 deret
2303 1970 2359 2024 in
2386 1969 2705 2037 Jerusalem,

2198 2059 2365 2116 Vens.
2407 2061 2489 2115 l3.
2535 2059 2638 2116 Sed
2682 2060 2885 2118 Paulus
2934 2064 3262 2131 respondit:
3301 2063 3414 2120 Cur
3443 2066 3623 2135 facitis
3664 2074 3723 2119 ut

2127 2152 2345 2221 ploretis
2377 2163 2429 2208 et
2458 2154 2701 2208 animum
2731 2170 2905 2208 meum
2934 2155 3190 2210 molliatis
3217 2169 3378 2225 atque
3406 2157 3670 2228 frangatis
3694 2159 3720 2212 Ρ

2130 2241 2273 2296 Nam
2289 2259 2382 2315 ego
2408 2258 2511 2298 non
2538 2245 2688 2299 modo
2712 2245 3108 2311 uinciri,uerum
3133 2246 3294 2301 etiam
3324 2249 3461 2302 mori
3478 2250 3533 2300 in
3561 2246 3718 2301 Jeru-

2127 2332 2292 2387 salem
2307 2342 2529 2402 paratus
2543 2349 2660 2389 sum
2693 2350 2788 2405 pro
2817 2334 3024 2390 nomine
3052 2334 3260 2390 Domini
3286 2335 3431 2393 Iesu.

2203 2510 2373 2569 Vens.
2408 2513 2495 2569 ﬂ.
2523 2512 2628 2570 Sed
2657 2531 2775 2569 cum
2799 2514 2880 2569 illi
2917 2516 3227 2599 persuaderi
3258 2532 3364 2571 non
3398 2525 3720 2586 possct,.ac~-

2129 2608 2421 2679 quievimus
2477 2623 2542 2662 ac
2587 2608 2905 2673 destilimus,
2959 2608 3189 2664 dicentes
3242 2624 3263 2664 :
3321 2607 3451 2663 Fiat
3510 2608 3720 2665 Domini

2128 2697 2390 2753 uoluntas.

2199 2786 2339 2852 Quid
2366 2788 2545 2858 facitis
2580 2797 2639 2858 ut
2676 2788 2909 2858 ploretis,
2935 2797 3042 2845 etc.
3070 2788 3177 2844 Alii
3207 2787 3431 2853 ﬂebant,
3460 2788 3553 2844 ille
3581 2802 3715 2843 vero
3791 2797 3802 2807 '

2130 2878 2510 2934 consolabatur
2570 2888 2626 2936 et
2666 2880 2992 2935 hortabatur
3033 2879 3226 2936 dolens
3270 2888 3496 2951 propter
3539 2879 3691 2950 lacry

2131 2984 2248 3024 mas
2297 2969 2538 3039 illorum,
2585 2971 2681 3041 qui
2721 2986 2831 3025 non
2863 2970 3199 3027 afficiebatur
3230 2985 3409 3041 neque
3450 2971 3717 3027 sollicitus

2131 3067 2248 3113 erat
2270 3059 2338 3115 de
2369 3060 2605 3130 propriis
2638 3060 2912 3130 periculis.
2946 3062 3174 3131 Propter
3196 3077 3315 3128 vos,
3351 3061 3547 3132 inquit,
3580 3060 3706 3128 fleo,

2135 3164 2243 3204 non
2272 3159 2497 3221 propter
2522 3165 2673 3206 meas
2714 3151 2989 3207 molestias
3017 3160 3073 3208 et
3113 3151 3453 3207 afﬂictiones.
3487 3149 3592 3206 Pro
3624 3151 3718 3206 illo

2136 3256 2373 3312 namque
2400 3242 2561 3297 etiam
2587 3243 2724 3298 mori
2752 3244 2901 3299 volo.
2944 3241 3051 3299 Sed
3090 3252 3379 3315 postquam
3411 3259 3521 3299 non
3555 3250 3715 3313 potu-

2129 3344 2295 3389 erunt
2319 3334 2368 3388 ei
2401 3336 2753 3404 persuadere,
2789 3336 3180 3406 acquieverunt
3227 3351 3243 3390 :
3280 3335 3539 3391 videbant
3565 3334 3710 3390 enim

2130 3422 2299 3477 Deum
2333 3423 2386 3479 id
2420 3424 2578 3480 velle.
2608 3424 2914 3480 Notandum
2938 3436 3021 3480 est
3048 3424 3213 3495 igitur
3238 3425 3568 3480 aversandos
3592 3439 3714 3479 esse

2130 3526 2246 3580 eos,
2279 3512 2373 3583 qui
2424 3514 2717 3585 prohibent
2761 3515 2994 3585 aliquem
3035 3515 3215 3572 facere
3251 3516 3456 3584 aliquid
3493 3524 3718 3571 strenuo

2127 3611 2289 3672 atque
2322 3603 2602 3673 praeclare,
2641 3605 2857 3660 etiamsi
2902 3604 3288 3676 lacrymentur.
3323 3605 3531 3661 Etenim
3561 3605 3714 3675 ejus-

2127 3693 2274 3748 modi
2302 3694 2549 3765 lacrymre
2588 3695 2752 3750 etiam
2809 3695 2983 3765 ipsum
3016 3694 3243 3750 Paulum
3280 3695 3620 3766 frangebant,
3655 3705 3711 3750 et

2129 3784 2299 3838 robur
2330 3785 2500 3839 animi
2528 3785 2672 3839 illius
2691 3785 3026 3841 molliebant.
3064 3785 3430 3852 Quamobrem
3471 3801 3710 3843 summo—

2126 3884 2219 3929 vet
2250 3890 2345 3930 eos
2380 3885 2541 3944 atque
2574 3874 2806 3945 repellit.

2198 3967 2359 4023 Vens.
2402 3968 2482 4021 15.
2512 3964 2635 4021 Post
2659 3967 2750 4021 Icos
2789 3973 2965 4020 autem
3002 3966 3114 4020 dies
3153 3966 3392 4021 instructi
3418 3974 3576 4035 atque
3603 3980 3705 4034 pa-

2128 4059 2233 4112 rati
2256 4062 2324 4112 ad
2350 4059 2450 4113 iter
2476 4058 2882 4113 escendebamus
2902 4058 2957 4111 in
2984 4057 3296 4121 Jerusalem,

2198 4151 2360 4207 Vens.
2403 4149 2492 4204 16.
2519 4149 2687 4219 Atque
2713 4148 2981 4217 nobiscum
3004 4165 3110 4203 una
3140 4146 3388 4217 discipuli
3426 4147 3639 4219 quidam
3672 4164 3704 4201 a

2125 4243 2373 4301 Cwsarea
2411 4242 2630 4313 profecti
2665 4252 2809 4303 sunt.
2870 4242 2963 4312 qui
2995 4239 3323 4294 adducebant
3377 4238 3517 4307 apud
3549 4254 3705 4307 quem

2124 4334 2532 4402 hospitaremur,
2556 4347 2740 4401 nempe
2781 4329 3092 4386 Mnasonem
3130 4329 3407 4402 quemdam
3449 4328 3705 4400 Cyprium

2124 4427 2404 4497 antiquum
2433 4424 2773 4493 discipulum.

512 4512 869 4580 Γενομένων
892 4514 961 4566 δὲ
988 4515 1154 4582 ἡμῶν
1182 4532 1269 4581 εις
1317 4519 1714 4588 Ιεροσολυμα,
1739 4518 2018 4590 ἀσμένως

2199 4516 2361 4572 Vens.
2398 4517 2482 4570 l7.
2522 4516 2590 4570 Et
2629 4532 2747 4569 cum
2776 4516 3093 4569 uenissemus
3125 4513 3548 4585 Hierosolymam
3571 4551 3587 4577 ,
3636 4513 3702 4567 li-

440 4600 728 4666 ἐδέξαντο
760 4601 920 4672 ἡμᾶς
957 4608 1011 4658 oi
1038 4605 1311 4676 ἀδελφοί.

518 4693 597 4762 Τῇ
616 4693 685 4748 δὲ
712 4695 969 4766 ἐπιούσῃ
987 4699 1180 4766 εἰσῄει
1201 4702 1235 4754 ὁ
1259 4699 1499 4765 Παῦλος
1538 4700 1690 4768 πρὸς
1740 4700 2022 4757 Ἰάκωϐον

438 4786 564 4841 σὺν
589 4786 764 4857 ἡμῖν’
794 4790 1019 4856 πάντες
1044 4789 1114 4844 δὲ
1128 4793 1175 4823 ²²
1230 4791 1632 4862 παρεγένοντο
1668 4795 1724 4848 οί
1756 4796 2019 4863 πρεσϐύ-

437 4893 595 4945 τεροι
618 4896 632 4910 ·
735 4901 748 4911 ·

513 4973 621 5025 Καὶ
671 4972 1110 5042 ἀσπασάμενος
1147 4974 1391 5042 αὐτοὺς,
1442 4975 1743 5046 ἐξηγεῖται
1785 4977 1916 5032 aia0‘
1944 4975 2018 5032 ἓν

436 5053 720 5127 ἕκαστον,
759 5058 849 5119 ὧν
877 5067 1218 5135 ἐποίησενό
1248 5069 1394 5136 Θεὸς
1417 5069 1488 5123 ἐν
1514 5069 1639 5136 τοῖς
1684 5068 1890 5126 ἔθνεσι
1917 5069 2014 5125 διὰ

435 5153 549 5222 τῆς
577 5157 891 5224 διακονίας
909 5159 1119 5215 αὐτοῦ.

506 5246 599 5310 Τὸ,
624 5247 1199 5319 ἐπισκευασάμενοι,
1235 5251 1396 5306 τοῦτο
1431 5251 1605 5323 δηλοῖ,
1643 5254 1714 5308 τὰ
1745 5253 1886 5325 προς
1910 5254 2010 5325 τὴν

434 5333 743 5406 ὁδοιπορίαν
795 5335 1071 5403 λαϐόντες.
1142 5341 1219 5410 Τῇ
1246 5341 1314 5395 δὲ
1339 5343 1598 5413 ἐπιούσῃ
1659 5345 1854 5414 εἰσῄει
1887 5345 2010 5399 σὺν

438 5422 584 5489 ἡμῖν
604 5426 639 5479 ὁ
670 5425 918 5493 Παῦλος
944 5429 1096 5498 πρὸς
1131 5431 1431 5487 Ἰάκωϐον.
1493 5430 1666 5499 Οὗτος
1706 5436 2010 5501 ἐπίσκοπος

434 5506 502 5583 ἦν
533 5514 643 5570 τῶν
675 5514 1101 5591 Ἰεροσολύμων
1158 5514 1314 5587 οὗτος
1338 5520 1408 5597 ἦν
1436 5526 1466 5580 ὁ
1501 5525 1730 5595 ἁδελφὸς
1759 5526 1855 5580 τοῦ
1886 5529 2003 5580 Κυ-

2121 4607 2301 4661 beuter
2342 4613 2651 4676 exceperunt
2681 4620 2772 4658 nos
2796 4605 3009 4675 fratres.

2190 4698 2358 4755 Vens.
2413 4697 2501 4752 l8.
2537 4696 2611 4751 Ac
2646 4697 2896 4767 postridie
2919 4695 3121 4750 Paulus
3156 4710 3265 4750 una
3304 4692 3571 4748 nobiscum
3611 4695 3697 4749 in-

2118 4790 2453 4861 grcdiebatur
2495 4789 2567 4842 ad
2592 4788 2869 4855 Iacobum,
2911 4803 3013 4859 quo
3047 4802 3224 4842 omnes
3254 4786 3483 4842 seniores
3512 4802 3699 4841 conce-

2117 4892 2309 4936 nerunt
2331 4897 2352 4936 .'

2189 4971 2352 5027 Vens.
2387 4972 2471 5028 19.
2507 4971 2575 5026 Et
2596 4971 2846 5026 salutatis
2881 4971 3007 5036 illis,
3039 4976 3326 5027 enarrabat
3362 4971 3539 5026 omnia
3579 4971 3693 5022 sin-

2118 5063 2367 5134 gulatim,
2392 5080 2508 5135 qua:
2532 5065 2727 5135 fecerat
2751 5063 2887 5118 Deus
2905 5064 3192 5118 ministerio
3218 5080 3312 5119 suo
3328 5066 3471 5135 apud
3489 5072 3692 5116 exteras

2119 5154 2377 5211 nationes.

2190 5244 2351 5312 Quod
2381 5245 2512 5302 dicit
2554 5243 3074 5314 ἐπισκευασάμενοι,
3102 5244 3154 5300 id
3185 5253 3288 5311 est,
3321 5241 3572 5297 instructi
3605 5248 3683 5294 at.

2119 5355 2227 5411 que
2260 5339 2435 5410 parati
2479 5339 2583 5394 hoc
2613 5336 2867 5393 videlicet
2899 5336 3170 5408 signiﬁcat
3199 5355 3212 5392 :
3251 5338 3386 5391 Cum
3418 5333 3689 5405 sumpsis-

2116 5440 2241 5487 sent
2258 5446 2322 5487 ea
2353 5431 2555 5500 quibus
2574 5444 2714 5500 opus
2738 5428 3011 5485 habebant
3033 5428 3099 5483 ad
3133 5428 3237 5483 iter
3262 5426 3587 5483 faciendum.
3613 5427 3689 5479 Ac

2112 5524 2363 5597 postridie
2389 5522 2546 5594 157
2569 5522 2771 5578 Paulus
2788 5539 2894 5577 una
2921 5521 3011 5576 nol
3022 5522 3185 5579 iscum
3202 5521 3592 5592 ingrediebatur
3618 5520 3686 5573 ad

1552 5642 1752 5705 Varia;
1787 5643 2097 5707 lectiones
2140 5648 2202 5705 et
2246 5646 2432 5706 notua.

510 5732 687 5807 11‘st
750 5736 903 5807 ἡμῖν,
969 5749 1104 5797 ενα,
1212 5742 1253 5774 ⁸⁸
1299 5744 1418 5798 Ἰσ.
1477 5744 1710 5800 ἐκείνου.

1841 5748 1883 5779 ¹⁹
1944 5745 2010 5805 1η
2089 5744 2327 5817 uulgato,
2389 5745 2921 5817 ἀποσκευασάμενοι.

3053 5741 3100 5775 ⁸⁸
3167 5738 3233 5795 In
3288 5736 3516 5808 vulgatis
3574 5749 3672 5804 est.

440 5801 820 5877 ἀνεϐαίνομεν.
842 5801 978 5873 “In
1016 5811 1227 5883 uulgato
1256 5813 1513 5868 Μνάσωνί
1542 5832 1668 5869 τινι.
1747 5817 1792 5849 υ
1821 5801 2017 5879 πάντες
2049 5833 2127 5869 τε.
