4114 6438
442 441 549 506 793

1326 431 1910 497 THEOPHYL.\CTI
1955 428 2051 490 BU
2064 427 2366 488 LGARUE
2405 428 2766 489 ARCHIEP.

3583 415 3695 479 800

444 562 709 608 atrocem.
740 548 1008 616 Quoniam
1052 546 1143 603 ille
1169 559 1265 603 eos
1310 546 1429 617 ejus
1465 545 1543 600 rei
1573 554 1706 600 tunc
1735 543 2018 614 arguebat,

2150 538 2440 606 ιιαιφονίας
2467 536 2734 607 χαλεπῆς.
2778 531 2996 604 Ἐπειδὴ
3039 529 3198 584 τοῦτο
3245 528 3473 601 ἤλεγχεν
3517 527 3714 584 αὐτοὺς

445 658 554 697 non
592 642 859 697 tulerunt.

514 734 677 789 Vsus.
705 732 798 788 25.
843 728 1259 799 Vociferantibus
1278 736 1454 781 autem
1478 726 1608 793 illis,
1629 743 1693 781 ac
1720 726 2028 781 vestimenta

442 824 882 894 projicientibus,
938 830 987 876 et
1054 820 1318 891 puluerem
1388 820 1442 873 in
1500 835 1678 873 aerem
1739 818 2030 897 projicieu-

448 914 605 975 tibus,

518 1002 683 1058 Vsus.
738 1003 827 1058 24.
861 1002 1119 1056 Tribunus
1155 1018 1274 1055 eum
1306 1002 1361 1054 in
1394 1013 1570 1063 castra
1617 1002 1739 1056 duci
1764 999 1948 1070 jussit.
1982 1005 2031 1052 et

448 1087 803 1153 imperauit,“
855 1086 1038 1155 flagris
1081 1085 1145 1139 de
1177 1101 1236 1137 eo
1299 1086 1521 1155 qutestio
1543 1085 1824 1139 haberetur
1864 1094 1917 1136 ut
1944 1098 2032 1135 co-

445 1186 712 1248 gnosceret
746 1194 988 1243 causam,
1025 1193 1120 1231 cur
1160 1179 1236 1230 ita
1272 1177 1629 1231 acclamarent
1654 1177 1758 1231 illi.

516 1348 680 1402 Vsus.
715 1349 807 1402 ‘25.
847 1350 908 1406 Ut
944 1359 1120 1403 autem
1164 1351 1290 1404 loris
1320 1368 1436 1404 eum
1470 1352 1747 1414 astrinxit,
1800 1351 1871 1404 ad
1913 1366 2031 1403 eum

447 1442 538 1510 qui
569 1441 779 1494 astabat
801 1443 1176 1505 centurionem,
1212 1442 1413 1496 Paulus
1440 1444 1571 1496 dixit
1603 1458 1620 1496 :
1653 1445 1733 1495 An
1772 1443 2034 1503 hominem

450 1534 766 1599 ltmnanum,
827 1550 1049 1604 eumque
1100 1534 1466 1588 indemnatum
1521 1534 1639 1588 licet
1683 1535 1820 1588 robis
1858 1535 2037 1588 verbe-

451 1626 609 1678 rare?

520 1714 685 1768 Vens.
715 1714 807 1769 26.
848 1716 1000 1780 Quod
1040 1715 1127 1770 ubi
1173 1719 1403 1771 centurio
1433 1719 1656 1783 audivit,
1708 1720 1923 1773 accessit
1963 1721 2033 1772 ad

2128 629 2251 682 τότε
2286 631 2513 692 ἐκεῖνος,
2544 629 2646 682 οὐκ
2680 628 2942 698 ἡνεγκαν.

2199 716 2542 787 Κραζόντων
2564 716 2632 770 δὲ
2657 715 2876 779 αὐτῶν,
2904 714 3004 767 καὶ
3020 714 3363 782 ῥιπτόντων
3389 712 3461 766 τὰ
3491 712 3713 777 ἱμάτια,

2130 811 2227 864 καὶ
2259 809 2572 877 κονιορτὸν
2591 808 2958 873 ,ϐαλλόντων
2982 811 3072 872 εἰς
3091 806 3200 859 τὸν
3236 805 3406 872 ἀέρα,

2214 983 2577 1037 Ἐκέλευσεν
2601 982 2788 1035 αὐτὸν
2815 983 2849 1034 ό
2872 980 3183 1048 χιλίαρχος
3208 976 3454 1047 ἄγεσθαι
3482 978 3568 1042 εἰς
3602 974 3720 1040 τὴν

2132 1073 2558 1143 παρεμϐολὴν,
2619 1072 2802 1127 ειπὼν
2847 1070 3135 1141 μάστιξιν
3177 1068 3561 1129 ἀνετάζεσθαι
3606 1070 3719 1119 air-

2132 1165 2259 1226 τὸν,
2283 1164 2383 1216 ἵνα
2413 1159 2635 1232 ἐπιγνῷ
2679 1161 2753 1215 δι’
2792 1160 2871 1229 ἣν
2899 1163 3097 1216 αἰτίαν
3135 1159 3325 1224 οὕτως
3366 1155 3720 1226 ἐπεφώνουν

2133 1254 2316 1319 αὐτῷ.

2221 1349 2317 1412 Ὠς
2345 1346 2415 1400 δὲ
2471 1344 2861 1415 προσέτεινεν
2917 1345 2963 1377 ³⁸
3003 1342 3191 1398 αὐτὸν
3239 1342 3359 1409 τοῖς
3410 1339 3618 1412 ἱμᾶσιν
3644 1339 3715 1405 ⁸⁷,

2134 1434 2265 1493 εἷπε
2290 1438 2439 1507 πρὸς
2466 1438 2573 1492 τὸν
2609 1436 2916 1507 ἐφεστῶτα
2942 1436 2988 1469 ⁸⁸
3019 1435 3464 1503 ἑκατόνταρχοι·
3501 1436 3535 1489 d
3557 1434 3718 1486 Παῦ-

2133 1531 2271 1595 λος·
2302 1529 2371 1580 El
2391 1527 2708 1595 ἄνθρωπον
2744 1524 3032 1595 Ῥωμαῖον
3056 1522 3155 1577 καὶ
3193 1520 3594 1591 ἀκατάκριτον
3619 1520 3721 1585 ἐξ-

2136 1637 2309 1675 εστιν
2343 1619 2487 1688 ὑμῖν
2513 1614 2868 1687 μαστίζειν;
2948 1628 2953 1633 '

2204 1711 2492 1776 Ἀκούσας
2516 1709 2583 1763 δὲ
2608 1711 2640 1762 ό
2669 1707 3127 1776 ἑκατόνταρχος,
3147 1705 3500 1776 προσελθὼν
3530 1702 3725 1771 άπήτ-

453 1806 745 1870 tribunum,
782 1808 930 1877 eique
960 1809 1258 1872 muntiavit,
1290 1810 1502 1863 dicens:
1535 1809 1656 1863 Vide
1675 1810 1800 1879 quid
1829 1809 2029 1879 facias?

2153 1806 2291 1856 ἐιλε
2310 1801 2390 1867 τῷ
2409 1802 2713 1869 χιλιάρχῳ,
2738 1800 2951 1870 λέγων·
2981 1801 3129 1867 Ὅρα
3157 1801 3213 1852 τί
3231 1798 3474 1868 μέλλεις
3491 1796 3722 1861 ποιεῖν;

451 1898 553 1952 Hic
581 1902 716 1951 enim
743 1901 896 1952 homo
932 1899 1203 1954 Romanus
1236 1912 1332 1956 est.

520 1988 681 2043 Vens.
719 1989 809 2043 27.
846 1989 1104 2044 Tribunus
1130 1991 1292 2060 igitur
1327 1991 1546 2044 accessit
1596 1990 1667 2043 ad
1698 2008 1811 2044 eum
1851 2007 1915 2043 ac
1956 1991 2038 2043 di-

449 2081 527 2134 xit
554 2098 567 2133 :
590 2080 684 2133 llic
704 2082 848 2145 mihi,
864 2098 933 2134 an
958 2090 1012 2135 tu
1032 2082 1300 2136 Romanus
1320 2098 1372 2136 es
1392 2082 1417 2136 ?
1438 2082 1502 2135 At
1528 2082 1619 2135 ille
1641 2082 1845 2135 dicebat
1875 2099 1887 2134 :
1923 2079 2031 2133 Ita.

521 2173 683 2226 Vens.
705 2173 796 2227 28.
824 2172 888 2226 Et
920 2173 1160 2226 tribunus
1186 2170 1451 2241 respondit
1472 2188 1489 2226 :
1510 2170 1623 2242 Ego
1659 2189 1856 2242 magna
1888 2188 2037 2240 pecu-

450 2262 551 2317 nia:
569 2278 775 2316 summa
796 2263 955 2316 istam
984 2264 1244 2317 civitatem
1283 2265 1606 2331 comparavi.
1636 2262 1837 2316 Paulus
1857 2276 2037 2315 autent

452 2354 657 2407 dicebat
692 2367 710 2405 :
746 2352 856 2422 Ego
882 2369 1001 2407 vero
1038 2354 1199 2406 etiam
1236 2364 1392 2406 natus
1426 2370 1542 2406 sum
1588 2352 1713 2405 civis
1743 2352 2034 2405 Romanus.

523 2443 686 2497 Vsus.
730 2443 823 2497 29.
860 2441 1056 2497 Statim
1106 2445 1267 2513 igitur
1309 2445 1664 2497 discesserunt
1726 2441 1795 2494 ab
1824 2458 1905 2501 eo.
1946 2443 2036 2511 qui

453 2543 606 2587 erant
641 2536 704 2587 de
725 2549 784 2586 eo
805 2535 1143 2603 quaestionem
1172 2533 1431 2587 habituri.
1461 2535 1632 2602 Atque
1674 2533 1839 2585 etiam
1874 2532 2041 2585 tribu-

454 2641 551 2678 nus
578 2626 790 2679 territus
813 2633 908 2688 est,
943 2625 1033 2678 ubi
1068 2627 1272 2680 rescivit
1322 2640 1440 2680 eum
1490 2640 1601 2679 esse
1648 2624 1812 2678 civem
1855 2622 2019 2677 Roma

453 2732 601 2777 num,
626 2725 674 2769 et
705 2714 770 2768 ab
795 2731 849 2769 se
882 2716 1132 2770 vinctum.

532 2808 593 2863 Ut
627 2816 956 2879 cognosceret
984 2825 1224 2875 causam,
1274 2825 1389 2862 cur.
1422 2807 1583 2878 Atqui
1617 2808 1685 2863 ab
1719 2806 1827 2861 illis
1880 2806 2043 2860 doce-

455 2899 498 2952 ri
547 2915 672 2953 eum
712 2900 1020 2968 Oportebat,
1085 2900 1175 2969 qui
1229 2900 1627 2961 occlamabant,
1690 2906 1746 2953 et
1799 2912 2042 2966 qumrcre

455 3005 527 3043 an
574 2990 776 3059 aliquid
810 3006 1022 3055 eorum,
1055 3006 1175 3060 quae
1209 2991 1353 3046 dicta
1387 2998 1545 3044 erant
1572 3004 1601 3044 a
1631 2988 1823 3053 Paulo,
1860 2988 1933 3042 ita
1959 3003 2043 3043 es-

458 3089 519 3134 se
558 3081 955 3135 existimarent.
1026 3081 1227 3135 Verum
1269 3081 1591 3150 simpliciter
1640 3081 1891 3151 potestati
1953 3081 2040 3133 in-

460 3169 667 3238 dulget,
715 3178 768 3224 et
800 3169 907 3224 illis
933 3169 1291 3240 gratiﬁcatur.
1327 3167 1445 3222 Non
1481 3172 1630 3224 enim
1682 3169 1786 3223 hoc
1827 3182 2039 3236 quaare-

460 3261 573 3324 bat,
617 3270 676 3316 ut
703 3261 906 3331 aliquid
937 3265 1085 3330 juste
1126 3260 1350 3327 faceret,
1382 3260 1476 3315 sed
1506 3272 1565 3315 ut
1587 3261 1799 3316 sedaret
1827 3261 2042 3316 illorum

461 3352 825 3416 iracundiam.
857 3368 979 3421 quae
1023 3362 1144 3407 erat
1168 3352 1396 3422 iniusta.
1428 3352 1507 3405 An
1542 3353 1804 3407 hominem
1838 3353 2043 3407 Roma-

2068 3129 2117 3188 ϐ

2151 1895 2205 1948 ’0
2240 1894 2350 1963 γὰρ
2375 1894 2687 1961 ἄνθρωπος
2721 1888 2900 1959 οὗτος
2934 1892 3216 1961 Ῥωμαῖός
3244 1891 3396 1944 ἐστι.

2209 1982 2572 2053 Προσελθὼν
2599 1984 2718 2037 δὲό
2757 1984 3090 2053 χιλίαρχος,
3132 1978 3302 2036 εἶπεν
3342 1977 3502 2045 αὑτῷ
3527 1999 3538 2009 ·
3574 1976 3726 2048 Λέγε

2134 2094 2255 2145 μοι,
2283 2078 2334 2128 εὶ
2360 2074 2441 2129 σὺ
2483 2073 2770 2144 Ῥωμαῖος
2798 2069 2879 2137 ei;
2915 2073 2970 2125 '0
3011 2071 3078 2125 δὲ
3101 2072 3214 2140 ἔφη
3242 2088 3255 2102 °
3295 2072 3429 2126 Ναί.

2224 2166 2540 2234 Ἀπεκρίθη
2572 2182 2636 2219 τε
2674 2167 2706 2219 ὁ
2750 2164 3096 2233 χιλίαρχος·
3141 2161 3282 2232 Ἐγὼ
3337 2159 3572 2215 πολλοῦ
3623 2176 3725 2213 κε-

2140 2260 2401 2328 φαλαίου
2461 2256 2576 2322 τὴν
2633 2255 2946 2309 πολιτείαν
2983 2253 3209 2318 ταύτην
3245 2250 3614 2319 ἐκτησάμην.
3662 2254 3729 2303 Ὀ

2139 2350 2207 2404 δὲ
2235 2350 2476 2414 Παῦλος
2514 2348 2630 2416 ἔφη
2655 2365 2667 2376 ·
2714 2345 2855 2415 Ἐγὼ
2890 2343 2989 2397 καὶ
3023 2344 3382 2413 γεγέννημαι
3409 2344 3475 2396 ⁵⁸.

2212 2442 2447 2506 Εὐθέως
2471 2434 2586 2494 οὖν
2632 2435 2996 2504 ἀπέστησαν
3034 2435 3136 2492 ἀπ’
3163 2435 3348 2489 αὐτοῦ
3379 2436 3434 2488 oi
3468 2433 3731 2503 μέλλον-

2142 2552 2240 2598 τες
2279 2532 2468 2586 αὐτὸν
2521 2526 2844 2589 ἀνετάζειν.
2882 2528 2990 2582 Καὶ
3046 2529 3078 2581 ό
3137 2526 3451 2594 χιλίαρχος
3491 2523 3556 2577 δὲ
3588 2524 3732 2592 ἐφο-

2144 2625 2296 2692 ϐήθη
2321 2620 2627 2692 ἐπιγνοὺς,
2683 2618 2774 2672 ὅτι
2820 2617 3106 2688 Ῥωμαῖός
3157 2618 3320 2681 ἐστι,
3375 2616 3474 2669 καὶ
3525 2611 3731 2694 circa]?

2130 2715 2331 2767 »αὐτὸν
2362 2707 2619 2776 δεδεκώς
2647 2710 2716 2763 ⁸ο.

2215 2807 2348 2859 Ἵνα
2369 2800 2589 2871 ἐπιγνῷ
2618 2802 2689 2854 δι’
2723 2801 2800 2868 ἣν
2832 2800 3187 2855 αὶτίαν.Κα“ι
3215 2798 3321 2868 μὴν
3346 2798 3478 2868 παρ’
3503 2795 3734 2849 ἐκείνων

2144 2896 2250 2950 ἔδει
2298 2896 2497 2966 μαθεῖν
2524 2893 2632 2947 τῶν
2664 2893 3078 2958 καταϐοώντων,
3098 2891 3193 2946 καὶ
3220 2888 3567 2969 ἐρωτῆσαιεῖ
3583 2905 3735 2951 τινος

2146 2988 2255 3041 τῶν
2286 2985 2592 3058 εἰρημένων
2629 2984 3103 3055 ὑπελαμϐάνοντο’
3149 2981 3263 3036 ἀλλ’
3309 2979 3494 3044 ἁπλῶς
3536 2981 3602 3051 τῇ
3638 2978 3734 3045 εξ-

2144 3078 2306 3150 ονσίᾳ
2341 3077 2648 3147 χαρίζεται,
2676 3076 2770 3130 καὶ
2832 3077 2964 3148 πρὸς
2994 3075 3156 3148 χάριν
3200 3073 3425 3141 ἐκείνων
3458 3075 3621 3126 ποιεῖ.
3653 3072 3731 3125 υῦ

2146 3170 2255 3239 γὰρ
2280 3166 2438 3220 τοῦτο
2486 3166 2687 3237 ἐζήτει,
2723 3167 2870 3228 ὅπως
2916 3166 3141 3228 δικαίως
3197 3181 3250 3217 τι
3301 3162 3579 3232 πράξειεν,
3615 3162 3737 3215 ἀλλ’

2145 3266 2295 3327 ὅπως
2342 3262 2571 3316 παύσειε
2615 3262 2706 3315 τὸν
2754 3261 2980 3316 ἐκείνων
3015 3261 3186 3331 Θυμὸν
3223 3261 3408 3316 ἄδικον
3446 3259 3596 3313 ὄντα.
3664 3258 3742 3312 EI

2147 3357 2462 3425 ἄνθρωπον
2501 3355 2804 3425 Ῥωμαῖον.
2832 3355 2944 3408 Οὐκ
2971 3352 3239 3425 ἐψεύσατο
3267 3356 3293 3407 ὁ
3326 3352 3558 3416 Παῦλος,
3594 3351 3739 3405 Ῥω-

465 3458 611 3496 num.
639 3443 755 3496 Non
783 3442 1148 3497 mentiebatur
1177 3442 1377 3498 Paulus
1399 3459 1522 3497 cum
1563 3443 1773 3499 diceret
1834 3458 1894 3498 se
1923 3458 2044 3498 esse

2150 3449 2349 3519 μαῖον,
2393 3445 2584 3500 εἰπών.
2620 3446 2960 3517 Προστασίας
2985 3446 3096 3515 γὰρ
3122 3447 3284 3516 χάριν
3304 3443 3534 3497 ὀτούτου
3556 3442 3739 3513 πατὴρ

463 3533 636 3586 civem
670 3530 995 3585 Romanum.
1025 3530 1377 3588 Auctoritatis
1396 3533 1541 3587 enim
1572 3533 1931 3606 adjungenda:
1968 3541 2051 3588 at-

467 3638 571 3693 que
594 3623 836 3693 prmsidii
855 3623 936 3678 sui
964 3640 1127 3679 causa
1150 3633 1306 3695 pater
1319 3624 1438 3695 ejus
1463 3626 1709 3696 pecuniis
1729 3627 1832 3682 hoc
1848 3641 2048 3682 nomen

464 3715 786 3769 redemerat.
817 3711 950 3770 Nam
992 3729 1189 3787 magno
1243 3717 1451 3772 honore
1522 3718 1845 3773 fruebantur
1918 3728 2048 3775 tunc

463 3807 553 3875 qui
594 3807 695 3861 hoc
727 3806 951 3862 nomine
988 3808 1174 3862 vocari
1204 3807 1353 3877 digni
1387 3809 1774 3864 censebantur.
1804 3807 1919 3864 [loc
1952 3825 2052 3864 au-

465 3910 573 3955 tem
598 3899 692 3963 ait,
726 3915 796 3954 ne
844 3899 1167 3971 ﬂagellatus,
1200 3900 1323 3955 vilis
1351 3909 1514 3970 atque
1547 3899 1838 3971 despectus
1873 3911 2048 3958 esset.

465 3992 599 4047 Nam
618 3994 661 4047 si
674 3992 1073 4058 verberassent,
1096 3992 1210 4047 ﬁeri
1231 3993 1517 4062 potuisset,
1539 4000 1597 4047 ut
1617 3993 1688 4047 illi
1704 3993 1755 4047 in
1778 3996 2054 4064 reagenda

467 4096 621 4142 extra
689 4086 912 4140 modum
962 4085 1350 4153 egrederentur
1397 4093 1453 4139 et
1491 4085 1641 4138 illum
1694 4085 2052 4142 occiderent:

467 4194 613 4233 nunc
643 4194 791 4242 vero,
842 4178 1058 4234 etiamsi
1107 4193 1218 4232 non
1255 4177 1327 4233 ob
1379 4193 1494 4232 rem
1546 4177 1729 4242 aliam,
1776 4187 1832 4232 at
1862 4180 2054 4233 saltem

468 4277 694 4339 propter
726 4268 835 4323 hoc
883 4269 1082 4339 ipsum,
1142 4283 1251 4322 non
1310 4268 1470 4323 modo
1510 4282 1622 4321 non
1675 4267 2053 4334 verberarunt,

470 4377 661 4415 verum
694 4361 863 4417 etiam
892 4361 1191 4415 solverunt.
1232 4359 1347 4414 Duo
1377 4369 1557 4414 autem
1589 4359 1819 4415 crimina
1855 4374 2057 4429 propo-

2153 3537 2402 3606 χρήμασι
2461 3536 2521 3589 τὸ
2579 3536 2750 3605 ὄνομα
2801 3535 2960 3594 τοῦτο
3011 3534 3285 3606 ὠνήσατο.
3338 3533 3597 3603 Μεγάλης
3626 3531 3739 3603 γὰρ

2151 3629 2317 3697 τιμῆς
2348 3627 2627 3700 ἀπήλαυον
2656 3629 2776 3681 τότε
2808 3628 2858 3681 ol
2883 3626 3056 3691 οὕτως
3084 3626 3398 3695 ἀξιούμενοι
3424 3623 3736 3679 καλεῖσθαι.

2155 3723 2340 3778 Ταῦτα
2374 3724 2430 3776 δέ
2458 3742 2641 3794 φησιν,
2670 3724 2757 3777 ἵνα
2788 3722 2862 3793 μὴ
2896 3721 3234 3793 μαστιχθεὶς,
3257 3719 3741 3791 εὐκαταφρόνητος

2153 3817 2396 3887 γένηται.
2448 3817 2508 3869 Εἰ
2538 3816 2646 3886 γὰρ
2677 3816 2995 3884 amonem.
3043 3815 3138 3867 xui.
3187 3812 3540 3884 παρέτρεψαν
3580 3811 3644 3865 ἂν
3673 3811 3742 3864 τὸ

2156 3911 2414 3980 πρᾶγμα,
2440 3911 2537 3962 καὶ
2590 3910 2920 3963 ἀπέκτειναν
2950 3907 3112 3962 αὐτόν
3137 3922 3149 3935 ·
3189 3905 3284 3960 νῦν
3316 3906 3395 3971 δὲ,
3439 3907 3486 3958 εἰ
3530 3904 3624 3959 καὶ
3659 3904 3739 3974 μὴ

2153 4002 2221 4054 δι’
2258 4001 2468 4071 ἕτερον,
2492 3999 2629 4057 ἀλλά
2656 4017 2719 4068 γε
2749 4002 2792 4033 ⁶¹
2814 4001 2881 4053 δι’
2917 3998 3050 4054 αὐτὸ
3100 3997 3162 4051 οὐ
3194 3999 3352 4068 μόνον
3372 3998 3472 4051 οὐκ
3503 3996 3738 4066 ἐμάστι-

2158 4093 2275 4158 ξαν,
2303 4092 2439 4148 ἀλλὰ
2468 4094 2561 4146 καὶ
2584 4091 2880 4146 ἀπέλυσαν.
2908 4090 3010 4145 Δύο
3027 4091 3084 4145 δὲ
3100 4090 3250 4158 λέγει
3280 4088 3347 4142 τὰ
3377 4087 3701 4158 ἐγκλήματα
3724 4104 3739 4119 ·

2157 4183 2253 4236 καὶ
2281 4182 2342 4234 τὸ
2373 4182 2503 4235 ἄνευ
2566 4180 2752 4248 λόγου,
2787 4180 2884 4234 καὶ
2928 4181 2989 4233 τὸ
3031 4180 3304 4250 Ῥωμαῖον
3337 4179 3503 4232 ὄντα·
3537 4178 3618 4230 διὸ
3645 4177 3745 4231 καὶ

2158 4275 2236 4337 εἰς
2270 4272 2493 4325 πλείονα
2525 4272 2725 4335 αὐτοὺς
2779 4271 2997 4324 ἐνέϐαλε
3033 4271 3219 4339 φόϐον.
3267 4271 3330 4324 '0
3383 4269 3452 4324 δὲ
3499 4270 3744 4336 Παῦλος

2159 4366 2273 4433 ἔφη
2297 4381 2311 4395 ο
2346 4363 2499 4433 Ἐγὼ
2539 4363 2636 4415 καὶ
2681 4363 3056 4431 γεγέννημαι.
3088 4363 3230 4432 Ὅρα
3270 4366 3365 4414 καὶ
3410 4360 3619 4427 πατρὸς
3672 4355 3744 4431 ἦν

468 4453 548 4507 ιιῑι
584 4470 600 4506 :
643 4452 788 4521 quod
808 4462 864 4508 et
893 4452 1091 4507 indicta
1116 4468 1301 4520 causa,
1332 4460 1386 4507 et
1412 4450 1716 4507 Romanum
1742 4451 2011 4506 vinxisset
2039 4470 2044 4506 :

2179 4454 2473 4524 Ῥωμαίου.
2536 4454 2648 4525 Πρὸ
2701 4453 2811 4525 γὰρ
2856 4454 2950 4506 τοῦ
3007 4453 3340 4524 γεννηθῆναι
3370 4451 3460 4506 τὸν
3504 4452 3743 4517 Παῦλον,

469 4546 825 4615 quamobrem
897 4545 1058 4619 164
1086 4546 1251 4601 etiam
1296 4547 1559 4617 majorem
1584 4545 1666 4599 eis
1717 4544 1897 4615 injicit
1932 4560 2051 4599 me-

471 4649 608 4691 tum.
688 4635 890 4691 Paulus
963 4649 1139 4690 autem
1187 4636 1440 4690 dicebat:
1507 4628 1623 4705 Ego
1691 4637 1855 4687 etiam
1894 4646 2052 4688 natus

468 4745 607 4782 sum.
648 4728 784 4784 Vide
838 4729 1002 4783 etiam
1051 4736 1260 4798 patrem
1281 4729 1473 4783 habuit
1498 4728 1673 4783 civem
1706 4726 2049 4783 Romanum:

471 4835 599 4874 nam
638 4827 930 4889 antequam
962 4819 1170 4876 Paulus
1209 4829 1549 4884 nasceretur,
1581 4834 1704 4873 cum
1741 4818 1933 4875 Cilicia
1967 4836 2054 4876 re—

472 4910 629 4964 dacta
651 4919 800 4965 esset
826 4911 881 4964 in
907 4912 1173 4966 ditionem
1211 4922 1268 4966 et
1292 4919 1620 4983 potestatem
1655 4910 2051 4977 Romanorum,

472 5017 697 5059 necesse
718 5010 836 5057 erat
863 5004 1024 5058 etiam
1060 5004 1264 5073 ipsum,
1296 5010 1484 5072 utpote
1503 5002 1596 5072 qui
1626 5010 1770 5057 esset
1803 5003 2055 5059 subditus

470 5094 596 5158 illis,
626 5109 746 5150 esse
765 5093 1091 5150 Romanum.
1126 5094 1299 5164 Atque
1327 5093 1542 5148 interim
1573 5092 1794 5157 Paulus,
1826 5103 1989 5165 prout
2023 5111 2054 5150 ιι

452 5188 738 5258 propheta
780 5184 1257 5257 prtesignilicalum
1283 5193 1422 5250 erat,
1453 5182 1675 5239 vinctus
1696 5193 1778 5238 est
1823 5185 1876 5238 in
1892 5184 2054 5241 Jeru-

2163 4548 2538 4617 γεγενημένης
2579 4547 2677 4617 τῆς
2712 4545 2965 4609 Κιλικίας
3012 4545 3118 4599 ὑπὸ
3152 4544 3478 4617 Ῥωμαίους,
3525 4542 3745 4613 ἀνάγκη

2160 4638 2253 4692 καὶ
2282 4636 2445 4691 αὑτὸν
2469 4637 2543 4702 ὡς
2574 4637 2702 4691 ὄντα
2736 4638 2826 4692 ὑπ’
2878 4638 3075 4700 αὐτοὺς
3118 4636 3387 4707 Ῥωμαῖον
3408 4631 3565 4689 εἶναι.
3593 4635 3747 4700 Τέως

2159 4727 2216 4780 δὲ
2247 4726 2388 4779 κατὰ
2418 4727 2519 4798 τὴν
2545 4730 2887 4797 προφητείαν
2915 4725 3217 4796 scissaequ
3258 4727 3286 4777 ὁ
3315 4722 3523 4787 Παῦλος
3554 4724 3612 4776 ὲν
3647 4723 3750 4776 Ἰε-

2163 4818 2466 4890 ρουσαλὴμ,
2523 4818 2616 4871 καὶ
2672 4817 2834 4889 ἐξέϐη
2891 4821 2920 4871 ὁ
2979 4817 3161 4885 λόγος.
3197 4816 3263 4868 Τί
3300 4813 3392 4868 οὖν
3418 4816 3524 4868 ἀπὸ
3549 4814 3746 4867 τούτου

2159 4909 2404 4979 γίνεται;
2454 4908 2641 4972 Atiam;
2697 4909 3012 4978 κατήγαγεν
3064 4905 3227 4960 αὑτὸν
3279 4904 3416 4974 πρὸς
3441 4905 3568 4967 τοὺς
3610 4905 3747 4957 ἰου-

2161 5003 2366 5066 δαίους.
2395 5002 2511 5057 Οὐκ
2534 5002 2642 5072 ἄρα
2671 5001 2863 5070 ψεῦδος
2920 4996 3009 5069 ἦν.
3064 4997 3340 5069 Ἐφοϐήϐη
3382 4996 3490 5067 γὰρ
3534 4998 3562 5049 ὁ
3607 4995 3751 5065 χιλίη

2164 5112 2333 5167 αρχος
2365 5094 2642 5163 ἐπιγνοὺς,
2687 5094 2768 5147 ὅτι
2808 5092 3073 5163 ἰ’ωμαῖός
3106 5090 3528 5157 ὲστι,τουτὲστι,
3555 5086 3753 5158 γένους

2163 5184 2560 5254 ἀξιωματικοῦ.

473 5282 639 5336 salem
671 5298 683 5335 :
717 5290 770 5335 et
806 5279 1011 5344 evenit,
1046 5277 1187 5347 quod
1219 5277 1540 5347 prmdictum
1575 5285 1716 5332 erat.
1764 5275 1907 5343 Quid
1954 5277 2120 5349 igitur
2142 5278 2343 5334 deinde
2367 5278 2472 5333 ﬁt?
2533 5277 2669 5334 Cum
2714 5275 2969 5331 solvisset
3031 5290 3181 5340 eum,
3233 5276 3458 5333 deduxit
3533 5276 3599 5331 ad
3646 5274 3754 5329 Ju-

475 5376 639 5430 daeos.
671 5373 789 5428 Non
840 5373 1004 5445 igitur
1059 5372 1254 5427 falsum
1322 5379 1461 5426 erat.
1511 5370 1757 5428 Territus
1802 5382 1889 5428 est
1917 5372 2063 5428 enim
2104 5373 2384 5442 tribunus,
2418 5372 2514 5429 ubi
2539 5372 2901 5430 resciviteum
2927 5385 3049 5428 esse
3073 5370 3402 5440 Romanum,
3473 5372 3577 5427 hoc
3637 5374 3753 5442 est,

476 5467 544 5521 de
584 5480 784 5538 genere
812 5467 1077 5537 dignitate
1109 5464 1361 5537 praedito.

1670 5648 1876 5710 Varius
1902 5649 2211 5710 lectiones
2254 5650 2321 5709 et
2360 5649 2553 5708 notua.

593 5793 638 5865 Ψ
670 5793 728 5865 ll}
756 5791 997 5864 vulgatis,
1032 5795 1366 5865 προέτεινεν,

1477 5795 1535 5867 ⁸Ϊγ
1556 5793 1619 5848 In
1640 5800 2002 5867 manuscripto

2150 5839 2160 5854 .
2194 5797 2306 5858 τοῖς
2331 5795 2543 5867 ipsum.
2588 5792 2642 5844 in
2668 5790 2922 5867 vulgatis.
2950 5792 3061 5852 τοῖς
3094 5793 3306 5855 ἱμᾶσιν.
3387 5792 3435 5824 ⁵⁸
3456 5790 3522 5845 in
3554 5789 3755 5862 vulga-

488 5859 570 5926 tis,
600 5859 861 5915 ὲπτώτα(
908 5864 951 5896 ³⁹
974 5865 1036 5919 lu
1075 5859 1323 5935 attigatis,
1357 5862 1467 5935 ἐγὼ
1498 5865 1553 5919 δὲ
1585 5868 1677 5919 καὶ
1700 5859 2036 5938 γεγέννημαι

2150 5867 2183 5899 ⁵⁸
2206 5859 2475 5930 δ;δωκὼ;,
2505 5870 2640 5917 erat.
2719 5864 2761 5895 “
2794 5860 3020 5929 ἀλλάγε,
3066 5873 3200 5916 ct'ttt.
