4114 6418
268 432 358 499 EO]

891 426 1302 490 EXPOSITIO
1339 425 1423 489 IN
1452 426 1647 487 ACTA
1683 423 2266 487 APOSTOLORUM.
2298 448 2368 459 -
2392 424 2549 484 CAP.
2593 423 2801 484 XXIII

3386 426 3505 492 802

327 544 400 612 Τῇ
422 541 488 596 δὲ
519 540 811 609 ἐπαύριον
842 540 1226 611 βουλόμενος
1253 538 1477 609 γνῶναι
1521 541 1586 593 τὸ
1623 538 1824 606 ἀσφα-

1996 536 2160 591 Vens.
2184 535 2273 589 '50.
2310 532 2524 588 Postero
2552 536 2638 589 die
2666 545 2807 588 certo
2831 535 2964 589 scire
2989 534 3185 602 volens,
3217 537 3370 607 cujus
3406 541 3511 593 cri-

255 639 374 704 λές,
400 636 463 689 τὸ
510 633 568 688 τί
608 631 1021 704 κατηγορεῖται
1057 634 1100 664 ⁶²
1131 632 1293 700 παρὰ
1337 630 1457 685 τῶν
1509 627 1828 693 Ἰουδαίων,

255 732 472 785 ἔλυσεν
497 728 685 782 αὐτὸν
716 726 835 783 ἀπὸ
869 723 990 779 τῶν
1025 722 1290 794 δεσμῶν,
1343 722 1444 777 καὶ
1500 721 1833 776 ἐκέλευσεν

254 822 444 876 ἐλθεῖν
474 818 625 887 πρὸς
662 818 728 849 ⁸⁸⁸
759 817 901 881 τοὺς
923 816 1219 886 ἀρχιερεῖς
1253 816 1351 869 καὶ
1385 814 1533 869 ὅλον
1562 814 1626 868 τό
1680 830 1832 867 συν-

254 910 443 978 έδριον
466 907 667 961 αὐτῶν
691 923 708 939 ο
731 906 831 961 καὶ
861 904 1212 975 καταγαγὼν
1235 903 1341 959 τὸν
1364 904 1630 970 Παῦλον,
1656 903 1832 971 ἕστη-

254 1016 360 1055 σεν
389 1002 473 1062 είς
495 997 739 1063 αὐτούς.

833 1106 1088 1160 ΚΕΦΑΛ.
1132 1104 1262 1160 Kl".

330 1224 634 1288 Ἀτενίσας
680 1220 750 1275 δὲ
782 1223 814 1274 d
853 1219 1096 1285 Παῦλος
1155 1218 1237 1283 τῷ
1271 1216 1593 1285 συνεδρίῳ,
1621 1208 1792 1268 εΐπεν
1813 1228 1825 1243 ·

258 1315 501 1384 Ἄνδρες
531 1314 807 1383 ἀδελφοὶ,
857 1311 973 1381 ἐγὼ
1021 1311 1192 1379 πάσῃ
1236 1308 1593 1374 συνειδήσει
1637 1305 1832 1376 ἀγαθῇ

257 1406 700 1473 πεπολίτευμαι
729 1402 809 1468 τῷ
840 1400 963 1467 Θεῷ
1020 1400 1157 1469 ἄχρι
1188 1401 1408 1465 ταύτης
1441 1395 1552 1465 τῆς
1582 1395 1829 1466 ἡμέρας.

329 1576 383 1629 '0
418 1575 490 1630 δὲ
524 1572 838 1644 ἀρχιερεὺς
898 1571 1181 1637 Ἀνανίας
1219 1569 1473 1634 ἐπέταξε
1516 1569 1643 1636 τοῖς
1682 1584 1831 1640 παρ-

254 1669 513 1724 εστῶσιν
547 1664 710 1731 αὐτῷ
734 1667 982 1720 τύπτειν
1014 1665 1203 1718 αὐτοῦ
1245 1664 1311 1718 τὸ
1339 1665 1555 1731 στόμα.

326 1763 465 1816 Τότε
498 1764 530 1814 d
564 1759 809 1825 Παῦλος
851 1758 1003 1826 πρὸς
1050 1758 1240 1811 αὐτὸν
1261 1754 1424 1811 εἶπε·
1456 1758 1707 1811 Τύπτειν
1755 1772 1833 1809 σε

1934 626 2089 681 minis
2116 633 2182 679 ao
2207 623 2411 680 Iudaeis
2432 624 2851 689 insimularetur,
2890 626 3042 681 solvit
3070 643 3185 682 eum
3213 645 3244 682 a
3271 629 3514 694 vinculis,

1933 721 1982 766 et
2029 712 2195 782 jussit
2242 713 2502 781 principes
2562 712 2893 767 sacerdozum
2937 722 2984 767 et
3024 723 3188 768 totum
3237 716 3512 769 concilium

1933 817 2113 855 eorum
2151 802 2350 866 venire,
2396 819 2462 856 ac
2531 802 2812 855 deductum
2855 802 3089 858 Paulum
3151 805 3290 859 sistit
3329 821 3511 858 coram

1931 889 2061 945 illis.

2493 1095 2722 1151 CAPUT
2760 1094 2947 1150 XXIII.

2003 1206 2145 1261 Vens
2201 1206 2252 1259 1.
2292 1204 2366 1258 Ac
2394 1204 2594 1259 Paulus
2649 1207 2705 1258 in
2744 1208 3018 1260 consilium
3074 1206 3281 1259 intuens
3343 1208 3515 1261 dicere

1934 1313 2147 1352 exorsus
2180 1306 2250 1350 est
2281 1298 2376 1349 hoc
2402 1299 2553 1351 modo
2581 1313 2596 1349 :
2628 1297 2734 1351 Viri
2760 1302 2972 1365 fratres.
3011 1316 3101 1369 ego
3131 1297 3264 1352 bona
3304 1314 3516 1366 prorsus

1934 1389 2255 1442 conscientia
2284 1398 2523 1443 versatus
2567 1407 2682 1442 sum
2725 1407 2902 1443 coram
2951 1389 3056 1442 Deo
3088 1408 3247 1460 usque
3295 1393 3346 1443 iu
3377 1395 3512 1445 diem

1933 1483 2090 1535 hunc.

2006 1574 2167 1629 Vens.
2200 1574 2255 1627 2.
2286 1576 2363 1627 Ac
2404 1575 2644 1645 princeps
2670 1581 3001 1629 sacerdotum
3045 1577 3281 1630 Anauias
3316 1578 3405 1642 iis,
3431 1578 3520 1647 qui

1933 1666 2014 1719 illi
2040 1664 2309 1724 astabant.
2342 1666 2621 1733 imperarit
2645 1675 2699 1718 ut
2733 1667 2988 1719 caderent
3020 1684 3074 1719 os
3104 1667 3239 1736 ejus.

2006 1759 2168 1814 Vens.
2194 1757 2247 1812 5.
2286 1757 2414 1811 Tum
2452 1757 2652 1811 Paulus
2683 1760 2755 1811 ad
2792 1775 2908 1811 eum
2953 1756 3089 1811 dixit
3126 1774 3143 1812 :
3185 1758 3446 1811 Percutiet
3474 1770 3523 1813 te

252 1853 459 1922 μέλλει
491 1855 524 1906 ὁ
544 1853 710 1917 Θεὸς,
739 1850 904 1920 τοῖχε
932 1851 978 1884 ⁸³
996 1849 1386 1918 κεκονιαμένε
1405 1867 1420 1883 ’
1447 1848 1648 1903 καὶσὺ
1679 1847 1829 1918 κάθῃ

1942 1848 2101 1913 Deus,
2131 1848 2307 1917 paries
2346 1847 2609 1901 dealbate.
2660 1847 2727 1901 Et
2769 1856 2823 1900 tu
2852 1851 3018 1909 sedes,
3044 1857 3099 1901 ut
3129 1865 3193 1901 ex
3230 1848 3357 1918 legis
3381 1866 3522 1918 pra:-

255 1946 466 2012 κρίνων
484 1960 560 2014 με
591 1943 741 1997 κατὰ
764 1948 871 1996 τὸν
910 1942 1120 2012 νόμον,
1162 1942 1258 1996 καὶ
1318 1940 1680 2011 παρανομῶν
1725 1958 1823 1994 κε-

252 2035 444 2099 λεύεις
464 2049 543 2102 με
575 2032 620 2066 ⁸⁸
647 2032 1011 2095 τύπτεσθαι;

323 2128 384 2179 Ol
399 2124 472 2177 δὲ
487 2122 864 2193 παρεστῶτες
884 2120 1058 2177 εἷπον
1081 2138 1095 2153 ·
1127 2123 1236 2177 Τὸν
1247 2122 1522 2192 ἀρχιερέα
1544 2122 1652 2178 τοῦ
1678 2122 1826 2178 Θεοῦ

253 2213 536 2281 λοιδορεῖς.
549 2229 572 2276 ;

317 2307 465 2375 Ἔφη
512 2305 559 2338 ⁸⁸
624 2308 657 2359 ό
699 2304 975 2371 Παῦλος⁹
1019 2305 1141 2359 οὐκ
1184 2304 1377 2374 ᾔδειν,
1429 2303 1707 2374 ἀδελφοὶ,
1736 2303 1826 2357 ὅτι

253 2397 413 2452 ἐστιν
449 2398 788 2466 ἀρχιερεύς.
846 2396 1187 2466 Γέγραπται
1211 2395 1357 2467 γάρ·
1393 2397 1681 2465 Ἄρχοντα
1717 2395 1826 2450 τοῦ

254 2488 396 2543 λαοῦ
431 2502 557 2544 σου
582 2491 694 2543 οὐκ
719 2487 876 2556 ἐρεῖς
901 2486 1124 2554 κακῶς.

326 2601 629 2666 Ἀτενίσας
675 2599 745 2653 δὲ
785 2602 818 2654 ὁ
870 2597 1114 2665 Παῦλος
1146 2597 1225 2665 τῷ
1257 2599 1584 2667 συνεδρίῳ.
1628 2599 1827 2654 Οὐκέτι

257 2694 459 2762 upon?)
506 2691 749 2763 πλῆθος,
792 2691 911 2745 οὐδὲ
958 2690 1096 2761 πρὸς
1146 2691 1237 2744 τὸν
1271 2691 1443 2761 δῆμον
1500 2690 1824 2760 διαλέγεται.

256 2785 320 2837 Τὸ
354 2786 431 2850 δὲ,
467 2782 615 2853 Ἐγὼ
657 2781 825 2851 πάσῃ
855 2780 1209 2851 συνειδήσει
1249 2781 1446 2851 ἀγαθῇ
1476 2786 1826 2837 πεπολίτευ-

1930 1941 2128 2010 scripto
2184 1939 2388 2008 iudices
2437 1940 2502 1993 de
2561 1956 2662 2003 me,
2718 1948 2767 1992 et
2808 1947 2991 1991 contra
3034 1937 3197 2008 legem
3239 1939 3395 2008 jubes
3442 1955 3523 1992 me

1927 2031 2061 2084 credi
2085 2032 2111 2083 ?

2004 2122 2177 2177 Vens.
2213 2122 2270 2178 4.
2303 2123 2370 2177 Ει
2407 2125 2496 2193 qui
2528 2123 2796 2190 astabant,
2851 2121 3096 2176 dixerunt
3140 2116 3398 2175 :Sumtuo
3433 2140 3524 2175 sa-

1928 2217 2123 2268 cerdoti
2154 2215 2248 2270 Dei
2274 2217 2595 2270 maledicis?

2006 2308 2171 2363 Vnus.
2210 2308 2265 2362 5.
2298 2307 2431 2361 Tum
2467 2307 2691 2371 Paulus,
2724 2304 3054 2368 Nesciebam,
3085 2305 3276 2372 inquit,
3305 2307 3519 2376 fratres,

1927 2398 2076 2452 illum
2106 2414 2215 2451 esse
2235 2398 2522 2468 principem
2543 2398 2893 2452 sacerdotum.
2916 2394 3179 2465 Scriptum
3213 2408 3289 2451 est
3324 2400 3462 2452 enim
3499 2405 3519 2444 ἰ

1928 2485 2170 2555 Principi
2194 2486 2374 2555 populi
2398 2489 2476 2540 tui
2505 2504 2567 2541 ne
2599 2486 2919 2542 maledicito.

2001 2599 2075 2654 Ac
2095 2599 2299 2654 Paulus
2329 2603 2384 2652 in
2414 2588 2694 2654 concilium
2730 2603 2962 2657 intuens.
2991 2601 3109 2658 Jam
3141 2618 3250 2657 non
3287 2602 3522 2671 amplius

1931 2705 2056 2745 cum
2085 2689 2435 2743 multitudine
2464 2706 2641 2759 neque
2668 2707 2789 2745 cum
2818 2692 2973 2761 plebe
2995 2692 3123 2763 agit.
3153 2692 3308 2758 Quod
3335 2701 3519 2745 autem

1931 2782 2064 2837 dicit
2094 2799 2107 2835 :
2142 2781 2252 2852 Ego
2278 2782 2411 2835 bona
2430 2798 2647 2851 prorsus
2683 2784 3000 2837 conscientia
3030 2795 3267 2841 versatus
3293 2800 3409 2836 sum
3429 2797 3523 2833 co-

251 2892 367 2945 μαι,
388 2875 696 2937 τουτέστιν,
748 2874 822 2927 Οὐ
857 2871 1077 2928 σύνοιδά
1112 2891 1165 2927 τι
1196 2872 1475 2945 ἠδικηκὼς
1514 2875 1679 2945 ὑμᾶς,
1709 2876 1830 2929 οὐδὲ

1942 2890 2047 2926 ram
2085 2871 2193 2926 Deo
2220 2889 2239 2926 :
2291 2874 2396 2928 hoc
2426 2882 2528 2933 est,
2560 2872 2679 2928 Non
2737 2890 2856 2928 sum
2904 2876 3037 2930 mihi
3078 2876 3329 2930 conscius
3359 2872 3521 2927 alicu-

256 2963 390 3027 ἄξιον
425 2962 544 3016 τῶν
570 2961 786 3033 δεσμῶν
816 2961 1020 3015 τούτων
1079 2964 1357 3032 πράττων.
1412 2965 1522 3019 Καὶ
1558 2966 1640 3019 σὺ
1673 2968 1828 3035 κάθῃ

1942 2966 2019 3032 ius
2046 2964 2261 3035 injuriae
2288 2979 2393 3033 qua
2432 2980 2529 3019 vos
2572 2966 2877 3030 alTecerim,
2912 2982 3015 3020 nec
3037 2966 3333 3036 quidquam
3386 2962 3521 3017 mihi

255 3055 465 3122 κρίνων
479 3070 564 3125 με
611 3054 763 3109 κατὰ
797 3054 905 3108 τὸν
942 3054 1150 3123 νόμον,
1186 3055 1285 3109 καὶ
1318 3056 1682 3126 παρανομῶν
1730 3074 1823 3111 κε-

1942 3057 2113 3111 lacere
2143 3057 2330 3111 videor
2375 3058 2595 3125 dignum
2647 3058 2733 3113 his
2788 3059 3043 3114 vinculis.
3072 3059 3142 3112 Et
3170 3068 3226 3110 tu
3262 3056 3404 3110 sedes
3424 3054 3524 3124 ju-

255 3146 442 3212 λεύεις
490 3161 571 3216 με
621 3146 949 3200 τύπτεσθαι
983 3146 1065 3213 ⁶⁶;
1122 3146 1244 3200 ἀντὶ
1267 3146 1381 3212 τοῦ,
1419 3148 1718 3212 ὑπεύθυνος
1756 3146 1830 3201 ὢν

1942 3148 2118 3201 dicatis
2152 3164 2233 3200 me
2250 3147 2533 3203 secumlum
2563 3148 2745 3219 legem.
2768 3159 2815 3204 et
2835 3149 2999 3221 legem
3028 3150 3227 3205 violans
3252 3150 3401 3219 iubes
3444 3164 3527 3202 me

257 3237 440 3289 ὡσανεὶ
471 3238 574 3291 καὶ
613 3235 823 3307 μυρίων
847 3235 1071 3305 πληγῶν
1097 3235 1266 3302 ἄξιος.
1296 3237 1408 3291 Τὸν
1429 3238 1707 3306 ἀρχιερέα
1726 3237 1830 3291 τοῦ

1942 3239 2138 3308 pulsuri
2160 3238 2184 3291 ?
2206 3240 2546 3310 Παρανομῶν
2578 3237 2652 3311 [id
2689 3238 2865 3303 sonat,
2886 3244 3257 3311 contrafegem
3290 3237 3520 3310 facinus]

259 3328 394 3383 Θεοῦ
421 3327 723 3397 λοιδορεῖς
736 3345 755 3394 ;
818 3330 940 3382 Οὐκ
992 3328 1163 3399 ᾔδειν
1193 3328 1282 3382 ὅτι
1327 3330 1642 3397 ἀρχιερεύς
1673 3329 1827 3382 ἐστι.

260 3421 369 3484 Πῶς
404 3419 504 3476 οὖν
535 3421 742 3489 ἔλεγες,
769 3420 875 3475 Kal
902 3421 983 3474 σὺ
1018 3421 1169 3489 κάθῃ
1204 3420 1425 3490 κρίνων
1448 3438 1521 3491 με
1550 3421 1700 3475 κατὰ
1729 3419 1835 3474 τὸν

258 3515 464 3582 νόμον;
514 3512 674 3566 Ἀλλὰ
697 3516 1076 3584 προσποιεῖται
1107 3514 1350 3582 ἄγνοιαν,
1376 3514 1436 3566 οὑ
1464 3512 1831 3583 βλάπτουσαν,

261 3606 365 3659 ἀλλ’
388 3604 804 3676 οἰκοδομοῦσαν.
837 3605 980 3673 Ἐγὼ
1011 3605 1189 3659 δὲκαὶ
1228 3603 1436 3675 σφόδρα
1470 3604 1729 3674 πείθομαι
1759 3603 1834 3673 μὴ

261 3696 644 3751 εἰδέναιαὺτὸν
674 3696 758 3748 ὅτι
807 3693 1095 3766 ἀρχιερεύς
1134 3695 1284 3747 ἐστι’
1335 3693 1423 3747 διὰ
1475 3692 1687 3763 μακροῦ
1736 3694 1835 3762 μὲν

261 3787 628 3842 ἐπανελθόντα
661 3787 879 3857 χρόνον,
913 3785 988 3857 μὴ
1014 3786 1410 3855 συγγενόμενον
1445 3784 1502 3837 δὲ
1541 3784 1838 3849 Ἰουδαίοις,

260 3878 462 3946 ὁρῶντα
489 3878 551 3931 δὲ
599 3878 761 3930 αὐτὸν
784 3879 841 3929 ὲν
874 3875 953 3946 τῷ
988 3876 1140 3946 μέσῳ
1173 3875 1312 3946 μετὰ
1355 3874 1568 3927 πολλῶν
1595 3874 1688 3927 καὶ
1717 3873 1839 3927 ἑτέ-ι

263 3986 383 4039 ρων.
410 3970 620 4026 Οἰκέτι
640 3967 750 4040 γὰρ
777 3968 936 4038 δῆλος
963 3962 1031 4037 ἦν
1055 3968 1084 4019 ὀ
1113 3964 1404 4036 ἀρχιερεὺς
1438 3963 1650 4017 πολλῶν
1670 3964 1840 4018 ὄντων

263 4064 348 4115 καὶ
368 4062 672 4132 διαφόρων.
702 4061 895 4130 Τοϊχον
936 4058 994 4113 δὲ
1037 4056 1430 4128 κεκονιαμένον
1469 4056 1632 4109 αὑτὸν
1664 4055 1839 4121 καλεῖ,

261 4151 439 4223 ἐπειδὴ
465 4150 734 4220 λαμπρὰν
768 4151 867 4221 μὲν
891 4145 1004 4220 εἶχε
1029 4148 1127 4218 τὴν
1155 4145 1298 4217 ὄψιν,
1322 4147 1397 4211 ὡς
1430 4149 1596 4218 νόμον
1625 4145 1841 4209 ἔκδικος

263 4242 349 4294 καὶ
367 4244 523 4315 νόμῳ
569 4240 832 4306 δικάζων·
860 4242 893 4310 ἠ
951 4240 1007 4294 δὲ
1055 4240 1262 4294 διάνοια
1320 4239 1548 4309 ἀνομίας
1600 4240 1842 4310 ἐπεπλή-

266 4349 415 4401 ρωτο.
441 4335 538 4388 Διὸ
576 4334 671 4387 καὶ
698 4332 911 4403 ἐλέγχει
942 4330 1106 4386 αὐτοῦ
1129 4331 1189 4385 τὸ
1219 4330 1404 4401 σχῆμα
1423 4332 1489 4387 ὲκ
1513 4330 1614 4401 τῆς
1642 4330 1842 4398 ἔξωθεν

262 4420 569 4488 διαθέσεως.

1945 3331 2083 3385 dixit
2143 3346 2265 3401 pro,
2318 3331 2643 3386 criminibus
2698 3333 3005 3389 obnoxius:
3061 3333 3215 3403 quasi
3270 3332 3522 3393 diceret,

1941 3424 2217 3477 sexcvntis
2243 3425 2406 3477 eliam
2441 3424 2608 3495 plagis
2638 3425 2851 3496 dignus.
2887 3424 3101 3481 Summo
3122 3426 3381 3480 sacerdoti
3428 3423 3527 3478 Dei

1943 3514 2256 3568 maledicis?
2283 3514 2585 3569 Nesciebam
2601 3516 2749 3569 illuni
2770 3534 2881 3571 esse
2899 3534 3162 3573 summum
3178 3520 3529 3572 sacerdotem.

1942 3604 2051 3660 Cur
2077 3604 2239 3675 igitur
2261 3603 2481 3659 dicebas
2512 3623 2526 3663 :
2571 3606 2640 3659 Et
2669 3618 2724 3659 tu
2757 3609 2923 3673 sedes,
2974 3618 3029 3660 ut
3050 3607 3313 3677 judicium
3347 3607 3410 3660 de
3449 3622 3530 3659 me

1944 3695 2114 3764 facias
2134 3709 2200 3747 ea:
2240 3698 2543 3764 praescripto
2571 3696 2737 3766 legis?
2776 3696 2982 3765 Nempe
3009 3697 3231 3751 simulat
3278 3698 3529 3766 ignoran-

1946 3789 2096 3851 tiam,
2121 3802 2241 3855 qua:
2273 3803 2382 3842 non
2410 3789 2664 3853 uoci-bat,
2695 3790 2787 3843 sed
2834 3788 3135 3843 aedificabat
3158 3798 3213 3843 tl
3237 3789 3385 3843 utilis
3411 3799 3529 3842 crat

1944 3876 2317 3931 audientibus.
2354 3877 2529 3947 Atque
2561 3893 2661 3950 ego
2688 3880 2852 3933 etiam
2895 3880 3130 3933 maxime
3164 3880 3328 3934 credo
3348 3880 3533 3933 nesci-

1943 3969 2088 4024 \‘isse
2113 3984 2236 4023 eum
2279 3969 2429 4023 illum
2482 3985 2609 4025 esse
2638 3986 2914 4026 summum
2945 3972 3307 4034 sacerdotem,
3341 3982 3400 4024 ut
3432 3970 3528 4041 qui

1944 4068 1998 4116 et
2019 4060 2181 4131 longo
2198 4060 2460 4130 temporis
2478 4061 2763 4117 intervallo
2798 4062 3225 4133 Hierosolymam
3258 4062 3527 4127 rediisset,

1946 4161 2000 4207 el
2025 4168 2131 4205 nou
2166 4162 2416 4208 versatus
2443 4153 2636 4210 luisset
2665 4170 2790 4209 cum
2824 4154 3049 4221 Judzeis,
3072 4166 3123 4209 el
3149 4155 3353 4209 videret
3377 4153 3525 4207 illum

1953 4242 2110 4314 165
2144 4242 2196 4296 in
2247 4243 2428 4299 medio
2460 4260 2586 4299 cum
2644 4246 2833 4300 multis
2862 4247 3027 4301 etiam
3058 4246 3177 4301 aliis
3226 4247 3530 4301 sealcntcm.

1946 4331 2065 4385 Non
2111 4333 2261 4386 enim
2306 4333 2418 4403 jam
2451 4334 2687 4404 amplius
2713 4336 2865 4391 nosci
2918 4343 3133 4406 poterat
3165 4350 3413 4390 summus
3440 4350 3531 4387 sa-

1952 4425 2165 4491 cerdos,
2198 4427 2342 4496 quod
2364 4427 2519 4480 multi
2552 4427 2624 4481 ibi
2666 4428 2923 4481 adessent
2971 4436 3136 4495 atque
3168 4427 3389 4479 diversi.
3430 4422 3533 4477 Pa-

265 4511 451 4568 rietem
481 4523 670 4569 autem
700 4513 1014 4569 dealbatum
1047 4526 1174 4568 eum
1220 4519 1402 4578 vocat,
1446 4513 1655 4569 ideirco
1706 4514 1851 4583 quod
1891 4516 2175 4585 splendida
2204 4518 2389 4588 specie
2419 4527 2582 4588 atque
2608 4532 2836 4587 persona
2875 4519 3136 4586 praeditus
3162 4526 3324 4579 esset,
3378 4525 3533 4583 utpo-

266 4604 312 4664 te
337 4611 466 4682 legis
492 4608 716 4673 vindex,
748 4619 801 4665 et
825 4610 940 4680 lege
969 4608 1248 4680 judicans,
1288 4609 1383 4665 sed
1412 4624 1568 4665 mens
1606 4609 1727 4677 ejus
1760 4610 1907 4665 vitiis
1936 4621 2098 4682 atque
2162 4614 2462 4669 sceleribus
2520 4612 2869 4669 redundaret.
2931 4610 3298 4677 Quamobrem
3365 4598 3555 4664 etiam.

264 4700 500 4759 habitum
527 4703 648 4773 ejus
671 4700 942 4773 insignem
963 4700 1141 4771 arguit
1169 4714 1232 4755 ac
1264 4698 1615 4770 reprehendit
1642 4700 1712 4754 ab
1741 4708 1968 4756 externo
1992 4702 2214 4758 alleclu.

332 4821 534 4885 Γνοὺς
563 4818 631 4872 δὲ
655 4822 688 4873 ό
714 4816 956 4882 Παῦλος
985 4813 1075 4869 ὅτι
1115 4814 1182 4869 τὸ
1211 4813 1281 4870 ἐν
1314 4814 1498 4886 μέρος
1537 4816 1665 4869 ἐστὶ
1694 4816 1835 4870 Σαδ·

2030 4819 2196 4874 Yns.
2241 4816 2291 4873 6.
2331 4816 2504 4872 Porro
2542 4815 2711 4869 sciens
2750 4811 2954 4867 Paulus
2991 4829 3149 4887 unam
3190 4822 3393 4881 partem
3425 4829 3534 4868 esse

267 4909 584 4972 δουκαίων,
634 4908 703 4962 τό
736 4907 804 4961 δὲ
853 4906 1062 4977 ἕτερον
1099 4906 1460 4975 Φαρισαίων,
1495 4903 1750 4972 ἔκραξεν
1780 4906 1851 4959 ἐν

265 5001 339 5066 τῷ
373 5001 677 5071 συνεδρίῳ
700 5016 714 5032 ’
768 4999 1011 5068 Ἄνδρες
1048 4997 1324 5068 ἀδελφοὶ,
1363 4994 1479 5066 ἐγὼ
1523 4995 1850 5064 Φαρισαῖός

266 5097 371 5163 ειμι
402 5096 536 5162 υίὸς
571 5091 899 5161 Φαρισαίου
927 5108 941 5123 ·
986 5089 1120 5159 περὶ
1149 5087 1393 5156 ἐλπίδος
1430 5086 1530 5143 καὶ
1577 5089 1850 5143 ἀναστάσ

268 5200 416 5253 σεως
446 5183 682 5255 νεκρῶν
703 5182 819 5252 ἐγὼ
851 5182 1145 5251 κρίνομαι.

338 5302 525 5357 Τοῦτο
576 5298 644 5353 δὲ
693 5296 882 5352 αὑτοῦ
912 5294 1325 5361 λαλήσαντος,
1360 5294 1600 5364 ἐγένετο
1634 5291 1856 5358 στάσις

271 5392 384 5445 τῶν
406 5391 747 5462 Φαρισαίων
779 5389 878 5443 καὶ
912 5390 954 5420 ⁸⁷
983 5386 1427 5452 Σαδδουκαίων,
1458 5384 1556 5439 καί
1590 5384 1851 5453 ἐσχίσθη

272 5485 336 5536 τὸ
361 5481 621 5553 πλῆθος.

1958 4907 2397 4970 Sadducworum,
2426 4904 2649 4959 alterunt
2680 4920 2799 4959 vero
2834 4902 3247 4968 Pliarisworum,
3277 4906 3535 4973 vocifera-

1959 5014 2042 5056 tus
2066 5003 2219 5055 estin
2252 5001 2474 5056 concilio
2500 5017 2519 5056 :
2559 5000 2672 5055 Viri
2692 5002 2905 5071 fratres,
2941 5016 3035 5069 ego
3067 4999 3365 5054 Pharisa'us
3391 5018 3531 5062 sum,

1959 5102 2113 5162 atque
2142 5093 2303 5146 etiam
2343 5092 2604 5146 Pltariswi
2632 5091 2777 5160 [ilius
2801 5105 2818 5143 :
2844 5091 2908 5145 de
2935 5105 3026 5159 spe
3057 5100 3108 5145 et
3158 5106 3395 5146 resurrcc
3419 5091 3534 5144 ioue

1960 5194 2292 5237 mortuorum
2326 5199 2421 5254 ego
2453 5198 2674 5236 causam
2703 5180 2842 5237 dico.

2029 5295 2191 5351 Vsus.
2233 5296 2288 5350 7.
2325 5294 2478 5360 Quod
2511 5294 2599 5348 ubi
2635 5293 2844 5348 locutus
2862 5303 2975 5360 est,
3024 5304 3142 5347 orta
3171 5302 3247 5346 est
3279 5289 3530 5344 dissensio

1960 5388 2099 5441 inter
2118 5386 2417 5441 Pltarisa'os
2437 5396 2485 5441 et
2502 5384 2841 5452 Sodducceos,
2862 5395 2912 5440 et
2938 5382 3218 5438 multitudo
3240 5380 3406 5435 divisa
3428 5389 3527 5435 est.

1491 5570 1694 5634 Varias
1727 5569 2038 5634 lectiones
2083 5576 2146 5632 el
2187 5576 2379 5633 notua.

340 5702 384 5735 "
406 5703 470 5757 In
508 5718 607 5758 uno
634 5702 844 5772 uulgato
867 5699 1157 5772 exemplari
1210 5708 1312 5772 est,
1341 5698 1726 5772 κατηγορεῖτο.

287 5770 610 5840 desideratur
635 5776 687 5826 in
723 5770 1103 5840 manuscripto.

280 5838 322 5871 "
352 5838 418 5894 In
444 5843 671 5907 uulqatis
686 5841 948 5912 adjectum
976 5838 1079 5909 est,
1111 5839 1240 5894 τῶν.

1839 5696 1906 5729 ⁸³·
1943 5695 2005 5751 In
2028 5696 2252 5767 vulgatis
2289 5712 2390 5767 non
2438 5702 2536 5759 est,
2593 5694 2751 5767 πρός.

1215 5770 1260 5801 ⁸⁵
1284 5767 1350 5823 In
1373 5769 1621 5840 vulgatis,
1653 5767 1757 5838 ἔφη
1789 5783 1871 5822 τε.

2861 5692 2907 5769 ξ’
2935 5692 3103 5769 τετχι,
3127 5695 3267 5745 erat.
3359 5684 3409 5720 “
3439 5703 3529 5769 ps,

2001 5769 2047 5800 “
2075 5761 2279 5835 opinor
2320 5766 2403 5820 hic
2448 5761 2784 5834 repetendam
2828 5761 3132 5827 dictionem,
3172 5761 3531 5830 παρανομῶν.
