  <div class='ocr_page' id='page_1' title='image "/cluster/home/n/w/nwhite01/storage/ocr_20150623/125:no.3/coo.31924054870302/415.png"; bbox 0 0 4114 6472; ppageno 0'>
   <div class='ocr_carea' id='block_1_1' title="bbox 394 418 517 483">
    <p class='ocr_par' dir='ltr' id='par_1_1' title="bbox 394 418 517 483">
     <span class='ocr_line' id='line_1_1' title="bbox 394 418 517 483; baseline 0.016 -2"><span class='ocrx_word' id='word_1_1' title='bbox 394 418 517 483; x_wconf 62' lang='lat'><strong><em>$15</em></strong></span> 
     </span>
    </p>
   </div>
   <div class='ocr_carea' id='block_1_2' title="bbox 1332 416 2742 487">
    <p class='ocr_par' dir='ltr' id='par_1_2' title="bbox 1332 416 2742 487">
     <span class='ocr_line' id='line_1_2' title="bbox 1332 416 2742 487; baseline 0.006 -10"><span class='ocrx_word' id='word_1_2' title='bbox 1332 416 1907 477; x_wconf 83' lang='lat' dir='ltr'><strong><em>THEUPHYLACTI</em></strong></span> <span class='ocrx_word' id='word_1_3' title='bbox 1947 417 2357 479; x_wconf 74' lang='lat' dir='ltr'><strong><em>BULGARI/E</em></strong></span> <span class='ocrx_word' id='word_1_4' title='bbox 2390 421 2742 487; x_wconf 74' lang='lat' dir='ltr'><strong><em>ARCHIEP.</em></strong></span> 
     </span>
    </p>
   </div>
   <div class='ocr_carea' id='block_1_3' title="bbox 471 508 2059 596">
    <p class='ocr_par' dir='ltr' id='par_1_3' title="bbox 471 508 2059 596">
     <span class='ocr_line' id='line_1_3' title="bbox 471 508 2059 596; baseline -0.003 -13"><span class='ocrx_word' id='word_1_5' title='bbox 471 529 638 583; x_wconf 73' lang='lat' dir='ltr'><strong><em>Vens.</em></strong></span> <span class='ocrx_word' id='word_1_6' title='bbox 673 528 727 581; x_wconf 73' lang='grc' dir='ltr'><strong><em>(ξ.</em></strong></span> <span class='ocrx_word' id='word_1_7' title='bbox 761 526 1121 583; x_wconf 75' lang='lat' dir='ltr'><strong><em>Conve‘ncrunt</em></strong></span> <span class='ocrx_word' id='word_1_8' title='bbox 1150 534 1330 580; x_wconf 83' lang='lat' dir='ltr'><strong><em>autem</em></strong></span> <span class='ocrx_word' id='word_1_9' title='bbox 1363 541 1481 580; x_wconf 88' lang='lat' dir='ltr'><strong><em>eum</em></strong></span> <span class='ocrx_word' id='word_1_10' title='bbox 1511 508 1771 596; x_wconf 81' lang='lat' dir='ltr'><strong><em>principes</em></strong></span> <span class='ocrx_word' id='word_1_11' title='bbox 1802 541 1982 579; x_wconf 89' lang='lat' dir='ltr'><strong><em>sacer-</em></strong></span> <span class='ocrx_word' id='word_1_12' title='bbox 2007 527 2059 589; x_wconf 79' lang='grc' dir='ltr'><strong>Λ</strong></span> 
     </span>
    </p>
   </div>
   <div class='ocr_carea' id='block_1_4' title="bbox 3553 426 3666 494">
    <p class='ocr_par' dir='ltr' id='par_1_4' title="bbox 3553 426 3666 494">
     <span class='ocr_line' id='line_1_4' title="bbox 3553 426 3666 494; baseline 0 -1"><span class='ocrx_word' id='word_1_13' title='bbox 3553 426 3666 494; x_wconf 66' lang='lat'><strong><em>815</em></strong></span> 
     </span>
    </p>
   </div>
   <div class='ocr_carea' id='block_1_5' title="bbox 2168 525 3657 611">
    <p class='ocr_par' dir='ltr' id='par_1_5' title="bbox 2168 525 3657 611">
     <span class='ocr_line' id='line_1_5' title="bbox 2168 525 3657 611; baseline 0.011 -31"><span class='ocrx_word' id='word_1_14' title='bbox 2168 525 2573 597; x_wconf 68' lang='grc' dir='ltr'><em>Ἐνεφάνισαν</em></span> <span class='ocrx_word' id='word_1_15' title='bbox 2609 529 2678 584; x_wconf 80' lang='grc' dir='ltr'><em>δὲ</em></span> <span class='ocrx_word' id='word_1_16' title='bbox 2705 531 2866 598; x_wconf 81' lang='grc' dir='ltr'><em>αὐτῷ</em></span> <span class='ocrx_word' id='word_1_17' title='bbox 2897 535 2929 588; x_wconf 84' lang='grc' dir='ltr'><strong><em>ό</em></strong></span> <span class='ocrx_word' id='word_1_18' title='bbox 2956 535 3269 605; x_wconf 78' lang='grc' dir='ltr'><em>ἀρχιερεὺς</em></span> <span class='ocrx_word' id='word_1_19' title='bbox 3299 540 3394 593; x_wconf 75' lang='grc' dir='ltr'><em>καὶ</em></span> <span class='ocrx_word' id='word_1_20' title='bbox 3421 543 3477 595; x_wconf 81' lang='grc' dir='ltr'><em>οι</em></span> <span class='ocrx_word' id='word_1_21' title='bbox 3503 542 3657 611; x_wconf 79' lang='grc' dir='ltr'><em>πρῶ-</em></span> 
     </span>
    </p>
   </div>
   <div class='ocr_carea' id='block_1_6' title="bbox 398 615 1975 703">
    <p class='ocr_par' dir='ltr' id='par_1_6' title="bbox 398 615 1975 688">
     <span class='ocr_line' id='line_1_6' title="bbox 398 615 1975 688; baseline -0.003 -14"><span class='ocrx_word' id='word_1_22' title='bbox 398 623 588 675; x_wconf 82' lang='lat' dir='ltr'><strong><em>dotum</em></strong></span> <span class='ocrx_word' id='word_1_23' title='bbox 646 636 710 673; x_wconf 90' lang='lat' dir='ltr'><strong><em>ac</em></strong></span> <span class='ocrx_word' id='word_1_24' title='bbox 755 620 915 688; x_wconf 87' lang='lat' dir='ltr'><strong><em>primi</em></strong></span> <span class='ocrx_word' id='word_1_25' title='bbox 959 617 1272 673; x_wconf 76' lang='lat' dir='ltr'><strong><em>Juda‘orum</em></strong></span> <span class='ocrx_word' id='word_1_26' title='bbox 1303 618 1366 672; x_wconf 87' lang='lat' dir='ltr'><strong><em>de</em></strong></span> <span class='ocrx_word' id='word_1_27' title='bbox 1397 615 1571 669; x_wconf 82' lang='lat' dir='ltr'><strong><em>Paulo</em></strong></span> <span class='ocrx_word' id='word_1_28' title='bbox 1603 628 1622 665; x_wconf 89' lang='lat'><strong><em>.&#39;</em></strong></span> <span class='ocrx_word' id='word_1_29' title='bbox 1672 625 1720 671; x_wconf 81' lang='lat' dir='ltr'><strong><em>et</em></strong></span> <span class='ocrx_word' id='word_1_30' title='bbox 1758 616 1975 670; x_wconf 83' lang='lat' dir='ltr'><strong><em>orabam</em></strong></span> 
     </span>
    </p>
   </div>
   <div class='ocr_carea' id='block_1_7' title="bbox 2075 615 3664 703">
    <p class='ocr_par' dir='ltr' id='par_1_7' title="bbox 2086 618 3664 703">
     <span class='ocr_line' id='line_1_7' title="bbox 2086 618 3664 703; baseline 0.011 -33"><span class='ocrx_word' id='word_1_31' title='bbox 2086 634 2175 672; x_wconf 87' lang='grc' dir='ltr'><strong><em>τοι</em></strong></span> <span class='ocrx_word' id='word_1_32' title='bbox 2225 618 2343 672; x_wconf 85' lang='grc' dir='ltr'><strong><em>τῶν</em></strong></span> <span class='ocrx_word' id='word_1_33' title='bbox 2385 621 2690 675; x_wconf 74' lang='grc' dir='ltr'><strong><em>Ἰουδαίων</em></strong></span> <span class='ocrx_word' id='word_1_34' title='bbox 2730 623 2881 678; x_wconf 81' lang='grc' dir='ltr'><em>κατὰ</em></span> <span class='ocrx_word' id='word_1_35' title='bbox 2930 627 3035 680; x_wconf 86' lang='grc' dir='ltr'><strong><em>τοῦ</em></strong></span> <span class='ocrx_word' id='word_1_36' title='bbox 3080 630 3355 686; x_wconf 82' lang='grc' dir='ltr'><em>Παύλου⁶</em></span> <span class='ocrx_word' id='word_1_37' title='bbox 3388 630 3489 686; x_wconf 73' lang='grc' dir='ltr'><em>καὶ</em></span> <span class='ocrx_word' id='word_1_38' title='bbox 3517 646 3664 703; x_wconf 83' lang='grc' dir='ltr'><em>παρ-</em></span> 
     </span>
    </p>
   </div>
   <div class='ocr_carea' id='block_1_8' title="bbox 402 724 542 772">
    <p class='ocr_par' dir='ltr' id='par_1_8' title="bbox 402 724 542 772">
     <span class='ocr_line' id='line_1_8' title="bbox 402 724 542 772; baseline -0.021 -10"><span class='ocrx_word' id='word_1_39' title='bbox 402 724 542 772; x_wconf 72' lang='lat' dir='ltr'><strong><em>enni,</em></strong></span> 
     </span>
    </p>
   </div>
   <div class='ocr_carea' id='block_1_9' title="bbox 477 792 1979 865">
    <p class='ocr_par' dir='ltr' id='par_1_9' title="bbox 477 792 1979 865">
     <span class='ocr_line' id='line_1_9' title="bbox 477 792 1979 865; baseline -0.005 -14"><span class='ocrx_word' id='word_1_40' title='bbox 477 797 640 852; x_wconf 79' lang='lat' dir='ltr'><strong><em>Vens.</em></strong></span> <span class='ocrx_word' id='word_1_41' title='bbox 677 797 731 852; x_wconf 79' lang='lat'><strong><em>5.</em></strong></span> <span class='ocrx_word' id='word_1_42' title='bbox 776 796 1014 851; x_wconf 83' lang='lat' dir='ltr'><strong><em>Petentes</em></strong></span> <span class='ocrx_word' id='word_1_43' title='bbox 1053 806 1227 849; x_wconf 86' lang='lat' dir='ltr'><strong><em>autem</em></strong></span> <span class='ocrx_word' id='word_1_44' title='bbox 1261 795 1496 865; x_wconf 88' lang='lat' dir='ltr'><strong><em>gratiam</em></strong></span> <span class='ocrx_word' id='word_1_45' title='bbox 1519 796 1768 850; x_wconf 86' lang='lat' dir='ltr'><strong><em>adversus</em></strong></span> <span class='ocrx_word' id='word_1_46' title='bbox 1804 792 1979 854; x_wconf 88' lang='lat' dir='ltr'><strong><em>illum,</em></strong></span> 
     </span>
    </p>
   </div>
   <div class='ocr_carea' id='block_1_10' title="bbox 402 884 1980 958">
    <p class='ocr_par' dir='ltr' id='par_1_10' title="bbox 402 884 1980 958">
     <span class='ocr_line' id='line_1_10' title="bbox 402 884 1980 958; baseline -0.004 -16"><span class='ocrx_word' id='word_1_47' title='bbox 402 898 460 943; x_wconf 91' lang='lat' dir='ltr'><strong><em>ut</em></strong></span> <span class='ocrx_word' id='word_1_48' title='bbox 501 889 710 958; x_wconf 82' lang='lat' dir='ltr'><strong><em>juberet</em></strong></span> <span class='ocrx_word' id='word_1_49' title='bbox 764 888 979 955; x_wconf 77' lang='lat' dir='ltr'><strong><em>perduci</em></strong></span> <span class='ocrx_word' id='word_1_50' title='bbox 1020 902 1137 940; x_wconf 87' lang='lat' dir='ltr'><strong><em>eum</em></strong></span> <span class='ocrx_word' id='word_1_51' title='bbox 1174 886 1230 938; x_wconf 89' lang='lat' dir='ltr'><strong><em>in</em></strong></span> <span class='ocrx_word' id='word_1_52' title='bbox 1260 885 1576 950; x_wconf 74' lang='lat' dir='ltr'><strong><em>Jerusalem,</em></strong></span> <span class='ocrx_word' id='word_1_53' title='bbox 1625 884 1849 938; x_wconf 76' lang='lat' dir='ltr'><strong><em>insidias</em></strong></span> <span class='ocrx_word' id='word_1_54' title='bbox 1900 884 1980 952; x_wconf 75' lang='lat' dir='ltr'><strong><em>[a-</em></strong></span> 
     </span>
    </p>
   </div>
   <div class='ocr_carea' id='block_1_11' title="bbox 404 975 1585 1045">
    <p class='ocr_par' dir='ltr' id='par_1_11' title="bbox 404 975 1585 1045">
     <span class='ocr_line' id='line_1_11' title="bbox 404 975 1585 1045; baseline -0.003 -12"><span class='ocrx_word' id='word_1_55' title='bbox 404 983 617 1044; x_wconf 86' lang='lat' dir='ltr'><strong><em>cientes,</em></strong></span> <span class='ocrx_word' id='word_1_56' title='bbox 652 988 708 1032; x_wconf 87' lang='lat' dir='ltr'><strong><em>ut</em></strong></span> <span class='ocrx_word' id='word_1_57' title='bbox 743 977 1087 1045; x_wconf 82' lang='lat' dir='ltr'><strong><em>interﬁcerent</em></strong></span> <span class='ocrx_word' id='word_1_58' title='bbox 1119 975 1271 1029; x_wconf 83' lang='lat' dir='ltr'><strong><em>illum</em></strong></span> <span class='ocrx_word' id='word_1_59' title='bbox 1297 976 1352 1029; x_wconf 90' lang='lat' dir='ltr'><strong><em>in</em></strong></span> <span class='ocrx_word' id='word_1_60' title='bbox 1378 976 1585 1029; x_wconf 76' lang='lat' dir='ltr'><strong><em>itinere.</em></strong></span> 
     </span>
    </p>
   </div>
   <div class='ocr_carea' id='block_1_12' title="bbox 480 1065 1977 1136">
    <p class='ocr_par' dir='ltr' id='par_1_12' title="bbox 480 1065 1977 1136">
     <span class='ocr_line' id='line_1_12' title="bbox 480 1065 1977 1136; baseline -0.004 -13"><span class='ocrx_word' id='word_1_61' title='bbox 480 1071 637 1124; x_wconf 67' lang='lat' dir='ltr'><strong><em>Vens.</em></strong></span> <span class='ocrx_word' id='word_1_62' title='bbox 671 1071 726 1124; x_wconf 69' lang='grc'><strong>4.</strong></span> <span class='ocrx_word' id='word_1_63' title='bbox 760 1066 948 1122; x_wconf 81' lang='lat' dir='ltr'><strong><em>Festus</em></strong></span> <span class='ocrx_word' id='word_1_64' title='bbox 983 1077 1161 1122; x_wconf 89' lang='lat' dir='ltr'><strong><em>autem</em></strong></span> <span class='ocrx_word' id='word_1_65' title='bbox 1191 1068 1475 1136; x_wconf 81' lang='lat' dir='ltr'><strong><em>respondit,</em></strong></span> <span class='ocrx_word' id='word_1_66' title='bbox 1510 1065 1742 1121; x_wconf 87' lang='lat' dir='ltr'><strong><em>Paulum</em></strong></span> <span class='ocrx_word' id='word_1_67' title='bbox 1768 1066 1977 1131; x_wconf 81' lang='lat' dir='ltr'><strong><em>quidem</em></strong></span> 
     </span>
    </p>
   </div>
   <div class='ocr_carea' id='block_1_13' title="bbox 402 1157 1981 1227">
    <p class='ocr_par' dir='ltr' id='par_1_13' title="bbox 402 1157 1981 1227">
     <span class='ocr_line' id='line_1_13' title="bbox 402 1157 1981 1227; baseline -0.004 -9"><span class='ocrx_word' id='word_1_68' title='bbox 402 1162 657 1218; x_wconf 74' lang='lat' dir='ltr'><strong><em>Cwsarea:</em></strong></span> <span class='ocrx_word' id='word_1_69' title='bbox 684 1160 968 1224; x_wconf 77' lang='lat' dir='ltr'><strong><em>asservari,</em></strong></span> <span class='ocrx_word' id='word_1_70' title='bbox 993 1175 1046 1213; x_wconf 84' lang='lat' dir='ltr'><strong><em>se</em></strong></span> <span class='ocrx_word' id='word_1_71' title='bbox 1067 1175 1189 1214; x_wconf 89' lang='lat' dir='ltr'><strong><em>vero</em></strong></span> <span class='ocrx_word' id='word_1_72' title='bbox 1235 1168 1635 1214; x_wconf 84' lang='lat' dir='ltr'><strong><em>muturaturum</em></strong></span> <span class='ocrx_word' id='word_1_73' title='bbox 1690 1157 1783 1211; x_wconf 89' lang='lat' dir='ltr'><strong><em>illo</em></strong></span> <span class='ocrx_word' id='word_1_74' title='bbox 1815 1157 1981 1227; x_wconf 79' lang='lat' dir='ltr'><strong><em>proft-</em></strong></span> 
     </span>
    </p>
   </div>
   <div class='ocr_carea' id='block_1_14' title="bbox 399 1254 543 1308">
    <p class='ocr_par' dir='ltr' id='par_1_14' title="bbox 399 1254 543 1308">
     <span class='ocr_line' id='line_1_14' title="bbox 399 1254 543 1308; baseline -0.014 -1"><span class='ocrx_word' id='word_1_75' title='bbox 399 1254 543 1308; x_wconf 87' lang='lat' dir='ltr'><strong><em>cisci.</em></strong></span> 
     </span>
    </p>
   </div>
   <div class='ocr_carea' id='block_1_15' title="bbox 471 1356 1975 1428">
    <p class='ocr_par' dir='ltr' id='par_1_15' title="bbox 471 1356 1975 1428">
     <span class='ocr_line' id='line_1_15' title="bbox 471 1356 1975 1428; baseline -0.002 -17"><span class='ocrx_word' id='word_1_76' title='bbox 471 1356 639 1413; x_wconf 75' lang='lat' dir='ltr'><strong><em>Vens.</em></strong></span> <span class='ocrx_word' id='word_1_77' title='bbox 670 1357 723 1413; x_wconf 79' lang='lat'><strong><em>5.</em></strong></span> <span class='ocrx_word' id='word_1_78' title='bbox 754 1356 855 1423; x_wconf 85' lang='lat' dir='ltr'><strong><em>Qui</em></strong></span> <span class='ocrx_word' id='word_1_79' title='bbox 888 1367 1118 1411; x_wconf 84' lang='lat' dir='ltr'><strong><em>vestrum</em></strong></span> <span class='ocrx_word' id='word_1_80' title='bbox 1154 1359 1321 1428; x_wconf 81' lang='lat' dir='ltr'><strong><em>igitur</em></strong></span> <span class='ocrx_word' id='word_1_81' title='bbox 1358 1364 1596 1427; x_wconf 88' lang='lat' dir='ltr'><strong><em>possunt,</em></strong></span> <span class='ocrx_word' id='word_1_82' title='bbox 1634 1356 1826 1426; x_wconf 82' lang='lat' dir='ltr'><strong><em>inquit,</em></strong></span> <span class='ocrx_word' id='word_1_83' title='bbox 1867 1370 1975 1408; x_wconf 79' lang='lat' dir='ltr'><strong><em>una</em></strong></span> 
     </span>
    </p>
   </div>
   <div class='ocr_carea' id='block_1_16' title="bbox 398 1448 1978 1521">
    <p class='ocr_par' dir='ltr' id='par_1_16' title="bbox 398 1448 1978 1521">
     <span class='ocr_line' id='line_1_16' title="bbox 398 1448 1978 1521; baseline -0.004 -15"><span class='ocrx_word' id='word_1_84' title='bbox 398 1467 601 1506; x_wconf 87' lang='lat' dir='ltr'><strong><em>mecum</em></strong></span> <span class='ocrx_word' id='word_1_85' title='bbox 630 1450 972 1517; x_wconf 77' lang='lat' dir='ltr'><strong><em>descendant,</em></strong></span> <span class='ocrx_word' id='word_1_86' title='bbox 1006 1461 1055 1505; x_wconf 88' lang='lat' dir='ltr'><strong><em>et</em></strong></span> <span class='ocrx_word' id='word_1_87' title='bbox 1088 1452 1134 1506; x_wconf 89' lang='lat' dir='ltr'><strong><em>si</em></strong></span> <span class='ocrx_word' id='word_1_88' title='bbox 1161 1449 1286 1521; x_wconf 87' lang='lat' dir='ltr'><strong><em>quid</em></strong></span> <span class='ocrx_word' id='word_1_89' title='bbox 1314 1452 1368 1504; x_wconf 86' lang='lat' dir='ltr'><strong><em>in</em></strong></span> <span class='ocrx_word' id='word_1_90' title='bbox 1397 1451 1492 1503; x_wconf 87' lang='lat' dir='ltr'><strong><em>hoc</em></strong></span> <span class='ocrx_word' id='word_1_91' title='bbox 1520 1449 1728 1503; x_wconf 83' lang='lat' dir='ltr'><strong><em>homine</em></strong></span> <span class='ocrx_word' id='word_1_92' title='bbox 1745 1448 1978 1502; x_wconf 82' lang='lat' dir='ltr'><strong><em>criminis</em></strong></span> 
     </span>
    </p>
   </div>
   <div class='ocr_carea' id='block_1_17' title="bbox 400 1554 922 1613">
    <p class='ocr_par' dir='ltr' id='par_1_17' title="bbox 400 1554 922 1613">
     <span class='ocr_line' id='line_1_17' title="bbox 400 1554 922 1613; baseline -0.002 -14"><span class='ocrx_word' id='word_1_93' title='bbox 400 1554 496 1613; x_wconf 83' lang='lat' dir='ltr'><strong><em>est,</em></strong></span> <span class='ocrx_word' id='word_1_94' title='bbox 534 1554 774 1599; x_wconf 73' lang='lat' dir='ltr'><strong><em>accusent</em></strong></span> <span class='ocrx_word' id='word_1_95' title='bbox 805 1561 922 1598; x_wconf 89' lang='lat' dir='ltr'><strong><em>eum</em></strong></span> 
     </span>
    </p>
   </div>
   <div class='ocr_carea' id='block_1_18' title="bbox 475 1629 1975 1701">
    <p class='ocr_par' dir='ltr' id='par_1_18' title="bbox 475 1629 1975 1701">
     <span class='ocr_line' id='line_1_18' title="bbox 475 1629 1975 1701; baseline -0.005 -10"><span class='ocrx_word' id='word_1_96' title='bbox 475 1635 593 1691; x_wconf 83' lang='lat' dir='ltr'><strong><em>Una</em></strong></span> <span class='ocrx_word' id='word_1_97' title='bbox 652 1653 770 1690; x_wconf 88' lang='lat' dir='ltr'><strong><em>cum</em></strong></span> <span class='ocrx_word' id='word_1_98' title='bbox 827 1634 1066 1689; x_wconf 84' lang='lat' dir='ltr'><strong><em>Drusilla</em></strong></span> <span class='ocrx_word' id='word_1_99' title='bbox 1097 1649 1263 1689; x_wconf 71' lang='lat' dir='ltr'><strong><em>uxore</em></strong></span> <span class='ocrx_word' id='word_1_100' title='bbox 1298 1650 1416 1688; x_wconf 84' lang='lat' dir='ltr'><strong><em>sua.</em></strong></span> <span class='ocrx_word' id='word_1_101' title='bbox 1475 1630 1755 1687; x_wconf 76' lang='lat' dir='ltr'><strong><em>Adversus</em></strong></span> <span class='ocrx_word' id='word_1_102' title='bbox 1801 1629 1975 1701; x_wconf 77' lang='lat' dir='ltr'><strong><em>legem</em></strong></span> 
     </span>
    </p>
   </div>
   <div class='ocr_carea' id='block_1_19' title="bbox 401 1722 1976 1797">
    <p class='ocr_par' dir='ltr' id='par_1_19' title="bbox 401 1722 1976 1797">
     <span class='ocr_line' id='line_1_19' title="bbox 401 1722 1976 1797; baseline -0.004 -15"><span class='ocrx_word' id='word_1_103' title='bbox 401 1726 567 1784; x_wconf 76' lang='lat' dir='ltr'><strong><em>Mosis</em></strong></span> <span class='ocrx_word' id='word_1_104' title='bbox 594 1730 743 1789; x_wconf 71' lang='lat' dir='ltr'><strong><em>luce;</em></strong></span> <span class='ocrx_word' id='word_1_105' title='bbox 765 1743 885 1797; x_wconf 71' lang='grc' dir='ltr'><em>(ιιιεε</em></span> <span class='ocrx_word' id='word_1_106' title='bbox 919 1726 1261 1792; x_wconf 74' lang='lat' dir='ltr'><strong><em>eratludzea,</em></strong></span> <span class='ocrx_word' id='word_1_107' title='bbox 1290 1725 1642 1780; x_wconf 87' lang='lat' dir='ltr'><strong><em>matrimonio</em></strong></span> <span class='ocrx_word' id='word_1_108' title='bbox 1683 1722 1976 1792; x_wconf 86' lang='lat' dir='ltr'><strong><em>conjuncta</em></strong></span> 
     </span>
    </p>
   </div>
   <div class='ocr_carea' id='block_1_20' title="bbox 400 1814 1969 1887">
    <p class='ocr_par' dir='ltr' id='par_1_20' title="bbox 400 1814 1969 1887">
     <span class='ocr_line' id='line_1_20' title="bbox 400 1814 1969 1887; baseline -0.004 -11"><span class='ocrx_word' id='word_1_109' title='bbox 400 1822 504 1876; x_wconf 75' lang='lat' dir='ltr'><strong><em>fuit</em></strong></span> <span class='ocrx_word' id='word_1_110' title='bbox 532 1836 659 1874; x_wconf 88' lang='lat' dir='ltr'><strong><em>cum</em></strong></span> <span class='ocrx_word' id='word_1_111' title='bbox 691 1819 879 1875; x_wconf 71' lang='lat' dir='ltr'><strong><em>Grmco</em></strong></span> <span class='ocrx_word' id='word_1_112' title='bbox 912 1836 926 1872; x_wconf 90' lang='lat'><strong>:</strong></span> <span class='ocrx_word' id='word_1_113' title='bbox 967 1827 1061 1873; x_wconf 89' lang='lat' dir='ltr'><strong><em>aut</em></strong></span> <span class='ocrx_word' id='word_1_114' title='bbox 1095 1818 1322 1872; x_wconf 78' lang='lat' dir='ltr'><strong><em>forsitan</em></strong></span> <span class='ocrx_word' id='word_1_115' title='bbox 1360 1825 1477 1872; x_wconf 84' lang='lat' dir='ltr'><strong><em>erat</em></strong></span> <span class='ocrx_word' id='word_1_116' title='bbox 1513 1816 1734 1887; x_wconf 85' lang='lat' dir='ltr'><strong><em>quidem</em></strong></span> <span class='ocrx_word' id='word_1_117' title='bbox 1763 1814 1969 1880; x_wconf 58' lang='lat' dir='ltr'><strong><em>induta,</em></strong></span> 
     </span>
    </p>
   </div>
   <div class='ocr_carea' id='block_1_21' title="bbox 2084 708 2684 767">
    <p class='ocr_par' dir='ltr' id='par_1_21' title="bbox 2084 708 2684 767">
     <span class='ocr_line' id='line_1_21' title="bbox 2084 708 2684 767; baseline 0.007 -5"><span class='ocrx_word' id='word_1_118' title='bbox 2084 708 2352 765; x_wconf 70' lang='grc' dir='ltr'><em>εκάιουν</em></span> <span class='ocrx_word' id='word_1_119' title='bbox 2388 714 2576 767; x_wconf 79' lang='grc' dir='ltr'><em>αὐτόν</em></span> <span class='ocrx_word' id='word_1_120' title='bbox 2598 714 2643 746; x_wconf 67' lang='grc'><strong><em>³⁸</em></strong></span> <span class='ocrx_word' id='word_1_121' title='bbox 2669 729 2684 746; x_wconf 77' lang='grc' dir='ltr'><strong><em>ο</em></strong></span> 
     </span>
    </p>
   </div>
   <div class='ocr_carea' id='block_1_22' title="bbox 2155 804 3663 884">
    <p class='ocr_par' dir='ltr' id='par_1_22' title="bbox 2155 804 3663 884">
     <span class='ocr_line' id='line_1_22' title="bbox 2155 804 3663 884; baseline 0.007 -28"><span class='ocrx_word' id='word_1_122' title='bbox 2155 804 2505 874; x_wconf 81' lang='grc' dir='ltr'><em>Αίτούμενοι</em></span> <span class='ocrx_word' id='word_1_123' title='bbox 2539 809 2716 877; x_wconf 78' lang='grc' dir='ltr'><em>χάριν</em></span> <span class='ocrx_word' id='word_1_124' title='bbox 2751 810 2876 864; x_wconf 81' lang='grc' dir='ltr'><em>κατ’</em></span> <span class='ocrx_word' id='word_1_125' title='bbox 2921 812 3128 876; x_wconf 80' lang='grc' dir='ltr'><em>αὐτοῦ,</em></span> <span class='ocrx_word' id='word_1_126' title='bbox 3164 814 3324 881; x_wconf 79' lang='grc' dir='ltr'><em>ὅπως</em></span> <span class='ocrx_word' id='word_1_127' title='bbox 3362 814 3663 884; x_wconf 84' lang='grc' dir='ltr'><em>μεταπέμ-</em></span> 
     </span>
    </p>
   </div>
   <div class='ocr_carea' id='block_1_23' title="bbox 2083 898 3665 976">
    <p class='ocr_par' dir='ltr' id='par_1_23' title="bbox 2083 898 3665 976">
     <span class='ocr_line' id='line_1_23' title="bbox 2083 898 3665 976; baseline 0.007 -26"><span class='ocrx_word' id='word_1_128' title='bbox 2083 898 2269 964; x_wconf 72' lang='grc' dir='ltr'><em>ψηται</em></span> <span class='ocrx_word' id='word_1_129' title='bbox 2310 901 2496 954; x_wconf 78' lang='grc' dir='ltr'><em>αὐτὸν</em></span> <span class='ocrx_word' id='word_1_130' title='bbox 2543 905 2630 970; x_wconf 79' lang='grc' dir='ltr'><strong><em>εἷς</em></strong></span> <span class='ocrx_word' id='word_1_131' title='bbox 2685 905 3102 974; x_wconf 72' lang='grc' dir='ltr'><em>Ἰερουσαλὴμ,</em></span> <span class='ocrx_word' id='word_1_132' title='bbox 3133 906 3388 976; x_wconf 63' lang='grc' dir='ltr'><em>ἐνέδραν</em></span> <span class='ocrx_word' id='word_1_133' title='bbox 3421 907 3665 962; x_wconf 84' lang='grc' dir='ltr'><em>ποιοῦν-</em></span> 
     </span>
    </p>
   </div>
   <div class='ocr_carea' id='block_1_24' title="bbox 2084 991 3194 1063">
    <p class='ocr_par' dir='ltr' id='par_1_24' title="bbox 2084 991 3194 1063">
     <span class='ocr_line' id='line_1_24' title="bbox 2084 991 3194 1063; baseline 0.012 -23"><span class='ocrx_word' id='word_1_134' title='bbox 2084 1005 2183 1054; x_wconf 83' lang='grc' dir='ltr'><strong><em>τες</em></strong></span> <span class='ocrx_word' id='word_1_135' title='bbox 2215 991 2459 1046; x_wconf 73' lang='grc' dir='ltr'><em>ἀνελεῖν</em></span> <span class='ocrx_word' id='word_1_136' title='bbox 2489 995 2679 1048; x_wconf 80' lang='grc' dir='ltr'><em>αὐτὸν</em></span> <span class='ocrx_word' id='word_1_137' title='bbox 2701 997 2850 1049; x_wconf 83' lang='grc' dir='ltr'><em>κατὰ</em></span> <span class='ocrx_word' id='word_1_138' title='bbox 2887 996 3002 1063; x_wconf 80' lang='grc' dir='ltr'><em>τὴν</em></span> <span class='ocrx_word' id='word_1_139' title='bbox 3030 997 3194 1053; x_wconf 79' lang='grc' dir='ltr'><em>ὀδόν.</em></span> 
     </span>
    </p>
   </div>
   <div class='ocr_carea' id='block_1_25' title="bbox 2164 1078 3663 1156">
    <p class='ocr_par' dir='ltr' id='par_1_25' title="bbox 2164 1078 3663 1156">
     <span class='ocr_line' id='line_1_25' title="bbox 2164 1078 3663 1156; baseline 0.007 -23"><span class='ocrx_word' id='word_1_140' title='bbox 2164 1081 2227 1133; x_wconf 90' lang='lat'><strong><em>&#39;0</em></strong></span> <span class='ocrx_word' id='word_1_141' title='bbox 2252 1080 2368 1149; x_wconf 83' lang='grc' dir='ltr'><em>μὲν</em></span> <span class='ocrx_word' id='word_1_142' title='bbox 2403 1078 2518 1137; x_wconf 83' lang='grc' dir='ltr'><em>οὖν</em></span> <span class='ocrx_word' id='word_1_143' title='bbox 2557 1084 2796 1152; x_wconf 81' lang='grc' dir='ltr'><em>Φῆστος</em></span> <span class='ocrx_word' id='word_1_144' title='bbox 2845 1086 3159 1153; x_wconf 80' lang='grc' dir='ltr'><em>ἀπεκρίθη,</em></span> <span class='ocrx_word' id='word_1_145' title='bbox 3200 1088 3507 1156; x_wconf 76' lang='grc' dir='ltr'><strong><em>τηρεῖσθαι</em></strong></span> <span class='ocrx_word' id='word_1_146' title='bbox 3552 1090 3663 1145; x_wconf 76' lang='grc' dir='ltr'><em>τὸν</em></span> 
     </span>
    </p>
   </div>
   <div class='ocr_carea' id='block_1_26' title="bbox 2082 1171 3661 1246">
    <p class='ocr_par' dir='ltr' id='par_1_26' title="bbox 2082 1171 3661 1246">
     <span class='ocr_line' id='line_1_26' title="bbox 2082 1171 3661 1246; baseline 0.007 -21"><span class='ocrx_word' id='word_1_147' title='bbox 2082 1171 2326 1227; x_wconf 84' lang='grc' dir='ltr'><em>Παῦλον</em></span> <span class='ocrx_word' id='word_1_148' title='bbox 2348 1173 2418 1226; x_wconf 87' lang='grc' dir='ltr'><strong><em>έν</em></strong></span> <span class='ocrx_word' id='word_1_149' title='bbox 2449 1176 2800 1244; x_wconf 72' lang='grc' dir='ltr'><em>Καισαρείᾳο</em></span> <span class='ocrx_word' id='word_1_150' title='bbox 2833 1175 3050 1231; x_wconf 81' lang='grc' dir='ltr'><em>ἑαυτὸν</em></span> <span class='ocrx_word' id='word_1_151' title='bbox 3086 1175 3153 1229; x_wconf 81' lang='grc' dir='ltr'><em>δὲ</em></span> <span class='ocrx_word' id='word_1_152' title='bbox 3182 1177 3436 1246; x_wconf 82' lang='grc' dir='ltr'><em>μέλλειν</em></span> <span class='ocrx_word' id='word_1_153' title='bbox 3461 1179 3532 1235; x_wconf 85' lang='grc' dir='ltr'><em>ἐν</em></span> <span class='ocrx_word' id='word_1_154' title='bbox 3559 1181 3661 1235; x_wconf 77' lang='grc' dir='ltr'><strong><em>τά·</em></strong></span> 
     </span>
    </p>
   </div>
   <div class='ocr_carea' id='block_1_27' title="bbox 2083 1263 2662 1330">
    <p class='ocr_par' dir='ltr' id='par_1_27' title="bbox 2083 1263 2662 1330">
     <span class='ocr_line' id='line_1_27' title="bbox 2083 1263 2662 1330; baseline 0.014 -16"><span class='ocrx_word' id='word_1_155' title='bbox 2083 1278 2175 1329; x_wconf 83' lang='grc' dir='ltr'><strong><em>κει</em></strong></span> <span class='ocrx_word' id='word_1_156' title='bbox 2212 1263 2571 1330; x_wconf 85' lang='grc' dir='ltr'><em>πορεύεσθαι</em></span> <span class='ocrx_word' id='word_1_157' title='bbox 2595 1267 2662 1322; x_wconf 77' lang='grc'><strong><em>’⁵.</em></strong></span> 
     </span>
    </p>
   </div>
   <div class='ocr_carea' id='block_1_28' title="bbox 2154 1351 3658 1436">
    <p class='ocr_par' dir='ltr' id='par_1_28' title="bbox 2154 1351 3658 1436">
     <span class='ocr_line' id='line_1_28' title="bbox 2154 1351 3658 1436; baseline 0.008 -28"><span class='ocrx_word' id='word_1_158' title='bbox 2154 1359 2220 1409; x_wconf 84' lang='lat' dir='ltr'><strong><em>Ol</em></strong></span> <span class='ocrx_word' id='word_1_159' title='bbox 2243 1351 2358 1411; x_wconf 84' lang='grc' dir='ltr'><em>οὖν</em></span> <span class='ocrx_word' id='word_1_160' title='bbox 2376 1356 2620 1413; x_wconf 74' lang='grc' dir='ltr'><em>δυνατοὶ</em></span> <span class='ocrx_word' id='word_1_161' title='bbox 2647 1359 2717 1413; x_wconf 86' lang='grc' dir='ltr'><em>ἐν</em></span> <span class='ocrx_word' id='word_1_162' title='bbox 2747 1361 2910 1431; x_wconf 84' lang='grc' dir='ltr'><em>ὑμῖν,</em></span> <span class='ocrx_word' id='word_1_163' title='bbox 2940 1363 3115 1433; x_wconf 69' lang='grc' dir='ltr'><em>φησι,</em></span> <span class='ocrx_word' id='word_1_164' title='bbox 3143 1364 3658 1436; x_wconf 76' lang='grc' dir='ltr'><em>συγκαταόἁντες,</em></span> 
     </span>
    </p>
   </div>
   <div class='ocr_carea' id='block_1_29' title="bbox 2081 1448 3661 1531">
    <p class='ocr_par' dir='ltr' id='par_1_29' title="bbox 2081 1448 3661 1531">
     <span class='ocr_line' id='line_1_29' title="bbox 2081 1448 3661 1531; baseline 0.006 -31"><span class='ocrx_word' id='word_1_165' title='bbox 2081 1448 2139 1501; x_wconf 88' lang='grc' dir='ltr'><em>εἷ</em></span> <span class='ocrx_word' id='word_1_166' title='bbox 2165 1464 2219 1502; x_wconf 87' lang='grc' dir='ltr'><strong><em>τι</em></strong></span> <span class='ocrx_word' id='word_1_167' title='bbox 2258 1448 2432 1505; x_wconf 76' lang='grc' dir='ltr'><em>ἔστιν</em></span> <span class='ocrx_word' id='word_1_168' title='bbox 2469 1451 2540 1506; x_wconf 84' lang='grc' dir='ltr'><em>ἐν</em></span> <span class='ocrx_word' id='word_1_169' title='bbox 2582 1451 2662 1518; x_wconf 88' lang='grc' dir='ltr'><em>τῷ</em></span> <span class='ocrx_word' id='word_1_170' title='bbox 2691 1453 2864 1523; x_wconf 77' lang='grc' dir='ltr'><em>ἀνδρὶ</em></span> <span class='ocrx_word' id='word_1_171' title='bbox 2891 1456 3101 1524; x_wconf 86' lang='grc' dir='ltr'><em>τούτῳ,</em></span> <span class='ocrx_word' id='word_1_172' title='bbox 3141 1460 3661 1531; x_wconf 74' lang='grc' dir='ltr'><strong><em>κατηγορείτωσαν</em></strong></span> 
     </span>
    </p>
   </div>
   <div class='ocr_carea' id='block_1_30' title="bbox 2079 1554 2265 1593">
    <p class='ocr_par' dir='ltr' id='par_1_30' title="bbox 2079 1554 2265 1593">
     <span class='ocr_line' id='line_1_30' title="bbox 2079 1554 2265 1593; baseline 0.005 -1"><span class='ocrx_word' id='word_1_173' title='bbox 2079 1554 2265 1593; x_wconf 81' lang='grc' dir='ltr'><em>αυτου</em></span> 
     </span>
    </p>
   </div>
   <div class='ocr_carea' id='block_1_31' title="bbox 2151 1634 3659 1717">
    <p class='ocr_par' dir='ltr' id='par_1_31' title="bbox 2151 1634 3659 1717">
     <span class='ocr_line' id='line_1_31' title="bbox 2151 1634 3659 1717; baseline 0.007 -30"><span class='ocrx_word' id='word_1_174' title='bbox 2151 1634 2276 1688; x_wconf 86' lang='grc' dir='ltr'><strong><em>Σὺν</em></strong></span> <span class='ocrx_word' id='word_1_175' title='bbox 2299 1636 2643 1707; x_wconf 75' lang='grc' dir='ltr'><em>Δρουσίλλῃ</em></span> <span class='ocrx_word' id='word_1_176' title='bbox 2696 1640 2768 1710; x_wconf 80' lang='grc' dir='ltr'><em>τῇ</em></span> <span class='ocrx_word' id='word_1_177' title='bbox 2818 1643 3058 1712; x_wconf 76' lang='grc' dir='ltr'><em>γυναικὶ</em></span> <span class='ocrx_word' id='word_1_178' title='bbox 3097 1645 3306 1701; x_wconf 82' lang='grc' dir='ltr'><em>αὐτοῦ.</em></span> <span class='ocrx_word' id='word_1_179' title='bbox 3362 1645 3520 1717; x_wconf 78' lang='grc' dir='ltr'><em>Παρὰ</em></span> <span class='ocrx_word' id='word_1_180' title='bbox 3564 1646 3659 1698; x_wconf 62' lang='grc' dir='ltr'><strong><em>τὴν</em></strong></span> 
     </span>
    </p>
   </div>
   <div class='ocr_carea' id='block_1_32' title="bbox 2077 1725 3655 1808">
    <p class='ocr_par' dir='ltr' id='par_1_32' title="bbox 2077 1725 3655 1808">
     <span class='ocr_line' id='line_1_32' title="bbox 2077 1725 3655 1808; baseline 0.009 -31"><span class='ocrx_word' id='word_1_181' title='bbox 2077 1725 2241 1796; x_wconf 76' lang='grc' dir='ltr'><strong><em>νόμον</em></strong></span> <span class='ocrx_word' id='word_1_182' title='bbox 2261 1726 2401 1799; x_wconf 70' lang='grc' dir='ltr'><em>αὕτη</em></span> <span class='ocrx_word' id='word_1_183' title='bbox 2427 1730 2694 1802; x_wconf 80' lang='grc' dir='ltr'><strong><em>συνήφθη,</em></strong></span> <span class='ocrx_word' id='word_1_184' title='bbox 2738 1732 2963 1789; x_wconf 79' lang='grc' dir='ltr'><strong><em>Ἰουδαία</em></strong></span> <span class='ocrx_word' id='word_1_185' title='bbox 2988 1735 3140 1803; x_wconf 73' lang='grc' dir='ltr'><em>οὖσα,</em></span> <span class='ocrx_word' id='word_1_186' title='bbox 3167 1736 3389 1808; x_wconf 72' lang='grc' dir='ltr'><strong><em>Ἕλληνι</em></strong></span> <span class='ocrx_word' id='word_1_187' title='bbox 3408 1753 3422 1767; x_wconf 69' lang='grc'><strong><em>⁸</em></strong></span> <span class='ocrx_word' id='word_1_188' title='bbox 3457 1737 3489 1808; x_wconf 78' lang='grc' dir='ltr'>ἢ</span> <span class='ocrx_word' id='word_1_189' title='bbox 3514 1737 3655 1808; x_wconf 79' lang='grc' dir='ltr'><em>τάχα</em></span> 
     </span>
    </p>
   </div>
   <div class='ocr_carea' id='block_1_33' title="bbox 2075 1813 3657 1901">
    <p class='ocr_par' dir='ltr' id='par_1_33' title="bbox 2075 1813 3657 1901">
     <span class='ocr_line' id='line_1_33' title="bbox 2075 1813 3657 1901; baseline 0.008 -32"><span class='ocrx_word' id='word_1_190' title='bbox 2075 1813 2146 1890; x_wconf 83' lang='grc' dir='ltr'><strong><em>ἦν</em></strong></span> <span class='ocrx_word' id='word_1_191' title='bbox 2185 1819 2285 1888; x_wconf 79' lang='grc' dir='ltr'><strong><em>μὲν</em></strong></span> <span class='ocrx_word' id='word_1_192' title='bbox 2331 1819 2582 1882; x_wconf 73' lang='grc' dir='ltr'><em>Ἰουδαία.</em></span> <span class='ocrx_word' id='word_1_193' title='bbox 2612 1824 2924 1896; x_wconf 73' lang='grc' dir='ltr'><em>γαμηοείτα</em></span> <span class='ocrx_word' id='word_1_194' title='bbox 2955 1827 3012 1881; x_wconf 74' lang='grc' dir='ltr'><em>δὲ</em></span> <span class='ocrx_word' id='word_1_195' title='bbox 3064 1828 3233 1901; x_wconf 75' lang='grc' dir='ltr'><em>αὐτῷ,</em></span> <span class='ocrx_word' id='word_1_196' title='bbox 3285 1830 3499 1898; x_wconf 77' lang='grc' dir='ltr'><em>ἐγένετο</em></span> <span class='ocrx_word' id='word_1_197' title='bbox 3537 1830 3657 1882; x_wconf 81' lang='grc' dir='ltr'><strong><em>Ἑλ-</em></strong></span> 
     </span>
    </p>
   </div>
   <div class='ocr_carea' id='block_1_34' title="bbox 401 1878 1975 1988">
    <p class='ocr_par' dir='ltr' id='par_1_34' title="bbox 401 1878 1972 1981">
     <span class='ocr_line' id='line_1_34' title="bbox 401 1878 1972 1981; baseline -0.004 -15"><span class='ocrx_word' id='word_1_198' title='bbox 401 1913 496 1967; x_wconf 87' lang='lat' dir='ltr'><strong><em>sed</em></strong></span> <span class='ocrx_word' id='word_1_199' title='bbox 529 1921 694 1981; x_wconf 88' lang='lat' dir='ltr'><strong><em>nupta</em></strong></span> <span class='ocrx_word' id='word_1_200' title='bbox 737 1910 837 1976; x_wconf 84' lang='lat' dir='ltr'><strong><em>illi,</em></strong></span> <span class='ocrx_word' id='word_1_201' title='bbox 872 1909 1014 1964; x_wconf 81' lang='lat' dir='ltr'><strong><em>facta</em></strong></span> <span class='ocrx_word' id='word_1_202' title='bbox 1040 1916 1123 1963; x_wconf 88' lang='lat' dir='ltr'><strong><em>est</em></strong></span> <span class='ocrx_word' id='word_1_203' title='bbox 1149 1909 1362 1963; x_wconf 64' lang='lat' dir='ltr'><strong><em>Graeca.</em></strong></span> <span class='ocrx_word' id='word_1_204' title='bbox 1402 1878 1766 1974; x_wconf 65' lang='lat' dir='ltr'><strong><em>Quamobrem</em></strong></span> <span class='ocrx_word' id='word_1_205' title='bbox 1808 1878 1972 1961; x_wconf 81' lang='lat' dir='ltr'><strong><em>etiam</em></strong></span> 
     </span>
    </p>
   </div>
   <div class='ocr_carea' id='block_1_35' title="bbox 2075 1878 3653 1988">
    <p class='ocr_par' dir='ltr' id='par_1_35' title="bbox 2076 1878 3653 1988">
     <span class='ocr_line' id='line_1_35' title="bbox 2100 1878 3626 1901; baseline 0 -11"><span class='ocrx_word' id='word_1_206' title='bbox 2100 1878 2113 1890; x_wconf 89' lang='lat'><strong><em>.</em></strong></span> <span class='ocrx_word' id='word_1_207' title='bbox 2185 1878 2197 1888; x_wconf 89' lang='lat'><strong><em>.</em></strong></span> <span class='ocrx_word' id='word_1_208' title='bbox 2574 1878 2636 1890; x_wconf 83' lang='lat'><strong><em>..</em></strong></span> <span class='ocrx_word' id='word_1_209' title='bbox 2691 1878 2702 1893; x_wconf 90' lang='lat'><strong><em>.</em></strong></span> <span class='ocrx_word' id='word_1_210' title='bbox 2754 1878 2765 1896; x_wconf 90' lang='lat'><strong><em>.</em></strong></span> <span class='ocrx_word' id='word_1_211' title='bbox 2840 1878 2903 1880; x_wconf 44' lang='grc' dir='ltr'><strong>μ</strong></span> <span class='ocrx_word' id='word_1_212' title='bbox 2964 1878 3006 1881; x_wconf 51' lang='grc' dir='ltr'>μ</span> <span class='ocrx_word' id='word_1_213' title='bbox 3289 1878 3494 1898; x_wconf 59' lang='grc' dir='ltr'><strong><em>τμη--</em></strong></span> <span class='ocrx_word' id='word_1_214' title='bbox 3555 1878 3626 1882; x_wconf 60' lang='grc' dir='ltr'><strong><em>-η</em></strong></span> 
     </span>
     <span class='ocr_line' id='line_1_36' title="bbox 2076 1909 3653 1988; baseline 0.006 -27"><span class='ocrx_word' id='word_1_215' title='bbox 2076 1909 2249 1979; x_wconf 74' lang='grc' dir='ltr'><strong><em>ληνις.</em></strong></span> <span class='ocrx_word' id='word_1_216' title='bbox 2310 1910 2403 1963; x_wconf 72' lang='grc' dir='ltr'><strong><em>Διὸ</em></strong></span> <span class='ocrx_word' id='word_1_217' title='bbox 2436 1912 2530 1964; x_wconf 74' lang='grc' dir='ltr'><strong><em>καὶ</em></strong></span> <span class='ocrx_word' id='word_1_218' title='bbox 2582 1912 2828 1982; x_wconf 73' lang='grc' dir='ltr'><em>ἐξέλεγεν</em></span> <span class='ocrx_word' id='word_1_219' title='bbox 2880 1917 3032 1987; x_wconf 79' lang='grc' dir='ltr'><em>αὐτῷ</em></span> <span class='ocrx_word' id='word_1_220' title='bbox 3064 1918 3163 1988; x_wconf 79' lang='grc' dir='ltr'><strong><em>τὴν</em></strong></span> <span class='ocrx_word' id='word_1_221' title='bbox 3196 1917 3397 1988; x_wconf 74' lang='grc' dir='ltr'><em>ἑαυτῆς</em></span> <span class='ocrx_word' id='word_1_222' title='bbox 3446 1917 3653 1981; x_wconf 75' lang='grc' dir='ltr'><em>πῖστιν,</em></span> 
     </span>
    </p>
   </div>
   <div class='ocr_carea' id='block_1_36' title="bbox 363 1998 1975 2067">
    <p class='ocr_par' dir='ltr' id='par_1_36' title="bbox 363 1998 1975 2067">
     <span class='ocr_line' id='line_1_37' title="bbox 363 1998 1975 2067; baseline -0.003 -8"><span class='ocrx_word' id='word_1_223' title='bbox 363 2004 595 2059; x_wconf 83' lang='lat' dir='ltr'><strong><em>-cdcbat</em></strong></span> <span class='ocrx_word' id='word_1_224' title='bbox 620 2004 668 2057; x_wconf 85' lang='lat' dir='ltr'><strong><em>ei</em></strong></span> <span class='ocrx_word' id='word_1_225' title='bbox 693 2019 846 2057; x_wconf 84' lang='lat' dir='ltr'><strong><em>suam</em></strong></span> <span class='ocrx_word' id='word_1_226' title='bbox 881 2002 1063 2067; x_wconf 83' lang='lat' dir='ltr'><strong><em>ﬁdem,</em></strong></span> <span class='ocrx_word' id='word_1_227' title='bbox 1099 2002 1337 2057; x_wconf 79' lang='lat' dir='ltr'><strong><em>suadens</em></strong></span> <span class='ocrx_word' id='word_1_228' title='bbox 1364 2001 1531 2055; x_wconf 88' lang='lat' dir='ltr'><strong><em>etiam</em></strong></span> <span class='ocrx_word' id='word_1_229' title='bbox 1561 1999 1681 2054; x_wconf 83' lang='lat' dir='ltr'><strong><em>viro</em></strong></span> <span class='ocrx_word' id='word_1_230' title='bbox 1722 2009 1784 2054; x_wconf 90' lang='lat' dir='ltr'><strong><em>ut</em></strong></span> <span class='ocrx_word' id='word_1_231' title='bbox 1816 1998 1975 2054; x_wconf 83' lang='lat' dir='ltr'><strong><em>ﬁeret</em></strong></span> 
     </span>
    </p>
   </div>
   <div class='ocr_carea' id='block_1_37' title="bbox 398 2088 1971 2165">
    <p class='ocr_par' dir='ltr' id='par_1_37' title="bbox 398 2088 1971 2165">
     <span class='ocr_line' id='line_1_38' title="bbox 398 2088 1971 2165; baseline -0.006 -15"><span class='ocrx_word' id='word_1_232' title='bbox 398 2105 789 2165; x_wconf 81' lang='lat' dir='ltr'><strong><em>transgressor.</em></strong></span> <span class='ocrx_word' id='word_1_233' title='bbox 848 2091 1173 2147; x_wconf 80' lang='lat' dir='ltr'><strong><em>Perterritus</em></strong></span> <span class='ocrx_word' id='word_1_234' title='bbox 1224 2091 1394 2145; x_wconf 69' lang='lat' dir='ltr'><strong><em>Felice.</em></strong></span> <span class='ocrx_word' id='word_1_235' title='bbox 1459 2088 1633 2144; x_wconf 85' lang='lat' dir='ltr'><strong><em>Tanta</em></strong></span> <span class='ocrx_word' id='word_1_236' title='bbox 1680 2088 1971 2144; x_wconf 84' lang='lat' dir='ltr'><strong><em>verborum</em></strong></span> 
     </span>
    </p>
   </div>
   <div class='ocr_carea' id='block_1_38' title="bbox 363 2181 1972 2256">
    <p class='ocr_par' dir='ltr' id='par_1_38' title="bbox 363 2181 1972 2256">
     <span class='ocr_line' id='line_1_39' title="bbox 363 2181 1972 2256; baseline -0.007 -11"><span class='ocrx_word' id='word_1_237' title='bbox 363 2197 516 2245; x_wconf 49' lang='grc' dir='ltr'><em>κει-ιιι</em></span> <span class='ocrx_word' id='word_1_238' title='bbox 567 2189 688 2251; x_wconf 88' lang='lat' dir='ltr'><strong><em>vis,</em></strong></span> <span class='ocrx_word' id='word_1_239' title='bbox 749 2195 811 2241; x_wconf 89' lang='lat' dir='ltr'><strong><em>ut</em></strong></span> <span class='ocrx_word' id='word_1_240' title='bbox 872 2187 1035 2242; x_wconf 82' lang='lat' dir='ltr'><strong><em>etiam</em></strong></span> <span class='ocrx_word' id='word_1_241' title='bbox 1109 2185 1393 2256; x_wconf 82' lang='lat' dir='ltr'><strong><em>praesidem</em></strong></span> <span class='ocrx_word' id='word_1_242' title='bbox 1458 2181 1972 2254; x_wconf 78' lang='lat' dir='ltr'><strong><em>perterrefacerent.</em></strong></span> 
     </span>
    </p>
   </div>
   <div class='ocr_carea' id='block_1_39' title="bbox 364 2278 1971 2350">
    <p class='ocr_par' dir='ltr' id='par_1_39' title="bbox 364 2278 1971 2350">
     <span class='ocr_line' id='line_1_40' title="bbox 364 2278 1971 2350; baseline -0.004 -12"><span class='ocrx_word' id='word_1_243' title='bbox 364 2307 373 2315; x_wconf 62' lang='grc' dir='ltr'><strong><em>ι</em></strong></span> <span class='ocrx_word' id='word_1_244' title='bbox 402 2282 751 2348; x_wconf 84' lang='lat' dir='ltr'><strong><em>Quamobrem</em></strong></span> <span class='ocrx_word' id='word_1_245' title='bbox 782 2282 942 2335; x_wconf 85' lang='lat' dir='ltr'><strong><em>etiam</em></strong></span> <span class='ocrx_word' id='word_1_246' title='bbox 969 2281 1158 2350; x_wconf 68' lang='lat' dir='ltr'><strong><em>srepius</em></strong></span> <span class='ocrx_word' id='word_1_247' title='bbox 1187 2295 1454 2334; x_wconf 76' lang='lat' dir='ltr'><strong><em>accersens</em></strong></span> <span class='ocrx_word' id='word_1_248' title='bbox 1498 2278 1971 2333; x_wconf 77' lang='lat' dir='ltr'><strong><em>sermocinabatur.</em></strong></span> 
     </span>
    </p>
   </div>
   <div class='ocr_carea' id='block_1_40' title="bbox 396 2368 1976 2439">
    <p class='ocr_par' dir='ltr' id='par_1_40' title="bbox 396 2368 1976 2439">
     <span class='ocr_line' id='line_1_41' title="bbox 396 2368 1976 2439; baseline -0.004 -10"><span class='ocrx_word' id='word_1_249' title='bbox 396 2375 563 2430; x_wconf 79' lang='lat' dir='ltr'><strong><em>Vides</em></strong></span> <span class='ocrx_word' id='word_1_250' title='bbox 601 2382 712 2427; x_wconf 90' lang='lat' dir='ltr'><strong><em>uta</em></strong></span> <span class='ocrx_word' id='word_1_251' title='bbox 740 2373 972 2428; x_wconf 70' lang='lat' dir='ltr'><strong><em>veritate</em></strong></span> <span class='ocrx_word' id='word_1_252' title='bbox 1000 2387 1113 2426; x_wconf 89' lang='lat' dir='ltr'><strong><em>non</em></strong></span> <span class='ocrx_word' id='word_1_253' title='bbox 1143 2370 1473 2425; x_wconf 82' lang='lat' dir='ltr'><strong><em>abhorreant</em></strong></span> <span class='ocrx_word' id='word_1_254' title='bbox 1498 2384 1561 2424; x_wconf 87' lang='lat' dir='ltr'><strong><em>ea</em></strong></span> <span class='ocrx_word' id='word_1_255' title='bbox 1587 2384 1707 2439; x_wconf 71' lang='lat' dir='ltr'><strong><em>qua:</em></strong></span> <span class='ocrx_word' id='word_1_256' title='bbox 1727 2368 1976 2423; x_wconf 82' lang='lat' dir='ltr'><strong><em>scribun-</em></strong></span> 
     </span>
    </p>
   </div>
   <div class='ocr_carea' id='block_1_41' title="bbox 401 2457 1975 2532">
    <p class='ocr_par' dir='ltr' id='par_1_41' title="bbox 401 2457 1975 2532">
     <span class='ocr_line' id='line_1_42' title="bbox 401 2457 1975 2532; baseline -0.004 -13"><span class='ocrx_word' id='word_1_257' title='bbox 401 2464 538 2519; x_wconf 83' lang='lat' dir='ltr'><strong><em>tur?</em></strong></span> <span class='ocrx_word' id='word_1_258' title='bbox 574 2464 904 2520; x_wconf 80' lang='lat' dir='ltr'><strong><em>Accersebat</em></strong></span> <span class='ocrx_word' id='word_1_259' title='bbox 939 2479 1062 2519; x_wconf 90' lang='lat' dir='ltr'><strong><em>eum</em></strong></span> <span class='ocrx_word' id='word_1_260' title='bbox 1093 2463 1431 2532; x_wconf 82' lang='lat' dir='ltr'><strong><em>frequenter,</em></strong></span> <span class='ocrx_word' id='word_1_261' title='bbox 1476 2476 1588 2516; x_wconf 91' lang='lat' dir='ltr'><strong><em>non</em></strong></span> <span class='ocrx_word' id='word_1_262' title='bbox 1621 2460 1766 2530; x_wconf 89' lang='lat' dir='ltr'><strong><em>quod</em></strong></span> <span class='ocrx_word' id='word_1_263' title='bbox 1799 2457 1975 2514; x_wconf 85' lang='lat' dir='ltr'><strong><em>admi-</em></strong></span> 
     </span>
    </p>
   </div>
   <div class='ocr_carea' id='block_1_42' title="bbox 364 2554 1975 2626">
    <p class='ocr_par' dir='ltr' id='par_1_42' title="bbox 364 2554 1975 2626">
     <span class='ocr_line' id='line_1_43' title="bbox 364 2554 1975 2626; baseline -0.004 -14"><span class='ocrx_word' id='word_1_264' title='bbox 364 2576 380 2587; x_wconf 55' lang='grc' dir='ltr'><em>π</em></span> <span class='ocrx_word' id='word_1_265' title='bbox 399 2566 617 2613; x_wconf 85' lang='lat' dir='ltr'><strong><em>raretur</em></strong></span> <span class='ocrx_word' id='word_1_266' title='bbox 637 2572 786 2622; x_wconf 85' lang='lat' dir='ltr'><strong><em>eum,</em></strong></span> <span class='ocrx_word' id='word_1_267' title='bbox 821 2570 923 2611; x_wconf 86' lang='lat' dir='ltr'><strong><em>nec</em></strong></span> <span class='ocrx_word' id='word_1_268' title='bbox 945 2556 1091 2626; x_wconf 86' lang='lat' dir='ltr'><strong><em>quod</em></strong></span> <span class='ocrx_word' id='word_1_269' title='bbox 1122 2556 1379 2626; x_wconf 84' lang='lat' dir='ltr'><strong><em>probaret</em></strong></span> <span class='ocrx_word' id='word_1_270' title='bbox 1406 2562 1463 2609; x_wconf 85' lang='lat' dir='ltr'><strong><em>et</em></strong></span> <span class='ocrx_word' id='word_1_271' title='bbox 1493 2554 1736 2608; x_wconf 87' lang='lat' dir='ltr'><strong><em>laudaret</em></strong></span> <span class='ocrx_word' id='word_1_272' title='bbox 1762 2567 1825 2607; x_wconf 83' lang='lat' dir='ltr'><strong><em>ea</em></strong></span> <span class='ocrx_word' id='word_1_273' title='bbox 1852 2566 1975 2622; x_wconf 79' lang='lat' dir='ltr'><strong><em>quae</em></strong></span> 
     </span>
    </p>
   </div>
   <div class='ocr_carea' id='block_1_43' title="bbox 374 2643 1975 2718">
    <p class='ocr_par' dir='ltr' id='par_1_43' title="bbox 374 2643 1975 2718">
     <span class='ocr_line' id='line_1_44' title="bbox 374 2643 1975 2718; baseline -0.004 -14"><span class='ocrx_word' id='word_1_274' title='bbox 374 2650 719 2705; x_wconf 56' lang='lat' dir='ltr'><strong><em>dicebantur</em></strong></span> <span class='ocrx_word' id='word_1_275' title='bbox 757 2663 786 2703; x_wconf 86' lang='lat' dir='ltr'><strong><em>a</em></strong></span> <span class='ocrx_word' id='word_1_276' title='bbox 820 2648 1008 2714; x_wconf 83' lang='lat' dir='ltr'><strong><em>Paulo,</em></strong></span> <span class='ocrx_word' id='word_1_277' title='bbox 1053 2663 1153 2703; x_wconf 77' lang='lat' dir='ltr'><strong><em>nec</em></strong></span> <span class='ocrx_word' id='word_1_278' title='bbox 1196 2646 1343 2718; x_wconf 84' lang='lat' dir='ltr'><strong><em>quod</em></strong></span> <span class='ocrx_word' id='word_1_279' title='bbox 1378 2645 1607 2702; x_wconf 88' lang='lat' dir='ltr'><strong><em>credere</em></strong></span> <span class='ocrx_word' id='word_1_280' title='bbox 1642 2644 1843 2700; x_wconf 82' lang='lat' dir='ltr'><strong><em>vellet:</em></strong></span> <span class='ocrx_word' id='word_1_281' title='bbox 1880 2643 1975 2698; x_wconf 88' lang='lat' dir='ltr'><strong><em>sed</em></strong></span> 
     </span>
    </p>
   </div>
   <div class='ocr_carea' id='block_1_44' title="bbox 354 2737 1833 2814">
    <p class='ocr_par' dir='ltr' id='par_1_44' title="bbox 354 2737 1833 2814">
     <span class='ocr_line' id='line_1_45' title="bbox 354 2737 1833 2814; baseline -0.001 -20"><span class='ocrx_word' id='word_1_282' title='bbox 354 2767 361 2777; x_wconf 69' lang='grc' dir='ltr'><em>ν</em></span> <span class='ocrx_word' id='word_1_283' title='bbox 394 2741 539 2814; x_wconf 79' lang='lat' dir='ltr'><strong><em>quod</em></strong></span> <span class='ocrx_word' id='word_1_284' title='bbox 573 2748 837 2810; x_wconf 82' lang='lat' dir='ltr'><strong><em>speraret,</em></strong></span> <span class='ocrx_word' id='word_1_285' title='bbox 873 2739 1069 2809; x_wconf 85' lang='lat' dir='ltr'><strong><em>inquit,</em></strong></span> <span class='ocrx_word' id='word_1_286' title='bbox 1104 2739 1368 2809; x_wconf 83' lang='lat' dir='ltr'><strong><em>pecunias</em></strong></span> <span class='ocrx_word' id='word_1_287' title='bbox 1388 2738 1493 2793; x_wconf 85' lang='lat' dir='ltr'><strong><em>sibi</em></strong></span> <span class='ocrx_word' id='word_1_288' title='bbox 1520 2737 1705 2792; x_wconf 87' lang='lat' dir='ltr'><strong><em>datum</em></strong></span> <span class='ocrx_word' id='word_1_289' title='bbox 1742 2737 1833 2792; x_wconf 89' lang='lat' dir='ltr'><strong><em>iri.</em></strong></span> 
     </span>
    </p>
   </div>
   <div class='ocr_carea' id='block_1_45' title="bbox 468 2829 1977 2887">
    <p class='ocr_par' dir='ltr' id='par_1_45' title="bbox 468 2829 1977 2887">
     <span class='ocr_line' id='line_1_46' title="bbox 468 2829 1977 2887; baseline -0.004 0"><span class='ocrx_word' id='word_1_290' title='bbox 468 2833 629 2887; x_wconf 74' lang='lat' dir='ltr'><strong><em>Vens.</em></strong></span> <span class='ocrx_word' id='word_1_291' title='bbox 666 2833 719 2887; x_wconf 83' lang='lat'><strong><em>6.</em></strong></span> <span class='ocrx_word' id='word_1_292' title='bbox 751 2830 1126 2885; x_wconf 80' lang='lat' dir='ltr'><strong><em>Commorutus</em></strong></span> <span class='ocrx_word' id='word_1_293' title='bbox 1161 2840 1337 2885; x_wconf 78' lang='lat' dir='ltr'><strong><em>autent</em></strong></span> <span class='ocrx_word' id='word_1_294' title='bbox 1387 2831 1524 2884; x_wconf 85' lang='lat' dir='ltr'><strong><em>inter</em></strong></span> <span class='ocrx_word' id='word_1_295' title='bbox 1578 2829 1701 2884; x_wconf 83' lang='lat' dir='ltr'><strong><em>illos</em></strong></span> <span class='ocrx_word' id='word_1_296' title='bbox 1725 2829 1835 2883; x_wconf 82' lang='lat' dir='ltr'><strong><em>dies</em></strong></span> <span class='ocrx_word' id='word_1_297' title='bbox 1862 2844 1977 2881; x_wconf 82' lang='lat' dir='ltr'><strong><em>am-</em></strong></span> 
     </span>
    </p>
   </div>
   <div class='ocr_carea' id='block_1_46' title="bbox 354 2920 1977 2993">
    <p class='ocr_par' dir='ltr' id='par_1_46' title="bbox 354 2920 1977 2993">
     <span class='ocr_line' id='line_1_47' title="bbox 354 2920 1977 2993; baseline -0.003 -16"><span class='ocrx_word' id='word_1_298' title='bbox 354 2941 360 2946; x_wconf 70' lang='grc'><strong><em>’</em></strong></span> <span class='ocrx_word' id='word_1_299' title='bbox 393 2923 538 2993; x_wconf 65' lang='lat' dir='ltr'><strong><em>ptius</em></strong></span> <span class='ocrx_word' id='word_1_300' title='bbox 572 2924 770 2985; x_wconf 86' lang='lat' dir='ltr'><strong><em>decem,</em></strong></span> <span class='ocrx_word' id='word_1_301' title='bbox 821 2921 1086 2977; x_wconf 79' lang='lat' dir='ltr'><strong><em>descendit</em></strong></span> <span class='ocrx_word' id='word_1_302' title='bbox 1124 2921 1441 2986; x_wconf 65' lang='lat' dir='ltr'><strong><em>Caesaream,</em></strong></span> <span class='ocrx_word' id='word_1_303' title='bbox 1497 2938 1561 2974; x_wconf 90' lang='lat' dir='ltr'><strong><em>ac</em></strong></span> <span class='ocrx_word' id='word_1_304' title='bbox 1610 2920 1859 2990; x_wconf 83' lang='lat' dir='ltr'><strong><em>postridie</em></strong></span> <span class='ocrx_word' id='word_1_305' title='bbox 1893 2934 1977 2973; x_wconf 86' lang='lat' dir='ltr'><strong><em>se-</em></strong></span> 
     </span>
    </p>
   </div>
   <div class='ocr_carea' id='block_1_47' title="bbox 368 3012 1655 3082">
    <p class='ocr_par' dir='ltr' id='par_1_47' title="bbox 368 3012 1655 3082">
     <span class='ocr_line' id='line_1_48' title="bbox 368 3012 1655 3082; baseline 0.001 -15"><span class='ocrx_word' id='word_1_306' title='bbox 368 3014 524 3069; x_wconf 61' lang='lat' dir='ltr'><strong><em>dens</em></strong></span> <span class='ocrx_word' id='word_1_307' title='bbox 551 3028 645 3081; x_wconf 83' lang='lat' dir='ltr'><strong><em>pro</em></strong></span> <span class='ocrx_word' id='word_1_308' title='bbox 668 3013 942 3079; x_wconf 76' lang='lat' dir='ltr'><strong><em>tribunali,</em></strong></span> <span class='ocrx_word' id='word_1_309' title='bbox 969 3013 1139 3082; x_wconf 82' lang='lat' dir='ltr'><strong><em>jussit</em></strong></span> <span class='ocrx_word' id='word_1_310' title='bbox 1168 3012 1404 3068; x_wconf 85' lang='lat' dir='ltr'><strong><em>Paulum</em></strong></span> <span class='ocrx_word' id='word_1_311' title='bbox 1435 3013 1655 3068; x_wconf 81' lang='lat' dir='ltr'><strong><em>adduci.</em></strong></span> 
     </span>
    </p>
   </div>
   <div class='ocr_carea' id='block_1_48' title="bbox 2080 2002 3655 2081">
    <p class='ocr_par' dir='ltr' id='par_1_48' title="bbox 2080 2002 3655 2081">
     <span class='ocr_line' id='line_1_49' title="bbox 2080 2002 3655 2081; baseline 0.005 -25"><span class='ocrx_word' id='word_1_312' title='bbox 2080 2002 2341 2056; x_wconf 84' lang='grc' dir='ltr'><strong><em>πείθουσα</em></strong></span> <span class='ocrx_word' id='word_1_313' title='bbox 2369 2003 2464 2057; x_wconf 80' lang='grc' dir='ltr'><strong><em>καὶ</em></strong></span> <span class='ocrx_word' id='word_1_314' title='bbox 2480 2002 2569 2056; x_wconf 75' lang='grc' dir='ltr'><em>τὸν</em></span> <span class='ocrx_word' id='word_1_315' title='bbox 2585 2005 2752 2075; x_wconf 82' lang='grc' dir='ltr'><em>ἄνδρα</em></span> <span class='ocrx_word' id='word_1_316' title='bbox 2770 2008 3097 2081; x_wconf 65' lang='grc' dir='ltr'><em>παραϐάτην</em></span> <span class='ocrx_word' id='word_1_317' title='bbox 3123 2008 3396 2078; x_wconf 70' lang='grc' dir='ltr'><em>γενέσθαι.</em></span> <span class='ocrx_word' id='word_1_318' title='bbox 3432 2009 3655 2079; x_wconf 56' lang='lat' dir='ltr'><strong><em>&quot;Eppo-</em></strong></span> 
     </span>
    </p>
   </div>
   <div class='ocr_carea' id='block_1_49' title="bbox 2078 2097 3657 2174">
    <p class='ocr_par' dir='ltr' id='par_1_49' title="bbox 2078 2097 3657 2174">
     <span class='ocr_line' id='line_1_50' title="bbox 2078 2097 3657 2174; baseline 0.005 -25"><span class='ocrx_word' id='word_1_319' title='bbox 2078 2097 2182 2163; x_wconf 82' lang='grc' dir='ltr'><strong><em>6ος</em></strong></span> <span class='ocrx_word' id='word_1_320' title='bbox 2216 2097 2538 2166; x_wconf 79' lang='grc' dir='ltr'><em>γενόμενος</em></span> <span class='ocrx_word' id='word_1_321' title='bbox 2582 2098 2617 2151; x_wconf 83' lang='grc' dir='ltr'>ό</span> <span class='ocrx_word' id='word_1_322' title='bbox 2650 2097 2862 2165; x_wconf 77' lang='grc' dir='ltr'><em>Φήλιξ.</em></span> <span class='ocrx_word' id='word_1_323' title='bbox 2902 2102 3152 2174; x_wconf 56' lang='grc' dir='ltr'><em>Τοσαύτη</em></span> <span class='ocrx_word' id='word_1_324' title='bbox 3199 2102 3253 2156; x_wconf 80' lang='grc' dir='ltr'><em>δὲ</em></span> <span class='ocrx_word' id='word_1_325' title='bbox 3285 2105 3320 2174; x_wconf 79' lang='grc' dir='ltr'>ᾑ</span> <span class='ocrx_word' id='word_1_326' title='bbox 3358 2102 3513 2173; x_wconf 69' lang='grc' dir='ltr'><em>ἰσχὺς</em></span> <span class='ocrx_word' id='word_1_327' title='bbox 3544 2103 3657 2157; x_wconf 77' lang='grc' dir='ltr'><em>τῶν</em></span> 
     </span>
    </p>
   </div>
   <div class='ocr_carea' id='block_1_50' title="bbox 2079 2184 3658 2265">
    <p class='ocr_par' dir='ltr' id='par_1_50' title="bbox 2079 2184 3658 2265">
     <span class='ocr_line' id='line_1_51' title="bbox 2079 2184 3658 2265; baseline 0.003 -24"><span class='ocrx_word' id='word_1_328' title='bbox 2079 2189 2342 2260; x_wconf 77' lang='grc' dir='ltr'><strong><em>ῥημάτων</em></strong></span> <span class='ocrx_word' id='word_1_329' title='bbox 2373 2184 2461 2259; x_wconf 77' lang='grc' dir='ltr'><strong><em>ἦν,</em></strong></span> <span class='ocrx_word' id='word_1_330' title='bbox 2515 2189 2655 2245; x_wconf 78' lang='grc' dir='ltr'><em>ὥστε</em></span> <span class='ocrx_word' id='word_1_331' title='bbox 2688 2191 2782 2245; x_wconf 73' lang='grc' dir='ltr'><strong><em>καὶ</em></strong></span> <span class='ocrx_word' id='word_1_332' title='bbox 2828 2193 3064 2263; x_wconf 76' lang='grc' dir='ltr'><em>φοϐῆσαι</em></span> <span class='ocrx_word' id='word_1_333' title='bbox 3109 2192 3199 2247; x_wconf 70' lang='grc' dir='ltr'><strong><em>τὸν</em></strong></span> <span class='ocrx_word' id='word_1_334' title='bbox 3248 2195 3505 2265; x_wconf 77' lang='grc' dir='ltr'><strong><em>ἄρχοντα.</em></strong></span> <span class='ocrx_word' id='word_1_335' title='bbox 3558 2192 3658 2247; x_wconf 88' lang='grc' dir='ltr'><strong><em>Διὸ</em></strong></span> 
     </span>
    </p>
   </div>
   <div class='ocr_carea' id='block_1_51' title="bbox 2076 2277 3651 2354">
    <p class='ocr_par' dir='ltr' id='par_1_51' title="bbox 2076 2277 3651 2354">
     <span class='ocr_line' id='line_1_52' title="bbox 2076 2277 3651 2354; baseline 0.004 -25"><span class='ocrx_word' id='word_1_336' title='bbox 2076 2277 2175 2329; x_wconf 80' lang='grc' dir='ltr'><strong><em>καὶ</em></strong></span> <span class='ocrx_word' id='word_1_337' title='bbox 2214 2278 2588 2348; x_wconf 70' lang='grc' dir='ltr'><em>πυκνότερον</em></span> <span class='ocrx_word' id='word_1_338' title='bbox 2616 2281 2805 2335; x_wconf 81' lang='grc' dir='ltr'><em>αὑτὸν</em></span> <span class='ocrx_word' id='word_1_339' title='bbox 2835 2284 3388 2354; x_wconf 79' lang='grc' dir='ltr'><em>μεταπεμπόμενος,</em></span> <span class='ocrx_word' id='word_1_340' title='bbox 3425 2282 3651 2351; x_wconf 69' lang='grc' dir='ltr'><em>ὡμίλει.</em></span> 
     </span>
    </p>
   </div>
   <div class='ocr_carea' id='block_1_52' title="bbox 2088 2369 3654 2445">
    <p class='ocr_par' dir='ltr' id='par_1_52' title="bbox 2088 2369 3654 2445">
     <span class='ocr_line' id='line_1_53' title="bbox 2088 2369 3654 2445; baseline 0.001 -23"><span class='ocrx_word' id='word_1_341' title='bbox 2088 2369 2252 2440; x_wconf 74' lang='grc' dir='ltr'><em>Ὁρᾷς</em></span> <span class='ocrx_word' id='word_1_342' title='bbox 2304 2371 2423 2434; x_wconf 84' lang='grc' dir='ltr'><strong><em>πῶς</em></strong></span> <span class='ocrx_word' id='word_1_343' title='bbox 2471 2372 2570 2443; x_wconf 76' lang='grc' dir='ltr'><em>τῆς</em></span> <span class='ocrx_word' id='word_1_344' title='bbox 2621 2372 2880 2444; x_wconf 74' lang='grc' dir='ltr'><strong><em>ἀληθείας</em></strong></span> <span class='ocrx_word' id='word_1_345' title='bbox 2938 2373 3119 2445; x_wconf 79' lang='grc' dir='ltr'><em>ἔχεται</em></span> <span class='ocrx_word' id='word_1_346' title='bbox 3173 2374 3243 2427; x_wconf 84' lang='grc' dir='ltr'><em>τὰ</em></span> <span class='ocrx_word' id='word_1_347' title='bbox 3293 2374 3654 2444; x_wconf 76' lang='grc' dir='ltr'><strong><em>γραφόμενα;</em></strong></span> 
     </span>
    </p>
   </div>
   <div class='ocr_carea' id='block_1_53' title="bbox 2076 2461 3656 2536">
    <p class='ocr_par' dir='ltr' id='par_1_53' title="bbox 2076 2461 3656 2536">
     <span class='ocr_line' id='line_1_54' title="bbox 2076 2461 3656 2536; baseline -0.001 -21"><span class='ocrx_word' id='word_1_348' title='bbox 2076 2461 2479 2531; x_wconf 79' lang='grc' dir='ltr'><em>Μετεπέμ-πετο</em></span> <span class='ocrx_word' id='word_1_349' title='bbox 2516 2463 2680 2516; x_wconf 71' lang='grc' dir='ltr'><em>αὑτὸν</em></span> <span class='ocrx_word' id='word_1_350' title='bbox 2712 2465 2971 2536; x_wconf 78' lang='grc' dir='ltr'><em>συνεχῶς,</em></span> <span class='ocrx_word' id='word_1_351' title='bbox 3008 2466 3127 2536; x_wconf 72' lang='grc' dir='ltr'><strong><em>οὐχὶ</em></strong></span> <span class='ocrx_word' id='word_1_352' title='bbox 3165 2464 3463 2535; x_wconf 78' lang='grc' dir='ltr'><strong><em>Θαυμάζων</em></strong></span> <span class='ocrx_word' id='word_1_353' title='bbox 3492 2464 3656 2518; x_wconf 77' lang='grc' dir='ltr'><em>αὑτὸν</em></span> 
     </span>
    </p>
   </div>
   <div class='ocr_carea' id='block_1_54' title="bbox 2078 2536 3656 2626">
    <p class='ocr_par' dir='ltr' id='par_1_54' title="bbox 2078 2536 3656 2626">
     <span class='ocr_line' id='line_1_55' title="bbox 2078 2536 3656 2626; baseline 0 -23"><span class='ocrx_word' id='word_1_354' title='bbox 2078 2550 2198 2603; x_wconf 77' lang='grc' dir='ltr'>οὐδὲ</span> <span class='ocrx_word' id='word_1_355' title='bbox 2234 2536 2474 2607; x_wconf 76' lang='grc' dir='ltr'><em>ἐπαινῶν</em></span> <span class='ocrx_word' id='word_1_356' title='bbox 2495 2553 2564 2607; x_wconf 81' lang='grc' dir='ltr'><em>τὰ</em></span> <span class='ocrx_word' id='word_1_357' title='bbox 2592 2553 2884 2626; x_wconf 75' lang='grc' dir='ltr'><em>λεγόμενα,</em></span> <span class='ocrx_word' id='word_1_358' title='bbox 2916 2554 3038 2608; x_wconf 82' lang='grc' dir='ltr'><strong><em>οὐδὲ</em></strong></span> <span class='ocrx_word' id='word_1_359' title='bbox 3067 2553 3357 2607; x_wconf 78' lang='grc' dir='ltr'><em>πιστεῦσαι</em></span> <span class='ocrx_word' id='word_1_360' title='bbox 3391 2551 3656 2623; x_wconf 78' lang='grc' dir='ltr'><em>βουλόμε-</em></span> 
     </span>
    </p>
   </div>
   <div class='ocr_carea' id='block_1_55' title="bbox 2077 2643 2796 2717">
    <p class='ocr_par' dir='ltr' id='par_1_55' title="bbox 2077 2643 2796 2717">
     <span class='ocr_line' id='line_1_56' title="bbox 2077 2643 2796 2717; baseline 0.004 -20"><span class='ocrx_word' id='word_1_361' title='bbox 2077 2660 2188 2711; x_wconf 81' lang='grc' dir='ltr'><em>νος,</em></span> <span class='ocrx_word' id='word_1_362' title='bbox 2253 2643 2392 2698; x_wconf 71' lang='grc' dir='ltr'><strong><em>ἀλλὰ</em></strong></span> <span class='ocrx_word' id='word_1_363' title='bbox 2444 2647 2796 2717; x_wconf 70' lang='grc' dir='ltr'><strong><em>προσδοκῶν,</em></strong></span> 
     </span>
    </p>
   </div>
   <div class='ocr_carea' id='block_1_56' title="bbox 2075 2737 2247 2806">
    <p class='ocr_par' dir='ltr' id='par_1_56' title="bbox 2075 2737 2247 2806">
     <span class='ocr_line' id='line_1_57' title="bbox 2075 2737 2247 2806; baseline 0.006 -16"><span class='ocrx_word' id='word_1_364' title='bbox 2075 2737 2247 2806; x_wconf 77' lang='grc' dir='ltr'><em>αὐτῷ.</em></span> 
     </span>
    </p>
   </div>
   <div class='ocr_carea' id='block_1_57' title="bbox 2146 2831 3654 2905">
    <p class='ocr_par' dir='ltr' id='par_1_57' title="bbox 2146 2831 3654 2905">
     <span class='ocr_line' id='line_1_58' title="bbox 2146 2831 3654 2905; baseline 0.007 -24"><span class='ocrx_word' id='word_1_365' title='bbox 2146 2831 2468 2899; x_wconf 72' lang='grc' dir='ltr'><em>Διατρίψας</em></span> <span class='ocrx_word' id='word_1_366' title='bbox 2520 2832 2593 2885; x_wconf 82' lang='grc' dir='ltr'><em>δὲ</em></span> <span class='ocrx_word' id='word_1_367' title='bbox 2648 2832 2718 2887; x_wconf 87' lang='grc' dir='ltr'><em>ἐν</em></span> <span class='ocrx_word' id='word_1_368' title='bbox 2771 2833 2976 2899; x_wconf 81' lang='grc' dir='ltr'><em>αὐτοῖς</em></span> <span class='ocrx_word' id='word_1_369' title='bbox 3035 2832 3259 2904; x_wconf 72' lang='grc' dir='ltr'><em>ἡμέρας</em></span> <span class='ocrx_word' id='word_1_370' title='bbox 3320 2834 3572 2900; x_wconf 82' lang='grc' dir='ltr'><em>πλείους</em></span> <span class='ocrx_word' id='word_1_371' title='bbox 3611 2834 3654 2905; x_wconf 70' lang='grc' dir='ltr'><strong>ἦ</strong></span> 
     </span>
    </p>
   </div>
   <div class='ocr_carea' id='block_1_58' title="bbox 2075 2918 3659 2993">
    <p class='ocr_par' dir='ltr' id='par_1_58' title="bbox 2075 2918 3659 2993">
     <span class='ocr_line' id='line_1_59' title="bbox 2075 2918 3659 2993; baseline 0.003 -20"><span class='ocrx_word' id='word_1_372' title='bbox 2075 2918 2243 2984; x_wconf 83' lang='grc' dir='ltr'><strong><em>δέκα,</em></strong></span> <span class='ocrx_word' id='word_1_373' title='bbox 2319 2920 2580 2989; x_wconf 73' lang='grc' dir='ltr'><em>καταϐὰς</em></span> <span class='ocrx_word' id='word_1_374' title='bbox 2629 2924 2716 2989; x_wconf 77' lang='grc' dir='ltr'><em>εὶς</em></span> <span class='ocrx_word' id='word_1_375' title='bbox 2767 2921 3164 2993; x_wconf 75' lang='grc' dir='ltr'><strong><em>Καισάρειαν,</em></strong></span> <span class='ocrx_word' id='word_1_376' title='bbox 3235 2920 3311 2990; x_wconf 77' lang='grc' dir='ltr'><em>τῇ</em></span> <span class='ocrx_word' id='word_1_377' title='bbox 3368 2921 3659 2991; x_wconf 73' lang='grc' dir='ltr'><strong><em>ἐπαύριον</em></strong></span> 
     </span>
    </p>
   </div>
   <div class='ocr_carea' id='block_1_59' title="bbox 2076 3011 3657 3085">
    <p class='ocr_par' dir='ltr' id='par_1_59' title="bbox 2076 3011 3657 3085">
     <span class='ocr_line' id='line_1_60' title="bbox 2076 3011 3657 3085; baseline 0.001 -21"><span class='ocrx_word' id='word_1_378' title='bbox 2076 3014 2333 3078; x_wconf 82' lang='grc' dir='ltr'><em>καθίσας</em></span> <span class='ocrx_word' id='word_1_379' title='bbox 2360 3013 2457 3067; x_wconf 78' lang='grc' dir='ltr'><strong><em>ἐπὶ</em></strong></span> <span class='ocrx_word' id='word_1_380' title='bbox 2486 3013 2593 3068; x_wconf 83' lang='grc' dir='ltr'><em>τοῦ</em></span> <span class='ocrx_word' id='word_1_381' title='bbox 2617 3014 2915 3085; x_wconf 65' lang='grc' dir='ltr'><em>βήματος,</em></span> <span class='ocrx_word' id='word_1_382' title='bbox 2958 3013 3248 3068; x_wconf 79' lang='grc' dir='ltr'><em>ἐκέλευσε</em></span> <span class='ocrx_word' id='word_1_383' title='bbox 3274 3012 3380 3065; x_wconf 79' lang='grc' dir='ltr'><strong><em>τὸν</em></strong></span> <span class='ocrx_word' id='word_1_384' title='bbox 3408 3011 3657 3066; x_wconf 85' lang='grc' dir='ltr'><em>Παῦλον</em></span> 
     </span>
    </p>
   </div>
   <div class='ocr_carea' id='block_1_60' title="bbox 2876 2644 3654 2718">
    <p class='ocr_par' dir='ltr' id='par_1_60' title="bbox 2876 2644 3654 2718">
     <span class='ocr_line' id='line_1_61' title="bbox 2876 2644 3654 2718; baseline -0.004 -18"><span class='ocrx_word' id='word_1_385' title='bbox 2876 2646 3055 2718; x_wconf 76' lang='grc' dir='ltr'><em>φησὶ,</em></span> <span class='ocrx_word' id='word_1_386' title='bbox 3112 2649 3372 2718; x_wconf 81' lang='grc' dir='ltr'><em>χρήματα</em></span> <span class='ocrx_word' id='word_1_387' title='bbox 3432 2644 3654 2713; x_wconf 72' lang='grc' dir='ltr'><em>δοθῆναι</em></span> 
     </span>
    </p>
   </div>
   <div class='ocr_carea' id='block_1_61' title="bbox 2074 3101 2355 3170">
    <p class='ocr_par' dir='ltr' id='par_1_61' title="bbox 2074 3101 2355 3170">
     <span class='ocr_line' id='line_1_62' title="bbox 2074 3101 2355 3170; baseline 0.014 -15"><span class='ocrx_word' id='word_1_388' title='bbox 2074 3101 2355 3170; x_wconf 58' lang='grc' dir='ltr'><em>ἀχθῆναα</em></span> 
     </span>
    </p>
   </div>
   <div class='ocr_carea' id='block_1_62' title="bbox 467 3194 1975 3278">
    <p class='ocr_par' dir='ltr' id='par_1_62' title="bbox 467 3196 1968 3264">
     <span class='ocr_line' id='line_1_63' title="bbox 467 3196 1968 3264; baseline -0.003 -12"><span class='ocrx_word' id='word_1_389' title='bbox 467 3199 633 3256; x_wconf 68' lang='lat' dir='ltr'><strong><em>Vens.</em></strong></span> <span class='ocrx_word' id='word_1_390' title='bbox 669 3201 723 3255; x_wconf 81' lang='grc' dir='ltr'><strong><em>Ἰ.</em></strong></span> <span class='ocrx_word' id='word_1_391' title='bbox 767 3198 871 3264; x_wconf 87' lang='lat' dir='ltr'><strong><em>Qui</em></strong></span> <span class='ocrx_word' id='word_1_392' title='bbox 925 3197 1015 3251; x_wconf 87' lang='lat' dir='ltr'><strong><em>ubi</em></strong></span> <span class='ocrx_word' id='word_1_393' title='bbox 1061 3196 1291 3258; x_wconf 85' lang='lat' dir='ltr'><strong><em>advenit,</em></strong></span> <span class='ocrx_word' id='word_1_394' title='bbox 1343 3196 1796 3250; x_wconf 81' lang='lat' dir='ltr'><strong><em>circumsteterunt</em></strong></span> <span class='ocrx_word' id='word_1_395' title='bbox 1850 3211 1968 3248; x_wconf 84' lang='lat' dir='ltr'><strong><em>eum</em></strong></span> 
     </span>
    </p>
   </div>
   <div class='ocr_carea' id='block_1_63' title="bbox 2075 3194 3657 3278">
    <p class='ocr_par' dir='ltr' id='par_1_63' title="bbox 2149 3194 3657 3267">
     <span class='ocr_line' id='line_1_64' title="bbox 2149 3194 3657 3267; baseline 0.005 -22"><span class='ocrx_word' id='word_1_396' title='bbox 2149 3195 2638 3265; x_wconf 76' lang='grc' dir='ltr'><em>Παραγενομένου</em></span> <span class='ocrx_word' id='word_1_397' title='bbox 2668 3194 2735 3249; x_wconf 81' lang='grc' dir='ltr'><em>δὲ</em></span> <span class='ocrx_word' id='word_1_398' title='bbox 2766 3196 2974 3264; x_wconf 67' lang='grc' dir='ltr'><em>αὐτοῦ,</em></span> <span class='ocrx_word' id='word_1_399' title='bbox 3016 3196 3428 3267; x_wconf 82' lang='grc' dir='ltr'><em>περιέστησαν</em></span> <span class='ocrx_word' id='word_1_400' title='bbox 3456 3200 3511 3252; x_wconf 88' lang='lat' dir='ltr'><strong><em>ol</em></strong></span> <span class='ocrx_word' id='word_1_401' title='bbox 3534 3197 3657 3252; x_wconf 82' lang='grc' dir='ltr'><strong><em>ἀπὸ</em></strong></span> 
     </span>
    </p>
   </div>
   <div class='ocr_carea' id='block_1_64' title="bbox 363 3285 1969 3363">
    <p class='ocr_par' dir='ltr' id='par_1_64' title="bbox 363 3285 1969 3363">
     <span class='ocr_line' id='line_1_65' title="bbox 363 3285 1969 3363; baseline -0.006 -14"><span class='ocrx_word' id='word_1_402' title='bbox 363 3294 576 3349; x_wconf 59' lang='lat' dir='ltr'><strong><em>Judaei</em></strong></span> <span class='ocrx_word' id='word_1_403' title='bbox 616 3293 706 3363; x_wconf 86' lang='lat' dir='ltr'><strong><em>qui</em></strong></span> <span class='ocrx_word' id='word_1_404' title='bbox 759 3290 1139 3345; x_wconf 72' lang='lat' dir='ltr'><strong><em>descenderant</em></strong></span> <span class='ocrx_word' id='word_1_405' title='bbox 1195 3287 1262 3342; x_wconf 79' lang='lat' dir='ltr'><strong><em>ab</em></strong></span> <span class='ocrx_word' id='word_1_406' title='bbox 1313 3285 1637 3352; x_wconf 78' lang='lat' dir='ltr'><strong><em>Jerusalem,</em></strong></span> <span class='ocrx_word' id='word_1_407' title='bbox 1694 3286 1864 3342; x_wconf 86' lang='lat' dir='ltr'><strong><em>multa</em></strong></span> <span class='ocrx_word' id='word_1_408' title='bbox 1923 3295 1969 3340; x_wconf 89' lang='lat' dir='ltr'><strong><em>et</em></strong></span> 
     </span>
    </p>
   </div>
   <div class='ocr_carea' id='block_1_65' title="bbox 395 3377 1972 3458">
    <p class='ocr_par' dir='ltr' id='par_1_65' title="bbox 395 3377 1972 3458">
     <span class='ocr_line' id='line_1_66' title="bbox 395 3377 1972 3458; baseline -0.008 -17"><span class='ocrx_word' id='word_1_409' title='bbox 395 3386 580 3458; x_wconf 84' lang='lat' dir='ltr'><strong><em>gravia</em></strong></span> <span class='ocrx_word' id='word_1_410' title='bbox 611 3384 835 3438; x_wconf 86' lang='lat' dir='ltr'><strong><em>crimina</em></strong></span> <span class='ocrx_word' id='word_1_411' title='bbox 871 3383 1144 3452; x_wconf 64' lang='lat' dir='ltr'><strong><em>alferentes</em></strong></span> <span class='ocrx_word' id='word_1_412' title='bbox 1169 3378 1415 3434; x_wconf 85' lang='lat' dir='ltr'><strong><em>adversus</em></strong></span> <span class='ocrx_word' id='word_1_413' title='bbox 1440 3377 1694 3442; x_wconf 85' lang='lat' dir='ltr'><strong><em>Paulum,</em></strong></span> <span class='ocrx_word' id='word_1_414' title='bbox 1723 3393 1841 3447; x_wconf 74' lang='lat' dir='ltr'><strong><em>gnte</em></strong></span> <span class='ocrx_word' id='word_1_415' title='bbox 1867 3392 1972 3429; x_wconf 86' lang='lat' dir='ltr'><strong><em>non</em></strong></span> 
     </span>
    </p>
   </div>
   <div class='ocr_carea' id='block_1_66' title="bbox 392 3476 1050 3548">
    <p class='ocr_par' dir='ltr' id='par_1_66' title="bbox 392 3476 1050 3548">
     <span class='ocr_line' id='line_1_67' title="bbox 392 3476 1050 3548; baseline -0.009 -17"><span class='ocrx_word' id='word_1_416' title='bbox 392 3484 634 3548; x_wconf 83' lang='lat' dir='ltr'><strong><em>poterant</em></strong></span> <span class='ocrx_word' id='word_1_417' title='bbox 667 3476 1050 3529; x_wconf 81' lang='lat' dir='ltr'><strong><em>demonstrare.</em></strong></span> 
     </span>
    </p>
   </div>
   <div class='ocr_carea' id='block_1_67' title="bbox 468 3559 1969 3627">
    <p class='ocr_par' dir='ltr' id='par_1_67' title="bbox 468 3559 1969 3627">
     <span class='ocr_line' id='line_1_68' title="bbox 468 3559 1969 3627; baseline -0.004 -10"><span class='ocrx_word' id='word_1_418' title='bbox 468 3563 636 3619; x_wconf 76' lang='lat' dir='ltr'><strong><em>Vens.</em></strong></span> <span class='ocrx_word' id='word_1_419' title='bbox 693 3563 745 3617; x_wconf 91' lang='lat'><strong><em>8.</em></strong></span> <span class='ocrx_word' id='word_1_420' title='bbox 794 3561 921 3618; x_wconf 87' lang='lat' dir='ltr'><strong><em>Cum</em></strong></span> <span class='ocrx_word' id='word_1_421' title='bbox 953 3570 1130 3614; x_wconf 87' lang='lat' dir='ltr'><strong><em>autem</em></strong></span> <span class='ocrx_word' id='word_1_422' title='bbox 1159 3559 1250 3614; x_wconf 88' lang='lat' dir='ltr'><strong><em>ille</em></strong></span> <span class='ocrx_word' id='word_1_423' title='bbox 1282 3568 1465 3613; x_wconf 86' lang='lat' dir='ltr'><strong><em>contra</em></strong></span> <span class='ocrx_word' id='word_1_424' title='bbox 1495 3573 1590 3627; x_wconf 84' lang='lat' dir='ltr'><strong><em>pro</em></strong></span> <span class='ocrx_word' id='word_1_425' title='bbox 1636 3574 1692 3613; x_wconf 87' lang='lat' dir='ltr'><strong><em>se</em></strong></span> <span class='ocrx_word' id='word_1_426' title='bbox 1750 3573 1969 3611; x_wconf 86' lang='lat' dir='ltr'><strong><em>causam</em></strong></span> 
     </span>
    </p>
   </div>
   <div class='ocr_carea' id='block_1_68' title="bbox 363 3649 1968 3726">
    <p class='ocr_par' dir='ltr' id='par_1_68' title="bbox 363 3649 1968 3726">
     <span class='ocr_line' id='line_1_69' title="bbox 363 3649 1968 3726; baseline -0.007 -14"><span class='ocrx_word' id='word_1_427' title='bbox 363 3659 571 3712; x_wconf 72' lang='lat' dir='ltr'><strong><em>~dicens</em></strong></span> <span class='ocrx_word' id='word_1_428' title='bbox 598 3663 810 3726; x_wconf 86' lang='lat' dir='ltr'><strong><em>negaret</em></strong></span> <span class='ocrx_word' id='word_1_429' title='bbox 839 3671 894 3708; x_wconf 91' lang='lat' dir='ltr'><strong><em>se</em></strong></span> <span class='ocrx_word' id='word_1_430' title='bbox 925 3654 1213 3724; x_wconf 79' lang='lat' dir='ltr'><strong><em>quidquam</em></strong></span> <span class='ocrx_word' id='word_1_431' title='bbox 1243 3651 1323 3706; x_wconf 89' lang='lat' dir='ltr'><strong><em>vel</em></strong></span> <span class='ocrx_word' id='word_1_432' title='bbox 1357 3652 1411 3706; x_wconf 86' lang='lat' dir='ltr'><strong><em>in</em></strong></span> <span class='ocrx_word' id='word_1_433' title='bbox 1443 3652 1606 3721; x_wconf 85' lang='lat' dir='ltr'><strong><em>legem</em></strong></span> <span class='ocrx_word' id='word_1_434' title='bbox 1637 3649 1968 3715; x_wconf 79' lang='lat' dir='ltr'><strong><em>Judworum,</em></strong></span> 
     </span>
    </p>
   </div>
   <div class='ocr_carea' id='block_1_69' title="bbox 370 3743 1709 3817">
    <p class='ocr_par' dir='ltr' id='par_1_69' title="bbox 370 3743 1709 3817">
     <span class='ocr_line' id='line_1_70' title="bbox 370 3743 1709 3817; baseline -0.007 -12"><span class='ocrx_word' id='word_1_435' title='bbox 370 3749 475 3805; x_wconf 87' lang='lat' dir='ltr'><strong><em>-vel</em></strong></span> <span class='ocrx_word' id='word_1_436' title='bbox 498 3749 553 3802; x_wconf 86' lang='lat' dir='ltr'><strong><em>in</em></strong></span> <span class='ocrx_word' id='word_1_437' title='bbox 574 3745 960 3817; x_wconf 61' lang='lat' dir='ltr'><strong><em>templum,vel</em></strong></span> <span class='ocrx_word' id='word_1_438' title='bbox 993 3746 1048 3798; x_wconf 89' lang='lat' dir='ltr'><strong><em>in</em></strong></span> <span class='ocrx_word' id='word_1_439' title='bbox 1075 3743 1334 3800; x_wconf 77' lang='lat' dir='ltr'><strong><em>Ctrsarem</em></strong></span> <span class='ocrx_word' id='word_1_440' title='bbox 1364 3743 1709 3807; x_wconf 79' lang='lat' dir='ltr'><strong><em>commisisse,</em></strong></span> 
     </span>
    </p>
   </div>
   <div class='ocr_carea' id='block_1_70' title="bbox 472 3830 1969 3905">
    <p class='ocr_par' dir='ltr' id='par_1_70' title="bbox 472 3830 1969 3905">
     <span class='ocr_line' id='line_1_71' title="bbox 472 3830 1969 3905; baseline -0.006 -14"><span class='ocrx_word' id='word_1_441' title='bbox 472 3836 634 3891; x_wconf 73' lang='lat' dir='ltr'><strong><em>Vsus.</em></strong></span> <span class='ocrx_word' id='word_1_442' title='bbox 667 3837 722 3891; x_wconf 86' lang='lat'><strong><em>9.</em></strong></span> <span class='ocrx_word' id='word_1_443' title='bbox 758 3833 952 3889; x_wconf 78' lang='lat' dir='ltr'><strong><em>Festus</em></strong></span> <span class='ocrx_word' id='word_1_444' title='bbox 978 3834 1119 3905; x_wconf 89' lang='lat' dir='ltr'><strong><em>quod</em></strong></span> <span class='ocrx_word' id='word_1_445' title='bbox 1145 3834 1210 3887; x_wconf 89' lang='lat' dir='ltr'><strong><em>ab</em></strong></span> <span class='ocrx_word' id='word_1_446' title='bbox 1241 3833 1440 3888; x_wconf 67' lang='lat' dir='ltr'><strong><em>Iudaeis</em></strong></span> <span class='ocrx_word' id='word_1_447' title='bbox 1465 3832 1714 3887; x_wconf 84' lang='lat' dir='ltr'><strong><em>nimirum</em></strong></span> <span class='ocrx_word' id='word_1_448' title='bbox 1734 3830 1969 3901; x_wconf 84' lang='lat' dir='ltr'><strong><em>gratiam</em></strong></span> 
     </span>
    </p>
   </div>
   <div class='ocr_carea' id='block_1_71' title="bbox 392 3921 1971 3995">
    <p class='ocr_par' dir='ltr' id='par_1_71' title="bbox 392 3921 1971 3995">
     <span class='ocr_line' id='line_1_72' title="bbox 392 3921 1971 3995; baseline -0.006 -11"><span class='ocrx_word' id='word_1_449' title='bbox 392 3931 527 3985; x_wconf 88' lang='lat' dir='ltr'><strong><em>inire</em></strong></span> <span class='ocrx_word' id='word_1_450' title='bbox 552 3928 699 3983; x_wconf 85' lang='lat' dir='ltr'><strong><em>vellet</em></strong></span> <span class='ocrx_word' id='word_1_451' title='bbox 732 3927 1046 3995; x_wconf 83' lang='lat' dir='ltr'><strong><em>respondens</em></strong></span> <span class='ocrx_word' id='word_1_452' title='bbox 1084 3922 1413 3989; x_wconf 85' lang='lat' dir='ltr'><strong><em>Paulo:Vis,</em></strong></span> <span class='ocrx_word' id='word_1_453' title='bbox 1444 3924 1641 3994; x_wconf 87' lang='lat' dir='ltr'><strong><em>inquit,</em></strong></span> <span class='ocrx_word' id='word_1_454' title='bbox 1670 3921 1971 3994; x_wconf 78' lang='lat' dir='ltr'><strong><em>Hierosoly-</em></strong></span> 
     </span>
    </p>
   </div>
   <div class='ocr_carea' id='block_1_72' title="bbox 391 4015 1969 4083">
    <p class='ocr_par' dir='ltr' id='par_1_72' title="bbox 391 4015 1969 4083">
     <span class='ocr_line' id='line_1_73' title="bbox 391 4015 1969 4083; baseline -0.004 -11"><span class='ocrx_word' id='word_1_455' title='bbox 391 4036 537 4073; x_wconf 86' lang='lat' dir='ltr'><strong><em>mam</em></strong></span> <span class='ocrx_word' id='word_1_456' title='bbox 582 4019 878 4083; x_wconf 77' lang='lat' dir='ltr'><strong><em>ascendere,</em></strong></span> <span class='ocrx_word' id='word_1_457' title='bbox 922 4025 970 4069; x_wconf 91' lang='lat' dir='ltr'><strong><em>et</em></strong></span> <span class='ocrx_word' id='word_1_458' title='bbox 1022 4016 1134 4069; x_wconf 84' lang='lat' dir='ltr'><strong><em>illic</em></strong></span> <span class='ocrx_word' id='word_1_459' title='bbox 1177 4019 1240 4069; x_wconf 90' lang='lat' dir='ltr'><strong><em>de</em></strong></span> <span class='ocrx_word' id='word_1_460' title='bbox 1284 4016 1363 4068; x_wconf 81' lang='lat' dir='ltr'><strong><em>his</em></strong></span> <span class='ocrx_word' id='word_1_461' title='bbox 1407 4015 1713 4068; x_wconf 85' lang='lat' dir='ltr'><strong><em>criminibus</em></strong></span> <span class='ocrx_word' id='word_1_462' title='bbox 1750 4028 1969 4067; x_wconf 82' lang='lat' dir='ltr'><strong><em>causam</em></strong></span> 
     </span>
    </p>
   </div>
   <div class='ocr_carea' id='block_1_73' title="bbox 393 4110 1221 4163">
    <p class='ocr_par' dir='ltr' id='par_1_73' title="bbox 393 4110 1221 4163">
     <span class='ocr_line' id='line_1_74' title="bbox 393 4110 1221 4163; baseline -0.002 0"><span class='ocrx_word' id='word_1_463' title='bbox 393 4111 562 4163; x_wconf 85' lang='lat' dir='ltr'><strong><em>dicere</em></strong></span> <span class='ocrx_word' id='word_1_464' title='bbox 589 4123 768 4161; x_wconf 88' lang='lat' dir='ltr'><strong><em>coram</em></strong></span> <span class='ocrx_word' id='word_1_465' title='bbox 804 4123 880 4160; x_wconf 86' lang='lat' dir='ltr'><strong><em>me</em></strong></span> <span class='ocrx_word' id='word_1_466' title='bbox 902 4110 928 4162; x_wconf 80' lang='lat'><strong><em>?</em></strong></span> <span class='ocrx_word' id='word_1_467' title='bbox 1214 4142 1221 4147; x_wconf 91' lang='lat'><strong><em>-</em></strong></span> 
     </span>
    </p>
   </div>
   <div class='ocr_carea' id='block_1_74' title="bbox 466 4195 1967 4267">
    <p class='ocr_par' dir='ltr' id='par_1_74' title="bbox 466 4195 1967 4267">
     <span class='ocr_line' id='line_1_75' title="bbox 466 4195 1967 4267; baseline 0.001 -14"><span class='ocrx_word' id='word_1_468' title='bbox 466 4199 629 4253; x_wconf 70' lang='lat' dir='ltr'><strong><em>Vens.</em></strong></span> <span class='ocrx_word' id='word_1_469' title='bbox 670 4198 757 4253; x_wconf 86' lang='lat' dir='ltr'><strong><em>lO.</em></strong></span> <span class='ocrx_word' id='word_1_470' title='bbox 795 4196 994 4250; x_wconf 82' lang='lat' dir='ltr'><strong><em>Paulus</em></strong></span> <span class='ocrx_word' id='word_1_471' title='bbox 1027 4197 1186 4267; x_wconf 76' lang='lat'><strong><em>172</em></strong></span> <span class='ocrx_word' id='word_1_472' title='bbox 1212 4206 1389 4250; x_wconf 84' lang='lat' dir='ltr'><strong><em>autem</em></strong></span> <span class='ocrx_word' id='word_1_473' title='bbox 1417 4197 1551 4251; x_wconf 74' lang='lat' dir='ltr'><strong><em>dixit</em></strong></span> <span class='ocrx_word' id='word_1_474' title='bbox 1575 4212 1593 4251; x_wconf 91' lang='lat'><strong><em>:</em></strong></span> <span class='ocrx_word' id='word_1_475' title='bbox 1615 4195 1696 4250; x_wconf 84' lang='lat' dir='ltr'><strong><em>Ad</em></strong></span> <span class='ocrx_word' id='word_1_476' title='bbox 1728 4196 1967 4255; x_wconf 82' lang='lat' dir='ltr'><strong><em>tribunal.</em></strong></span> 
     </span>
    </p>
   </div>
   <div class='ocr_carea' id='block_1_75' title="bbox 394 4286 1969 4358">
    <p class='ocr_par' dir='ltr' id='par_1_75' title="bbox 394 4286 1969 4358">
     <span class='ocr_line' id='line_1_76' title="bbox 394 4286 1969 4358; baseline -0.002 -13"><span class='ocrx_word' id='word_1_477' title='bbox 394 4288 624 4345; x_wconf 76' lang='lat' dir='ltr'><strong><em>Ctrsaris</em></strong></span> <span class='ocrx_word' id='word_1_478' title='bbox 649 4298 751 4349; x_wconf 86' lang='lat' dir='ltr'><strong><em>sto,</em></strong></span> <span class='ocrx_word' id='word_1_479' title='bbox 780 4290 870 4342; x_wconf 88' lang='lat' dir='ltr'><strong><em>ubi</em></strong></span> <span class='ocrx_word' id='word_1_480' title='bbox 898 4306 979 4342; x_wconf 91' lang='lat' dir='ltr'><strong><em>me</em></strong></span> <span class='ocrx_word' id='word_1_481' title='bbox 1032 4305 1249 4343; x_wconf 87' lang='lat' dir='ltr'><strong><em>causam</em></strong></span> <span class='ocrx_word' id='word_1_482' title='bbox 1288 4289 1459 4342; x_wconf 88' lang='lat' dir='ltr'><strong><em>dicere</em></strong></span> <span class='ocrx_word' id='word_1_483' title='bbox 1487 4295 1686 4358; x_wconf 82' lang='lat' dir='ltr'><strong><em>oportet</em></strong></span> <span class='ocrx_word' id='word_1_484' title='bbox 1717 4302 1735 4342; x_wconf 90' lang='lat'><strong><em>:</em></strong></span> <span class='ocrx_word' id='word_1_485' title='bbox 1765 4286 1969 4345; x_wconf 82' lang='lat' dir='ltr'><strong><em>Judteis</em></strong></span> 
     </span>
    </p>
   </div>
   <div class='ocr_carea' id='block_1_76' title="bbox 394 4380 1861 4451">
    <p class='ocr_par' dir='ltr' id='par_1_76' title="bbox 394 4380 1861 4451">
     <span class='ocr_line' id='line_1_77' title="bbox 394 4380 1861 4451; baseline -0.001 -17"><span class='ocrx_word' id='word_1_486' title='bbox 394 4380 597 4434; x_wconf 84' lang='lat' dir='ltr'><strong><em>nullam</em></strong></span> <span class='ocrx_word' id='word_1_487' title='bbox 628 4381 727 4451; x_wconf 79' lang='lat' dir='ltr'><strong><em>feci</em></strong></span> <span class='ocrx_word' id='word_1_488' title='bbox 760 4381 1041 4450; x_wconf 75' lang='lat' dir='ltr'><strong><em>injuriam,</em></strong></span> <span class='ocrx_word' id='word_1_489' title='bbox 1077 4381 1211 4435; x_wconf 87' lang='lat' dir='ltr'><strong><em>sicut</em></strong></span> <span class='ocrx_word' id='word_1_490' title='bbox 1241 4380 1402 4434; x_wconf 83' lang='lat' dir='ltr'><strong><em>etiam</em></strong></span> <span class='ocrx_word' id='word_1_491' title='bbox 1436 4388 1491 4434; x_wconf 91' lang='lat' dir='ltr'><strong><em>tu</em></strong></span> <span class='ocrx_word' id='word_1_492' title='bbox 1517 4380 1703 4435; x_wconf 85' lang='lat' dir='ltr'><strong><em>melius</em></strong></span> <span class='ocrx_word' id='word_1_493' title='bbox 1736 4380 1861 4434; x_wconf 90' lang='lat' dir='ltr'><strong><em>scis.</em></strong></span> 
     </span>
    </p>
   </div>
   <div class='ocr_carea' id='block_1_77' title="bbox 2080 3286 3655 3357">
    <p class='ocr_par' dir='ltr' id='par_1_77' title="bbox 2080 3286 3655 3357">
     <span class='ocr_line' id='line_1_78' title="bbox 2080 3286 3655 3357; baseline 0.002 -17"><span class='ocrx_word' id='word_1_494' title='bbox 2080 3286 2516 3357; x_wconf 65' lang='grc' dir='ltr'><em>ξΙεροσολὺμων</em></span> <span class='ocrx_word' id='word_1_495' title='bbox 2571 3289 3037 3356; x_wconf 78' lang='grc' dir='ltr'><em>καταϐεϐηκότες</em></span> <span class='ocrx_word' id='word_1_496' title='bbox 3084 3289 3384 3354; x_wconf 83' lang='grc' dir='ltr'><em>Ἰουδαῖοι,</em></span> <span class='ocrx_word' id='word_1_497' title='bbox 3451 3291 3655 3345; x_wconf 80' lang='grc' dir='ltr'><em>πολλὰ</em></span> 
     </span>
    </p>
   </div>
   <div class='ocr_carea' id='block_1_78' title="bbox 2074 3377 3653 3448">
    <p class='ocr_par' dir='ltr' id='par_1_78' title="bbox 2074 3377 3653 3448">
     <span class='ocr_line' id='line_1_79' title="bbox 2074 3377 3653 3448; baseline 0.002 -17"><span class='ocrx_word' id='word_1_498' title='bbox 2074 3379 2173 3434; x_wconf 74' lang='grc' dir='ltr'><em>καὶ</em></span> <span class='ocrx_word' id='word_1_499' title='bbox 2202 3377 2396 3446; x_wconf 83' lang='grc' dir='ltr'><em>,ϐαρέα</em></span> <span class='ocrx_word' id='word_1_500' title='bbox 2425 3378 2736 3448; x_wconf 71' lang='grc' dir='ltr'><em>αἰτιάματα</em></span> <span class='ocrx_word' id='word_1_501' title='bbox 2768 3377 3055 3448; x_wconf 76' lang='grc' dir='ltr'><em>φέροντες</em></span> <span class='ocrx_word' id='word_1_502' title='bbox 3074 3381 3225 3433; x_wconf 82' lang='grc' dir='ltr'><em>κατὰ</em></span> <span class='ocrx_word' id='word_1_503' title='bbox 3245 3378 3351 3432; x_wconf 89' lang='grc' dir='ltr'><em>τοῦ</em></span> <span class='ocrx_word' id='word_1_504' title='bbox 3382 3380 3653 3444; x_wconf 88' lang='grc' dir='ltr'><em>Παύλου,</em></span> 
     </span>
    </p>
   </div>
   <div class='ocr_carea' id='block_1_79' title="bbox 2074 3467 2967 3537">
    <p class='ocr_par' dir='ltr' id='par_1_79' title="bbox 2074 3467 2967 3537">
     <span class='ocr_line' id='line_1_80' title="bbox 2074 3467 2967 3537; baseline 0.002 -16"><span class='ocrx_word' id='word_1_505' title='bbox 2074 3467 2113 3521; x_wconf 73' lang='grc' dir='ltr'><em>ἃ</em></span> <span class='ocrx_word' id='word_1_506' title='bbox 2145 3471 2255 3523; x_wconf 77' lang='grc' dir='ltr'><strong><em>οὐκ.</em></strong></span> <span class='ocrx_word' id='word_1_507' title='bbox 2281 3470 2504 3537; x_wconf 83' lang='grc' dir='ltr'><em>ἴσχυον</em></span> <span class='ocrx_word' id='word_1_508' title='bbox 2531 3470 2864 3535; x_wconf 77' lang='grc' dir='ltr'><em>ἀποδεῖξαι.</em></span> <span class='ocrx_word' id='word_1_509' title='bbox 2964 3504 2967 3509; x_wconf 58' lang='grc' dir='ltr'><strong><em>ν</em></strong></span> 
     </span>
    </p>
   </div>
   <div class='ocr_carea' id='block_1_80' title="bbox 2157 3559 3656 3630">
    <p class='ocr_par' dir='ltr' id='par_1_80' title="bbox 2157 3559 3656 3630">
     <span class='ocr_line' id='line_1_81' title="bbox 2157 3559 3656 3630; baseline 0.001 -17"><span class='ocrx_word' id='word_1_510' title='bbox 2157 3560 2667 3630; x_wconf 77' lang='grc' dir='ltr'><em>Ἀπολογουμένου</em></span> <span class='ocrx_word' id='word_1_511' title='bbox 2693 3561 2763 3614; x_wconf 85' lang='grc' dir='ltr'><em>δὲ</em></span> <span class='ocrx_word' id='word_1_512' title='bbox 2786 3562 2832 3593; x_wconf 74' lang='grc'><strong><em>⁸⁸</em></strong></span> <span class='ocrx_word' id='word_1_513' title='bbox 2876 3560 3086 3627; x_wconf 81' lang='grc' dir='ltr'><em>αὐτοῦ,</em></span> <span class='ocrx_word' id='word_1_514' title='bbox 3117 3559 3211 3615; x_wconf 88' lang='grc' dir='ltr'><em>ὅτι</em></span> <span class='ocrx_word' id='word_1_515' title='bbox 3255 3560 3395 3616; x_wconf 78' lang='grc' dir='ltr'><em>οὔτε</em></span> <span class='ocrx_word' id='word_1_516' title='bbox 3429 3562 3519 3628; x_wconf 80' lang='grc' dir='ltr'><em>εις</em></span> <span class='ocrx_word' id='word_1_517' title='bbox 3545 3561 3656 3615; x_wconf 84' lang='grc' dir='ltr'><em>τὸν</em></span> 
     </span>
    </p>
   </div>
   <div class='ocr_carea' id='block_1_81' title="bbox 2071 3647 3652 3718">
    <p class='ocr_par' dir='ltr' id='par_1_81' title="bbox 2071 3647 3652 3718">
     <span class='ocr_line' id='line_1_82' title="bbox 2071 3647 3652 3718; baseline 0.001 -15"><span class='ocrx_word' id='word_1_518' title='bbox 2071 3649 2260 3717; x_wconf 78' lang='grc' dir='ltr'><em>νόμον</em></span> <span class='ocrx_word' id='word_1_519' title='bbox 2289 3648 2406 3703; x_wconf 84' lang='grc' dir='ltr'><em>τῶν</em></span> <span class='ocrx_word' id='word_1_520' title='bbox 2450 3647 2775 3715; x_wconf 77' lang='grc' dir='ltr'><em>Ἰουδαίων,</em></span> <span class='ocrx_word' id='word_1_521' title='bbox 2804 3650 2945 3703; x_wconf 81' lang='grc' dir='ltr'><em>οὔτε</em></span> <span class='ocrx_word' id='word_1_522' title='bbox 2963 3650 3051 3715; x_wconf 80' lang='grc' dir='ltr'><strong><em>είς</em></strong></span> <span class='ocrx_word' id='word_1_523' title='bbox 3078 3649 3147 3703; x_wconf 86' lang='grc' dir='ltr'><em>τὸ</em></span> <span class='ocrx_word' id='word_1_524' title='bbox 3184 3648 3368 3718; x_wconf 76' lang='grc' dir='ltr'><em>ἱερὸν,</em></span> <span class='ocrx_word' id='word_1_525' title='bbox 3408 3649 3546 3705; x_wconf 77' lang='grc' dir='ltr'><em>οὔτε</em></span> <span class='ocrx_word' id='word_1_526' title='bbox 3563 3651 3652 3716; x_wconf 76' lang='grc' dir='ltr'><em>εἰς</em></span> 
     </span>
    </p>
   </div>
   <div class='ocr_carea' id='block_1_82' title="bbox 2070 3739 2753 3810">
    <p class='ocr_par' dir='ltr' id='par_1_82' title="bbox 2070 3739 2753 3810">
     <span class='ocr_line' id='line_1_83' title="bbox 2070 3739 2753 3810; baseline -0.001 -15"><span class='ocrx_word' id='word_1_527' title='bbox 2070 3741 2343 3809; x_wconf 81' lang='grc' dir='ltr'><em>Καίσαρά</em></span> <span class='ocrx_word' id='word_1_528' title='bbox 2372 3756 2427 3795; x_wconf 78' lang='grc' dir='ltr'><strong><em>τι</em></strong></span> <span class='ocrx_word' id='word_1_529' title='bbox 2466 3739 2753 3810; x_wconf 82' lang='grc' dir='ltr'><em>ἥμαρτον,</em></span> 
     </span>
    </p>
   </div>
   <div class='ocr_carea' id='block_1_83' title="bbox 2157 3830 3655 3903">
    <p class='ocr_par' dir='ltr' id='par_1_83' title="bbox 2157 3830 3655 3903">
     <span class='ocr_line' id='line_1_84' title="bbox 2157 3830 3655 3903; baseline 0.001 -16"><span class='ocrx_word' id='word_1_530' title='bbox 2157 3835 2219 3887; x_wconf 87' lang='lat'><strong><em>&#39;0</em></strong></span> <span class='ocrx_word' id='word_1_531' title='bbox 2259 3832 2495 3900; x_wconf 81' lang='grc' dir='ltr'><em>Φῆστος</em></span> <span class='ocrx_word' id='word_1_532' title='bbox 2540 3832 2677 3887; x_wconf 69' lang='lat' dir='ltr'><strong><em>se&quot;</em></strong></span> <span class='ocrx_word' id='word_1_533' title='bbox 2710 3832 2835 3900; x_wconf 85' lang='grc' dir='ltr'><em>τοῖς</em></span> <span class='ocrx_word' id='word_1_534' title='bbox 2888 3830 3201 3898; x_wconf 81' lang='grc' dir='ltr'><em>Ἰουδαίοις</em></span> <span class='ocrx_word' id='word_1_535' title='bbox 3235 3833 3428 3888; x_wconf 86' lang='grc' dir='ltr'><em>θέλων</em></span> <span class='ocrx_word' id='word_1_536' title='bbox 3473 3831 3655 3903; x_wconf 78' lang='grc' dir='ltr'><em>χάριν</em></span> 
     </span>
    </p>
   </div>
   <div class='ocr_carea' id='block_1_84' title="bbox 2071 3920 3648 3995">
    <p class='ocr_par' dir='ltr' id='par_1_84' title="bbox 2071 3920 3648 3995">
     <span class='ocr_line' id='line_1_85' title="bbox 2071 3920 3648 3995; baseline 0.001 -16"><span class='ocrx_word' id='word_1_537' title='bbox 2071 3926 2455 3990; x_wconf 81' lang='grc' dir='ltr'><em>καταθέσθαι,</em></span> <span class='ocrx_word' id='word_1_538' title='bbox 2492 3926 2838 3995; x_wconf 78' lang='grc' dir='ltr'><em>ἀποκριθεὶς</em></span> <span class='ocrx_word' id='word_1_539' title='bbox 2864 3924 2946 3991; x_wconf 89' lang='grc' dir='ltr'><em>τῷ</em></span> <span class='ocrx_word' id='word_1_540' title='bbox 2977 3925 3197 3992; x_wconf 86' lang='grc' dir='ltr'><em>Παύλῳ</em></span> <span class='ocrx_word' id='word_1_541' title='bbox 3222 3920 3355 3979; x_wconf 85' lang='grc' dir='ltr'><em>εἷπε</em></span> <span class='ocrx_word' id='word_1_542' title='bbox 3374 3940 3388 3955; x_wconf 77' lang='grc' dir='ltr'>ο</span> <span class='ocrx_word' id='word_1_543' title='bbox 3422 3924 3648 3992; x_wconf 80' lang='grc' dir='ltr'><em>Θέλεις,</em></span> 
     </span>
    </p>
   </div>
   <div class='ocr_carea' id='block_1_85' title="bbox 2073 4015 3652 4086">
    <p class='ocr_par' dir='ltr' id='par_1_85' title="bbox 2073 4015 3652 4086">
     <span class='ocr_line' id='line_1_86' title="bbox 2073 4015 3652 4086; baseline 0.001 -18"><span class='ocrx_word' id='word_1_544' title='bbox 2073 4017 2160 4081; x_wconf 83' lang='grc' dir='ltr'><em>εὶς</em></span> <span class='ocrx_word' id='word_1_545' title='bbox 2197 4015 2581 4085; x_wconf 81' lang='grc' dir='ltr'><em>Ἰεροσόλυμα</em></span> <span class='ocrx_word' id='word_1_546' title='bbox 2633 4016 2863 4080; x_wconf 74' lang='grc' dir='ltr'><em>ἀναϐὰς</em></span> <span class='ocrx_word' id='word_1_547' title='bbox 2884 4056 2899 4083; x_wconf 91' lang='grc'><strong><em>,</em></strong></span> <span class='ocrx_word' id='word_1_548' title='bbox 2932 4015 3059 4069; x_wconf 77' lang='grc' dir='ltr'><em>ἐκεῖ</em></span> <span class='ocrx_word' id='word_1_549' title='bbox 3100 4015 3235 4085; x_wconf 76' lang='grc' dir='ltr'><em>περὶ</em></span> <span class='ocrx_word' id='word_1_550' title='bbox 3273 4016 3501 4070; x_wconf 83' lang='grc' dir='ltr'><em>τούτων</em></span> <span class='ocrx_word' id='word_1_551' title='bbox 3527 4016 3652 4086; x_wconf 84' lang='grc' dir='ltr'><em>κρι-</em></span> 
     </span>
    </p>
   </div>
   <div class='ocr_carea' id='block_1_86' title="bbox 2069 4104 2791 4174">
    <p class='ocr_par' dir='ltr' id='par_1_86' title="bbox 2069 4104 2791 4174">
     <span class='ocr_line' id='line_1_87' title="bbox 2069 4104 2791 4174; baseline 0.001 -17"><span class='ocrx_word' id='word_1_552' title='bbox 2069 4108 2283 4159; x_wconf 86' lang='grc' dir='ltr'><em>νεσθαι</em></span> <span class='ocrx_word' id='word_1_553' title='bbox 2312 4106 2414 4160; x_wconf 78' lang='grc' dir='ltr'><strong><em>ὑπ’</em></strong></span> <span class='ocrx_word' id='word_1_554' title='bbox 2443 4104 2589 4174; x_wconf 82' lang='grc' dir='ltr'><strong><em>ἐμοῦ</em></strong></span> <span class='ocrx_word' id='word_1_555' title='bbox 2612 4105 2687 4173; x_wconf 83' lang='grc'><strong><em>²⁸;</em></strong></span> <span class='ocrx_word' id='word_1_556' title='bbox 2787 4168 2791 4172; x_wconf 40' lang='grc'><strong><em>,</em></strong></span> 
     </span>
    </p>
   </div>
   <div class='ocr_carea' id='block_1_87' title="bbox 2140 4189 3651 4266">
    <p class='ocr_par' dir='ltr' id='par_1_87' title="bbox 2140 4189 3651 4266">
     <span class='ocr_line' id='line_1_88' title="bbox 2140 4189 3651 4266; baseline 0.002 -19"><span class='ocrx_word' id='word_1_557' title='bbox 2140 4189 2288 4247; x_wconf 75' lang='grc' dir='ltr'><strong><em>Εἷπέ</em></strong></span> <span class='ocrx_word' id='word_1_558' title='bbox 2319 4193 2387 4246; x_wconf 81' lang='grc' dir='ltr'><em>δὲ</em></span> <span class='ocrx_word' id='word_1_559' title='bbox 2412 4195 2459 4226; x_wconf 80' lang='grc'><strong><em>⁸³</em></strong></span> <span class='ocrx_word' id='word_1_560' title='bbox 2481 4196 2514 4248; x_wconf 82' lang='grc' dir='ltr'><em>ό</em></span> <span class='ocrx_word' id='word_1_561' title='bbox 2535 4193 2781 4262; x_wconf 87' lang='grc' dir='ltr'><em>Παῦλος</em></span> <span class='ocrx_word' id='word_1_562' title='bbox 2801 4210 2816 4226; x_wconf 77' lang='grc' dir='ltr'><em>ο</em></span> <span class='ocrx_word' id='word_1_563' title='bbox 2845 4194 2977 4249; x_wconf 76' lang='grc' dir='ltr'><strong><em>Ἐπὶ</em></strong></span> <span class='ocrx_word' id='word_1_564' title='bbox 3002 4195 3108 4251; x_wconf 84' lang='grc' dir='ltr'><em>τοῦ</em></span> <span class='ocrx_word' id='word_1_565' title='bbox 3135 4196 3412 4266; x_wconf 77' lang='grc' dir='ltr'><em>,βήματος</em></span> <span class='ocrx_word' id='word_1_566' title='bbox 3430 4196 3651 4251; x_wconf 84' lang='grc' dir='ltr'><em>Καίσα-</em></span> 
     </span>
    </p>
   </div>
   <div class='ocr_carea' id='block_1_88' title="bbox 2061 4283 3653 4357">
    <p class='ocr_par' dir='ltr' id='par_1_88' title="bbox 2061 4283 3653 4357">
     <span class='ocr_line' id='line_1_89' title="bbox 2061 4283 3653 4357; baseline 0.003 -16"><span class='ocrx_word' id='word_1_567' title='bbox 2061 4303 2175 4355; x_wconf 86' lang='grc' dir='ltr'><strong><em>ρος</em></strong></span> <span class='ocrx_word' id='word_1_568' title='bbox 2214 4286 2406 4351; x_wconf 82' lang='grc' dir='ltr'><em>ἑστώς</em></span> <span class='ocrx_word' id='word_1_569' title='bbox 2430 4289 2567 4354; x_wconf 81' lang='grc' dir='ltr'><em>ειμι,</em></span> <span class='ocrx_word' id='word_1_570' title='bbox 2611 4283 2683 4342; x_wconf 85' lang='grc' dir='ltr'><strong><em>οὗ</em></strong></span> <span class='ocrx_word' id='word_1_571' title='bbox 2713 4296 2792 4357; x_wconf 83' lang='grc' dir='ltr'><strong><em>με</em></strong></span> <span class='ocrx_word' id='word_1_572' title='bbox 2821 4287 2916 4342; x_wconf 83' lang='grc' dir='ltr'><em>δεῖ</em></span> <span class='ocrx_word' id='word_1_573' title='bbox 2948 4291 3288 4357; x_wconf 77' lang='grc' dir='ltr'><em>κρίνεσθαιο</em></span> <span class='ocrx_word' id='word_1_574' title='bbox 3329 4288 3653 4356; x_wconf 79' lang='grc' dir='ltr'><em>Ἰουδαίους</em></span> 
     </span>
    </p>
   </div>
   <div class='ocr_carea' id='block_1_89' title="bbox 2070 4378 3651 4453">
    <p class='ocr_par' dir='ltr' id='par_1_89' title="bbox 2070 4378 3651 4453">
     <span class='ocr_line' id='line_1_90' title="bbox 2070 4378 3651 4453; baseline 0.004 -23"><span class='ocrx_word' id='word_1_575' title='bbox 2070 4378 2253 4431; x_wconf 84' lang='grc' dir='ltr'><em>οὐδὲν</em></span> <span class='ocrx_word' id='word_1_576' title='bbox 2305 4378 2596 4445; x_wconf 76' lang='grc' dir='ltr'><em>ἠδίκησα,</em></span> <span class='ocrx_word' id='word_1_577' title='bbox 2640 4380 2723 4445; x_wconf 87' lang='grc' dir='ltr'><em>ὡς</em></span> <span class='ocrx_word' id='word_1_578' title='bbox 2782 4379 2882 4434; x_wconf 78' lang='grc' dir='ltr'><em>καὶ</em></span> <span class='ocrx_word' id='word_1_579' title='bbox 2924 4381 3007 4435; x_wconf 84' lang='grc' dir='ltr'><em>σὺ</em></span> <span class='ocrx_word' id='word_1_580' title='bbox 3066 4381 3323 4437; x_wconf 77' lang='grc' dir='ltr'><em>κάλλιον</em></span> <span class='ocrx_word' id='word_1_581' title='bbox 3377 4381 3651 4453; x_wconf 77' lang='grc' dir='ltr'><em>ἐπιγινώ-</em></span> 
     </span>
    </p>
   </div>
   <div class='ocr_carea' id='block_1_90' title="bbox 2071 4485 2263 4536">
    <p class='ocr_par' dir='ltr' id='par_1_90' title="bbox 2071 4485 2263 4536">
     <span class='ocr_line' id='line_1_91' title="bbox 2071 4485 2263 4536; baseline 0 -12"><span class='ocrx_word' id='word_1_582' title='bbox 2071 4485 2263 4536; x_wconf 77' lang='grc' dir='ltr'><em>σκεις.</em></span> 
     </span>
    </p>
   </div>
   <div class='ocr_carea' id='block_1_91' title="bbox 463 4555 1975 4638">
    <p class='ocr_par' dir='ltr' id='par_1_91' title="bbox 463 4563 1967 4637">
     <span class='ocr_line' id='line_1_92' title="bbox 463 4563 1967 4637; baseline -0.001 -18"><span class='ocrx_word' id='word_1_583' title='bbox 463 4565 631 4620; x_wconf 78' lang='lat' dir='ltr'><strong><em>Vens.</em></strong></span> <span class='ocrx_word' id='word_1_584' title='bbox 665 4566 752 4620; x_wconf 78' lang='lat' dir='ltr'><strong><em>ll.</em></strong></span> <span class='ocrx_word' id='word_1_585' title='bbox 802 4565 941 4621; x_wconf 82' lang='lat' dir='ltr'><strong><em>Nam</em></strong></span> <span class='ocrx_word' id='word_1_586' title='bbox 971 4567 1019 4620; x_wconf 88' lang='lat' dir='ltr'><strong><em>si</em></strong></span> <span class='ocrx_word' id='word_1_587' title='bbox 1059 4583 1245 4621; x_wconf 87' lang='lat' dir='ltr'><strong><em>nocens</em></strong></span> <span class='ocrx_word' id='word_1_588' title='bbox 1272 4583 1387 4620; x_wconf 89' lang='lat' dir='ltr'><strong><em>sum</em></strong></span> <span class='ocrx_word' id='word_1_589' title='bbox 1429 4575 1477 4618; x_wconf 88' lang='lat' dir='ltr'><strong><em>et</em></strong></span> <span class='ocrx_word' id='word_1_590' title='bbox 1510 4565 1713 4637; x_wconf 72' lang='lat' dir='ltr'><strong><em>aliquid</em></strong></span> <span class='ocrx_word' id='word_1_591' title='bbox 1751 4563 1967 4635; x_wconf 87' lang='lat' dir='ltr'><strong><em>dignum</em></strong></span> 
     </span>
    </p>
   </div>
   <div class='ocr_carea' id='block_1_92' title="bbox 2075 4555 3652 4638">
    <p class='ocr_par' dir='ltr' id='par_1_92' title="bbox 2153 4560 3652 4638">
     <span class='ocr_line' id='line_1_93' title="bbox 2153 4560 3652 4638; baseline 0.004 -21"><span class='ocrx_word' id='word_1_592' title='bbox 2153 4564 2222 4617; x_wconf 83' lang='lat' dir='ltr'><strong><em>El</em></strong></span> <span class='ocrx_word' id='word_1_593' title='bbox 2247 4560 2364 4630; x_wconf 80' lang='grc' dir='ltr'><em>μὲν</em></span> <span class='ocrx_word' id='word_1_594' title='bbox 2388 4560 2499 4631; x_wconf 78' lang='grc' dir='ltr'><strong><em>γὰρ</em></strong></span> <span class='ocrx_word' id='word_1_595' title='bbox 2524 4560 2726 4625; x_wconf 83' lang='grc' dir='ltr'><em>ἀδικῶ,</em></span> <span class='ocrx_word' id='word_1_596' title='bbox 2761 4563 2859 4619; x_wconf 75' lang='grc' dir='ltr'><em>καὶ</em></span> <span class='ocrx_word' id='word_1_597' title='bbox 2886 4564 3061 4629; x_wconf 73' lang='grc' dir='ltr'><em>ἄξιον</em></span> <span class='ocrx_word' id='word_1_598' title='bbox 3084 4568 3346 4624; x_wconf 79' lang='grc' dir='ltr'><em>θανάτου</em></span> <span class='ocrx_word' id='word_1_599' title='bbox 3373 4568 3652 4638; x_wconf 79' lang='grc' dir='ltr'><em>πέπραχά</em></span> 
     </span>
    </p>
   </div>
   <div class='ocr_carea' id='block_1_93' title="bbox 394 4657 1968 4724">
    <p class='ocr_par' dir='ltr' id='par_1_93' title="bbox 394 4657 1968 4724">
     <span class='ocr_line' id='line_1_94' title="bbox 394 4657 1968 4724; baseline -0.003 -12"><span class='ocrx_word' id='word_1_600' title='bbox 394 4668 563 4713; x_wconf 88' lang='lat' dir='ltr'><strong><em>morte</em></strong></span> <span class='ocrx_word' id='word_1_601' title='bbox 584 4659 843 4724; x_wconf 85' lang='lat' dir='ltr'><strong><em>commisi,</em></strong></span> <span class='ocrx_word' id='word_1_602' title='bbox 876 4659 1011 4713; x_wconf 87' lang='lat' dir='ltr'><strong><em>mori</em></strong></span> <span class='ocrx_word' id='word_1_603' title='bbox 1037 4676 1140 4713; x_wconf 87' lang='lat' dir='ltr'><strong><em>non</em></strong></span> <span class='ocrx_word' id='word_1_604' title='bbox 1161 4671 1383 4714; x_wconf 82' lang='lat' dir='ltr'><strong><em>recuso:</em></strong></span> <span class='ocrx_word' id='word_1_605' title='bbox 1412 4659 1495 4711; x_wconf 82' lang='lat' dir='ltr'><strong><em>sin</em></strong></span> <span class='ocrx_word' id='word_1_606' title='bbox 1521 4667 1703 4711; x_wconf 90' lang='lat' dir='ltr'><strong><em>autem</em></strong></span> <span class='ocrx_word' id='word_1_607' title='bbox 1734 4657 1869 4711; x_wconf 80' lang='lat' dir='ltr'><strong><em>nihil</em></strong></span> <span class='ocrx_word' id='word_1_608' title='bbox 1892 4666 1968 4711; x_wconf 84' lang='lat' dir='ltr'><strong><em>est</em></strong></span> 
     </span>
    </p>
   </div>
   <div class='ocr_carea' id='block_1_94' title="bbox 393 4748 1968 4820">
    <p class='ocr_par' dir='ltr' id='par_1_94' title="bbox 393 4748 1968 4820">
     <span class='ocr_line' id='line_1_95' title="bbox 393 4748 1968 4820; baseline -0.003 -14"><span class='ocrx_word' id='word_1_609' title='bbox 393 4767 574 4806; x_wconf 89' lang='lat' dir='ltr'><strong><em>eorum</em></strong></span> <span class='ocrx_word' id='word_1_610' title='bbox 597 4753 659 4805; x_wconf 86' lang='lat' dir='ltr'><strong><em>de</em></strong></span> <span class='ocrx_word' id='word_1_611' title='bbox 683 4752 870 4820; x_wconf 87' lang='lat' dir='ltr'><strong><em>quibus</em></strong></span> <span class='ocrx_word' id='word_1_612' title='bbox 894 4751 981 4805; x_wconf 84' lang='lat' dir='ltr'><strong><em>isti</em></strong></span> <span class='ocrx_word' id='word_1_613' title='bbox 1009 4766 1090 4805; x_wconf 87' lang='lat' dir='ltr'><strong><em>me</em></strong></span> <span class='ocrx_word' id='word_1_614' title='bbox 1123 4758 1395 4815; x_wconf 85' lang='lat' dir='ltr'><strong><em>accusant,</em></strong></span> <span class='ocrx_word' id='word_1_615' title='bbox 1422 4764 1571 4803; x_wconf 90' lang='lat' dir='ltr'><strong><em>nemo</em></strong></span> <span class='ocrx_word' id='word_1_616' title='bbox 1597 4764 1676 4801; x_wconf 89' lang='lat' dir='ltr'><strong><em>me</em></strong></span> <span class='ocrx_word' id='word_1_617' title='bbox 1702 4756 1868 4815; x_wconf 82' lang='lat' dir='ltr'><strong><em>potest</em></strong></span> <span class='ocrx_word' id='word_1_618' title='bbox 1896 4748 1968 4802; x_wconf 89' lang='lat' dir='ltr'><strong><em>eis</em></strong></span> 
     </span>
    </p>
   </div>
   <div class='ocr_carea' id='block_1_95' title="bbox 391 4840 1261 4912">
    <p class='ocr_par' dir='ltr' id='par_1_95' title="bbox 391 4840 1261 4912">
     <span class='ocr_line' id='line_1_96' title="bbox 391 4840 1261 4912; baseline 0 -16"><span class='ocrx_word' id='word_1_619' title='bbox 391 4845 609 4897; x_wconf 88' lang='lat' dir='ltr'><strong><em>donare.</em></strong></span> <span class='ocrx_word' id='word_1_620' title='bbox 633 4841 712 4895; x_wconf 82' lang='lat' dir='ltr'><strong><em>Ad</em></strong></span> <span class='ocrx_word' id='word_1_621' title='bbox 736 4840 992 4898; x_wconf 80' lang='lat' dir='ltr'><strong><em>Ctesarem</em></strong></span> <span class='ocrx_word' id='word_1_622' title='bbox 1021 4858 1261 4912; x_wconf 81' lang='lat' dir='ltr'><strong><em>provoco.</em></strong></span> 
     </span>
    </p>
   </div>
   <div class='ocr_carea' id='block_1_96' title="bbox 466 5016 1968 5085">
    <p class='ocr_par' dir='ltr' id='par_1_96' title="bbox 466 5016 1968 5085">
     <span class='ocr_line' id='line_1_97' title="bbox 466 5016 1968 5085; baseline -0.005 -6"><span class='ocrx_word' id='word_1_623' title='bbox 466 5025 628 5082; x_wconf 72' lang='lat' dir='ltr'><strong><em>Vens.</em></strong></span> <span class='ocrx_word' id='word_1_624' title='bbox 673 5025 761 5080; x_wconf 72' lang='grc'><strong><em>12.</em></strong></span> <span class='ocrx_word' id='word_1_625' title='bbox 818 5023 965 5078; x_wconf 83' lang='lat' dir='ltr'><strong><em>Tunc</em></strong></span> <span class='ocrx_word' id='word_1_626' title='bbox 1009 5022 1199 5078; x_wconf 83' lang='lat' dir='ltr'><strong><em>Festus</em></strong></span> <span class='ocrx_word' id='word_1_627' title='bbox 1240 5036 1359 5075; x_wconf 89' lang='lat' dir='ltr'><strong><em>cum</em></strong></span> <span class='ocrx_word' id='word_1_628' title='bbox 1404 5018 1626 5074; x_wconf 84' lang='lat' dir='ltr'><strong><em>concilio</em></strong></span> <span class='ocrx_word' id='word_1_629' title='bbox 1656 5016 1968 5085; x_wconf 85' lang='lat' dir='ltr'><strong><em>collocutus,</em></strong></span> 
     </span>
    </p>
   </div>
   <div class='ocr_carea' id='block_1_97' title="bbox 391 5109 1969 5189">
    <p class='ocr_par' dir='ltr' id='par_1_97' title="bbox 391 5109 1969 5189">
     <span class='ocr_line' id='line_1_98' title="bbox 391 5109 1969 5189; baseline -0.005 -16"><span class='ocrx_word' id='word_1_630' title='bbox 391 5120 699 5189; x_wconf 81' lang='lat' dir='ltr'><strong><em>respondit:</em></strong></span> <span class='ocrx_word' id='word_1_631' title='bbox 738 5116 1006 5173; x_wconf 79' lang='lat' dir='ltr'><strong><em>Ca&#39;sarem</em></strong></span> <span class='ocrx_word' id='word_1_632' title='bbox 1059 5112 1361 5184; x_wconf 84' lang='lat' dir='ltr'><strong><em>appellasti,</em></strong></span> <span class='ocrx_word' id='word_1_633' title='bbox 1410 5111 1479 5165; x_wconf 89' lang='lat' dir='ltr'><strong><em>ad</em></strong></span> <span class='ocrx_word' id='word_1_634' title='bbox 1531 5109 1799 5167; x_wconf 74' lang='lat' dir='ltr'><strong><em>Ca&#39;sarem</em></strong></span> <span class='ocrx_word' id='word_1_635' title='bbox 1849 5112 1969 5165; x_wconf 78' lang='lat' dir='ltr'><strong><em>ibis.</em></strong></span> 
     </span>
    </p>
   </div>
   <div class='ocr_carea' id='block_1_98' title="bbox 458 5289 1964 5368">
    <p class='ocr_par' dir='ltr' id='par_1_98' title="bbox 458 5289 1964 5368">
     <span class='ocr_line' id='line_1_99' title="bbox 458 5289 1964 5368; baseline -0.003 -16"><span class='ocrx_word' id='word_1_636' title='bbox 458 5297 687 5368; x_wconf 85' lang='lat' dir='ltr'><strong><em>Negaret</em></strong></span> <span class='ocrx_word' id='word_1_637' title='bbox 720 5313 775 5349; x_wconf 89' lang='lat' dir='ltr'><strong><em>se</em></strong></span> <span class='ocrx_word' id='word_1_638' title='bbox 800 5295 1087 5365; x_wconf 85' lang='lat' dir='ltr'><strong><em>quidquam</em></strong></span> <span class='ocrx_word' id='word_1_639' title='bbox 1114 5291 1194 5347; x_wconf 87' lang='lat' dir='ltr'><strong><em>vel</em></strong></span> <span class='ocrx_word' id='word_1_640' title='bbox 1218 5294 1273 5346; x_wconf 86' lang='lat' dir='ltr'><strong><em>in</em></strong></span> <span class='ocrx_word' id='word_1_641' title='bbox 1308 5292 1468 5362; x_wconf 88' lang='lat' dir='ltr'><strong><em>legem</em></strong></span> <span class='ocrx_word' id='word_1_642' title='bbox 1491 5289 1822 5359; x_wconf 80' lang='lat' dir='ltr'><strong><em>Judceorum,</em></strong></span> <span class='ocrx_word' id='word_1_643' title='bbox 1857 5302 1964 5348; x_wconf 87' lang='lat' dir='ltr'><strong><em>etc.</em></strong></span> 
     </span>
    </p>
   </div>
   <div class='ocr_carea' id='block_1_99' title="bbox 389 5384 1966 5445">
    <p class='ocr_par' dir='ltr' id='par_1_99' title="bbox 389 5384 1966 5445">
     <span class='ocr_line' id='line_1_100' title="bbox 389 5384 1966 5445; baseline -0.003 -1"><span class='ocrx_word' id='word_1_644' title='bbox 389 5389 530 5444; x_wconf 85' lang='lat' dir='ltr'><strong><em>Ecce</em></strong></span> <span class='ocrx_word' id='word_1_645' title='bbox 559 5389 933 5445; x_wconf 84' lang='lat' dir='ltr'><strong><em>testimonium</em></strong></span> <span class='ocrx_word' id='word_1_646' title='bbox 971 5395 1180 5443; x_wconf 86' lang='lat' dir='ltr'><strong><em>certum</em></strong></span> <span class='ocrx_word' id='word_1_647' title='bbox 1211 5385 1439 5441; x_wconf 82' lang='lat' dir='ltr'><strong><em>Paulum</em></strong></span> <span class='ocrx_word' id='word_1_648' title='bbox 1475 5399 1597 5440; x_wconf 80' lang='lat' dir='ltr'><strong><em>sese</em></strong></span> <span class='ocrx_word' id='word_1_649' title='bbox 1627 5384 1682 5438; x_wconf 92' lang='lat' dir='ltr'><strong><em>in</em></strong></span> <span class='ocrx_word' id='word_1_650' title='bbox 1710 5384 1966 5440; x_wconf 85' lang='lat' dir='ltr'><strong><em>omnibus</em></strong></span> 
     </span>
    </p>
   </div>
   <div class='ocr_carea' id='block_1_100' title="bbox 392 5477 1958 5552">
    <p class='ocr_par' dir='ltr' id='par_1_100' title="bbox 392 5477 1958 5552">
     <span class='ocr_line' id='line_1_101' title="bbox 392 5477 1958 5552; baseline -0.001 -20"><span class='ocrx_word' id='word_1_651' title='bbox 392 5480 663 5551; x_wconf 78' lang='lat' dir='ltr'><strong><em>integrum</em></strong></span> <span class='ocrx_word' id='word_1_652' title='bbox 691 5495 753 5535; x_wconf 86' lang='lat' dir='ltr'><strong><em>ac</em></strong></span> <span class='ocrx_word' id='word_1_653' title='bbox 779 5495 977 5552; x_wconf 81' lang='lat' dir='ltr'><strong><em>purum</em></strong></span> <span class='ocrx_word' id='word_1_654' title='bbox 999 5479 1067 5535; x_wconf 88' lang='lat' dir='ltr'><strong><em>ab</em></strong></span> <span class='ocrx_word' id='word_1_655' title='bbox 1099 5477 1401 5534; x_wconf 79' lang='lat' dir='ltr'><strong><em>oﬂ&#39;cnsione</em></strong></span> <span class='ocrx_word' id='word_1_656' title='bbox 1426 5491 1804 5544; x_wconf 79' lang='lat' dir='ltr'><strong><em>conservasse,</em></strong></span> <span class='ocrx_word' id='word_1_657' title='bbox 1834 5491 1958 5532; x_wconf 85' lang='lat' dir='ltr'><strong><em>cum</em></strong></span> 
     </span>
    </p>
   </div>
   <div class='ocr_carea' id='block_1_101' title="bbox 2074 4652 3655 4722">
    <p class='ocr_par' dir='ltr' id='par_1_101' title="bbox 2074 4652 3655 4722">
     <span class='ocr_line' id='line_1_102' title="bbox 2074 4652 3655 4722; baseline 0.004 -15"><span class='ocrx_word' id='word_1_658' title='bbox 2074 4671 2149 4717; x_wconf 85' lang='grc' dir='ltr'><strong><em>τι,</em></strong></span> <span class='ocrx_word' id='word_1_659' title='bbox 2175 4654 2248 4706; x_wconf 84' lang='grc' dir='ltr'><em>οὐ</em></span> <span class='ocrx_word' id='word_1_660' title='bbox 2280 4652 2674 4722; x_wconf 84' lang='grc' dir='ltr'><em>παραιτοῦμαι</em></span> <span class='ocrx_word' id='word_1_661' title='bbox 2707 4655 2815 4710; x_wconf 87' lang='grc' dir='ltr'><em>τοῦ</em></span> <span class='ocrx_word' id='word_1_662' title='bbox 2839 4654 3170 4713; x_wconf 80' lang='grc' dir='ltr'><em>ἀποθανεῖν</em></span> <span class='ocrx_word' id='word_1_663' title='bbox 3185 4658 3231 4691; x_wconf 74' lang='grc'><strong><em>³⁸</em></strong></span> <span class='ocrx_word' id='word_1_664' title='bbox 3251 4676 3265 4691; x_wconf 88' lang='grc'>·</span> <span class='ocrx_word' id='word_1_665' title='bbox 3289 4662 3340 4714; x_wconf 78' lang='grc' dir='ltr'><em>εἱ</em></span> <span class='ocrx_word' id='word_1_666' title='bbox 3367 4659 3437 4713; x_wconf 81' lang='grc' dir='ltr'><em>δὲ</em></span> <span class='ocrx_word' id='word_1_667' title='bbox 3467 4659 3655 4714; x_wconf 79' lang='grc' dir='ltr'><em>οὐδέν</em></span> 
     </span>
    </p>
   </div>
   <div class='ocr_carea' id='block_1_102' title="bbox 2072 4742 3651 4826">
    <p class='ocr_par' dir='ltr' id='par_1_102' title="bbox 2072 4742 3651 4826">
     <span class='ocr_line' id='line_1_103' title="bbox 2072 4742 3651 4826; baseline 0.006 -24"><span class='ocrx_word' id='word_1_668' title='bbox 2072 4750 2244 4802; x_wconf 72' lang='grc' dir='ltr'><em>ἐστιν</em></span> <span class='ocrx_word' id='word_1_669' title='bbox 2266 4742 2354 4801; x_wconf 84' lang='grc' dir='ltr'><em>ὧν</em></span> <span class='ocrx_word' id='word_1_670' title='bbox 2388 4743 2555 4804; x_wconf 85' lang='grc' dir='ltr'><em>οὗτοι</em></span> <span class='ocrx_word' id='word_1_671' title='bbox 2592 4752 2997 4821; x_wconf 76' lang='grc' dir='ltr'><em>κατηγοροῦσί</em></span> <span class='ocrx_word' id='word_1_672' title='bbox 3019 4772 3159 4824; x_wconf 83' lang='grc' dir='ltr'><em>μου,</em></span> <span class='ocrx_word' id='word_1_673' title='bbox 3194 4755 3397 4823; x_wconf 84' lang='grc' dir='ltr'><em>οὐδείς</em></span> <span class='ocrx_word' id='word_1_674' title='bbox 3433 4773 3512 4826; x_wconf 86' lang='grc' dir='ltr'><strong><em>με</em></strong></span> <span class='ocrx_word' id='word_1_675' title='bbox 3544 4755 3651 4810; x_wconf 83' lang='grc' dir='ltr'><em>δύ-</em></span> 
     </span>
    </p>
   </div>
   <div class='ocr_carea' id='block_1_103' title="bbox 2072 4839 3650 4915">
    <p class='ocr_par' dir='ltr' id='par_1_103' title="bbox 2072 4839 3650 4915">
     <span class='ocr_line' id='line_1_104' title="bbox 2072 4839 3650 4915; baseline 0.006 -23"><span class='ocrx_word' id='word_1_676' title='bbox 2072 4854 2247 4893; x_wconf 85' lang='grc' dir='ltr'><em>ναται</em></span> <span class='ocrx_word' id='word_1_677' title='bbox 2309 4839 2515 4903; x_wconf 83' lang='grc' dir='ltr'><em>αὐτοῖς</em></span> <span class='ocrx_word' id='word_1_678' title='bbox 2575 4841 2962 4909; x_wconf 81' lang='grc' dir='ltr'><em>χαρίσασθαι.</em></span> <span class='ocrx_word' id='word_1_679' title='bbox 3017 4844 3286 4915; x_wconf 82' lang='grc' dir='ltr'><em>Καίσαρα</em></span> <span class='ocrx_word' id='word_1_680' title='bbox 3329 4845 3650 4901; x_wconf 83' lang='grc' dir='ltr'><em>ἐπικαλοῦ-</em></span> 
     </span>
    </p>
   </div>
   <div class='ocr_carea' id='block_1_104' title="bbox 2067 4947 2195 5000">
    <p class='ocr_par' dir='ltr' id='par_1_104' title="bbox 2067 4947 2195 5000">
     <span class='ocr_line' id='line_1_105' title="bbox 2067 4947 2195 5000; baseline 0.016 -18"><span class='ocrx_word' id='word_1_681' title='bbox 2067 4947 2195 5000; x_wconf 83' lang='grc' dir='ltr'><em>μαι.</em></span> 
     </span>
    </p>
   </div>
   <div class='ocr_carea' id='block_1_105' title="bbox 2146 5020 3649 5099">
    <p class='ocr_par' dir='ltr' id='par_1_105' title="bbox 2146 5020 3649 5099">
     <span class='ocr_line' id='line_1_106' title="bbox 2146 5020 3649 5099; baseline 0.006 -24"><span class='ocrx_word' id='word_1_682' title='bbox 2146 5020 2289 5077; x_wconf 83' lang='grc' dir='ltr'><em>Τότε</em></span> <span class='ocrx_word' id='word_1_683' title='bbox 2311 5026 2345 5077; x_wconf 87' lang='grc' dir='ltr'><strong><em>ό</em></strong></span> <span class='ocrx_word' id='word_1_684' title='bbox 2370 5021 2609 5093; x_wconf 81' lang='grc' dir='ltr'><em>Φῆστος</em></span> <span class='ocrx_word' id='word_1_685' title='bbox 2636 5024 3047 5094; x_wconf 81' lang='grc' dir='ltr'><em>συλλαλήσας</em></span> <span class='ocrx_word' id='word_1_686' title='bbox 3064 5026 3216 5097; x_wconf 82' lang='grc' dir='ltr'><em>μετὰ</em></span> <span class='ocrx_word' id='word_1_687' title='bbox 3243 5029 3352 5083; x_wconf 82' lang='grc' dir='ltr'><strong><em>τοῦ</em></strong></span> <span class='ocrx_word' id='word_1_688' title='bbox 3381 5031 3649 5099; x_wconf 72' lang='grc' dir='ltr'><em>συμϐου-</em></span> 
     </span>
    </p>
   </div>
   <div class='ocr_carea' id='block_1_106' title="bbox 2070 5114 3650 5188">
    <p class='ocr_par' dir='ltr' id='par_1_106' title="bbox 2070 5114 3650 5188">
     <span class='ocr_line' id='line_1_107' title="bbox 2070 5114 3650 5188; baseline 0.003 -20"><span class='ocrx_word' id='word_1_689' title='bbox 2070 5114 2229 5181; x_wconf 87' lang='grc' dir='ltr'><em>λίου,</em></span> <span class='ocrx_word' id='word_1_690' title='bbox 2261 5114 2550 5186; x_wconf 78' lang='grc' dir='ltr'><em>ἀπεκρίθη</em></span> <span class='ocrx_word' id='word_1_691' title='bbox 2569 5131 2584 5146; x_wconf 72' lang='grc' dir='ltr'><em>ο</em></span> <span class='ocrx_word' id='word_1_692' title='bbox 2620 5118 2892 5186; x_wconf 83' lang='grc' dir='ltr'><em>Καίσαρα</em></span> <span class='ocrx_word' id='word_1_693' title='bbox 2919 5117 3338 5188; x_wconf 81' lang='grc' dir='ltr'><em>ἐπικέκλησαι,</em></span> <span class='ocrx_word' id='word_1_694' title='bbox 3386 5120 3484 5173; x_wconf 75' lang='grc' dir='ltr'><strong><em>ἐπὶ</em></strong></span> <span class='ocrx_word' id='word_1_695' title='bbox 3510 5121 3650 5174; x_wconf 84' lang='lat' dir='ltr'><strong><em>Kal-</em></strong></span> 
     </span>
    </p>
   </div>
   <div class='ocr_carea' id='block_1_107' title="bbox 2071 5207 2555 5277">
    <p class='ocr_par' dir='ltr' id='par_1_107' title="bbox 2071 5207 2555 5277">
     <span class='ocr_line' id='line_1_108' title="bbox 2071 5207 2555 5277; baseline 0.002 -16"><span class='ocrx_word' id='word_1_696' title='bbox 2071 5221 2232 5274; x_wconf 83' lang='grc' dir='ltr'><em>σαρα</em></span> <span class='ocrx_word' id='word_1_697' title='bbox 2260 5207 2555 5277; x_wconf 83' lang='grc' dir='ltr'><em>πορεύσῃ.</em></span> 
     </span>
    </p>
   </div>
   <div class='ocr_carea' id='block_1_108' title="bbox 2140 5296 3646 5378">
    <p class='ocr_par' dir='ltr' id='par_1_108' title="bbox 2140 5296 3646 5378">
     <span class='ocr_line' id='line_1_109' title="bbox 2140 5296 3646 5378; baseline 0.008 -28"><span class='ocrx_word' id='word_1_698' title='bbox 2140 5296 2271 5352; x_wconf 82' lang='grc' dir='ltr'><strong><em>Ὅτι</em></strong></span> <span class='ocrx_word' id='word_1_699' title='bbox 2298 5297 2437 5352; x_wconf 84' lang='grc' dir='ltr'><em>οὔτε</em></span> <span class='ocrx_word' id='word_1_700' title='bbox 2461 5300 2549 5365; x_wconf 76' lang='grc' dir='ltr'><em>εἰς</em></span> <span class='ocrx_word' id='word_1_701' title='bbox 2577 5299 2687 5354; x_wconf 82' lang='grc' dir='ltr'><em>τόν</em></span> <span class='ocrx_word' id='word_1_702' title='bbox 2709 5301 2920 5370; x_wconf 83' lang='grc' dir='ltr'><em>νόμον.</em></span> <span class='ocrx_word' id='word_1_703' title='bbox 2967 5302 3099 5357; x_wconf 79' lang='grc' dir='ltr'><strong><em>Ἰδοὺ</em></strong></span> <span class='ocrx_word' id='word_1_704' title='bbox 3135 5304 3418 5375; x_wconf 78' lang='grc' dir='ltr'><em>μαρτυρία</em></span> <span class='ocrx_word' id='word_1_705' title='bbox 3444 5304 3646 5378; x_wconf 77' lang='grc' dir='ltr'><strong><em>σαφὴς,</em></strong></span> 
     </span>
    </p>
   </div>
   <div class='ocr_carea' id='block_1_109' title="bbox 2067 5385 3690 5464">
    <p class='ocr_par' dir='ltr' id='par_1_109' title="bbox 2067 5385 3690 5464">
     <span class='ocr_line' id='line_1_110' title="bbox 2067 5385 3690 5464; baseline 0.007 -26"><span class='ocrx_word' id='word_1_706' title='bbox 2067 5385 2152 5439; x_wconf 81' lang='grc' dir='ltr'><em>ὅτι</em></span> <span class='ocrx_word' id='word_1_707' title='bbox 2174 5386 2232 5440; x_wconf 77' lang='grc' dir='ltr'><em>ἐν</em></span> <span class='ocrx_word' id='word_1_708' title='bbox 2259 5389 2425 5443; x_wconf 81' lang='grc' dir='ltr'><em>πᾶσιν</em></span> <span class='ocrx_word' id='word_1_709' title='bbox 2459 5389 2654 5443; x_wconf 82' lang='grc' dir='ltr'><em>ἑαυτὸν</em></span> <span class='ocrx_word' id='word_1_710' title='bbox 2679 5390 3030 5462; x_wconf 71' lang='grc' dir='ltr'><em>ἀπρόσκοπον</em></span> <span class='ocrx_word' id='word_1_711' title='bbox 3052 5394 3081 5447; x_wconf 81' lang='grc' dir='ltr'><strong>ὁ</strong></span> <span class='ocrx_word' id='word_1_712' title='bbox 3114 5394 3325 5458; x_wconf 80' lang='grc' dir='ltr'><em>Παῦλος</em></span> <span class='ocrx_word' id='word_1_713' title='bbox 3358 5394 3649 5464; x_wconf 76' lang='grc' dir='ltr'><em>ἐφύλαττε,</em></span> <span class='ocrx_word' id='word_1_714' title='bbox 3678 5408 3690 5416; x_wconf 83' lang='grc'><strong>’</strong></span> 
     </span>
    </p>
   </div>
   <div class='ocr_carea' id='block_1_110' title="bbox 2070 5477 3648 5560">
    <p class='ocr_par' dir='ltr' id='par_1_110' title="bbox 2070 5477 3648 5560">
     <span class='ocr_line' id='line_1_111' title="bbox 2070 5477 3648 5560; baseline 0.008 -30"><span class='ocrx_word' id='word_1_715' title='bbox 2070 5477 2210 5549; x_wconf 84' lang='grc' dir='ltr'><em>μήτε</em></span> <span class='ocrx_word' id='word_1_716' title='bbox 2241 5480 2323 5545; x_wconf 77' lang='grc' dir='ltr'><em>εἰς</em></span> <span class='ocrx_word' id='word_1_717' title='bbox 2352 5479 2444 5535; x_wconf 78' lang='grc' dir='ltr'><em>τὸν</em></span> <span class='ocrx_word' id='word_1_718' title='bbox 2480 5480 2632 5549; x_wconf 78' lang='grc' dir='ltr'><em>Θεὸν,</em></span> <span class='ocrx_word' id='word_1_719' title='bbox 2670 5483 2705 5553; x_wconf 82' lang='grc' dir='ltr'><strong>ἢ</strong></span> <span class='ocrx_word' id='word_1_720' title='bbox 2735 5484 2824 5539; x_wconf 78' lang='grc' dir='ltr'><em>τὸν</em></span> <span class='ocrx_word' id='word_1_721' title='bbox 2850 5485 3037 5555; x_wconf 83' lang='grc' dir='ltr'><em>νόμον,</em></span> <span class='ocrx_word' id='word_1_722' title='bbox 3081 5486 3114 5556; x_wconf 78' lang='grc' dir='ltr'><strong>ἢ</strong></span> <span class='ocrx_word' id='word_1_723' title='bbox 3145 5488 3225 5552; x_wconf 80' lang='grc' dir='ltr'><strong><em>εις</em></strong></span> <span class='ocrx_word' id='word_1_724' title='bbox 3273 5489 3584 5560; x_wconf 75' lang='grc' dir='ltr'><em>ἄνθρωπον,</em></span> <span class='ocrx_word' id='word_1_725' title='bbox 3611 5487 3648 5558; x_wconf 80' lang='grc' dir='ltr'>ἢ</span> 
     </span>
    </p>
   </div>
   <div class='ocr_carea' id='block_1_111' title="bbox 1570 5591 2454 5658">
    <p class='ocr_par' dir='ltr' id='par_1_111' title="bbox 1570 5591 2454 5658">
     <span class='ocr_line' id='line_1_112' title="bbox 1570 5591 2454 5658; baseline 0.005 -3"><span class='ocrx_word' id='word_1_726' title='bbox 1570 5593 1770 5655; x_wconf 75' lang='lat' dir='ltr'><strong><em>Varite</em></strong></span> <span class='ocrx_word' id='word_1_727' title='bbox 1799 5591 2110 5655; x_wconf 86' lang='lat' dir='ltr'><strong><em>lectiones</em></strong></span> <span class='ocrx_word' id='word_1_728' title='bbox 2155 5598 2218 5655; x_wconf 84' lang='lat' dir='ltr'><strong><em>et</em></strong></span> <span class='ocrx_word' id='word_1_729' title='bbox 2261 5602 2454 5658; x_wconf 75' lang='lat' dir='ltr'><strong><em>nolte.</em></strong></span> 
     </span>
    </p>
   </div>
   <div class='ocr_carea' id='block_1_112' title="bbox 463 5721 1917 5795">
    <p class='ocr_par' dir='ltr' id='par_1_112' title="bbox 463 5721 1917 5795">
     <span class='ocr_line' id='line_1_113' title="bbox 463 5721 1917 5795; baseline 0.008 -24"><span class='ocrx_word' id='word_1_730' title='bbox 463 5721 509 5752; x_wconf 58' lang='grc' dir='ltr'><em>ιδ</em></span> <span class='ocrx_word' id='word_1_731' title='bbox 540 5722 688 5792; x_wconf 79' lang='grc' dir='ltr'><em>αὐτῷ</em></span> <span class='ocrx_word' id='word_1_732' title='bbox 712 5732 848 5795; x_wconf 86' lang='lat' dir='ltr'><strong><em>erat.</em></strong></span> <span class='ocrx_word' id='word_1_733' title='bbox 952 5726 998 5758; x_wconf 79' lang='grc'><strong>’⁵</strong></span> <span class='ocrx_word' id='word_1_734' title='bbox 1023 5725 1088 5782; x_wconf 84' lang='lat' dir='ltr'><strong><em>In</em></strong></span> <span class='ocrx_word' id='word_1_735' title='bbox 1113 5726 1342 5795; x_wconf 81' lang='lat' dir='ltr'><strong><em>vulgatis</em></strong></span> <span class='ocrx_word' id='word_1_736' title='bbox 1385 5736 1461 5783; x_wconf 86' lang='lat' dir='ltr'><strong><em>est</em></strong></span> <span class='ocrx_word' id='word_1_737' title='bbox 1503 5727 1917 5795; x_wconf 77' lang='grc' dir='ltr'><em>ἐκπορεύεσθαι.</em></span> 
     </span>
    </p>
   </div>
   <div class='ocr_carea' id='block_1_113' title="bbox 2031 5727 3228 5803">
    <p class='ocr_par' dir='ltr' id='par_1_113' title="bbox 2031 5727 3228 5803">
     <span class='ocr_line' id='line_1_114' title="bbox 2031 5727 3228 5803; baseline 0.008 -26"><span class='ocrx_word' id='word_1_738' title='bbox 2031 5727 2077 5759; x_wconf 74' lang='grc' dir='ltr'><em>’θ</em></span> <span class='ocrx_word' id='word_1_739' title='bbox 2102 5727 2878 5803; x_wconf 11' lang='grc' dir='ltr'><em>ᾐδὲ-σηιεὲαὑτοΰᾼάεεξιίεταιιιν</em></span> <span class='ocrx_word' id='word_1_740' title='bbox 2902 5734 2957 5786; x_wconf 89' lang='lat' dir='ltr'><strong><em>in</em></strong></span> <span class='ocrx_word' id='word_1_741' title='bbox 2981 5732 3228 5803; x_wconf 84' lang='lat' dir='ltr'><strong><em>vulgatis.</em></strong></span> 
     </span>
    </p>
   </div>
   <div class='ocr_carea' id='block_1_114' title="bbox 3329 5736 3645 5794">
    <p class='ocr_par' dir='ltr' id='par_1_114' title="bbox 3329 5736 3645 5794">
     <span class='ocr_line' id='line_1_115' title="bbox 3329 5736 3645 5794; baseline 0.009 -4"><span class='ocrx_word' id='word_1_742' title='bbox 3329 5736 3374 5767; x_wconf 82' lang='grc'><strong><em>⁸⁷</em></strong></span> <span class='ocrx_word' id='word_1_743' title='bbox 3403 5737 3508 5790; x_wconf 82' lang='lat' dir='ltr'><strong><em>Aut</em></strong></span> <span class='ocrx_word' id='word_1_744' title='bbox 3544 5738 3645 5794; x_wconf 81' lang='lat' dir='ltr'><strong><em>hic.</em></strong></span> 
     </span>
    </p>
   </div>
   <div class='ocr_carea' id='block_1_115' title="bbox 393 5794 1975 5877">
    <p class='ocr_par' dir='ltr' id='par_1_115' title="bbox 393 5794 1975 5877">
     <span class='ocr_line' id='line_1_116' title="bbox 393 5794 1975 5877; baseline 0.006 -32"><span class='ocrx_word' id='word_1_745' title='bbox 393 5800 484 5877; x_wconf 66' lang='lat' dir='ltr'><strong><em>aut</em></strong></span> <span class='ocrx_word' id='word_1_746' title='bbox 546 5801 659 5877; x_wconf 71' lang='lat' dir='ltr'><strong><em>post</em></strong></span> <span class='ocrx_word' id='word_1_747' title='bbox 706 5794 1176 5877; x_wconf 52' lang='grc' dir='ltr'><em>απολοχουμρνου,</em></span> <span class='ocrx_word' id='word_1_748' title='bbox 1206 5794 1264 5853; x_wconf 72' lang='grc' dir='ltr'><em>δὲ</em></span> <span class='ocrx_word' id='word_1_749' title='bbox 1293 5800 1573 5854; x_wconf 85' lang='lat' dir='ltr'><strong><em>redundat.</em></strong></span> <span class='ocrx_word' id='word_1_750' title='bbox 1645 5794 1692 5830; x_wconf 72' lang='grc'><strong><em>’⁸</em></strong></span> <span class='ocrx_word' id='word_1_751' title='bbox 1730 5797 1794 5853; x_wconf 90' lang='lat' dir='ltr'><strong><em>In</em></strong></span> <span class='ocrx_word' id='word_1_752' title='bbox 1826 5798 1975 5871; x_wconf 72' lang='lat' dir='ltr'><strong><em>vulgo</em></strong></span> 
     </span>
    </p>
   </div>
   <div class='ocr_carea' id='block_1_116' title="bbox 2075 5794 3647 5877">
    <p class='ocr_par' dir='ltr' id='par_1_116' title="bbox 2100 5794 3647 5877">
     <span class='ocr_line' id='line_1_117' title="bbox 2100 5794 3647 5877; baseline 0.006 -27"><span class='ocrx_word' id='word_1_753' title='bbox 2100 5800 2186 5851; x_wconf 72' lang='grc' dir='ltr'><strong><em>ἐπ’</em></strong></span> <span class='ocrx_word' id='word_1_754' title='bbox 2218 5797 2379 5867; x_wconf 79' lang='grc' dir='ltr'><strong><em>ἐμοῦ.</em></strong></span> <span class='ocrx_word' id='word_1_755' title='bbox 2456 5798 2501 5832; x_wconf 79' lang='grc'><strong><em>³⁸</em></strong></span> <span class='ocrx_word' id='word_1_756' title='bbox 2524 5801 2580 5855; x_wconf 82' lang='grc' dir='ltr'><em>δὲ</em></span> <span class='ocrx_word' id='word_1_757' title='bbox 2614 5802 2943 5856; x_wconf 87' lang='lat' dir='ltr'><strong><em>desideratur</em></strong></span> <span class='ocrx_word' id='word_1_758' title='bbox 2962 5804 3016 5857; x_wconf 90' lang='lat' dir='ltr'><strong><em>in</em></strong></span> <span class='ocrx_word' id='word_1_759' title='bbox 3058 5794 3438 5877; x_wconf 75' lang='lat' dir='ltr'><strong><em>manuscripto.</em></strong></span> <span class='ocrx_word' id='word_1_760' title='bbox 3514 5807 3560 5839; x_wconf 73' lang='grc' dir='ltr'><strong><em>⁸ο</em></strong></span> <span class='ocrx_word' id='word_1_761' title='bbox 3580 5806 3647 5863; x_wconf 82' lang='lat' dir='ltr'><strong><em>lu</em></strong></span> 
     </span>
    </p>
   </div>
   <div class='ocr_carea' id='block_1_117' title="bbox 394 5860 1095 5930">
    <p class='ocr_par' dir='ltr' id='par_1_117' title="bbox 394 5860 1095 5930">
     <span class='ocr_line' id='line_1_118' title="bbox 394 5860 1095 5930; baseline 0.01 -16"><span class='ocrx_word' id='word_1_762' title='bbox 394 5860 645 5930; x_wconf 69' lang='lat' dir='ltr'><strong><em>vulgatis,</em></strong></span> <span class='ocrx_word' id='word_1_763' title='bbox 673 5863 732 5916; x_wconf 77' lang='grc' dir='ltr'><em>τὸ</em></span> <span class='ocrx_word' id='word_1_764' title='bbox 781 5860 1095 5921; x_wconf 65' lang='grc' dir='ltr'><em>ἀποθανεῖν.</em></span> 
     </span>
    </p>
   </div>
  </div>
