4114 6460
469 397 576 466 8ἶῖ

1214 405 1621 467 EXPOSITIO
1654 406 1735 465 IN
1762 406 1951 467 ACTA
1986 402 2556 468 APOSTOLURUM.
2591 433 2656 441 -·-
2690 409 2848 470 (ΖΛΓ.
2891 414 3063 471 Α.ζυί

3626 409 3741 474 818‘

471 521 553 580 εἰς
582 517 642 570 τὸ
674 516 821 587 ἱερδν
852 516 1214 586 ἁμαρτήσας·
1247 518 1371 570 ἀντὶ
1394 507 1509 578 τοῦ,
1547 517 1671 571 οὔτε
1701 520 1769 570 τὰ
1797 518 1863 571 ὲκ
1888 516 2043 569 λίθω-ι

2159 530 2336 583 neque
2364 515 2418 568 in
2459 515 2650 579 Deum,
2681 519 2762 570 vel
2791 520 2989 589 legem,
3025 519 3106 574 vel
3139 518 3437 581 hominem,
3480 519 3563 572 vel
3592 528 3730 573 tem-

469 606 882 676 οἰκοδομήματα
912 606 1023 660 τῶν
1062 608 1335 661 Ἰουδαίων
1368 608 1619 679 ἐνύϐρισὲ
1658 626 1815 672 ποτε,
1852 608 2054 678 καίπερ

469 696 626 759 εἰδὼς
657 697 753 768 καὶ
797 698 1087 768 κηρύττων
1134 700 1208 771 μὴ
1263 701 1321 752 ὲν
1367 701 1767 770 χειροποιήτοις
1804 700 1894 753 τὸν
1921 701 2053 754 Θεὸν

468 789 639 840 οἰκεῖν
657 802 680 820 θ’
719 787 836 840 ἀλλ’
888 786 1014 841 οὔτε
1045 789 1197 859 ἱερέα
1254 789 1555 860 ἐτόλμησεν
1599 790 1822 860 ὐΰρίσαι
1875 792 1934 843 ὲν
1977 791 2055 844 εἰ·

468 880 624 950 δήσει
669 881 945 943 Ἰουδαῖον,
975 881 1156 935 καίτοι
1185 881 1260 952 μὴ
1294 880 1607 952 πειθαρχῶν
1638 883 1720 935 ἔτι
1753 884 1868 946 τοῖς
1913 882 2049 933 ’1ου-

467 973 633 1025 δαίων
664 974 1003 1044 ἀρχιερεῦσι.
1051 974 1126 1028 Τὸ
1167 975 1246 1039 δὲ,
1292 975 1422 1029 Ἐπί
1471 975 1575 1030 τοῦ
1611 974 1891 1041 ,βήματος
1916 975 2053 1028 Kal-

468 1080 659 1134 σαρος
709 1067 900 1133 ἑστώς
938 1070 1078 1134 ειμι,
1124 1069 1243 1121 ἀντὶ
1285 1069 1405 1133 τοῦ,
1455 1069 1543 1121 Ἐν
1577 1070 1642 1138 τῇ
1690 1068 1880 1140 Ῥώμῃ
1913 1067 2053 1121 θέλω

471 1157 730 1209 ἀπελθεῖν
760 1160 912 1229 παρὰ
941 1159 1019 1227 τῷ
1053 1159 1283 1227 βασιλεῖ,
1317 1159 1479 1212 κάκεῖ
1516 1159 1867 1213 δικάσασθαι.
1921 1159 2049 1212 Ἐκ-

468 1247 636 1300 καλοῦ
646 1249 742 1319 ttat
771 1265 854 1317 σε,
893 1267 964 1319 φη
975 1248 1082 1303 σίν.

552 1520 816 1589 Ἦμερῶν
840 1521 909 1576 δὲ
945 1522 1384 1593 διαγενομένων
1412 1525 1614 1591 τινῶν,
1657 1526 1982 1597 Ἀγρίππας
2016 1530 2053 1582 ὁ

2159 605 2305 671 plum
2349 606 2650 673 peccaverit
2678 624 2692 661 :
2722 606 2827 662 hoc
2857 616 2963 671 est,
2997 624 3175 677 neque
3204 625 3270 662 ex
3298 608 3571 678 lapidibus
3600 624 3733 663 cen-

2158 704 2366 749 structa
2396 697 2622 751 aedilicia
2653 696 2963 754 Judzeorum
2988 716 3227 770 unquam
3254 699 3494 754 ludibrio
3521 698 3730 765 habuit,

2155 787 2257 841 etsi
2290 788 2433 842 haud
2467 790 2687 860 ignarus
2719 799 2881 859 atque
2911 791 3047 847 adeo
3074 791 3374 862 praedicans
3409 792 3579 846 Deum
3624 806 3755 845 non~

2156 882 2402 937 habitare
2439 884 2492 938 in
2532 882 2860 939 mannl'aetis
2899 885 3137 955 templis.
3174 884 3361 954 Neque
3391 900 3520 940 vero
3547 899 3737 939 sacer-o

2154 975 2336 1029 dotem
2373 974 2602 1031 scientia
2636 974 2888 1030 Judaeum
2935 975 3264 1031 contumelia
3306 974 3522 1030 allicere
3566 990 3762 1029 ausus

2152 1076 2258 1133 est,
2322 1068 2422 1123 etsi
2474 1069 2585 1137 jam
2633 1084 2742 1124 non
2773 1069 3011 1140 amplius
3057 1069 3446 1138 obtemperans
3504 1068 3735 1122 summis

2153 1160 2530 1215 sacerdotibus
2580 1159 2910 1216 ludteorum.
2973 1161 3140 1215 Porro
3213 1159 3358 1230 quod
3432 1159 3582 1223 dicit,
3650 1160 3732 1215 Ad

2153 1250 2390 1305 tribunal
2416 1251 2643 1306 Caesaris
2691 1263 2790 1317 sto,
2868 1251 2972 1306 hoc
3025 1261 3130 1315 est,
3160 1250 3385 1305 Romam
3422 1251 3546 1305 volo
3579 1251 3732 1306 abire

2153 1344 2220 1397 ad
2252 1343 2658 1415 imperatorem,
2693 1356 2747 1399 et
2780 1345 2891 1401 illic
2936 1345 3202 1416 iudicium
3232 1345 3437 1400 subire.
3465 1343 3731 1407 Provoco,

2154 1435 2354 1505 inquit,
2383 1444 2440 1490 et
2458 1436 2673 1506 appello
2708 1452 2737 1490 a
2772 1446 2844 1491 te.

2225 1525 2391 1580 Vens.
2424 1526 2513 1581 l5.
2543 1526 2674 1580 Cum
2707 1539 2884 1582 autem
2912 1527 3115 1597 aliquot
3150 1527 3259 1581 dies
3295 1528 3730 1591 intercessissent,

460 1614 765 1680 ,βασιλεὺς
810 1617 909 1669 καὶ
961 1617 1217 1685 Βερνίκη
1261 1618 1653 1687 κατήντησαν
1690 1620 1777 1685 είς
1821 1620 2041 1676 Καισά-

2150 1617 2387 1690 Agrippa
2426 1635 2520 1674 rex
2551 1630 2600 1674 et
2640 1619 2858 1675 Bernice
2887 1619 3186 1676 Cwsaream
3230 1632 3482 1676 venerunt
3529 1631 3587 1676 ut
3635 1620 3733 1676 Fe-

456 1725 633 1777 ρειαν
658 1709 1082 1778 ἀσπασάμενοι
1103 1710 1145 1742 ³⁸
1181 1709 1289 1763 τὸν
1315 1709 1589 1778 Φῆστον.’

551 1805 648 1868 Ὠς
691 1803 760 1858 δὲ
791 1805 1042 1869 πλεΙους
1076 1803 1302 1873 ἡμέρας
1345 1803 1643 1873 διέτριϐον
1689 1805 1833 1870 ἐκεῖ,
1866 1808 1900 1860 d
1929 1804 2048 1873 Φῆ-

464 1910 612 1961 στος
657 1894 739 1961 τῷ
779 1886 1039 1960 ,Βασιλεῖ
1067 1896 1318 1952 ἀνέθετο
1364 1896 1439 1950 τὰ
1471 1900 1621 1952 κατὰ
1644 1898 1752 1952 τὸν
1780 1897 2046 1960 Παῦλον,

463 1984 685 2054 λέγων·
731 1986 901 2055 Ἀνήρ
931 1987 1026 2052 τίς
1050 1985 1182 2041 ἐστι
1211 1987 1754 2059 καταλελειμμένος
1776 1989 1896 2044 ὑπὸ
1924 1988 2048 2057 Φή-

461 2079 639 2141 λικος
678 2075 928 2144 δέσμιος
952 2094 969 2112 ο

536 2167 678 2236 Περὶ
749 2165 822 2225 οὗ
874 2169 1201 2240 γενομένου
1243 2187 1363 2239 μου
1387 2171 1432 2203 ⁸¹
1498 2171 1584 2237 εις
1628 2171 2046 2241 Ἰεροσόλυμα,

460 2254 837 2324 ἐνεφάνισαν
869 2260 927 2312 ol
953 2259 1250 2327 ἀρχιερεῖς
1276 2260 1375 2314 καὶ
1406 2264 1459 2314 οι
1503 2262 1899 2331 πρεσϐύτεροι
1927 2262 2048 2317 τῶν

477 2346 802 2410 Ἰουδαίων,
836 2350 1180 2419 αἰτούμενοι
1218 2350 1346 2405 κατ’
1383 2352 1571 2406 αὑτοῦ
1601 2353 1800 2421 δίκην.

543 2438 865 2508 Ἀγρίππας
896 2441 1275 2508 όβασιλεύς.
1313 2443 1386 2495 Ἢ
1409 2444 1490 2505 είς
1521 2441 1675 2509 τάξιν
1706 2442 1982 2514 βασιλείας
2001 2445 2047 2478 ³³

460 2529 657 2601 κατῄει
707 2533 764 2584 ὲν
803 2535 923 2596 ταῖς
967 2533 1265 2604 ἐπαρχίαις
1288 2533 1335 2565 ³³⁵
1371 2536 1400 2589 ὁ
1452 2536 1785 2606 Ἀγρίππας,
1828 2539 1922 2592 καὶ
1960 2538 2047 2592 διὰ

457 2621 621 2675 τοῦτο
674 2621 932 2692 βςυιλεὺς
965 2626 1364 2694 ἐχρημάτιζεν
1412 2626 1446 2698 ἢ
1498 2628 1640 2698 τάχα
1679 2627 1931 2697 βασιλεὺς
1977 2625 2047 2700 ἦν

460 2715 557 2769 καὶ
586 2716 748 2782 αὐτὸς
779 2718 886 2771 τῶν
920 2720 1259 2773 ἀνατολικῶν
1295 2720 1501 2792 μερῶν,
1534 2721 1629 2775 τοῦ
1660 2722 1912 2794 Νέρωνος
1935 2723 2045 2777 τῶν

457 2809 694 2864 δυτικῶν
739 2809 1019 2881 ἄρχοντος.
1069 2814 1164 2866 καὶ
1213 2812 1365 2875 ὄντος
1430 2816 1488 2866 ὲν
1549 2815 1758 2887 Ῥώμῃ.
1810 2815 1883 2869 Τὸ
1936 2821 2046 2887 γὰρ

460 2897 690 2966 Καῖσαρ
748 2899 940 2970 ὃνομα.
987 2903 1290 2971 Ῥωμαϊστὶ
1322 2904 1623 2971 βασιλεὺς
1665 2906 1940 2977 σημαίνει,
1969 2906 2046 2971 ὡς

2147 1721 2287 1764 stum
2319 1710 2641 1766 salutarent.

2219 1800 2384 1879 νεεδ.
2419 1801 2500 1855 14.
2538 1799 2604 1855 Ut
2627 1812 2804 1857 autem
2830 1802 2942 1859 dies
2972 1803 3084 1858 illic
3112 1803 3406 1873 complures
3436 1820 3735 1857 commora-

2150 1893 2364 1959 bantur,
2398 1891 2588 1948 Festus
2634 1896 2743 1964 regi
2786 1897 3027 1964 exposuit
3085 1898 3349 1968 negotium
3389 1894 3598 1950 Pauli:
3643 1894 3741 1948 Vir

2148 1983 2391 2055 quidam,
2418 1985 2609 2055 inquit,
2663 2002 2695 2038 a
2754 1982 2936 2039 Felice
2988 1986 3202 2039 relictus
3240 1993 3319 2040 est
3372 1986 3426 2038 in
3463 1983 3684 2038 vinculis
3714 1996 3734 2033 :

2220 2162 2385 2219 Vsus.
2419 2164 2507 2218 15.
2544 2162 2619 2217 De
2647 2181 2748 2234 quo
2773 2179 2889 2218 cum
2930 2182 3095 2236 nuper
3133 2182 3297 2220 essent
3327 2164 3737 2236 Hierosolymis,

2147 2269 2498 2314 canvenerunt
2551 2276 2634 2313 me
2694 2260 2888 2313 summi
2933 2259 3233 2314 sacerdotes
3276 2269 3326 2314 et
3376 2261 3609 2314 seniores
3634 2259 3730 2314 Ju-

2149 2356 2407 2413 dazorum,
2443 2349 2771 2421 postulantes
2804 2351 3120 2405 sententiam
3155 2351 3405 2406 adversus
3443 2350 3618 2406 illum.

2212 2441 2445 2512 Agrippa
2472 2458 2587 2497 rex.
2645 2440 2756 2497 Aut
2801 2441 2920 2497 vice
2970 2443 3115 2514 regis
3163 2444 3216 2496 in
3282 2444 3592 2514 provincias
3638 2461 3733 2499 ve-

2148 2534 2342 2590 niebat
2388 2534 2647 2607 Agrippa,
2684 2545 2742 2590 et
2774 2534 2978 2590 idcirco
3030 2550 3124 2590 rex
3177 2535 3554 2606 appellabatur
3587 2554 3601 2590 :
3638 2546 3735 2591 aut

2149 2625 2383 2680 fortasse
2422 2640 2519 2681 rex
2568 2635 2688 2680 erat
2714 2626 2903 2680 etiam
2936 2624 3053 2694 ipse
3087 2627 3438 2681 orientalium
3469 2628 3727 2698 partium,

2148 2731 2272 2771 cum
2324 2714 2470 2772 Nero
2518 2716 2572 2770 in
2624 2714 3057 2771 occidentalibus
3110 2718 3354 2784 partibus
3413 2718 3727 2787 imperaret,

2148 2817 2205 2887 et
2239 2807 2426 2862 Romae
2451 2817 2614 2862 esset.
2648 2804 2783 2861 Nam
2814 2823 3016 2861 nomen
3060 2806 3245 2862 Caesar
3273 2807 3464 2862 Latine
3494 2810 3727 2879 impera-

2152 2908 2317 2952 torem
2349 2898 2638 2971 signilicat,
2672 2908 2732 2951 ut
2761 2898 3038 2953 communi
3082 2900 3310 2953 nomine
3335 2915 3529 2953 omnes
3559 2902 3731 2969 impe-

459 2986 626 3058 κοινῷ
648 2963 885 3059 ’ὀνόματι
931 2963 1142 3057 πάντας
1188 2963 1446 3063 βασιᾷἐας
1504 2963 1792 3067 Ῥιομαίιον
1834 2963 2043 3053 Καίσαί

2150 3002 2363 3048 ratores
2402 2993 2649 3047 Caesares
2693 2989 2913 3061 quidem
2964 3001 3232 3046 vocentur
3275 3003 3548 3060 quatenus
3600 2999 3730 3046 sunt

461 3095 565 3149 ρας
600 3079 699 3149 μιν
730 3082 1013 3136 καλεῖσθαι
1046 3084 1182 3137 καθὸ
1214 3084 1477 3155 βασιλεῖς,
1515 3087 1575 3141 οὐ
1621 3088 1729 3157 μὴν
1763 3089 1857 3142 xal.
1897 3088 2042 3144 ίδικὰ

458 3166 639 3223 αὐτῶν
666 3169 805 3224 εἶναι
828 3171 1068 3241 ὀνόματα
1099 3173 1295 3233 ταῦτα.
1335 3175 1505 3229 Τοῦτο
1535 3175 1592 3229 δὲ
1630 3172 1804 3244 εἷπον,
1841 3178 1929 3233 ἵνα
1963 3180 2038 3250 μή

454 3274 544 3323 τις
584 3260 649 3313 ὲκ
676 3261 775 3332 τῆς
821 3263 1145 3335 ὁμωνυμίας
1176 3264 1270 3319 τοῦ
1318 3267 1612 3321 καθολικοῦ
1658 3269 1922 3341 ὸνίματος
1952 3289 2042 3325 νο-

461 3351 617 3425 μίσῃ,
652 3354 735 3408 ὅτι
764 3357 860 3409 καὶ
891 3357 983 3410 ἐπὶ
1017 3357 1112 3412 τοῦ
1157 3357 1322 3411 αὐτοῦ
1361 3358 1628 3428 βασιλέως
1663 3363 1755 3413 καὶ
1784 3363 1812 3415 ὁ
1838 3362 2041 3433 Κύριος

458 3445 619 3513 ἡμῶν
652 3446 868 3515 ἐτέχθη,
906 3447 1001 3501 καὶ
1054 3449 1082 3500 6
1132 3448 1344 3512 Παῦλος
1393 3449 1615 3504 ἔπαθεν.
1661 3452 1884 3524 Ἐτέχοη
1941 3454 2040 3524 μὲν

456 3536 569 3606 γὰρ
604 3537 634 3591 ὁ
685 3538 915 3610 Κύριος,
956 3539 1140 3605 καθὼς
1172 3542 1223 3595 οί
1274 3542 1457 3613 χρόνοι
1486 3542 1759 3614 δηλοῦσιν,
1800 3545 1894 3597 ἐπὶ
1928 3547 2040 3599 Αὐ-

460 3627 691 3696 γούστου
740 3631 1054 3702 Καίσαρος·
1115 3633 1358 3688 ἀπέθανε
1410 3634 1467 3687 δὲ
1524 3637 1664 3704 μετὰ
1715 3636 1792 3707 λβ¹
1823 3637 1918 3709 ἔτη
1949 3641 2041 3693 ἐπὶ

460 3724 714 3795 Τιϐερίου
770 3726 1107 3796 Αὐγούστου.
1159 3727 1217 3781 Ὀ
1264 3727 1321 3781 δὲ
1375 3722 1585 3790 Παῦλος
1632 3728 1904 3784 ἀπέθανεν
1947 3731 2039 3784 ἐπὶ

461 3819 722 3890 Νέρωνος
774 3822 912 3893 μετὰ
967 3822 1043 3892 λβ⁹
1093 3823 1211 3887 ἔτος
1255 3822 1350 3876 τοῦ
1375 3823 1607 3878 θανάτου
1655 3824 1749 3878 τοῦ
1806 3826 2036 3896 Κυρίου,

464 3913 668 3983 μᾶλλον
697 3914 755 3968 δὲ
786 3917 880 3971 καὶ
920 3915 1189 3988 Ἡρώδης,
1228 3917 1303 3980 ὡς
1351 3920 1379 3970 ὁ
1425 3916 1758 3987 Ἀγρίππας,
1793 3918 1851 3970 ἐν
1887 3918 2038 3984 τάξει

462 4005 742 4076 βασιλείας
770 4009 1043 4080 κατῆλθε*
1084 4010 1166 4064 διὸ
1204 4011 1298 4064 καὶ
1331 4009 1577 4063 ἐκαλεῖτο
1616 4012 1708 4064 καὶ
1747 4010 1905 4075 αὐτὸς
1945 4011 2041 4079 βα-

459 4100 661 4165 σιλεῦς.

2145 3087 2531 3151 imperatores,
2562 3099 2676 3137 non
2712 3090 2894 3137 tamen
2942 3082 3061 3137 haec
3109 3097 3297 3137 eorum
3352 3084 3572 3137 nomina
3604 3099 3734 3153 pro-

2142 3174 2262 3246 pria
2288 3173 2421 3227 sint.
2456 3174 2572 3228 Hoc
2593 3180 2779 3227 autem
2814 3171 2948 3236 dixi,
2976 3187 3048 3226 ne
3069 3171 3195 3241 quis
3226 3182 3451 3242 propter
3481 3188 3730 3227 comnm-

2144 3270 2370 3326 nionem
2408 3268 2653 3324 nominis
2682 3268 2954 3339 generalis
2977 3268 3280 3331 existimet,
3312 3276 3559 3337 tempore
3580 3266 3730 3335 ejus-

2142 3363 2267 3417 dem
2309 3359 2654 3432 imperatoris
2687 3367 2746 3414 et
2792 3357 3087 3414 Dominum
3130 3367 3382 3414 nostrum
3422 3366 3634 3422 natum,
3674 3367 3731 3412 et

2143 3449 2372 3505 Paulum
2400 3449 2678 3520 supplicio
2728 3448 2986 3504 allectum
3028 3464 3170 3504 esse.
3230 3448 3401 3503 Natus
3452 3457 3536 3503 est
3580 3447 3729 3503 enim

2142 3540 2404 3596 Dominus
2424 3540 2664 3611 quidem,
2699 3551 2758 3594 ut
2792 3540 2931 3595 ratio
2960 3551 3266 3609 temporum
3293 3539 3555 3605 declarat,
3591 3544 3733 3593 tem-

2140 3648 2275 3703 pore
2311 3616 2541 3688 Caesaris
2579 3631 2828 3702 Augusti,
2869 3643 3119 3686 mortuus
3147 3640 3231 3688 csl
3279 3641 3462 3687 autem
3504 3632 3729 3703 triginta

2142 3725 2354 3780 duobus
2377 3723 2536 3777 annis
2554 3730 2697 3793 post,
2719 3721 3197 3792 TiberioAugnsto
3220 3721 3556 3797 imperante:
3588 3721 3733 3775 Pau-

2141 3819 2227 3872 lus
2270 3831 2403 3872 vero
2454 3824 2704 3870 mortuus
2743 3816 2827 3869 est
2855 3821 3099 3884 tempore
3125 3813 3389 3880 Neronis,
3450 3812 3729 3869 tricesimo

2138 3906 2380 3963 secundo
2401 3921 2548 3960 anno
2572 3914 2696 3975 post
2722 3913 2951 3958 mortem
2984 3902 3199 3957 Domini
3218 3903 3267 3967 ,ι’
3289 3903 3398 3956 imo
3415 3918 3545 3957 vero
3563 3904 3726 3958 etiam

2141 3998 2406 4062 Herodes,
2477 4005 2538 4051 ut.
2582 3995 2823 4068 Agrippa
2873 4009 3117 4064 quoque,
3183 3995 3305 4050 loco
3358 3993 3501 4064 regis
3557 3998 3725 4049 venit.

2139 4089 2512 4159 Quamobrem
2535 4088 2699 4143 etiam
2718 4087 2835 4158 ipse
2855 4096 3073 4157 quoque
3103 4102 3196 4141 rex
3224 4087 3543 4142 vocabatur.

530 4192 688 4260 Πρὸς
724 4193 833 4259 οὓς
863 4194 1216 4264 ἀπεκρίθην,
1250 4195 1340 4249 ὅτι
1373 4198 1484 4251 οὐκ
1517 4196 1693 4252 ἔστιν
1723 4188 1859 4263 ἔθος
1894 4194 2034 4249 Ῥω-

2211 4183 2373 4239 Vsus.
2404 4181 2495 4237 ιο.
2527 4180 2724 4246 Quibus
2758 4178 2915 4250 173
2939 4180 3178 4247 respondi
3204 4178 3454 4234 Romanis
3482 4196 3584 4233 non
3616 4196 3727 4234 esse

455 4286 659 4355 μαίοις
688 4284 1038 4356 χαρίζεσθαι
1068 4303 1204 4341 τινα
1236 4287 1556 4357 ἄνθρωπον
1593 4292 1683 4355 εὶς
1709 4289 2036 4351 ἀπώλειαν,

457 4378 603 4448 πρὶν
633 4378 673 4449 ἢ
704 4381 738 4433 ὁ
762 4379 1283 4448 κατηγορούμενος
1312 4380 1464 4434 κατὰ
1491 4382 1821 4449 πρόσωπον
1845 4379 1972 4449 ἔχει
1992 4379 2038 4412 ³⁸

456 4474 601 4536 τούς
625 4472 1018 4539 κατηγόρους,
1044 4470 1230 4524 τόπον
1257 4486 1322 4525 τε
1349 4471 1682 4543 ἀπολογίας
1702 4470 1876 4527 λάϐοι
1900 4472 2035 4540 περὶ

454 4562 564 4617 τοῦ
592 4563 986 4633 ἐγκλήματος.

527 4651 957 4708 Συνελθόντων
1015 4649 1128 4707 οὖν
1178 4652 1379 4708 αὐτῶν
1428 4654 1663 4718 ἐνθάδε,
1726 4650 2041 4724 ἀναϐολὴν

449 4745 751 4814 μηδεμίαν
772 4745 1204 4815 ποιησάμενος,
1229 4746 1303 4814 τῇ
1335 4745 1484 4816 ἑξῆς
1510 4748 1767 4814 καθίσας
1801 4748 1900 4803 ἐπὶ
1932 4749 2039 4804 τοῦ

447 4838 747 4905 βήματος,
782 4838 1085 4894 ἐκέλευσα
1110 4838 1372 4909 ἀχθῆναι
1407 4840 1515 4895 τὸν
1541 4838 1754 4909 ἄνδρα.

527 4932 666 5000 Περὶ
693 4927 768 4989 οὗ
808 4934 1135 4998 σταθέντες
1172 4937 1225 4987 οὶ
1265 4932 1610 5004 κατήγοροι,
1648 4932 1935 5000 οὐδεμίαν
1957 4934 2043 4988 al-

454 5024 594 5078 τίαν
607 5023 905 5095 ἐπέφερον
927 5019 1017 5078 ὧν
1044 5026 1350 5081 ὑπενόουν
1375 5025 1509 5097 ἐγώ.

531 5115 658 5169 Ὀτι
687 5117 800 5172 οὐκ
838 5117 1013 5171 ἔστιν
1041 5117 1176 5183 ἔθος
1211 5118 1539 5187 Ῥωμαίοις.
1575 5120 1737 5173 Ὥστε
1758 5113 1852 5172 οὗν
1876 5121 1905 5171 ὁ
1935 5120 2033 5172 Πι-

454 5204 620 5266 λᾶτος
677 5204 1049 5277 χαρισάμενος
1117 5206 1210 5259 τὸν
1271 5204 1482 5277 Ἰησοῦν
1540 5209 1653 5271 τοῖς
1722 5206 2037 5274 Ἰουδαίοις,

453 5295 613 5364 δῆλος
643 5291 713 5368 ἧν
755 5300 1079 5369 μιαιφονικῇ
1114 5298 1259 5370 ψυχῇ
1317 5298 1477 5353 τοῦτο
1518 5301 1786 5370 ποιήσας·
1829 5302 2034 5369 ὃπουγε

455 5383 551 5438 καὶ
586 5384 649 5437 τὺ
679 5385 776 5439 τοῦ
810 5384 949 5440 Θεοῦ
977 5386 1231 5457 ὑπερεῖδε
1261 5391 1458 5460 κρίμα,
1498 5389 1710 5444 καὶτὸν
1744 5389 1853 5444 τῶν
1897 5391 2036 5445 Ῥω-

457 5472 638 5546 μαίων
669 5476 835 5548 νόμον
860 5477 1160 5549 ἑπάτησεν,
1217 5478 1307 5533 ἵνα
1343 5475 1485 5550 αἷμα
1541 5480 1718 5535 ἀθῶον
1760 5481 2045 5551 παραδοὺς,

2147 4291 2364 4341 morem,
2394 4274 2657 4328 hominem
2702 4271 2870 4326 ullum
2895 4273 2967 4325 ad
2998 4287 3172 4325 necem
3209 4272 3528 4339 condonare,
3548 4274 3726 4342 prius-

2149 4384 2307 4439 quam
2335 4369 2402 4433 is,
2443 4366 2531 4437 qui
2554 4376 2856 4430 accusatur,
2892 4381 3071 4419 coram
3102 4375 3379 4433 pra'sentes
3411 4364 3600 4419 habent
3635 4382 3727 4418 ac-

2146 4470 2432 4526 cusatores,
2474 4468 2523 4513 et
2576 4456 2750 4512 locum
2806 4455 3152 4526 respondendi
3201 4473 3265 4510 ac
3287 4473 3398 4511 sese
3416 4457 3479 4511 de
3507 4458 3726 4511 crimine

2151 4552 2416 4622 purgandi
2439 4551 2718 4619 acceperit.

2214 4644 2382 4698 Vens.
2406 4644 2493 4696 l7.
2532 4643 2661 4697 Cum
2696 4642 2859 4711 igitur
2892 4641 2971 4693 illi
3020 4640 3120 4693 huc
3161 4639 3537 4705 convenissent,
3575 4634 3723 4692 nulla
3814 4678 3827 4691 .

2139 4737 2449 4807 interposita
2468 4751 2619 4790 mora
2656 4734 2908 4804 postridie
2937 4748 3032 4803 pro
3066 4731 3316 4786 tribunali
3347 4731 3479 4799 sedi,
3512 4731 3724 4802 acjussi

2136 4831 2399 4887 neminem
2428 4829 2643 4884 adduci.

2207 4922 2378 4979 Vens.
2411 4922 2499 4977 l8.
2532 4921 2609 4976 De
2636 4936 2740 4989 quo
2799 4926 3007 4973 stantes
3028 4925 3382 4979 nocttsatores,
3408 4913 3611 4969 nullum
3659 4930 3723 4968 ex

2136 5014 2224 5077 iis,
2255 5027 2371 5082 qua:
2399 5025 2492 5081 ego
2515 5009 2843 5076 suspicabar,
2871 5007 3072 5060 crimen
3100 5002 3414 5074 inferebant.

2212 5102 2468 5158 Romanis
2502 5117 2605 5155 non
2629 5116 2736 5153 esse
2762 5114 2981 5152 morem.
3010 5095 3178 5169 Lgitnr
3200 5093 3408 5151 Pilatus
3455 5109 3580 5147 cum
3626 5090 3720 5148 Je-

2145 5211 2266 5254 sum
2289 5194 2495 5251 ludatis
2524 5193 2885 5255 eondonaret,
2911 5192 3261 5259 perspicuum
3322 5195 3408 5242 est
3447 5201 3571 5240 eum
3616 5184 3721 5239 hoc

2140 5289 2326 5343 animo
2352 5282 2703 5357 sanguinaria
2726 5279 2951 5345 fecisse;
2991 5276 3434 5349 quandoquidem
3474 5283 3529 5329 et
3571 5274 3720 5345 judi-

2141 5380 2292 5435 cium
2352 5377 2448 5432 Dei
2481 5375 2753 5446 despexit,
2777 5382 2832 5427 et
2859 5372 3231 5426 Romanorum
3262 5366 3718 5423 consuetudinem

2140 5470 2395 5543 protrivit
2422 5479 2586 5539 atque
2610 5464 2974 5530 conculcavit,
3006 5473 3064 5518 ut
3091 5461 3411 5533 sanguinem
3434 5458 3716 5514 innoxium

1642 5595 1841 5658 Varia:
1870 5594 2180 5658 lectiones
2223 5598 2284 5656 et
2330 5596 2517 5652 nota).

525 5695 567 5726 ³¹
602 5693 945 5772 Ιιιῌυιιίῃαιὶδ
1002 5699 1395 5772 ἀσπασόμενοι.

454 5776 594 5824 erat.
666 5769 711 5801 ³⁵
741 5769 877 5839 ἔχοι,
923 5778 1001 5825 est
1033 5772 1087 5825 iu
1109 5769 1359 5843 vulgatis,
1392 5779 1440 5827 et
1470 5769 1625 5826 recte.

545 5861 575 5901 ιι
607 5859 829 5917 Videtur
884 5863 980 5919 hoc
1009 5864 1122 5920 loco
1153 5865 1355 5938 aliquid
1387 5866 1683 5920 desiderari
1712 5866 1763 5920 in
1805 5865 2008 5921 Gra'co.

1500 5702 1544 5734 ³³
1574 5719 1675 5771 μου
1730 5701 2061 5756 desideratur
2106 5703 2155 5756 in
2217 5698 2593 5767 manuscripto.

2707 5692 2865 5746 ³³1σ.
2919 5687 3203 5761 βασιλέως.
3309 5685 3356 5719 ³⁸
3388 5683 3727 5757 ὲπαρχείαις
