4114 6432
350 365 457 431 819
1236 361 1814 423 THEOPHYLACTI
1849 364 2262 424 BULGARI/E
2290 362 2647 426 ARCHIEP.

3505 358 3615 424 διο

354 479 425 534 ad
486 477 687 532 caedem
737 475 976 541 tradens,
1019 472 1310 529 ltomicidis
1386 474 1626 544 placeret
1664 491 1679 528 :
1721 474 1935 529 etiamsi

2046 477 2122 539 εἰς
2150 475 2398 541 θάνατον,
2433 476 2609 548 ἀρέσῃ
2641 478 2754 538 τοῖς
2783 476 3068 546 φονευταῖς
3086 489 3103 507 ο
3134 475 3240 529 κᾶν
3267 474 3617 545 παρανομίας

354 570 597 624 futurum
628 556 744 623 era't
764 576 825 621 ut
852 566 921 622 ab
949 565 1323 620 Romanorum
1385 566 1710 635 imperatore
1762 566 1817 621 in
1838 566 1930 637 ju-

2046 567 2233 638 ἔμελλε
2293 569 2577 641 κρίνεσθαι
2630 569 2783 640 παρά
2826 568 2921 622 τοῦ
2986 565 3276 638 Ῥωμαίων
3327 564 3615 635 βασιλέως,

354 661 557 717 dicium
585 660 795 714 violatae
824 659 960 731 legis
989 667 1299 720 vocaretur,
1323 672 1352 711 a
1379 673 1487 726 quo
1507 658 1672 712 etiam
1695 658 1929 715 emissus

2046 662 2172 731 παρ’
2193 654 2254 714 οὗ
2303 662 2398 715 καὶ
2426 659 2494 734 ἦν
2545 661 2884 733 ἐκπεμφθεὶς
2921 658 3085 732 ἆρξαι
3128 660 3238 713 τῶν
3281 660 3381 727 τῆς
3400 656 3620 732 ,Ἰερου-

354 763 492 817 erat,
548 761 609 807 ut
644 752 842 807 ﬁnibus
903 752 1396 822 Hierosolymorum
1451 751 1793 820 praesideret.
1856 752 1930 807 De

2046 752 2224 822 σαλὴμ
2279 754 2441 824 ὅρων.
2495 754 2634 823 Περὶ
2682 750 2754 810 οὗ
2815 754 3145 819 σταθέντες
3195 754 3250 806 οἱ
3297 749 3619 818 κατήγοροι

353 863 456 915 quo
485 855 684 900 stantes
707 854 1062 909 accusatores,
1092 843 1292 896 nullum
1332 859 1395 896 ea:
1424 843 1489 897 iis
1536 860 1653 913 qua:
1685 846 1926 915 suspica-

2046 843 2323 914 οὐδεμίαν
2362 845 2560 901 αιτίαν
2585 845 2902 915 ἐπέφερον.
2957 845 3069 899 Καὶ
3107 843 3215 915 μὴν
3254 842 3469 912 ἔφερον,
3501 838 3617 898 ἀλλ’

356 937 481 1001 bar,
513 938 710 990 crimen
741 936 1039 1006 alferebant.
1085 932 1247 1003 Atqui
1277 934 1485 989 crimen
1540 935 1761 1004 quidem
1799 933 1931 991 affe-

2046 935 2136 990 at’rn
2164 936 2421 1007 ἤλεγξαν.
2467 936 2532 990 Ἦ
2568 938 2668 1008 μὲν
2708 938 2819 1007 γὰρ
2853 936 3115 1005 ἐπιϐουλὴ
3146 936 3240 989 καὶ
3270 933 3333 987 τὸ
3358 933 3618 1002 τόλμημα

352 1028 571 1097 rebant,
596 1028 687 1084 sed
711 1043 819 1083 non
849 1026 1170 1097 probabant,
1208 1041 1387 1096 neque
1414 1026 1761 1081 documentis
1777 1041 1931 1080 reum

2046 1027 2192 1082 τοῦτο
2228 1027 2563 1082 ὑποπτεύειν
2585 1028 2778 1100 ἐδήλου
2799 1043 2813 1059 θ
2840 1028 2873 1096 ή
2921 1027 2979 1081 δὲ
3012 1026 3258 1091 ἐξέτασις
3283 1023 3436 1077 οὐδὲν
3501 1017 3616 1091 εἶχε

353 1120 773 1175 convincebant.
828 1120 965 1174 Nam
1020 1119 1234 1174 insidiae
1266 1118 1488 1189 quidem
1538 1125 1702 1186 atque
1750 1117 1929 1172 audax
2036 1119 2302 1175 τοιοῦτον.

352 1214 571 1268 illorum
598 1212 811 1268 facinus
836 1214 941 1268 hoc
964 1214 1351 1284 su5picandum
1376 1228 1496 1268 esse
1524 1212 1922 1283 signiﬁcabant,
1966 1214 2061 1269 sed
2102 1216 2366 1272 scrutatio
2401 1226 2566 1287 atque
2599 1215 2882 1288 inquisitio
2906 1212 3112 1287 iudicis
3155 1211 3295 1267 nihil
3351 1210 3459 1266 tale
3514 1209 3617 1265 ha-

348 1307 535 1371 bebat,
561 1311 660 1361 nec
683 1306 827 1377 quod
865 1307 1249 1377 suspicabatur
1268 1321 1494 1377 praeses,
1520 1321 1577 1361 re
1598 1307 1825 1377 qua'sita
1843 1307 2309 1377 deprelnendebat.

420 1398 686 1456 Vr:ns.l9.
715 1400 818 1456 Sed
848 1402 1163 1473 quastiones
1215 1401 1502 1457 nonnullas
1558 1403 1622 1456 de
1672 1418 1770 1455 sua
1810 1401 1933 1455 reli-

2105 1405 2427 1475 Ζητήματα
2463 1405 2531 1460 δέ
2564 1423 2699 1461 τινα
2730 1404 2864 1472 περὶ
2906 1404 3018 1474 τῆς
3059 1403 3214 1470 ιδίας
3257 1403 3619 1470 δεισιδαιμο-

350 1492 504 1563 gione
531 1509 595 1546 ac
616 1494 679 1547 de
708 1493 832 1547 Jesu
849 1496 1077 1565 quodam
1102 1503 1330 1554 mortuo,
1360 1511 1512 1565 quem
1534 1492 1737 1548 Paulus
1766 1494 1935 1547 vivere

2046 1497 2171 1560 νίας
2220 1493 2389 1564 εἶχον
2437 1497 2588 1565 πρὸς
2642 1498 2850 1563 αὐτὸν,
2888 1498 2983 1551 real
3025 1496 3155 1564 περὶ
3220 1495 3384 1561 τινὸς
3421 1492 3621 1562 Ἰησοῦ

352 1584 552 1649 aiebat,
583 1586 831 1640 adversus
869 1603 987 1641 eum
1018 1587 1298 1641 habebant.

2046 1588 2419 1655 τεθνηκότος,
2456 1587 2529 1665 ὃν
2565 1587 2837 1658 ἔφασκεν
2874 1591 2908 1642 δ
2933 1588 3179 1654 Παῦλος
3217 1585 3341 1655 ζῆν.

431 1675 594 1732 Vens.
621 1678 716 1733 20.
770 1677 906 1733 Cum
956 1688 1132 1734 autem
1175 1696 1268 1749 ego
1293 1680 1543 1735 heererem
1572 1682 1627 1733 in
1685 1681 1933 1751 quastio-

2108 1677 2551 1745 Ἀπορούμενος
2577 1676 2645 1729 δὲ
2674 1676 2789 1746 ἐγὼ
2815 1675 2929 1744 τὴν
2959 1676 3092 1744 περὶ
3121 1677 3339 1731 τούτου
3372 1672 3623 1739 (rimatu-

351 1781 417 1823 ne
446 1768 589 1823 illius
609 1770 704 1834 rei,
740 1786 833 1823 nec
858 1786 937 1823 me
968 1771 1209 1839 expedire
1248 1787 1474 1838 possem,
1504 1771 1739 1825 dicebant
1771 1788 1789 1825 :
1852 1770 1933 1825 An

2046 1765 2282 1837 ἔλεγον·
2316 1771 2385 1824 Et
2403 1769 2621 1834 βούλει
2637 1771 2995 1838 πορεύεσθαι
3019 1769 3089 1822 ἑν
3130 1764 3528 1838 Ἰερουσαλὴμ
3550 1764 3617 1827 ³⁸,

350 1864 431 1918 vis
470 1862 527 1916 in
568 1860 863 1916 Jerusalem
892 1861 988 1928 ire,
1017 1870 1064 1916 et
1094 1861 1205 1916 illic
1233 1863 1296 1917 de
1323 1862 1440 1916 istis
1473 1862 1623 1916 rebus
1663 1862 1931 1931 judicium

2046 1856 2222 1912 κάκεῖ
2246 1858 2558 1927 κρίνεσθαι
2590 1858 2725 1927 περὶ
2765 1859 3027 1922 τούτων;

352 1955 527 2009 subire
544 1957 571 2011 7

425 2044 592 2101 Vens.
626 2046 719 2101 21.
756 2045 858 2103 Sed
888 2062 1005 2100 cum
1037 2044 1242 2099 Paulus
1274 2054 1603 2118 provocasset
1631 2054 1933 2102 utservare-

2117 2042 2231 2098 Τοῦ
2288 2042 2359 2097 δὲ
2417 2042 2663 2097 Παύλου
2714 2004 3237 2108 ἐπικαλεσαμένου
3289 2040 3623 2110 τηρηθῆναι

354 2146 441 2190 tur
473 2136 1015 2207 cognitioniAugusti,
1033 2136 1167 2206 iussi
1203 2137 1469 2192 asservari
1487 2152 1605 2191 eum
1620 2138 1794 2210 quoad
1813 2154 1932 2192 eum

2046 2131 2227 2185 αὐτὸν
2241 2133 2327 2198 είς
2349 2130 2463 2200 τὴν
2485 2132 2592 2187 τοῦ
2620 2131 2924 2187 Σεϐαστοῦ
2947 2130 3289 2200 διάγνωσιν,
3321 2129 3624 2183 ἐκέλευσα

351 2229 565 2283 mittam
603 2229 674 2282 ad
706 2226 989 2284 Cursarem.

430 2406 599 2463 Vens.
617 2407 709 2462 22.
734 2406 970 2477 Agrippa
999 2414 1176 2461 autem
1202 2407 1272 2460 ad
1289 2406 1498 2462 Festum
1517 2409 1757 2462 dicebat:
1783 2409 1934 2464 Vole-

356 2501 479 2554 bam
500 2500 657 2553 etiam
685 2499 794 2567 ipse
808 2500 1064 2553 hominem
1084 2500 1290 2554 audire.
1308 2500 1373 2554 At
1409 2500 1531 2555 ille:
1559 2500 1712 2568 Cras,
1744 2501 1933 2572 inquit,

357 2591 544 2646 audies
574 2590 748 2645 illum.

431 2678 598 2735 Vens.
620 2679 712 2735 95.
749 2677 927 2751 Igitur
956 2681 1211 2751 postridie
1240 2698 1358 2736 cum
1379 2680 1615 2752 Agrippa
1648 2691 1696 2737 et
1715 2682 1936 2738 Bernice

356 2789 473 2826 cum
524 2789 718 2844 magna
785 2789 979 2843 pompa
1045 2775 1327 2841 venissent,
1399 2784 1448 2829 et
1512 2791 1620 2830 una
1665 2791 1782 2830 cum
1835 2776 1936 2829 tri-

359 2865 511 2920 bunis
571 2875 619 2919 et
670 2866 1038 2922 excellentibus
1095 2868 1322 2923 civitatis
1385 2869 1514 2924 viris
1594 2869 1650 2922 in
1728 2870 1937 2923 audito-

355 2958 497 3010 rium
526 2958 745 3029 ingressi
793 2968 980 3026 essent,
1033 2960 1187 3030 jussu
1215 2960 1355 3014 Festi
1412 2959 1612 3015 Paulus
1653 2961 1809 3014 etiam
1841 2961 1937 3015 ad-

358 3050 543 3104 ductus
564 3060 658 3105 est.

433 3212 601 3270 Vens.
624 3214 717 3269 25.
750 3215 824 3268 Ac
850 3215 1039 3270 Festus
1064 3232 1081 3271 :
1106 3216 1341 3287 Agrippa
1381 3233 1496 3279 rex,
1528 3218 1720 3287 inquit,
1761 3227 1809 3273 et
1853 3234 1944 3273 vos

355 3305 462 3359 viri
495 3321 693 3371 omnes,
720 3311 810 3377 qui
864 3307 1028 3362 simul
1086 3324 1267 3362 coram
1320 3308 1533 3372 adestis,
1584 3309 1769 3363 videtis
1806 3309 1942 3362 hunc

359 3398 426 3450 de
450 3413 550 3468 quo
574 3398 741 3451 omnis
780 3396 1092 3453 Juda'orum
1119 3400 1399 3454 nmltitudo
1419 3411 1530 3454 tum
1564 3398 1942 3471 Hierosolymis

359 3498 472 3541 tum
498 3488 582 3542 hic
593 3492 1034 3557 meLconvenerunt
1057 3499 1104 3545 et
1121 3490 1553 3561 interpellarunt,
1586 3490 1942 3545 acclamantes

359 3596 480 3636 eum
513 3581 743 3651 amplius
779 3583 948 3637 vivere
983 3599 1087 3640 non
1109 3592 1368 3652 oportere.

431 3673 506 3727 Ac
533 3674 597 3728 de
624 3673 1040 3745 Jesu'quodam.
1101 3675 1218 3731 Non
1268 3677 1467 3731 mirum
1513 3679 1658 3748 quod
1705 3676 1834 3732 dicit
1876 3676 1942 3732 de

358 3763 490 3821 Jesu
529 3766 766 3836 quodam
791 3807 805 3830 ,
839 3775 1026 3837 utpote
1075 3768 1240 3823 homo
1269 3776 1538 3838 potestate
1568 3767 1727 3840 1⁸14¹
1746 3767 1940 3837 prndi-

359 3866 471 3923 tus,
520 3865 575 3913 et
614 3859 761 3913 illum
808 3874 918 3915 non
958 3874 1176 3916 curans.
1228 3859 1360 3915 Cum
1413 3871 1589 3915 autem
1646 3877 1739 3931 ego
1772 3861 1939 3915 Icare-

357 3967 492 4006 rem.
559 3949 865 4022 Superabat
919 3952 1065 4008 enim
1122 3953 1318 4008 barum
1358 3969 1543 4009 rerum
1591 3952 1822 4023 quaestio
1850 3954 1941 4023 ju-

358 4042 497 4100 dicis
524 4059 702 4100 aures.
736 4044 797 4100 Ut
821 4054 1120 4100 servaretur
1148 4047 1445 4116 cognitioni,
1466 4047 1709 4117 Augusti.
1757 4046 1942 4101 Minus

360 4137 562 4193 usitate
592 4138 896 4208 Augustum
945 4138 1329 4208 imperatorem
1355 4147 1517 4194 vocat
1560 4156 1575 4198 :
1616 4138 1760 4194 sicut
1778 4138 1943 4195 etiam

360 4230 659 4296 Cursarem,
690 4245 853 4298 quem
890 4229 1053 4285 etiam
1084 4229 1366 4285 dominum
1394 4238 1574 4285 vocat.

434 4320 606 4381 Vens.
659 4322 752 4377 25.
816 4320 929 4392 Ego
995 4336 1115 4375 vero
1165 4337 1280 4375 cum
1343 4330 1666 4392 compertum
1721 4320 1944 4375 habeam

2040 2224 2346 2292 τηρεῖσθαι
2386 2223 2592 2290 αὑτὸν,
2624 2223 2735 2291 ἕως
2764 2219 2837 2280 οὗ
2869 2223 3084 2293 πέμψω
3105 2223 3294 2275 αὐτὸν
3316 2219 3464 2289 πρὸς
3483 2219 3624 2273 Καί-

2041 2332 2221 2370 σαοα.

2113 2334 2125 2367 ι
2163 2334 2221 2370 α.

2113 2334 2435 2477 ᾇγρίππας
2456 2404 2524 2459 δέ
2562 2404 2713 2474 πρὸς
2741 2405 2848 2459 τὸν
2875 2403 3123 2473 Φῆστον
3151 2403 3267 2473 ἔφη
3286 2419 3301 2435 ο
3346 2402 3620 2456 Ἐϐουλό-

2036 2516 2163 2570 μην
2217 2499 2317 2552 real
2372 2498 2556 2566 αὐτὸς
2602 2496 2710 2551 τοῦ
2746 2495 3063 2565 ἀνθρώπου
3094 2494 3372 2551 ἀκοῦσαι.
3416 2493 3497 2547 ⁹Ο’
3529 2491 3619 2556 δὲ,

2037 2593 2275 2661 Αὔριον,
2316 2590 2528 2661 φησὶν,
2568 2590 2806 2658 ἀκούσῃ
2846 2589 3053 2643 αὐτοῦ.

2117 2682 2202 2753 Τῇ
2231 2680 2346 2739 οὖν
2381 2683 2669 2751 ἐπαύριον
2705 2681 2991 2747 ἐλθόντος
3039 2679 3145 2735 τοῦ
3183 2679 3469 2750 Ἀγρίππα
3521 2674 3624 2731 real

2043 2776 2156 2847 τῆς
2186 2778 2476 2846 Βερνίκης
2502 2776 2651 2847 μετὰ
2687 2773 2925 2844 πολλῆς
2973 2775 3333 2844 φαντασίας,
3375 2771 3472 2826 καί
3498 2772 3625 2827 εισ-

2043 2873 2349 2926 ελθόντων
2397 2874 2487 2938 είς
2523 2869 2592 2924 τὸ
2641 2867 3041 2940 ἀκροατήριον
3086 2870 3210 2924 σύν
3258 2885 3324 2922 τε
3358 2865 3483 2933 τοῖς
3533 2882 3624 2933 χι-

2043 2963 2312 3033 λιάρχοις
2350 2962 2449 3017 real
2478 2961 2738 3031 ἀνδράσι
2768 2960 2894 3029 τοῖς
2922 2963 3049 3015 κατ’
3078 2960 3306 3030 ἐξοχὴν
3335 2954 3475 3014 οὖσι
3509 2956 3622 3027 τῆς

2046 3058 2300 3122 πόλεως,
2338 3056 2436 3111 real
2492 3055 2903 3121 κελεύσαντος
2946 3051 3054 3108 τοῦ
3093 3052 3361 3121 Φήστου,
3401 3049 3561 3120 ἤχθη
3588 3052 3623 3105 δ

1968 3168 2013 3226 c
2047 3146 2310 3210 Παῦλος.

2117 3238 2228 3293 Kal
2252 3254 2443 3307 φησιν
2474 3240 2508 3293 ό
2537 3236 2810 3306 Φῆστος·
2859 3236 3155 3306 Ἀγρίππα
3185 3233 3472 3300 βασιλεῦ,
3524 3231 3624 3287 καί

2046 3331 2271 3397 πάντες
2292 3334 2347 3386 οι
2368 3330 2795 3400 συμπαρόντες
2829 3327 3001 3399 ὑμεῖς
3020 3328 3062 3360 ³⁷
3099 3326 3336 3395 ἄνδρες,
3360 3323 3627 3393 θεωρεῖτε

2044 3424 2282 3490 τοῦτον,
2314 3423 2448 3492 περὶ
2493 3417 2567 3479 οὗ
2614 3421 2739 3479 πᾶν
2778 3420 2846 3475 τὸ
2899 3419 3135 3489 πλῆθος
3171 3418 3289 3474 τῶν
3324 3418 3627 3474 Ἰουδαίων

2045 3515 2338 3584 ἐνέτυχόν
2373 3531 2449 3584 με
2474 3515 2520 3548 ³⁸
2552 3514 2623 3568 έν
2672 3530 2735 3568 τε
2779 3513 3221 3582 Ἰεροσολύμοις
3247 3511 3347 3567 real
3392 3508 3624 3575 ἐνθάδε,

2047 3606 2406 3673 ἐπιϐοῶντες
2427 3606 2513 3676 μὴ
2547 3604 2674 3659 δεῖν
2696 3603 2802 3674 ζῇν
2827 3605 3016 3660 αὑτὸν
3035 3604 3271 3674 μηκέτι.

2117 3699 2230 3753 Kal
2268 3699 2406 3768 περί
2436 3715 2598 3764 τινος
2621 3697 2850 3766 Ἰησοῦ.
2882 3697 3121 3762 Εἰκότως
3150 3695 3280 3767 περὶ
3307 3696 3453 3760 τινος
3480 3696 3627 3764 λέγει

2059 3789 2258 3862 Ἰησοῦ,
2294 3789 2581 3858 ἄνθρωπος
2614 3790 2673 3845 ὲν
2707 3790 2850 3860 ἀρχῇ
2882 3787 2979 3856 ὣν,
3016 3788 3114 3843 καὶ
3145 3786 3337 3842 τοῦτον
3369 3789 3430 3842 οὐ
3464 3804 3628 3859 φρον-

2045 3882 2233 3948 τίζων.
2264 3882 2308 3915 ⁸⁹
2345 3881 2707 3952 ’Υπερέϐαινε
2736 3881 2795 3935 δὲ
2813 3881 2858 3914 ⁸ο
2887 3881 3144 3937 δικαστοῦ
3171 3881 3393 3951 ἀκοὰςή
3423 3879 3628 3936 τούτων

2047 3975 2300 4048 ζήτησις.
2333 3976 2439 4042 Είς
2475 3974 2593 4044 τὴν
2638 3976 2746 4030 τοῦ
2791 3975 3096 4030 Σεϐαστοῦ
3139 3974 3485 4044 διάγνωσιν.
3526 3975 3629 4027 Σε-

2049 4065 2247 4121 ϐαστὸν
2286 4066 2745 4138 καταχρηστικῶς
2791 4066 2887 4120 τὸν
2925 4065 3149 4136 βασιλέα
3202 4064 3389 4120 καλεῖ·
3438 4064 3629 4135 ὥσπερ

2051 4157 2331 4230 Καίσαρα,
2367 4158 2427 4212 ὃν
2462 4159 2557 4212 καὶ
2588 4157 2780 4229 κύριον
2812 4157 2991 4212 καλεῖ.

2120 4339 2264 4408 Ἐγὼ
2288 4338 2357 4392 δὲ
2396 4339 2882 4407 καταλαϐόμενος
2928 4337 3125 4407 μηδὲν
3154 4338 3331 4403 ἄξιον
3368 4339 3628 4395 θανάτου

361 4424 483 4469 eum
533 4413 667 4468 nihil
715 4413 931 4485 dignum
960 4422 1126 4469 morte
1179 4413 1516 4479 commisisse,
1568 4421 1723 4483 atque
1786 4412 1940 4466 etiam

2049 4433 2241 4488 αὐτὸν
2278 4431 2671 4501 πεπραχέναι,
2697 4431 2796 4485 real
2830 4429 3016 4485 αὐτοῦ
3073 4430 3143 4484 δὲ
3180 4433 3396 4486 τούτου
3422 4431 3630 4486 ἐπικα-

361 4504 570 4560 istemet
631 4506 742 4578 ipse
787 4505 1074 4576 appellarit
1124 4506 1437 4576 Augustum,
1470 4504 1636 4559 statui
1680 4519 1796 4557 eum
1827 4502 1940 4556 mit-

2053 4522 2399 4593 λεσαμένου
2450 4522 2559 4578 τὸν
2602 4522 2930 4587 Σεϐαστὸν,
2967 4520 3179 4590 ἔκρινα
3231 4502 3490 4592 πέμπειν
3518 4523 3629 4577 αὐ-

362 4601 489 4653 tere.

432 4684 604 4741 Vens.
636 4686 729 4741 26.
764 4686 844 4741 De
865 4703 967 4758 quo
998 4686 1124 4758 quid
1150 4686 1279 4741 certi
1309 4686 1538 4740 scribam
1576 4685 1805 4748 domino,
1840 4700 1946 4739 non

362 4776 553 4832 habeo.
579 4774 930 4841 Quamobrem
959 4779 1186 4847 produxi
1215 4794 1333 4831 eum
1351 4776 1422 4831 ad
1445 4793 1555 4841 vos,
1586 4792 1650 4830 ac
1712 4775 1943 4830 maxime

363 4869 438 4923 ad
471 4878 540 4934 te,
560 4885 654 4922 rea:
676 4868 935 4941 Agrippa,
959 4881 1016 4924 ut
1044 4871 1382 4940 inquisitione
1397 4872 1539 4940 facta
1566 4869 1786 4923 habeam
1805 4868 1944 4939 quod

361 4958 589 5012 scribam
616 4978 635 5012 :

435 5051 607 5107 Vens.
642 5052 733 5107 27.
786 5053 1030 5108 Alienum
1085 5055 1223 5109 enim
1285 5072 1317 5109 a
1384 5057 1592 5111 ratione
1646 5060 1775 5113 mihi
1830 5075 1945 5115 esse

363 5142 592 5210 videtur,
674 5146 936 5200 hominem
1010 5163 1075 5201 ex
1126 5149 1348 5202 vinculis
1398 5166 1619 5204 causam
1680 5152 1943 5207 dicturum

362 5237 592 5302 mittere,
628 5245 677 5291 et
732 5238 958 5292 crimina
1021 5240 1270 5294 adversus
1309 5256 1426 5294 eum
1450 5241 1621 5295 allata
1652 5258 1755 5296 non
1777 5244 1944 5315 signi-

363 5328 544 5399 ﬁcare.

439 5417 577 5472 Eum
606 5421 739 5474 nihil
771 5422 986 5492 dignum
1010 5431 1175 5476 morte
1204 5425 1542 5479 commisisse.
1570 5425 1689 5481 Jam
1731 5429 1947 5484 tandem

2053 4618 2180 4670 τόν.

2123 4704 2263 4773 Περὶ
2312 4698 2388 4761 οὗ
2432 4703 2711 4774 ἀσφαλές
2758 4720 2814 4757 τι
2862 4703 3086 4773 γράψαι
3162 4702 3243 4768 τῷ
3291 4703 3477 4772 κυρίῳ
3516 4705 3629 4758 οὐκ

2051 4801 2191 4870 ἔχω.
2222 4801 2321 4854 Διὸ
2358 4798 2708 4868 προήγαγον
2750 4796 2938 4851 αὑτὸν
2972 4798 3068 4866 ἐφ’
3099 4796 3255 4866 ὑμᾶς
3286 4799 3352 4863 ⁸⁸,
3384 4797 3483 4852 καὶ
3510 4796 3628 4867 μά-

2054 4899 2240 4949 λιστα
2296 4894 2395 4947 ἐπὶ
2440 4892 2580 4957 σοῦ,
2629 4890 2896 4955 ,βασιλεῦ
2953 4890 3256 4960 Ἀγρίππα,
3305 4890 3467 4956 ὅπως
3518 4889 3631 4958 τῆς

2053 4986 2426 5054 ἀνακρίσεως
2457 4981 2807 5055 γενομένης,
2837 4981 2970 5050 σχῶ
2995 4998 3050 5034 τι
3075 4980 3321 5051 γράψαι.

2130 5079 2382 5147 Ἀλογον
2412 5077 2521 5148 γὰρ
2556 5076 2729 5131 δοκεῖ
2747 5094 2849 5147 μοι
2880 5073 3193 5144 πέμποντα
3222 5074 3496 5146 δέσμιον,
3527 5077 3615 5149 μὴ

2053 5164 2154 5222 real
2174 5167 2283 5234 τὰς
2308 5166 2434 5221 κατ’
2454 5166 2643 5222 αὐτοῦ
2666 5168 2860 5233 αίτίας
2888 5167 3175 5239 σημᾶναι.

2128 5428 2335 5498 Μηδὲν
2360 5429 2534 5494 ἄξιον
2557 5426 2818 5483 θανάτου
2847 5425 3036 5481 αὐτὸν
3064 5421 3455 5492 πεπραχέναι.
3483 5418 3632 5482 Τέως

1520 5574 1721 5635 Variae
1750 5575 2057 5639 lectiones
2102 5583 2164 5639 et
2207 5584 2397 5639 uotee.

443 5668 486 5700 "
512 5667 576 5722 In
613 5671 836 5737 vulgatis
890 5672 939 5724 εί

404 5806 461 5877 φ’
490 5807 664 5879 ὑμῶν.

991 5670 1231 5747 Boviano
1271 5671 1613 5747 ’πορεύεσθαι
1656 5676 1737 5737 εἰς
1803 5675 2185 5747 Ἰερουσαλήμ.

407 5738 464 5820 ὀγ
496 5754 606 5820 per:
686 5740 729 5771 ”
758 5738 1006 5795 Videntur
1059 5743 1139 5798 hic
1172 5742 1329 5797 verba
1356 5738 1428 5796 'D.
1458 5742 1613 5798 Luca:
1664 5738 1940 5818 repetenda

2046 5738 2398 5820 tno'pou'pevo;
2455 5746 2510 5799 δὲ
2572 5738 2703 5815 ἔγω.

3006 5672 3051 5705 ⁸⁸
3081 5671 3145 5725 In
3195 5670 3420 5737 vulgatis
3448 5668 3631 5737 ἐνέτυ-

2287 5678 2331 5709 ³⁷
2376 5677 2435 5731 1η
2486 5675 2713 5746 vulgatis
2751 5675 2903 5777 ημῖν.
3006 5675 3051 5705 ³⁸
3081 5675 3145 5725 In
3195 5675 3420 5737 vulgatis
3448 5675 3628 5750 svs'su-

2287 5764 2398 5808 ενος
2455 5746 2510 5799 δὲ
2572 5750 2703 5808 ὲγω.
2803 5745 2930 5799 'l’o’.
2973 5744 3101 5808 γάρ.
3212 5743 3252 5775 ⁸⁸
3286 5741 3348 5796 In
3400 5737 3628 5808 vulgatis

2803 5747 2823 5778 °
2845 5745 2930 5799 ίσ.
2973 5744 3101 5815 γάρ.
