4114 6470
438 381 543 448 821

1061 366 1467 447 Exrosmo
1502 382 1587 443 IN
1625 381 1818 444 ACTA
1852 382 2442 450 APOS'I‘OLORUM.
2468 412 2539 424 -
2570 388 2730 450 CAP.
2758 388 2972 452 xxvr.

3609 390 3745 456 8229

436 505 467 556 ὁ
490 501 756 573 δικαστὴς
785 500 948 564 αὐτὸς
981 505 1255 573 μαρτυρεῖ
1284 499 1455 571 αὐτῷ,
1486 500 1571 554 ὅτι
1596 498 1889 563 ἀνεύθυνος
1917 494 1987 572 ἦν
2007 515 2022 530 ο

2128 504 2292 575 judex
2339 505 2458 576 ipse
2494 506 2818 562 testiﬁcatur
2848 523 2980 563 eum
3013 522 3152 564 esse-
3190 507 3575 566 innocentem:
3623 529 3729 570 ve-

437 597 579 668 πλὴν
608 597 711 650 οὐκ
738 596 1012 650 ἀπέλυσεν
1038 595 1224 660 αὑτὸν,
1248 594 1422 658 οὕτως
1451 594 1912 665 οἰκονομήσαντος
1931 592 2027 647 τοῦ

440 690 674 760 Κυρίου.
708 689 799 742 ἴνα
849 688 1217 758 ὲκκαλέσηται
1253 688 1372 754 (καὶ
1415 688 1632 756 ἀνάγκη
1667 687 1795 750 τοὺς
1826 686 2030 758 ἐκκλή-

440 797 564 844 τους
594 780 914 850 πεμφθῆναι
937 783 1017 844 εἰς
1049 778 1326 850 Ῥώμην),
1370 778 1471 834 καὶ
1505 778 1769 850 πληρωθῇ
1806 777 1867 832 τὸ
1897 795 2030 849 προ-

436 872 709 942 φητευθὲν
739 872 831 926 ὑπ’
872 872 1059 937 αὐτοῦ,
1084 872 1167 926 ὅτι
1195 872 1299 926 Δεῖ
1331 888 1408 942 με
1454 869 1551 925 καὶ
1589 868 1822 940 Ῥώμην
1854 869 2025 928 ἰδεῖν.

438 968 585 1038 Ὅρα
612 966 669 1020 δὲ
706 966 826 1030 πῶς
859 968 1039 1020 πάντα
1069 965 1114 998 δ’
1169 966 1589 1036 ἀποδυσάμενος
1636 964 1853 1029 Παῦλος
1896 965 2025 1036 παρ’

435 1054 520 1122 οἷς
546 1057 743 1128 ἐτέχθη
770 1058 867 1112 καὶ
904 1058 1140 1129 ἐτράφη,
1178 1058 1420 1133 καθαρὸς
1453 1057 1634 1128 πάσης
1661 1055 1896 1128 ὑποψίας
1925 1073 2026 1110 πο·

435 1153 612 1223 γηράς
641 1151 913 1209 ἐπιϐαίνει
954 1154 1022 1224 τῇ
1065 1150 1275 1227 Ῥώμῃ.

998 1336 1257 1391 ΚΕΦΑΛ.
1311 1336 1460 1402 και.

517 1427 838 1495 ’Ἀγρίππας
869 1426 938 1481 δὲ
972 1427 1124 1496 πρὸς
1162 1427 1271 1481 τὸν
1300 1424 1548 1479 Παῦλον
1577 1423 1724 1494 ἔφη’
1766 1425 2025 1493 Ἐπιτρέ-

430 1521 608 1573 πεταί
650 1536 751 1574 σοι
780 1518 932 1588 ὑπὲρ
978 1517 1244 1575 σεαυτοῦ
1279 1517 1501 1586 λέγειν.
1537 1516 1677 1571 Τότε
1713 1520 1746 1572 ὀ
1779 1518 2024 1586 Παῦλος

429 1609 785 1679 ἀπελογεῖτο
809 1610 1081 1678 ἐκτείνας
1101 1611 1222 1683 τὴν,
1243 1609 1413 1682 χεῖρα
1427 1630 1443 1646 ·

499 1703 639 1771 Περὶ
682 1703 927 1759 πάντων
976 1698 1067 1759 ὧν
1101 1706 1470 1777 ἐγκαλοῦμαι
1507 1708 1628 1764 ὑπὸ
1692 1705 2019 1770 Ἰουδαίων,

420 1792 692 1857 ,βασιλεῦ
733 1795 1023 1863 Ἀγεριππα
1048 1837 1063 1861 ,
1121 1796 1348 1866 ἥγημαι
1410 1798 1675 1868 ἐμαυτὸν
1725 1795 2023 1867 μακάριον

425 1884 531 1943 ἐπὶ
570 1885 689 1941 σοῦ
721 1886 967 1957 μέλλων
988 1888 1418 1960 ἀπολογεῖσθαι
1445 1891 1736 1958 σήμερον,

499 1976 780 2033 Μάλιστα
814 1979 1097 2049 γνώστην
1128 1980 1276 2035 ὄντα
1307 1997 1382 2036 σε
1422 1981 1666 2036 πάντων
1704 1978 1825 2035 τῶν
1862 1978 2013 2033 κατὰ

438 2068 774 2138 Ἰουδαίους
820 2072 867 2106 ⁸³
916 2072 1071 2128 ἐθῶν
1121 2090 1186 2128 τε
1240 2073 1287 2106 ut
1346 2075 1446 2129 καὶ
1502 2071 1863 2143 ζητημάτων.
1914 2069 2013 2125 Διὸ

423 2158 637 2231 δέομαί
661 2176 779 2217 σου
798 2165 1192 2236 μακροθύμως
1218 2165 1482 2221 ἀκοῦσαι
1508 2182 1657 2236 μου.
1744 2173 1751 2181 '

508 2346 628 2412 Τὴν
657 2347 776 2416 μὲν
801 2342 917 2404 οὖν
940 2347 1164 2414 ,βίωσίν
1184 2366 1305 2419 μου
1330 2347 1450 2415 τὴν
1479 2347 1548 2402 ἐκ
1581 2345 1865 2411 νεότητος
1898 2344 2015 2413 τὴν

423 2437 529 2492 ἀπ’
556 2437 746 2508 ἀρχῆς
771 2440 1105 2509 γενομένην
1133 2441 1205 2495 ἐν
1221 2441 1300 2506 τῷ
1319 2440 1479 2495 ἔθνει
1493 2456 1613 2510 μου
1641 2437 1712 2492 ἐν
1754 2436 2013 2506 Ἰεροσο-

424 2531 662 2598 λύμοις,
692 2531 864 2585 ἴσασι
894 2530 1119 2600 πάντες
1156 2535 1212 2589 ol
1235 2532 1539 2601 Ἰουδαῖοι,

499 2621 1025 2691 Προτινώσκοντές
1056 2641 1131 2694 με
1174 2625 1428 2692 ἄνωθεν,
1468 2625 1578 2680 ἐὰν
1610 2627 1830 2683 θέλωσι
1867 2644 2016 2699 μαρ-

423 2714 648 2782 τιφεῒν,
676 2715 767 2769 ὅτι
801 2717 954 2771 κατὰ
1003 2716 1121 2786 τὴν
1154 2717 1589 2788 ἀκριϐεστάτην
1617 2720 1855 2789 αἵρεσιν
1908 2719 2016 2791 τῆς

425 2806 722 2878 ἡμετέρας
754 2811 1087 2879 θρησκείας
1120 2810 1308 2880 ἔζησα
1342 2811 1694 2882 Φαρισαῖος.

499 2988 607 3043 Kal
666 2991 785 3046 νῦν
808 2990 902 3045 ἐπ’
955 2991 1159 3047 ἐλπίδι
1219 2993 1330 3062 τῆς
1376 2994 1529 3063 πρὸς
1579 2994 1724 3061 τοὺς
1750 2996 2011 3064 πατέρας

424 3080 794 3152 ἐπαγγελίας
846 3083 1174 3155 γενομένης
1228 3087 1346 3141 ὑπὸ
1404 3087 1513 3141 τοῦ
1561 3087 1734 3155 Θεοῦ,
1781 3087 2021 3156 ἕστηκα

427 3175 784 3244 κρινόμενος
798 3193 814 3209 ·

2132 604 2442 650 rumtamen
2494 611 2608 652 non
2681 597 2891 653 dimisit
2940 614 3065 654 eum
3125 601 3270 670 quod
3321 601 3585 658 Dominus
3643 604 3729 660 ita:

2131 696 2508 755 procurasset,
2557 696 2616 743 ut
2658 687 2864 744 Paulus
2886 699 3242 759 provocaret:
3274 707 3505 749 necesse
3532 702 3729 749 autem—

2130 788 2249 834 erat
2278 795 2374 835 eos
2400 780 2494 850 qui
2536 783 2932 850 provocassem
2963 782 3194 838 Romam
3229 785 3398 850 mitti;
3434 795 3488 840 et
3520 785 3725 857 imple“-

2129 879 2286 926 retur
2343 872 2397 927 id
2444 873 2591 942 quod
2648 872 2768 944 ipse
2823 875 3178 944 praedixerat,
3237 893 3460 948 nempe,
3497 877 3721 947 Oportet

2130 979 2212 1017 me
2240 963 2401 1017 etiam
2429 962 2659 1026 Romam
2681 966 2877 1019 videre.
2903 965 3043 1023 Vide
3071 975 3257 1021 autem
3286 967 3720 1030 utPaulus,cnm

2129 1058 2328 1112 missos
2356 1056 2580 1112 fecisset
2604 1073 2801 1114 omnes
2840 1060 3154 1140 apudcquos
3187 1071 3350 1117 natus
3379 1060 3720 1116 eteducatus

2127 1155 2263 1215 erat,
2294 1163 2465 1220 purus
2499 1150 2567 1205 ab
2593 1150 2741 1206 omni
2767 1140 3076 1223 suspicione
3100 1151 3467 1222 improbitatis
3488 1151 3716 1208 Romam

2124 1242 2294 1298 venit.
2692 1276 2695 1281 ν

2676 1332 2905 1389 CAPUT
2962 1332 3155 1388 XXVI.

2199 1422 2362 1480 Vens.
2396 1426 2448 1480 l.
2504 1426 2738 1497 Agrippa
2763 1436 2940 1482 autem
2957 1427 3026 1481 ad
3053 1425 3289 1481 Paulum
3314 1466 3328 1491 ,
3362 1426 3717 1492 l’ermtttttur,

2124 1515 2929 1588 inquiebat,tibiprotemetipso
2949 1519 3143 1573 dicere.
3176 1517 3318 1572 Tunc
3365 1516 3571 1571 Paulus
3622 1531 3719 1571 ea:-

2127 1616 2280 1662 tensa
2310 1622 2473 1662 manu
2497 1609 2761 1679 respondit
2798 1625 2816 1664 :

2197 1698 2362 1753 Vens.
2393 1698 2448 1754 ἓ.
2470 1699 2547 1753 De
2563 1699 2804 1754 omnibus
2825 1698 3240 1771 quorumluda’i
3269 1715 3351 1754 me
3380 1699 3727 1761 insimulant;

2124 1791 2356 1863 Agrippa
2375 1808 2488 1856 rex,
2519 1792 2763 1847 existimo
2790 1808 2873 1847 me
2900 1796 3135 1861 beatum,
3176 1793 3267 1863 qui
3305 1806 3524 1846 causam
3544 1791 3721 1845 dictu-

2042 1867 2091 1927 Β
2121 1902 2210 1940 rus
2239 1886 2339 1940 sim
2368 1886 2524 1941 hodie
2565 1888 2708 1957 apud
2739 1895 2809 1953 te,

2210 2068 2377 2126 Vens.
2410 2070 2466 2126 5.
2526 2070 2633 2136 Qui
2664 2071 2897 2125 maxime
2933 2071 3170 2143 cognitas
3197 2072 3358 2128 habes
3403 2091 3581 2130 omnes
3610 2075 3727 2133 lat-

2112 2164 2347 2218 datorum
2375 2162 2774 2217 consuetudines
2803 2171 2961 2234 atque
2981 2165 3313 2233 qua’stiones.
3341 2166 3725 2234 Quamobrem‘

2115 2268 2206 2307 oro
2243 2260 2311 2317 te,
2370 2260 2427 2305 ut
2456 2250 2721 2321 patienter
2746 2268 2826 2307 me
2848 2254 3060 2309 audias.

2188 2343 2360 2402 Vsus.
2378 2344 2434 2400 4.
2458 2336 2545 2398 Δι’
2561 2348 2725 2398 vitam
2740 2346 2951 2416 quidem
2970 2363 3139 2400 meam
3159 2348 3223 2401 ab
3234 2350 3532 2418 juvenlute.
3550 2365 3719 2419 quam

2116 2438 2182 2492 ab
2212 2438 2368 2492 initio
2396 2438 2453 2492 in
2473 2448 2625 2511 gente
2648 2455 2764 2493 mea
2790 2438 3174 2511 Hierosolymis
3198 2440 3302 2511 egi,
3335 2441 3504 2494 sciunt
3533 2457 3721 2495 omnes

2113 2528 2147 2584 J
2156 2531 2314 2597 udazi,

2187 2617 2432 2674 Vens.5.
2464 2620 2567 2685 Qui
2621 2620 2771 2690 longe
2803 2621 2924 2689 jam
2979 2629 3141 2674 antea
3208 2637 3291 2674 me
3337 2630 3612 2686 noverunt,
3663 2618 3727 2677 si-

2119 2709 2282 2764 velint
2351 2710 2662 2779 testiﬁcari,
2740 2726 2925 2780 nempe
2997 2714 3285 2766 secundum
3357 2714 3671 2767 accuratissi
3700 2743 3718 2755 -

2119 2818 2263 2857 mam
2320 2811 2522 2858 sectam
2582 2811 2776 2860 nostris
2835 2804 3106 2875 religionis
3170 2821 3254 2859 me
3315 2807 3509 2861 uixisse
3564 2805 3708 2865 ΡΙια-

2122 2891 2358 2946 risceum.

2199 2982 2367 3039 Vens.
2393 2983 2448 3039 6.
2500 2983 2568 3039 Et
2601 3001 2739 3039 nunc
2750 2994 2964 3055 propter
2991 3001 3133 3053 spem
3162 2988 3716 3057 reprcesentandamm

2123 3090 2520 3139 earumrerum,
2552 3092 2683 3147 quas
2715 3076 2857 3131 Deus
2892 3077 3185 3146 majoribus
3209 3079 3400 3132 nostris
3445 3078 3712 3148 promisit,

2124 3181 2206 3246 sto
2234 3187 2450 3225 causam
2478 3172 2655 3225 dicens
2690 3186 2708 3225 :

502 3265 608 3329 Εις
657 3263 739 3333 ἣν
792 3264 860 3320 τὸ
918 3264 1354 3336 δωδεκάφυλον
1406 3267 1576 3337 ήμῶν
1627 3269 1699 3323 ἐν
1748 3270 2020 3340 extera/gi

2202 3262 2367 3319 Vens.
2393 3251 2463 3318 7.
2484 3262 2634 3330 Quas
2663 3279 2744 3317 res
2762 3264 3052 3334 promissas
3085 3264 3357 3318 duodecim
3387 3274 3581 3319 nostra:
3613 3282 3710 3319 na-

428 3358 624 3415 νύκτα
648 3360 750 3415 καὶ
788 3361 1019 3432 ἡμέραν
1045 3364 1341 3429 λατρεῦον
1370 3363 1588 3425 ἐλπίζει
1623 3362 2018 3436 καταντῆσαι.

428 3452 572 3523 Περὶ
594 3448 671 3525 ἧς
697 3453 950 3520 ἐλπίδος
971 3454 1362 3525 ἐγκαλοῦμαι,
1385 3456 1653 3521 ,βασιλεῦ
1701 3457 2017 3527 Ἀγρίππα,

430 3544 553 3600 ὑπὸ
598 3546 908 3601 Ἰουδαίων
931 3547 1000 3602 ”.

511 3638 572 3692 Τί
590 3655 610 3704 ;
659 3639 923 3694 ἄπιστον
969 3640 1402 3710 κρίνεται.παρ’
1440 3643 1605 3712 ὑμῖν,
1650 3645 1706 3697 εἰ
1745 3642 1890 3710 Θεὸς
1921 3660 2016 3698 νε-

432 3731 620 3800 κροὺς
650 3731 861 3804 ἐγείρει
882 3749 903 3797 ;

506 3821 770 3892 Ἦγημαι
821 3822 1087 3891 ἐμαυτὸν
1130 3824 1453 3893 μακάριον,
1486 3825 1584 3879 ἐπὶ
1626 3826 1744 3880 σοῦ
1777 3825 2021 3896 μέλλων

430 3913 887 3983 ἀπολογεῖσθαι.
917 3914 1105 3969 Ταῦτα
1155 3915 1343 3985 ἔλεγεν
1389 3917 1449 3971 οὐ
1481 3917 1797 3972 κολακεύων
1824 3918 2013 3985 ανίτὸν,

433 4003 636 4072 (ἄπαγε
657 4004 696 4075 l)
729 4005 867 4059 ἀλλὰ
915 4005 1006 4058 διὰ
1041 4005 1145 4076 τῆς
1170 4006 1513 4080 ἡμερότητος
1546 4009 1806 4078 κερδᾶναι
1836 4009 2024 4080 βουλό-

437 4110 618 4163 μενος.
665 4095 776 4149 Καὶ
825 4098 891 4148 ὲκ
934 4097 1139 4170 μέρους
1190 4098 1449 4171 ἐκέρδανε
1490 4100 1585 4154 καὶ
1618 4100 1711 4154 τὸν
1759 4100 2024 4174 δικαστὴν

433 4180 602 4251 εἷλεν,
624 4188 653 4240 ὁ
682 4189 820 4253 τέως
848 4189 1144 4255 κατάδικος
1171 4187 1311 4254 εἶναι
1337 4190 2024 4265 νομιζόμενος.Παρόντων

435 4279 547 4351 γὰρ
585 4280 846 4335 ἁπάντων
892 4282 1113 4353 ἔλεγενσ
1136 4285 1255 4361 ΑἘν
1288 4285 1472 4356 ὀλίγῳ
1510 4302 1584 4355 με
1629 4288 1858 4353 πείθεις
1896 4289 2025 4356 Χρι-

435 4373 691 4429 στιανὸν
719 4375 1022 4445 γενέσθαι.
1040 4405 1111 4418 —-
1142 4376 1426 4433 Μάλιστα
1456 4380 1741 4449 γνώστην
1772 4381 1918 4435 ὄντα
1951 4394 2026 4436 σε

437 4463 681 4519 πάντων
709 4465 828 4520 τῶν
861 4469 1012 4523 κατὰ
1043 4468 1381 4536 Ἰουδαίους
1422 4470 1578 4525 ἐθῶν
1621 4489 1686 4527 τε
1716 4472 1818 4526 καὶ
1856 4473 2027 4542 ζητη-

2127 3357 2285 3411 tionis
2315 3357 2480 3410 tribus
2519 3356 2731 3411 assidue
2755 3365 2901 3411 nocte
2958 3373 3026 3410 ac
3050 3357 3136 3411 die
3174 3357 3281 3411 Deo
3327 3358 3607 3411 servientes
3661 3373 3717 3411 se

2124 3459 2342 3518 sperant
2364 3458 2752 3504 consecuturus.
2767 3449 2844 3504 De
2861 3466 2965 3521 qua
2984 3466 3096 3520 spe,
3112 3465 3204 3505 rea:
3223 3450 3477 3521 Agrippa,
3500 3467 3719 3505 accusor

2126 3542 2193 3596 ab
2220 3541 2449 3597 Juda'is.

2231 3637 2391 3695 Vens.
2417 3642 2469 3694 8.
2498 3640 2682 3706 Quid?
2719 3642 3023 3697 incredibile
3036 3642 3313 3712 judicatur
3333 3645 3477 3709 apud
3498 3656 3605 3705 vos,
3652 3640 3717 3699 ab

2128 3731 2237 3787 Deo
2270 3738 2508 3788 mortuos
2525 3735 2839 3789 exsuscitari
2863 3736 2888 3789 ?
3504 3762 3511 3769 ~
3702 3728 3709 3731 ’

2204 3825 2363 3896 175
2386 3825 2648 3879 Existimo
2685 3843 2769 3880 me
2798 3832 3032 3891 beatum,
3080 3829 3170 3896 qui
3199 3843 3414 3881 causam
3483 3827 3721 3880 dicturus

2126 3916 2226 3970 sim
2260 3916 2414 3970 hodie
2440 3916 2585 3985 apud
2621 3924 2691 3971 te.
2724 3915 2853 3973 Haec
2879 3917 3224 3974 dicebatnon
3264 3916 3406 3990 quod
3441 3916 3718 3972 adulando

2127 4023 2253 4065 eum
2287 4009 2388 4064 sibi
2418 4008 2755 4077 conciliaret,
2780 4007 2990 4082 [absit].
3013 4009 3108 4065 sed
3134 4009 3717 4072 auodmansuctudinc

2128 4110 2292 4172 atque
2315 4100 2696 4157 moderatione
2743 4117 2842 4157 sua
2889 4116 3016 4157 eum
3056 4101 3375 4159 lucrifacere
3405 4101 3588 4157 vellet.
3619 4101 3717 4154 At-

2128 4210 2235 4266 que
2259 4210 2327 4250 ex
2358 4181 2521 4265 parte.
2545 4193 2840 4258 lucrifecit,
2863 4203 2919 4251 et
2939 4194 3183 4266 judicent
3227 4193 3395 4264 cepit,
3439 4208 3564 4249 cum
3602 4193 3715 4262 jam

2130 4300 2292 4346 antea
2346 4289 2754 4347 condemnatus
2803 4306 2928 4348 esse
2998 4299 3311 4363 putaretur.
3345 4290 3720 4346 Praesentibus

2135 4384 2284 4440 enim
2307 4384 2564 4439 omnibus
2580 4384 2829 4440 dicebat:
2853 4383 3058 4439 Parum
3089 4384 3233 4439 abest
3248 4383 3377 4457 quin
3400 4382 3722 4452 persuadeas

2133 4478 2285 4542 mihi,
2320 4488 2375 4531 ut
2409 4476 2742 4539 Christianus
2768 4476 3213 4543 crudam—Qui
3236 4475 3724 4547 maxime'cognitas

432 4556 659 4625 μάτων.
725 4558 920 4615 Καίτοι
963 4579 1028 4630 γε
1060 4558 1137 4616 εἰ
1177 4562 1399 4634 συνῄδει
1447 4562 1659 4634 ἑαυτῷ,
1716 4565 2024 4637 φοϐηθῆναι

2134 4568 2296 4621 habes
2338 4566 2650 4621 Judazorum
2706 4577 2821 4621 tam
2891 4566 3291 4620 consuetudines
3350 4580 3515 4635 quam
3575 4578 3725 4636 qua:-

442 4650 632 4719 ἐχρῆν,
690 4653 843 4723 παρὰ
875 4652 954 4723 τῷ
1002 4654 1182 4708 πάντα
1236 4655 1399 4709 εἰδότι
1438 4655 1830 4727 δικαζόμενος·
1889 4659 2024 4714 ἀλλὰ

2131 4658 2352 4712 stiones.
2385 4658 2549 4728 Atqui
2601 4657 2648 4711 si
2695 4655 2797 4711 sibi
2849 4655 2990 4710 male
3059 4655 3315 4710 conscius
3345 4662 3487 4718 erat,
3529 4654 3725 4709 timene

440 4739 686 4811 καθαροῦ
731 4743 1040 4807 συνειδότος
1068 4745 1230 4799 τοῦτό
1280 4745 1421 4810 ἐστι,
1455 4746 1532 4818 μὴ
1567 4747 1957 4815 παραιτεῖσθαι
1982 4749 2031 4782 ⁸⁸

440 4830 738 4906 δικαστὴν,
804 4837 899 4890 τὸν
968 4837 1215 4911 ἀκριϐῶς
1274 4839 1454 4894 εἰδότα
1528 4840 1598 4893 τὰ
1661 4842 2029 4912 γεγενημένα.

446 4925 652 4980 Ἵσασι
691 4926 918 4996 πάντες
962 4932 1018 4984 οἱ
1054 4930 1364 4998 Ἰουδαῖοι,
1404 4932 1928 5003 προγινώσκοντές
1953 4952 2032 5004 με

440 5015 696 5074 ἀνωθεν.
728 5020 876 5075 ’Δντὶ
905 5020 1023 5089 τοῦ,
1054 5022 1202 5077 ἴσασι
1222 5022 1283 5076 τὸ
1317 5022 1539 5094 ἀληθὲς,
1568 5023 1686 5078 ἀλλ’
1715 5024 1777 5078 οὐ
1818 5024 2030 5081 θέλουσι

446 5116 765 5185 μαρτυρεῖν,
798 5116 1027 5188 ἑκουσίᾳ
1050 5116 1244 5189 γνώμῃ
1278 5117 1601 5188 ψευδόμενοι
1636 5117 1732 5172 καὶ
1772 5119 2028 5192 ἁμαρτά-

442 5224 646 5273 νοντες.
700 5210 867 5266 Κατὰ
919 5212 1037 5281 τὴν
1072 5211 1516 5283 ἀκριϐεστάτην
1565 5214 1803 5282 αἳρεσιν
1845 5214 2033 5282 ἔζησα

444 5301 791 5369 Φαρισαῖος.
831 5302 1177 5373 Σημειωτέον
1231 5303 1289 5357 δὲ
1348 5304 1431 5358 ὅτι
1485 5305 1579 5359 καὶ
1631 5306 1680 5359 οἱ
1743 5307 2030 5377 Φαρισαῖοι

443 5392 715 5463 αἰρετικοί
748 5394 881 5459 εισι,
931 5396 1027 5448 καὶ
1072 5395 1470 5467 ἀκριϐέστερον
1503 5395 1613 5450 τῶν
1655 5396 1832 5451 ἄλλων
1879 5397 2032 5470 αἱρέ-

446 5500 587 5538 σεων
600 5483 709 5539 τῶν
734 5484 1040 5541 Ἰουδαϊκῶν
1059 5487 1155 5553 τὰς
1179 5487 1400 5560 Γραφὰς
1423 5489 1830 5561 ἀνακρίνουσιν.
1844 5488 2031 5560 Ἀκρι-

2134 4748 2444 4818 oportebat,
2467 4762 2592 4804 cum
2618 4762 2842 4802 causam
2874 4746 3087 4801 diceret
3138 4743 3297 4815 apud.
3336 4742 3574 4814 iudicem
3629 4743 3723 4813 qui

2133 4840 2317 4897 omnia
2347 4840 2546 4895 sciret:
2578 4853 2769 4894 verum
2821 4853 2971 4908 pura:
3018 4835 3369 4892 conscientia:
3398 4835 3611 4906 signum
3638 4843 3723 4890 est

2129 4935 2237 4990 hoc
2270 4950 2382 4991 non
2414 4948 2670 4990 recusare
2722 4932 3003 5002 iudicem,
3049 4931 3146 5001 qni
3195 4938 3451 4985 accurate
3487 4929 3627 4985 sciat
3656 4944 3720 4983 ea

2118 5042 2258 5098 quae
2281 5025 2425 5080 facta
2457 5034 2608 5081 sunt.
2637 5023 2825 5079 Sciunt
2855 5040 3034 5081 omnes
3057 5024 3257 5089 Judwi,
3291 5023 3382 5094 qui
3406 5023 3558 5095 longe
3618 5022 3727 5088 iam

2139 5129 2300 5174 antea
2329 5134 2413 5172 me
2436 5126 2708 5172 nouerunt.
2740 5116 2798 5172 ω
2825 5125 2930 5181 est,
2960 5116 3145 5171 sciunt
3202 5130 3392 5170 verum
3422 5130 3544 5170 esse
3581 5114 3725 5184 quod

2140 5214 2292 5273 dico.
2332 5212 2433 5269 sed
2457 5210 2659 5269 nolunt.
2708 5209 3014 5274 testiﬁcari,
3053 5216 3249 5279 sponte
3271 5222 3368 5262 sua
3399 5206 3751 5289 mentientes;

2142 5316 2309 5377 atque
2326 5304 2579 5360 consulto
2594 5311 2911 5373 peccantes.
2943 5300 3241 5356 Secundum
3258 5298 3727 5369 exquisitissimam

2140 5407 2339 5453 sectam
2367 5412 2448 5454 me
2476 5395 2668 5449 uixisse
2698 5393 3058 5449 Pharisamm.
3087 5391 3399 5446 Notandum
3429 5398 3514 5445 est
3541 5400 3722 5444 autem

2139 5488 2306 5544 etiam
2362 5485 2671 5541 Pliarismos
2711 5484 3004 5540 ltmreticos
3060 5493 3117 5538 et.
3166 5478 3432 5537 scctarlos
3480 5493 3625 5546 esse,
3672 5488 3727 5534 ct

1576 5642 1579 5644 ·
1656 5626 1863 5689 Variae
1906 5625 2218 5690 lectiones
2262 5629 2325 5686 et
2368 5629 2566 5686 notae.

527 5768 572 5799 δ’
620 5768 708 5825 τσ.
741 5769 972 5834 πάντας.

451 5834 670 5910 “nam
710 5857 771 5894 τε
822 5854 896 5899 est
948 5845 1002 5898 in
1052 5843 1298 5912 vulgatis.

1079 5772 1218 5845 "Ain
1245 5772 1477 5845 vulgatis
1548 5775 1760 5843 μέλλων
1816 5774 2023 5842 ἁπολογ

2128 5773 2202 5828 lat
2263 5772 2355 5825 ἐπὶ
2387 5769 2505 5845 σοῦ,
2537 5779 2608 5845 fet
2646 5769 2807 5845 paulo
2872 5776 3014 5845 post,
3055 5767 3197 5845 διατα
3262 5769 3386 5835 τοὺς
3418 5767 3729 5834 Ἰουδαίους.

1404 5846 1448 5877 ³⁵
1479 5838 1587 5898 {nio
1641 5845 1749 5901 τῶν
1801 5838 2024 5900 ἰουδκξυ

2128 5852 2198 5899 est
2241 5845 2291 5897 in
2342 5840 2591 5913 vulgatis.
2646 5838 2731 5875 ἰε
2779 5838 3172 5911 παραιτῆσθαι,
3204 5849 3337 5896 erat.
