4114 6434
369 311 476 375 823

1304 316 1881 380 THEUPIIYLACTI
1917 320 2327 382 BULGARLE
2365 322 2718 383 ARCHIEP.

3549 316 3661 384 82$

371 424 689 480 accuratius
735 441 900 495 quam
952 435 1179 482 caeteras
1206 436 1384 482 sectas
1416 427 1672 483 Judaicas
1721 429 1951 484 scrutari

2059 430 2172 495 ὅῶς
2202 430 2247 464 ⁸⁷
2272 431 2329 486 δὲ
2357 427 2504 496 εἷπε,
2547 432 2643 487 καὶ
2682 433 2783 485 οὐκ
2835 430 3052 502 ἀληθῶς
3074 448 3086 461 ·
3120 430 3180 483 οὐ
3221 428 3327 502 γὰρ
3355 426 3503 501 εἶχον
3548 431 3655 503 τὴν

371 524 430 570 et
489 516 801 571 examinare
852 516 1180 587 Scripturas.
1227 518 1706 575 Accuratissimam
1748 530 1966 587 autem,

373 621 473 662 seu
503 607 992 678 exquisitissimam
1017 610 1157 665 dixit
1201 620 1432 676 sectam,
1485 620 1541 666 et
1575 626 1685 665 non
1735 612 1961 669 verissi-

372 714 554 755 mam:
582 715 692 755 non
724 703 873 759 enim
904 718 1033 758 vera
1057 704 1287 759 scientia
1320 703 1722 773 Scripturarum
1747 705 1961 775 praediti

298 804 327 867 τη
371 799 553 845 erant.
595 790 765 863 Igitur
796 793 886 849 illa
932 803 1187 849 accurata
1229 795 1367 849 ratio
1417 796 1626 849 minuta
1686 796 1963 852 subtiliter

2067 521 2244 593 ἀληθῆ
2275 522 2385 576 τῶν
2416 524 2652 594 Γραφῶν
2682 522 2903 593 γνῶσιν.
2939 524 3005 576 Ἢ
3035 519 3128 577 οὖν
3157 523 3416 595 ἀκρίϐεια
3456 525 3656 576 λεπτο-

2068 616 2219 683 λογεῖ
2253 614 2350 669 καὶ
2392 614 2808 683 συλλογίζεταιο
2853 615 2913 668 οὐ
2950 614 3056 686 μὴν
3112 613 3193 667 ἔτι
3234 614 3451 677 πάντως
3488 613 3656 682 γινώ-

2072 722 2194 759 σκει
2233 705 2297 759 τὸ
2346 705 2426 772 ὂν,
2454 707 2571 760 ἀλλ’
2601 705 2749 760 ἔστιν
2792 706 2879 759 ὅτε
2925 709 3022 758 καὶ
3054 706 3380 775 φρεναπατᾷ
3415 722 3499 768 τις
3526 706 3656 757 ἑαυ-

2075 798 2188 853 τόν.

309 868 345 955 ε’
374 886 757 955 persequitur,
796 896 851 942 et
905 888 1210 943 rationibus
1257 888 1503 958 quaesitis
1540 889 1748 960 colligit
1798 898 1964 959 atque
2001 890 2323 946 concludit:
2356 908 2466 947 non
2500 902 2681 948 tamen
2735 892 2917 948 adhuc
2978 905 3206 963 prorsus
3268 891 3654 965 intelligitrem

369 977 569 1049 ipsam,
607 980 701 1035 sed
717 995 1110 1049 nonnunquam
1143 995 1275 1036 suus
1313 981 1531 1038 animus
1568 998 1776 1052 suaque
1811 996 1969 1037 mens
2002 989 2058 1037 et
2086 983 2272 1053 opinio
2294 985 2531 1055 aliquem
2578 985 2736 1041 fallit.

448 1071 607 1128 Vsus.
638 1073 691 1127 9.
723 1072 832 1143 Ego
856 1089 974 1126 vero
1010 1082 1308 1128 statueram
1342 1075 1469 1128 milii
1509 1073 1677 1128 multa
1706 1073 1961 1128 adversus

370 1180 556 1218 nomen
581 1162 711 1218 Iesu
730 1164 1004 1220 Nazareni
1032 1184 1140 1221 esse
1165 1170 1370 1237 agenda
1396 1184 1414 1220 :

433 1343 605 1401 Vsus.
628 1346 712 1400 10.
737 1347 891 1413 Quod
924 1349 1085 1402 etiam
1104 1349 1205 1419 feci
1249 1349 1650 1421 Hierosolymis,
1678 1359 1726 1405 et
1768 1352 1959 1406 multos

367 1445 580 1492 sanctos
595 1454 709 1508 ego,
731 1448 1040 1508 potestatem
1059 1458 1090 1495 a
1105 1442 1426 1511 principibus
1447 1444 1776 1498 sacerdotum
1793 1445 1959 1515 adep-

371 1541 476 1595 tus,
521 1533 817 1587 carceribus
887 1534 1099 1599 inclusi,
1136 1545 1184 1590 et
1222 1552 1340 1590 cum
1390 1538 1750 1591 occiderentur
1794 1538 1958 1592 detuli

366 1621 702 1677 sententiam.

2141 1073 2288 1142 Ἐγὼ
2313 1075 2430 1144 μὲν
2483 1073 2589 1130 οὖν
2648 1075 2831 1141 ἔδοξα
2881 1076 3118 1145 ἐμαυτῷ
3150 1076 3303 1145 πρὸς
3357 1075 3421 1128 τύ
3463 1075 3654 1147 ὄνομα

2067 1164 2175 1218 τοῦ
2208 1165 2252 1197 ⁸⁸
2286 1164 2479 1233 Ἰησοῦ
2506 1166 2615 1221 τοῦ
2647 1166 2983 1235 Ναζωραίου
3016 1166 3146 1220 δεῖν
3173 1164 3376 1221 πολλὰ
3405 1166 3653 1247 ἐναντία

2066 1259 2287 1328 πρᾶξαι
2311 1277 2326 1291 ·

2143 1353 2213 1405 Ὃ
2238 1352 2337 1405 καί
2371 1351 2632 1416 ἐποίησα
2664 1350 2734 1404 ἐν
2761 1349 2986 1419 Ἰεροσο
3001 1352 3224 1420 ιύμοις,
3252 1351 3351 1405 καί
3381 1351 3653 1417 πολλοὺς

2059 1441 2179 1496 τῶν
2205 1443 2392 1511 ἁγίων
2435 1442 2550 1510 ἐγὼ
2577 1441 2884 1511 φυλακαῖς
2911 1443 3298 1506 κατέκλεισα,
3330 1443 3448 1510 τὴν
3490 1444 3652 1512 παρὰ

2058 1535 2177 1588 τῶν
2201 1534 2524 1607 ἀρχιερέων
2542 1535 2834 1598 ἐξουσίαν
2859 1534 3082 1603 λαϐὼν,
3108 1533 3557 1604 ἁναιροιψένων
3583 1549 3649 1585 τε

2062 1627 2264 1682 αὐτῶν
2299 1627 2638 1696 κατήνεγκα
2659 1627 2871 1697 ψῆφον
2893 1643 2907 1659 ·

440 1709 608 1770 Vens.
644 1716 730 1770 Η.
765 1716 839 1769 Ac
865 1717 920 1770 in
941 1718 1180 1771 omnibus
1212 1721 1517 1790 synagogis,
1545 1736 1685 1790 stupe
1706 1720 1951 1775 crucians

2127 1722 2234 1774 Καὶ
2266 1720 2418 1775 κατὰ
2461 1721 2665 1786 πάσας
2696 1720 2806 1787 τὰς
2835 1719 3194 1791 συναγωγὰς
3224 1717 3524 1783 πολλάκις
3567 1734 3649 1770 τι-

372 1819 482 1866 eos,
507 1806 749 1875 cogebant
787 1810 943 1863 verba
972 1810 1159 1879 impia.
1228 1812 1414 1881 quibus
1438 1813 1627 1895 ldivina
1706 1812 1959 1880 majestas

369 1894 683 1960 (cederetur,
737 1900 973 1968 proferre
1011 1919 1030 1955 :
1072 1918 1137 1954 ac
1185 1894 1509 1957 vehementer
1561 1905 1741 1974 furens
1789 1905 1844 1957 in
1894 1904 1960 1956 il-

365 1986 469 2057 los,
506 1992 854 2059 persequebar
907 2010 992 2047 eos
1022 1994 1181 2047 etiam
1209 1995 1279 2047 ad
1315 2004 1522 2050 exteras
1552 2012 1712 2065 usque
1774 1995 1957 2049 civita-

365 2092 461 2138 tes.

442 2174 756 2231 Statuerunt
790 2178 940 2234 mihi.
985 2178 1468 2245 Existimaveram,
1496 2180 1695 2250 inquit,
1724 2195 1847 2237 meo
1868 2180 1958 2250 ju-

365 2267 512 2323 dicio
534 2269 754 2338 proprio
782 2271 888 2326 hoc
912 2270 992 2325 sic
1043 2270 1155 2326 ﬁeri
1181 2281 1458 2341 oportere.
1511 2272 1584 2326 Ac
1630 2272 1957 2326 vehementer

362 2359 545 2427 furens
577 2358 634 2412 in
669 2359 808 2413 illos.
841 2359 975 2413 Nam
1020 2360 1112 2430 qui
1141 2361 1355 2415 occulta
1389 2361 1440 2415 vi
1483 2360 1749 2415 diabolica
1774 2368 1831 2415 et
1846 2360 1955 2415 da:-

363 2466 591 2506 monum
619 2451 882 2507 instinctu
946 2452 1207 2507 stimulati
1254 2466 1434 2516 erant,
1475 2452 1715 2507 absurda
1739 2468 1803 2508 ac
1835 2453 1953 2509 dira

359 2543 611 2611 quaedam
640 2542 1419 2609 faciebant,quemadmodum
1457 2544 1649 2599 furiosi
1681 2562 1693 2597 :
1724 2552 1818 2599 aut
1842 2544 1952 2600 lor-

359 2635 505 2690 sitan
523 2635 685 2690 etiam
725 2636 959 2705 amplius
984 2650 1048 2691 ac
1093 2636 1484 2716 vehementius
1524 2651 1625 2708 ego
1674 2652 1839 2706 quam
1874 2636 1949 2690 illi

360 2725 636 2787 furcbam,
657 2726 1104 2797 quandoquidem
1132 2736 1328 2797 sponte
1348 2727 1577 2798 agebam
1604 2736 1769 2798 atque
1818 2742 1952 2782 eon-

358 2817 506 2873 sulto
529 2818 674 2888 quod
700 2819 903 2873 malum
927 2829 1062 2873 erat.

434 2908 596 2967 Vens.
628 2911 715 2966 l9.
756 2911 873 2977 Quo
895 2923 1124 2982 tempore
1146 2915 1305 2981 etiam
1361 2928 1479 2967 cum
1508 2920 1766 2981 potestate
1788 2920 1950 2981 atque

358 3004 726 3059 commissione
756 3014 806 3060 et
827 3006 1082 3059 mandato
1115 3014 1328 3075 accepto
1351 3022 1382 3059 α
1413 3005 1740 3073 principibus
1771 3019 1943 3057 sacer-

358 3106 541 3150 aotum
570 3097 938 3165 proﬁciscebar
966 3096 1313 3162 Damascum,

432 3184 600 3241 Vens.
636 3185 723 3241 15.
754 3184 854 3239 Die
883 3187 1055 3241 medio
1079 3187 1134 3240 in
1165 3187 1251 3241 via
1279 3187 1408 3254 vidi,
1444 3201 1557 3253 rex,
1585 3187 1650 3241 de
1669 3186 1794 3241 ctelo
1821 3185 1947 3240 solis

357 3275 637 3345 splendore
662 3276 864 3332 clarius
885 3276 1062 3332 lumen
1096 3294 1178 3332 me
1203 3286 1250 3333 et
1274 3294 1362 3333 eos
1387 3278 1477 3349 qui
1535 3294 1737 3331 mecum
1776 3277 1947 3341 ibant,

355 3365 780 3437 circumfuigere.

427 3543 597 3601 Vsus.
632 3545 720 3600 ib.
757 3545 892 3600 Cum
922 3554 1101 3599 autem
1125 3561 1217 3599 nos
1246 3561 1424 3600 omnes
1474 3546 1843 3600 occidissemus
1894 3547 1950 3600 in

357 3645 581 3702 terram,
620 3636 804 3690 audiui
842 3652 1017 3690 vocem
1044 3635 1398 3707 alloquentem
1430 3652 1513 3689 me
1560 3652 1625 3689 ac
1688 3635 1948 3692 Hebraico

352 3742 593 3781 sermone
622 3727 921 3781 dicentem:
954 3726 1112 3793 Saul,
1151 3724 1307 3793 Saul,
1351 3726 1513 3798 176
1536 3742 1629 3780 cur
1648 3743 1729 3782 me
1769 3744 1947 3796 perse-

353 3818 581 3889 queris?
632 3819 823 3873 durum
852 3828 929 3874 est
983 3820 1079 3874 tibi
1137 3827 1321 3874 contra
1351 3818 1593 3873 stimulos
1646 3818 1947 3876 calcitrare.

425 3907 594 3966 Vens.
626 3908 843 3980 45.Ego
872 3926 992 3965 vero
1020 3910 1133 3964 dixi
1150 3926 1169 3964 :
1190 3908 1320 3975 Quis
1353 3925 1427 3972 es,
1456 3907 1683 3962 Domine
1705 3912 1730 3964 ?
1759 3909 1826 3964 At
1857 3910 1949 3966 ille

356 4000 494 4055 dixit
521 4016 539 4054 :
562 3999 677 4072 Ego
694 4017 813 4055 sum
846 3998 1004 4056 .lesus
1021 4017 1174 4071 quem
1203 4009 1259 4055 tu
1313 4002 1660 4073 persequeris.

424 4114 590 4172 Vens.
646 4115 737 4172 16.
797 4115 903 4171 Sed
947 4133 1143 4187 surge,
1205 4126 1367 4189 atque
1407 4120 1634 4174 consiste
1695 4121 1751 4173 in
1793 4123 1947 4190 pedes

353 4215 493 4263 tuos.
513 4206 655 4261 Nam
668 4208 865 4262 idcirco
884 4211 1115 4278 apparui
1135 4208 1312 4274 tibi,ut
1331 4210 1561 4282 deligam
1580 4220 1629 4265 te
1645 4212 1947 4267 ministrum

352 4316 419 4354 ac
454 4307 637 4355 testem
662 4315 847 4353 earnm
873 4315 1073 4367 rerum,
1104 4317 1240 4370 quas
1263 4309 1312 4355 et
1344 4302 1544 4369 uidisti,
1582 4311 1631 4357 et
1677 4303 1732 4356 in
1762 4304 1948 4373 quibus

351 4388 449 4445 tibi
465 4389 754 4460 apparebo,

426 4500 590 4557 Vens.
610 4501 699 4566 17,
735 4500 987 4557 Επίιηειιε
1016 4511 1142 4557 tceo;
1166 4502 1361 4573 populo
1395 4503 1513 4569 hoc,
1535 4514 1585 4559 et
1610 4507 1941 4571 nationibus,

346 4596 418 4650 ad
446 4612 579 4667 quas
598 4611 691 4667 ego
713 4599 924 4651 mittam
949 4603 1018 4662 te,

422 4707 593 4771 Vens,
628 4706 719 4763 18.
751 4707 814 4763 Ut
836 4708 1052 4777 aperias
1101 4709 1284 4764 oculos
1309 4726 1511 4776 eorum,
1543 4720 1592 4765 et
1617 4720 1859 4766 auertant
1891 4727 1945 4763 se

346 4816 380 4851 α
413 4800 638 4854 tenebris
660 4802 731 4855 ad
756 4801 943 4866 lucem,
975 4811 1024 4855 et
1050 4819 1083 4855 a
1112 4810 1370 4871 potestate
1410 4802 1633 4859 Satanae
1660 4815 1730 4857 aa
1757 4803 1942 4862 Deum,

347 4900 408 4946 ut
463 4893 734 4963 accipiant
791 4894 1153 4950 remissionem
1225 4905 1560 4965 peccatorum
1613 4904 1662 4949 et
1747 4903 1942 4949 sortem

348 4987 489 5040 inter
514 5001 621 5052 eos,
640 4987 731 5058 qui
759 4987 881 5057 ﬁde,
916 5005 1017 5058 qua
1044 4989 1253 5043 credent
1280 4989 1335 5042 in
1367 4987 1810 5053 me,sanctilicati
1830 4989 1941 5056 {ue-

345 5078 475 5133 rint.

404 5196 543 5252 Solis
568 5197 848 5267 splendore
874 5196 1092 5253 clarius.
1113 5197 1249 5254 Cum
1274 5196 1603 5268 produceret
1621 5194 1674 5249 in
1693 5194 1935 5250 medium

343 5288 401 5346 id
428 5290 573 5361 quod
604 5291 821 5347 caneris
848 5290 1015 5348 rebus
1041 5290 1144 5346 sub
1175 5306 1399 5347 sensum
1444 5288 1770 5345 cadentibus
1797 5285 1937 5341 luci-

345 5381 471 5437 dius
506 5393 611 5447 est,
649 5398 712 5438 ac
737 5397 848 5437 non
882 5393 1067 5452 posset
1089 5398 1215 5438 cum
1251 5382 1342 5438 illo
1367 5382 1574 5438 lumine
1600 5379 1933 5437 lumenJesu

2060 1806 2274 1874 μωρῶν
2316 1807 2557 1874 αὐτοὺς,
2597 1807 2935 1877 ἠνάγκαζον
2975 1809 3408 1878 ,βλασφημεῑνο
3445 1823 3651 1875 περισ-

2063 1897 2188 1964 σῶς
2239 1915 2304 1951 τε
2358 1899 2790 1968 ἐμμαινόμενος
2844 1901 3070 1968 αὐτοῖς,
3103 1900 3352 1955 ἐδίωκον
3387 1898 3499 1964 ἓως
3550 1895 3649 1953 καί

2061 1993 2150 2058 εἰς
2181 1992 2287 2060 τὰς
2315 1992 2434 2058 ἔξω
2460 1994 2688 2062 πόλεις.

2135 2174 2355 2241 Ἕδοξα
2399 2174 2657 2246 ἐμαυτῷ.
2711 2177 3007 2247 Ἐνόμισα,
3062 2175 3273 2248 φησὶν,
3326 2174 3385 2238 ἐξ
3434 2174 3645 2238 οἰκείας

2059 2268 2390 2338 ἐπικρίσεως
2422 2268 2585 2323 τοῦτο
2624 2267 2769 2323 οὕτω
2796 2269 2878 2322 δεῖ
2919 2270 2963 2302 ⁸⁸
3008 2268 3283 2338 γενέσθαι.
3333 2265 3644 2335 Περισσῶς

2059 2379 2123 2416 τε
2148 2361 2196 2395 ⁸⁸
2224 2362 2678 2434 ἐμμαινόμενος.
2708 2361 2846 2416 Ὑπὸ
2877 2361 2985 2433 γὰρ
3020 2360 3335 2431 διαϐολικῆς
3361 2356 3650 2430 ἐνεργείας

2057 2454 2152 2508 καὶ
2178 2454 2450 2524 δαιμόνων
2479 2453 2836 2526 οἰστρηλατού
2847 2471 3020 2525 μενοι,
3038 2453 3218 2508 ἄτοπά
3249 2469 3373 2507 τινα
3402 2450 3641 2514 ἐποίουν,

2055 2546 2245 2614 ὥσπερ
2299 2546 2349 2599 οἱ
2406 2546 2744 2616 μεμηνότεςο
2822 2546 2856 2615 ἢ
2924 2545 3067 2615 τάχα
3109 2545 3204 2600 καὶ
3254 2543 3645 2616 περισσότερον

2053 2639 2166 2706 ἐγὼ
2200 2636 2426 2693 ἐκείνων
2460 2636 2789 2709 ἐμαινόμην,
2836 2635 3070 2708 ἐπείπερ
3109 2637 3250 2691 ἑκὼν
3288 2635 3555 2706 ἔπραττον
3580 2631 3643 2687 τὸ

2054 2730 2248 2785 κακόν.

2123 2895 2230 2948 Ἐν
2290 2887 2381 2958 οἷς
2429 2891 2529 2947 καὶ
2581 2889 2985 2960 πορευόμενος
3018 2891 3107 2956 είς
3155 2887 3273 2956 τὴν
3319 2884 3644 2957 Δαμασκὸν

2045 2987 2175 3057 μετ’
2210 2983 2499 3050 ἐξουσίας
2547 2982 2647 3037 καὶ
2684 2978 3017 3050 ἐπιτροπῆς
3064 2977 3172 3049 τῆς
3208 2979 3369 3049 παρὰ
3390 2975 3511 3031 τῶν
3547 2975 3645 3045 ἀρ·

1973 3065 2018 3126 C
2052 3079 2322 3152 χιερέων,

2133 3171 2387 3243 Ἡμέρας
2410 3170 2612 3240 μέσης
2636 3166 2787 3222 κατὰ
2825 3167 2943 3234 τὴν
2975 3164 3120 3221 ὀδόν
3144 3160 3331 3229 εἶδον,
3349 3159 3640 3230 βασιλεῦ,

2051 3265 2382 3333 οὐρανόθεν
2406 3261 2560 3329 ὑπὲρ
2581 3260 2698 3329 τὴν
2730 3260 3125 3330 λαμπρότητα
3153 3256 3259 3313 τοῦ
3284 3257 3463 3327 ἡλίου
3490 3270 3644 3324 περι-

2051 3354 2307 3426 λάμψαν
2342 3370 2420 3423 με
2471 3350 2633 3422 φῶς,
2665 3349 2766 3406 καὶ
2817 3348 2960 3416 τοὺς
3001 3349 3124 3403 σὺν
3156 3348 3284 3418 ἐμοὶ
3321 3348 3647 3417 πορευομέ-

2051 3464 2221 3512 νους.

2122 3537 2373 3592 Πάντων
2405 3537 2476 3591 δὲ
2517 3538 2987 3591 καταπεσόντων
3012 3532 3182 3605 ἡμῶν
3224 3535 3310 3600 είς
3358 3532 3474 3600 τὴν
3501 3527 3639 3602 γῆν.

2048 3630 2294 3700 ἤκουσα
2319 3628 2531 3699 φωνὴν
2554 3628 2879 3684 λαλοῦσαν
2900 3629 3049 3698 πρός
3074 3644 3172 3697 με,
3203 3624 3304 3680 καὶ
3334 3624 3644 3694 λέγουσαν

2050 3722 2128 3793 τῇ
2171 3721 2429 3793 Ἐϐραΐδι
2465 3720 2791 3784 διαλέκτῳ·
2817 3719 3038 3787 Σαοὺλ,
3072 3716 3372 3781 Σαοὺλ,τί
3401 3731 3478 3785 με
3506 3713 3641 3767 διωο

2052 3833 2180 3881 κεις
2196 3830 2216 3880 ;
2247 3813 2521 3883 σκληρόν
2566 3827 2666 3866 σοι
2696 3812 2846 3880 πρὸς
2880 3810 3099 3879 κέντρα
3123 3807 3442 3868 λακτίζειν.

2138 3905 2284 3975 Ἐγὼ
2336 3905 2405 3958 δὲ
2456 3901 2665 3960 εἴπον·
2713 3903 2810 3970 Τίς
2846 3899 2920 3967 εί,
2956 3904 3173 3971 Κύριε;
3216 3900 3280 3954 '0
3323 3900 3393 3955 δὲ
3431 3895 3640 3954 εἶπενο

2065 3998 2215 4070 Ἐγώ
2243 4001 2363 4070 ειμι
2393 3998 2650 4066 Ἰησοῦς,
2684 3996 2757 4050 ὃν
2789 3995 2873 4051 σὺ
2900 3995 3152 4061 διώκεις.

2138 4109 2326 4166 Ἀλλὰ
2357 4109 2679 4177 ἀνάστηθι,
2734 4107 2832 4162 καὶ
2890 4104 3070 4176 στῆθι
3111 4104 3209 4159 ἐπὶ
3256 4102 3401 4170 τοὺς
3446 4100 3640 4169 πόδας

2052 4219 2192 4258 σου.
2231 4204 2335 4268 Εις
2365 4200 2544 4255 τοῦτο
2575 4199 2686 4268 γὰρ
2726 4197 2934 4268 ὤφθην
2970 4212 3091 4264 σοι,
3136 4194 3641 4266 προχειρίσασθαί

2051 4312 2126 4350 σε
2166 4293 2482 4362 ὑπηρέτην
2530 4288 2633 4344 καί
2676 4287 2951 4359 μάρτυρα
2979 4281 3069 4342 ὧν
3113 4305 3178 4342 τε
3232 4283 3411 4355 εἶδες,
3440 4282 3528 4342 ὧν
3575 4302 3640 4341 τε

1975 4415 2022 4471 υ
2050 4385 2397 4457 ὀφθήσομαί
2429 4398 2551 4449 σοι,

2136 4502 2598 4571 Ἐεαιρούμενός
2626 4518 2707 4556 σε
2736 4502 2806 4558 ἐκ
2840 4503 2947 4559 τοῦ
2967 4504 3121 4559 λαοῦ
3142 4502 3242 4560 καί
3275 4501 3394 4559 τῶν
3423 4500 3637 4572 ἐθνῶν,

2049 4601 2134 4665 εἰς
2163 4596 2270 4663 οὓς
2295 4595 2411 4666 ἐγὼ
2442 4594 2764 4651 ἀποστελῶ
2787 4610 2863 4650 σε
2891 4595 2960 4660 ³¹,

2134 4709 2399 4775 Ἀνοῖξαι
2443 4708 2794 4779 ὀφθαλμοὺς
2828 4706 3049 4773 αὐτῶν,
3097 4707 3208 4762 τοῦ
3251 4706 3637 4776 ἀποστρέψαι

2048 4803 2169 4860 ἀπὸ
2200 4803 2466 4868 σκότους
2492 4802 2582 4867 είς
2609 4799 2756 4869 φῶς,
2799 4798 2895 4854 καί
2928 4798 3040 4865 τῆς
3071 4799 3362 4867 ἐξουσίας
3386 4799 3493 4854 τοῦ
3529 4799 3639 4851 Σαο

2051 4894 2205 4952 τανᾶ
2242 4894 2341 4949 ἐπί
2374 4895 2481 4949 τὸν
2520 4892 2688 4957 Θεὸν,
2741 4891 2851 4946 τοῦ
2901 4891 3116 4946 λαϐεῖν
3143 4891 3366 4958 αὐτοὺς
3410 4891 3638 4961 ἄφεσιν

2052 4986 2373 5057 ἁμαρτιῶν,
2397 4985 2499 5042 καί
2525 4983 2755 5053 κλῆρον
2775 4982 2847 5038 ἐν
2875 4983 2999 5051 τοῖς
3020 4984 3411 5054 ἡγιασμένοις
3431 4983 3634 5038 πίστει

2049 5080 2125 5148 τῇ
2158 5083 2245 5145 είς
2272 5076 2396 5149 ἐμέ.

2133 5194 2306 5263 ’Υπὲρ
2337 5192 2453 5261 τὴν
2479 5194 2871 5263 λαμπρότητα
2902 5190 3010 5245 τοῦ
3046 5191 3248 5259 ἡλίου.
3286 5188 3410 5245 Τῶν
3435 5185 3630 5257 αἰσθη-

2047 5287 2156 5339 τῶν
2187 5285 2577 5356 φωτεινότερον
2603 5285 2893 5355 παράγων,
2920 5283 3017 5337 καὶ
3047 5282 3123 5355 μὴ
3153 5282 3454 5347 δυνάμενος
3482 5280 3632 5333 ἀντι-

2049 5379 2222 5433 σῶσαι
2269 5377 2345 5449 τῷ
2388 5377 2528 5447 φωτὶ
2565 5376 2760 5448 ἐκείνῳ
2802 5376 2862 5430 τὸ
2909 5377 3003 5429 τοῦ
3037 5374 3217 5447 Ἰησοῦ
3254 5374 3392 5446 φῶς,
3442 5370 3627 5434 καθὼς

1589 5523 1788 5583 Variae
1821 5519 2127 5583 lectiones
2174 5524 2233 5581 et
2280 5524 2469 5581 notae.

418 5664 461 5741 f"
496 5664 592 5741 iq.
611 5666 1041 5741 ἀκριϐεστάτην.
1095 5680 1144 5725 c.‘
1187 5669 1580 5741 ἀληθεστάτην.

1692 5674 1738 5706 ⁵⁸
1785 5672 1951 5727 Ανίέει

2091 5670 2187 5723 τοῦ
2234 5677 2358 5723 ante
2416 5667 2595 5736 Ἰησοῦ
2657 5666 2987 5720 desideratur
3042 5667 3098 5736 in
3122 5665 3375 5736 vulgatis.
3454 5665 3617 5721 "10'.

343 5733 473 5789 ιδῑν.
549 5735 596 5767 ⁸ο
626 5733 855 5793 τδέιίιί.
934 5733 986 5773 ⁸¹’
1012 5741 1073 5796 In
1099 5733 1322 5811 vulgatis
1353 5750 1426 5796 cst
1460 5733 1537 5806 εἰξ
1559 5741 1651 5808 0’3;
1684 5742 1778 5801 νῦν
1814 5760 1869 5796 σε
1914 5745 1945 5798 ἁ

2055 5743 2250 5807 ’τὲ).>.ω,
2282 5750 2328 5793 et
2379 5733 2539 5810 paulo
2568 5746 2681 5808 post
2716 5737 2809 5791 τοῦ
2863 5733 3222 5806 ὑποστρέψαιέ
