4114 6432
789 278 801 310 l

369 367 481 433 825

1050 372 1456 434 EXPOSITIO
1484 374 1566 436 IN
1609 374 1802 436 ACTA
1831 373 2413 438 APOSTOLORUM.
2441 400 2521 442 -,
2541 376 2698 438 CAP.
2729 377 2943 441 XXVI.

3539 377 3652 444 826

300 544 321 561 η
370 481 596 536 δύναται
624 484 1034 556 παραδέξασθαι
1056 489 1195 557 ἀκοὴ
1221 489 1511 562 ἀνθρώπου
1541 490 1748 559 λαλεῖν,
1766 490 1962 561 ’Υπερ-

2071 507 2411 565 comparare,
2441 494 2903 564 quemadmodum
2947 506 3113 549 aures
3151 491 3390 548 hominis
3413 491 3649 549 locutio-

372 576 502 647 νικᾷ
528 576 589 630 τὸ
620 576 846 648 ἡλιακὸν
874 581 1052 635 ἐκεῖνο
1077 582 1214 652 φῶς,
1247 583 1523 654 uncae".

444 757 646 822 Ὅθεν,
681 760 949 823 βασι.λεῦ
977 761 1284 832 Ἀγρίππα,
1320 765 1433 819 οὐκ
1453 762 1755 836 ἐγενόμην
1786 762 1955 821 ἀπει-

370 847 485 914 θὴς
509 847 585 917 τῇ
615 851 871 918 οὐρανίῳ
900 853 1186 923 ὀπτασίᾳ,

443 941 621 996 Ἀλλὰ
642 943 768 1010 τοῖς
792 946 863 998 ἐν
888 946 1182 1017 Δαμασκῷ
1206 949 1444 1018 πρῶτον
1473 949 1572 1004 και
1603 948 1674 1003 ἐν
1694 948 1741 982 ⁸³
1779 948 1958 1017 Ἰερο-

370 1034 703 1104 σολύμοις,
761 1038 849 1104 είς
893 1038 1103 1095 πᾶσάν
1141 1059 1205 1096 τε
1240 1040 1359 1109 τὴν
1410 1043 1612 1111 χώραν
1660 1040 1771 1109 τῆς
1807 1040 1959 1095 Ἰου-

369 1126 565 1194 δαίας,
613 1129 861 1199 καὶτοῖς
907 1133 1150 1189 ἔθνεσιν
1191 1135 1589 1207 ἀπήγγελλον
1628 1132 1953 1205 μετανοεῖν

369 1218 471 1272 καὶ
500 1218 883 1291 ἐπιστρέφειν
907 1222 1003 1279 ἐπὶ
1034 1226 1143 1280 τὸν
1167 1228 1338 1294 Θεὸν,
1363 1227 1500 1293 ἄξια
1516 1226 1624 1297 τῆς
1636 1226 1960 1298 μετανοίας

369 1307 519 1378 ἔργα
549 1308 963 1381 πράσσοντας.

450 1491 572 1544 Οὐκ
609 1491 908 1562 ἐγενόμην
941 1495 1219 1563 άπειθής.
1239 1495 1463 1561 Τούτοις
1486 1495 1767 1568 ἐπείσθην,
1794 1494 1957 1565 φησί’

367 1579 542 1651 ταύτῃ
573 1584 639 1651 τῇ
686 1582 928 1655 ὀπτασίᾳ
960 1602 1028 1655 με
1071 1588 1412 1658 ἐπηγάγετο,
1446 1590 1539 1642 καὶ
1567 1586 1738 1651 οὕτως
1773 1587 1960 1641 ἔπεισε

373 1670 452 1741 μὴ
478 1670 875 1726 ἀναϐάλλεσθαι
904 1674 1179 1731 Ὀπτασία
1198 1678 1256 1731 δέ
1285 1679 1434 1732 ἐστιν
1458 1680 1490 1749 ἡ
1516 1677 1734 1750 καθαρά
1757 1677 1961 1749 θεωρία

370 1762 405 1829 ἡ
443 1762 847 1831 ὑπερϐαίνουσα
875 1766 1196 1838 ἄνθρωπονο
1238 1772 1376 1839 ὅπερ
1390 1787 1472 1835 τις
1504 1772 1561 1824 ὲν
1591 1771 1757 1841 σαρκὶ
1789 1770 1866 1823 ὢν
1903 1769 1948 1803 ⁸⁸

2054 600 2181 640 nem
2208 586 2461 657 accipere
2491 596 2746 658 possunt,
2770 584 2905 642 Illud
2970 586 3180 653 lumen,
3242 585 3444 656 inquit,
3491 586 3652 658 longe

2058 689 2288 748 superat
2316 680 2505 737 lumen
2541 681 2750 738 solare.

2134 768 2293 828 Vens.
2327 771 2416 827 19.
2457 772 2621 838 Unde,
2648 787 2741 827 rex
2761 773 3025 844 Agrippa,
3060 787 3163 827 non
3206 771 3285 842 fui
3337 770 3531 826 caelesti
3572 770 3654 826 vi-

2057 860 2194 914 sioni
2217 861 2520 918 inobediens
2546 874 2597 931 ο,

2130 950 2295 1008 Vens.
2343 954 2436 1009 20.
2478 953 2584 1011 Sed
2634 956 2867 1026 primum
2923 957 2990 1011 iis
3035 956 3126 1026 qui
3156 954 3411 1010 Damasci
3445 963 3493 1009 et
3528 953 3655 1009 Hie-

2060 1043 2338 1115 rosolymis
2356 1044 2694 1109 habitabant,
2721 1056 2769 1102 et
2793 1063 3002 1102 omnem
3047 1063 3239 1118 agrum
3264 1045 3466 1100 Judwa:
3503 1046 3651 1099 inco—

2062 1130 2312 1199 lcntibus,
2340 1142 2499 1204 alque
2520 1136 2681 1189 etiam
2698 1135 3002 1189 nationibus
3026 1134 3257 1188 externis
3270 1132 3653 1187 denuntiabant

2061 1231 2118 1277 ut
2145 1223 2510 1293 resipiscerent
2534 1233 2583 1279 et
2612 1226 2681 1279 ad
2719 1210 3001 1280 sanitatem
3019 1226 3286 1291 redirent,
3310 1233 3359 1278 rt
3379 1224 3450 1278 ad
3480 1223 3653 1278 Deum

2061 1331 2115 1370 se
2131 1325 2515 1382 converterent,
2549 1333 2612 1371 ac
2638 1319 2870 1389 facerent
2908 1333 3068 1387 opera
3092 1333 3209 1388 quia
3270 1317 3434 1387 digna
3484 1324 3652 1372 essent

2062 1407 2149 1469 iis.
2183 1408 2274 1477 qui
2300 1409 2637 1478 resipuissent
2658 1417 2704 1463 et
2727 1409 2796 1464 ad
2816 1409 3097 1463 sanitatem
3132 1408 3431 1463 rediissem.

2136 1497 2263 1554 Non
2294 1498 2371 1570 fui
2430 1500 2754 1556 inobediens.
2781 1502 2901 1563 His,
2927 1500 3123 1569 inquit,
3151 1498 3307 1569 parui
3336 1504 3393 1557 et
3435 1497 3653 1552 obtem-

2062 1588 2289 1661 peravi:
2333 1604 2398 1644 ae
2438 1590 2652 1645 visione
2683 1606 2771 1645 me
2799 1590 3049 1655 adduxit,
3083 1599 3249 1659 atque
3280 1588 3353 1644 ita
3383 1586 3656 1659 persuasit

2066 1691 2128 1737 ut
2159 1696 2279 1737 rem
2303 1697 2419 1736 non
2449 1681 2752 1739 diﬂ‘errem.
2788 1682 2945 1738 Visio
2964 1689 3149 1736 autem
3174 1689 3260 1736 est
3294 1695 3427 1750 pura
3456 1694 3657 1749 specu-

2068 1774 2197 1829 latio
2222 1782 2385 1846 atque
2414 1774 2806 1846 contemplatio
2852 1788 3124 1846 superans
3156 1772 3451 1827 humanam
3496 1777 3657 1824 natu-

368 1852 498 1921 6i-,(a
527 1853 619 1906 τοῦ
654 1856 1113 1929 ἀποκαλυφθῆναι.
1145 1861 1312 1916 αὐτοῦ
1337 1862 1464 1927 τοὺς
1496 1862 1828 1934 ὀφθαλμοὺς,
1861 1862 1962 1917 οὐκ

2067 1880 2230 1919 ram:
2280 1880 2425 1935 quae,
2465 1866 2570 1919 nisi
2608 1864 2753 1919 oculi
2800 1862 3109 1933 cuiuspiam
3153 1860 3359 1917 fuerint
3408 1859 3655 1926 revelati,

364 1945 519 1999 ἔστιν
557 1946 685 2000 ἰδεῖν
713 1948 938 2005 δυνατόν
960 1989 977 2005 .

450 2040 664 2094 Ἕνεκα
696 2042 923 2096 τούτων
961 2061 1040 2113 με
1088 2047 1145 2100 ol
1188 2045 1467 2101 Ἰουδαῖοι
1504 2048 1957 2119 συλλαϐόμενοι

366 2132 441 2184 ἐν
468 2130 547 2197 τῷ
584 2132 719 2201 ίερῷ
743 2134 1063 2203 ἐπειρῶντο
1094 2136 1601 2206 διαχειρίσασθαι.

437 2224 821 2293 Ἐπικουρίας
870 2223 987 2283 οὖν
1038 2230 1240 2298 τυχὼν
1279 2230 1389 2300 τῆς
1427 2233 1588 2301 παρὰ
1640 2233 1751 2288 τοῦ
1785 2234 1958 2300 Θεοῦ,

370 2315 512 2385 ὖχρι
546 2316 656 2386 τῆς
680 2319 906 2388 ἡμέρας
933 2322 1160 2390 ταύτης
1190 2322 1424 2390 ἕστηκα
1445 2327 1897 2395 μαρτιψόμενος
1913 2327 1959 2359 ⁸⁸

364 2406 559 2478 μικρῷ
592 2426 656 2463 τε
685 2411 783 2464 καὶ
810 2413 1076 2482 μεγάλῳ,
1117 2414 1300 2469 οὐδὲν
1327 2416 1505 2483 ἐκτὸς
1539 2418 1737 2486 λέγων
1784 2410 1873 2472 ὧν
1897 2435 1962 2471 τε

368 2504 425 2555 οἱ
455 2502 754 2572 προφῆται
799 2505 1122 2575 ἐλάλησαν
1148 2511 1506 2578 μελλόντων
1532 2510 1827 2580 τίνεσθαι,
1862 2511 1962 2566 καὶ

367 2596 640 2663 Μωῦσῆς
659 2614 673 2629 ⁸

450 2691 518 2743 El
544 2690 811 2758 παθητὸς
840 2694 873 2745 ό
919 2694 1200 2763 Χριστὸς,
1230 2697 1281 2749 εὶ
1313 2694 1545 2764 πρῶτος
1585 2696 1655 2762 ἐξ
1695 2696 1962 2752 ἀναστά-

368 2794 527 2848 σεως
558 2782 789 2849 νεκρῶν
824 2783 951 2852 φῶς
984 2784 1200 2854 μέλλει
1247 2788 1684 2859 καταγγέλλειν
1708 2788 1786 2855 τῷ
1834 2787 1965 2854 λαῷ

369 2874 467 2926 καὶ
501 2872 627 2938 τοῖς
646 2874 913 2930 ἔθνεσιν.

450 3055 642 3111 Οὐδὲν
670 3057 847 3123 ἐκτὸς
883 3058 1079 3129 λέγων
1144 3052 1234 3113 ὧν
1268 3077 1331 3114 τε
1377 3064 1430 3116 ol
1474 3062 1796 3133 προφῆται.
1838 3065 1964 3120 Ὀτι

375 3146 475 3218 μὲν
495 3148 544 3199 οἱ
578 3147 855 3231 προφῆται
887 3148 1159 3219 ἐλάλησαν
1195 3151 1324 3220 περὶ
1350 3152 1444 3203 τοῦ
1470 3152 1679 3216 πάθους
1700 3154 1794 3207 τοῦ
1826 3156 1964 3225 Χρι-

374 3237 527 3301 στοῦ,
563 3238 820 3309 περιττὸν
858 3239 924 3292 τά
979 3240 1224 3311 πρόδηλα
1259 3242 1439 3311 λέγειν
1461 3260 1475 3275 ο
1507 3244 1589 3297 ὅτι
1625 3244 1682 3298 δὲ
1731 3246 1962 3318 Μωσῆς,

372 3329 533 3400 δῆλον
582 3332 645 3384 ἐκ
699 3331 791 3385 τοῦ
829 3333 1005 3385 εἰπεῖν
1048 3334 1212 3387 αὐτὸν
1261 3334 1338 3397 ὡς
1370 3336 1455 3398 ,ἐκ
1509 3338 1808 3407 προσώπου
1866 3339 1964 3393 τοῦ

386 3420 595 3474 Ἰούδα·
641 3421 738 3488 Ὠς
804 3423 963 3477 λέων
1011 3424 1343 3480 ἀναπεσὼν
1395 3426 1682 3497 ἐκοιμήθη
1731 3430 1827 3484 καὶ
1884 3430 1965 3499 ὡς

374 3512 651 3582 σκύμνος
677 3516 927 3584 λέοντος
946 3534 960 3549 ο
984 3521 1077 3585 τίς
1103 3519 1293 3588 ἐγερεῖ
1311 3521 1356 3552 ⁸⁷
1378 3522 1606 3586 αὐτόν;
1631 3523 1825 3592 Σαφῶς
1853 3524 1963 3595 γὰρ

374 3605 468 3659 τὸν
502 3606 732 3662 Θάνατον
766 3608 860 3662 τοῦ
886 3610 1125 3682 Χριστοῦ
1172 3612 1267 3666 καὶ
1292 3611 1390 3684 τὴν
1426 3613 1723 3668 ἀνάστασιν
1763 3616 1966 3687 σημαί-

376 3713 495 3750 νειο
550 3698 646 3753 καὶ
682 3701 790 3771 μὴν
824 3702 920 3754 καὶ
970 3702 1031 3754 τὸ
1074 3701 1268 3766 πάθος,
1307 3703 1377 3756 δι’
1428 3698 1503 3758 ὧν
1558 3704 1718 3759 πάλιν
1758 3707 1962 3775 φησίν·

380 3789 650 3856 Ὀψεσθε
685 3789 801 3859 τὴν
850 3789 1004 3859 ζωὴν
1032 3792 1203 3862 ὑμῶν
1239 3795 1533 3849 ἀπέναντι
1573 3796 1691 3850 τῶν
1736 3797 1963 3865 ὀφθαλ·

372 3877 504 3948 μῶν
544 3878 714 3949 ὑμῶν
734 3883 1114 3954 κρεμαμένην
1142 3885 1210 3938 ⁸⁸.
1236 3885 1469 3953 Πρῶτος
1501 3886 1570 3941 δὲ
1601 3887 1671 3951 ἐξ
1697 3888 1965 3942 ἀναστά-

377 3987 534 4038 σεως
556 3972 807 4043 νεκρῶν.
835 4004 905 4014 -
942 3976 1164 4046 Πρῶτος
1181 3976 1289 4047 γάρ
1312 3970 1466 4042 οὗτος
1497 3979 1717 4048 ἀνέστη,
1747 3981 1842 4033 καὶ
1868 3980 1968 4034 οὐκ

378 4062 459 4116 ἔτι
491 4064 851 4137 ἀποθνήσκει.
886 4068 1079 4139 Οἱγὰρ
1104 4069 1440 4132 ἀναστάντες
1465 4070 1532 4124 δι’
1561 4071 1751 4135 αὐτοῦ,
1798 4071 1831 4143 ἢ
1856 4071 1964 4126 τῶν

383 4155 663 4226 μαθητῶν,
710 4159 876 4212 πάλιν
909 4160 1182 4215 ἀπέθανον
1217 4162 1322 4227 ἕως
1360 4163 1458 4234 τῆς
1497 4162 1793 4234 καθολικῆς
1832 4165 1966 4217 άνα-

382 4250 624 4315 στάσεως
651 4250 960 4321 μέλλοντες.

457 4433 649 4489 Ταῦτα
710 4435 779 4489 δὲ
826 4435 1015 4490 αὐτοῦ
1062 4436 1560 4507 ἀπολογουμένου
1592 4482 1606 4505 ,
1654 4441 1686 4493 ὀ
1728 4438 1969 4509 Φῆστος

374 4525 610 4596 μεγάλῃ
652 4526 728 4597 τῇ
788 4526 961 4597 φωνῇ
1003 4544 1156 4598 φησι
1194 4529 1271 4561 ⁸⁹’
1317 4529 1543 4597 Μαίνῃ,
1602 4530 1844 4592 Huius;
1892 4531 1966 4585 τὰ

380 4618 583 4672 πολλά
610 4636 685 4673 σε
725 4618 1036 4689 γράμματα
1078 4622 1166 4686 εις
1196 4621 1425 4690 μανίαν
1456 4621 1761 4690 ἐπιτρέπει
1784 4624 1855 4677 ⁸⁸.

465 4707 530 4764 '0
580 4709 669 4777 δὲ,
704 4713 788 4766 Οὐ
823 4713 1128 4780 μαίνομαι,
1188 4713 1362 4782 φησι,
1418 4712 1700 4780 κράτιστε
1742 4713 1968 4784 Φῆστε,

382 4802 545 4856 ἀλλὰ
591 4804 882 4873 ἀληθείας
924 4804 1022 4858 καὶ
1075 4804 1483 4874 σωφροσύνης
1528 4802 1771 4874 ῥήματα
1822 4806 1973 4863 ἀπο-

383 4896 736 4966 φθέγγομαι.

468 4987 820 5044 Ἐπίσταται
838 4990 950 5060 γὰρ
980 4990 1115 5058 περὶ
1151 4989 1381 5044 τούτων
1406 4992 1439 5044 ὁ
1463 4990 1786 5058 βασιλεὺς,
1819 4991 1970 5061 πρὸς

380 5079 457 5135 ὃν
507 5082 603 5135 καὶ
633 5080 1188 5151 παρρησιαζόμενος
1234 5080 1406 5137 λαλῶ
1425 5097 1440 5112 °
1481 5081 1809 5138 λανθάνειν
1857 5083 1969 5155 γὰρ

382 5174 572 5229 αὐτόν
598 5193 651 5230 τι
677 5176 907 5229 τούτων
931 5178 1004 5231 οὐ
1036 5176 1312 5246 πείθομαι
1342 5175 1545 5232 οὐδέν.

452 5317 501 5352 ⁸⁸
529 5316 668 5374 Gen.
707 5334 855 5385 ms,
896 5316 952 5372 9.
1013 5317 1058 5352 ⁸⁸
1090 5317 1249 5374 Deut.
1275 5334 1471 5386 usui,
1511 5319 1600 5375 66.

2060 1956 2233 2012 videri
2256 1971 2322 2011 ac
2351 1956 2504 2011 cerni
2533 1971 2643 2010 non
2667 1965 2870 2025 pmest.

2123 2047 2291 2103 Vens.
2336 2047 2428 2103 21.
2462 2044 2691 2117 Propter
2718 2047 2830 2100 [nec
2872 2043 3055 2099 Judwi
3122 2042 3555 2114 comprehensum
3602 2041 3657 2096 in

2063 2141 2257 2210 templo
2282 2157 2364 2195 me
2387 2140 2565 2193 conati
2593 2147 2717 2194 sunt
2744 2138 3044 2208 interﬁcere
3068 2152 3088 2190 :

2134 2230 2298 2287 Vens.
2330 2230 2421 2284 22.
2448 2229 2552 2285 Sed
2572 2229 2838 2284 auxilium
2859 2246 2890 2282 a
2909 2228 3017 2282 Deo
3040 2234 3368 2291 consecutus,
3401 2226 3472 2279 ad
3517 2223 3659 2278 hunc

2064 2342 2228 2397 usque
2255 2325 2395 2379 diem
2424 2331 2505 2378 sto
2537 2323 2826 2392 testiﬁcans
2867 2330 2977 2376 tam
3019 2336 3181 2391 parvo
3223 2335 3385 2391 quam
3443 2333 3655 2388 magno,

2065 2420 2199 2475 nihil
2226 2421 2402 2474 dicens
2417 2427 2695 2487 prwterea,
2729 2433 2846 2487 qua:
2883 2425 2994 2470 tum
3016 2411 3507 2487 reliquiprophette,
3543 2422 3657 2465 tum

2065 2514 2268 2584 Moyses
2284 2512 2469 2582 futura
2486 2526 2593 2565 esse
2627 2510 2993 2581 pra’dixerunt
3009 2521 3030 2561 :

2140 2692 2302 2748 Vens.
2333 2692 2427 2747 25.
2470 2690 2550 2744 An
2584 2689 2843 2760 supplicio
2885 2688 3187 2758 afﬁciendus
3208 2686 3366 2756 fuerit
3392 2684 3656 2749 Christus,

2067 2764 2138 2838 an
2165 2784 2368 2853 primus
2390 2797 2453 2836 ea:
2470 2782 2556 2849 iis,
2580 2782 2747 2850 quiex
2765 2780 2990 2834 mortuis
3032 2776 3464 2840 resurrexissent,
3491 2773 3661 2827 lucem

2067 2875 2190 2928 huic
2211 2872 2405 2943 populo
2449 2882 2608 2943 atque
2629 2870 2932 2926 nationibus
2945 2868 3212 2925 extraneis
3236 2868 3659 2921 annuntiaturus

2068 2976 2221 3023 esset.

2140 3059 2291 3114 Nihil
2316 3061 2492 3114 dicens
2518 3065 2873 3129 prwterquam
2897 3072 2981 3121 ea,
3044 3068 3162 3126 quce
3206 3059 3493 3124 praptietw.
3525 3048 3664 3105 Pro-

2069 3154 2265 3226 phetas
2285 3153 2506 3224 quidem
2529 3153 2598 3208 de
2632 3149 2905 3222 supplicio
2933 3148 3141 3204 Christi
3173 3147 3389 3203 locutos
3404 3159 3545 3211 esse,
3565 3159 3662 3199 su-

2071 3262 2414 3318 pervacuum
2432 3254 2517 3301 est.
2540 3245 2725 3300 dicere
2760 3257 2825 3298 ea
2862 3256 2985 3311 qua:
3013 3238 3303 3295 manifesta
3338 3247 3469 3293 sunt
3504 3253 3520 3293 :
3564 3234 3660 3291 sed

2071 3333 2291 3407 Moysen
2330 3334 2380 3389 id
2410 3333 2751 3403 praedixisse,
2785 3339 2937 3401 patet
2966 3346 3031 3385 ex
3053 3345 3139 3395 eo,
3190 3327 3334 3399 quod
3371 3327 3490 3397 ipse
3528 3325 3665 3381 dixit

2070 3426 2227 3498 quasi
2253 3441 2319 3481 ex
2353 3441 2588 3495 persona
2607 3422 2762 3480 Judze
2789 3440 2805 3479 :
2845 3426 3118 3495 Tanquam
3136 3422 3217 3475 leo
3236 3420 3511 3489 resupinus
3537 3419 3664 3472 dor-

2071 3516 2217 3569 mivit
2239 3525 2287 3570 et
2315 3524 2572 3587 tanquam
2598 3513 2804 3569 catulus
2818 3514 2980 3569 leonis
2999 3530 3017 3566 :
3041 3514 3157 3585 quis
3174 3512 3422 3567 excitabit
3440 3528 3559 3565 eum
3572 3510 3618 3541 “
3641 3509 3665 3564 ?

2077 3622 2203 3661 nam
2237 3619 2427 3679 aperte
2464 3615 2698 3662 mortem
2732 3606 2939 3663 Christi
2972 3621 3037 3662 ac
3064 3605 3526 3662 resurrectionem
3587 3603 3667 3659 si-

2073 3697 2319 3767 εηίθοειι,
2374 3706 2539 3768 atque
2566 3698 2731 3752 etiam
2777 3696 3105 3767 supplicium
3154 3711 3251 3766 per
3284 3710 3370 3758 ea,
3400 3711 3520 3765 quae
3542 3710 3666 3749 rur-

2070 3804 2167 3844 sus
2190 3788 2324 3843 dicit
2358 3790 2445 3841 ὐς
2498 3788 2748 3843 Videbitis
2819 3789 2982 3841 vitam
3024 3798 3254 3842 vestram
3303 3795 3425 3841 ante
3488 3784 3665 3839 oculos

2065 3892 2261 3937 vestros
2285 3883 2615 3951 pendentem.
2643 3912 2716 3922 —-
2747 3881 2958 3935 Primus
2990 3882 3109 3935 item
3128 3898 3192 3935 ea:
3213 3881 3278 3936 iis
3323 3883 3411 3950 qui
3429 3895 3494 3935 ex
3520 3894 3665 3934 mor-

2065 3977 2170 4029 tuis
2198 3976 2630 4029 resurrexissent.
2713 3974 2815 4030 llic
2839 3974 2987 4029 enim
3019 3974 3176 4045 177
3218 3974 3431 4044 primus
3478 3986 3666 4027 resur—

2072 4067 2236 4131 rexit,
2269 4076 2451 4121 etnon
2475 4066 2709 4137 amplius
2739 4066 2975 4121 moritur
3003 4081 3168 4120 :nam
3208 4065 3303 4135 qui
3343 4079 3441 4135 per
3485 4065 3665 4133 ipsum

2066 4167 2169 4231 aut
2217 4157 2521 4228 discipulos
2542 4158 2664 4230 ejus
2689 4158 3011 4214 exsuscitali
3051 4166 3203 4223 sunt,
3230 4174 3421 4214 rursus
3462 4155 3665 4212 mortui

2074 4261 2223 4318 sunt,
2255 4253 2721 4309 resurrectionem
2756 4253 3071 4310 differentes
3091 4268 3263 4323 usque
3289 4252 3356 4307 ad
3383 4250 3668 4308 universa-

2070 4345 2181 4400 lem
2220 4347 2705 4402 resurrectionem.

2143 4434 2307 4490 Vens.
2351 4437 2441 4490 Ἡ.
2480 4435 2611 4491 Cum
2650 4446 2829 4491 autem
2862 4438 2939 4491 ita
2975 4452 3192 4517 causam
3219 4452 3317 4505 pro
3342 4452 3398 4490 se
3446 4436 3665 4499 diceret,

2082 4526 2272 4581 Festus
2309 4546 2503 4601 magna
2531 4545 2649 4584 voce
2676 4529 2812 4584 dixit
2836 4545 2855 4584 :
2886 4527 3126 4589 Insanis.
3162 4526 3333 4583 Paule
3352 4528 3378 4581 ?
3408 4525 3591 4581 multa:
3620 4536 3669 4581 te

2084 4625 2276 4681 littera:
2306 4627 2548 4697 redigunt
2574 4626 2645 4679 ad
2670 4627 2955 4680 insaniam.

2149 4715 2315 4772 Vens.
2345 4718 2435 4774 25.
2458 4723 2527 4771 At
2554 4717 2643 4772 ille
2668 4732 2687 4771 :
2713 4717 2834 4773 Non
2861 4718 3090 4780 insanio,
3118 4715 3310 4786 inquit,
3337 4713 3667 4784 praestantis-

2079 4811 2209 4865 sime
2243 4810 2417 4877 Feste,
2442 4812 2533 4867 sed
2561 4828 2682 4866 vera
2709 4827 2774 4867 ac
2803 4828 2934 4866 sana
2961 4810 3117 4866 verba
3142 4807 3376 4878 profero.

2150 4990 2311 5046 Vens.
2344 4991 2434 5046 26.
2472 4990 2581 5046 Scit
2615 4992 2755 5046 enim
2792 4991 2855 5045 de
2881 4991 2961 5045 his
2986 5005 3103 5057 rex,
3132 4989 3203 5044 ad
3234 5005 3389 5060 quem
3416 4988 3577 5043 etiam
3603 4986 3672 5042 li-

2081 5084 2199 5139 bere
2230 5083 2415 5155 loquor
2436 5101 2456 5138 :
2486 5100 2589 5138 non
2611 5085 2749 5138 enim
2781 5085 2933 5138 credo
2959 5084 3251 5156 quidquam
3274 5082 3464 5137 harum
3491 5095 3669 5135 rerum

2074 5174 2230 5245 illum
2266 5176 2533 5247 ignorare.

1635 5414 1836 5477 Varize
1868 5413 2183 5479 lectiones
2226 5424 2291 5479 et
2336 5424 2528 5479 nolee.

448 5563 497 5597 ⁸¹
523 5563 608 5618 ἴσ.
635 5561 791 5631 φησί.
902 5562 949 5595 ³³
971 5563 1031 5617 ὲν
1059 5562 1598 5631 αηεεΊεροσολύμοις
1631 5562 1973 5618 desideratur
2019 5566 2076 5619 in
2118 5563 2370 5631 vulgatis,
2399 5574 2445 5618 et
2513 5563 2675 5631 paulo
2714 5573 2828 5631 post
2885 5561 3265 5631 ἀπαγγέλλων.
3371 5559 3417 5602 *⁵
3447 5557 3535 5615 ῑσ.
3571 5558 3679 5612 τινὶ

902 5562 949 5595 ⁸³
971 5563 1031 5617 ὲν
1059 5562 1466 5633 αηεεΊεροσολύ
1476 5580 1598 5632 μοις
1622 5562 1962 5635 desideratur

2067 5582 2076 5617 ι
2118 5563 2370 5635 vulgatis,
2399 5574 2445 5618 et
2512 5563 2675 5635 paulo
2714 5573 2828 5635 post
2885 5561 3265 5635 ἀπαγγέλλων.

376 5635 443 5690 ὲν
471 5633 673 5707 σαρκί.-
758 5633 806 5665 ⁸⁸
836 5633 1090 5707 hvmum
1138 5631 1286 5688 certe
1324 5650 1423 5707 pro
1450 5631 1696 5707 ξυνάπτον,
1734 5634 1959 5705 legenda

2067 5631 2297 5707 ἰυνατός,
2409 5635 2457 5667 ⁸⁸
2496 5631 2813 5706 Invulgatis
2848 5633 3318 5707 μαρτυρούμενος.
3419 5631 3682 5702 "excipe!

382 5702 554 5762 eratﬁ
628 5702 1095 5776 ⁶⁶κρεμμαμένην
1133 5713 1272 5760 erat.
1325 5702 1334 5706 ⁷
1382 5704 1513 5760 "In
1549 5702 1937 5777 vulgatis'éqm.

2089 5704 2154 5760 In
2204 5705 2432 5779 vulgatis
2480 5702 2827 5779 περιτρέπει.

455 5829 477 5858 ε
509 5816 572 5873 ν.
600 5816 924 5873 incredulus.
