4114 6442
414 368 522 433 827

1351 377 1932 441 THEOPHYLACTI
1969 374 2380 440 BULGARIlE
2414 377 2769 440 ARCIIIEP.

3566 374 3679 439 828

386 526 394 534 .
467 488 699 553 Insanis,
737 487 917 544 Paule.
954 490 1224 556 Quoniam
1246 507 1463 563 semper
1489 495 1555 551 ad
1584 508 1766 566 regem
1793 496 1987 567 loque-

2161 498 2383 567 Μαίνῃ,
2422 497 2647 581 Παῦλε.
2724 494 2945 568 Ἐπειδὴ
3003 495 3092 550 ἀεὶ
3129 495 3267 569 πρὸς
3314 494 3407 550 τὸν
3450 495 3678 568 βασιλέα

393 581 578 646 batur,
629 581 861 650 quadam
904 584 1057 652 quasi
1092 586 1502 654 perturbatione
1537 598 1823 658 correptus
1872 598 1978 656 est,

395 682 453 729 ct
477 674 667 730 videns
704 675 903 747 lingua:
934 678 1242 735 libertatem
1271 690 1433 750 atque
1457 681 1509 735 in
1538 681 1811 751 loquendo
1848 699 1983 739 con-

394 764 701 833 ﬁdentiam,
748 784 863 838 prae
901 769 977 825 ira
1028 780 1193 842 atque
1239 772 1614 844 indignatione
1651 774 1848 831 Festus
1877 776 1983 833 hoc

393 856 565 921 dixit;
599 859 696 913 sed
726 858 928 917 Paulus
955 877 1176 917 causam
1222 864 1403 932 docet,
1435 880 1531 921 cur
1559 866 1628 922 ad
1652 881 1837 939 regem
1862 883 1983 924 sero

394 967 612 1006 monem
640 961 911 1029 averteret
946 971 975 1009 a
993 954 1047 1009 -F
1050 964 1190 1012 esto.

468 1045 608 1099 Nam
643 1046 740 1100 hoc
768 1049 824 1101 in
858 1049 1052 1119 angulo
1089 1059 1264 1104 actum
1290 1067 1394 1106 non
1424 1062 1521 1108 est.

467 1135 630 1194 Vens.
671 1137 762 1194 27.
794 1137 994 1208 Credis,
1031 1158 1124 1197 rex
1147 1141 1410 1215 Agrippa,
1445 1146 1753 1217 prophetis?
1789 1146 1982 1214 credis,

389 1241 518 1280 seio.

465 1315 629 1373 Vens.
651 1317 744 1374 28.
777 1319 1017 1392 Agrippa
1064 1331 1243 1377 autem
1271 1325 1343 1378 ad
1378 1324 1615 1381 Paulum
1655 1329 1792 1382 dixit
1825 1345 1843 1382 :
1874 1327 1986 1383 Pa—

390 1426 510 1463 rum
533 1411 677 1467 abest
716 1413 844 1484 quin
881 1416 1204 1485 persuadeas
1228 1418 1381 1486 mihi,
1413 1429 1473 1473 ut
1502 1419 1838 1477 Christianus
1864 1439 1989 1477 eva-

391 1498 540 1552 dam.

463 1588 629 1647 Vens.
661 1592 751 1649 29.
787 1593 862 1649 Ac
891 1595 1096 1652 Paulus
1120 1616 1139 1654 :
1175 1600 1440 1671 Optarim,
1476 1605 1664 1675 inquit,
1700 1623 1732 1660 a
1761 1607 1893 1673 Deo,
1929 1616 1986 1661 ut

392 1690 443 1735 et
473 1698 667 1750 parum
689 1684 826 1740 absit
854 1704 903 1741 et
929 1705 1090 1761 prope
1121 1695 1264 1748 adsit
1286 1704 1344 1749 ut
1385 1713 1489 1751 non
1517 1699 1669 1751 modo
1701 1707 1778 1762 tu,
1806 1716 1986 1753 verum

394 1771 556 1824 etiam
592 1789 769 1829 omnes
817 1778 909 1848 qui
951 1796 1034 1834 me
1072 1782 1226 1837 hodie
1258 1787 1507 1853 audiunt,
1551 1789 1685 1843 tales
1734 1790 1983 1856 evadant,

396 1862 575 1931 qualis
604 1881 696 1936 ego
729 1884 934 1940 quoque
957 1889 1094 1940 sum,
1131 1879 1358 1947 emceplis
1382 1880 1604 1935 vinculis
1634 1881 1736 1935 his.

464 2040 625 2099 Vens.
660 2047 749 2102 30.
784 2048 854 2103 Et
880 2067 998 2105 cum
1019 2054 1129 2107 lucc
1158 2055 1250 2110 ille
1277 2058 1518 2125 dixisset,
1545 2062 1779 2116 surrexit
1804 2077 1897 2118 rex
1927 2080 1992 2119 ac

389 2146 580 2198 prazses
606 2145 654 2190 et
680 2136 904 2196 Bernice
932 2152 980 2197 et
1007 2161 1189 2201 eorum
1218 2164 1506 2204 assessores
1534 2169 1553 2209 :

464 2315 627 2373 Vens.
665 2321 755 2375 5i.
797 2321 859 2376 Et
905 2342 1024 2380 cum
1069 2330 1419 2396 secessissent,
1469 2331 1817 2403 loquebantur
1852 2338 1989 2392 alius

393 2410 462 2462 ad
496 2410 663 2465 alium
706 2413 788 2468 his
852 2416 960 2485 fere
1003 2421 1170 2474 verbis
1222 2432 1466 2477 utentes:
1495 2424 1649 2479 Nihil
1695 2438 1864 2483 morte
1896 2441 1989 2484 aut

392 2500 613 2556 vinculis
647 2504 864 2574 dignum
895 2511 1175 2565 committit
1211 2513 1307 2567 iste
1339 2515 1508 2570 homo.

465 2592 622 2649 Vens.
651 2598 740 2652 Si.
778 2598 1017 2671 Agrippa
1058 2614 1235 2659 autent
1278 2607 1432 2663 Festo
1468 2611 1636 2665 dixit:
1666 2610 1877 2669 Αὐδοίυὶ
1896 2632 1989 2684 po-

393 2694 530 2741 terat
563 2689 661 2745 iste
679 2691 853 2761 homo,
887 2697 990 2749 nisi
1021 2695 1289 2754 Caesarem
1328 2703 1675 2773 appellasset.

465 2866 574 2922 Scit
600 2872 738 2925 enim
760 2875 824 2928 de
846 2875 925 2930 his
958 2894 1070 2935 rex.
1103 2877 1205 2936 Hie
1229 2881 1298 2937 de
1349 2898 1515 2941 cruce
1542 2885 1791 2956 loquitur
1823 2905 1889 2944 ac
1918 2891 1989 2947 de

394 2963 825 3030 resurrectione,
851 2967 974 3036 quia
1009 2985 1108 3039 per
1133 2980 1307 3027 totum
1343 2976 1531 3031 orbem
1581 2987 1740 3034 terra:
1774 2981 1988 3037 habita-

394 3056 511 3102 tum
540 3051 789 3110 doctrina
844 3070 1176 3127 pervaserat.
1224 3066 1401 3134 Atque
1438 3066 1557 3122 haec
1586 3069 1682 3134 ait,
1709 3079 1768 3124 ut
1799 3082 1987 3127 osten-

396 3137 490 3192 dat
536 3140 828 3213 Agrippam
864 3149 1049 3202 omnia
1086 3151 1249 3217 scire,
1282 3169 1348 3207 ac
1381 3164 1589 3211 tantum
1638 3174 1749 3214 non
1798 3160 1985 3217 dicens

396 3229 563 3285 etiam
605 3234 673 3288 ad
718 3236 883 3292 illos:
919 3238 1212 3298 Debebatis
1267 3247 1487 3315 quidem
1534 3250 1699 3306 etiam
1749 3268 1843 3308 vos
1871 3254 1987 3308 haec

398 3321 567 3378 scire.
609 3324 744 3381 Nam
787 3328 892 3384 hoc
938 3341 1041 3399 est,
1072 3336 1216 3404 quod
1256 3337 1647 3412 subiungitur:
1683 3343 1804 3397 Non
1851 3346 1991 3399 enim

398 3424 576 3469 actum
615 3419 807 3474 esthoc
831 3423 884 3476 in
912 3426 1203 3494 angulo.-,
1237 3427 1486 3499 Optat-im
1512 3450 1544 3487 a
1580 3434 1711 3501 Deo,
1741 3445 1873 3501 etc.,
1901 3454 1993 3492 ca:-

400 3507 563 3572 ceptis
590 3509 809 3564 vinculis
836 3513 935 3569 his.
982 3518 1142 3586 Atqui
1186 3519 1237 3574 id
1284 3519 1586 3592 gloriosum
1613 3534 1768 3579 erat:
1799 3542 1990 3581 verum

401 3593 505 3651 boe
544 3600 698 3668 dixit,
732 3620 927 3677 nempe
962 3611 1204 3680 exceptis
1234 3614 1474 3670 vinculis
1506 3616 1613 3682 his,
1658 3616 1876 3672 illorum
1900 3634 1992 3673 re-

395 3688 638 3758 spiciens
662 3710 881 3752 sensum
904 3707 1069 3771 atque
1091 3704 1426 3773 opinionem.
1451 3704 1590 3772 Quid
1602 3708 1762 3776 dicis,
1778 3725 1811 3764 ο
1834 3710 1995 3768 beate

399 3780 587 3853 Paule,
622 3787 825 3860 Absque
848 3794 1117 3851 vinculis?
1146 3806 1201 3852 et
1229 3814 1485 3869 quaenam
1515 3801 1744 3871 posthac
1784 3804 1880 3858 tibi
1904 3820 1993 3859 re-

398 3875 547 3946 liqua
585 3891 705 3936 erat
741 3884 975 3955 quodvis
1015 3890 1274 3961 loquendi
1333 3892 1552 3959 ﬁducia,
1593 3895 1637 3949 si
1681 3904 1735 3950 te
1797 3896 1991 3951 horum

397 3968 590 4037 pudet,
637 3982 803 4044 atque
858 3977 977 4033 haec
1031 3980 1196 4052 fugis,
1259 3985 1565 4052 praesertim
1619 3999 1803 4041 coram
1846 3996 1995 4043 tanta

396 4063 789 4123 multitudine?
830 4086 1019 4126 annon
1054 4073 1110 4128 in
1158 4076 1418 4132 omnibus
1470 4076 1727 4148 Epistolis
1773 4089 1996 4150 propter

402 4152 521 4210 lucc
548 4158 819 4228 gloriaris,
852 4172 908 4218 et
946 4165 1193 4221 vinctum
1223 4169 1579 4239 temetipsum
1609 4187 1794 4238 vocas,
1823 4181 1879 4228 et
1900 4189 1994 4227 ca-

400 4254 582 4301 tenam
611 4252 772 4306 nobis
805 4255 1012 4323 ubique
1050 4258 1172 4313 loco
1204 4258 1528 4316 diadematis
1568 4262 1732 4332 178
1760 4262 1998 4317 cireum-

402 4336 552 4392 fers?
581 4339 719 4406 Quid
752 4345 919 4416 igitur
950 4364 1100 4405 nunc
1129 4351 1331 4408 accidit
1372 4356 1737 4424 quamobrem
1779 4355 1996 4412 vincula

400 4429 748 4501 depreceris?
776 4437 895 4494 Non
928 4441 1063 4511 ipse,
1105 4443 1305 4516 inquit,
1360 4447 1631 4518 deprecor
1654 4448 1766 4514 illa,
1812 4465 1995 4520 neque

2088 586 2383 655 διελέγετο,
2436 587 2628 658 ὥσπερ
2678 586 2851 641 ἔπαθέ
2895 604 2971 655 τι,
3017 587 3115 641 καὶ
3169 586 3294 641 ίδὼν
3323 587 3423 658 τὴν
3452 589 3675 661 παρῤηε-
3726 631 3731 635 .
3780 640 3783 641 ,

2092 680 2236 748 σίαν,
2276 680 2386 734 ἀπὸ
2434 680 2607 752 ὀργῆς
2651 680 2747 734 καὶ
2787 679 2961 752 Θυμοῦ
3005 678 3164 734 τοῦτο
3192 674 3349 735 εἶπεν
3392 682 3685 750 ὀΦῆστοςι

2104 770 2164 825 '0
2196 771 2252 824 δὲ
2296 770 2507 836 Παῦλος
2536 772 2635 843 τὴν
2664 772 2847 827 αἰτίαν
2884 772 3152 842 διδάσκει,
3190 772 3259 829 δι’
3290 773 3361 845 ἢν
3404 774 3544 845 πρὸς
3582 773 3681 829 τὸν

2092 860 2317 930 βασιλέα
2346 863 2441 918 τὸν
2474 863 2632 935 λόγον
2654 865 3021 938 ἀπέστρεφεν.

2160 1047 2244 1100 Οὐ
2278 1046 2392 1115 γάρ
2436 1046 2611 1102 ἐστιν
2660 1047 2732 1102 ἐν
2776 1048 2957 1118 γωνίᾳ
2979 1047 3404 1118 πεπραγμένον
3440 1047 3640 1105 τοῦτο.

2163 1139 2498 1207 Πιστεύεις,
2515 1140 2783 1206 ,βασιλεῦ
2813 1141 3123 1210 Ἀγρίππα,
3157 1140 3282 1207 τοῖς
3302 1139 3636 1209 προφήταις
3657 1154 3678 1204 ;

2093 1226 2231 1284 οῖδα
2262 1230 2353 1285 ὅτι
2389 1233 2719 1299 πιστεύεις.

2179 1322 2233 1376 '0
2262 1322 2333 1377 δὲ
2388 1324 2722 1394 Ἀγρίππας
2765 1327 2914 1395 πρὸς
2948 1325 3056 1380 τὸν
3091 1324 3339 1381 Παῦλον
3377 1325 3527 1397 ἔφη’
3574 1327 3683 1382 Ἔν

2095 1414 2281 1485 ὀλίγῳ
2304 1432 2383 1484 με
2411 1417 2639 1486 πείθεις
2661 1418 3025 1488 Χριστιανὸν
3043 1417 3349 1490 γενέσθαι.

2178 1595 2241 1650 '0
2265 1596 2334 1650 δὲ
2364 1578 2802 1665 Παῦλοςέῒπεν
2821 1614 2835 1629 ⁸
2864 1598 3176 1666 Εὐξαίμην
3193 1599 3271 1655 ἂν
3296 1598 3377 1666 τῷ
3403 1599 3547 1665 Θεῷ,
3580 1600 3686 1653 καὶ

2093 1686 2166 1741 ἐν
2200 1688 2381 1757 ὀλίγῳ
2418 1689 2516 1743 καὶ
2552 1690 2624 1744 ἐν
2673 1690 2885 1756 πολλῷ
2913 1693 2986 1744 οὐ
3022 1691 3214 1761 μόνον
3241 1690 3337 1755 σὲ,
3385 1691 3548 1746 ἀλλὰ
3582 1687 3689 1744 καὶ-

2095 1778 2329 1847 πάντας
2365 1780 2508 1847 τοὺς
2544 1781 2879 1848 ἀκούοντάς
2915 1800 3034 1852 μου
3081 1783 3350 1853 σήμερον
3401 1783 3686 1854 γενέσθαι

2021 1875 2065 1934 Β
2094 1873 2423 1939 τοιούτους,
2461 1873 2669 1941 ὁποῖος
2714 1874 2875 1945 κάγώ
2917 1877 3054 1945 ειμι,
3094 1875 3393 1944 παρεκτὸς
3424 1872 3545 1928 τῶν
3581 1873 3681 1928 δε-

2092 1962 2267 2033 σμῶν
2296 1967 2542 2021 τούτων.

2168 2054 2278 2108 Καὶ
2305 2055 2495 2110 ταῦτα
2523 2058 2801 2124 εἰπόντος
2820 2057 3029 2122 αὑτοῦ,
3062 2058 3288 2127 ἀνέστη
3325 2061 3359 2113 ὁ
3376 2057 3681 2125 βασιλεὺς

2091 2147 2193 2201 καὶ
2223 2150 2257 2202 ό
2286 2148 2525 2219 ἡγεμὼν
2552 2149 2590 2218 ἢ
2620 2167 2686 2204 τε
2714 2150 2991 2220 Βερνίκη,
3018 2151 3118 2232 καὶ
3151 2155 3206 2207 ol
3228 2150 3685 2223 συγκαθήμενοι

2090 2235 2317 2305 αὐτοῖς,

2164 2330 2269 2385 Καὶ
2305 2332 2836 2402 ἀναχωρήσαντες,
2867 2334 3136 2389 ἐλάλουν
3169 2335 3318 2403 πρὸς
3344 2334 3685 2403 ἀλλήλους,

2090 2421 2398 2492 λέγοντες,
2430 2424 2521 2479 ὅτι
2567 2425 2764 2479 Οὐδὲν
2821 2427 3082 2482 θανάτου
3133 2427 3309 2491 ἄξιον
3344 2427 3383 2497 ἢ
3445 2425 3688 2497 δεσμῶν

2091 2518 2355 2584 πράσσει
2393 2519 2428 2572 δ
2464 2517 2779 2585 ἅνθρωπος
2809 2513 3011 2585 οὗτος.

2173 2607 2498 2676 Ἀγρίππας
2556 2608 2625 2662 δὲ
2660 2609 2741 2675 τῷ
2788 2608 3007 2674 Φήστῳ
3054 2609 3206 2678 ἔφη·
3236 2608 3690 2663 Ἀπολελύσθαι

2089 2697 2349 2753 ἐδύνατο
2387 2702 2421 2754 ό
2455 2698 2771 2769 ἄνθρωπος
2799 2694 3002 2767 οὗτος,
3034 2702 3087 2755 εί
3126 2697 3213 2770 μὴ
3243 2698 3606 2768 ἐπικέκλητο
3639 2698 3686 2733 ⁸⁸

2088 2792 2384 2859 Καίσαρα.

2173 2881 2526 2937 Ἐπίσταται
2562 2883 2673 2954 γὰρ
2716 2883 2851 2955 περὶ
2882 2884 3113 2940 τούτων
3144 2886 3179 2939 ὁ
3199 2884 3526 2951 βασιλεύς.
3565 2882 3684 2937 Ἐνη

2091 2972 2268 3029 ταῢθα
2300 2974 2432 3046 περὶ
2464 2974 2563 3028 τοῦ
2598 2975 2835 3047 σταυροῦ
2868 2993 3004 3047 φησι
3031 2976 3098 3043 ⁸⁸,
3147 2978 3278 3048 περὶ
3316 2976 3417 3047 τῆς
3438 2966 3697 3030 ¹ἀναστιὶ--

2090 3082 2252 3131 σεως,
2276 3066 2358 3119 ὅτι
2384 3066 2661 3136 πανταχοῦ
2688 3067 2787 3135 τῆς
2807 3066 3138 3139 οἰκουμένης
3159 3069 3353 3138 γέγονε
3383 3066 3444 3120 τὸ
3468 3066 3648 3137 δόγμα
3668 3082 3686 3099 ο

2088 3156 2261 3211 ταῦτα
2282 3155 2342 3210 δέ
2366 3174 2521 3228 φησι,
2551 3156 2766 3222 δεικνὺς
2791 3158 2874 3212 ὅτι
2897 3158 3076 3213 πάντα
3099 3154 3240 3212 οἶδεν
3282 3159 3311 3210 ὁ
3344 3158 3688 3231 Ἀγρίππας,

2093 3247 2188 3300 καὶ
2222 3247 2508 3318 μονονουχὶ
2538 3246 2714 3317 λέγων
2735 3250 2833 3302 καὶ
2858 3247 2996 3321 πρὸς
3026 3248 3256 3314 αὐτούς’
3287 3248 3437 3302 Ἔδει
3466 3249 3566 3319 μὲν
3591 3250 3691 3306 καὶ

2093 3343 2241 3411 ὑμᾶς
2258 3340 2431 3396 ταῦτα
2460 3341 2681 3396 εἰδέναι.
2702 3343 2776 3397 Τὸ
2807 3343 2917 3416 γὰρ
2940 3343 3283 3414 ἐπαγόμενον
3311 3343 3472 3398 τοῦτο
3498 3342 3653 3396 ἔστιν
3672 3359 3686 3373 ·

2097 3433 2179 3485 Οὐ
2216 3431 2326 3501 γάρ
2354 3432 2526 3487 ἐστιν
2551 3433 2622 3487 ἐν
2658 3435 2849 3504 γωνίᾳ
2890 3434 3333 3506 πεπραγμένον.
3368 3465 3442 3477 -
3467 3434 3690 3501 Εὐξαί-

2089 3542 2218 3595 μην
2244 3524 2323 3579 ἂν
2363 3524 2444 3591 τῷ
2477 3526 2623 3592 Θεῷ,
2672 3526 2771 3581 καί
2799 3528 2869 3582 ἐν
2916 3527 3102 3599 ὀλίγῳ
3148 3527 3246 3583 καί
3285 3528 3356 3583 ἐν
3388 3527 3598 3593 πολλῷ
3619 3529 3689 3584 ⁸³.

2095 3617 2293 3671 Καίτοι
2353 3617 2506 3684 ἀξιον
2564 3614 2633 3691 ἦν
2676 3618 2834 3691 δόξης
2861 3659 2878 3686 ,
2919 3619 3058 3674 ἀλλὰ
3123 3619 3285 3675 τοῦτο
3344 3615 3466 3675 εῒπε
3494 3660 3509 3687 ,
3550 3621 3693 3691 πρὸς

2096 3709 2195 3778 τὴν
2232 3710 2461 3765 ἐκείνων
2515 3710 2790 3783 ὑπόληψιν
2823 3712 3068 3783 ἀφορῶν,
3114 3715 3209 3768 καὶ
3255 3714 3339 3779 τὸ,
3388 3713 3691 3783 παρεκτὸς

2095 3800 2217 3855 τῶν
2247 3800 2494 3873 δεσμῶν
2520 3804 2771 3859 τούτων.
2803 3802 2871 3859 Τί
2902 3804 3104 3874 λέγεις,
3128 3798 3174 3859 ὦ
3210 3807 3448 3877 μακάριε
3481 3804 3688 3871 Παῦλε,

2096 3895 2246 3951 ἄνευ
2296 3896 2418 3951 τῶν
2459 3895 2733 3967 δεσμῶν;
2760 3896 2855 3952 καὶ
2887 3897 3018 3952 ποία
3056 3914 3141 3953 σοι
3168 3898 3357 3953 λοιπὸν
3382 3898 3695 3971 παρῤησία,

2101 3990 2150 4042 εί
2185 3988 2361 4043 ταῦτα
2392 3989 2627 4062 αἰσχύνῃ
2659 3989 2755 4043 καὶ
2783 3988 3033 4058 φεύγεις,
3069 3989 3360 4044 καὶταῦτα
3390 3989 3483 4044 ἐπὶ
3510 3989 3690 4060 δήμου

2096 4080 2355 4134 τοσούτου
2380 4098 2396 4149 ;
2417 4080 2492 4134 Οὐ
2520 4080 2797 4151 πανταχοῦ
2833 4080 2943 4133 τῶν
2982 4078 3312 4133 Ἐπιστολῶν
3342 4081 3436 4134 ἐπὶ
3478 4078 3694 4143 τούτοις

2100 4174 2400 4245 καυχᾶσαι,
2424 4171 2521 4226 καὶ
2545 4172 2768 4242 δέσμιον
2796 4172 2991 4225 ἑαυτὸν
3021 4171 3228 4237 καλεῖς,
3257 4171 3353 4226 καὶ
3374 4171 3475 4242 τὴν
3498 4170 3691 4226 ἅλυσιν

2099 4265 2233 4335 ἡμῖν
2262 4263 2386 4317 ἀντὶ
2417 4262 2756 4333 διαδήματος
2785 4263 3068 4334 πανταχοῦ
3103 4264 3458 4335 περιφέρεις,
3487 4263 3553 4317 Τί
3577 4262 3694 4316 τοί-

2099 4371 2196 4408 νυν
2227 4354 2420 4423 γέγονε
2467 4352 2584 4420 νῦν,
2629 4354 2711 4408 δτι
2742 4356 2963 4428 ἀπεύχῃ
3005 4353 3077 4415 τὰ
3113 4354 3320 4425 δεσμά;
3378 4355 3494 4409 Οὐκ
3525 4354 3695 4419 αὐτὸς

2099 4443 2441 4514 ἀπεύχομαι,
2479 4444 2667 4514 φησὶν,
2721 4444 2845 4498 οὐδὲ
2902 4446 3255 4519 αἰσχύνομαι,
3292 4446 3410 4500 ἀλλ’
3466 4447 3694 4501 ἐκείνων

401 4539 491 4579 me
526 4527 694 4596 pudet
748 4535 1065 4604 eorum,sed
1100 4540 1458 4596 accommodo
1485 4556 1576 4596 me
1602 4541 1902 4598 demittcns
1924 4543 1990 4597 ad

2100 4538 2168 4606 τῇ
2195 4534 2453 4607 ἀσθενείᾳ
2494 4535 2968 4604 συγκαταϐαίνων.
3004 4535 3172 4591 Οὔπω
3209 4536 3321 4608 γὰρ
3343 4535 3581 4608 χωροῦσι
3605 4536 3695 4590 δέ-

401 4615 619 4671 illorum
652 4619 1084 4680 imbecillitatem
1116 4645 1129 4680 :
1164 4630 1415 4685 nondum
1447 4630 1596 4686 enim
1635 4630 1823 4686 idonei
1866 4640 1990 4687 sunt

2101 4629 2297 4694 ξασθαι
2346 4628 2407 4680 τὸ
2442 4628 2709 4700 καύχημα
2737 4629 2798 4682 τὸ
2838 4629 2990 4700 ἐμόν.
3022 4629 3267 4700 Ἐμαθον
3312 4631 3370 4684 δὲ
3402 4631 3553 4701 παρὰ
3595 4629 3694 4683 τοῦ

398 4707 469 4761 ad
510 4709 878 4778 recipiendam
923 4724 1087 4787 atque
1116 4721 1457 4788 probandam
1496 4736 1676 4777 meam
1712 4722 1999 4793 gloriatio-

399 4815 551 4855 nem.
580 4802 753 4860 Didiei
778 4808 963 4863 autem
998 4826 1029 4865 a
1067 4811 1300 4869 Domino
1319 4829 1444 4870 meo
1469 4830 1583 4871 non
1615 4830 1738 4870 esse
1766 4831 2000 4871 assuen-

403 4891 536 4946 dum
584 4894 1022 4956 additamentum
1071 4902 1242 4972 panni
1285 4904 1439 4960 rudis
1478 4905 1545 4960 ad
1594 4912 1803 4961 vestem
1841 4914 2001 4962 vetu-

401 4992 576 5039 stam:
608 4986 811 5044 idcirco
837 4991 907 5047 ita
934 4993 1069 5048 dixi.

956 5084 1190 5143 CAPUT
1228 5087 1451 5144 XXVII.

476 5171 637 5230 Vens.
678 5176 725 5231 1.
763 5177 830 5234 Ut
867 5190 1043 5234 autem
1076 5181 1340 5236 decretum
1373 5192 1449 5236 est
1498 5194 1554 5238 ut
1587 5201 1681 5240 nos
1715 5187 1992 5257 navigare-

403 5281 520 5322 mus
551 5268 607 5321 in
640 5267 879 5336 Italiam,
919 5274 1254 5329 tradiderunt
1302 5274 1534 5331 Paulum
1574 5286 1624 5331 et
1655 5277 1791 5331 alios
1834 5294 1993 5347 quos-

2099 4722 2377 4775 Δεσπότου
2425 4739 2567 4791 μου,
2635 4722 2711 4794 μὴ
2772 4722 3088 4779 ἐπιὸάλλειν
3146 4723 3430 4794 ἐπίϐλημα
3490 4723 3693 4792 ῥάκους

2097 4815 2346 4885 ἀγνάφου
2392 4816 2488 4869 ἐπὶ
2536 4816 2740 4889 ίματίῳ
2772 4815 3011 4887 παλαιῷ.
3057 4816 3155 4872 Διά
3199 4816 3359 4872 τοῦτο
3395 4814 3569 4879 οὕτως
3612 4812 3693 4869 εἷ-

2098 4922 2222 4961 πον.

2686 5088 2943 5144 ΚΕΦΑΛ.
2985 5091 3112 5148 KZ'.

2190 5182 2286 5250 Ὠς
2315 5180 2385 5236 δὲ
2410 5182 2617 5251 ἐκρίθη
2645 5182 2752 5237 τοῦ
2784 5176 3087 5238 ἀποπλεῖν
3101 5181 3260 5252 ἡμᾶς
3290 5183 3377 5248 είς
3404 5180 3518 5249 τὴν
3547 5178 3696 5235 Ἰτα-

2107 5277 2271 5342 λιάν,
2295 5274 2622 5345 παρεδίδου
2646 5274 2693 5307 ⁸⁸
2719 5273 2828 5329 τόν
2856 5291 2922 5328 τε
2958 5273 3206 5330 Παῦλον
3228 5275 3330 5329 καί
3366 5290 3535 5341 τινας
3561 5273 3692 5328 ἑτέ·

1619 5419 1817 5482 Variae
1840 5420 2151 5483 lectiones
2194 5424 2256 5482 et
2298 5423 2491 5482 notae.

480 5536 526 5625 ’ξ
560 5536 623 5591 In
660 5538 889 5625 vulgatis
929 5540 1287 5625 ἐπεκέκλητο.
1373 5544 1427 5625 ,θ’
1451 5544 1663 5599 Videtur
1711 5544 1990 5625 desideror:

2092 5543 2169 5595 αί.
2193 5613 2204 5625 .
2246 5540 2291 5571 ⁸³
2312 5539 2512 5625 Qpinor
2541 5540 2703 5594 etiam
2729 5540 2809 5625 hic
2837 5538 3136 5625 adiicienda
3166 5554 3278 5625 esse
3303 5538 3399 5625 illa
3422 5549 3690 5625 postrema

408 5607 588 5692 verba,
615 5607 891 5692 παρεκτὸς
909 5611 1018 5664 τῶν
1049 5607 1525 5692 δεσμῶνςεούτων,
1546 5631 1663 5692 qua;
1687 5615 1987 5692 applicaqu

2092 5622 2097 5663 ε
2129 5612 2331 5692 alioqui
2358 5607 2522 5664 'locus
2565 5618 2847 5692 corruptus
2879 5607 3105 5676 videtur,
3154 5618 3205 5664 et
3231 5611 3325 5665 καὶ
3355 5607 3478 5665 ante
3515 5627 3693 5684 παρε-

409 5677 541 5739 κτὸς
594 5679 894 5736 redundare
923 5691 1016 5737 aut
1045 5677 1184 5738 certe
1212 5686 1414 5757 a‘iquid
1444 5677 1595 5743 aliud
1619 5677 1926 5742 desiderari.

2092 5682 2147 5738 ln
2182 5677 2414 5752 vulgatis
2459 5677 2801 5750 παρεδίδουν.

486 5820 513 5861 d
548 5820 607 5877 V.
650 5824 895 5879 dimittit.
