4114 6454
392 395 506 459 829

1038 396 1440 461 EXPOSITIO
1480 400 1563 461 IN
1602 401 1795 462 ACTA
1826 401 2413 465 APOSTOLORUM.
2449 428 2513 439 *-
2550 404 2707 465 CAP.
2736 404 2979 469 XXVII.

3549 409 3657 473 830

386 524 543 577 ρους
598 503 910 573 δεσμώτας
964 507 1380 581 ἐκατοντάρχφ
1424 513 1665 583 ὀνόματι.
1727 514 1973 583 Ἰουλίῳ,

2086 518 2211 572 dam
2255 518 2454 572 vinctos
2496 520 2809 585 centurioni,
2856 533 3061 573 nomme
3084 518 3249 583 Iulio,
3288 520 3511 576 cohortis
3544 524 3661 578 Au-

368 656 376 661 _
393 600 654 667 σπείρης
692 596 1018 666 Σεϐαστῆς.

479 688 823 755 Ἐπιόάντες
842 690 911 744 δὲ
934 693 1126 758 πλοίῳ
1153 693 1550 763 Ἀτραμυτινῷ
1572 695 1618 729 ⁸⁸
1641 694 1976 765 μέλλοντες

393 780 578 835 πλεῖν
606 779 750 847 τοὺς
779 781 930 836 κατά
955 782 1069 849 τὴν
1105 784 1314 838 Ἀσίαν
1336 786 1581 859 τόπους,
1604 784 1972 856 ἀνήχθημεν,

394 873 574 937 ὄντος
601 873 725 926 σὺν
757 872 902 941 ἡμῖν
941 873 1328 945 Ἀριστάρχου
1357 877 1706 943 Μακεδόνος
1740 879 1974 932 Θεσσα-

389 962 713 1029 λονικέως.

472 1054 554 1124 Τῇ
577 1071 639 1108 τε
663 1056 708 1088 ⁸⁸
736 1054 906 1122 ἑτέρᾳ
962 1056 1348 1126 κατήχθημεν
1376 1058 1465 1124 εις
1495 1058 1745 1122 Σιδῶνα,
1763 1062 1978 1129 φιλαν-

394 1143 642 1213 θρώπως
673 1161 739 1199 τε
786 1148 821 1199 ό
870 1146 1126 1212 Ἰούλιος
1177 1145 1257 1211 τῷ
1304 1149 1522 1217 Παύλῳ
1567 1148 1971 1218 χρησάμενος,

392 1235 711 1305 ἐπέτρεψε,
741 1237 891 1304 πρὸς
927 1237 1070 1303 τοὺς
1098 1238 1319 1307 φίλους
1355 1240 1744 1309 πορευθέντα,
1785 1241 1977 1311 ἐπιμε-

391 1329 569 1394 λείας
601 1328 829 1397 τυχεῖν.

472 1426 690 1490 Ὄντος
716 1423 839 1479 σὺν
862 1424 1004 1494 ἡμῖν
1041 1424 1456 1497 Ἀριστάρχου.
1489 1427 1685 1492 Καλῶς
1711 1430 1805 1483 καὶ
1839 1446 1981 1501 χρη-

392 1515 571 1583 σίμως
594 1515 859 1585 πάρεστιν
876 1517 1294 1588 ὁἈρίςταρχος,
1310 1519 1402 1571 καὶ
1424 1517 1587 1589 μέχρι
1605 1537 1708 1573 που
1723 1521 1767 1553 ⁸⁷
1788 1523 1979 1593 συνέρ·

392 1625 550 1677 χεται
592 1607 739 1679 αὐτῷ
760 1651 774 1673 ,
792 1610 1000 1678 μέλλων
1019 1612 1234 1666 ἅπαντα
1252 1612 1620 1681 ἀπαγγέλλειν
1634 1613 1713 1673 εἰς
1729 1612 1977 1666 Μακεδο-

389 1700 516 1754 νεπν
539 1700 606 1753 τὰ
631 1704 760 1772 περὶ
780 1702 967 1757 αὐτοῦ.
1004 1703 1077 1755 Τὸ
1101 1703 1179 1769 δὲ,
1202 1705 1634 1775 Φιλανθρώπως
1659 1707 1692 1760 ὁ
1714 1705 1962 1771 Ἰούλιος

390 1791 778 1862 χρησάμενος
813 1792 895 1860 τῷ
937 1795 1176 1862 Παύλιεν
1219 1796 1365 1860 εἰκὸς
1399 1798 1509 1868 γὰρ
1551 1793 1623 1870 ἦν
1665 1797 1829 1852 αὐτὸν
1867 1797 1975 1852 ἀπὸ

2081 624 2265 682 gustw.

2156 699 2318 758 Vsus.
2339 702 2397 755 2.
2425 701 2720 757 Conscensa
2750 701 2915 772 igitur
2954 718 3085 757 nave
3111 702 3467 774 Atramytina,
3513 707 3662 761 navi.

2082 795 2262 865 gaturi
2300 795 2583 849 secundum
2624 794 2776 848 ’Λεία
2819 793 2958 860 loca,
3000 795 3248 849 solvimus
3296 805 3345 850 et
3388 798 3442 850 in
3489 796 3659 852 altum

2084 889 2318 957 provecti
2345 904 2547 949 sumus,
2582 887 2866 941 comitante
2908 903 3000 941 nos
3043 878 3350 943 AriItarcho
3382 889 3661 945 Macedone

2084 975 2524 1031 Tliessaloniccnsi
2548 991 2567 1029 :

2154 1066 2316 1120 Vsus.
2341 1068 2395 1121 3.
2423 1065 2494 1120 Ae
2512 1066 3037 1136 postridic‘Sidonem
3061 1069 3383 1138 appulimus,
3413 1080 3459 1123 et
3486 1069 3662 1125 Jul-ius

2081 1159 2415 1230 humanitate
2438 1175 2563 1228 erga
2590 1158 2822 1213 Paulum
2839 1176 2985 1226 usus,
3016 1162 3251 1230 permisit
3276 1163 3323 1216 ei
3352 1170 3409 1216 ut
3437 1163 3507 1216 ad
3522 1163 3660 1217 ami-

2083 1266 2171 1304 cos
2195 1251 2315 1316 iret,
2347 1259 2398 1304 et
2433 1250 2499 1304 ab
2528 1250 2635 1306 illis
2669 1263 2966 1307 curaretur.

2154 1430 2450 1487 Comitante
2489 1446 2583 1484 nos
2614 1429 2939 1484 Aristarcho.
2970 1427 3139 1484 Recte
3181 1436 3237 1484 et
3273 1445 3339 1485 ex
3362 1430 3475 1485 'usu
3502 1429 3659 1486 adest

2082 1523 2454 1588 Aristarchus,
2478 1522 2729 1592 etaliquo
2753 1510 2926 1592 usque
2951 1537 3056 1576 una
3072 1523 3454 1592 proﬁciscitur,
3476 1524 3568 1593 qui
3601 1522 3657 1576 in

2083 1614 2455 1670 Macedoniam
2487 1614 2902 1669 renuntiaturus
2942 1623 3059 1668 erat
3092 1630 3308 1670 omnem
3335 1625 3534 1670 statum
3571 1631 3658 1670 re-

2083 1721 2204 1760 rum
2241 1705 2414 1760 illius.
2448 1703 2622 1761 Porro
2658 1706 2805 1777 quod
2832 1706 3029 1761 attinet
3055 1707 3123 1761 ad
3148 1708 3273 1771 hoc,
3302 1708 3446 1777 quod
3477 1708 3611 1762 dicit
3640 1725 3654 1762 :

2082 1799 2257 1855 Julius
2296 1799 2627 1853 humanitate
2660 1815 2786 1854 usus
2814 1815 2940 1870 erga
2968 1799 3221 1860 Paulum.
3251 1801 3491 1871 permisit
3528 1801 3576 1854 ei
3602 1810 3658 1853 ut

394 1881 604 1949 πολλῆς
628 1882 930 1948 κακώσεως
960 1885 1006 1918 ⁵⁸
1055 1881 1196 1939 εἶναι
1242 1887 1349 1940 τῶν
1387 1887 1622 1957 δεσμῶν,
1657 1886 1753 1941 τοῦ
1783 1886 1973 1955 φόϐου,

2081 1893 2278 1946 amicos
2315 1892 2509 1956 adiret,
2548 1898 2679 1956 etc.,
2715 1889 3012 1945 verisimile
3063 1899 3148 1944 est
3198 1889 3343 1944 enim
3398 1890 3551 1943 illum
3590 1904 3659 1945 ex

394 1969 494 2024 τοῦ
524 1972 757 2041 ἄγεσθαι
789 1976 885 2029 καὶ
916 1975 1202 2046 φέρεσθαι.
1240 1976 1384 2048 Ὅρα
1427 1977 1483 2031 δὲ
1514 1978 1632 2043 πῶς
1670 1978 1793 2033 οὐδὲ
1817 1978 1976 2033 τοῦτο

392 2063 633 2132 κρύπτει
656 2065 1019 2136 ὄτιέϐούλετο
1056 2067 1374 2133 ἐπιμελείας
1402 2071 1611 2139 τυχεῖν.

2077 1998 2273 2053 magna
2310 1981 2603 2038 vexatione
2648 1990 2814 2051 atque
2847 1980 3143 2036 alﬂictione
3183 1981 3550 2046 vinculorum,
3587 1981 3660 2036 ti-

2082 2073 2267 2137 moris,
2306 2073 2434 2127 item
2464 2073 2611 2144 quod
2642 2072 2752 2127 huc
2777 2071 2905 2126 illuc
2932 2071 3238 2128 traheretur
3268 2082 3324 2127 et
3350 2083 3653 2144 raperetur,

390 2152 576 2209 minus
600 2160 884 2214 commoda
902 2159 1214 2216 valetudine
1242 2175 1399 2218 usum
1435 2178 1561 2219 esse
1585 2170 1641 2219 et
1685 2162 1964 2219 inﬁrmum
1997 2162 2207 2232 fuisse;
2241 2182 2305 2223 ac
2332 2167 2454 2224 vide
2484 2176 2544 2224 ut
2585 2182 2656 2223 ne
2697 2167 2800 2223 hoc
2828 2165 3049 2237 quidem
3083 2167 3241 2234 celet,
3307 2168 3455 2238 quod
3517 2167 3659 2223 Pau-

389 2244 479 2301 lus
503 2249 679 2304 curari
703 2250 940 2306 volebat.

465 2341 752 2395 Κάκεῖθεν
781 2343 1168 2413 ἀναχθέντες,
1204 2348 1679 2420 ὑπεπλεύσαμεν
1710 2350 1827 2419 τὴν
1857 2351 1972 2407 K6-

390 2447 550 2502 προν
579 2433 676 2489 διὰ
699 2436 764 2489 τὸ
798 2438 940 2504 τοὺς
967 2438 1222 2509 ἀνέμους
1246 2438 1398 2496 εἷναι
1418 2443 1757 2511 ἐναντίους.

470 2528 545 2582 Τό
573 2545 639 2582 τε
666 2530 930 2601 πέλαγος
953 2532 1020 2586 τὸ
1042 2535 1194 2588 κατὰ
1228 2534 1342 2602 τὴν
1368 2538 1646 2591 Κιλικίαν
1679 2537 1780 2592 καὶ
1816 2542 1974 2608 Παμο

390 2619 624 2688 φυλίαν
647 2619 1145 2692 διαπλεύσαντες,
1159 2626 1540 2697 κατήλθομεν
1567 2631 1652 2697 είς
1673 2633 1844 2700 Μύρα
1864 2630 1974 2701 τῆς

393 2710 645 2777 Λυκίας.

466 2801 657 2857 Κάκεῖ
670 2806 863 2873 εὑρὼν
897 2812 929 2862 ὁ
956 2793 1392 2880 ἑκατόνταρχος
1433 2812 1650 2873 πλοῖον
1689 2814 1974 2880 Ἀλεξαν-

390 2891 620 2959 δρηνὸν
640 2896 686 2930 ⁸⁸
720 2897 912 2953 πλέον
937 2903 1025 2968 εἰς
1055 2900 1171 2971 τὴν
1209 2903 1494 2972 Ἰταλίαν,
1533 2906 1977 2979 ἀνεϐιϐἀσαμεν

391 2981 556 3053 ἡμᾶς
582 2984 675 3038 ἐπ’
701 2989 871 3044 αὐτό.

477 3072 578 3127 Ἐν
612 3077 844 3144 ἱκαναῖς
897 3077 967 3132 δὲ
1001 3079 1248 3150 ἡμέραις
1284 3082 1841 3152 βραδυπλοοῦντες,
1873 3086 1974 3142 καὶ

389 3163 572 3234 μόλις
601 3169 908 3238 γενόμενοι
945 3173 1096 3226 κατὰ
1125 3173 1240 3240 τὴν
1276 3175 1519 3241 Κνίδον,
1554 3176 1641 3245 μὴ
1672 3178 1973 3245 προσεῶν·

391 3271 500 3322 τος
522 3257 568 3289 ⁷⁰
588 3256 745 3327 ἡμᾶς
772 3260 878 3315 τοῦ
910 3261 1158 3329 ἀνέμου,
1182 3267 1658 3336 ὑπεπλεύσαμεν
1685 3268 1802 3337 τὴν
1828 3268 1976 3337 Κρή-

392 3362 514 3415 την
538 3350 690 3404 κατὰ
719 3354 1046 3423 Σαλμόνην
1067 3355 1136 3410 ⁷³.

463 3438 655 3505 Μόλις
680 3458 745 3495 τε
786 3446 1262 3515 παραλεγόμενοι
1309 3444 1525 3515 αὐτὴν,
1578 3447 1843 3518 ἤλθομεν
1888 3452 1975 3518 εἷς

389 3530 584 3584 τόπον
609 3533 746 3587 τινὰ
766 3536 1145 3606 καλούμενον
1166 3537 1405 3603 Καλοὺς
1427 3538 1705 3609 Λιμένας,
1730 3534 1778 3609 ᾧ
1796 3541 1975 3612 ἐγγὺς

391 3616 476 3693 ἦν
510 3626 691 3691 πόλις
720 3630 978 3684 Λασαία.

467 3717 767 3784 Πλοῖον⁷²,
795 3722 983 3791 φησὶν,
1007 3723 1508 3794 Ἀλεξανδρηνὸν.
1535 3724 1696 3789 Εἰκὸς
1721 3724 1815 3780 καὶ
1837 3725 1977 3780 ὲκεί-

2144 2353 2308 2410 Vsns.
2345 2354 2398 2408 4.
2431 2352 2598 2425 Atque
2624 2353 2773 2407 illinc
2799 2353 3049 2423 provecti,
3092 2352 3270 2408 subter
3292 2354 3520 2425 Cyprum
3550 2372 3650 2409 na-

2080 2446 2365 2517 Jigavimus
2387 2454 2660 2515 propterea
2686 2446 2825 2516 quod
2849 2446 2988 2500 venti
3015 2457 3179 2500 essent
3204 2447 3448 2513 adversi;

2144 2537 2310 2592 νεεδ.
2347 2536 2398 2591 5.
2430 2537 2497 2591 Et
2519 2537 2834 2591 transmisso
2865 2537 3077 2606 pelago,
3123 2538 3261 2607 quod
3286 2547 3364 2592 est
3391 2539 3532 2592 circa
3565 2536 3654 2595 Ci-

2076 2628 2253 2682 liciam
2299 2636 2347 2682 et
2376 2626 2772 2698 Pamphyliam,
2812 2626 3114 2697 appulimus
3157 2627 3229 2680 ad
3286 2628 3461 2682 urbem
3484 2627 3661 2699 Lycii?

2075 2718 2256 2791 Περ-α.

2146 2809 2312 2863 Vens.
2339 2806 2393 2862 6.
2428 2802 2491 2860 Ει
2516 2805 2626 2860 illic
2654 2815 2836 2862 nactus
2867 2807 3100 2862 centurio
3123 2823 3308 2861 navem
3346 2807 3660 2862 Alexandri-

2077 2916 2222 2967 nam,
2254 2915 2369 2971 quae
2388 2899 2592 2967 petebat
2618 2884 2865 2966 Italiam,
2888 2913 2949 2952 eo
2989 2914 3081 2952 nos
3109 2898 3373 2967 imposuit.

2148 3082 2314 3139 Vens.
2341 3083 2393 3138 7.
2427 3081 2556 3138 Cum
2580 3089 2757 3135 autem
2797 3078 3090 3151 complures
3122 3082 3233 3135 dies
3263 3081 3413 3136 tarde
3440 3083 3657 3154 naviga-

2029 3235 2041 3254 .
2078 3192 2270 3238 remus,
2304 3184 2350 3229 et
2407 3175 2491 3228 vix
2525 3173 2933 3244 peruenissemus
2990 3173 3130 3226 circa
3182 3171 3429 3241 Cnidum,
3481 3174 3661 3243 prohi-

2077 3267 2222 3321 bente
2250 3282 2339 3319 nos
2361 3274 2528 3330 vento,
2553 3262 2915 3333 navigavimus
2939 3262 3120 3318 subter
3144 3262 3353 3319 Cretam
3372 3265 3512 3318 circa
3533 3263 3631 3320 Sal
3647 3295 3659 3306 -

2078 3374 2313 3412 monam.

2146 3450 2312 3505 Vsus.
2347 3448 2399 3504 8.
2428 3449 2624 3518 Vixque
2643 3448 2967 3517 praetervecti
2990 3463 3130 3513 eam,
3153 3447 3389 3502 venimus
3410 3448 3463 3500 in
3486 3447 3658 3502 locum

2075 3550 2376 3613 quemdam,
2411 3543 2499 3613 qui
2548 3550 2768 3596 vocatur
2805 3538 3026 3594 Pulchri
3063 3539 3274 3604 Portus,
3316 3556 3475 3610 prope
3506 3556 3660 3609 quem

2077 3645 2186 3689 erat
2212 3634 2459 3703 oppidum
2490 3633 2701 3686 Lazwa.

2145 3723 2365 3785 Navem,
2397 3723 2594 3792 inquit,
2629 3720 3078 3776 Alexandrinam.
3104 3718 3546 3776 Consentaneum
3576 3732 3660 3777 est
3732 3746 3736 3753 -

392 3823 523 3872 νους
549 3809 879 3879 ἀπαγγεῖλαι
914 3816 995 3877 είς
1030 3815 1129 3885 τὴν
1161 3815 1351 3869 Ἀσίαν
1375 3816 1422 3848 ⁷³
1447 3816 1514 3870 τὰ
1549 3816 1690 3870 κατὰ
1718 3817 1809 3870 τὸν
1833 3816 1973 3871 Παῦ-

2081 3823 2132 3870 et
2168 3815 2287 3868 illos
2338 3814 2394 3867 in
2447 3814 2632 3867 Asiam
2685 3811 3031 3865 renuntiasse
3076 3819 3138 3865 ut
3198 3826 3257 3866 se
3307 3811 3532 3867 haberet
3571 3828 3658 3868 res

392 3901 508 3964 λον,
540 3903 635 3956 καὶ
662 3904 888 3970 τούτους
923 3907 1002 3970 είς
1031 3908 1133 3978 τὴν
1162 3902 1373 3962 Ἀσίαν.
1692 3915 1705 3927 '

2081 3904 2254 3967 Pauli,
2281 3911 2335 3958 et
2361 3904 2460 3957 hos
2491 3903 2547 3956 in
2578 3901 2760 3955 Asiam
2789 3910 2850 3956 ⁸η.

478 3992 722 4050 Ἱκανοῦ
777 3996 846 4050 δὲ
891 3999 1112 4067 χρόνου
1166 3999 1614 4069 διαγενομένου,
1649 4000 1747 4055 καὶ
1798 4001 1973 4066 ὄντος

2150 3998 2309 4052 Vens.
2345 3996 2399 4051 9.
2436 3994 2569 4049 Cum
2600 4003 2777 4048 autem
2805 3993 2937 4047 satis
2969 3992 3191 4047 multum
3226 3993 3472 4063 temporis
3498 3993 3659 4064 179

390 4082 515 4153 ἤδη
572 4086 950 4156 ἐπισφαλοῦς
986 4090 1092 4145 τοῦ
1142 4090 1369 4157 πλοὸς,
1427 4090 1524 4145 διὰ
1572 4095 1636 4145 τὸ
1682 4092 1781 4146 καὶ
1859 4091 1973 4157 τὴν

2081 4089 2438 4158 prteteriisset,
2476 4094 2526 4140 et
2560 4103 2678 4157 1am
2705 4094 2835 4139 esset
2869 4085 3136 4153 navigatio
3170 4087 3486 4155 pericutosa,
3538 4102 3660 4155 pro-

391 4178 699 4246 νηστείαν,
733 4178 850 4249 ἤδη
904 4181 1411 4250 παρεληλυθέναι,
1453 4183 1707 4253 παρῄνει
1749 4185 1784 4239 ό
1820 4179 1973 4238 Παῦ-

2081 4187 2249 4246 pterca
2268 4177 2406 4247 quod
2425 4176 2582 4229 etiam
2602 4174 2871 4245 jejunium
2878 4175 2999 4243 jam
3027 4176 3375 4243 praeterierat,
3405 4178 3658 4230 admone-

390 4270 472 4322 λο

464 4286 472 4315 ι

464 4286 668 4427 Χέγων
691 4359 915 4426 αὐτοῖς’
949 4360 1209 4429 Ἄνδρες,
1237 4361 1432 4430 θεωρῶ
1453 4361 1544 4415 ὅτι
1562 4360 1715 4433 μετὰ
1749 4360 1971 4428 ὕϐρεως

392 4447 635 4517 πολλῆς
682 4450 782 4503 καὶ
830 4449 1036 4520 ζημίας
1061 4453 1133 4507 οὐ
1171 4453 1364 4521 μόνον
1386 4453 1494 4507 τοῦ
1518 4455 1768 4522 φορτίου
1787 4451 1836 4483 ⁷⁸
1871 4451 1971 4506 καί

2073 4270 2159 4324 bat
2186 4285 2270 4322 eos
2295 4267 2493 4321 Paulus

2142 4361 2310 4417 Vens.
2358 4358 2443 4412 10.
2482 4356 2579 4412 llis
2614 4358 2719 4428 fere
2753 4357 2920 4411 verbis
2951 4370 2969 4408 :
3011 4355 3145 4418 Viri,
3177 4356 3321 4409 video
3348 4372 3467 4409 cum
3506 4372 3658 4428 grav,-

2073 4450 2274 4522 injuria
2305 4458 2462 4519 atque
2499 4446 2710 4516 iactura
2741 4463 2844 4500 non
2869 4446 3041 4499 solum
3073 4446 3244 4499 oneris
3279 4453 3327 4497 et
3359 4452 3526 4509 navis,
3566 4462 3655 4498 ee-

391 4536 501 4590 τοῦ
529 4539 768 4606 πλοίου,
800 4540 962 4595 ἀλλὰ
988 4541 1085 4595 καὶ
1114 4542 1233 4595 τῶν
1262 4542 1479 4612 ψυχῶν
1504 4541 1677 4612 ἡμῶν
1697 4541 1969 4611 μέλλει⁷⁵

2081 4559 2190 4598 rum
2216 4544 2377 4596 etiam
2396 4541 2693 4593 animarum
2714 4548 3013 4591 nostrarum
3039 4536 3277 4606 futuram
3302 4553 3409 4590 esse
3436 4539 3658 4607 naviga-

391 4630 642 4686 ἔσεσθαι
666 4632 775 4687 τὸν
803 4633 1020 4688 πλοῦν.

471 4724 589 4789 Τὴν
624 4726 917 4793 νηστείαν
966 4725 1084 4795 ἤδη
1133 4725 1640 4795 παρεληλυθέναι.
1696 4725 1973 4797 Νηστείαν

393 4813 632 4868 ἐνταῦθα.
674 4815 774 4884 τὴν
808 4816 917 4869 τῶν
952 4817 1223 4871 Ἰουδαίων
1282 4818 1466 4886 λέγειν
1513 4816 1777 4889 ἡγοῦμαι.
1816 4817 1973 4870 Μετὰ

394 4906 505 4978 γὰρ
539 4908 638 4978 τὴν
688 4911 1072 4982 Πεντηκοστὴν
1129 4912 1320 4982 ἐξῆλθε
1380 4911 1522 4982 μετὰ
1556 4911 1726 4965 πολὺν
1757 4909 1969 4981 χρόνον,

393 4997 474 5061 ὡς
511 5001 570 5052 ὲν
591 4999 742 5073 αύτῷ
775 5002 962 5072 σχεδὸν
986 5002 1064 5074 τῷ
1100 5005 1330 5075 χειμῶνι
1377 5001 1789 5076 παραγενέσθαι
1812 5004 1891 5065 εἰς
1908 5002 1976 5056 τὰ

400 5089 545 5163 μέρη
589 5094 690 5164 τῆς
748 5095 997 5168 Κρήτης.
1035 5097 1156 5151 Ἵνα
1191 5096 1249 5150 δὲ
1293 5097 1369 5168 μὴ
1412 5095 1542 5170 δόξῃ
1589 5093 1978 5168 προφητεύειν,

2080 4636 2293 4689 tionem.

2151 4725 2427 4786 Ieiunium
2464 4725 2583 4795 jam
2611 4721 2961 4792 praeterierat.
3009 4719 3083 4776 De
3113 4719 3328 4791 jejunio
3351 4719 3660 4776 Judznorum

2082 4833 2207 4873 eum
2238 4816 2330 4870 hic
2362 4816 2509 4886 loqui
2538 4814 2716 4885 puto?
2744 4829 2868 4867 nam
2897 4814 3060 4885 longo
3090 4822 3335 4883 tempore
3371 4821 3494 4884 post
3520 4811 3661 4866 Pon-

2086 4916 2330 4963 tecosten
2374 4905 2654 4977 profectus
2687 4913 2827 4969 erat,
2878 4912 2939 4958 ut
2992 4904 3047 4957 in
3096 4903 3214 4973 ipsa
3268 4902 3662 4975 pr0pemodum

2083 4998 2265 5054 hieme
2321 4996 2636 5068 pervenerit
2684 4995 2737 5048 in
2783 5003 2964 5064 partes
3008 4994 3206 5050 Cretae.
3260 4993 3341 5050 Ne
3389 4994 3665 5051 videretur

2089 5100 2273 5146 autem
2303 5089 2614 5155 vaticinari,
2655 5086 2751 5157 sed
2792 5102 2860 5140 ex
2903 5086 3219 5157 conjectura
3264 5085 3437 5158 loqui,
3484 5084 3663 5148 Video,

1582 5235 1788 5298 Varia)
1831 5233 2138 5297 lectiones
2183 5240 2246 5296 et
2287 5241 2482 5301 notae.

469 5361 515 5445 ’ξ
549 5362 997 5445 ξΑνδρα-μυττινῷ-
1026 5373 1121 5445 _est
1171 5368 1226 5420 in
1273 5363 1550 5445 vulgatis.
1628 5362 1766 5445 “in
1798 5382 1903 5445 uno
1926 5382 1973 5420 υι

2086 5372 2138 5419 to
2200 5372 2276 5418 est
2309 5366 2375 5434 τῇ
2404 5363 2485 5427 δὲ,
2529 5365 2582 5416 in
2610 5360 2807 5445 altera,
2834 5361 3020 5445 pﬁffs,
3067 5371 3127 5445 ut
3155 5364 3266 5445 "hic
3297 5368 3347 5445 et
3377 5364 3432 5445 in
3471 5378 3664 5444 manu-

395 5433 593 5515 scripto
632 5430 900 5515 antiqqu
951 5430 997 5466 δ”
1024 5436 1175 5515 ζσως
1200 5436 1300 5515 τορῦ
1328 5505 1350 5515 _
1367 5430 1670 5515 "_Vid_etur
1682 5436 1763 5489 hic
1792 5435 1931 5515 locus
1954 5430 2260 5515 corruptus,
2279 5430 2522 5515 anteet-te
2547 5430 3107 5515 mutilusndesiderari
3132 5432 3289 5487 dictio
3313 5431 3552 5515 ᾁσςῦεντιί,Δ
3571 5442 3663 5515 aut

396 5501 574 5557 simile
597 5501 772 5573 quidf
795 5506 839 5539 ⁸³
871 5504 937 5560 In
956 5504 1623 5629 υαίῖαιὶεἌλεξανδρινὺν,
1655 5514 1702 5557 et
1716 5508 1879 5575 paulo
1905 5523 1973 5575 po.

399 5574 746 5641 προσεόντος.
804 5575 849 5607 ⁷⁸
884 5575 952 5629 In
976 5592 1039 5631 vu
1066 5579 1202 5641 gatis
1226 5573 1546 5641 Σαλμώνην.
1647 5575 1692 5607 τ’
1728 5577 1816 5629 ῖσ.
1851 5577 1973 5628 πλοῖ

2081 5501 2376 5558 ,νεσίδασεν
2403 5504 2551 5573 ἡμᾶς
2573 5503 2653 5562 εἰς
2678 5501 2829 5555 αὑτό.
2907 5502 2952 5533 '°
2978 5501 3044 5556 In
3073 5503 3431 5572 manuscripto
3478 5510 3553 5557 est
3586 5504 3661 5574 μὴ

2162 5574 2207 5605 ⁷³
2239 5574 2325 5628 τσ.
2358 5575 2438 5635 εἰς
2468 5572 2570 5641 τὴν
2599 5571 2871 5641 Εὐρώπην
2893 5569 3047 5641 ἤτοι,
3072 5573 3437 5628 Μακεδονίαν.
3512 5571 3560 5605 ⁷⁸
3595 5571 3665 5629 In

399 5574 746 5642 προσεόντος.
804 5575 849 5607 ⁷⁸
884 5575 952 5629 In
976 5574 1202 5645 vulgatis
1226 5574 1546 5645 Σαλμώνήν.
1628 5575 1692 5654 ..τ’
1728 5577 1816 5629 ῖσ.
1851 5577 2054 5628 πλοῖον.
2162 5574 2207 5605 ⁷³
2239 5574 2325 5628 τσ.
2358 5575 2438 5635 εἰς
2468 5574 2570 5695 silv
2599 5574 2871 5654 Ερρὠπην
2893 5574 3047 5641 ἤτοι,
3072 5574 3437 5628 Μακεδονίαν.

398 5641 629 5713 vulgatis
658 5646 750 5698 καὶ
779 5644 1003 5717 πολλῆς,
1039 5645 1243 5716 ζημίας
1288 5645 1348 5698 οὐ
1379 5645 1541 5716 μόνον
1560 5662 1653 5697 του
1679 5645 1899 5715 φόρτου.
1975 5646 2022 5685 τ’
2054 5643 2273 5723 μέλλειν
2329 5646 2384 5698 in
2440 5658 2504 5696 vu
2531 5651 2692 5712 gam.

470 5794 515 5830 ω
544 5782 837 5854 Fortassis,
888 5789 940 5844 in
975 5788 1242 5857 Europam
1295 5798 1385 5844 aut
1425 5787 1815 5853 Illacetloniam,
1850 5802 2030 5859 nempe
2073 5783 2445 5841 Ariston/mm
2476 5781 2690 5855 eiusque
2749 5783 2983 5839 comites.
