4114 6472
396 462 506 527 833

1341 444 1924 511 TIIEOPHYLACTI
1955 440 2371 504 BULGABI/E
2408 440 2768 502 ARCHIEP.

3584 437 3694 503 836

479 570 599 627 Sive
652 571 814 624 bonus
871 567 978 622 sive
1043 563 1216 619 malus
1282 561 1372 629 sit,
1421 562 1509 615 ubi
1557 559 1788 628 primum
1847 565 1999 610 natus

2115 556 2197 609 Οὐ
2226 554 2435 622 κακὸν,
2465 552 2609 609 οὐδὲ
2651 552 2769 624 μὲν
2800 551 3050 621 ἐσθλὸν,
3078 550 3243 621 ἐπὴν
3263 553 3338 607 τὰ
3358 550 3564 621 πρῶτα
3584 552 3696 623 τέ-

429 673 582 718 uent.
976 706 977 709 η

429 673 582 718 nent.
976 706 977 709 η

401 656 433 728 f
477 754 596 818 Quo
654 748 926 822 signiﬁcat
975 747 1091 802 ﬂeri
1146 760 1254 799 non
1293 756 1451 812 posse
1496 749 1557 795 ut
1599 740 1723 810 quis
1776 738 2000 810 ell'ugiat

406 843 601 899 mortis
649 840 870 896 latalem
915 835 1324 897 necessitatem,
1365 845 1487 901 quae
1528 828 1691 884 simul
1736 836 1795 883 ut
1832 836 1999 882 natus

408 942 533 1000 cst,
589 932 831 989 hominis
892 938 1123 984 mortem
1183 924 1472 980 constituit
1540 930 1704 992 atque
1763 920 1995 975 delinit:

409 1042 607 1094 nempe
634 1027 677 1079 si
713 1024 825 1078 fato
851 1022 1182 1077 destinatum
1231 1025 1349 1070 erat
1384 1024 1444 1069 ut
1486 1028 1679 1069 omnes
1729 1012 1992 1082 perirent,

410 1118 747 1187 pereundum
778 1122 900 1169 erat
929 1112 1095 1167 etiam
1125 1110 1314 1176 Paulo,
1349 1115 1616 1178 quantum
1663 1104 1862 1175 conjici
1894 1118 1996 1174 po-

414 1216 514 1261 test
543 1223 607 1260 ex
641 1207 807 1260 rebus
847 1202 1236 1258 consentaneis
1265 1218 1329 1255 ac
1360 1197 1769 1263 verisimilibus,
1818 1207 1876 1250 ut
1904 1192 1998 1264 qui

409 1312 603 1367 espers
628 1296 734 1350 cibi
770 1296 1070 1351 duraverat
1112 1294 1168 1347 in
1224 1293 1361 1346 mari
1408 1291 1526 1345 dies
1553 1287 1992 1360 quatuordecim.

408 1387 554 1441 Dixit
584 1387 731 1443 enim
771 1385 903 1441 falsa
949 1385 1145 1449 oratio,
1196 1382 1323 1438 Sive
1353 1382 1520 1435 bonus
1542 1382 1647 1435 sive
1683 1379 1857 1432 malus
1879 1379 1947 1432 sit
1976 1394 1995 1433 :

407 1479 507 1535 sed
552 1478 891 1533 contrarium
939 1476 1078 1532 dixit
1125 1476 1429 1545 Scriptura,
1482 1473 1741 1527 nimirum
1786 1472 1996 1542 justum

409 1579 683 1627 servatum
716 1586 838 1625 esse
862 1586 929 1625 ex
963 1570 1208 1640 periculo
1246 1567 1559 1622 manifesto.
1584 1564 1762 1635 Atque
1784 1564 1997 1619 animas

409 1656 631 1734 quidem
666 1663 809 1718 Deus
844 1662 1013 1719 Paulo
1060 1662 1308 1724 donavit,
1343 1660 1622 1730 navigium
1654 1668 1838 1713 autem
1869 1672 1996 1713 cum

421 1756 793 1810 instrumento
834 1755 1055 1809 nautico
1101 1754 1264 1824 periit
1298 1769 1311 1805 :
1344 1752 1424 1807 sic
1469 1753 1632 1823 igitur
1659 1759 1884 1821 propter
1908 1750 1997 1821 ju-

411 1858 559 1901 stum
618 1846 769 1916 impii
825 1847 1037 1901 vivunt.
1097 1846 1504 1914 Nonnunquam
1558 1854 1742 1897 autem
1790 1843 1994 1912 impius

3401 643 3498 717 [νη
3505 660 3620 699 ται.

2178 742 2245 794 Ὀ
2259 741 2304 774 ³³
2345 740 2605 812 σημαίνει
2630 740 2714 792 ὅτι
2741 736 3006 802 ἀδύνατος
3043 739 3306 809 ἐκφυγεῖν
3328 737 3422 791 τοῦ
3453 737 3692 792 θανάτου

2101 833 2507 903 εἱρμαρμένην,
2565 831 2682 900 ἅμα
2725 832 3079 901 τῇ’γεννήσει
3135 830 3429 902 ὀρίζουσαν
3459 829 3555 882 τοῦ
3599 830 3698 883 ἀν-

2101 924 2320 995 Θρὼπου
2380 924 2472 977 τὸν
2520 923 2751 978 θάνατον
2776 940 2792 955 ·
2838 922 2978 977 ἀλλὰ
3026 925 3123 977 καὶ
3181 923 3412 995 εἵμαρτο
3480 924 3693 984 πάντας

2099 1015 2421 1083 ἀπολέσθαι,
2445 1011 2559 1086 εἷχε
2585 1015 2632 1069 δ’
2668 1016 2734 1070 ἂν
2766 1015 2862 1069 καὶ
2895 1015 2923 1067 6
2946 1016 3160 1080 Παῦλος
3210 1014 3534 1079 ἀπολέσθαι,
3559 1014 3688 1067 ὅσον

2098 1109 2163 1161 ὲκ
2194 1107 2302 1162 τῶν
2345 1109 2596 1175 εἰκότων,
2627 1108 2817 1172 ἄσιτος
2847 1107 3135 1178 διαμείνας
3170 1109 3229 1161 ὲν
3260 1109 3490 1176 πελάγει
3527 1108 3695 1162 δεκα-

2097 1201 2373 1273 τέσσαρας
2394 1201 2631 1273 ἡμέρας.
2657 1197 2794 1255 Eine
2827 1202 2936 1273 γὰρ
2965 1204 2993 1255 6
3013 1202 3219 1274 ψευδὴς
3250 1202 3429 1271 λόγος·
3471 1204 3554 1256 Οὐ
3589 1218 3697 1256 κα-

2098 1293 2231 1358 κὸν,
2274 1293 2418 1348 οὐδὲ
2441 1296 2562 1364 μὲν
2606 1295 2837 1349 ἐσθλόν
2870 1310 2886 1327 ·
2916 1280 2921 1283 Δ
2952 1296 3089 1349 ἀλλὰ
3109 1296 3171 1348 τὸ
3202 1296 3450 1349 ἐναντίον
3476 1291 3632 1349 εἶπεν
3657 1297 3692 1363 ἡ
3730 1302 3753 1323 "

2099 1388 2316 1459 Γραφὴ,
2374 1389 2456 1443 ὅτι
2512 1391 2540 1442 6
2587 1388 2799 1451 δίκαιος
2848 1387 3086 1451 ἐσώζετο
3139 1387 3198 1454 ἐξ
3251 1386 3693 1458 ὁμολογουμένου

2098 1481 2367 1534 κινδύνου.
2425 1482 2538 1544 Τὰς
2593 1480 2694 1550 μὲν
2746 1479 2841 1534 οὖν
2871 1479 3051 1551 ψυχὰς
3079 1480 3377 1551 ἐχαρίσατο
3399 1483 3427 1533 6
3452 1479 3586 1541 Θεὸς
3614 1480 3695 1549 τῷ

2099 1566 2319 1639 Παύλῳ,
2334 1568 2411 1621 ’τὸ
2437 1567 2496 1620 δὲ
2523 1567 2709 1622 πλοῖον
2743 1568 2994 1622 ἀπώλετο
3025 1570 3121 1622 καὶ
3156 1570 3225 1622 τὰ
3248 1571 3346 1624 σὺν
3371 1570 3541 1638 αὐτῷ.
3561 1565 3697 1622 ’Ὧδε

2099 1655 2194 1714 οὖν
2208 1660 2297 1714 διὰ
2328 1660 2420 1712 τὸν
2435 1660 2644 1714 δίκαιον
2660 1660 2829 1726 ζῶσιν
2857 1660 3188 1725 οῐοοάσεὸεῖς.
3213 1661 3374 1715 Ἐστι
3414 1662 3458 1715 δ’
3471 1662 3561 1714 ὅτε
3598 1661 3695 1714 καὶ

2100 1752 2208 1824 πρὸ
2235 1752 2382 1824 ὥρας
2405 1754 2433 1806 6
2463 1754 2669 1825 ἀσεϐὴς
2699 1753 2996 1807 ἀπόλλυται
3020 1754 3107 1807 διὰ
3124 1753 3222 1823 τὴν
3246 1753 3440 1808 ἑαυτοῦ
3465 1755 3690 1820 κακίαν,

2101 1842 2782 1914 καθὼςὸἙκκλησιαστής
2825 1859 2992 1912 φησι·
3031 1843 3462 1921 Μὴὰσεϐήσῃς
3498 1842 3686 1909 πολὺ,

411 1937 575 1992 etiam
625 1915 751 1992 ante
805 1946 1019 2007 tempus
1059 1944 1285 2006 prepter
1323 1949 1475 1989 suam
1515 1934 1777 1988 malitiam
1828 1935 1993 2003 perit,

2102 1930 2255 2001 μηδὲ
2276 1932 2447 2002 γίνου
2468 1931 2760 2000 σκληρὸς,
2785 1933 2886 1987 ἵνα
2900 1934 2988 2003 μὴ
3009 1916 3323 2002 ἀποθάνῃς
3337 1934 3405 1985 ἐν
3420 1935 3492 1987 ού
3508 1931 3693 2002 καιρῷ

412 2029 874 2098 quemadmodum
918 2028 1050 2083 dicit
1097 2026 1497 2082 Ecclesiastes:
1550 2025 1680 2080 Noli
1736 2042 1846 2081 esse
1895 2026 2000 2080 im-

410 2123 550 2191 pius,
578 2138 739 2192 neque
765 2122 837 2175 sis
866 2121 1089 2174 multum
1113 2121 1300 2182 durus,
1334 2135 1397 2172 ne
1421 2119 1668 2172 moriaris
1689 2118 1745 2171 in
1768 2126 2000 2187 tempore

410 2230 517 2269 non
547 2213 715 2268 tuo".
748 2242 815 2255 —
841 2212 987 2268 Tunc
1016 2212 1210 2267 milites
1240 2214 1390 2283 funes
1414 2212 1622 2281 scapha:
1641 2212 1998 2266 absciderunt.

414 2304 580 2360 Paulo
615 2305 873 2375 primum,
911 2304 1021 2360 Deo
1060 2319 1175 2358 rem
1209 2303 1283 2358 ita
1320 2303 1644 2373 disponente
1688 2309 1853 2372 atque
1898 2301 2000 2356 ad-

411 2397 784 2459 ministrante,
850 2396 986 2451 ﬁdes
1044 2410 1155 2450 non
1212 2394 1464 2461 habetur,
1516 2402 1578 2448 ut
1623 2402 1755 2463 post.
1812 2408 1998 2448 rerum

414 2490 856 2559 experimentum
906 2486 1044 2542 lides
1094 2488 1144 2542 ei
1195 2486 1513 2559 haberetur,
1548 2485 1691 2555 quod
1739 2484 1997 2539 nimirum

411 2556 576 2634 etiam
629 2579 846 2633 accidit.
885 2577 1020 2632 Nam
1057 2578 1182 2635 vide
1218 2586 1277 2632 ut
1306 2556 1364 2631 ὀἱ
1414 2576 1665 2631 centurio
1697 2575 1908 2642 credat,
1939 2584 1998 2630 ut

2101 2035 2238 2075 σου.
2272 2050 2341 2059 -
2370 2023 2510 2075 Τότε
2542 2021 2862 2092 ἀπέκοψαν
2890 2026 2944 2078 0i
2971 2025 3322 2092 στρατιῶται
3346 2026 3418 2079 τὰ
3446 2025 3694 2094 σχοινία

2101 2114 2212 2184 τῆς
2234 2115 2500 2184 σκάφης.
2540 2118 2919 2188 Οἰκονομικῶς
2943 2119 3004 2173 τὸ
3054 2120 3271 2192 πρῶτον
3331 2120 3642 2173 ἀπιστεῖται
3662 2120 3692 2172 6

2095 2205 2338 2272 Παῦλος,
2360 2207 2445 2260 ἵνα
2481 2209 2618 2278 μετὰ
2635 2209 2735 2279 τὴν
2753 2212 2950 2281 πεῖραν
2971 2212 3078 2264 τῶν
3106 2213 3450 2281 πραγμάτων
3471 2229 3692 2269 πιστευ.

2104 2294 2194 2367 θῇ,
2229 2297 2366 2370 ὅπερ
2394 2294 2487 2353 οὖν
2512 2301 2754 2369 γέγονεν.
2791 2304 2931 2374 Ὅρα
2960 2303 3090 2372 γοῦν
3110 2304 3225 2368 πῶς
3247 2305 3499 2359 πείθεται
3520 2306 3698 2359 δέκα·

2103 2391 2420 2463 τόνταρχος,
2447 2392 2588 2447 ὥστε
2612 2396 2708 2447 καὶ
2737 2395 2838 2467 τὴν
2878 2396 3096 2467 σκάφην
3134 2398 3354 2466 ἀφεῖναι
3371 2399 3703 2454 ἀπολέσθαιο

2100 2485 2151 2537 οἱ
2202 2484 2261 2537 δὲ
2293 2484 2489 2539 ναῦται
2518 2486 2732 2541 οὐδέπω
2763 2480 3116 2558 ἐπίστευσαν,
3159 2491 3276 2544 ἀλλ’
3312 2491 3539 2563 ὕστερον
3571 2493 3698 2546 πεί-

2101 2574 2304 2631 θονται.
2338 2576 2413 2630 Τὸ
2434 2577 2544 2650 γὰρ
2573 2579 2730 2647 γένος
2752 2579 2912 2634 τοῦτο
2939 2581 3132 2652 ἰταμόν
3163 2584 3331 2639 ἐστιν.

411 2674 575 2729 etiam
615 2676 871 2745 scapham
905 2673 1111 2728 sineret
1130 2671 1308 2741 perire
1340 2688 1354 2724 :
1387 2679 1566 2726 nautae
1596 2685 1729 2726 vero
1796 2668 2041 2725 nondum
2080 2668 2400 2740 credebant,
2449 2672 2545 2728 sed
2597 2681 2786 2744 postea
2858 2674 3229 2760 crediderunt.
3259 2676 3395 2732 Nam
3436 2678 3490 2733 id
3525 2689 3701 2751 genus

413 2766 696 2823 hominum
735 2766 908 2820 ferum
948 2774 1034 2820 est
1067 2775 1121 2820 et
1147 2766 1544 2835 importunum.

484 2861 647 2917 Vens.
675 2860 765 2916 54.
807 2860 1163 2926 Quamobrem
1213 2859 1395 2912 hortor
1430 2874 1516 2912 vos
1558 2865 1617 2911 ut
1662 2855 1867 2927 aliquid
1900 2855 2004 2910 cibi

411 2952 688 3006 sumatis:
737 2950 834 3005 hoc
877 2951 1018 3004 enim
1070 2949 1292 3017 pertinet
1346 2947 1418 3002 ad
1476 2957 1704 3003 vestram
1751 2946 2001 3002 salutem.

414 3044 635 3101 Nullius
662 3047 801 3101 enim
827 3054 1058 3101 vestrum
1088 3045 1314 3113 capillus
1337 3045 1402 3099 de
1427 3045 1601 3109 capite
1624 3044 1797 3099 cadet.

483 3233 650 3289 Vens.
680 3232 771 3292 55.
809 3232 878 3287 Et
923 3249 1042 3286 cum
1084 3232 1194 3287 hwc
1232 3231 1475 3297 dixisset,
1520 3240 1568 3286 et
1606 3247 1795 3300 panem
1828 3232 2002 3303 cepis-

410 3333 508 3391 τοι,
543 3325 749 3396 gratias
782 3325 883 3396 egit
920 3323 1030 3378 Deo
1063 3339 1243 3378 coram
1272 3323 1534 3391 omnibus,
1567 3332 1616 3378 et
1652 3340 1772 3377 cum
1812 3339 2004 3392 panem

414 3418 676 3488 fregisset,
710 3416 977 3470 comedere
1008 3417 1181 3486 coepit.

485 3508 650 3563 Vens.
687 3511 777 3564 56.
810 3509 978 3580 Atque
1020 3525 1201 3563 omnes
1252 3509 1431 3563 animo
1463 3508 1687 3564 recreati
1732 3514 1783 3563 et
1808 3507 2004 3562 hilares

415 3600 566 3670 facti,
600 3602 759 3653 etiam
785 3600 887 3669 ipsi
911 3599 1086 3653 cibum
1114 3607 1472 3668 sumpserunt.

488 3688 651 3744 Vens.
692 3690 780 3745 57.
833 3688 1061 3745 Eramus
1091 3700 1270 3744 autem
1309 3692 1365 3744 in
1396 3691 1521 3745 navi
1545 3691 1725 3760 capita
1758 3692 2003 3746 universa
2030 3680 2038 3689 ’

414 3780 638 3834 ducenta
668 3781 1004 3850 septuaginta
1031 3797 1122 3835 sex
1148 3797 1168 3835 :

484 3867 645 3924 Vens.
682 3871 771 3924 58.
827 3872 923 3949 Ac_
950 3871 1138 3924 satiati
1169 3870 1303 3937 cibo,
1349 3871 1657 3927 allevabant
1708 3873 2001 3942 navigium,

414 3958 678 4029 cjicientes
713 3961 1037 4030 frumentum
1070 3961 1125 4014 in
1146 3978 1312 4015 mare.

487 4047 647 4104 Vens.
686 4049 776 4104 59.
809 4048 938 4105 Cum
981 4042 1157 4104 autem
1192 4050 1307 4105 dies
1341 4050 1617 4116 illuxisset,
1665 4059 1864 4105 terram
1900 4067 2004 4107 non

412 4141 806 4211 agnoscebant:
838 4141 929 4194 sed
968 4142 1145 4194 sinum
1169 4143 1456 4211 quemdam
1492 4143 1999 4210 animadvertebant,

413 4232 505 4301 qui
538 4232 686 4285 littus
734 4231 980 4296 habebat,
1026 4232 1082 4285 in
1135 4233 1272 4303 quod
1317 4234 1644 4302 statuebant,
1683 4236 1731 4289 si
1774 4246 2003 4304 possent,

414 4324 688 4378 extrudere
720 4339 923 4377 navem.

487 4413 640 4480 Quod
689 4412 819 4469 dicit
851 4412 1078 4468 Paulum
1131 4415 1455 4482 comedisse,
1490 4416 1544 4472 id
1594 4416 1723 4473 fecit
1764 4432 1834 4472 ne
1866 4416 2006 4474 forte

416 4508 560 4563 fame
587 4508 793 4578 periret
831 4524 846 4562 :
881 4508 1026 4578 quod
1061 4508 1175 4563 Deo
1199 4511 1402 4581 gratias
1433 4511 1563 4582 egit,
1601 4510 1657 4566 id
1706 4510 1836 4566 fecit
1876 4526 2006 4581 pro-

2179 2857 2276 2912 Διὸ
2311 2857 2642 2927 παρακαλῶ
2703 2860 2862 2930 ὑμᾶς
2910 2862 3281 2930 προσλαϐεῖν
3305 2866 3534 2932 rarae”
3565 2884 3703 2937 τρο-

2106 2948 2250 3020 φῆς-⁵
2311 2950 2490 3005 τοῦτο
2523 2949 2633 3019 γὰρ
2689 2952 2844 3019 πρὸς
2892 2951 3004 3021 τῆς
3067 2953 3361 3023 ὑμετέρας
3389 2959 3698 3027 σωτηρίας

2104 3042 2382 3113 ὑπάρχει.
2428 3044 2691 3110 Οὐδενὸς
2726 3043 2840 3114 γὰρ
2898 3044 3069 3116 ὑμῶν
3096 3044 3230 3113 θρὶξ
3263 3046 3333 3101 ἐκ
3367 3047 3479 3118 τῆς
3511 3067 3699 3120 uaga.

2106 3134 2226 3205 λῆς
2269 3135 2561 3190 πεσεῖται.

2172 3226 2377 3282 Εἰπὼν
2403 3227 2473 3282 δὲ
2526 3229 2735 3297 ταῦτα,
2793 3231 2891 3286 καὶ
2945 3233 3151 3289 λαϐὼν
3204 3235 3410 3304 ἄρτον,
3456 3238 3699 3307 εὐχαρι-

2106 3334 2303 3387 στησε
2334 3320 2416 3387 τῷ
2467 3316 2589 3389 Θεῷ
2635 3322 2894 3378 ἐνώπιον
2960 3323 3226 3391 πάντων,
3281 3328 3385 3382 καὶ
3426 3329 3694 3398 κλάσας,

2106 3406 2333 3476 ἤρξατο
2353 3408 2603 3464 ἐσθίειν.

2174 3500 2436 3569 Εὔθυμοι
2459 3500 2529 3554 δὲ
2557 3501 2867 3571 γενόμενοι
2892 3502 3139 3572 πάντες,
3176 3506 3277 3562 καὶ
3303 3508 3476 3563 αὐτοὶ
3504 3524 3700 3579 προσ-

2105 3591 2398 3649 ελάϐοντο
2423 3592 2671 3663 τροφῆς.

2180 3679 2379 3754 Ἦμεν
2407 3684 2477 3737 δὲ
2496 3684 2688 3741 πᾶσαι
2715 3691 2776 3742 at
2799 3688 2996 3759 ψυχαὶ
3022 3689 3094 3744 ἐν
3136 3688 3215 3754 τῷ
3257 3692 3468 3759 πλοίῳ,
3496 3692 3702 3750 διακό-

2106 3792 2236 3831 σιαι
2256 3776 2670 3848 ἐϐδομήκοντα
2692 3780 2762 3846 ἐξ
2779 3782 2849 3836 ’⁸.

2175 3868 2576 3937 Κορεσθέντες
2602 3870 2671 3924 δὲ
2699 3872 2946 3943 τροφῆς,
3003 3875 3321 3947 ἐκούφιζον
3353 3879 3419 3933 τὸ
3444 3877 3688 3945 πλοῖον,

2105 3959 2534 4028 ἐκϐαλλόμενοι
2563 3962 2672 4016 τὸν
2696 3962 2871 4018 σῖτον
2900 3967 2989 4032 εἱς
3017 3967 3135 4035 τὴν
3164 3969 3512 4027 θάλασσαν.

2181 4052 2320 4105 ’Ὅτε
2349 4051 2415 4105 δὲ
2456 4053 2648 4123 ’ἡμέρα
2701 4056 2963 4122 ἐγένετο,
3010 4059 3129 4128 τὴν
3182 4060 3303 4130 γῆν
3337 4064 3452 4117 οὐκ
3496 4061 3704 4133 ἐπεγί-

2106 4160 2379 4200 νωσκον·
2427 4150 2663 4201 κόλπον
2687 4148 2755 4203 δέ
2791 4166 2926 4204 τινα
2973 4156 3308 4209 κατενόουν
3350 4157 3573 4224 ἔχοντα
3606 4159 3703 4209 al-

2109 4236 2345 4304 τιαλὸν,
2370 4239 2455 4303 εὶς
2491 4236 2564 4291 ὃν
2589 4239 3056 4310 ἐϐουλεύσαντο,
3074 4246 3128 4299 εὶ
3144 4244 3428 4302 δύναιντο
3446 4249 3517 4317 π,
3555 4247 3703 4312 ἐξῶ-

2109 4345 2216 4383 σαι
2244 4329 2311 4383 τό
2336 4329 2577 4385 πλοῖον.

2181 4421 2256 4472 Τὸ
2303 4423 2522 4489 φαγεῖν,
2554 4423 2767 4493 μήποτε
2820 4426 2900 4497 τῷ
2926 4428 3071 4501 λιμῷ
3115 4433 3499 4506 διαφαθρεῖται
3526 4437 3573 4470 ³⁷
3596 4453 3612 4468 ο
3641 4437 3706 4491 τὸ

2112 4512 2514 4584 εὐχαριστῆσαι
2554 4516 2634 4587 τῷ
2662 4518 2804 4589 Θεῷ,
2834 4522 2928 4575 ἐπὶ
2963 4527 3080 4588 τοῖς
3128 4530 3549 4598 γεγενημένοις.
3592 4532 3706 4586 Καὶ

415 4607 540 4671 pler
568 4616 630 4655 ea
682 4616 803 4670 qua:
856 4599 1195 4657 acciderant.
1245 4601 1311 4655 Et
1352 4619 1472 4656 cum
1522 4619 1710 4672 panem
1762 4607 1999 4673 cepisset,

2112 4605 2314 4659 λαϐὼν
2347 4605 2550 4676 ἄρτον,
2588 4613 3007 4684 εὐχαρίστησε
3038 4617 3118 4683 τῷ
3150 4619 3291 4686 Θεῷ.
3331 4621 3391 4675 ’0
3422 4623 3521 4693 τῆς
3542 4623 3707 4694 εὐχα-

416 4693 624 4762 gratias
653 4692 758 4763 egit
783 4692 910 4746 Deo.
948 4691 1140 4748 Modus
1170 4695 1364 4765 agendi
1398 4695 1599 4765 gratias
1626 4696 1711 4749 bis
1738 4695 1853 4750 fere
1882 4711 1999 4749 ver-

2117 4700 2331 4768 ριστίας
2355 4701 2556 4771 τρόπος
2606 4705 2767 4758 τοῦτο
2798 4708 3040 4764 διδάσκει
3064 4711 3265 4780 λέγειν’
3289 4691 3707 4784 Εὐχαριστοήῦ-

417 4783 503 4838 bis
540 4782 693 4838 illum
731 4799 890 4838 usum
949 4799 1072 4839 esse
1132 4785 1332 4840 docet:
1386 4785 1602 4840 Gratias
1651 4787 1859 4857 agimus
1895 4788 1999 4853 tibi,

2107 4789 2226 4860 μέν
2256 4805 2378 4857 σοι,
2420 4794 2453 4845 ό
2481 4793 2646 4859 Θεὸς,
2681 4796 2770 4850 ὅτι
2800 4798 3068 4868 ἠξίωσας
3121 4802 3279 4871 ἡμᾶς
3307 4782 3418 4871 ἕως
3450 4782 3583 4875 ἄρτι
3608 4806 3707 4876 ζὴ-

419 4873 581 4937 Deus,
618 4875 756 4940 quod
794 4876 1007 4929 voluisti
1063 4894 1155 4931 nos
1203 4878 1373 4932 vivere
1416 4895 1579 4948 usque
1604 4880 1798 4943 adhuc,
1850 4879 1999 4949 182

2114 4895 2220 4933 σαι
2239 4880 2490 4947 ἀσίτους
2513 4886 2858 4953 μείναντας.
2894 4890 2995 4943 Διό
3044 4907 3144 4945 σοι
3197 4891 3396 4957 δόξαν
3432 4873 3705 4965 ἀναπέμ-

421 4966 512 5036 qui
544 4966 643 5019 cibi
686 4976 920 5037 expertes
963 4967 1301 5024 duravimus.
1347 4968 1702 5035 Quamobrem
1755 4973 1999 5025 caelestem

2114 4987 2351 5038 ποντες,
2409 4974 2648 5044 κλῶμεν
2680 4978 2788 5033 τὸν
2819 4981 3004 5050 ἄρτον
3033 4982 3133 5035 ἐπὶ
3172 4984 3236 5038 τὸ
3257 4984 3304 5017 ’⁸
3369 4986 3705 5056 μετασχεῖν

424 5067 574 5111 tuam
598 5059 827 5128 gloriam
891 5061 1244 5129 celebrantes,
1293 5063 1588 5133 frangimus
1615 5080 1802 5131 panem
1840 5073 1896 5118 ut
1943 5065 2016 5117 ci-
2114 5063 2365 5134 τροφῆς.

421 5151 543 5204 bum
573 5153 867 5222 capiamus.

492 5241 651 5296 Vsus.
687 5243 776 5297 40.
807 5242 877 5297 Ει
909 5260 1028 5297 cum
1086 5254 1445 5313 amputassent
1477 5246 1737 5299 anchoras
1782 5246 2010 5300 derelin-

420 5335 648 5406 quebant
672 5337 726 5390 in
756 5341 894 5391 mari
919 5338 1155 5393 P:simul
1175 5340 1373 5394 laxatis
1391 5339 1658 5408 juncturis
1681 5339 2010 5411 gubernacu-

454 5512 497 5545 ’⁵⁷
550 5515 732 5570 Eccle.
790 5531 886 5581 vn,
929 5515 1019 5571 18.

2198 5248 2309 5303 Kal
2332 5250 2440 5316 τὰς
2468 5252 2734 5322 ἀγκύρας
2782 5258 3166 5324 περιελόντες
3188 5259 3331 5313 εἴων
3350 5263 3438 5329 εἰς
3456 5261 3574 5331 τὴν
3605 5264 3706 5318 θά-

2121 5346 2393 5409 λασσαν,
2427 5343 2549 5414 ἅμα
2575 5345 2826 5413 ἀνέντες
2853 5346 2961 5415 τὰς
2994 5346 3341 5420 ζευκτηρίας
3363 5352 3481 5408 τῶν
3511 5355 3708 5424 πηδα-

1639 5608 1834 5671 Varias
1865 5607 2176 5671 lectiones
2220 5614 2280 5671 et
2308 5616 2507 5678 notae,

503 5734 548 5768 ⁸³
578 5736 665 5812 ἷσ.
679 5731 766 5812 Λῷ.
823 5807 833 5812 _
867 5739 912 5771 ³⁸
930 5740 1075 5802 τινος
1105 5741 1522 5812 desideraturin
1548 5740 1798 5812 vulgatis.

1907 5745 1953 5776 “
1987 5742 2051 5796 In
2089 5718 2318 5812 vulgatis

2366 5736 2511 5834 ᾖμεν
2539 5746 2597 5799 δὲ
2636 5747 2820 5834 ἰν,τῷ
2839 5748 3024 5834 Απλοέφ
3052 5752 3123 5834 (ἓξ
3146 5753 3342 5834 τξᾶσνιι.
3373 5751 3546 5823 ψυχαὶ
3588 5751 3709 5807 δια-

429 5806 612 5860 κόσιαι
640 5806 1017 5877 ἑϐδομήκοντα
1042 5812 1121 5874 ἓξ.
1200 5813 1246 5845 ⁸⁸
1265 5812 1330 5866 In
1351 5811 1579 5882 vulgatis
1608 5806 1658 5866 εἷ
1698 5812 1947 5867 δυνατόν.
2024 5814 2069 5845 ⁹⁷
2102 5806 2199 5866 ἵσξ
2216 5806 2607 5886 διαφθᾶρηται,
2637 5816 2675 5887 ἣ
2703 5806 3008 5891 διαὶρθαρῇί
3080 5821 3125 5854 ’⁸
3155 5822 3243 5877 ἴσ.
3273 5823 3374 5893 τῷ.

537 5911 566 5953 P
602 5900 667 5957 ν.
698 5913 746 5957 et
786 5919 905 5958 cum
959 5909 1223 5963 anchoras
1273 5910 1633 5974 sustulissent,
1678 5909 2077 5964 committebant
2126 5925 2187 5963 se
2230 5908 2389 5963 mari.
