4114 6470
398 452 504 519 837

1020 453 1427 515 EXPOSITIO
1460 454 1544 517 ΙΝ
1579 453 1773 515 ACTA
1799 453 2388 518 APOSTOLORUM.
2425 481 2496 493 --
2532 456 2693 517 CAP.
2734 457 3014 519 XXVIII.

3568 459 3675 523 838

392 567 560 628 λίων,
583 559 682 616 καὶ
710 559 1045 630 ἐπάραντες
1066 563 1175 616 τὸν
1197 563 1493 634 ἀρτέμωνα
1514 562 1592 633 τῇ
1614 564 1889 635 πνεούσῃ
1910 566 1974 633 ⁸³,

2089 570 2281 635 lorum,
2314 576 2365 623 et
2389 568 2600 623 sublato
2622 578 2931 625 artemoneq
2965 572 3037 626 ad
3064 588 3212 628 aura:
3242 576 3458 643 flatum,
3497 583 3676 632 tende-

392 653 673 723 κατεῖχον
707 656 792 719 εὶς
817 654 926 707 τὸν
956 656 1253 724 αἰγιαλόν.

457 743 900 813 Περιπεσόντες
928 742 997 796 δὲ
1012 746 1099 810 εἰς
1124 744 1317 799 τόπον
1344 744 1790 809 διαθάλασσον,
1823 744 1975 799 ἐπώ-

360 840 602 890 »κειλαν
640 835 756 903 τὴν
815 835 1008 891 ναῦνο
1047 836 1149 891 καὶ
1189 838 1227 907 ἡ
1258 836 1377 908 μὲν
1405 839 1638 906 πρώρα¹
1686 838 1980 908 ἐρείσασα

386 930 623 997 ἔμεινεν
652 926 1022 993 ἀσάλευτος,
1048 930 1087 998 ή
1112 928 1181 982 δὲ
1200 930 1446 1000 πρύμνα
1482 930 1696 986 ἐλύετο
1724 929 1844 987 ὐπὸ
1870 930 1981 1000 τῆς

382 1018 529 1082 βίας
557 1013 678 1068 τῶν
701 1014 1001 1085 κυμάτων.

463 1102 586 1157 Τῶν
611 1103 679 1157 δὲ
708 1103 1090 1172 στρατιωτῶν
1118 1104 1327 1174 ,ϐουλὴ
1375 1106 1638 1175 ἐγένετο,
1684 1108 1786 1162 ἵνα
1832 1109 1979 1176 τοὺς

383 1195 694 1264 δεσμώτας
740 1196 1168 1262 ἀποκτείνωσι,
1214 1195 1302 1266 μή
1364 1214 1455 1264 τις
1509 1198 1979 1269 ἐκκολυμϐήσας

382 1288 647 1359 διαφύγῃ
675 1291 717 1342 '.

479 1382 533 1433 ὐ
564 1382 633 1434 δὲ
665 1382 1110 1451 ἑκατόνταρχος
1134 1383 1522 1454 ,βουλόμενος
1550 1383 1848 1439 διασῶσαι
1870 1385 1977 1439 τὸν

381 1473 667 1537 Παῦλον,
721 1471 1038 1526 ἐκώλυσεν
1092 1474 1311 1540 αὐτοὺς
1372 1474 1480 1529 τοῦ
1538 1473 1972 1544 βουλήματος,

379 1562 674 1619 ἐκέλευσέ
700 1582 759 1618 τε
794 1565 938 1630 τοὺς
978 1565 1368 1637 δυναμένους
1402 1565 1742 1638 κολυμϐᾷν,
1784 1569 1974 1638 ἀπορο

374 1659 682 1726 ῥίψαντας
736 1656 1008 1726 πρώτους
1033 1658 1132 1712 ἐπὶ
1164 1657 1281 1727 τὴν
1303 1658 1420 1728 γῆν
1443 1659 1692 1724 ἐξιέναι.

453 1750 566 1804 Kal
620 1750 759 1816 τοὺς
796 1750 1072 1816 λοιποὺς,
1127 1750 1235 1817 οὓς
1270 1753 1388 1820 μὲν
1430 1752 1531 1806 ἐπὶ
1560 1754 1837 1819 σανίσιν,
1864 1752 1973 1820 οὓς

375 1843 451 1896 δὲ
473 1845 575 1897 ἐπί
604 1861 781 1897 τινων
801 1842 922 1898 τῶν
946 1845 1064 1899 ἀπὸ
1091 1844 1200 1900 τοῦ
1222 1848 1462 1902 πλοίου.
1493 1848 1609 1902 Kal
1636 1849 1826 1916 οὕτως
1846 1848 1974 1920 ἐγέ-

373 1953 520 1993 νετο
540 1934 774 2002 πάντας
794 1935 1166 2005 διασωθῆναι
1207 1938 1307 1992 ἐπὶ
1339 1937 1450 2008 τῆς
1480 1938 1592 2010 γῆς
1611 1942 1653 1995 ⁸.

468 2026 713 2098 Ἡμέρας
757 2029 1089 2099 γενομένης,
1119 2030 1332 2101 ἀνῆκαν
1362 2031 1464 2095 τὰς
1486 2031 1846 2103 ζευκτηρίας,
1872 2032 1969 2087 καὶ

372 2116 571 2171 λύεται
600 2117 663 2171 τὸ
692 2118 877 2173 πλοῖον
904 2121 961 2173 ὲν
985 2119 1201 2191 ἡμέρᾳ,
1259 2121 1345 2174 ἵνα
1378 2121 1455 2194 μὴ
1475 2121 1552 2192 τῷ
1575 2122 1726 2194 φόϐῳ
1781 2123 1967 2177 διαλυ-

372 2213 541 2274 Θώσι,
596 2213 691 2264 καὶ
730 2212 819 2266 ἴνα
869 2212 964 2265 καί
1025 2211 1206 2267 ῐδωτιν
1255 2211 1406 2285 ἔργῳ
1464 2214 1566 2287 τὴν
1599 2215 1965 2287 προφητείαν.

371 2301 727 2372 Σημειωτέον
757 2302 838 2356 ὅτι
874 2301 1018 2357 ἑκών
1046 2320 1129 2366 τις
1148 2303 1365 2373 φονεύει
1388 2304 1532 2372 τινὰ,
1556 2307 1617 2359 οὐ
1648 2306 1748 2377 τῆς
1770 2308 1971 2379 εἱμαρ-

375 2394 556 2466 μένης
593 2393 913 2465 κωλυοῦσης
943 2394 1106 2449 τοῦτο
1128 2396 1404 2465 γενέσθαι.
1451 2398 1585 2452 Ἰδοὺ
1618 2399 1728 2471 γὰρ
1755 2398 1969 2470 βουλευ-

373 2486 570 2549 θέντες
610 2484 840 2558 πρᾶξαι,
881 2481 1048 2558 ἦλθον
1075 2488 1168 2540 ἐπὶ
1188 2489 1247 2541 τὸ
1275 2488 1438 2559 ἔργον
1487 2489 1582 2543 τοῦ
1629 2491 1794 2559 φόνου
1821 2493 1972 2546 αὑτό-

372 2577 596 2632 6ουλοι·
641 2579 736 2631 καὶ
787 2577 1127 2644 ἀκούσαντες
1192 2580 1288 2635 τοῦ
1325 2582 1758 2654 ἑκατοντάρχου,
1804 2585 1970 2639 πάλιν

371 2671 603 2735 ἑκόντες
632 2672 965 2728 ἐπαύσαντο.
1010 2673 1099 2737 Ὠς
1123 2673 1253 2745 ἐξῆν
1293 2676 1494 2741 αὐτοὺς
1533 2675 1610 2748 μὴ
1654 2678 1968 2750 πεισθῆναι,

372 2750 616 2830 πολλοὺς
672 2765 835 2829 ὄντας
886 2767 981 2822 καὶ
1026 2767 1322 2839 ἰσχὺρούς·
1359 2768 1539 2841 ἀλλ’ἢ
1589 2769 1757 2842 βουλὴ
1806 2771 1968 2844 καὶή

368 2859 707 2932 αὐθαίρετος
757 2859 954 2931 γνώμη
1019 2861 1115 2915 καὶ
1168 2859 1400 2933 πράττει
1442 2859 1480 2916 ἃ.
1537 2862 1705 2930 ϐέλει,
1762 2864 1859 2919 καὶ
1905 2866 1969 2919 οὐ

371 2954 619 3025 πράττει
641 2952 677 3008 ἃ.
699 2950 775 3026 μὴ
800 2951 1077 3024 βούλεται.

952 3125 1212 3184 ΚΕΦΑΛ.
1231 3127 1370 3182 ΚΗ’.

2082 665 2208 715 bant
2234 663 2307 716 ad
2343 663 2512 718 littus.

2156 750 2319 807 Vens.
2355 755 2444 808 41.
2481 753 2586 810 Sed
2619 770 2738 809 cum
2767 755 3075 811 incidissent
3104 758 3161 810 in
3189 757 3362 812 locum
3395 759 3675 827 bimarem,

2081 861 2268 899 navem
2311 845 2572 900 illiserunt
2604 863 2624 900 .'
2670 864 2735 900 ac
2770 863 2931 917 prora
2972 850 3186 918 quidem
3236 851 3394 920 afﬁxa
3427 855 3674 907 manebat

2080 936 2387 1002 immobilis,
2406 944 2498 993 sed
2526 939 2714 1009 puppis
2742 942 3009 994 undarum
3041 943 3088 995 vi
3114 942 3433 1000 solvebatur.

2148 1116 2313 1174 Vens.
2352 1118 2448 1173 42.
2490 1117 2721 1172 Militum
2761 1130 2938 1174 autem
2991 1122 3268 1178 consilium
3315 1137 3430 1179 erat
3479 1128 3678 1184 vinctos

2078 1210 2393 1279 interficere,
2425 1226 2490 1264 ne
2517 1212 2654 1281 quis,
2685 1228 2804 1265 cum
2830 1223 3116 1280 enatasset,
3147 1214 3423 1287 e/fugeret.

2150 1391 2310 1446 Vens.
2342 1392 2431 1446 45.
2477 1389 2582 1446 Sed
2635 1393 2874 1447 centurio
2930 1394 3105 1448 volens
3159 1411 3368 1450 servare
3417 1395 3672 1464 Paulum,

2078 1479 2345 1541 prohibuit
2392 1496 2477 1533 eos
2509 1481 2729 1535 consilio
2758 1481 2874 1546 hoc,
2917 1500 2978 1537 ac
3017 1484 3171 1545 iussit
3209 1501 3295 1540 eos
3336 1488 3425 1557 qui
3467 1497 3675 1552 natare

2076 1581 2305 1642 possent,
2335 1572 2566 1642 abjicere
2586 1590 2640 1629 se
2668 1575 2863 1644 primos
2893 1584 2943 1630 et
2972 1578 3190 1632 evadere
3224 1579 3281 1632 in
3307 1588 3528 1647 terram,

2150 1746 2319 1804 Vens.
2341 1748 2434 1804 44.
2465 1749 2543 1802 Ac
2569 1748 2799 1828 reliquos
2827 1751 3024 1822 partim
3056 1752 3114 1805 in
3139 1751 3354 1814 tabulis,
3387 1754 3585 1822 partim
3618 1755 3675 1810 in

2077 1837 2343 1909 aliquibus
2373 1840 2576 1910 navigii
2605 1841 2936 1912 fragmentis.
2966 1841 3036 1896 Et
3062 1842 3142 1896 sic
3171 1842 3385 1909 accidit,
3411 1852 3468 1895 ut
3498 1858 3677 1897 omnes

2002 1915 2049 1970 Β
2073 1932 2209 1986 salvi
2230 1938 2510 1987 evaderent
2532 1933 2587 1987 in
2616 1949 2841 2001 terram,

2139 2022 2278 2078 Cum
2318 2024 2435 2079 dies
2498 2009 2791 2089 illuxisset,
2850 2024 3178 2080 laxaverunt
3235 2026 3548 2098 juncturas,
3615 2038 3675 2085 et

2070 2116 2300 2172 solvitur
2317 2116 2473 2171 navis
2491 2115 2726 2171 interdiu
2737 2156 2752 2181 ,
2765 2131 2833 2170 ne
2847 2125 2994 2172 metu
3007 2115 3438 2175 dissolverentur
3460 2131 3515 2177 et
3530 2121 3674 2176 inte-

2071 2209 2322 2273 rirent,et
2336 2217 2395 2264 ut
2409 2207 2583 2278 reipsa
2602 2224 2818 2279 quoque
2834 2191 3081 2266 viderent
3098 2222 3353 2267 eventum
3376 2214 3676 2284 prophetia:

2072 2308 2236 2370 atque
2260 2300 2689 2356 vaticinationis.
2730 2299 3045 2361 Notandum
3079 2312 3163 2358 est
3207 2303 3445 2374 aliquem
3477 2314 3673 2376 sponte

2073 2408 2170 2448 sua
2200 2394 2431 2450 alterum
2470 2394 2743 2459 occidere,
2774 2395 2885 2451 fato
2913 2394 2966 2451 id
2998 2395 3114 2451 ﬁeri
3158 2413 3270 2453 non
3316 2398 3666 2468 prohibente.

2071 2484 2214 2541 Ecce
2258 2486 2405 2542 enim
2461 2502 2588 2542 cum
2648 2487 2969 2543 statuissent
3028 2488 3249 2555 facere,
3301 2504 3442 2560 opus
3499 2491 3668 2547 credis

2072 2586 2269 2649 suopte
2296 2578 2527 2634 consilio
2550 2580 2789 2650 aggressi
2814 2590 2941 2635 sunt
2966 2596 2981 2646 ;
3013 2591 3069 2635 et
3096 2581 3283 2636 audito
3311 2583 3670 2648 centurione,

2072 2685 2264 2725 rursus
2309 2685 2408 2726 sua
2454 2656 2743 2726 voluntate
2789 2671 2893 2726 hoc
2942 2672 3173 2727 consilio
3222 2675 3671 2743 supersederunt.

2074 2760 2211 2817 Nam
2245 2762 2373 2832 quia
2405 2763 2560 2818 multi
2606 2779 2671 2818 ac
2721 2764 2883 2819 validi
2915 2773 3098 2829 erant,
3131 2774 3390 2834 poterant
3423 2782 3535 2822 non
3574 2784 3675 2839 pa-

2073 2867 2236 2907 rere:
2278 2853 2372 2907 sed
2407 2854 2693 2908 consilium
2726 2860 2782 2907 et
2820 2852 3028 2923 integra
3077 2854 3360 2925 cogitatio,
3407 2854 3673 2912 liberum-

2074 2958 2181 3012 que
2211 2943 2500 2999 arbitrium
2534 2955 2589 3001 et
2618 2946 2730 3018 agit
2775 2943 2900 3016 quze
2930 2946 3067 3011 vult,
3102 2953 3157 3001 et
3206 2961 3329 3017 qua:
3376 2963 3488 3004 non
3528 2949 3667 3019 vuit,
3728 2964 3733 2969 '

2076 3045 2240 3103 agere
2263 3033 2503 3090 desistit.

2604 3126 2837 3184 CAPUT
2866 3125 3106 3183 XXVIII.

453 3219 564 3275 Kal
595 3218 1027 3287 διασωθέντες*
1051 3222 1107 3275 ol
1144 3220 1282 3288 περὶ
1314 3219 1423 3274 τὸν
1451 3220 1702 3275 Παῦλον
1737 3219 1808 3274 ἐκ
1858 3220 1967 3276 τοῦ

2151 3223 2317 3280 Vens.
2359 3223 2411 3279 1.
2444 3220 2511 3275 Et
2557 3238 2677 3275 cum
2713 3220 2849 3275 salvi
2891 3222 3180 3275 evasissent
3222 3238 3289 3276 ea:
3336 3223 3673 3295 navigatione

368 3317 600 3383 πλοὸς,
631 3315 768 3370 τότε
796 3314 1156 3386 ἐπέγνωσαν
1197 3316 1286 3370 ὅτι
1312 3314 1549 3384 Μελίτη
1579 3315 1618 3382 ἡ
1654 3313 1850 3384 νῆσος
1875 3332 1978 3370 κα·

370 3408 596 3466 λεῖται.

458 3498 528 3552 Οἵ
553 3514 618 3552 τε
653 3496 674 3529 ⁵
727 3496 1025 3567 Βάρϐαροι
1055 3494 1345 3566 παρεῖχον
1373 3497 1446 3550 οὐ
1502 3496 1619 3565 τὴν
1667 3497 1980 3566 τυχοῦσαν

372 3590 843 3662 φιλανθρωπίαν
891 3590 1038 3659 ἡμῖν
1063 3606 1078 3621 ο
1149 3588 1507 3658 ἀνάψαντες
1556 3589 1674 3659 γὰρ,
1731 3588 1936 3658 πυρὰν
1958 3628 1976 3654 ,

372 3681 838 3752 προσελάϐοντο
860 3679 1096 3746 πάντας
1128 3677 1288 3750 ἡμᾶς
1337 3679 1438 3735 διὰ
1480 3679 1589 3734 τὸν
1635 3680 1817 3734 ὑετὸν
1862 3679 1971 3734 τὸν

373 3775 722 3847 ἐφεστῶτα,
755 3777 856 3829 καὶ
885 3771 984 3826 διὰ
1012 3772 1078 3826 τὸ
1103 3773 1328 3843 ψύχος.

453 3867 925 3938 Συστρέψαντος
958 3865 1028 3920 δὲ
1052 3864 1160 3921 τοῦ
1185 3865 1434 3919 Παύλου
1463 3863 1789 3934 φρυγάνων
1817 3862 1980 3933 πλῆ-

372 3964 511 4028 θος,
566 3961 664 4015 καὶ
695 3957 1008 4024 ἐπιθέντος
1071 3956 1171 4011 ἐπὶ
1210 3955 1327 4026 τὴν
1391 3955 1614 4022 πυρὰν,
1668 3952 1884 4023 ἔχιδνα
1907 3954 1978 4009 ἐκ

371 4055 499 4124 τῆς
525 4053 751 4125 θερμῆς
806 4050 1207 4118 διεξελθοῦσα
1236 4050 1280 4114 ⁸,
1332 4048 1576 4119 καθῆψε
1600 4046 1714 4117 τῆς
1772 4047 1978 4117 χειρὸς

378 4147 602 4206 αὐτοῦ.

469 4241 565 4307 Ὠς
604 4240 676 4295 δὲ
726 4236 894 4295 εἶδον
919 4241 974 4294 οἱ
1002 4237 1297 4307 Βάρϐαροι
1322 4237 1392 4293 τὸ
1418 4238 1631 4305 θηρίον
1682 4238 1977 4308 κρεμάμε-

377 4335 537 4393 νοντ
566 4334 636 4389 ἐκ
669 4331 779 4402 τῆς
806 4330 1008 4401 χειρὸς
1054 4329 1268 4396 αὐτοῦ,
1287 4327 1465 4398 ’πρὸς
1487 4328 1808 4396 ἀλλήλους
1847 4329 1984 4385 ἐλέ-

379 4446 499 4502 τον
522 4445 537 4460 ο
601 4426 848 4490 Πάντως
876 4423 1102 4494 φονεύς
1156 4420 1332 4476 ἐστιν
1361 4423 1393 4475 ό
1422 4419 1739 4490 ἄνθρωπος
1781 4418 1981 4491 οὗτος,

380 4520 462 4577 ὃν
480 4516 853 4574 διασωθέντα
875 4515 946 4569 ἐκ
971 4512 1082 4583 τῆς
1128 4510 1453 4579 θαλάσσης
1486 4511 1525 4581 ἡ
1550 4510 1691 4583 δίκη
1722 4511 1832 4581 ζῇν
1867 4516 1982 4569 οὐκ

378 4614 619 4670 ειασεν.

471 4707 534 4759 '0
566 4705 686 4776 μὲν
713 4685 1232 4767 οὖν’ᾱποτινάξας
1272 4700 1340 4754 τὸ
1375 4700 1586 4769 θηρίον
1616 4700 1706 4766 εις
1732 4698 1800 4754 τὸ
1830 4699 1975 4770 πῦρ,

381 4798 612 4854 ἔπαθεν
630 4796 815 4852 οὐδὲν
842 4797 1053 4851 κακόν.

461 4890 934 4960 Συστρέψαντος
961 4887 1031 4942 δὲ
1056 4887 1166 4943 τοῦ
1216 4887 1485 4941 Παύλου.
1517 4885 1980 4958 Φρυγανιζομὲνῳ

383 4984 470 5056 τῷ
514 4984 714 5054 Παύλῳ
770 4981 1019 5053 ἐνάψασα
1068 4979 1184 5051 ἔχις
1258 4979 1518 5050 οὐδεμίαν
1568 4978 1977 5051 προσετρίψατο

390 5076 620 5147 βλάϐην,
646 5074 737 5129 διὰ
768 5074 830 5128 τὸ
858 5073 1154 5144 πληρωτὴν
1190 5071 1430 5135 πίστεως
1462 5066 1602 5125 εἶναι
1654 5069 1749 5125 τὸν
1795 5071 1974 5140 ἅγιον.

388 5169 470 5240 Τῇ
506 5168 652 5239 χειρὶ
694 5166 807 5237 γὰρ
835 5165 931 5220 τοῦ
978 5164 1310 5219 ’Δποστόλου
1359 5164 1488 5228 τοὺς
1535 5163 1757 5249 ὀδόνταίς
1799 5166 1828 5217 ὁ
1862 5163 1979 5234 ἔχις

390 5257 670 5329 ἐμϐαλὼν,
701 5257 798 5311 καὶ
829 5256 930 5325 τῆς
969 5255 1250 5325 ἁμαρτίας
1284 5253 1346 5307 τδ
1375 5253 1579 5324 χαῦνον
1629 5254 1728 5325 οὐχ
1774 5252 1974 5324 εὑρὼν,

392 5350 716 5422 ἀπεπήδησε
753 5347 1093 5419 παραυτίκα,
1119 5347 1215 5400 καὶ
1243 5349 1387 5400 κατὰ
1426 5347 1526 5417 τῆς
1571 5347 1752 5418 πυρᾶς
1782 5345 1974 5415 ἥλατο,

2006 4601 2055 4660 D

2076 3319 2167 3388 qui
2191 3318 2396 3371 circum
2433 3314 2670 3369 Paulum
2691 3324 2865 3376 erant,
2897 3324 3020 3368 tunc
3045 3324 3392 3385 cognoverunt
3439 3315 3672 3371 insulam

2074 3409 2311 3465 Melitam
2336 3409 2536 3462 vocari.

2148 3500 2312 3556 Vens.
2337 3501 2393 3555 2.
2427 3497 2658 3553 Barbari
2684 3514 2803 3553 vero
2842 3499 3169 3569 pra'stabant
3196 3501 3345 3555 nobis
3378 3501 3520 3556 haud
3549 3501 3669 3556 vul-

2079 3610 2260 3667 garem
2286 3594 2694 3647 humanitatem.
2731 3590 2876 3645 Nam
2921 3608 3039 3646 cum
3090 3593 3445 3648 accendissent
3474 3603 3672 3648 struem

2082 3682 2371 3757 lignorum,
2396 3685 2693 3739 invitarunt
2711 3693 2759 3738 et
2777 3692 3082 3752 receperunt
3113 3700 3205 3739 nos
3223 3701 3399 3739 omnes
3421 3695 3443 3723 τ
3461 3694 3674 3756 propter

2077 3778 2313 3850 plurium
2342 3778 2696 3830 imminentem
2715 3784 2764 3827 et
2790 3785 3002 3843 propter
3029 3777 3218 3846 frigus.

2155 3867 2315 3923 Vens.
2348 3869 2401 3922 5.
2432 3867 2563 3923 Cum
2586 3876 2765 3920 autent
2790 3865 2995 3920 Paulus
3035 3866 3375 3931 aliquantum
3416 3868 3671 3937 virgulto-

2082 3977 2200 4017 rum
2252 3961 2310 4015 in
2362 3961 2556 4032 fascem
2614 3959 2962 4013 contraxisset
3015 3967 3063 4012 et
3122 3960 3179 4011 in
3247 3959 3421 4030 ignem
3498 3963 3672 4030 impo-

2079 4056 2288 4116 suisset,
2317 4053 2498 4122 vipera
2527 4067 2592 4106 ea:
2617 4050 2794 4106 calore
2820 4066 2929 4105 sese
2954 4051 3275 4120 proripiens,
3307 4067 3527 4107 manum
3552 4052 3671 4122 ejus

2080 4146 2295 4202 invasit.

2154 4242 2317 4297 Vens.
2349 4242 2404 4296 4.
2460 4238 2530 4293 Ut
2568 4255 2688 4294 vero
2739 4237 2969 4293 Barbari
3014 4238 3233 4293 bestiam
3267 4236 3330 4293 de
3366 4252 3530 4290 manu
3556 4235 3673 4306 ejus

2083 4337 2393 4409 pendentem
2444 4332 2705 4395 viderant,
2756 4331 2894 4385 alter
2957 4330 3028 4384 ad
3087 4330 3320 4385 alterum
3387 4330 3673 4387 dicebant:

2087 4430 2316 4485 Prorsus
2354 4427 2619 4483 homicida
2654 4434 2729 4479 est
2779 4425 2862 4478 hic
2898 4425 3069 4488 homo,
3100 4439 3255 4494 quem
3294 4432 3565 4478 servatum
3606 4440 3674 4479 ea:

2088 4522 2249 4587 mari,
2266 4520 2533 4591 justitia'
2581 4519 2750 4572 virere
2795 4532 2896 4571 non
2946 4516 3068 4571 sivit

2152 4696 2320 4752 Vens.
2374 4697 2427 4752 5.
2479 4695 2654 4765 Atque
2700 4694 2859 4764 183
2889 4693 2971 4747 illi
3002 4693 3232 4763 quidem,
3287 4709 3407 4747 cum
3450 4695 3671 4751 bestiam

2086 4788 2393 4842 excussisset
2424 4787 2478 4840 in
2504 4786 2699 4857 ignem,
2726 4783 2857 4837 nihil
2879 4782 3008 4838 mali
3027 4785 3240 4839 accidit.

2158 4882 2294 4938 Cum
2346 4889 2524 4935 autem
2575 4878 2797 4941 Paulus,
2860 4887 2968 4933 etc.
3017 4875 3261 4949 Virgulta
3306 4881 3669 4938 contrectanti

2087 4978 2255 5033 Paulo
2279 4981 2420 5038 .‘eum
2451 4974 2635 5045 vipera
2668 4973 2993 5037 inlusisset,
3026 4972 3177 5027 nullo
3221 4972 3569 5030 incommodo
3601 4974 3670 5028 il-

2080 5072 2192 5129 lum
2237 5071 2436 5133 aﬂecit.
2473 5075 2765 5140 propterea
2816 5065 2961 5137 quod
3013 5077 3234 5122 sanctus
3284 5066 3486 5123 Paulus
3545 5066 3672 5122 ﬁdei

2079 5163 2355 5236 perfector
2384 5169 2522 5217 erat.
2563 5159 2700 5215 Cum
2743 5158 2888 5213 enim
2920 5158 3107 5229 vipera
3145 5159 3329 5214 manui
3350 5159 3502 5214 Pauli
3533 5159 3671 5213 den-
3705 5204 3714 5212 .

2078 5260 2160 5306 tes
2189 5248 2579 5320 impressisset,
2610 5256 2663 5301 et
2693 5246 2899 5315 peccati
2944 5247 3229 5301 mollitiem
3282 5256 3448 5317 atque
3497 5254 3671 5299 tumo.

2079 5359 2195 5399 rem
2228 5358 2337 5399 non
2368 5341 2693 5408 invenisset,
2728 5341 3006 5410 extemplo
3053 5341 3287 5404 resiluit,
3317 5352 3372 5396 et
3400 5341 3455 5396 in
3488 5341 3670 5411 ignem

1554 5460 1758 5524 Varias
1801 5460 2111 5523 lectiones
2156 5467 2218 5522 et
2261 5467 2456 5523 notua.

462 5595 510 5628 ”
543 5590 613 5650 In
646 5590 877 5672 vulgatis
910 5598 1025 5672 post
1073 5591 1153 5672 τῇ.
1175 5588 1537 5672 πνεούσῃχεε
1569 5589 1832 5672 distincti?
1864 5597 1915 5642 et
1942 5607 1974 5672 p

2077 5606 2102 5642 ο
2127 5596 2243 5658 post
2304 5588 2647 5672 διθάλασσον.

2754 5588 2769 5617 ¹
2802 5584 3020 5655 πρῶρα,
3046 5591 3182 5639 erat.
3290 5586 3311 5617 '
3341 5584 3404 5639 In
3438 5583 3669 5653 vulgatis

397 5665 673 5732 διαφύγοι.
740 5656 774 5694 ’³
796 5662 861 5717 1η
881 5656 1231 5732 υἰιίῃαιὶίέπὶ
1261 5661 1360 5728 τὴν
1389 5656 1522 5732 ﬁxi.
1563 5660 1612 5732 -δ
1640 5660 1763 5732 Post
1794 5656 1974 5732 διασιῤ(

2077 5656 2173 5722 τεὲ,
2201 5676 2366 5728 usque
2399 5662 2468 5713 ad
2501 5661 2644 5715 τότε.
2684 5657 3160 5732 desideratttur_lnr
3188 5663 3388 5732 septem
3421 5656 3669 5732 dictiones

396 5735 446 5790 in
478 5731 727 5805 vulgatis.
837 5734 858 5764 ⁸
885 5735 946 5786 Ol
975 5733 1035 5805 δὲ
1059 5734 1113 5786 in
1144 5731 1391 5805 vulgatis.

1507 5730 1619 5784 “In
1663 5731 1889 5800 vulgatis
1952 5729 2268 5794 ἐξελθοῦσα.

2376 5731 2395 5760 ⁷
2429 5729 2822 5800 κρεμμάμενον
2867 5735 3003 5781 erat.
3050 5726 3114 5780 In
3148 5724 3376 5795 vulgatis
3442 5725 3664 5796 κρεμά-

398 5801 654 5877 μενονπδ
686 5805 874 5875 θηρίον
896 5805 962 5856 ὲκ
987 5804 1084 5872 τῆς
1116 5804 1299 5874 χειρὸς
1330 5801 1516 5865 αὐτοῦ,
1569 5802 1756 5871 ἔλεγον
1785 5802 1921 5867 πρὸς
1957 5801 2241 5873 ἀλλήλους.

469 5917 577 5972 aid
632 5925 708 5972 est
756 5917 867 5972 velo
914 5915 1131 5984 majori.
1192 5925 1258 6004 ,ι’
1307 5912 1370 5972 γ.
1422 5915 1727 5984 reficiebant
1775 5932 1871 5971 nos
1895 5931 2098 5972 omnes.
2143 5926 2164 5954 ³
2210 5913 2275 5970 V.
2315 5912 2470 5969 ultio.
