4114 6462
374 434 484 498 830

1304 437 1889 499 THEOPHYLACTI
1931 434 2344 498 BULGARIIE
2379 433 2584 494 ΛΜΗ
2596 432 2738 493 [ΕΡ.

3533 430 3643 494 840

366 553 598 618 insiluit,
628 561 883 623 tanquam
937 566 1125 624 pinnas
1163 563 1426 625 expetens
1481 554 1550 609 de
1590 554 1791 624 seipsa.
1839 552 1951 608 Nos

2071 551 2247 621 ὒσπερ
2277 549 2434 612 δίκας
2484 547 2664 619 ἑαυτῷ
2705 547 3193 619 εἰσπραττόμενος.
3239 545 3427 620 Ἡμεῖς
3484 549 3542 603 δὲ
3580 552 3648 604 τα

366 654 549 699 autem
584 643 726 698 feras
763 643 1229 709 exborrescimus,
1271 644 1398 713 quia
1442 643 1663 698 virtutis
1706 650 1949 697 armatu-

367 752 484 790 ram
519 750 629 788 non
666 734 952 789 habemus.
976 733 1125 787 Alter
1157 734 1229 787 ad
1253 733 1481 788 alterum
1518 734 1782 788 dicebant.
1814 732 1950 789 Vide

366 829 614 884 naturale
646 825 915 898 judicium
951 826 1112 881 etiam
1154 825 1303 896 apud
1357 824 1623 882 Barbaros
1674 827 1950 896 integrum

366 931 530 993 atque
572 922 873 994 perfectum
905 936 919 972 :
957 935 1021 973 ac
1049 933 1158 973 non
1204 918 1573 973 condemnare
1604 916 1948 987 simpliciter,

368 1014 467 1069 sed
493 1015 635 1067 inter
661 1027 780 1067 sese
806 1011 958 1079 quasi
990 1010 1326 1063 miserantes
1356 1008 1559 1064 dicere.

446 1105 603 1159 Vnus.
636 1104 688 1158 6.
719 1102 786 1155 At
828 1101 908 1154 illi
947 1100 1323 1154 existimabant
1354 1101 1466 1171 fore
1488 1110 1545 1153 ut
1586 1098 1953 1168 inﬂammatus

370 1202 758 1261 intumesceret,
792 1203 888 1248 aut
916 1202 1126 1264 repente
1167 1194 1377 1247 caderet
1404 1209 1469 1247 ac
1498 1201 1792 1248 moreretur
1817 1207 1834 1246 :
1864 1192 1956 1246 sed

368 1291 455 1344 ubi
486 1291 576 1343 diu
609 1293 979 1355 exspectat-unt
1002 1301 1067 1339 ac
1109 1285 1352 1338 viderunt
1387 1284 1517 1338 nihil
1561 1286 1608 1338 ei
1640 1283 1956 1336 incommodi

369 1385 643 1449 accidere,
701 1390 910 1435 mutata
983 1380 1245 1435 sententia
1327 1378 1570 1433 dicebant
1638 1377 1793 1431 illum
1849 1393 1957 1432 esse

2055 642 2222 713 θηρία
2267 640 2610 709 δεδοίκαμεν,
2660 640 2850 712 ἐπειδὴ
2902 641 3007 711 τῆς
3067 640 3275 713 ἀρετῆς
3321 640 3423 712 τὴν
3476 659 3647 709 παντὶ-

2055 736 2220 789 πλίαν
2269 737 2371 788 οὐκ
2414 735 2636 805 ἔχομεν.
2671 734 2828 801 Πρὸς
2872 732 3193 802 ἀλλήλους
3235 734 3470 804 ἔλεγον.
3501 735 3646 805 Ὅρα

2053 828 2155 898 τὴν
2188 826 2427 897 φυσικὴν
2465 825 2649 896 κρίσιν
2672 824 3093 896 διηρθρωμένην
3122 827 3217 878 καὶ
3246 825 3396 894 παρὰ
3429 825 3648 896 Βαρϐά-

2059 935 2175 988 ροις
2196 935 2210 950 ο
2251 918 2326 988 μὴ
2355 917 2875 987 καταγινώσκοντας
2903 916 3115 984 ἁπλῶς,
3139 916 3274 971 ἀλλὰ
3318 917 3455 989 πρὸς
3479 918 3646 989 ἀλλήι

2055 1010 2181 1075 λους
2213 1008 2509 1079 αἰδεσίμως
2543 1008 2826 1077 λέγοντας.

2135 1104 2202 1155 Οἱ
2256 1098 2324 1153 δὲ
2370 1098 2797 1169 προσεδόκων⁸
2844 1098 3033 1153 αὐτὸν
3080 1099 3337 1169 μέλλειν
3387 1099 3651 1170 πιμπρᾶ-

2058 1194 2235 1249 σθαι⁹
2270 1193 2308 1263 ἢ
2341 1193 2742 1247 καταπίπτειν
2771 1190 2943 1259 ἄφνω
2983 1193 3234 1258 νεκρόν·
3283 1192 3545 1246 ἐπιπολὺ
3580 1192 3650 1245 δὲ

2057 1282 2258 1338 αὐτῶν
2313 1281 2816 1351 προσδοκώντων,
2869 1281 2971 1335 καὶ
3024 1283 3411 1350 θεωρούντων
3453 1282 3651 1350 μηδὲν
3690 1292 3699 1299 ’

2056 1374 2287 1430 ἄτοπον
2331 1378 2420 1440 εις
2475 1375 2666 1428 αὐτὰν
2732 1374 3050 1443 γινόμενον
3072 1413 3085 1437 ,
3136 1373 3651 1442 μεταϐαλλόμενοι

374 1476 554 1529 deum.

447 1565 514 1618 Ut
567 1566 935 1635 inﬂammatus
980 1564 1367 1626 intumesceret,
1422 1562 1476 1617 id
1526 1570 1633 1624 est,
1681 1568 1954 1631 creparet,

369 1652 823 1720 disrumperetur.
868 1648 971 1704 Sed
1020 1650 1108 1703 ubi
1147 1652 1238 1703 diu
1269 1658 1640 1719 expcctarnnt.
1678 1647 1796 1703 Non
1842 1647 1955 1701 cdi-

372 1752 486 1796 tum
536 1741 641 1795 fuit
694 1742 911 1811 signum
958 1739 1089 1794 illud
1142 1751 1390 1809 repente,
1434 1740 1530 1795 sed
1581 1740 1830 1794 homines
1867 1737 1962 1791 ali-

2071 1745 2216 1814 Ξςρνω
2249 1743 2310 1796 τὸ
2355 1745 2605 1814 σημεῖον,
2652 1740 2786 1795 ἀλλὰ
2838 1740 2918 1810 τῷ
2968 1739 3150 1811 χρόνῳ
3204 1739 3548 1810 ἐνδιέτριψαν
3600 1739 3653 1792 οἱ

372 1832 612 1902 quandiu
647 1831 969 1887 commorati
989 1840 1117 1885 sunt
1141 1842 1193 1885 et
1225 1841 1611 1901 exspectaram
1636 1847 1651 1885 :
1677 1832 1814 1886 adeo
1849 1844 1957 1885 non

2071 1834 2372 1906 Ξνθρωποι’
2408 1830 2582 1896 οὕτως
2609 1833 2710 1886 οὐκ
2735 1827 2801 1901 ἦν
2829 1831 3014 1900 ἀπάτη
3045 1831 3074 1900 ἢ
3099 1847 3269 1900 συναρ
3281 1832 3448 1901 παγή.
3481 1832 3656 1885 Ἕλε-

372 1935 490 1978 erat
517 1923 683 1986 fraus,
713 1932 806 1976 aut
836 1922 946 1977 cito
990 1937 1079 1976 res
1117 1922 1542 1992 intelligebatur.
1577 1922 1833 1976 Dicebant
1864 1937 1960 1976 au-

2071 1903 2181 1996 ror'
2221 1926 2279 1979 δὲ
2328 1925 2517 1980 αὑτὸν
2547 1924 2688 1979 θεὸν
2736 1921 2909 1989 εἶναι,
2940 1922 3015 1986 ὡς
3051 1922 3171 1987 ἔθος
3209 1923 3449 1993 ἔχοντες,
3474 1922 3656 1976 πάντα

375 2025 482 2069 tem
512 2014 662 2066 illum
704 2013 856 2066 deum
897 2028 1027 2077 esse,
1077 2021 1138 2067 ut
1171 2013 1263 2082 qui
1310 2012 1726 2068 consuevissent
1763 2028 1958 2070 omnes

2071 2020 2148 2074 τὸν
2178 2017 2435 2072 ποιοῦντᾶ
2456 2035 2508 2071 τι
2528 2015 2856 2088 παράδοξον,
2893 2016 3015 2070 θεὸν
3045 2015 3286 2083 νομίζειν
3306 2031 3321 2046 ο
3343 2013 3532 2085 ὥσπερ
3558 2014 3654 2066 καὶ

372 2107 464 2176 qui
493 2106 737 2159 iacerent
766 2104 971 2173 aliquid
1003 2119 1228 2169 novum,
1262 2103 1605 2168 admirabile,
1636 2118 1741 2159 nec
1768 2105 1961 2174 opina-

2071 2112 2183 2175 τοὺς
2230 2110 2401 2165 πάλαι
2431 2108 2524 2172 οὓς
2557 2109 2715 2172 θεοὺς
2765 2107 3072 2178 ὠνόμαζον,
3105 2107 3137 2177 ἢ
3177 2106 3243 2160 δι’
3270 2105 3426 2175 ἰσχὺν
3458 2121 3654 2175 περισ-

371 2210 509 2266 tum,
543 2214 641 2268 pro
664 2198 766 2254 (liis
795 2198 1019 2254 habere.
1052 2196 1520 2263 Quemadmodum
1550 2198 1717 2254 etiam
1747 2198 1958 2270 antiqui

2071 2204 2153 2256 τόν
2184 2219 2238 2255 τι
2276 2200 2388 2256 τῶν
2412 2200 2535 2254 καθ’
2572 2200 2800 2262 ἑαυτοὺς
2833 2198 3148 2262 ποιοῦντας,
3181 2191 3292 2261 οἷος
3320 2193 3389 2269 ἦν
3418 2199 3446 2250 ὀ
3486 2198 3658 2269 Ἠρα-

374 2291 505 2345 deos
532 2290 889 2345 nominabant
917 2304 1036 2355 eos,
1071 2286 1163 2358 qui
1200 2290 1282 2343 vel
1317 2298 1539 2360 propter
1576 2289 1724 2343 vires
1749 2288 1958 2359 aliquid

2071 2292 2226 2362 ιλῆς·
2258 2291 2293 2363 ἢ
2321 2291 2410 2344 διὰ
2456 2290 2691 2362 μαγείας
2731 2288 3177 2354 ὲξιστάνονταςίο
3209 2286 3340 2353 τοὺς
3379 2286 3651 2359 ὁρῶντας,

2058 1470 2276 1539 ἔλεγον
2309 1468 2497 1521 αὐτὸν
2523 1466 2664 1522 θεὸν
2695 1464 2871 1520 εἶναι.

2131 1563 2539 1631 Πίμπρασθαι.
2581 1560 2726 1613 Ἀντὶ
2786 1556 2905 1623 τοῦ,
2957 1557 3154 1629 λακᾷν,
3191 1557 3647 1629 διαρῤήγνυσθαι.

2074 1654 2208 1708 Ἐπὶ
2243 1652 2403 1706 πολὺ
2433 1650 2504 1704 δὲ
2527 1650 2727 1705 αὐτῶν
2750 1648 3246 1718 προσδοκώντων.
3292 1648 3406 1701 Οὐκ
3431 1647 3654 1716 ἐγένετο

376 2384 612 2453 amplius
637 2395 687 2436 et
721 2382 1074 2437 excellentius
1095 2396 1259 2451 quam
1289 2381 1472 2436 caeteri
1499 2396 1613 2435 sua:
1640 2380 1819 2436 aetatis
1853 2381 1957 2436 ho-

380 2482 557 2534 mines
614 2487 955 2550 pnestarent.
996 2479 1173 2549 qualis
1246 2486 1364 2532 erat
1430 2476 1745 2532 Hercules:

2055 2377 2167 2446 οἷος
2193 2377 2264 2453 ἦν
2294 2383 2323 2434 ὁ
2355 2381 2539 2450 Σίμων
2566 2382 2595 2433 ὁ
2620 2384 2679 2435 ὲν
2711 2379 3021 2451 Σαμαρείᾳ.

1823 2477 1912 2532 vel
1955 2478 2180 2550 magicis
2230 2478 2542 2549 prasttigiis,
2602 2492 2696 2533 eos
2779 2477 2875 2547 qui
2931 2476 3325 2547 inspectarent,
3382 2489 3414 2530 a
3470 2480 3660 2530 mente

378 2576 531 2649 quasi
585 2576 907 2639 alienarem,
973 2575 1148 2644 qualis
1192 2581 1310 2629 erat
1367 2573 1554 2627 Simon
1616 2573 1707 2628 ille
1751 2573 1806 2626 in
1859 2573 2127 2631 Samaria.

453 2667 612 2721 Vens.
647 2667 698 2719 7.
730 2663 800 2718 In
842 2666 949 2718 illis
991 2674 1168 2719 autem
1206 2665 1333 2719 locis
1366 2665 1568 2734 primus
1600 2665 1615 2701 ι
1648 2664 1855 2733 ἰιιειιίαν,
1879 2682 1974 2719 ηο-

382 2760 521 2813 mine
554 2758 795 2823 Publius,
840 2759 1040 2827 pra'dia
1072 2757 1309 2821 habebat,
1352 2758 1441 2826 qui
1478 2771 1570 2810 nos
1597 2765 1834 2825 acceptus
1874 2759 1970 2812 ho-

379 2850 538 2921 spitio
571 2846 804 2903 triduum
833 2848 1049 2919 benigne
1075 2849 1342 2902 tractavit.

451 3023 614 3078 Vens.
641 3024 693 3077 8.
726 3021 887 3076 Forte
919 3031 1096 3075 autem
1128 3022 1340 3085 accidit,
1384 3031 1440 3075 ut
1487 3033 1641 3092 pater
1683 3023 1860 3079 Publii
1890 3026 1971 3095 fe-

2159 2667 2264 2728 Ἐν
2309 2665 2379 2719 δὲ
2411 2666 2538 2730 τοῖς
2575 2664 2713 2734 περὶ
2763 2663 2874 2721 τὸν
2911 2664 3099 2719 τόπον
3142 2663 3383 2718 ἐκεῖνον
3420 2663 3660 2732 ὑπῆρχε

2074 2760 2258 2827 χωρία
2293 2756 2372 2822 τῷ
2401 2756 2609 2825 πρώτῳ
2632 2754 2743 2825 τῆς
2768 2756 2989 2825 νήσου,
3025 2756 3271 2825 ὀνόματι
3303 2754 3565 2821 Ποπλίῳ,
3588 2753 3660 2820 ὃς

2074 2850 2524 2920 ἀναδεξάμενος
2567 2847 2748 2919 ἡμᾶς,
2796 2849 2957 2917 τρεῖς
3014 2846 3242 2917 ἡμέρας
3278 2846 3661 2916 φιλοφρόνως

2074 2940 2373 3005 ἐξένισεν.
2891 2976 2899 2982 -

2158 3032 2431 3100 Ἐγένετο
2462 3029 2531 3084 δὲ
2554 3030 2662 3084 τὸν
2690 3029 2918 3099 πατέρα
2942 3030 3047 3084 τοῦ
3071 3031 3345 3084 Ποπλίου
3381 3026 3661 3097 πυρετοῖς

384 3115 562 3169 bribus
588 3132 651 3168 ac
683 3114 977 3183 dysenteria
1006 3121 1272 3182 correptus
1300 3112 1628 3168 decumberet
1655 3129 1674 3168 :
1702 3115 1773 3167 ad
1811 3130 1964 3185 quem

2071 3120 2166 3176 καὶ
2194 3120 2553 3190 δυσεντερίᾳ
2596 3120 3015 3190 συνεχόμενον
3058 3119 3475 3174 κατακεῖσθαι·
3509 3118 3661 3185 πρὸς

389 3206 588 3258 Paulus
626 3205 915 3274 ingressus,
963 3219 1082 3255 cum
1131 3211 1374 3270 precatus
1410 3213 1564 3270 esset,
1610 3218 1674 3257 ac
1712 3219 1899 3258 manus
1925 3203 1971 3257 ei

388 3297 731 3365 imposuisset,
763 3294 971 3349 sanavit
1002 3292 1173 3348 illum.

461 3388 622 3442 Vens.
644 3389 697 3443 9.
736 3389 846 3440 Hoc
875 3386 1038 3456 igitur
1064 3386 1222 3455 facta,
1254 3386 1430 3439 cwteri
1467 3402 1667 3457 quoque
1690 3386 1779 3458 qui
1808 3388 1864 3440 in
1887 3386 1972 3441 in-

388 3479 508 3535 sula
533 3478 729 3533 morbis
754 3476 1088 3544 laborabant,
1121 3476 1432 3531 accedebant
1457 3476 1526 3531 ad
1556 3477 1705 3533 illum
1739 3488 1787 3533 et
1812 3492 1975 3532 cura-

392 3574 587 3627 buntur
608 3572 674 3624 ab
707 3588 788 3628 eo.

468 3660 629 3719 Vens.
661 3661 747 3715 10.
770 3660 870 3727 Qui
904 3662 1066 3715 etiam
1093 3662 1297 3732 magnis
1328 3661 1607 3715 honoribus
1647 3676 1739 3714 nos
1784 3660 1976 3730 affece-

393 3764 537 3820 runt,
581 3764 629 3809 et
678 3755 993 3811 solventibus
1029 3758 1150 3812 inde
1201 3758 1565 3825 imposuerunt
1604 3771 1685 3808 res
1733 3770 1978 3808 necessa-

394 3849 529 3902 rias.
1862 3838 1865 3841 ’

469 3940 762 4011 Hospitalis
793 3950 905 3995 erat
932 3940 1157 3995 Publius
1187 3958 1207 3995 :
1247 3955 1360 3995 non
1389 3939 1537 3994 enim
1569 3939 1714 4009 quod
1755 3937 1980 3993 vidisset

393 4031 596 4101 aliquid
641 4031 983 4097 admirabile,
1017 4032 1110 4086 sed
1156 4031 1302 4101 quod
1342 4031 1686 4086 solummodo
1722 4030 1981 4084 misertus

396 4132 543 4176 esset
568 4121 783 4175 illorum
817 4132 1041 4192 propter
1083 4133 1369 4192 acceptum
1417 4122 1844 4183 incommodum,
1884 4135 1982 4176 ex-

397 4214 546 4283 cepit
576 4213 835 4282 hospitio,
885 4222 941 4267 ct
982 4213 1118 4269 fovit
1155 4224 1319 4283 atque
1349 4215 1563 4269 curavit
1592 4215 1773 4285 capita
1802 4202 1982 4267 homi—

399 4325 528 4362 num
569 4309 800 4362 ducenta
866 4311 1159 4379 octoginta.
1215 4325 1316 4380 pro
1371 4311 1521 4365 lucro
1578 4309 1685 4364 hoc
1747 4310 1979 4365 ducens.

405 4399 564 4455 Forte
606 4413 783 4455 autem
813 4401 1029 4465 accidit,
1071 4411 1130 4455 ut
1164 4412 1315 4470 pater
1353 4401 1528 4455 Publii
1582 4401 1881 4471 dysenteria
1918 4415 1982 4453 ac

400 4492 627 4561 febribus
669 4494 939 4558 laborans,
971 4501 1081 4547 etc.
1114 4492 1334 4548 Morbus
1362 4502 1555 4548 curata
1593 4490 1829 4548 diﬂicilis
1866 4499 1981 4545 tor-

402 4580 568 4642 mina,
610 4597 705 4650 per
756 4581 984 4636 Paulum
1034 4590 1279 4643 sanatus,
1327 4583 1527 4636 multos
1569 4583 1637 4635 ad
1688 4581 1851 4635 ﬁdem
1886 4580 1984 4635 ad-

400 4671 577 4728 duxit.

474 4762 637 4814 \cns.
670 4761 755 4813 ll.
784 4758 909 4815 Post
944 4761 1106 4832 184.
1134 4778 1333 4816 menses
1362 4772 1540 4816 autem
1612 4769 1715 4814 tres
1764 4760 1984 4829 profecti

400 4866 582 4904 sumus
609 4866 888 4905 conscensa
922 4853 1065 4912 navi,
1098 4868 1215 4922 qua:
1253 4854 1311 4905 in
1348 4852 1443 4906 illa
1469 4851 1648 4905 insula
1677 4850 1984 4905 hibernans-

405 4948 511 5005 rat,
535 4938 924 5004 Alexandrina,
946 4943 1031 4994 cui
1070 4948 1222 4996 erant
1254 4943 1454 5013 insigne
1490 4940 1745 5007 Dioscori,
1802 4941 1858 4995 id
1905 4948 1982 4994 est

405 5028 595 5088 Castor
621 5038 672 5084 et
700 5030 910 5087 Pollux.

480 5120 636 5176 Vens.
662 5122 750 5176 12.
776 5122 845 5177 Ει
870 5124 1063 5178 devecti
1093 5122 1407 5195 Syracusas,
1429 5125 1719 5179 mansimus
1743 5124 1851 5179 illic
1871 5124 1984 5181 dies

407 5223 530 5267 ινεε.

474 5301 636 5361 νεεδ.
665 5298 754 5360 13.
791 5302 939 5360 Unde
977 5305 1306 5360 circumvecti
1341 5307 1669 5376 pervenimus
1716 5306 1937 5378 Regium
1968 5324 1991 5374 ;

2071 3213 2141 3266 ὃν
2172 3215 2205 3266 ό
2235 3212 2476 3278 Παῦλος
2521 3210 2821 3266 είσελθὼν
2849 3210 2949 3264 καὶ
2983 3208 3497 3279 προσευξάμενος,
3535 3210 3664 3263 ἑπι-

2072 3305 2198 3368 θεις
2227 3304 2335 3369 τὰς
2367 3302 2571 3373 χεῷας
2599 3301 2787 3368 αὐτῷ,
2817 3303 3036 3356 ἰάσατο
3062 3302 3277 3363 αὐτόν.

2148 3394 2372 3449 Τούτου
2400 3389 2515 3449 οὖν
2543 3393 2893 3464 γενομένου,
2921 3391 3021 3446 καὶ
3074 3394 3128 3445 οἱ
3154 3391 3355 3450 λοιποὶ
3392 3392 3447 3445 oi
3484 3390 3662 3460 ἕχον-

2073 3502 2173 3555 τες
2198 3487 2548 3553 -ἀσθενείας
2587 3486 2657 3540 ἐν
2692 3484 2768 3555 τῇ
2830 3485 3006 3554 νήσῳ
3056 3482 3510 3554 προσήρχοντο,
3561 3481 3661 3535 καὶ

2078 3582 2531 3649 ἐθεραπεύοντο.

2153 3670 2221 3725 Οἳ
2246 3672 2345 3725 καὶ
2367 3670 2630 3736 πολλαῖς
2651 3669 2846 3737 τιμαῖς
2867 3670 3167 3738 ἐτίμησαν
3192 3666 3373 3737 ἡμᾶς,
3397 3668 3497 3722 καὶ
3514 3669 3661 3724 ἀνα·

2080 3760 2353 3830 γομένοις
2377 3761 2418 3792 ¹¹
2449 3759 2734 3815 ἐπέθεντο
2760 3759 2834 3814 τὰ
2855 3759 3006 3827 πρὸς
3040 3760 3155 3827 τὴν
3185 3759 3419 3828 χρείαν.

2152 3942 2479 4009 Φιλόξενος
2521 3946 2553 3999 ὀ
2608 3944 2905 4008 Πόπλιος·
2959 3942 3110 3996 οὐδὲν
3160 3941 3269 4012 γὰρ
3328 3940 3450 3993 ἰδὼν
3476 3977 3493 4002 ,
3544 3936 3666 3992 ἀλλ’

2085 4034 2190 4087 ὑπὸ
2218 4038 2317 4105 τῆς
2348 4036 2636 4105 συμφορᾶς
2675 4034 2841 4104 μόνης
2873 4033 3103 4104 ἐλεήσας
3144 4033 3341 4097 αὐτοὺς
3369 4029 3667 4094 ὑπεδέξατο

2083 4126 2179 4180 καὶ
2213 4126 2553 4198 ἐθεράπευσε
2584 4126 2834 4180 διακόσια
2870 4127 3200 4196 ὀγδοήκοντα
3251 4124 3512 4193 ὀνόματα,
3540 4122 3671 4192 κέρα

2083 4220 2171 4282 δος
2202 4219 2361 4273 τοῦτο
2390 4218 2697 4289 τιθέμενος.
2742 4218 2858 4271 Τὸν
2906 4218 2975 4271 δὲ
3005 4217 3233 4285 πατέρα
3262 4217 3369 4270 τοῦ
3397 4215 3675 4279 Ποπλίου,

2084 4308 2443 4376 δυσεντερίᾳ
2490 4307 2591 4360 καὶ
2640 4308 2917 4375 πυρετοῖς
2951 4290 3392 4377 συνεχόμενον.
3418 4304 3490 4357 Τὸ
3540 4305 3670 4357 δυσ-

2091 4401 2238 4454 ίατον
2276 4400 2447 4463 πάθος
2493 4402 2526 4470 ἡ
2577 4400 2897 4469 δυσεντερία
2924 4400 3068 4453 ῐασιν
3090 4400 3252 4452 λαϐὸν
3283 4398 3372 4452 διὰ
3401 4396 3495 4451 τοῦ
3518 4396 3669 4451 Παύ-

2039 4461 2058 4507 )
2088 4492 2206 4559 λου,
2241 4461 2471 4555 πολλοίις
2502 4461 2582 4555 εἰς
2604 4461 3037 4561 πίστιν-ἢγαγεν.

2163 4764 2325 4817 Μετὰ
2369 4762 2437 4815 δὲ
2488 4761 2648 4829 τρεῖς
2713 4759 2909 4830 μῆνας
2957 4759 3307 4830 ἀνήχθημεν
3371 4761 3440 4815 ἐν
3480 4761 3671 4826 πλοίῳ

2104 4854 2637 4923 Ἀλεξανδρηνῷ¹¹,
2690 4853 3230 4923 παρακεχειμακότι
3257 4855 3329 4908 ὲν
3368 4852 3442 4924 τῇ
3474 4852 3672 4920 νήσῳ,

2088 4947 2428 5017 παρασήμῳ
2446 4949 2852 5016 Διοσκούροις.

2160 5127 2275 5181 Kal
2297 5127 2689 5194 καταχθέντες
2723 5128 2809 5193 είς
2840 5127 3256 5196 Συρακούσας,
3284 5127 3677 5196 ἐνεμείναμεν

2092 5219 2319 5287 ’ἡμέρας
2350 5217 2533 5286 τρεῖς.

2168 5311 2344 5365 Ὅθεν
2363 5311 2780 5380 περιελθόντες
2806 5308 3270 5379 κατηντήσαμεν
3286 5312 3374 5375 εὶς
3405 5308 3669 5379 Ῥήγιον·

1569 5487 1774 5549 Variae
1814 5488 2122 5552 lectiones
2159 5498 2222 5554 et
2264 5497 2458 5554 notas.

480 5657 505 5689 ⁸
538 5658 899 5727 προσεδόκων
922 5701 935 5722 ,
960 5668 1036 5716 est
1076 5663 1132 5716 in
1161 5664 1541 5727 manuscripto.

1637 5662 1659 5693 ⁹
1686 5661 1750 5717 In
1772 5662 2021 5735 vulgatis.
2064 5663 2437 5735 πίμπρασθαι.

2542 5665 2585 5696 ⁸⁸
2616 5664 2909 5732 ἐξιστάνων
2935 5676 3072 5722 erat.
3184 5668 3225 5699 ¹¹
3258 5667 3677 5737 ἀναγενομένοις

414 5730 572 5784 estin
630 5731 847 5798 antiquo
900 5735 1278 5803 manuscripto.
1358 5730 1473 5787 “In
1516 5736 1746 5805 vulgatis
1769 5730 1965 5800 Ἀλεξα

2071 5730 2188 5806 ίνῲ,
2221 5730 2269 5788 et
2294 5734 2455 5807 paulo
2513 5730 2667 5808 post,
2713 5740 3089 5809 ἐπεμείναμεν
3123 5737 3341 5810 ἡμέρας
3376 5730 3546 5810 τρεῖς.

491 5884 511 5922 ί
544 5885 607 5940 ν.
639 5886 900 5955 princeps.
