4114 6432
420 335 526 400 847

413 546 638 591 multum
667 538 802 590 inter
821 552 934 590 sese
965 535 1334 603 disceptantes.

485 714 753 768 Fecerunt
781 712 906 778 hoc,
935 712 1132 782 inquit,
1154 711 1376 765 auribus
1394 708 1682 771 obturatis,
1718 714 1775 762 et
1819 705 1991 760 oculis

414 807 666 862 occlusis.
727 804 1020 876 Nequando
1085 810 1456 858 convertantur
1515 809 1565 855 et
1634 815 1816 853 sonent
1879 815 1988 852 eos.

416 900 692 969 Insignem
757 912 946 953 eorum
1002 910 1066 951 ac
1113 896 1491 950 vehementem
1553 892 1825 962 signiﬁcat
1881 891 1985 944 im-

417 992 768 1061 probitatem,
823 1002 1026 1058 eosque
1077 986 1257 1041 dedita
1322 1001 1488 1055 opera
1538 999 1602 1038 ac
1647 983 1829 1037 studio
1870 996 1992 1036 sese

417 1081 699 1136 avertisse.
730 1079 908 1149 Atque
941 1079 1041 1131 hoc
1087 1078 1239 1140 dicit,
1266 1079 1542 1130 attrahere
1580 1089 1674 1128 eos
1703 1089 1766 1127 ac
1796 1086 1993 1142 provo-

417 1189 541 1228 care
561 1172 765 1234 volens,
797 1182 851 1225 et
879 1169 1190 1232 ostendere,
1213 1169 1256 1223 si
1284 1183 1404 1222 sese
1428 1165 1820 1228 converterint,
1843 1163 1991 1221 futu-

417 1281 534 1318 rum
567 1274 625 1318 ut
668 1271 931 1317 sanentur
974 1263 1044 1316 ab
1081 1263 1221 1332 ipso.
1257 1261 1618 1314 lncrassatum
1657 1267 1731 1311 est
1769 1257 1906 1311 enim
1942 1266 1990 1309 et

1336 326 1912 390 THEOPHYLACTI
1953 325 2364 388 BULGABllE
2402 325 2758 389 ARCHIEP.

482 444 647 499 Vnus.
671 442 761 498 29.
793 439 856 495 Et
885 457 1002 495 cum
1027 441 1138 495 lites
1170 439 1259 494 ille
1279 440 1516 505 dixisset,
1546 439 1720 494 Juda'i
1753 436 1990 492 abierunt

2166 436 2274 490 Kal
2347 436 2537 491 ταῦτα
2619 438 2808 492 αὐτοῦ

3565 324 3671 389 δικ

2886 439 3184 506 εἰπόντος,
3265 435 3545 507 ἀπῆλθον
3629 449 3686 500 οἱ

2094 527 2395 592 Ἰουδαῖοι,
2471 529 2718 598 πολλὴν
2792 530 3044 600 ἔχοντες
3124 531 3198 584 ἐν
3260 529 3498 597 ἑαυτοῖς
3570 545 3684 586 συ-

2093 616 2364 687 ζήτησιν.

2174 706 2468 777 Ἐποίησαν
2517 707 2697 774 τοῦτο,
2742 711 2896 779 φησὶ,
2929 711 2997 764 τὰ
3057 703 3174 765 ὦτα
3225 709 3509 780 βύσαντες,
3587 700 3682 762 καὶ

2091 797 2218 860 τοὺς
2240 798 2566 868 ιὸερθαλμοὺς
2620 801 3035 871 καμμύσαντες.
3093 803 3339 871 Μήποτε
3405 803 3680 872 ἐπιστρέ-

2092 891 2275 957 ψωσι,
2369 892 2468 944 καί
2537 893 2792 958 ἰάσωμαι
2859 895 2904 927 ³⁰
2953 897 3198 963 αὐτοὺς,
3288 897 3682 967 ἐπιτεταμένην

2092 981 2274 1034 αὐτῶν
2329 982 2504 1051 λέγων
2554 987 2840 1056 πονηρίαν,
2911 988 3004 1041 καὶ
3062 987 3160 1058 τὴν
3236 988 3376 1058 μετὰ
3447 988 3683 1056 σπουδῆς

2092 1069 2469 1141 ἀποστροφήν.
2509 1073 2618 1127 Καὶ
2659 1075 2819 1128 τοῦτο
2855 1075 3025 1144 λέγει,
3069 1077 3432 1148 ἐφελκόμενος
3485 1078 3682 1139 αὐτοὺς

2093 1161 2190 1214 καὶ
2233 1162 2514 1232 ἐρεθίζων,
2557 1164 2651 1216 καὶ
2705 1165 2919 1229 δεικνὺς
2975 1167 3058 1220 ὅτι
3107 1166 3204 1221 ἐὰν
3259 1167 3681 1238 ἐπιστρέψωσιν,

2097 1253 2305 1306 ἰάσεται
2349 1253 2574 1318 αὐτούς.
2646 1256 2983 1326 Ἐπαχύνθη
3041 1257 3152 1326 τὰρ
3210 1258 3250 1326 ἡ
3302 1259 3518 1326 καρδία
3575 1258 3682 1312 τοῦ

413 1354 736 1408 obstructum
762 1369 852 1406 cor
880 1351 1060 1421 populi
1074 1351 1248 1420 hujus.
1285 1349 1401 1402 Non
1428 1348 1572 1419 quod
1605 1348 1745 1402 Deus
1769 1362 1990 1416 operam

2089 1344 2247 1399 λαοῦ
2291 1346 2530 1402 τούτου.
2570 1347 2683 1417 Οὐχ
2710 1347 2786 1411 ὡς
2815 1347 2907 1402 τοῦ
2945 1348 3078 1402 Θεοῦ
3143 1349 3533 1414 σπουδάζοντος
3587 1348 3683 1402 τοῦ

413 1447 590 1507 daret,
613 1460 685 1500 ne
705 1445 972 1506 viderent,
1007 1445 1111 1497 hoc
1149 1443 1348 1497 dicitur
1375 1460 1387 1495 :
1410 1456 1533 1494 nam
1557 1441 1646 1495 ille
1667 1454 1859 1494 omnes
1879 1454 1992 1496 ser-

416 1539 531 1593 vari
561 1538 696 1600 vult,
740 1546 796 1592 et
824 1538 890 1592 ad
917 1536 1248 1608 agnitionem
1285 1532 1761 1588 veritatis'venire
1785 1539 1835 1597 Υ,
1882 1545 1990 1599 qua

417 1631 461 1683 si
511 1629 788 1685 invidente
831 1643 902 1682 ne
935 1629 1122 1697 utique
1164 1625 1456 1696 aliquando
1497 1624 1988 1694 obtemperarent:

418 1720 511 1775 sed
541 1719 646 1775 hoc
670 1720 835 1773 etiam
871 1733 970 1788 pro
1002 1731 1154 1771 more
1191 1716 1374 1772 dicere
1414 1714 1656 1769 solemus
1689 1712 1759 1768 de
1783 1711 1852 1766 iis
1895 1710 1989 1781 qui

2095 1435 2172 1506 μὴ
2227 1436 2355 1490 ἰδεῖν
2399 1439 2596 1503 αὐτοὺς
2651 1439 2810 1494 τοῦτο
2867 1440 3110 1510 λέγεται,
3183 1442 3280 1498 τοῦ
3355 1443 3680 1514 βουλομένου

2094 1528 2301 1590 πάντας
2336 1528 2598 1599 σωθῆναι,
2633 1532 2726 1585 καὶ
2754 1534 2835 1597 εἰς
2864 1533 3160 1603 ἐπίγνωσιν
3195 1535 3449 1606 ἀληθείας
3485 1536 3680 1600 ἐλθεῖν,

2093 1616 2281 1688 ὥσπερ
2343 1619 2660 1687 φθονοῦντος
2731 1621 2808 1693 μὴ
2888 1623 2996 1695 ἄρα
3069 1642 3176 1680 που
3241 1627 3681 1681 κατακούσωσιν·

2093 1707 2230 1762 ἀλλὰ
2265 1709 2426 1762 τοῦτο
2463 1712 2567 1764 κάν
2616 1713 2682 1780 τῇ
2730 1712 2984 1784 συνηθείᾳ
3029 1712 3208 1780 λέγειν
3257 1714 3530 1785 εἰώθαμεν
3587 1715 3684 1767 ἐπὶ

417 1811 607 1881 procul
642 1811 877 1882 fugiunt,
917 1818 970 1864 et
1001 1809 1187 1864 audire
1216 1809 1410 1861 nolunt
1435 1792 1738 1862 orationem
1780 1804 1987 1861 saluta-

2090 1798 2200 1853 τῶν
2231 1801 2421 1873 πόρρω
2461 1801 2790 1872 φευγόντων,
2825 1806 2917 1858 καὶ
2952 1806 3027 1876 μὴ
3071 1805 3406 1875 βουλομένων
3447 1805 3680 1860 ἀποῦσαι

420 1917 532 1955 rem
555 1919 569 1956 :
590 1901 686 1955 Hic
708 1901 871 1956 homo
887 1901 1022 1955 adeo
1047 1897 1202 1969 fugit,
1221 1905 1275 1951 et
1299 1909 1460 1950 aures
1478 1903 1714 1959 amovet,
1742 1901 1994 1947 metuens

418 1991 705 2060 nequando
735 1990 897 2045 etiam
957 1989 1142 2043 audiat
1175 1986 1476 2042 orationem
1503 2026 1520 2050 ,
1557 2000 1666 2056 qua
1707 1992 1995 2039 converta-

420 2090 508 2134 tur
528 2091 584 2136 ct
621 2081 824 2136 malitia
850 2081 970 2150 ejus
992 2089 1310 2136 coerceatur
1332 2087 1495 2149 atque
1517 2077 1860 2134 cohibeatur.

491 2239 651 2295 Vens.
696 2238 786 2294 50.
830 2237 1027 2294 Mansit
1062 2251 1241 2292 autem
1271 2236 1475 2291 Paulus
1507 2237 1775 2291 biennium
1822 2243 1992 2290 totum

2094 1890 2252 1961 λόγον
2314 1893 2617 1964 σωτηρίας·
2706 1895 2764 1948 '0
2815 1896 3101 1968 ἄνθρωπος
3196 1891 3352 1962 οὗτος
3422 1897 3677 1952 τοσοῦτον

2094 1982 2288 2052 φεύγει
2320 1985 2416 2038 καὶ
2452 1985 2659 2053 ἀπάγει
2700 1985 2800 2056 τὴν
2833 1987 3023 2058 ἀκοὴν,
3082 1987 3415 2060 φοϐούμενος
3465 1989 3678 2060 μήποτε

2091 2075 2186 2128 καὶ
2249 2075 2457 2149 ἀκούσῃ
2522 2076 2681 2146 λόγον
2749 2079 3146 2150 ἐπιστρέφοντα
3224 2081 3320 2134 καὶ
3399 2080 3679 2150 ἀναχαιτί-

2092 2164 2256 2229 ζοντα
2284 2167 2384 2236 τῆς
2422 2168 2622 2232 κακίας
2647 2169 2829 2224 αὐτόν.

2167 2260 2405 2327 Ἔμεινε
2457 2258 2527 2319 δὲ
2558 2263 2591 2315 ὁ
2643 2261 2882 2327 Παῦλος
2939 2261 3168 2316 διετίαν
3223 2261 3378 2332 ὅλην
3425 2262 3496 2316 ἐν
3551 2261 3681 2328 ἰδίῳ

419 2335 476 2387 in
502 2349 597 2388 suo
619 2334 870 2388 conducto
903 2331 1202 2398 domicilio,
1239 2340 1289 2386 et
1331 2331 1645 2386 admittebat
1693 2345 1873 2385 omnes
1899 2330 1992 2404 qui

2089 2350 2442 2419 μισθώματι,
2517 2353 2617 2407 καί
2669 2353 2998 2424 ἀπεδέχετο
3053 2353 3287 2421 πάντας
3325 2330 3490 2422 τοὺς
3551 2355 3682 2408 εἰσ-

419 2422 736 2477 accedebant
762 2422 831 2480 ad
851 2422 1045 2490 ipsum,

494 2514 638 2570 Vens
685 2514 774 2570 5|.
799 2513 1107 2569 Praedicans
1139 2529 1203 2569 ac
1226 2513 1503 2584 divulgans
1529 2528 1748 2584 regnum
1785 2511 1902 2576 Dei,
1929 2528 1993 2566 ac

2093 2443 2540 2512 πορευομένους
2613 2445 2766 2514 πρὸς
2837 2447 3045 2502 αὐτόν.

2161 2534 2498 2602 Κηρύσσων
2574 2533 2689 2603 τὴν
2751 2535 3084 2602 βασιλείαν
3147 2537 3256 2592 τοῦ
3330 2536 3503 2602 Θεοῦ,
3578 2539 3678 2592 καί

421 2609 608 2662 docens
638 2623 698 2664 ea
724 2623 839 2678 qme
853 2609 1110 2676 pertinent
1134 2607 1204 2660 ad
1226 2605 1504 2660 Dominum
1528 2604 1704 2660 Iesum
1727 2602 1992 2662 Christum

2091 2625 2397 2679 διδάσκων
2437 2625 2511 2679 τὰ
2541 2602 2675 2694 περί
2725 2627 2832 2682 τοῦ
2859 2628 3081 2696 Κυρίου
3116 2628 3319 2698 Ἰησοῦ
3348 2631 3608 2700 Χριστοῦ
3635 2632 3682 2665 ⁸¹

421 2715 540 2753 cum
574 2715 778 2753 summa
813 2698 1074 2763 libertate,
1104 2698 1307 2753 nemine
1331 2699 1654 2768 prohibente.

2091 2715 2239 2787 μετὰ
2297 2716 2502 2784 πάσης
2547 2718 2593 2751 ³³
2661 2721 3001 2789 παρῤησίας
3056 2721 3396 2789 ἀκωλύτως.

489 2789 608 2847 Non
637 2790 1096 2862 quemadmodum
1125 2790 1447 2861 Sinopensis
1482 2801 1504 2830 ι
1544 2791 1654 2858 ille,
1707 2789 1800 2862 qui
1852 2805 1992 2862 pan-

2165 2809 2240 2861 οὺ
2295 2807 2548 2880 καθάπερ
2585 2811 2614 2863 ὀ
2653 2811 2930 2875 Σινωπεὺς
2970 2812 3175 2876 ἐκεῖνος
3227 2813 3258 2866 ὁ
3323 2813 3468 2885 ῥάκη
3521 2830 3681 2886 περι-

420 2883 505 2937 nis
536 2884 768 2939 amictus
795 2892 932 2947 erat,
959 2899 1024 2940 ac
1051 2883 1258 2940 dolium
1285 2899 1385 2954 pro
1400 2885 1678 2941 domicilio
1705 2886 1942 2942 habebat
1973 2904 1986 2940 :

2095 2901 2428 2972 σεὸλημένος
2490 2903 2587 2956 καὶ
2637 2902 2795 2960 πίθον
2841 2904 3043 2964 οἰκῶνο
3097 2905 3157 2968 ὃς
3210 2883 3362 2963 οὐδέν
3433 2883 3552 2962 δέον
3597 2883 3686 2973 te.

419 2976 511 3045 qui
540 2992 664 3031 cum
699 2977 984 3048 nihilopus
1011 2987 1157 3034 esset
1179 2978 1377 3034 multos
1398 2979 1616 3049 quidem
1632 2979 1992 3037 admiratione

2095 2993 2299 3063 ἐπληξε
2361 2994 2461 3062 μὲν
2517 2993 2767 3064 πολλοὺς,
2829 2996 3078 3066 ὠφέλησε
3121 2997 3178 3052 δὲ
3241 2998 3455 3054 οὐδένα.
3513 3001 3572 3053 '0
3624 3001 3683 3053 δὲ

421 3068 504 3121 sui
565 3068 825 3124 attonitos
877 3069 1157 3134 reddebat,
1212 3070 1307 3124 sed
1350 3071 1555 3126 nemini
1615 3071 1989 3139 adiumentum

2098 3085 2308 3150 Παῦλος
2359 3085 2562 3140 τούτων
2598 3086 2697 3156 μὲν
2749 3087 2900 3142 οὐδὲν
2940 3089 3151 3144 imit-zu
3216 3090 3340 3145 οὐδὲ
3389 3091 3498 3162 γὰρ
3543 3092 3680 3162 πρὸς

421 3161 704 3216 all'erebat.
723 3159 922 3217 Paulus
944 3169 1125 3217 autem
1149 3162 1286 3217 nihil
1321 3162 1532 3220 illarum
1561 3165 1778 3234 quidem
1812 3179 1990 3221 rerum

2100 3139 2413 3248 φιλοτιμίαν

420 3253 656 3310 faciebat
684 3271 701 3313 :
729 3269 906 3326 neque
959 3255 1107 3311 enim
1161 3257 1383 3314 honoris
1425 3257 1667 3313 studium
1714 3256 1793 3312 illi
1841 3256 1991 3313 cordi

2101 3269 2242 3339 μετὰ
2313 3270 2496 3341 πάσης
2582 3269 3018 3344 εὐσχημοσύνης,
3104 3274 3198 3330 καὶ
3287 3273 3464 3328 οἰκίαν
3543 3273 3680 3344 ᾤκει

420 3353 573 3399 erat:
597 3344 842 3414 quinimo
870 3346 1253 3402 honestissime
1280 3363 1497 3419 quoque
1521 3349 1751 3405 vestitus
1774 3357 1912 3413 erat,
1938 3358 1992 3404 ct

2096 3361 2385 3432 διηνεκῶς,
2453 3363 2552 3438 καί
2613 3363 2712 3435 τὴν
2789 3364 3076 3436 ἀκρίϐειαν
3141 3365 3359 3420 ἃπασαν
3422 3366 3516 3420 ἐπὶ
3579 3367 3684 3438 τῆς

403 3437 479 3488 -in
512 3434 721 3491 aedibus
754 3446 1024 3507 perpetuo
1064 3439 1360 3506 habitabat,
1393 3455 1459 3497 ac
1485 3441 1624 3497 nihil
1658 3441 1992 3513 praetermit-

2098 3454 2267 3526 ἄλλης
2301 3457 2499 3527 ἀρετῆς
2526 3433 2886 3513 ἐπεδείκνυτοζ
2920 3453 2987 3532 ἦς
3015 3461 3043 3513 ὁ
3067 3460 3303 3525 Κυνικὸς
3355 3433 3681 3531 κατεφρόνει

424 3528 593 3592 tebat,
627 3529 774 3598 quod
803 3529 871 3584 ad
913 3530 1151 3600 reliquas
1191 3531 1422 3588 virtutes
1451 3533 1759 3604 pertinebat
1795 3551 1808 3588 :
1856 3548 1994 3604 quas

423 3617 658 3689 Cynicus
711 3621 802 3678 ille
852 3623 1192 3693 deepiciebat
1235 3623 1365 3680 dum
1409 3623 1700 3681 libidinose
1753 3627 1992 3692 vivebat,

423 3720 589 3781 atque
616 3713 671 3767 in
701 3715 918 3784 publico
951 3732 1072 3773 sese
1102 3718 1331 3787 turpiter
1351 3718 1536 3784 dabat,
1569 3729 1624 3779 et
1652 3720 1847 3776 insano
1880 3721 1996 3792 glo-

425 3805 520 3860 riae
547 3807 728 3864 studio
751 3808 1072 3867 ducebatur.
1099 3811 1238 3867 Nam
1258 3813 1304 3870 si
1324 3812 1446 3884 quis
1462 3823 1806 3885 quaet-atquae
1832 3829 1994 3870 causa

422 3892 588 3948 fuerit
616 3909 716 3950 cur
756 3895 814 3951 in
843 3896 989 3954 dolio
1009 3898 1317 3967 habitaret,
1345 3900 1550 3956 nullam
1574 3902 1736 3958 aliam
1771 3919 1994 3959 causam

423 3985 684 4051 inveniet,
722 3996 887 4059 atque
936 3990 1177 4047 studium
1217 4008 1370 4049 vanae
1425 3994 1610 4066 gloriae
1673 3997 1871 4052 solum.
1925 3998 1996 4054 At

423 4077 624 4134 Paulus
655 4083 822 4137 etiam
859 4085 1163 4140 mercedem
1191 4088 1468 4157 praebebat
1505 4089 1996 4163 habitationis,qua

423 4171 610 4228 Romae
643 4175 921 4233 utebatur.

2015 3609 2026 3615 _
2099 3547 2209 3610 ζῶν
2265 3548 2529 3616 ἀσελγῶς,
2579 3551 2672 3603 καὶ
2730 3550 2966 3623 δημοσίᾳ
3027 3551 3374 3623 ἀσχημονῶν,
3430 3554 3525 3607 καὶ
3575 3552 3684 3606 ὑπὸ

2093 3637 2198 3705 τῆς
2247 3637 2379 3708 περὶ
2433 3637 2530 3710 τὴν
2579 3640 2735 3706 δόξαν
2793 3642 2992 3712 μανίας
3051 3643 3371 3715 συρόμενος.
3415 3644 3510 3698 Ἂν
3571 3643 3682 3715 γὰρ

2096 3729 2288 3801 ἔρηταί
2341 3747 2426 3796 τις
2492 3733 2592 3804 τῆς
2644 3732 2738 3786 τοῦ
2795 3735 2952 3788 πίθου
3007 3737 3277 3806 οἰκήσεως
3316 3736 3414 3808 τὴν
3477 3737 3677 3802 αἰτίαν,

2096 3823 2352 3894 οὐδεμίαν
2402 3826 2594 3896 ἑτέραν
2647 3825 2828 3881 αἰτίαν
2879 3827 3185 3898 εὑρήσειεν,
3250 3828 3366 3884 ἀλλ’
3417 3828 3450 3902 ἦ
3525 3845 3680 3883 κενο-

2096 3913 2278 3980 δοξίαν
2324 3916 2515 3989 μόνην.
2579 3917 2638 3971 '0
2682 3918 2740 3972 δὲ
2796 3919 3008 3984 Παῦλος
3061 3922 3154 3976 καὶ
3201 3921 3394 3992 μισθὸν
3451 3923 3680 3993 παρεῖχε

2099 4006 2196 4077 τῆς
2253 4007 2456 4074 οἰκίας,
2497 4001 2622 4082 ἐνῇ
2663 4009 2964 4082 κατέμενεν
3007 4011 3050 4044 ³³
3086 4012 3146 4066 ὲν
3200 4011 3492 4084 τῇῬῶμῃ.

1596 4371 1798 4433 Variae
1839 4373 2150 4436 lectiones
2195 4381 2259 4436 et
2298 4384 2485 4440 notua.

495 4459 539 4490 ³ο
573 4459 794 4530 ἰάσομαι
823 4471 958 4517 erat.

421 4539 557 4585 erat.

485 4655 513 4696 !
540 4647 748 4703 Videtur
790 4652 935 4708 locus
976 4663 1258 4723 corruptus
1281 4666 1329 4711 et
1369 4659 1608 4714 mutilus.

1060 4464 1103 4496 "
1129 4467 1364 4539 Χριστοῦ
1399 4471 1729 4529 desideratur
1773 4479 1826 4530 in
1868 4477 1991 4549 vulg

2089 4495 2116 4532 ς.
2218 4480 2263 4511 ³⁸
2308 4479 2491 4551 πάσης
2519 4483 2848 4541 desideratur
2899 4490 2954 4542 in
3002 4486 3200 4560 aliqua.

3305 4489 3349 4523 ³³
3380 4487 3678 4562 κατέμενον

1707 4672 1728 4698 ι
1768 4661 2049 4733 Diogenem
2100 4664 2352 4735 Cynicum
2379 4671 2649 4744 intelligit.
