4114 6434
392 486 499 553 8')!

1314 488 1891 550 THEOPHYLACTI
1926 488 2343 554 BULGARi/E
2382 492 2738 555 ARCHIEP.

3576 486 3685 552 852

468 603 699 674 Spiritus
729 604 914 660 sancti.
961 602 1039 658 De
1089 612 1299 672 aspectu
1344 611 1395 657 et
1446 602 1601 655 modo
1663 602 1987 657 ascensionis

2160 604 2630 675 ἐπαητλι¹αςτῆς
2645 606 2752 662 τοῦ
2762 605 3291 677 ἁγίουζηνεύματος
3304 601 3691 675 δωρεᾶςβέας

470 695 692 763 Christi,
720 712 784 751 ac
826 695 892 751 de
917 696 1149 768 glorioso
1170 696 1337 765 ipsius
1364 694 1593 750 secundo
1620 695 1871 750 adventu.

892 875 1161 935 INITIUM
1197 876 1501 935 TEXTUS.

474 973 518 1039 1,
549 972 661 1028 1-8.
694 971 935 1028 Primum
971 969 1192 1042 quidem
1234 985 1543 1026 sermonem
1571 970 1671 1026 feci
1699 971 1767 1026 de
1803 972 1982 1025 omni-

2154 714 2219 750 τε
2249 700 2347 751 καί
2368 698 2711 768 τρόπουτῆς
2746 697 3109 766 ἀναλήψεως
3138 697 3247 753 τοῦ
3271 695 3549 765 Χριστοῦ.
3575 697 3688 752 Καὶ

2158 791 2291 859 περὶ
2304 790 2376 860 τῆ
2384 792 2605 858 ςένδόξ
2610 809 2680 845 ου
2691 791 3085 857 καὶδευτέρας
3096 790 3284 844 αὐτοῦ
3319 790 3659 858 παρουσίας
3670 809 3686 826 ο

2525 883 2713 937 ΑΡΧΗ
2740 882 2879 936 ΤΟΥ
2903 881 3292 935 ΚΕΙΜΕΝΟΥ.

2160 974 2266 1028 Τὸν
2305 976 2405 1046 μὲν
2453 975 2671 1046 πρῶτον
2704 976 2863 1044 λόγον
2901 975 3248 1046 ἐποιησάμην
3286 973 3414 1046 περὶ
3443 977 3685 1037 πάντων,

400 1066 526 1132 bus,
560 1080 594 1120 ο
624 1063 945 1135 Tbeophile,
1004 1079 1128 1133 quae
1182 1064 1348 1134 coepit
1399 1062 1563 1121 Jesus
1606 1063 1785 1120 facere
1813 1072 1867 1119 et
1889 1064 1989 1118 do-

2104 1057 2137 1117 ἶ)
2183 1065 2443 1135 Θεόφιλε,
2474 1060 2549 1121 ὧν
2574 1066 2781 1138 ηρξατο
2824 1069 2852 1121 ὁ
2876 1065 3086 1138 Ἰησοῦς
3117 1068 3378 1131 ποιεῖνπε
3426 1067 3521 1119 καὶ
3539 1064 3688 1119 διδά-

401 1173 553 1224 cere,
596 1173 774 1229 usque
801 1158 855 1213 iu
895 1156 1042 1213 diem
1088 1172 1195 1228 qua
1231 1156 1559 1228 prmcipiens
1595 1158 1860 1227 apostolis
1892 1172 1988 1228 per

401 1250 669 1323 Spiritum
704 1258 985 1317 sanctum,
1019 1265 1161 1322 quos
1204 1250 1393 1320 elegit,
1447 1259 1771 1320 assumptus
1830 1261 1914 1305 t-st
1971 1270 2007 1314 ξ,

2095 1176 2270 1225 σκειν,
2302 1160 2432 1232 ἄχρι
2465 1155 2532 1231 ἧς
2555 1162 2773 1231 ἡμέρας
2808 1158 3190 1228 ἐντειλάμενος
3220 1161 3332 1222 τοῖς
3363 1156 3686 1221 ἀποστόλοις

2091 1252 2181 1305 διὰ
2228 1254 2546 1324 Ιινεύματος
2608 1253 2789 1320 ἁγίου,
2840 1249 2935 1317 οὒς
2985 1250 3292 1316 ἐξελέξατο,
3363 1248 3684 1321 ἀνελήφθηο

398 1345 606 1415 quibus
641 1352 697 1399 et
731 1344 967 1415 praebuit
1004 1343 1250 1413 seipsum
1281 1343 1467 1396 vivum
1514 1351 1639 1411 post
1670 1343 1982 1412 passionem

2104 1341 2177 1412 οἷς
2206 1349 2303 1401 καὶ
2340 1351 2689 1421 παρέστησεν
2718 1344 2913 1401 ἐαυτὸν
2944 1342 3129 1407 ζῶντα
3182 1342 3323 1414 μετὰ
3367 1342 3430 1396 τὸ
3494 1342 3689 1396 παοεῖν

402 1450 561 1489 suam
606 1434 660 1489 in
690 1434 881 1489 multis
914 1433 1284 1504 argumentis,
1314 1447 1411 1502 per
1458 1430 1577 1486 dies
1623 1432 1989 1501 quadraginta

404 1542 679 1598 apparens
720 1527 825 1590 eis,
851 1535 907 1582 et
942 1527 1178 1595 loquens
1216 1526 1285 1580 de
1317 1539 1489 1595 regno
1531 1524 1650 1580 Dei.
1685 1522 1752 1577 Et
1786 1538 1992 1579 conve-

404 1636 593 1684 seens.
622 1622 882 1691 praecepit
914 1620 994 1676 eis
1021 1619 1091 1675 ab
1117 1617 1479 1689 .Ierosolymis
1514 1633 1586 1674 ne
1621 1617 1994 1682 discederent,

408 1714 506 1771 sed
536 1721 924 1784 exspectarent
955 1712 1385 1785 promissionem
1443 1709 1651 1778 Patris,
1701 1725 1866 1780 quam
1898 1726 1996 1764 au-

408 1805 593 1870 distis,
633 1805 835 1874 inquit,
877 1819 974 1876 per
1008 1820 1072 1861 os
1124 1819 1306 1860 meum
1339 1821 1353 1858 :
1390 1804 1518 1875 quia
1573 1802 1815 1859 Joannes
1869 1803 1994 1873 qui-

2096 1440 2262 1493 αὐτδν
2294 1442 2352 1494 ἐν
2386 1440 2603 1503 πολλοῖς
2662 1436 3014 1509 τεκμηρίοις,
3043 1436 3112 1489 δι’
3142 1435 3367 1507 ἡμερῶν
3416 1434 3688 1505 τεσσαρά-

2096 1549 2265 1586 κοντα
2293 1532 2668 1603 ὀπτανόμενος
2694 1532 2903 1597 αὐτοῖς,
2930 1531 3027 1586 καὶ
3076 1529 3255 1599 λέγων
3291 1529 3362 1582 τὰ
3414 1528 3546 1598 περὶ⁵
3583 1526 3686 1597 τῆς

2098 1626 2381 1700 βασιλείας
2411 1626 2508 1679 τοῦ
2529 1624 2689 1680 Θεοῦ.
2728 1626 2837 1680 Καὶ
2889 1623 3351 1694 συναυλιζόμενος
3376 1622 3687 1692 παρήγγει·

2096 1720 2188 1773 λεν
2218 1718 2404 1781 αὐτοῖς
2435 1720 2545 1772 ἀπὸ
2575 1716 2971 1788 Ἰεροσολύμων
3005 1715 3082 1786 μὴ
3141 1712 3497 1786 χωρίζεσθαι.
3546 1711 3689 1767 ἀλλὰ

2098 1812 2419 1886 περιμένειν
2446 1811 2546 1882 τὴν
2579 1809 2920 1879 ἐπαγγελίαν
2952 1808 3047 1861 τοῦ
3106 1806 3342 1876 Πατρδς.
3398 1805 3464 1867 ἦν
3517 1802 3688 1873 ἠκού-

408 1898 530 1952 dem
584 1898 884 1969 baptizavit
930 1913 1098 1968 aqua,
1161 1912 1261 1952 vos
1326 1905 1508 1952 autem
1576 1896 1993 1966 baptizabimini

2104 1907 2235 1961 σατέ
2272 1923 2396 1974 μου,
2427 1905 2509 1959 ὅτι
2546 1901 2802 1972 Ἰωάννης
2834 1902 2935 1972 μὲν
2964 1900 3262 1953 ἐϐάπτισεν
3299 1897 3477 1960 ὕδατι,
3526 1897 3687 1966 ὑμεῖς

409 1990 620 2060 Spiritu
649 1957 846 2047 sancto
900 1957 1006 2045 non
1043 1957 1167 2060 post
1202 1990 1407 2047 multos
1457 1989 1561 2045 bos
1591 1957 1729 2046 dies.
1768 1988 1848 2045 Illi
1889 1988 1994 2060 igi-

2104 1957 2629 2069 έαπτιόθήσεσοε
2664 1995 2723 2049 ἐν
2756 1957 3036 2063 ἦνεύματι
3056 1992 3295 2061 urinam?)
3323 1957 3690 2059 μετὰ-πολλάξ

405 2090 519 2147 tur,
568 2090 628 2139 ut
689 2085 1082 2140 convenissent
1164 2085 1242 2158 (Ι)
1288 2124 1304 2149 ,
1363 2084 1776 2155 interrogabant
1840 2087 1992 2148 eum,

406 2178 701 2232 dicentes:
741 2174 998 2241 Dosuiue,
1050 2176 1098 2230 si
1147 2176 1202 2230 in
1257 2184 1505 2246 tempore
1573 2175 1677 2229 hoc
1738 2172 1995 2229 restitues

409 2284 638 2341 regnum
672 2266 885 2323 Israel?
914 2267 1062 2323 Dixit
1097 2276 1280 2323 autem
1309 2268 1391 2324 eis
1429 2283 1446 2322 :
1484 2265 1604 2321 Non
1632 2274 1717 2321 est
1750 2275 1994 2319 vestrum

409 2375 575 2416 nosse
598 2368 854 2429 tempora
908 2358 990 2414 vel
1024 2366 1301 2413 momenta
1349 2372 1473 2428 quae
1503 2355 1668 2410 Pater
1702 2354 1888 2425 pOsuit
1938 2354 1995 2408 in

412 2467 513 2508 sua
563 2460 878 2521 potestate;
935 2448 1031 2505 sed
1091 2448 1375 2519 accipietis
1427 2448 1685 2503 virtutem
1734 2461 1993 2517 superve-

411 2544 617 2607 nientis
655 2542 894 2615 Spiritus
925 2542 1099 2598 sancti
1126 2542 1181 2596 in
1219 2556 1335 2607 vos,
1385 2548 1439 2597 et
1472 2540 1632 2596 eritis
1662 2540 1794 2593 Inibi
1833 2550 1998 2595 testes

410 2636 467 2690 in
500 2634 808 2691 Jerusalem
844 2644 899 2692 et
935 2636 989 2690 in
1033 2635 1183 2689 omni
1212 2633 1398 2687 Judma
1431 2643 1486 2689 et
1533 2633 1785 2687 Samaria
1817 2639 1870 2687 et
1903 2647 1998 2687 us-

411 2743 520 2800 que
542 2727 609 2783 ad
653 2728 901 2783 ultimum
935 2737 1116 2783 terrm.
1153 2727 1299 2781 Finis
1336 2726 1559 2781 Pascha:
1590 2724 1692 2797 (ἓ).

481 2914 700 2980 1,9-12.
718 2914 920 2970 Etcum
941 2912 1322 2979 baecdisisset,
1346 2914 1657 2969 videntibus
1679 2914 1807 2978 illis,
1826 2916 2003 2970 eleva-

411 3018 506 3066 tus
524 3018 608 3067 est
624 3027 638 3064 :
655 3021 709 3066 et
725 3011 900 3066 nubes
912 3010 1155 3080 suscepit
1171 3026 1295 3064 eum
1316 3011 1385 3063 ab
1408 3011 1586 3066 oculis
1602 3026 1816 3065 eormn.
1835 3010 1970 3065 Cum

411 3116 522 3171 que
547 3102 899 3156 intuerentur
920 3104 976 3156 in
1003 3102 1204 3157 cmlum
1231 3114 1452 3157 euntem
1487 3102 1663 3167 illum,
1684 3118 1815 3157 ecce
1839 3102 1994 3172 19],

412 3194 526 3249 duo
547 3193 647 3249 viri
681 3195 983 3250 astiterunt
1027 3194 1183 3263 juxta
1245 3195 1369 3250 illos
1424 3196 1479 3249 in
1539 3195 1786 3250 vestibus
1835 3196 1995 3260 albis,

411 3287 507 3359 qui
535 3296 589 3342 et
620 3286 879 3342 dixerunt
912 3304 926 3341 :
967 3285 1083 3342 Viri
1106 3284 1337 3352 Galilasi,
1372 3286 1506 3357 quid
1533 3288 1693 3343 statis
1725 3287 1998 3357 aspicien-

415 3392 500 3436 tes
537 3381 592 3434 in
618 3380 857 3436 caelum?
881 3380 981 3435 llic
1011 3377 1201 3444 Iesus,
1243 3380 1335 3450 qui
1366 3389 1690 3451 assumptus
1729 3389 1813 3436 est
1838 3396 1867 3433 a
1897 3395 1999 3436 vo-

414 3475 522 3540 bis,
554 3474 637 3531 sic
673 3476 880 3542 veniet,
902 3474 1369 3546 quemadmodum
1395 3475 1612 3529 vidistis
1631 3490 1757 3529 eum
1776 3483 1998 3529 euntem

416 3567 471 3620 iu
509 3566 734 3623 caelum.
790 3566 951 3622 Tune
1011 3568 1216 3625 reversi
1274 3574 1409 3623 sunt
1467 3564 1904 3638 Hierosolymam
1968 3581 1999 3619 a

410 3658 601 3705 monte
645 3649 741 3721 qui
766 3660 998 3706 vocatur
1019 3650 1239 3718 Oliveti,
1263 3650 1353 3722 qui
1380 3658 1463 3707 est
1480 3649 1639 3722 juxta
1664 3647 1999 3714 Jerusalem,

414 3743 638 3799 Sabbati
669 3744 880 3800 habens
902 3743 1026 3799 iter.

925 4027 1500 4086 COMMENTARIUS.

487 4126 546 4181 In
582 4124 909 4181 memoriam
955 4122 1266 4193 TheopbiIo
1308 4131 1534 4179 revocat
1574 4122 1934 4196 Evangelium
1970 4140 2002 4180 a

417 4237 479 4277 se
507 4220 915 4290 conscriptum,
946 4225 1008 4273 ut
1042 4216 1244 4272 exinde
1297 4225 1613 4273 accuratam
1660 4217 2002 4288 diligentiam

418 4330 577 4371 suam
608 4312 888 4369 ostendat.
922 4309 1212 4381 Siquidem
1245 4309 1407 4365 initio
1431 4310 1583 4366 illius
1614 4311 1820 4380 operis,
1855 4330 1875 4362 ε
1915 4308 2005 4364 Vi-

415 4422 539 4461 sum
572 4413 682 4469 est,
719 4403 923 4477 iuqttit,
963 4411 1020 4457 et
1054 4400 1187 4455 mihi
1217 4412 1471 4457 assecmo
1504 4401 1688 4455 munia
1724 4417 1756 4455 a
1798 4401 2005 4468 princi-

421 4498 510 4568 pio
532 4498 574 4558 ³.
601 4516 623 4550 ι
657 4505 766 4551 etc.
806 4493 1057 4551 Meminit
1092 4493 1261 4563 igitur
1290 4492 1441 4549 illius
1471 4495 1654 4563 aperis
1685 4505 1741 4549 et
1767 4495 2004 4565 diligen-

419 4594 531 4657 tia-,
558 4607 666 4660 qua
695 4590 748 4644 in
789 4604 856 4645 eo
885 4587 1292 4646 conscribendo
1321 4603 1458 4644 usus
1501 4598 1609 4655 est,
1646 4596 1706 4642 ut
1730 4604 1915 4658 parem
1947 4592 2002 4645 in

2100 2090 2311 2154 ταύτας
2337 2090 2575 2160 ἡμέρας.
2610 2089 2672 2142 Oi
2724 2087 2827 2157 μὲν
2855 2082 2949 2141 οὖν
2979 2084 3327 2146 συνελθόντες
3388 2080 3691 2153 ἐπηρώτων

2100 2184 2263 2240 αὐτὸν
2292 2183 2545 2254 λέγοντες
2566 2197 2581 2216 ο
2619 2179 2815 2251 Κύριε,
2847 2180 2896 2232 εί
2926 2181 2984 2232 ἐν
3009 2178 3087 2249 τῷ
3117 2178 3295 2249 χρόνῳ
3321 2175 3497 2242 τούτῳ
3516 2177 3688 2229 -ἁπο-

2103 2275 2453 2340 καθιστάνεις
2493 2275 2592 2348 τὴν
2624 2274 2908 2343 βασιλείαν
2969 2272 3049 2343 τῷ
3095 2269 3361 2343 Ἰσραήλς
3432 2266 3572 2324 Eine
3628 2266 3689 2320 δέ

2101 2369 2239 2442 πρὸς
2293 2370 2493 2434 αὐτούς
2523 2386 2534 2398 ’
2563 2370 2677 2440 Οὐχ
2717 2368 2874 2439 ὑμῶν
2923 2368 3043 2419 ἐστι
3117 2365 3321 2434 γνῶναι
3374 2362 3601 2434 χρόνους
3652 2359 3687 2429 ἢ

2104 2465 2355 2535 καιροὺς,
2388 2464 2481 2528 οὓς
2519 2465 2549 2517 ὁ
2578 2463 2768 2534 Πατὴρ
2788 2460 2943 2515 ἔθετο
2969 2462 3028 2513 ἐν
3058 2462 3124 2532 τῇ
3160 2459 3268 2529 ἰδίᾳ
3294 2455 3532 2526 ἐξουσίᾳ,
3554 2452 3691 2508 ἀλλὰ

2102 2556 2342 2626 λήψεσθε
2364 2555 2596 2626 δύναμιν
2626 2553 2710 2627 [ἐξ
2764 2551 2954 2625 ὕψους]
3025 2551 3346 2613 ἐπελθόντος
3396 2547 3490 2601 τοῦ
3530 2546 3689 2615 ἁγίου

2103 2646 2421 2716 Πνεῦματος
2445 2648 2530 2717 ἐφ’
2559 2647 2727 2717 ὑμᾶς,
2764 2644 2859 2700 καὶ
2893 2642 3083 2697 ἔσεσθέ
3146 2657 3240 2711 μοι
3303 2639 3581 2710 μάρτυρες
3631 2636 3692 2688 ἐν

2103 2755 2163 2791 τε
2206 2737 2589 2809 Ἰερουσαλὴμ.
2617 2739 2713 2789 καὶ
2749 2737 2811 2788 ἐν
2838 2734 2992 2805 πάσῃ
3030 2733 3098 2803 τῇ
3143 2728 3378 2800 Ἰουδαίᾳ
3433 2727 3530 2780 καὶ
3588 2726 3692 2779 Σα-

2108 2831 2330 2901 μαρείᾳ.
2366 2834 2410 2884 Τ
2405 2829 2549 2895 Hoc
2567 2828 2675 2882 τοῦ
2698 2827 2935 2897 Πάσχα.

2179 2924 2289 2978 Καὶ
2324 2922 2495 2976 ταῦτα
2525 2919 2715 2986 εἰπὼν,
2751 2919 3055 2993 βλεπόντων
3085 2915 3290 2979 αὐτῶν,
3332 2915 3568 2985 ἐπήρθη,
3593 2912 3689 2966 καὶ

2103 3017 2305 3088 νεφέλη
2339 3016 2611 3070 ὑπέλαϐεν
2638 3014 2801 3068 αὐτὸν
2837 3012 2947 3067 ἀπὸ
2976 3012 3087 3065 τῶν
3132 3007 3428 3079 ὀφθαλμῶν
3483 3005 3688 3062 αὐτῶν.

2107 3110 2220 3164 Καὶ
2257 3110 2331 3174 ὡς
2361 3108 2704 3173 ἀτενίζοντες
2733 3102 2874 3178 ἦσαν
2902 3106 2984 3170 εἰς
3038 3105 3133 3156 τὸν
3176 3100 3409 3173 οὐρανὸν
3457 3114 3691 3168 πορευο-

2111 3204 2273 3272 μένου
2299 3199 2488 3265 αὐτοῦ,
2522 3200 2616 3254 καὶ
2668 3198 2777 3251 ίδοὺ
2833 3195 3026 3264 ἄνδρες
3082 3194 3176 3247 δύο
3224 3191 3693 3264 παρειστήκεισαν

2107 3288 2293 3358 αὐτοῖς
2350 3294 2407 3346 ἐν
2438 3292 2627 3362 ἐσθῆτι
2659 3291 2847 3361 λευκῇ,
2871 3287 2923 3342 οἳ
2972 3289 3069 3342 καὶ
3094 3281 3247 3340 εἷπον
3278 3301 3292 3317 ο
3319 3282 3544 3353 ’Ἄνδρες
3580 3281 3689 3333 Γα-

2104 3388 2324 3450 λιλαῖοι,
2350 3386 2402 3439 τί
2429 3386 2699 3455 ἑστήκατε
2731 3381 3099 3452 ἐμϐλέποντες
3146 3380 3226 3442 είς
3256 3377 3347 3432 τὸν
3407 3372 3638 3446 οὐρανόν
3669 3390 3690 3438 ;

2105 3474 2277 3541 Οὗτος
2307 3481 2335 3533 ό
2379 3476 2591 3547 Ἰησοῦς
2655 3477 2684 3528 ὁ
2744 3473 3078 3543 ἀναληφθεὶς
3132 3470 3224 3540 ἀφ’
3266 3467 3421 3540 ὑμῶν
3472 3468 3553 3530 είς
3595 3464 3695 3518 τὸν

2102 3569 2351 3639 οὐρανὸν,
2374 3568 2548 3630 οὕτως
2580 3564 2863 3619 ἐλεύσεται
2898 3559 3111 3636 [πάλινι
3138 3561 3199 3615 ὃν
3220 3558 3422 3630 τρόπον
3462 3555 3698 3609 ἐθεάσα-

2106 3662 2202 3715 σοε
2261 3660 2430 3714 αὐτὸν
2458 3657 2826 3729 πορευόμενον
2851 3658 2931 3720 είς
2952 3656 3048 3708 τὸν
3096 3652 3350 3724 οὐρανόν.
3386 3650 3525 3704 Τότε
3586 3648 3696 3700 ὑπ·-

2104 3752 2376 3825 ιςτρεψαν
2394 3753 2446 3806 οἱ
2475 3750 2770 3805 ἀπόστολοι
2798 3749 2881 3812 είς
2947 3745 3326 3818 Ἰερουσαλὴμ,
3353 3741 3466 3798 ἀπὸ
3526 3739 3696 3811 ὅρους

2104 3848 2200 3905 τοῦ
2234 3848 2578 3918 καλουμένου
2606 3843 2920 3908 Ἐλαιῶνος,
2943 3841 2973 3896 ὅ
3011 3842 3159 3895 ἐστιν
3190 3838 3358 3908 ἐγγὺς
3416 3834 3696 3906 Ἰερουσα-

2107 3945 2239 4015 λὴμ,
2281 3941 2564 3996 Σαϐϐἀτου
2593 3939 2714 4011 ἔχον
2742 3937 2885 3992 ὁδόν.

2657 4027 3039 4086 ΕΡΜΗΝΕΙΔ.

2209 4120 2636 4199 Αναμιμνῆσκει
2695 4124 2789 4178 τὸν
2850 4120 3115 4190 Θεόφιλον
3174 4117 3270 4171 τοῦ
3328 4111 3693 4183 Εὐαγγελίου,

2110 4222 2255 4276 ὥστε
2284 4198 2629 4291 τῆνοίκείαν
2663 4198 2965 4290 ἀκρίϐειαν.
3002 4207 3366 4278 ἐνδείξασθαι.
3408 4206 3521 4262 Καὶ
3582 4204 3697 4274 γὰρ

2107 4316 2412 4389 ἀρχόμενος
2438 4312 2656 4382 ἐκείνης
2683 4311 2784 4382 τῆς
2813 4304 3197 4380 πραγματείας
3232 4300 3420 4374 φησίν·
3452 4318 3471 4353 ι
3501 4298 3695 4363 Ἔδοξε

2111 4408 2287 4479 κάμοὶ
2348 4401 2866 4478 παρηκολουθηκότι
2915 4398 3147 4463 ἄνωθεν,
3188 4414 3207 4448 ι
3268 4393 3366 4448 καὶ
3417 4390 3486 4446 τὰ
3539 4389 3690 4458 ἑξῆς.

2114 4500 2406 4570 Μέμνηται
2428 4493 2523 4552 οὖν
2553 4495 2655 4565 τῆς
2679 4491 3066 4565 πραγματείας
3101 4488 3341 4558 ἐκείνης,
3378 4485 3478 4555 τῆς
3514 4485 3696 4537 ἐκεῖσε

2113 4593 2554 4663 ἀναμιμνήσκων
2573 4586 2885 4656 ἀκριϐείας,
2918 4584 3002 4637 ἴνα
3028 4583 3127 4654 τὴν
3194 4580 3366 4649 αὐτὴν
3418 4576 3514 4632 καὶ
3563 4573 3699 4645 περὶ

420 4684 527 4737 boc
559 4683 703 4739 libro
739 4682 1044 4750 impensam
1108 4694 1233 4734 esse
1284 4679 1489 4743 sciens,
1549 4678 1619 4734 iis
1675 4694 1798 4747 quze
1839 4682 1893 4736 in
1937 4697 1997 4739 eo

2113 4683 2209 4738 τοῦ
2234 4682 2505 4754 παρόντος
2531 4678 2740 4752 βιϐλίου
2771 4675 3018 4745 κατέχων
3048 4673 3147 4741 τὴν
3165 4671 3430 4732 διάνοιαν,
3447 4666 3697 4739 προσέχῃ

417 4778 795 4841 continentur,
846 4776 1095 4831 animum
1155 4790 1321 4846 quam
1365 4774 1603 4830 maxime
1666 4775 1995 4836 adverteret.

418 4868 689 4933 Czeterum
718 4882 830 4939 prae
857 4867 1128 4924 modestia
1192 4882 1304 4922 non
1344 4867 1486 4923 dixit
1520 4885 1534 4921 :
1574 4865 1820 4923 Primum
1872 4874 2002 4942 qui-

418 4962 543 5016 dem
598 4960 952 5025 Evangelium
1009 4959 1151 5025 feci,
1194 4975 1232 5016 ο
1293 4960 1614 5030 Theophile.
1668 4954 2005 5034 TltEopltilus

419 5065 553 5117 vero
582 5050 687 5105 iste
719 5064 863 5103 unus
893 5064 959 5104 ex
991 5049 1059 5104 iis
1084 5059 1204 5105 erat
1232 5050 1325 5120 qui
1356 5050 1430 5105 ab
1458 5050 1580 5121 ipso
1609 5050 1831 5122 pietatis
1862 5070 2004 5124 pne-

418 5143 594 5215 ceptis
631 5141 825 5197 imbuti
862 5140 1102 5197 fuerant.

494 5251 512 5284 ε
549 5233 681 5299 Quze
708 5233 898 5301 coepit.
939 5251 956 5283 ι
990 5232 1253 5290 Min-acula
1289 5235 1501 5292 scilicet
1527 5244 1585 5293 et
1611 5237 1911 5307 doctrinas,
1948 5250 2005 5296 et

421 5333 686 5390 praeterea
726 5323 879 5394 quod
948 5322 1202 5381 faciendo
1251 5324 1504 5381 docuerit
1542 5345 1554 5381 :
1593 5343 1703 5385 non
1734 5333 2003 5389 enimille

423 5415 604 5471 verbis
629 5425 841 5472 tantum
880 5416 1171 5485 suadebat,
1204 5419 1300 5476 sed
1339 5424 1623 5490 operando
1660 5427 2002 5495 provocabat

496 5550 679 5608 'Luc.
737 5569 775 5620 ι,
830 5553 884 5609 3.

2119 4779 2359 4851 μάλιστα
2392 4779 2507 4838 τοῖς
2526 4772 2924 4846 γραφομένοις.
2974 4767 3073 4822 Διά
3093 4764 3153 4820 δέ
3180 4765 3243 4819 te
3293 4763 3499 4831 ἄτυφον
3544 4757 3692 4851 [οὐκ]

2115 4844 2239 4927 εἷπε
2267 4886 2282 4903 ο
2310 4870 2386 4925 To
2420 4869 2522 4941 μὲν
2570 4844 2792 4935 πρῶτον
2850 4860 3187 4931 Εὐαγγέλιον
3257 4855 3626 4925 ἐποιησάμην,
3649 4844 3699 4904 ὧ

2112 4962 2362 5033 Θεόφιλε.
2411 4955 2583 5015 Οὗτος
2612 4958 2669 5012 δέ
2692 4952 2775 5020 εἷς
2802 4952 2874 5028 ἦν
2921 4954 3032 5008 τῶν
3086 4948 3509 5023 κατηχηθέντων
3564 4943 3695 5014 παρ’

2111 5056 2281 5114 αὑτοῦ
2300 5056 2402 5127 τὴν
2429 5050 2734 5107 εὐσέϐειαν.

2186 5259 2208 5294 ι
2246 5234 2348 5293 Ὧν
2377 5237 2603 5311 ἤρξατο.
2638 5255 2654 5286 ι
2684 5236 2765 5289 Τὰ
2798 5233 3054 5304 Θαύματα
3086 5230 3181 5286 καὶ
3210 5231 3311 5296 τὰς
3342 5196 3696 5291 διδασκαλίας

2112 5332 2303 5406 φησιν.
2340 5331 2416 5384 Οὐ
2443 5328 2602 5384 τοῦτο
2625 5328 2679 5382 δὲ
2710 5327 2892 5397 μόνον,
2952 5324 3070 5380 ἀλλ’
3100 5325 3184 5378 ὅτι
3239 5323 3334 5377 καὶ
3388 5320 3468 5394 τῷ
3516 5323 3693 5375 ποιεῖν

2111 5426 2413 5481 ἐδίδασκεν.
2440 5424 2514 5477 Οὐ
2539 5421 2648 5492 γὰρ
2680 5421 2826 5493 λόγῳ
2872 5419 2972 5491 μὲν
3006 5417 3283 5490 ἐπέτρεπε
3335 5418 3449 5480 τοῖς
3508 5414 3693 5478 ἄλλοις

1609 5630 1808 5694 Variae
1852 5633 2160 5697 lectiones
2203 5639 2265 5698 et
2310 5639 2495 5697 notae.

495 5750 572 5820 (1)
602 5750 675 5804 Ita
711 5762 863 5807 verto
885 5759 1061 5822 magis
1091 5769 1276 5822 presse
1300 5758 1365 5810 ad
1399 5765 1607 5812 textum
1636 5759 1909 5819 Graecum,
1939 5770 2001 5816 ut

426 5825 1357 5903 routmentatorisauimadvcrsinni
1393 5829 1463 5881 sit
1505 5830 1681 5886 locus.
1713 5828 1873 5901 Vulg.
1902 5832 1995 5885 ba-

427 5890 518 5945 bct
559 5906 573 5941 :
609 5889 782 5961 igitur
800 5893 888 5961 qui
912 5906 1283 5948 convenerant.

500 5961 576 6030 ('2)
601 5959 704 6026 Qui
731 5959 877 6017 hunc
908 5969 1364 6021 commentarium
1410 5984 1474 6024 ex
1508 5969 1695 6027 codice
1726 5969 1990 6027 Vaticano

2111 5761 2433 5830 evscripsit,
2465 5775 2562 5827 pro
2593 5773 2692 5830 sua
2720 5756 3002 5830 diligentia
3048 5753 3339 5830 annotavit
3362 5751 3527 5830 verm
3557 5748 3686 5813 ista,

2109 5832 2273 5914 Τέλος
2294 5821 2390 5884 τοῦ
2423 5821 2638 5900 Πάσχα,
2660 5829 2783 5898 ﬁnis
2804 5827 3044 5893 Pascha,
3076 5841 3200 5905 Esse
3235 5825 3288 5878 in
3322 5821 3513 5877 codice
3540 5836 3571 5873 α
3601 5833 3690 5874 τεσ-

2104 5909 2338 5957 cautiore
2366 5909 2690 5955 atramento.
