4114 6450
450 424 558 492 855

1375 427 1952 492 THEOPHYLACTI
1994 433 2405 497 BULGARUE
2444 435 2799 498 ARCHIEP.

3593 438 3697 507 856

457 538 604 594 unde
638 554 766 595 vero
798 555 863 596 ex
900 541 1214 596 testimonio
1243 539 1472 598 Joannis
1510 551 1694 596 notum
1741 551 1845 603 est,
1879 560 2008 611 quor

2131 548 2271 620 ἁγίῳ
2297 549 2392 603 καὶ
2437 549 2684 622 πυρί.--
2718 551 2782 603 Ol
2825 550 2925 621 μὲν
2965 548 3079 604 οὖν.
3124 567 3144 604 ›
3203 534 3372 606 Ὅταν
3432 552 3697 624 μέλλωσιν

455 634 571 700 ipse
600 632 977 700 baptizaturus
1008 641 1126 688 erat
1154 652 1167 688 :
1207 653 1224 684 ι
1257 634 1377 701 Ipse
1396 635 1562 694 enim,
1601 655 1618 686 ι
1664 636 1756 700 ait,
1802 655 1819 686 ι
1852 637 2025 706 bapti-

455 726 599 779 zabit
617 740 710 779 vos
732 725 784 778 in
811 725 1014 796 Spiritu
1037 734 1249 792 sancto,
1267 737 1322 782 et
1342 728 1464 796 igne
1481 727 1662 780 ⁸.»-σ
1687 727 1851 798 Igitur
1869 731 1984 798 qui.
2000 748 2017 778 ι

2127 641 2359 711 ἐρωτᾷν,
2399 643 2532 712 ὁμοῦ
2563 641 2985 713 προσέρχονται,
3015 642 3101 696 ἵνα
3128 642 3206 712 τῷ
3222 642 3419 714 πλήθει
3439 643 3694 717 δυσωπή-

2127 749 2310 786 σωσιν.
2331 732 2586 802 ’ῌδεισαν
2606 734 2736 804 γὰρ,
2767 734 2849 787 ὅτι
2872 734 2933 788 τὸ
2963 731 3152 803 πρώην
3175 735 3484 804 εἰρημένον,
3540 752 3696 789 τουτ-

454 817 589 869 Cum
631 817 973 886 interrogare
1009 820 1216 880 volunt,
1245 819 1406 873 simul
1445 821 1734 880 accedunt,
1789 830 1848 875 ut
1884 822 2008 875 mid-

2123 826 2289 884 έστιν.
2323 845 2343 877 ι
2367 825 2554 889 Οὐδεὶς
2581 819 2691 879 οἶδε
2710 825 2808 896 τὴν
2837 825 3074 896 ἡμέραν,
3106 845 3125 878 ι
3159 827 3583 898 διακρουομένου
3604 823 3695 898 ἦν,

454 907 686 962 titndine
721 909 1096 979 impetrarent.
1123 911 1395 965 Noveram
1413 912 1555 966 enim
1591 913 1722 967 illud
1754 914 1898 981 quod
1927 929 2022 966 au-

457 1008 538 1053 tra
568 1002 648 1054 eis
685 999 894 1055 dixerat
937 1019 949 1054 :
992 1018 1010 1050 ι
1069 1001 1142 1055 De
1189 1001 1276 1056 die
1317 1001 1408 1055 illa
1443 1017 1601 1056 nemo
1656 1003 1826 1070 scit',
1858 1022 1875 1056 ι
1911 1019 2016 1057 non

453 1091 777 1159 ignorantis,
808 1091 901 1145 sed
938 1092 1270 1160 repellentis,
1313 1107 1375 1145 ac
1401 1094 1814 1162 responsionem
1863 1094 2016 1149 diﬂe-

449 1185 618 1236 rents
650 1183 816 1237 fuisse
847 1201 862 1238 :
901 1183 1108 1238 ideirco
1142 1183 1324 1237 denuo
1357 1185 1718 1254 interrogant.
1752 1184 1894 1251 Quid
1919 1203 2016 1240 an-

447 1282 553 1329 tem
591 1274 671 1328 eis
708 1274 1042 1345 respondet?
1079 1294 1098 1327 ι
1134 1274 1254 1330 Non
1289 1283 1372 1330 est
1404 1285 1648 1330 vestrum
1684 1291 1845 1330 nosse
1877 1270 2016 1330 tem?

352 1431 364 1444 .
445 1381 599 1433 pora,
630 1367 712 1421 vel
748 1377 1046 1422 momenta.
1084 1386 1103 1418 ›
1145 1367 1414 1438 Tempora
1443 1368 1548 1421 illis
1582 1378 1707 1423 nota
1733 1383 1836 1422 non
1863 1369 2015 1430 facit.

443 1474 459 1507 ι
480 1471 568 1508 nm
593 1456 729 1511 alias
750 1471 846 1511 eos
875 1458 1046 1525 multo
1066 1458 1271 1524 majora
1300 1459 1580 1512 docuisset
1613 1475 1627 1512 :
1656 1458 1782 1526 quia
1807 1459 2018 1514 scilicet

441 1546 676 1610 Volebat,
714 1555 772 1600 ut
808 1549 1092 1617 vigilantes
1117 1556 1334 1614 essent;
1365 1560 1416 1602 et
1447 1550 1666 1604 aliunde
1696 1549 1828 1603 nihil
1863 1551 2015 1617 igno-

446 1638 584 1690 ratio
608 1639 710 1693 ista
739 1640 818 1694 eis
847 1641 1097 1695 nocebat.
1131 1640 1246 1695 Non
1304 1643 1467 1696 etiam
1512 1641 1806 1710 respondet
1839 1641 1905 1697 ad
1937 1642 2010 1710 id,

443 1729 513 1782 de
541 1745 652 1797 quo
709 1731 1119 1801 interrogabant
1149 1747 1163 1784 :
1200 1734 1458 1802 quoniam
1497 1734 1740 1802 magistri
1772 1743 1873 1794 est,
1905 1721 2011 1788 non

442 1838 566 1889 qna:
596 1822 899 1891 discipulus
929 1825 1098 1894 cupit,
1121 1825 1234 1878 °sed
1271 1840 1392 1892 quae
1421 1826 1560 1880 scire
1612 1826 1712 1894 ipsi
1769 1827 2010 1895 prodest,

440 1929 564 1967 cum
591 1912 808 1968 docere.
845 1916 909 1969 Et
941 1915 1061 1979 ideo
1095 1916 1171 1970 ait
1204 1934 1218 1970 :
1253 1935 1271 1966 ι
1317 1916 1432 1970 Non
1467 1925 1551 1972 est
1578 1926 1816 1970 vestrum
1845 1932 2009 1973 nosse

440 2013 709 2075 tempora,
741 2006 821 2060 vel
853 2016 1148 2061 momenta.
1187 2027 1204 2060 ι
1242 2007 1464 2072 Deinde,
1520 2025 1586 2060 ne
1614 2017 1866 2078 putarent
1895 2009 2011 2064 fore

441 2104 498 2148 ut
538 2097 590 2150 in
628 2098 796 2154 multa
823 2098 1128 2154 inciderent
1162 2099 1424 2169 pericula,
1469 2099 1831 2169 propinquam
1863 2113 2004 2162 esse,

437 2189 514 2240 ait
565 2188 806 2258 ipsorum
836 2205 863 2243 a
897 2190 1112 2245 cunctis
1140 2189 1552 2246 dimcultatibus
1606 2191 2003 2245 liberationem.

439 2299 457 2330 ι
499 2281 792 2350 Accipietis
830 2300 848 2333 ι
905 2282 1071 2349 enim,
1134 2283 1332 2353 inquit,
1374 2301 1392 2334 ι
1427 2283 1683 2336 virtutem
1739 2301 1758 2332 ι
1793 2299 1859 2336 οι
1899 2282 2008 2336 alto

441 2393 458 2424 ι
500 2373 938 2442 supervenientis
966 2376 1208 2446 Spiritus
1243 2377 1415 2431 sancti
1447 2377 1499 2430 in
1535 2392 1652 2430 vos.
1683 2395 1702 2428 ι
1734 2375 2004 2441 Quoniam

440 2466 597 2536 193
630 2477 806 2521 autent
866 2468 1015 2538 prius
1064 2467 1321 2522 dixerat8
1374 2485 1387 2522 :
1430 2485 1450 2518 ι
1494 2465 1551 2520 In
1588 2466 1728 2521 viam
1761 2466 2005 2535 gentium

436 2577 508 2614 ne
539 2561 811 2622 abieritis,
851 2580 870 2611 ι
904 2561 1054 2630 quod
1090 2560 1248 2615 vellet
1290 2560 1532 2614 omnium
1566 2559 1758 2629 primis
1801 2557 2006 2614 Judais

434 2652 785 2722 Evangeliinn
820 2651 1163 2717 aununtiari,
1203 2659 1260 2706 at
1315 2660 1446 2706 tunc
1494 2665 1588 2720 per
1619 2659 1790 2704 totum
1833 2659 2006 2704 terra-

436 2759 553 2797 rum
595 2743 784 2798 orbem
821 2743 1096 2814 Evangelii
1131 2742 1445 2812 prtedicatio
1474 2740 1830 2796 dill'undenda
1856 2751 1999 2802 erat.

433 2849 676 2904 congrue
706 2834 890 2888 subdit
922 2852 934 2888 :
973 2852 990 2885 ι
1037 2833 1098 2886 Et
1131 2833 1185 2887 in
1218 2832 1405 2889 Judzea
1430 2843 1484 2888 et
1522 2831 1768 2887 Samaria
1813 2839 1868 2885 et
1907 2845 2004 2885 us-

435 2943 540 2996 que
579 2927 645 2981 ad
682 2927 930 2980 ultimum
966 2936 1142 2981 terrae.
1179 2944 1198 2978 ι
1233 2955 1302 2965 —
1330 2945 1348 2976 ι
1391 2924 1526 2979 Cum
1569 2925 1684 2978 hzec
1716 2932 1895 2978 autem
1921 2922 2005 2977 di~

433 3021 627 3084 xissct,
693 3037 712 3070 ι
773 3035 840 3072 ne
893 3034 1084 3074 rursus
1133 3034 1256 3072 eum
1333 3017 1752 3087 interrogarent,
1814 3017 2002 3072 statim

436 3131 456 3163 ι
497 3118 810 3179 assumptus
858 3119 962 3176 est,
1013 3119 1066 3164 et
1103 3111 1275 3166 nubes
1324 3110 1568 3179 suscepit
1617 3126 1765 3174 eum,
1807 3129 1826 3162 ι
1865 3126 2004 3180 quo-

433 3205 577 3256 niam
627 3202 716 3255 illa
759 3202 973 3273 signum
1035 3211 1117 3256 est
1167 3201 1460 3257 Dtnniuice
1516 3203 1716 3257 divina:
1758 3203 1999 3258 virtutis.

437 3309 458 3346 r
493 3290 590 3346 lic
617 3290 800 3357 Jesus,
830 3291 921 3360 qui
955 3299 1271 3360 assumptus
1295 3300 1398 3346 est.
1435 3309 1454 3341 ι
1497 3291 1745 3347 Dictione
1767 3292 2000 3347 demou-

431 3384 658 3440 strativa
706 3385 788 3438 usi
838 3391 989 3447 sunt,
1038 3385 1285 3441 dicentes
1327 3403 1342 3439 :
1380 3404 1399 3436 ι
1443 3383 1541 3438 llie
1585 3384 1748 3441 .lesus
1787 3385 1878 3454 qui
1915 3401 2004 3439 as-

434 3484 688 3544 sumptus
716 3483 800 3529 est
830 3476 882 3528 in
917 3475 1141 3538 cmlum,
1191 3476 1272 3530 sic
1307 3476 1510 3537 veniet,
1557 3495 1576 3528 ι
1617 3491 1834 3545 nempe,
1874 3489 2001 3528 cum

433 3583 681 3637 corpore.
714 3569 790 3621 Ae
823 3567 984 3622 etiam
1014 3608 1029 3628 ,
1086 3567 1208 3637 quia
1255 3568 1603 3637 jndicaturus
1665 3571 1846 3622 veniet
1886 3585 1903 3617 ι
1948 3567 2004 3622 in

435 3661 601 3714 lube.
634 3678 654 3712 ι
690 3657 850 3714 Viros
887 3673 1015 3713 vero
1077 3673 1172 3713 eos
1207 3667 1408 3723 vocat,
1466 3658 1592 3726 qnla
1650 3657 1786 3711 tales
1827 3656 2004 3711 oculis

435 3752 812 3822 apparebant:
855 3749 1132 3821 siquidem
1159 3750 1335 3820 angeli
1376 3749 1453 3802 illi
1511 3765 1580 3804 ne
1607 3757 1876 3804 terrorem
1913 3746 2003 3801 in-

434 3849 706 3905 cuterent,
743 3842 980 3895 virorum
1031 3839 1260 3904 formam
1317 3849 1508 3895 exacte
1564 3844 2000 3908 assumpserant.

434 3935 549 3990 Duo
578 3922 762 3988 autem
790 3940 1146 3990 accesserunt
1169 3972 1184 3997 ,
1219 3941 1279 3989 ut
1325 3932 1625 3989 testimonii
1691 3932 2002 3986 llr-unitatem

431 4024 762 4081 indicarent.
799 4024 1050 4080 Dicentes
1075 4040 1238 4080 vero:
1270 4043 1289 4076 ι
1321 4025 1462 4090 Quid
1486 4025 1643 4080 statis
1671 4023 2004 4094 aspicientes

432 4119 488 4170 in
518 4116 764 4172 cmlnm?
798 4134 818 4170 ι
856 4131 954 4172 eos
974 4124 1340 4183 monuerunt,
1365 4133 1433 4172 ne
1463 4117 1670 4172 diutius
1709 4115 1849 4171 eoin
1884 4117 2004 4172 loco

430 4218 737 4270 manerent,
776 4224 909 4263 neve
942 4217 1325 4280 exspectarent
1382 4210 1536 4264 illum
1579 4225 1772 4265 rursus
1796 4210 2003 4265 videre.

438 4319 457 4352 ι
485 4300 638 4356 Tunc
664 4301 866 4356 reversi
899 4309 1048 4358 sunt.
1089 4319 1110 4353 ι
1136 4331 1205 4342 --
1235 4321 1254 4354 ι
1285 4302 1462 4366 Tunc,
1495 4320 1516 4356 ι
1545 4302 1742 4373 inquit,
1767 4303 2003 4368 scilicet,

432 4392 698 4447 cantharo
738 4393 1039 4460 audissent,
1082 4394 1285 4449 reversi
1313 4404 1461 4449 sunt.
1522 4392 1790 4449 Videntur
1847 4408 2001 4460 vero,

436 4485 549 4538 haec
595 4485 682 4540 die
744 4484 965 4539 Sabbati
1024 4485 1343 4556 contigisse,
1399 4499 1466 4540 ee
1507 4485 1650 4554 quod
1707 4485 1876 4548 dicat,
1912 4503 1931 4536 ι
1962 4485 2004 4538 Δ

2122 919 2222 970 οὐκ
2246 918 2591 986 ἀγνοοῦντος,
2624 914 2740 971 ἀλλ’
2766 918 3204 988 ἀναϐαλλομένου
3235 919 3376 980 τέως
3407 920 3507 989 τὴν
3560 921 3698 974 ἀπό-

2123 1028 2321 1078 κρισιν.
2353 1011 2452 1065 Διὰ
2481 1011 2639 1065 τοῦτο
2664 1011 2825 1065 πάλιν
2849 1011 3148 1083 ἐρωτῶσιν.
3201 1009 3268 1063 Τί
3322 1006 3417 1065 οὖν
3479 1029 3648 1081 φησιν
3676 1028 3690 1044 ο

2128 1121 2145 1152 ι
2175 1103 2285 1171 Οὐχ
2311 1103 2463 1170 ὑμῶν
2485 1104 2600 1157 ἐστι
2647 1102 2851 1171 γνῶναι
2913 1103 3139 1172 χρόνους
3173 1103 3204 1172 ἢ
3238 1104 3484 1172 καιροὺς,
3525 1122 3544 1156 ι
3602 1105 3696 1157 καὶ

2118 1194 2184 1246 τὰ
2209 1194 2354 1263 έξῆς.
2386 1195 2463 1248 Οὐ
2497 1195 2720 1262 λέγειδὲ
2761 1195 2942 1258 αὐτοῖς
2976 1196 3067 1247 τὸν
3135 1196 3350 1264 καιρὸν,
3391 1195 3459 1248 τὰ
3513 1193 3694 1265 πολλῷ

2123 1285 2342 1355 μείζονα
2391 1284 2628 1350 διδάξας,
2660 1287 2745 1339 ἵνα
2775 1287 3136 1355 ἐγρηγορότες
3157 1279 3259 1339 ὦσι
3287 1301 3302 1316 ·
3338 1287 3434 1339 καὶ
3468 1286 3578 1356 γὰρ
3600 1286 3694 1339 οὑ-

2119 1378 2210 1431 δὲν
2236 1378 2565 1432 ὲὸλὰπτοντο
2598 1379 2670 1450 μὴ
2689 1379 2920 1450 εἰδότες.
2947 1379 3026 1430 ’οὑ
3068 1379 3206 1448 πρὸς
3237 1379 3264 1432 ὃ
3292 1379 3350 1430 δὲ
3395 1380 3694 1448 ἠρώτησαν

2118 1471 2416 1540 ἀπεκρίθη.
2479 1445 2816 1538 Τοῦτονγὰρ
2873 1445 3195 1523 διδασκάλου
3253 1445 3693 1541 ἐστὶνξτδίούχ

2116 1561 2152 1615 ἃ
2183 1562 2431 1631 βούλεται
2464 1562 2492 1614 6
2527 1561 2793 1632 μαθητὴς,
2823 1561 2939 1613 ἀλλ’
2968 1560 3004 1614 ἃ
3036 1560 3305 1630 συμφέρει
3349 1559 3562 1628 μαθεῖν,
3613 1559 3693 1613 δι-

2116 1655 2357 1709 δάσκειν.
2387 1655 2476 1708 Διό
2504 1671 2666 1726 φησιν
2693 1671 2706 1684 ·
2733 1671 2752 1705 ι
2779 1655 2890 1723 Οὐχ
2913 1653 3067 1723 ὑμῶν
3091 1654 3207 1706 ἐστι
3236 1653 3433 1722 γνῶναι
3467 1652 3694 1723 χρόνους

2117 1744 2422 1816 ἣκαιροῦς,
2457 1765 2475 1796 ι
2519 1745 2615 1798 κα)⁵
2668 1743 2736 1796 τὰ
2765 1741 2912 1814 ἑξῆς.
2952 1738 3084 1796 Εἶτα
3133 1742 3224 1796 ἵνα
3267 1741 3342 1812 μὴ
3384 1742 3684 1812 νομίσωσιν

2116 1837 2198 1890 ὅτι
2232 1836 2447 1898 πολλοῖς
2479 1833 2910 1905 περιπεσοῦνται
2941 1831 3348 1899 κινδύνοις,τὴν
3367 1831 3692 1900 ἀπαλλαγὴν

2115 1929 2224 1982 τῶν
2253 1927 2529 1998 δυσχερῶν
2555 1928 2781 1998 πλησίον
2827 1925 2964 1980 εἶναι
2989 1927 3158 1994 λέγει.
3206 1943 3224 1977 ι
3260 1925 3508 1996 Λήψεσθε
3559 1925 3690 1996 γὰρ,

2117 2021 2292 2089 φησὶ,
2337 2021 2569 2090 δύναμιν
2620 2019 2679 2084 ἐξ
2735 2018 2903 2089 ὕψους
2933 2057 2949 2081 ,
3016 2016 3334 2081 ἐπελθόντος
3395 2015 3488 2070 τοῦ
3534 2016 3692 2084 ἁγίου

2117 2114 2433 2184 Πνεῦματος
2456 2114 2718 2183 ἐφ’ὑμᾶς.
2757 2132 2775 2165 ι
2822 2111 3040 2182 Ἐπειδὴ
3069 2109 3123 2164 δὲ
3150 2110 3458 2181 ἔμπροσθεν
3476 2109 3689 2177 ἔλεγεν,

2121 2227 2140 2261 ι
2197 2207 2289 2268 Εἰς
2309 2205 2426 2258 ὁδὸν
2456 2205 2627 2259 ἐθνῶν
2679 2205 2754 2274 μὴ
2813 2204 3113 2273 ἀπέλθητε,
3147 2221 3166 2254 δ
3207 2202 3528 2272 βουλόμενος
3575 2203 3691 2264 τοῖς

2125 2293 2400 2356 Ἰουδαίοις
2426 2292 2642 2362 πρῶτον
2669 2292 2759 2346 τὸν
2789 2291 2948 2359 λόγον
3007 2292 3374 2363 κηρυχθῆναι,
3405 2291 3499 2343 νῦν
3525 2290 3582 2344 δὲ
3607 2292 3690 2352 εἰς

2112 2387 2212 2457 τὴν
2249 2385 2574 2456 οἰκουμένην
2600 2384 2707 2438 εδει
2731 2385 2792 2438 τὸ
2816 2386 3080 2456 κήρυγμα
3125 2383 3354 2454 χεθῆναι
3373 2400 3388 2414 ο
3448 2383 3690 2451 εὐλόγως

2113 2477 2208 2532 νῦν
2236 2477 2586 2548 προστίθησι,
2621 2475 2714 2530 καί
2749 2493 2912 2544 φησιν
2944 2494 2956 2506 ·
3003 2495 3021 2527 ι
3055 2477 3152 2528 Ἔν
3186 2491 3243 2528 τε
3305 2472 3536 2544 Ἰουδαίᾳ
3591 2473 3688 2526 καὶ

2113 2564 2418 2636 Σαμαρείᾳ,
2447 2565 2540 2616 καὶ
2562 2564 2666 2626 ἕως
2683 2565 2911 2633 ἐσχάτου
2943 2563 3041 2632 τῆς
3095 2565 3214 2630 γῆς.
3258 2580 3276 2612 ι
3305 2558 3439 2614 Εἶτα
3485 2561 3573 2614 ἴνα
3610 2561 3685 2630 μὴ

2113 2656 2276 2710 πάλιν
2353 2655 2520 2708 αὑτὸν
2569 2655 2872 2725 ἐρωτῶσιν,
2910 2673 2931 2707 ε
2963 2654 3170 2717 εὐθέως
3228 2651 3528 2724 ἀνελήφθη.
3584 2650 3690 2704 Νε-

2111 2749 2248 2821 φέλη
2301 2747 2357 2801 δὲ
2402 2747 2563 2800 αὐτὸν
2618 2747 2906 2813 ὑπέλαϐεν,
2945 2765 2963 2799 ›
3000 2745 3187 2816 ἐπειδὴ
3245 2743 3515 2816 σύμϐολόν
3566 2746 3686 2798 ἐστι

2111 2842 2209 2910 τῆς
2235 2838 2574 2907 Δεσποτικῆς
2606 2837 2755 2901 θεῖ-ις
2780 2839 3082 2907 δυνάμεως.
3121 2856 3141 2889 ε
3197 2829 3369 2900 Οὗτος
3407 2836 3434 2888 6
3463 2833 3682 2906 Ἰησοῦς

2108 2933 2136 2985 6
2162 2929 2512 3000 ἀναληφθείς.
2551 2950 2568 2980 ι
2600 2931 2901 2994 Δεικτικῶς
2933 2932 3238 3002 ἐχρήσαντο
3287 2932 3353 2999 τῇ
3385 2927 3530 2994 λέξει
3592 2926 3684 2979 εί-

2110 3025 2341 3088 πόντες·
2409 3041 2428 3074 ι
2465 3018 2637 3087 Οὗτος
2676 3026 2703 3076 ὁ
2755 3023 2960 3094 Ἰησοῦς
3014 3023 3043 3075 6
3081 3021 3412 3092 ἀναληφθεὶς
3455 3022 3537 3084 εἰς
3587 3019 3682 3073 τὸν

2108 3116 2337 3190 οὐρανζν
2406 3114 2580 3178 οὕτως
2647 3113 2958 3177 ἐλεύσεται,
2995 3133 3012 3166 ι
3055 3114 3304 3168 τουτέστι
3388 3111 3526 3182 μετὰ
3572 3108 3683 3162 σώ-

2113 3225 2283 3279 ματος
2306 3225 2321 3240 ο
2353 3209 2448 3261 καὶ
2471 3207 2653 3271 πάλιν,
2677 3209 2758 3261 ὅτι
2790 3201 2947 3269 οὗτος
2974 3205 3093 3277 ἥξει
3148 3207 3206 3260 ὲν
3253 3207 3318 3276 τῇ
3363 3202 3546 3276 κρίσει
3586 3201 3682 3255 ἐπὶ

2109 3299 2363 3371 νεφέλης.
2398 3301 2630 3370 Ἀνδρας
2676 3300 2733 3352 δὲ
2761 3300 2961 3358 αὐτοὺς
2991 3297 3164 3364 καλεῖ,
3190 3297 3255 3350 τὸ
3303 3294 3533 3365 ἐναργὲς
3580 3296 3682 3364 τῆς

2107 3389 2284 3460 ὅψεως
2320 3390 2496 3460 δηλῶν
2522 3409 2537 3424 ·
2568 3391 2663 3444 καὶ
2696 3391 2804 3461 γὰρ
2835 3392 2912 3452 εἰς
2943 3389 3142 3460 ἄνδρας
3171 3389 3403 3450 ἑαυτοὺς
3432 3387 3481 3440 oi
3511 3384 3680 3454 ἄγγε-

2105 3479 2187 3532 λοι
2215 3478 2458 3548 ἀκριϐῶς
2485 3478 2932 3540 έναπετύπωσαν,
2971 3476 3111 3530 ὥστε
3171 3476 3246 3547 μὴ
3279 3474 3539 3545 πτοῆσαι.
3576 3471 3682 3525 Δύο

2105 3567 2166 3621 δὲ
2233 3567 2584 3638 παρέστησαν
2640 3567 2699 3621 τὸ
2759 3567 2976 3637 βέσαιον
3043 3565 3171 3636 τῆς¹
3233 3564 3542 3636 μαρτυρίας
3589 3562 3686 3633 δη-

2106 3657 2348 3721 λοῦντες.
2422 3658 2679 3720 Είπόντες
2752 3657 2808 3710 δέ
2841 3670 2856 3687 ⁹
2916 3672 2934 3709 ι
2980 3653 3045 3710 Τί
3129 3657 3400 3725 ἑστήκατε
3482 3654 3683 3724 ἐμϐλέ-

2109 3765 2303 3813 ποντες
2331 3750 2414 3804 εἰς
2461 3749 2553 3802 τὸν
2591 3749 2858 3820 οὐρανόν;
2895 3768 2914 3802 ι
2964 3749 3064 3802 οὐκ
3113 3747 3194 3801 ἔτι
3238 3746 3430 3800 εἴασαν
3485 3745 3684 3809 αὐτοὺς

2109 3842 2538 3910 προσκαρτερεῖν
2578 3841 2637 3893 ὲν
2664 3840 2741 3910 τῷ
2770 3841 2942 3909 τόπῳ,
2995 3839 3094 3894 καὶ
3150 3838 3460 3910 προσδοκᾷν
3517 3836 3684 3890 αὐτὸν

2109 3931 2340 4001 ὄψεσθαι
2372 3933 2556 3988 πάλιν.
2600 3951 2619 3984 ι
2647 3932 2781 3986 Τότε
2840 3932 3205 4004 ὑπέστρεψαν.
3240 3950 3260 3983 ›
3288 3932 3444 3997 Τότε,
3496 3929 3681 4000 φησιν,

2105 4020 2196 4074 ὅτε
2238 4022 2478 4092 ἥκουσαν
2532 4021 2727 4089 ταῦτα,
2781 4023 3156 4093 ὑπέστρεψαν.
3179 4021 3339 4076 Δοκεῖ
3362 4020 3422 4075 δὲ
3467 4021 3563 4073 καὶ
3625 4021 3685 4072 έν

2107 4112 2370 4184 Σαϐϐάτῳ
2443 4113 2727 4183 γεγονέναι
2773 4113 2964 4181 ταῦτα,
3009 4112 3180 4167 ἑκτοῦ
3242 4112 3451 4166 εἰπεῖν’
3488 4129 3507 4163 ι
3547 4111 3685 4164 Ἀπὸ

2106 4207 2264 4278 ὅρους
2285 4207 2380 4260 τοῦ
2412 4208 2754 4277 καλουμένου
2797 4208 3112 4270 Ἐλαιῶνος,
3150 4207 3178 4260 6
3203 4209 3352 4259 ἐστιν
3382 4205 3552 4273 ἐγγὺς
3579 4203 3682 4257 Ἰε-

2111 4301 2407 4372 ρουσαλὴμ,
2442 4299 2719 4353 Σαϐὄάτου
2745 4299 2866 4370 ἔχον
2891 4299 3028 4353 ὁδόν.
3061 4318 3078 4349 ι
3113 4300 3222 4352 Καὶ
3251 4299 3360 4368 γὰρ
3381 4293 3687 4368 ὡρισμένον

2107 4394 2168 4448 τὸ
2208 4398 2384 4465 μῆκος
2406 4393 2720 4465 ὁδοιπορίας
2770 4396 2890 4459 ὲιξὸν
2911 4391 2978 4466 ἦν
2999 4393 3233 4464 βαδίζειν
3266 4394 3376 4452 τοῖς
3409 4389 3682 4451 Ἰουδαίοις

2109 4489 2165 4539 ὲν
2188 4488 2254 4557 τῇ
2285 4487 2470 4558 ἡμέρᾳ
2499 4487 2593 4540 τοῦ
2618 4487 2902 4541 Σαδϐἁτου
2923 4504 2937 4518 ·
2994 4486 3242 4540 τουτέστι
3270 4483 3462 4539 στάδια.
3499 4484 3682 4538 πέντε.

438 4587 621 4633 tuante
648 4578 742 4644 qui
781 4579 1044 4648 estjuxta
1099 4578 1424 4644 Jerusalem,
1482 4579 1706 4634 Sabbati
1747 4579 1952 4632 habens
1987 4579 2088 4633 iter
2120 4597 2173 4632 ει
2223 4581 2442 4634 detlaita
2473 4593 2710 4650 namque
2755 4588 2874 4634 erat
2931 4577 3211 4650 longitudo
3257 4575 3496 4641 itineris,
3536 4571 3685 4645 quod

431 4670 634 4728 Judaeis
656 4672 893 4729 Sabbato
912 4689 1012 4729 con
1023 4673 1184 4728 licere
1215 4672 1411 4728 licebat
1435 4687 1452 4738 ;
1479 4688 1674 4742 nempe
1695 4671 1868 4726 stad'a
1907 4670 2171 4740 quinque.

1047 4808 1272 4864 CAPUT
1315 4808 1377 4865 Il.
1410 4868 1413 4871 .

436 4915 582 4970 I’ctri
616 4932 785 4971 sermo
816 4917 887 4971 ad
920 4918 1207 4988 discipulos
1239 4919 1304 4975 de
1338 4928 1504 4974 morte
1542 4929 1591 4973 et
1633 4916 2002 4986 reprobatione

500 5011 536 5063 ,1
541 5013 658 5066 mire
681 5011 990 5080 proditoris,
1023 5029 1086 5066 ac
1115 5013 1179 5067 de
1207 5014 1579 5082 subrogatione
1608 5009 1873 5073 Matthiw,
1905 5023 2000 5062 su-

496 5121 591 5174 per
617 5121 768 5176 quem
794 5122 910 5161 sors
939 5107 1124 5161 cecidit
1153 5105 1248 5160 Dei
1274 5106 1449 5176 gratia
1483 5121 1576 5176 per
1606 5102 1923 5160 orationem.

624 5311 777 5366 Feria
811 5309 1051 5366 secunda
1078 5309 1432 5366 hebdomadam
1457 5307 1738 5365 Paschalis
1759 5309 1801 5360 ³.

2703 4804 2956 4860 ΚΕΦΔΛ.
2997 4803 3073 4859 Β’.

2110 4916 2645 4989 Πετροᾱδιάλσγπ
2681 4934 2834 4988 προς
2860 4918 3004 4987 τοὺς
3027 4916 3512 4991 μαθητωθέντας
3547 4910 3684 4981 περί

2182 5030 2244 5067 τε
2266 5010 2528 5067 θανάτου
2549 5011 2647 5064 καὶ
2669 5009 2979 5079 ἀποϐολῆς
3003 5009 3191 5065 Ἰούδα
3215 5008 3324 5064 τοῦ
3347 5005 3676 5078 προδότου·

2177 5102 2247 5156 ἐν
2269 5095 2318 5169 ᾧ
2339 5101 2472 5170 περὶ
2497 5099 2940 5170 ἀντεισαγωγῆς
2953 5099 3240 5166 Ματθίου,
3269 5093 3684 5166 τοιηρωθέντος

2178 5195 2372 5266 χάριτι
2401 5192 2500 5247 διὰ
2524 5191 2896 5262 προσευχῆς.

2421 5307 2501 5378 Τῇ
2533 5307 2768 5378 δευτέρᾳ
2795 5305 2894 5377 τῆς
2909 5305 3361 5378 Διακαινησίμου.

500 5481 521 5512 ⁸
547 5479 739 5534 Matth.
773 5495 858 5542 ut,
899 5479 986 5534 il.
1063 5479 1083 5510 "
1107 5476 1300 5534 Matth.
1341 5493 1490 5546 sxw,
1521 5477 1612 5533 36.
1687 5476 1712 5508 '
1741 5475 1932 5534 Matth.
1977 5492 2033 5545 ις,
2063 5476 2118 5532 5.

1588 5593 1787 5656 Variae
1827 5592 2133 5657 lectiones
2175 5598 2238 5657 et
2275 5598 2468 5656 notte.

497 5695 525 5764 ³,
560 5691 616 5747 ln
640 5694 850 5764 immeo
900 5695 1164 5760 habetur,
1213 5695 1445 5750 secunda
1486 5695 1704 5764 (nempe
1736 5695 1850 5758 die,
1906 5696 1992 5750 vel

429 5761 584 5833 feria)
626 5763 1039 5831 Diakainesimi;
1063 5767 1144 5820 sic
1163 5767 1307 5820 enim
1329 5761 1723 5820 hedemadam
1748 5764 1991 5818 Pascha-

427 5834 548 5897 lem,
580 5850 670 5887 seu
705 5850 835 5903 rqtne
881 5837 1024 5889 diem
1067 5835 1350 5890 Paschalis
1390 5837 1778 5903 subsequitur,
1816 5833 1989 5889 Grmci

429 5913 644 5958 vocant.
688 5902 784 5958 Est
835 5914 1014 5961 autem
1060 5907 1202 5976 apud
1243 5905 1460 5962 Graecos
1502 5902 1834 5962 rceentieres
1879 5905 1992 5958 δια-

2096 5694 2420 5765 καινὴσιμος
2453 5692 2595 5765 idem
2637 5688 3110 5765 acAStaxolvqatg,
3157 5701 3351 5765 nempe
3381 5685 3674 5765 feneratio.

2099 5767 2177 5818 lta
2224 5755 2354 5818 vero
2403 5755 2524 5818 eam
2580 5755 2984 5816 hebdomadam'
3027 5755 3338 5829 appellant,
3387 5755 3532 5824 quod
3583 5769 3678 5821 per

2097 5833 2301 5887 Christi
2339 5832 2798 5887 resnrrectionern
2831 5847 3004 5900 genus
3047 5831 3340 5900 humanam
3374 5833 3674 5881 renovetur.

2103 5903 2182 5957 Du
2226 5905 2424 5976 (Sango,
2458 5901 2636 5957 Gloss.
2677 5900 2812 5957 med.
2840 5899 2892 5955 et
2929 5901 3027 5970 inf.
3059 5899 3227 5955 Cra'c.
