4114 6434
1088 441 1635 508 EXPOSITIONIS
1663 446 1748 509 IN
1786 448 1978 511 ACTA
2015 452 2322 517 TEXTUS
2357 458 2635 522 ALTER.
2676 488 2748 500 —
2781 463 2942 525 CAP.
2984 466 3031 525 Ι.

1017 556 1408 614 ΚΕΙΜΕΝΟΝ.
2034 570 2074 627 Δ
2746 573 3050 633 TEXTUS.

506 646 596 703 Ἐν
628 649 748 714 ταῖς
805 647 1041 722 ἡμέραις
1098 650 1338 716 ἐκείναις
1372 651 1723 724 ὑπέστρεψαν
1770 655 1821 708 oi
1860 656 2000 710 ἀπόο

2172 657 2511 728 l,12-26.ln
2545 665 2738 723 diebus
2770 667 2876 723 illis
2897 670 3103 725 reversi
3133 671 3691 744 suntJerosoiymam,

419 743 599 799 στολοι
631 743 713 807 εἰς
757 739 1109 813 Ἰερουσαλὴμ
1153 742 1262 796 ἀπὸ
1311 742 1475 814 ὅρους
1524 744 1620 798 τοῦ
1659 744 1998 814 καλουμένου

2117 768 2134 807 ι
2161 769 2345 810 monte
2362 756 2703 826 qui'vocatnr
2730 759 2948 824 Oliveti,
2969 762 3064 832 qui
3089 771 3170 818 est
3189 764 3342 831 juxta
3363 739 3693 830 Jerusalem,
3750 770 3759 781 '

432 835 746 901 Ἐλαιῶνος,
795 835 824 889 ὃ
870 836 1024 890 ἐστιν
1070 835 1241 904 ἔγγὺς
1291 835 1670 908 Ἰερουσαλὴμ,
1717 839 1997 894 Σαϐϐἀτου

2117 845 2330 902 Sabbati
2372 849 2581 905 habens
2623 851 2745 905 iter.
2776 851 2838 906 Et
2878 868 3004 908 cum
3051 855 3379 913 introissent
3409 852 3464 911 in
3497 871 3691 912 caena-

421 929 547 999 ἒχον
561 929 699 984 όδόν.
724 929 834 983 Καὶ
856 928 949 983 ὅτε
972 927 1244 999 εἰσῆλθον,
1258 928 1530 1001 ἀνέϐησαν
1543 933 1623 994 είς
1642 930 1704 985 τὸ
1726 932 2000 1004 ὑπερῷον,

418 1016 484 1075 οὗ
515 1016 655 1091 ἦσαν
705 1019 1107 1089 καταμένοντες
1160 1022 1190 1074 ὅ
1233 1036 1292 1074 τε
1322 1021 1551 1086 Πέτρος,
1581 1022 1676 1075 καὶ
1720 1022 2000 1088 Ἰάκωϐος,

2117 1048 2234 1097 aes,
2276 1032 2515 1093 Jacobus
2559 1046 2615 1093 et
2658 1038 2944 1106 Andreas,
2995 1038 3281 1111 Philippus
3319 1054 3374 1100 et
3424 1034 3713 1107 Thomas.

423 1110 519 1171 καὶ
547 1109 823 1180 Ἰωάννης.
852 1110 947 1168 καὶ
995 1111 1271 1184 Ἀνδρέας,
1302 1114 1396 1168 καὶ
1428 1116 1720 1179 Φίλιππος.
1762 1119 1856 1170 καὶ
1883 1116 2003 1169 8w-

2117 1124 2535 1184 Barthoiomaeus
2594 1137 2650 1185 et
2706 1130 3033 1196 Mattlneus,
3079 1109 3322 1189 Ja'cobus
3374 1134 3583 1202 Aiphzei
3635 1141 3693 1189 et

426 1204 555 1272 μᾶς,
586 1201 1014 1274 Βαρθολομαῖος,
1070 1205 1165 1258 καὶ
1208 1205 1512 1272 Ματθαῖος,
1565 1206 1822 1270 Ἰάκωϐος
1883 1207 2005 1271 Ἀλέ

2117 1215 2297 1274 Simon
2345 1219 2560 1276 Zelotes
2613 1231 2668 1277 et
2705 1222 2877 1278 Judas
2918 1223 3130 1279 Jacobi.
3186 1223 3252 1278 Hi
3301 1201 3496 1282 omnes
3532 1230 3693 1280 erant

423 1294 605 1362 φαίου,
636 1294 732 1347 καὶ
764 1295 970 1364 Σίμων,
1001 1294 1097 1349 καὶ
1131 1294 1333 1360 Ἰούδας
1368 1295 1646 1353 Ἰακώϐου,
1677 1290 1838 1352 Οὗτοι
1868 1297 2005 1351 πάν-

2117 1322 2523 1378 perseverantes
2551 1314 2885 1368 unanimiter
2912 1314 2963 1368 in
2999 1315 3251 1371 oratione
3283 1331 3411 1370 eum
3444 1315 3693 1369 mulieri-

422 1406 513 1450 τες
541 1382 684 1460 ἦσαν
714 1388 1251 1461 προσκαρτεροῦντες
1265 1389 1606 1460 ὁμοθυμαδὸν
1633 1393 1699 1461 τῇ
1721 1392 2003 1463 προσευχῇ

2117 1401 2212 1457 bus
2255 1412 2309 1455 et
2345 1402 2511 1458 Maria
2545 1403 2721 1459 Mater
2755 1403 2884 1460 Jesn
2917 1413 2971 1461 et
3004 1405 3269 1462 fratribus
3303 1407 3444 1475 ejus.
3482 1405 3544 1460 lu
3574 1405 3693 1461 die-
3739 1414 3751 1428 '

424 1482 523 1536 καὶ
548 1484 613 1552 τῇ
644 1481 823 1552 δεήσει
848 1484 948 1536 σὺν
970 1480 1187 1550 γυναιξὶ
1236 1484 1332 1536 καὶ
1370 1482 1561 1553 Μαρίᾳ
1595 1485 1661 1552 τῇ
1696 1484 1865 1554 μητρὶ
1904 1481 1999 1536 τοῦ

2117 1493 2214 1549 bus
2255 1494 2362 1551 illis
2398 1506 2701 1567 exsurgens
2736 1496 2931 1552 Petrus
2978 1496 3032 1550 in
3066 1495 3247 1551 medio
3279 1495 3505 1549 fratrum
3552 1495 3692 1550 dixit

438 1573 638 1646 Ἰησοῦ,
675 1573 771 1629 καὶ
815 1573 914 1628 σὺν
965 1577 1082 1638 τοῖς
1138 1573 1391 1643 ἀδελφοῖς
1423 1573 1617 1629 αὐτοῦ.
1666 1575 1775 1628 Καὶ
1802 1576 1859 1628 ὲν
1885 1577 2008 1638 ταῖς

2117 1586 2251 1657 (erat
2267 1595 2447 1641 autem
2462 1588 2616 1641 turba
2639 1586 2800 1659 194
2816 1587 3094 1642 hominum
3121 1587 3288 1642 simul
3338 1586 3452 1642 fere
3470 1595 3691 1642 centum

425 1665 665 1737 ἡμέραις
726 1664 955 1731 ταύταις
1005 1666 1244 1731 ἀναστὰς
1301 1667 1508 1738 Πέτρος
1571 1668 1630 1722 ἐν
1693 1667 1846 1740 μέσῳ
1899 1668 2010 1722 τῶν

2117 1677 2327 1749 viginti)
2354 1696 2366 1731 :
2393 1677 2505 1733 Viri
2547 1679 2779 1743 fratres,
2828 1686 3043 1748 oportet
3087 1678 3305 1748 impleri
3348 1678 3690 1747 Scripturam

432 1759 716 1831 μαθητῶν,
740 1755 892 1814 εἶπεν
928 1755 1017 1832 (ἦν
1048 1776 1108 1814 τε
1148 1759 1305 1831 ὄχλος
1356 1760 1637 1831 ὀνομάτων
1665 1761 1763 1815 ἐπὶ
1794 1760 1853 1814 τὸ
1877 1759 2012 1814 αὐτὸ

2117 1784 2274 1842 quam
2321 1770 2569 1841 praedixit
2611 1770 3131 1842 Spiritussanctus
3173 1784 3268 1841 per
3305 1785 3369 1824 os
3410 1768 3578 1823 David
3626 1768 3695 1822 de

425 1853 558 1908 ὡσεὶ
587 1852 780 1908 ἑκατὸν
812 1852 1007 1923 εἴκοσι)
1033 1869 1047 1884 ⁸
1090 1853 1319 1923 Ἄνδρες
1359 1853 1604 1922 ἀδελφοὶ,
1634 1853 1744 1907 ἔδει
1778 1853 2005 1925 πληρω⁹

2117 1861 2273 1925 luda,
2295 1863 2388 1932 qui
2420 1862 2523 1916 fuit
2548 1862 2658 1918 dux
2693 1876 2882 1917 eorum
2914 1862 3008 1931 qui
3040 1860 3575 1931 comprehenderunt
3603 1857 3693 1913 Je-

428 1942 585 2013 θῆναι
608 1943 705 2014 τὴν
739 1945 964 2015 Γραφὴν
990 1911 1236 2013 ταύτην,
1260 1911 1329 2015 ἦν
1369 1911 1602 2013 προεῖπε
1621 1945 1682 1997 τὸ
1703 1911 1929 2013 Πνεῦμα
1948 1944 2007 1998 τὸ

2117 1911 2273 1925 ,πη
2299 1911 2387 1932 η.--
2420 1911 2520 1916 η--
2551 1911 2658 1918 _.--_
2697 1911 2882 1917 πη---
3047 1911 3144 1917 --η
3170 1911 3462 1931 Γηὼν--
3609 1911 3657 1913 _,

2117 1968 2259 2010 sum.
2292 1951 2394 2019 Qui
2434 1960 2868 2008 connumeratus
2899 1961 3021 2007 erat
3054 1953 3107 2006 in
3148 1952 3340 2014 nobis,
3371 1960 3428 2006 et
3457 1951 3694 2006 sortitus

428 2035 587 2104 ἅγιον
612 2034 702 2089 διὰ
739 2036 1005 2106 στόματος
1035 2036 1204 2090 Δαϐῑδ
1228 2035 1357 2105 περὶ
1394 2035 1562 2089 Ἰούδα
1581 2035 1674 2090 τοῦ
1710 2037 2006 2107 γενομένου

2117 2054 2198 2100 est
2225 2055 2429 2099 sortem
2459 2045 2753 2100 ministerii
2788 2044 2972 2115 hujus.
3009 2043 3078 2098 Et
3125 2044 3215 2098 hic
3251 2043 3470 2114 quidem
3501 2057 3695 2112 posse-

415 440 525 506 857
1088 441 1635 508 EXPOSITIONIS
1663 446 1748 509 IN
1786 448 1978 511 ACTA
2015 452 2322 517 TEXTUS
2357 458 2635 522 ALTER.
2676 488 2748 500 —
2781 463 2942 525 CAP.
2984 466 3031 525 Ι.
3587 467 3695 531 858

2102 938 2311 1004 culum,
2337 943 2705 997 ascenderunt
2732 945 2826 1000 ubi
2878 946 3174 1001 manebant
3214 946 3407 1005 Petrus
3438 958 3494 1003 et
3520 944 3691 1003 Joan-
3764 938 3804 971 ”

428 2128 626 2199 ὁδηγοῦ
655 2131 769 2192 τοῖς
798 2127 1122 2183 συλλαϐοῦσι
1160 2127 1252 2182 τὸν
1281 2128 1512 2196 Ἰησοῦν,
1540 2129 1636 2182 ηὸτι
1671 2130 2013 2201 κατηριθμη-

430 2222 595 2292 μένος
622 2217 690 2292 ἦν
721 2222 817 2275 σὺν
848 2223 1002 2292 ἡμῖν,
1039 2221 1138 2277 καὶ
1193 2220 1353 2291 ἔλαχε
1391 2220 1484 2273 τδν
1509 2220 1709 2291 κλῆρον
1740 2223 1842 2293 τῆς
1890 2223 2009 2277 δια-

433 2313 619 2376 κονίας
640 2314 842 2382 ταύτης
869 2314 962 2367 καὶ
1008 2313 1336 2385 ἀποστολῆς.
1376 2306 1549 2375 Οὗτος
1594 2315 1695 2382 μὲν
1720 2311 1812 2367 οῦν
1846 2315 2011 2384 ἐκτή-

433 2421 566 2460 σατο
589 2405 786 2475 χωρίον
816 2406 880 2459 ἐκ
904 2407 998 2460 τοῦ
1031 2406 1225 2477 μισθοῦ
1262 2398 1363 2477 τῆς
1409 2405 1647 2466 ἀδικίας,
1675 2406 1768 2458 καὶ
1796 2405 2009 2476 πρηνὴς

431 2498 725 2570 γενόμενος
786 2499 1020 2568 ἑλάκησε
1077 2498 1264 2569 μέσος,
1318 2496 1411 2552 καὶ
1454 2496 1685 2567 ἐξεχύθη
1736 2496 2009 2550 πάντατὰ

432 2592 644 2660 ἔγκατα
702 2589 892 2645 αὐτοῦ.
950 2591 1059 2645 Καὶ
1117 2589 1357 2658 γνωστὸν
1419 2588 1639 2657 ἐγένετο
1691 2588 1826 2641 πᾶσι
1896 2590 2008 2652 τοῖς

433 2683 781 2738 κατοικοῦσιν
830 2684 889 2737 ὲν
959 2681 1331 2754 Ἰερουσαλὴμ,
1393 2679 1537 2735 ὥστε
1624 2680 1895 2748 κληθῆναι
1948 2677 2010 2732 τδ

433 2774 633 2845 χωρίον
654 2775 831 2827 ἐκεῖνο
887 2774 954 2842 τῇ
993 2773 1099 2850 ἰδίᾳ
1145 2771 1413 2841 διαλέκτῳ
1442 2768 1623 2824 αὐτῶν
1669 2768 2003 2836 Ἁκελδαμὰ,

432 2868 683 2922 τουτέστι
726 2867 926 2938 χωρίον
973 2866 1224 2935 αἳματος.
1263 2864 1578 2932 Γέγραπται
1606 2862 1716 2933 γὰρ
1746 2863 1804 2913 ὲν
1841 2861 2010 2931 βίϐλῳ

432 2959 685 3031 Ψαλμῶν
739 2973 752 2987 ·
807 2957 1098 3029 Γενηθήτω
1154 2960 1186 3021 ἡ
1248 2956 1474 3017 ἔπαυλις
1531 2951 1697 3006 αὑτοῦ
1769 2951 1994 3022 ἔρημος,

436 3051 532 3105 καὶ
574 3051 651 3123 μὴ
690 3051 830 3105 ἔστω
855 3052 884 3104 ὁ
914 3049 1184 3102 κατοικῶν
1206 3050 1264 3101 έν
1293 3048 1430 3118 αὐτῇ
1456 3062 1471 3076 ⁸
1501 3046 1615 3110 καὶ,
1644 3044 1756 3114 Τὴν
1782 3045 2011 3098 ἐπισκο-

437 3142 548 3213 πὴν
597 3141 762 3195 αὐτοῦ
815 3138 955 3210 λάϐῃ
1003 3137 1213 3208 ἕτερος.
1265 3138 1357 3189 Δεῖ
1394 3135 1485 3189 οὖν
1512 3134 1618 3188 τῶν
1647 3132 2010 3187 συνελθόντων

2111 2137 2193 2192 dit
2245 2152 2435 2207 agrum
2494 2136 2563 2192 de
2613 2137 2866 2192 mercede
2917 2135 3256 2205 iniquitatis,
3299 2144 3355 2191 et
3390 2147 3695 2204 suspensus

2110 2230 2323 2301 crepuit
2351 2230 2587 2295 medius,
2617 2239 2673 2286 et
2700 2229 2895 2285 dilfusa
2926 2238 3057 2285 sunt
3088 2229 3273 2284 omnia
3292 2228 3518 2291 qviscera
3546 2225 3691 2295 ejus.

2112 2322 2178 2377 Et
2210 2330 2397 2376 notum
2427 2321 2630 2376 factum
2664 2329 2752 2377 est
2776 2321 3034 2376 omnibus
3061 2319 3438 2374 habitantibus
3467 2314 3693 2372 Jerusa-

2111 2414 2241 2477 lem,
2270 2413 2342 2467 ita
2371 2413 2819 2483 utappeliaretnr
2853 2427 2980 2481 ager
3007 2409 3098 2466 ille
3136 2410 3316 2482 lingua
3357 2423 3546 2461 eorum
3584 2406 3696 2461 Ha-

2109 2504 2386 2571 eeldazna,
2431 2506 2534 2560 hoc
2577 2513 2663 2560 est
2732 2519 2863 2574 ager
2914 2503 3219 2564 sanguinis.
3270 2500 3548 2570 Scriptum
3610 2504 3698 2552 εει

2110 2595 2256 2649 enim
2287 2595 2339 2648 in
2370 2576 2512 2650 libro
2540 2593 2880 2650 Psalmorum
2916 2612 2930 2648 :
2964 2592 3083 2647 Fiat
3113 2607 3273 2646 coma
3298 2592 3474 2647 oratio
3503 2603 3694 2645 eorum

2108 2687 2350 2748 deserta,
2380 2693 2435 2740 et
2464 2701 2571 2739 non
2605 2686 2676 2740 sit
2712 2685 2804 2754 qui
2838 2684 3107 2738 inhabitet
3143 2683 3197 2735 in
3229 2696 3292 2736 ea
3323 2718 3341 2743 ,
3389 2689 3441 2731 ct
3476 2681 3698 2747 episco-

2111 2785 2297 2847 patum
2326 2777 2447 2844 ejus
2478 2777 2713 2847 accipiat
2735 2777 2895 2831 alter.
2926 2775 3150 2845 Oportet
3177 2788 3308 2843 ergo
3331 2788 3394 2826 ex
3421 2771 3510 2826 his
3540 2770 3694 2835 viris,

2111 2871 2205 2939 qui
2232 2870 2519 2924 uobiscum
2547 2879 2675 2923 sunt
2698 2867 3012 2939 congregati
3042 2866 3095 2921 in
3120 2865 3560 2935 omnitempore,
3586 2878 3698 2934 quo

2110 2961 2338 3016 intravit
2379 2971 2433 3016 et
2475 2961 2643 3016 exivit
2686 2961 2830 3015 inter
2871 2974 2973 3015 nos
3008 2958 3273 3013 Dominus
3317 2956 3511 3020 Jesus,
3556 2954 3699 3009 inci-

2104 3054 2269 3122 piens
2318 3067 2349 3105 a
2397 3052 2726 3122 laptismate
2773 3048 3003 3106 Joannis
3044 3065 3225 3120 usque
3266 3048 3320 3103 in
3369 3047 3544 3111 diem,
3591 3061 3699 3115 qua

2111 3151 2431 3209 assumptus
2466 3148 2551 3196 est
2589 3154 2618 3193 a
2653 3139 2813 3195 nobis
2835 3179 2850 3202 .
2888 3148 3082 3195 testem
3124 3138 3552 3195 resurrectionis
3580 3136 3702 3205 ejus

436 3237 571 3307 ἡμῖν
600 3231 811 3305 ἀνδρῶν
834 3233 892 3284 ὲν
936 3231 1097 3284 παντὶ
1149 3229 1347 3301 χρόνῳ,
1383 3229 1441 3280 ὲν
1467 3220 1512 3295 ᾧ
1550 3224 1769 3294 εἰσῆλθε
1793 3224 1890 3277 καὶ
1922 3223 2011 3288 ἐξ·

2117 3230 2398 3285 nobiscum
2432 3229 2546 3285 ﬁeri
2584 3241 2750 3284 unum
2783 3245 2849 3285 ex
2885 3229 3027 3284 istis.
3081 3227 3147 3283 Et
3176 3235 3492 3284 statuerunt
3520 3226 3683 3291 duos.

436 3326 602 3398 ἦλθεν
644 3326 730 3393 ἐφ’
768 3325 915 3395 ἡμᾶς
968 3323 997 3375 6
1038 3321 1244 3392 Κύριος
1284 3318 1513 3391 Ἰησοῦς,
1551 3318 1860 3389 ἀρξάμενος
1900 3314 2010 3370 ἀπὸ

434 3418 531 3474 τοῦ
594 3416 973 3488 βαπτίσματος
1041 3414 1311 3476 Ἰωάννου,
1350 3412 1481 3483 ἄχρι
1531 3411 1631 3481 τῆς
1661 3408 1894 3481 ἡμέρας,
1941 3402 2010 3480 ἦς

440 3510 718 3582 ἀνελήφθη
750 3509 843 3579 ἀφ’
868 3506 1049 3579 ἡμῶν,
1080 3506 1333 3582 μάρτυρα
1359 3505 1456 3576 τῆς
1469 3503 1818 3564 ἀναστάσεως
1843 3501 2011 3557 αὑτοῦ

438 3581 821 3675 γενέσθαιίσὺν
875 3601 1007 3671 ἡμῖν
1065 3581 1162 3652 ἕνα
1186 3596 1411 3652 τούτων.
1466 3596 1580 3649 Καὶ
1629 3594 1867 3664 ἔστησαν
1895 3594 2010 3658 δῦο,

452 3694 649 3764 Ἰωσὴφ
711 3691 804 3746 τὸν
847 3690 1180 3759 καλούμενον
1233 3686 1524 3759 Βαρσαϐἄν
1546 3725 1567 3748 ,
1614 3683 1675 3773 ὃς
1733 3682 2016 3773 ἐπεκλήθη

453 3786 706 3851 Ἰοῦστος,
740 3784 834 3840 καὶ
873 3783 1142 3839 Ματθίαν.
1177 3781 1289 3835 Καὶ
1337 3772 1772 3850 προσευξάμενοι
1823 3772 2014 3829 εἷπονο

442 3880 539 3947 Σὺ,
591 3879 789 3947 Κύριε,
838 3874 1248 3950 καρδιογνῶστα
1313 3873 1532 3926 πάντων
1553 3911 1569 3933 ,
1624 3867 1903 3933 ἀνάδειξον
1958 3867 2020 3920 ὃν

442 3972 672 4041 ἐξελέξω
693 3973 758 4027 ὲκ
817 3970 1023 4026 τούτων
1051 3969 1160 4049 τῶν
1212 3966 1307 4022 δύο
1353 3966 1452 4019 ἕνα
1480 3963 1675 4028 ,λαϐεῖν
1698 3963 1787 4016 τὸν
1819 3961 2022 4032 κλῆρον

2106 3321 2333 3388 Josepb.
2370 3323 2462 3391 qui
2505 3322 2802 3378 vocabatur
2837 3322 3128 3383 Barsabas.
3161 3322 3256 3392 qui
3277 3319 3702 3391 cognominatus

2111 3424 2195 3469 est
2219 3414 2449 3477 Justus,
2490 3424 2546 3468 et
2574 3413 2877 3471 Matthiam.
2905 3414 2972 3470 Et
3002 3423 3224 3470 orantes
3257 3414 3515 3469 dixerunt
3546 3428 3559 3464 :
3596 3409 3701 3475 Tn,

2112 3504 2361 3572 Domine,
2410 3505 2503 3575 qui
2523 3506 2684 3562 corda
2704 3506 2845 3560 nosti
2858 3504 3380 3581 omnium,ostende
3411 3518 3571 3573 quem
3590 3501 3704 3556 ele-

2121 3599 2266 3670 geris
2302 3615 2371 3654 ex
2405 3599 2492 3654 his
2523 3599 2737 3655 duobus
2779 3615 2952 3654 unum
3004 3599 3254 3668 accipere
3305 3599 3484 3651 locum
3542 3593 3706 3648 mini-

2123 3690 2277 3748 sterii
2308 3690 2470 3759 hujus
2515 3700 2570 3746 et
2592 3692 2955 3760 apostolatus,
2985 3690 3053 3745 de
3073 3705 3185 3759 quo
3206 3688 3599 3762 praivaricatus
3618 3692 3707 3740 cst

2106 3778 2316 3846 'Judas,
2342 3791 2402 3837 ut
2426 3782 2603 3837 abiret
2634 3783 2688 3837 in
2713 3782 2891 3837 locum
2925 3796 3108 3836 suum.
3137 3780 3201 3834 Et
3227 3779 3497 3834 dederunt
3521 3786 3704 3831 sortes

2126 3871 2227 3934 eis,
2251 3880 2302 3925 et
2326 3871 2526 3925 cecidit
2549 3886 2670 3928 sors
2696 3886 2862 3942 super
2886 3869 3190 3935 Matthiam,
3218 3877 3274 3925 et
3301 3876 3704 3924 auunmeratus

2128 3970 2215 4019 est
2243 3978 2367 4018 cum
2400 3963 2653 4019 undecim
2684 3963 2966 4034 apostolis.

439 4067 542 4137 τῆς
586 4064 863 4130 διακονίας
888 4063 1094 4135 ταύτης
1124 4065 1221 4118 καὶ
1264 4057 1595 4128 ἀποστολῆς,
1621 4057 1682 4123 ἐξ
1701 4051 1769 4129 ἦς
1801 4055 2014 4127 παρέϐη
2066 4056 2292 4122 Ἰούδας,
2356 4056 2694 4129 πορευθῆναι
2751 4057 2833 4119 είς
2885 4056 2980 4110 τὸν
3030 4055 3197 4110 τόπον
3257 4054 3350 4109 τὸν
3377 4053 3530 4107 ἴδιον.
3595 4050 3708 4107 Καὶ

441 4158 651 4222 εδωκαν
711 4157 949 4228 κλήρους
992 4154 1197 4223 αὐτῶν,
1239 4154 1338 4209 καὶ
1385 4152 1586 4209 ἔπεσεν
1661 4154 1692 4208 6
1735 4152 1938 4223 κλῆρος
2005 4151 2100 4207 ἐπὶ
2132 4150 2410 4219 Ματθίαν,
2465 4152 2563 4207 καὶ
2614 4149 3107 4223 συγκατεψηφίσθη
3150 4151 3294 4223 μετὰ
3348 4149 3456 4204 τῶν
3515 4147 3710 4202 ἕνδεκα

441 4249 777 4308 ἀποστόλων.
994 4314 999 4319 η

1042 4338 1431 4397 EPMHNEIA.

521 4450 542 4484 ι
571 4430 667 4496 Εἰς
694 4430 757 4485 τδ
807 4429 1057 4503 ὑπερῷον
1107 4430 1398 4501 ἀνέϐησαν.
1437 4448 1457 4483 ι
1487 4430 1881 4486 Ἐδεδοίκεισαν
1907 4428 2019 4502 γὰρ

443 4526 504 4580 ιν
527 4526 594 4597 τῇ
621 4523 773 4578 πόλει
796 4520 1105 4593 φαίνεσθαι,
1131 4520 1271 4577 ὥστε
1293 4522 1368 4594 μὴ
1393 4522 1766 4596 συλληφθῆναι
1797 4523 2017 4587 αὐτούς.

444 4617 645 4680 Καλῶς
672 4615 732 4671 δὲ
756 4614 1135 4687 ἐμνημόνευσε
1189 4613 1301 4669 τῶν
1353 4613 1613 4687 μαθητῶν
1639 4630 1654 4644 ο
1688 4615 1875 4684 ἐπειδὴ
1909 4614 2020 4686 γὰρ

2625 4333 3209 4393 COMMENTARIUS.

2199 4449 2218 4484 ι
2262 4430 2322 4487 in
2360 4430 2708 4486 cmnacuium
2759 4430 3158 4489 ascenderunt.
3202 4447 3224 4478 ο
3263 4443 3331 4484 eo
3364 4428 3507 4497 quod
3552 4428 3708 4483 time-

2122 4523 2279 4588 bant,
2313 4538 2383 4578 ne
2413 4521 2458 4577 si
2490 4521 2809 4576 viderentur
2831 4521 2885 4575 in
2913 4520 3155 4581 civitate,
3169 4528 3517 4586 caperentur.
3539 4518 3708 4573 Recte

2125 4626 2306 4670 autem
2353 4615 2422 4670 de
2465 4612 2754 4681 discipulis
2801 4609 3135 4666 mentionem
3183 4609 3316 4664 facit
3360 4626 3375 4662 :
3422 4609 3708 4677 quoniam.

446 4713 479 4765 6
530 4708 629 4779 μὲν
672 4705 1010 4780 προύδωκεν,
1052 4708 1082 4762 6
1127 4706 1189 4761 δὲ
1230 4707 1527 4778 ἠρνήσατο,
1557 4707 1587 4761 6
1630 4707 1690 4761 δὲ
1723 4707 2015 4777 ἠπίστησε,

2126 4723 2250 4763 cum
2284 4722 2350 4763 ex
2384 4707 2494 4762 illis
2523 4720 2668 4760 unus
2698 4703 2921 4772 quidem
2954 4701 3143 4758 Jesum
3181 4699 3538 4771 prodidisset,
3570 4699 3709 4755 alter

449 4803 722 4879 δείκνυσιν
744 4800 828 4855 ὅτι
857 4798 998 4871 πλὴν
1034 4799 1126 4853 τοῦ
1161 4798 1423 4870 προδότου
1456 4801 1657 4864 πάντες
1682 4794 1824 4870 ἦσαν
1859 4797 2019 4853 σῶοι.

451 4892 611 4952 Εἷτα⁸
650 4914 670 4948 ι
703 4893 1216 4967 Προσκατεροῦντες
1247 4895 1316 4965 τῇ
1361 4896 1642 4966 προσευχῇ
1671 4894 1768 4948 σὺν
1806 4892 2026 4962 γυναιξὶ

450 4986 548 5040 καὶ
574 4984 763 5058 Μαρίᾳ
788 4987 857 5057 τῇ
886 4985 1053 5057 μητρὶ
1094 4982 1189 5038 τοῦ
1219 4983 1423 5054 Ἰησοῦ,
1457 4985 1554 5039 καὶ
1597 4986 1696 5039 σὺν
1730 4985 1847 5049 τοῖς
1870 4982 2025 5037 ἀδελ-

453 5081 575 5163 φοῖς
598 5079 788 5165 αὑτοῦ,
812 5075 953 5149 ἦσαν
985 5078 1353 5150 ὁμοθυμαδὸν.
1395 5097 1415 5132 ι
1447 5081 1512 5133 Ὃ
1550 5077 1732 5131 τοίνυν
1763 5078 1893 5148 περὶ
1925 5077 2024 5147 τῆς

458 5176 666 5248 μητρὸς
699 5174 876 5248 Ἰησοῦ
907 5177 1147 5249 εἴρηται,
1174 5176 1256 5230 ὅτι
1282 5195 1302 5229 ι
1329 5175 1561 5230 Ἔλαϐεν
1589 5173 1760 5244 αὐτὴν
1787 5176 1815 5228 6
1847 5173 2024 5245 μαθη-

450 5267 554 5337 τὴς
570 5267 651 5331 είς
687 5265 757 5322 τὰ
787 5265 917 5333 ῖδια,
943 5285 963 5320 ι
995 5267 1149 5322 οὐδέν
1195 5269 1342 5321 ἐστιν
1381 5266 1643 5323 ἐναντίον.
1684 5266 1748 5320 Ei
1791 5264 1902 5335 γὰρ
1933 5263 2028 5318 καὶ

454 5355 619 5420 αὐτὸς
644 5358 852 5420 ικεῖνος
874 5356 905 5410 6
931 5356 1180 5428 μαθητὴς
1217 5355 1405 5427 συνῆν,
1435 5357 1588 5410 οὐδὲν
1616 5351 1684 5426 ἦν
1711 5354 1774 5409 τὺ
1810 5352 2023 5408 κωλύον

461 5448 560 5505 καὶ
587 5448 760 5518 αὐτὴν
794 5451 1188 5521 συμπαρεῖναι.
1219 5466 1239 5503 ι
1278 5449 1388 5503 Καὶ
1439 5449 1497 5502 ἐν
1554 5450 1674 5512 ταῖς
1695 5447 1953 5519 ἡμέραις.
2000 5463 2020 5498 ι

455 5539 661 5613 Πέτρος
685 5539 762 5602 ὡς
789 5539 989 5612 θερμὸς
1020 5539 1142 5613 [καὶ
1172 5538 1272 5613 ὡς]
1296 5541 1682 5610 ὲμπιστευθεὶς
1708 5538 1859 5613 παρὰ
1889 5539 2027 5609 Χρι-

457 5634 585 5690 στοῦ
613 5635 714 5706 τὴν
777 5633 1036 5705 ποίμνην,
1084 5633 1206 5707 [καλ⁵
1252 5633 1328 5698 ὡς
1352 5634 1446 5688 τοῦ
1482 5630 1646 5707 χοροῦ
1680 5631 1891 5704 πρῶτος
1937 5631 2027 5683 ἀεὶ

454 5727 685 5799 ἄρχεται
711 5723 808 5779 τοῦ
840 5723 1026 5798 λόγου]
1061 5725 1471 5799 παραμυθεῖται
1518 5724 1715 5789 αὐτοὺς
1764 5721 1874 5778 ἀπὸ
1925 5720 2028 5791 τῆς

527 5909 548 5940 ⁹
579 5903 738 5963 Joan.
782 5921 892 5975 xu,
915 5904 1005 5961 27.

2129 4807 2405 4869 negasset,
2443 4798 2585 4853 alius
2609 4795 2849 4852 infidelis
2880 4791 3116 4858 fuisset,
3153 4793 3259 4849 sibi
3296 4792 3705 4849 ostendendum

2130 4890 2337 4959 putarit
2359 4924 2376 4955 ,
2417 4902 2530 4943 uno
2559 4894 2790 4955 excepto
2822 4884 3142 4957 proditore.
3183 4897 3374 4941 carnes
3403 4882 3710 4940 incolumes

2129 4983 2321 5040 fuisse.
2369 4980 2574 5037 Snbdit
2611 4999 2627 5036 :
2679 4997 2699 5032 ι
2751 4977 2817 5033 iii
2858 4992 3053 5037 omnes
3096 4986 3255 5034 erant
3293 4984 3711 5048 perseverantes

2132 5068 2467 5129 unanimiter
2505 5073 2559 5127 in
2590 5071 2875 5134 oratione,
2916 5084 3043 5125 eum
3091 5070 3424 5125 mulieribus
3458 5081 3513 5124 et
3540 5067 3709 5121 Maria

2130 5163 2304 5219 Matre
2327 5158 2482 5228 Jesu,
2500 5169 2554 5215 et
2573 5158 2834 5213 fratribus
2851 5156 3063 5226 ejus’.»
3085 5154 3242 5223 Quod
3261 5155 3426 5225 igitur
3447 5153 3517 5209 de
3542 5153 3713 5208 Matre

2131 5244 2261 5312 ἔθευ
2287 5255 2494 5311 dictum
2515 5258 2622 5314 est,
2652 5270 2671 5303 ι
2701 5250 2955 5320 Suscepit
2977 5264 3096 5304 eam
3132 5248 3436 5318 discipulus
3457 5246 3511 5301 in
3533 5260 3652 5303 sua.
3684 5263 3704 5297 ι

2128 5350 2472 5406 contrarium
2505 5345 2660 5402 nullo
2698 5343 2860 5399 modo
2893 5350 2999 5401 est.
3038 5343 3099 5398 Si
3132 5343 3278 5399 enim
3313 5341 3433 5410 ipse
3466 5338 3712 5407 discipu-

2129 5442 2214 5498 lus
2239 5440 2310 5497 ibi
2338 5440 2549 5504 aderat,
2574 5438 2651 5493 nil
2676 5436 2925 5507 prohibet
2961 5442 3018 5490 et
3054 5435 3278 5489 Matrem
3305 5432 3481 5500 ipsam
3507 5428 3708 5484 ibidem

2125 5535 2386 5590 adfuisse.
2433 5551 2452 5585 ι
2487 5531 2550 5587 Et
2583 5531 2639 5585 in
2671 5528 2886 5585 diebus.
2917 5546 2937 5581 ι
2973 5526 3191 5589 Petrus,
3243 5526 3391 5579 velut
3435 5521 3709 5578 charitate

2127 5628 2374 5691 fervens,
2416 5639 2482 5679 ac
2524 5622 2651 5688 ille,
2687 5620 2777 5675 eui
2823 5636 2956 5691 grex
3012 5634 3044 5674 a
3086 5617 3308 5674 Christo
3356 5614 3708 5675 conereditus

2126 5727 2267 5785 erat,
2290 5734 2352 5775 ac
2382 5715 2538 5774 chori
2569 5713 2803 5787 primus,
2828 5727 3050 5785 semper
3081 5713 3232 5786 prior
3264 5711 3534 5785 loquitur.
3566 5708 3709 5764 Cou-
