4114 6442
431 428 545 494 859

1373 432 1949 496 THEOPHYLACTI
1989 433 2399 495 BULGARl/E
2437 436 2795 496 ARCHIEP.

3585 435 3691 498 860

428 546 640 599 solatur
668 558 797 600 vero
825 559 921 600 eos
947 561 1011 600 ex
1047 545 1401 617 praedictione
1431 546 1499 601 de
1527 545 1686 601 .luda.
1716 562 1734 595 ι
1773 543 2005 614 Oporte-

2134 545 2469 615 ερορῤήσεως
2498 535 2626 617 περὶ
2669 544 2864 599 Ἰούδα.
2900 562 2922 596 ι
2956 544 3107 598 Ἔδει
3133 543 3259 612 γὰρ,
3291 543 3446 612 φησί,
3475 543 3693 613 πληρω-

430 637 529 691 bat
555 637 700 692 enim
720 677 736 700 ,
771 636 977 706 inqttit,
1013 637 1223 708 impleri
1267 637 1639 707 Scripturam,
1671 651 1833 707 quam
1865 651 2006 705 pra!-

432 729 570 797 dixit
604 729 850 798 Spiritus
882 740 1109 787 sanctus
1140 746 1236 801 per
1264 745 1326 786 os
1353 729 1522 784 David
1556 729 1624 785 de
1655 729 1813 800 195
1846 728 2008 796 Juda,

431 823 524 890 qui
558 821 660 877 fuit
689 822 799 877 dux
832 838 1024 878 eorum
1052 824 1145 892 qui
1172 822 1713 893 comprehenderunt
1740 822 1953 878 .lesum.
1986 841 2006 875 3

434 913 642 970 Deinde
677 933 698 965 ι
740 914 861 980 llic,
898 934 916 966 3
950 915 1147 984 inquit,
1197 933 1216 966 ι
1259 914 1510 985 possedit
1541 930 1732 985 agrum
1769 916 1837 970 de
1867 930 2013 968 mer-

435 1007 569 1063 cede
597 1007 925 1078 iniquitatis.
963 1025 983 1058 3
1014 1004 1132 1061 Non
1165 1007 1341 1077 inquit
1371 1024 1388 1062 :
1419 1007 1593 1063 Judzci
1626 1008 2013 1078 possederunt,

437 1098 559 1161 Sed,
589 1115 606 1146 ι
646 1097 763 1165 ipse
793 1097 1087 1167 possedit,3
1123 1107 1179 1153 et
1204 1098 1424 1169 quidem
1454 1114 1693 1170 congrue
1720 1116 1734 1153 :
1765 1114 1890 1154 nam
1921 1101 2017 1169 qui

437 1189 671 1256 pretium
708 1198 919 1257 erogat,
953 1189 1173 1244 etiamsi
1207 1189 1297 1242 alii
1326 1199 1549 1254 emant,
1582 1189 1671 1245 ille
1710 1190 2019 1245 censendus

435 1286 521 1332 est
568 1279 845 1335 dominus.
899 1279 964 1334 Et
1013 1295 1146 1336 sane
1206 1281 1438 1350 pretium
1497 1280 1618 1352 ejus
1664 1291 1822 1348 erat,
1870 1281 2020 1350 quod

443 1384 462 1417 ι
503 1366 749 1434 possedit
777 1368 846 1423 de
875 1369 1130 1425 mercede
1160 1378 1422 1426 extrema:
1451 1370 1780 1441 iniquitatis.
1822 1389 1842 1422 3
1880 1371 2022 1428 Sub-

439 1455 558 1511 dit:
593 1475 610 1508 ι
656 1458 719 1512 Ει
749 1474 1052 1529 suspensus
1090 1463 1310 1530 crepuit
1340 1463 1575 1527 medius,
1608 1471 1663 1518 et
1693 1462 1864 1518 ell’usa
1892 1471 2023 1519 sunt

439 1546 628 1601 omnia
674 1549 883 1604 \iscera
934 1551 1075 1620 ejus.
1138 1571 1159 1605 3
1206 1553 1321 1609 Iloc
1368 1554 1583 1611 scilicet
1628 1556 1704 1609 ait
1746 1554 1814 1611 de
1860 1571 2023 1626 poma

441 1654 606 1707 quam
641 1647 771 1695 tunc
794 1641 1057 1697 sustinuit
1084 1642 1113 1698 J
1123 1644 1279 1701 udas.
1310 1663 1329 1695 ι
1366 1645 1435 1699 Ει
1457 1646 1763 1717 appellatus
1791 1656 1877 1702 est
1897 1662 2026 1718 ager

444 1731 536 1785 ille
581 1733 766 1802 lingua
812 1750 1003 1790 eorum
1053 1736 1411 1804 Haceldama,
1444 1739 1548 1794 boc
1581 1747 1696 1800 est.
1742 1754 1870 1810 ager
1897 1755 2026 1795 san-

443 1826 648 1896 guinis.
692 1846 709 1878 3
744 1827 917 1882 Judaei
951 1830 1052 1885 hoc
1086 1830 1308 1886 nomine
1337 1846 1463 1886 eum
1495 1832 1878 1901 appellarunt,
1912 1847 2023 1886 non

442 1882 670 1988 propter
697 1919 898 1988 ipsum,
932 1882 1878 1992 sed,
2047 1882 2098 1952 ιη

444 2023 539 2063 cas
564 2010 629 2063 ad
680 2010 783 2063 hoc
817 2012 1174 2067 astruendum
1231 2011 1285 2067 id
1319 2013 1511 2078 refert,
1544 2024 1710 2070 testes
1740 2014 2027 2085 proferens

445 2101 596 2170 ipsos
640 2101 861 2168 hostes,
901 2103 1049 2172 quod
1091 2119 1154 2159 ea
1197 2103 1265 2160 de
1304 2121 1470 2162 causa
1516 2107 1784 2176 ejusmodi
1827 2122 2027 2162 nomen

446 2207 579 2262 agro
600 2193 673 2246 illi
703 2193 1106 2264 imposuerint:
1134 2197 1366 2252 dicendo
1392 2198 1563 2261 enim,
1623 2218 1640 2249 ι
1674 2200 1892 2269 propria
1926 2200 2031 2252 Iin-

445 2298 551 2354 gua
584 2298 794 2351 eorum,
858 2304 878 2337 3
915 2287 1019 2340 hoc
1052 2287 1188 2341 satis
1220 2288 1419 2342 innuit.
1462 2287 1603 2344 Illud
1640 2306 1768 2345 vero
1801 2309 1816 2344 :
1848 2308 1869 2343 ι
1908 2290 2033 2346 Fiat

447 2377 812 2432 commoratio
847 2379 1023 2447 ipsius
1061 2378 1281 2436 deserta
1307 2422 1321 2448 ,
1353 2388 1408 2435 et
1443 2397 1551 2436 non
1586 2383 1659 2437 sit
1689 2387 1782 2453 qui
1815 2383 2033 2439 inhabi-

452 2477 527 2519 tet
570 2468 624 2520 in
663 2483 761 2532 ea,
805 2487 823 2520 3
861 2477 973 2523 tam
1018 2470 1086 2525 de
1129 2487 1300 2541 agro,
1345 2489 1508 2542 quant
1548 2474 1616 2529 de
1657 2474 1819 2531 domo
1860 2477 2035 2547 ipsius

449 2560 657 2616 dictum
685 2572 787 2617 est.
818 2561 873 2618 ln
897 2579 962 2618 eo
987 2574 1191 2631 autem,
1223 2584 1240 2616 ι
1265 2565 1327 2620 Et
1347 2569 1722 2635 episcopatum
1740 2567 1859 2637 ejus
1887 2570 2035 2623 acci.

453 2654 568 2719 piat
604 2654 763 2717 alter,
803 2673 822 2706 3
869 2670 964 2724 per
1000 2673 1019 2706 ι
1058 2656 1430 2727 episc0patunt
1471 2677 1489 2710 3
1528 2659 1771 2729 intellige
1826 2660 2035 2729 princi-

452 2756 638 2814 patum
673 2760 767 2800 scu
792 2746 1188 2803 sacerdotium.
1224 2751 1321 2804 Est
1350 2765 1480 2803 vero
1511 2752 1600 2820 qui
1639 2752 1808 2815 dicat,
1838 2751 2034 2807 ludam

454 2836 879 2907 haudquaquam
938 2840 1134 2910 laqueo
1185 2843 1353 2895 vitam
1403 2841 1652 2903 liuiisse.
1703 2845 1799 2897 sed
1845 2860 2039 2913 super-

455 2931 679 2997 vixisse,
711 2932 856 3002 quod
879 2932 1167 3002 depositus
1200 2933 1387 2995 fuerit,
1418 2949 1711 3005 antequam
1742 2937 2039 3006 perimere-

458 3033 570 3076 tur.
598 3022 730 3077 liem
769 3025 910 3078 hanc
943 3026 1160 3080 caeteris
1189 3027 1396 3080 clarius
1429 3037 1616 3081 narrat
1647 3028 1843 3098 Papias
1874 3027 2044 3083 Joan-

457 3116 548 3171 nis
588 3116 921 3187 discipulus,
978 3118 1064 3173 bis
1105 3118 1324 3174 verbis:
1379 3138 1397 3171 ι
1438 3120 1689 3191 Magnum
1740 3122 2040 3190 impietatis

2116 634 2277 703 θῆναι
2304 635 2402 701 τὴν
2430 635 2653 704 Γραφὴν
2682 635 2911 703 ταύτην,
2938 634 3006 704 ἣν
3038 636 3266 703 προεῖπε
3294 633 3354 685 τὸ
3384 633 3604 704 Πνεῦμα
3635 637 3696 686 τὸ

2111 724 2267 793 ἆγιον
2290 726 2378 778 διὰ
2404 727 2671 795 στόματος
2703 725 2866 778 Δαῦὶδ
2891 725 3019 795 περί
3069 726 3240 778 Ἰούδα.
3276 724 3370 778 τοῦ
3401 726 3695 795 γενομένου

2112 815 2308 886 ὁδηγοῦ
2338 820 2450 881 τοῖς
2483 817 2809 871 συλλαϐοῦσι
2838 817 2931 870 τὸν
2982 817 3216 887 Ἰησοῦν,
3253 836 3271 869 3
3319 820 3414 870 καὶ
3449 817 3521 870 τὰ
3546 817 3695 885 ἑξῆς.

2114 905 2268 973 Εἶτα,
2304 928 2323 960 ι
2364 903 2558 976 Οὗτος,
2619 910 2773 978 φησὶ,
2814 908 3086 979 ἐκτήσατο
3145 909 3346 980 χωρίον
3383 910 3450 962 ὲκ
3484 908 3576 963 τοῦ
3607 926 3699 978 pt-

2115 1001 2245 1055 σθοῦ
2271 1004 2370 1071 τῆς
2394 1002 2633 1065 ἀδικίας.
2685 1020 2704 1053 3
2743 1002 2819 1054 Οὐ
2879 1001 3054 1071 λέγει,
3109 1003 3193 1057 ὅτι
3250 1004 3497 1057 Ἰουδαῖοι
3545 1005 3702 1075 ἑκτή⁸

2117 1111 2301 1156 σαντα,
2328 1093 2445 1148 ἀλλ’
2481 1112 2501 1146 ι
2537 1094 2710 1159 Αὐτὸς
2741 1095 3014 1166 ἐκτήσατο
3033 1110 3048 1126 ο
3081 1113 3100 1147 3
3132 1095 3381 1158 εἰκότως.
3422 1097 3482 1149 ’0
3507 1096 3616 1166 γὰρ
3642 1097 3703 1150 τὸ

2115 1188 2335 1260 τίμημα
2364 1187 2718 1249 καταϐαλὼν,
2762 1190 2811 1241 εἰ
2851 1189 2947 1241 καὶ
2988 1188 3171 1259 ἕτεροι
3201 1188 3542 1259 ὴγορακότες
3568 1185 3701 1245 εἷεν.

2120 1281 2284 1340 αὐτὸς
2318 1281 2388 1335 ἂν
2431 1280 2517 1349 εἴη
2574 1281 2893 1348 λογίζεσθαι
2927 1281 3141 1351 κύριος.
3194 1280 3372 1333 Αὐτοῦ
3395 1282 3502 1352 γὰρ
3544 1276 3613 1352 ἦν
3644 1281 3704 1333 τὸ

2120 1374 2360 1444 τίμημα,
2405 1372 2434 1425 ὃ
2464 1373 2736 1443 ἐκτήσατο
2782 1375 2847 1425 ὲκ
2916 1371 3013 1425 τοῦ
3075 1371 3269 1441 μισθοῦ
3331 1371 3431 1439 τῆς
3468 1371 3708 1440 ἐσχάτης

2121 1466 2358 1530 ἀδικίας.
2419 1460 2554 1520 Εἶτᾶ
2630 1481 2802 1535 φησι⁸
2861 1483 2881 1516 ι
2930 1466 3041 1517 Καὶ
3127 1463 3345 1534 πρηνὴς
3419 1462 3709 1532 γενόμενος

2122 1559 2358 1630 ὲλάκησε
2401 1558 2588 1628 μέσος,
2635 1562 2730 1611 καὶ
2783 1556 3019 1628 ἐξεχύθη
3069 1556 3252 1611 πάντα
3304 1557 3375 1610 τὰ
3426 1555 3709 1624 σπλάγχνα

2126 1650 2313 1705 αὐτοῦ.
2355 1669 2373 1701 3
2414 1648 2586 1704 Τοῦτο
2610 1649 2666 1702 δέ
2707 1665 2841 1719 φησι
2876 1650 3004 1716 περί
3032 1647 3134 1717 τῆς
3185 1648 3368 1717 δίκης,
3396 1643 3464 1721 ἧς
3507 1646 3709 1699 ἔδωκεν

2137 1742 2338 1806 Ἰούδας
2371 1742 2518 1795 τότε.
2556 1758 2576 1791 ι
2619 1740 2729 1793 Καὶ
2784 1739 2990 1810 ἐκλήθη
3037 1738 3100 1792 τὸ
3156 1737 3357 1808 χωρίον
3412 1739 3590 1790 ἐκεῖνο
3638 1739 3706 1805 τῇ

2129 1835 2238 1907 ἰδίᾳ
2261 1834 2524 1900 διαλέκτῳ
2561 1833 2744 1886 αὐτῶν
2776 1831 3108 1902 Ἀκελδαμὰ,
3160 1830 3189 1883 ὃ
3222 1830 3338 1882 ἐστι
3404 1827 3604 1900 χωρίον
3627 1826 3712 1879 aif-

2131 1943 2321 1998 ματος.
2352 1944 2370 1976 3
2408 1926 2470 1978 Οἰ
2508 1927 2607 1995 μὲν
2636 1920 2729 1978 οὖν
2756 1925 3008 1978 Ἰουδαῖοι
3042 1922 3217 1994 ταύτῃ
3261 1924 3328 1993 τῇ
3370 1921 3715 1991 προσηγτιρῖᾳ

2125 2020 2395 2073 ἐκάλεσαν
2425 2018 2577 2082 αὐτὸ,
2610 2019 2671 2071 οὐ
2710 2017 2800 2070 διὰ
2859 2015 3041 2082 τοῦτο,
3077 2016 3215 2069 ἀλλὰ
3244 2017 3332 2069 διὰ
3358 2015 3450 2067 τὸν
3481 2012 3710 2067 Ἰούδαν.

2127 2105 2296 2175 05:0;
2321 2110 2378 2164 δὲ
2439 2111 2519 2173 εἰς
2543 2108 2704 2162 τοῦτο
2729 2107 2860 2161 αὐτὸ
2887 2109 3186 2178 μετήγαγε,
3216 2107 3500 2177 μάρτυρας
3530 2104 3714 2172 φέρων

2127 2204 2252 2262 τοὺς
2285 2202 2538 2272 ὲχοροτάς,
2575 2201 2644 2255 δι’
2681 2194 2756 2254 ὧν
2799 2199 3077 2269 ὠνόμασε.
3126 2197 3241 2252 Καὶ
3276 2197 3385 2266 γὰρ
3426 2198 3485 2247 τί
3517 2194 3712 2257 εἰπεῖν,

2134 2311 2154 2344 ι
2207 2294 2273 2362 τῇ
2304 2292 2410 2362 ἰδία
2440 2290 2708 2361 διαλέκτῳ
2749 2288 2953 2356 αὐτῶν,
2986 2307 3007 2342 3
3038 2286 3197 2342 τοῦτο
3233 2286 3506 2358 βούλεται.
3528 2283 3601 2336 Τὸ
3633 2284 3712 2348 δὲ,

2138 2402 2158 2436 ι
2206 2384 2555 2454 Γενηθήτῳή
2596 2381 2823 2445 ἔπαυλις
2856 2380 3022 2435 αὐτοῦ
3065 2380 3293 2451 ἕρημος,
3339 2379 3432 2431 καὶ
3467 2378 3540 2447 μὴ
3577 2375 3718 2428 ἔστω

2131 2480 2159 2531 ὀ
2188 2477 2461 2529 κατοικῶν
2523 2478 2581 2530 ὲν
2620 2477 2782 2546 αὐτῇ,
2815 2493 2834 2526 3
2869 2474 3001 2544 περὶ
3038 2473 3236 2543 χωρίου
3272 2471 3469 2526 τούτου
3503 2470 3717 2538 καὶτῆς

2132 2570 2309 2633 οἰκίας
2340 2568 2507 2622 αὐτοῦ
2540 2570 2778 2639 εἴρηται.
2804 2566 2879 2622 Τὸ
2903 2567 2984 2630 δὲ,
3013 2587 3031 2619 ι
3073 2567 3185 2637 Τὴν
3220 2566 3526 2636 ἐπισκοπὴν
3549 2563 3716 2618 αὑτοῦ

2133 2661 2288 2716 λάϐοι
2319 2662 2533 2732 ἕτερος,
2567 2679 2584 2711 3
2620 2661 2874 2715 τουτέστι
2904 2660 3004 2730 τὴν
3033 2658 3234 2731 ἀρχὴν,
3261 2659 3361 2728 τὴν
3389 2658 3715 2728 ἱερωσύνην.

2140 2750 2330 2817 Ἄλλος
2350 2754 2405 2806 δέ
2442 2770 2627 2823 φησιν,
2662 2754 2745 2806 ὅτι
2771 2754 2872 2805 οὐκ
2909 2753 3148 2806 ἀπέθανε
3186 2754 3253 2821 τῇ
3278 2751 3485 2821 ἀγχόνῃ
3516 2751 3544 2803 ὁ
3583 2749 3719 2802 Ἰού-

2135 2845 2249 2904 δας,
2284 2844 2399 2897 ἀλλ’
2432 2844 2636 2897 ἐπεϐίω
2676 2843 3023 2912 καθαιρεθεὶς
3050 2843 3156 2915 πρὸ
3183 2842 3275 2895 τοῦ
3320 2840 3717 2909 ἀπο-πνιγῆναι.

2138 2936 2308 2989 Τοῦτο
2324 2937 2379 2989 δὲ
2398 2937 2734 3006 σαφέστερον
2765 2936 2972 3006 ἱστορεῖ
2992 2932 3209 2997 Παπίας
3233 2935 3258 2986 ὁ
3273 2931 3524 2986 Ἰωάννου
3545 2928 3721 3001 μαθη-

2136 3029 2238 3100 τὴς
2268 3028 2441 3096 λέγων
2467 3043 2481 3058 ·
2532 3048 2552 3079 ι
2608 3028 2767 3096 Μέγα
2822 3027 2882 3080 δὲ
2932 3026 3190 3089 ἀσεϐείας
3226 3025 3531 3095 ὑπόδειγμα
3560 3024 3617 3076 ὲν
3645 3022 3724 3091 τῷ

2138 3121 2328 3191 κόσμῳ
2357 3120 2531 3190 τούτῳ
2563 3119 2970 3190 περιεπάτησεν
3004 3121 3032 3173 ὁ
3073 3118 3299 3181 Ἰούδας,
3334 3116 3601 3187 πρησοεὶς
3626 3115 3722 3168 ἐπὶ

458 3210 766 3279 exemplum
798 3210 852 3263 in
898 3210 1001 3264 hoc
1038 3212 1245 3267 mundo
1283 3211 1381 3265 fuit
1418 3210 1621 3280 Judas,
1665 3222 1852 3285 utpote
1883 3215 2032 3283 cujus

2147 3212 2400 3267 τοσοῦτον
2431 3213 2527 3284 τὴν
2565 3214 2763 3283 σάρκα,
2804 3212 2946 3266 ὥστε
3002 3212 3136 3282 μηδὲ
3175 3210 3373 3265 ὁπόθεν
3399 3204 3588 3279 ἅμαξα
3626 3210 3725 3277 ῥᾳ-

457 3313 663 3369 corpus
696 3300 832 3355 adeo
867 3301 1151 3369 intumuit,
1184 3312 1242 3356 ut
1281 3319 1476 3373 neque,
1507 3318 1618 3374 qua
1649 3321 1845 3362 currus
1880 3306 2032 3363 facile

2143 3305 2271 3366 δίως
2298 3305 2597 3375 διέρχεται,
2639 3306 2845 3358 ἐκεῖνον
2869 3303 3131 3357 δύνασθαι
3150 3300 3399 3365 διελθεῖν,
3427 3300 3561 3354 ἀλλὰ
3588 3298 3724 3369 μηδὲ

463 3394 681 3456 transit,
711 3394 826 3454 ille,
862 3396 971 3449 imo
1006 3410 1183 3464 neque
1223 3397 1399 3450 solum
1433 3398 1552 3466 ejus
1581 3407 1766 3467 caput,
1801 3400 2040 3455 transire

463 3494 689 3553 posset:
724 3492 780 3540 et
812 3485 1029 3554 quidem
1062 3487 1344 3541 oculorum
1380 3488 1670 3558 palpebras
1710 3491 1848 3546 adeo
1873 3507 2040 3546 enor-

465 3576 626 3631 tuiter
671 3577 749 3631 illi
793 3577 1121 3635 intumuisse
1168 3579 1371 3646 ferunt,
1412 3589 1471 3635 ut
1517 3597 1616 3637 nec
1690 3582 1809 3654 ipse
1862 3585 2039 3639 lucem

462 3665 713 3738 videret,
758 3684 858 3724 nec
895 3671 1043 3725 oculi
1079 3671 1255 3740 ipsius
1288 3674 1367 3727 vel
1399 3674 1659 3728 adhibitis
1704 3676 2038 3730 medieormn

462 3758 694 3828 dieptris
756 3761 926 3816 videri
959 3773 1184 3832 possent
1212 3783 1225 3818 :
1260 3766 1398 3819 adeo
1426 3766 1640 3822 scilicet
1677 3769 1947 3837 profunde
1975 3770 2043 3824 ab

462 3862 688 3907 externa
731 3854 1017 3924 superficie
1053 3859 1421 3913 recesserant.
1468 3856 1714 3913 Verenda
1747 3869 1929 3915 autem
1960 3862 2043 3930 ip-

462 3944 579 3999 sius
600 3945 751 4000 omni
781 3948 1119 4016 turpitudine
1140 3949 1474 4004 deformiora
1505 3949 1645 4004 facta
1672 3951 1863 4013 fuisse,
1895 3953 2041 4022 quod

465 4037 647 4091 sanies
674 4047 729 4092 et
755 4053 971 4094 vermes
993 4055 1023 4094 e
1052 4050 1165 4094 toto
1194 4041 1314 4109 ejus
1343 4056 1577 4110 corpore
1602 4052 1886 4099 manantes
1919 4052 2043 4098 tan~

465 4129 750 4183 tummodo
783 4143 880 4199 per
915 4130 1056 4197 illas,
1086 4134 1431 4188 necessarias
1461 4134 1726 4204 alioquin,
1764 4145 1947 4205 partes
1974 4137 2040 4192 ad

468 4218 730 4288 majorem
763 4222 1116 4292 ignominiam
1153 4222 1455 4280 ellluerent.
1496 4246 1515 4278 3
1552 4226 1678 4282 lliee
1707 4230 1929 4298 quidem
1966 4232 2043 4284 ait

467 4309 558 4365 ille
617 4311 672 4363 in
723 4322 923 4380 quarto
979 4314 1386 4384 explanationis
1447 4319 1738 4373 vet-borum
1803 4319 2040 4377 Domini.

471 4419 492 4452 ι
533 4402 664 4458 I‘ost
697 4404 901 4461 multos
930 4421 1062 4461 vero
1101 4409 1385 4464 cruciatus
1412 4418 1467 4464 et
1498 4425 1711 4480 pinnas,
1745 4410 1946 4477 subdit,
1978 4428 2044 4468 eo

468 4492 522 4547 iu
553 4496 774 4565 proprio
804 4512 940 4569 agro
984 4509 1233 4565 mortuo,
1262 4517 1456 4573 agrum
1498 4504 1697 4573 ipsum,
1739 4520 1845 4575 qua
1878 4506 2042 4561 etiam

2146 3396 2311 3450 αὑτὸν
2347 3396 2505 3467 μόνον
2543 3395 2632 3449 τὸν
2661 3396 2761 3465 τῆς
2794 3394 3035 3465 κεφαλῆς
3078 3393 3243 3447 αὐτοῦ
3285 3394 3449 3461 ὖγκον
3476 3405 3492 3420 ·
3525 3392 3593 3445 τὰ
3628 3391 3725 3461 μὲν

2146 3489 2259 3560 γὰρ
2284 3488 2541 3559 βλέφαρα
2591 3487 2699 3541 τῶν
2733 3487 3027 3557 ὀξθαλμῷν
3057 3487 3222 3539 αὑτοῦ
3262 3482 3519 3538 τοσοῦτόν
3560 3499 3727 3551 φασιν

2148 3582 2448 3650 ἑξοιδῆσαι,
2489 3581 2562 3643 ὡς
2618 3581 2781 3633 αὑτὸν
2829 3578 2929 3647 μὲν
2990 3578 3225 3631 καθόλου
3260 3576 3321 3630 τὸ
3343 3577 3466 3647 φῶς
3498 3575 3573 3647 μὴ
3608 3575 3728 3646 βλέ-

2150 3691 2275 3727 πειν
2300 3715 2316 3739 ,
2348 3674 2501 3742 τοὺς,
2541 3672 2854 3740 ὀφθαλμοὺς
2887 3671 2944 3723 δὲ
2994 3668 3160 3724 αὑτοῦ
3222 3669 3357 3741 μηδὲ
3401 3669 3505 3721 ὑπὸ
3541 3666 3726 3736 ἰατροῦ

2150 3766 2411 3836 διόπτρας
2458 3766 2721 3834 ὀφθῆναι·
2780 3764 3035 3818 τοσοῦτον
3092 3763 3255 3832 βάθος
3297 3756 3441 3832 εἶχον
3494 3760 3601 3813 ἀπῦ
3629 3759 3727 3827 τῆς

2152 3859 2351 3925 ἔξωθεν
2385 3858 2705 3928 ἐπιφανείας
2730 3874 2743 3887 ·
2777 3856 2838 3910 τὸ
2878 3856 2936 3910 δὲ
2967 3856 3165 3910 αἰδοῖον
3194 3853 3362 3908 αὑτοῦ
3416 3852 3596 3923 πάσης
3630 3850 3732 3921 μὲν

2150 3948 2536 4021 ἀσχημοσύνης
2587 3948 2919 4019 ἀηδέστερον
2970 3945 3282 4015 φαίνεσθαι,
3316 3944 3405 3997 διὰ
3459 3943 3559 4010 τῆς
3601 3941 3729 4001 τοὺς

2156 4044 2217 4108 ἑξ
2254 4044 2495 4107 ἅπαντος
2526 4042 2692 4096 αὐτοῦ
2726 4040 2818 4094 τοῦ
2852 4039 3106 4109 σώματος
3136 4038 3467 4109 συρρέοντας
3526 4035 3730 4104 ἰχῶρας

2150 4154 2208 4189 τε
2250 4135 2346 4190 καὶ
2395 4135 2689 4203 σκώληκας
2751 4134 2831 4191 εἰς
2873 4131 3032 4202 ὓϐριν
3073 4131 3140 4183 δι’
3188 4129 3367 4183 αὐτῶν
3403 4127 3580 4197 μόνων
3624 4125 3730 4178 τῶν

2151 4228 2487 4296 ἀναγκαίων.
2529 4246 2546 4277 3
2592 4224 2778 4278 Ταῦτα
2826 4223 2883 4276 δέ
2940 4238 3106 4291 φησιν
3142 4224 3199 4274 ἐν
3240 4219 3316 4290 τῷ
3360 4218 3605 4289 τετάρτῳ
3633 4217 3731 4285 τῆς

2165 4317 2511 4390 Ἐξηγήσεως
2538 4314 2644 4368 τῶν
2673 4310 2967 4382 Κυριακῶν
3015 4311 3191 4379 λόγων
3214 4326 3228 4337 ⁸
3265 4328 3283 4361 ι
3317 4308 3473 4363 Μετὰ
3533 4306 3732 4368 πολλὰς

2152 4411 2423 4482 βασάνους
2454 4406 2546 4461 καὶ
2571 4405 2866 4477 τιμωρίας,
2897 4405 2955 4456 ὲν
2987 4403 3123 4473 ἰδίῳ,
3158 4402 3315 4472 φησί,
3339 4399 3523 4471 χωρίῳ
3546 4397 3735 4452 τελευ-

2151 4507 2440 4575 τήσαντος,
2465 4502 2561 4556 καὶ
2583 4500 2645 4554 τὸ
2674 4500 2782 4554 ἀπὸ
2817 4496 2917 4568 τῆς
2953 4496 3073 4551 ὁδοῦ
3104 4497 3311 4568 ἔρημον
3351 4495 3446 4547 καὶ
3477 4493 3732 4560 ἀοίκητον

464 4597 623 4657 parte
646 4590 865 4661 longius
892 4592 1049 4649 abest
1065 4608 1095 4648 a
1111 4595 1196 4650 via
1223 4595 1324 4667 (4),
1343 4596 1616 4653 desertum
1635 4605 1689 4654 et
1717 4599 2032 4657 inhabitabi-

2153 4598 2216 4651 τὸ
2241 4597 2439 4668 χωρίον
2465 4594 2627 4665 μέχρι
2658 4591 2752 4646 τοῦ
2780 4591 2875 4645 νῦν
2929 4590 3183 4660 γενέσθαι
3207 4604 3222 4620 ο
3249 4586 3366 4643 ἀλλ’
3416 4585 3537 4641 οὐδὲ
3571 4585 3733 4654 μέχρι

468 4680 575 4734 lem
602 4681 669 4736 ad
702 4698 950 4753 praesens
976 4699 1153 4757 usque
1195 4696 1410 4758 tempus
1440 4692 1687 4746 evasisse
1714 4706 1728 4744 :
1762 4692 1872 4746 imo
1901 4709 2032 4747 nunt

2157 4693 2402 4761 σήμερον
2433 4686 2695 4742 δύνασθαί
2714 4700 2838 4738 τινα
2869 4681 2962 4737 τὸν
2996 4683 3160 4736 τόπον
3182 4682 3388 4734 ἐκεῖνον
3418 4676 3730 4748 παρελθεῖν,

467 4773 636 4828 etiam
682 4777 956 4834 nemiuem
1003 4795 1101 4849 per
1142 4781 1321 4837 locum
1366 4784 1582 4858 ipsum,
1625 4784 1735 4839 nisi
1778 4786 2032 4842 obturati:

2157 4786 2254 4839 ἐὰν
2281 4784 2355 4855 μὴ
2404 4781 2505 4844 τὰς
2571 4781 2723 4849 ῥῖνας
2772 4779 2893 4839 ταῖς
2929 4776 3119 4847 χερσὶν
3164 4772 3330 4827 αὐτοῦ
3383 4768 3732 4840 περιφρὰξῃο

470 4866 736 4933 naribus,
781 4871 1024 4926 transire
1064 4887 1251 4943 posse.
1295 4873 1527 4930 Tantum
1579 4877 1791 4933 scilicet
1826 4894 1949 4933 eum
1995 4879 2032 4933 it

2158 4877 2395 4946 τοσαύτη
2421 4872 2511 4927 διὰ
2538 4872 2639 4942 τῆς
2673 4872 2876 4941 σαρκὸς
2923 4866 3091 4923 αὐτοῦ
3142 4867 3239 4922 καὶ
3285 4867 3378 4919 ἐπὶ
3417 4867 3518 4935 γῆς
3552 4863 3735 4937 κρίσις

471 4976 637 5017 carne
679 4963 853 5031 ipsius
876 4966 1039 5022 etiam
1061 4983 1225 5036 supra
1259 4974 1463 5024 terram
1483 4969 1751 5039 judicium
1783 4972 1866 5043 (5)
1898 4987 2032 5043 com-

2150 4972 2420 5043 ἑχώρησε.
2456 4984 2580 5018 ι-ι
2606 4967 2699 5018 Δεῖ
2722 4958 2816 5018 οὖν
2835 4963 2998 5018 τῶν.»
3024 4959 3248 5032 Ἐπειδὴ
3271 4958 3482 5014 οὐδέπω
3512 4955 3736 5025 Πνεῦμα

470 5054 779 5125 prehendit.
811 5074 938 5112 3—:
963 5058 1334 5132 Oportetergo
1363 5076 1431 5117 ex
1459 5062 1599 5119 his.3
1626 5062 1893 5129 Quoniam
1910 5079 2032 5120 noni

2151 5060 2244 5136 ἦν,
2287 5062 2383 5114 καὶ
2412 5059 2566 5113 οὔπω
2610 5057 2839 5118 ἑαυτοὺς
2863 5055 3050 5120 ἀξίους
3082 5052 3311 5125 ἡγοῦντο
3344 5047 3483 5104 εἶναι
3520 5049 3613 5101 τοῦ
3640 5049 3735 5115 ἀφ’

473 5150 603 5204 dum
629 5148 872 5220 Spiritus
899 5153 1214 5217 advenerat,
1238 5168 1418 5225 neque
1442 5153 1478 5209 ii
1501 5171 1561 5210 se
1582 5155 1797 5226 dignos,
1834 5158 1921 5213 vel
1938 5157 2032 5213 ido

2156 5154 2372 5209 ἑαυτῶν
2430 5151 2495 5205 τὸ
2532 5151 2767 5221 πρᾶγμα
2803 5146 3115 5215 ἐπιτρέψαι,
3147 5142 3404 5197 αἰτοῦντα
3443 5142 3457 5171 ¹
3488 5140 3736 5217 διάτινος

473 5256 607 5297 neos
623 5243 1057 5309 arbitrabantur,
1082 5246 1223 5316 quia
1240 5260 1303 5301 se
1323 5245 1457 5316 ipsis
1471 5246 1636 5304 hocce
1659 5250 1934 5317 negotium
1963 5250 2029 5305 ad

2163 5244 2389 5316 σημείου
2419 5242 2630 5313 μαθεῖν.
2681 5241 2744 5293 Εἰ
2784 5238 2895 5309 γὰρ
2926 5237 3057 5290 ἔνθα
3094 5236 3220 5289 οὔτε
3250 5234 3411 5305 εὐχὴ,
3433 5232 3557 5286 οὗτε
3585 5230 3737 5296 ἀξιό-

473 5336 961 5401 ministrarent,vel
987 5351 1084 5407 per
1105 5337 1327 5408 aliquod
1344 5337 1587 5409 signum,
1607 5339 1830 5409 quinam
1851 5340 2032 5412 eligen

2160 5339 2311 5406 λογοι
2338 5337 2554 5406 ἄνδρες,
2597 5332 2853 5386 τοσοῦτον
2907 5330 3130 5400 ἴσχυσεν
3193 5328 3286 5380 ἐπὶ
3313 5326 3407 5380 τοῦ
3438 5323 3613 5386 Ἰωνᾶ,
3647 5324 3738 5375 διὰ

474 5425 578 5482 dus
621 5435 809 5493 esset,
852 5427 1230 5496 addiscerem,
1272 5445 1293 5482 ι
1333 5427 1603 5486 dederunt
1654 5438 1832 5486 sortes
1879 5431 1983 5485 eis.
2027 5450 2032 5483 ι

2158 5434 2221 5485 τὸ
2243 5430 2302 5497 ἐξ
2327 5428 2493 5501 ὀρθῆς
2510 5426 2763 5496 γενέσθαι
2784 5424 3033 5496 γνώμης,
3053 5420 3236 5492 πολλῷ
3260 5420 3460 5491 μᾶλλον
3476 5414 3736 5471 ἐνταῦθα.

1633 5543 1839 5607 Variae
1883 5543 2195 5610 lectiones
2238 5555 2299 5609 et
2343 5554 2536 5609 noue.

553 5640 568 5671 ¹
597 5640 687 5696 ισ.
744 5642 1048 5701 αἰτοῦνται.

550 5758 627 5837 (ί)
651 5758 895 5837 S_il'anius
922 5764 1210 5837 hievertit,
1248 5766 1425 5831 abiis,
1445 5766 1703 5837 quijuxla
1731 5765 1881 5819 illam
1913 5766 2051 5837 viam

480 5830 814 5957 ἔιςὸὶἑιέίνρηε,
846 5834 991 5904 quod
1021 5830 1206 5906 legerit
1238 5838 1293 5893 in
1326 5830 1428 5894 suo
1448 5830 1656 5906 codice,
1696 5838 1789 5891 καὶ
1822 5837 1933 5901 τοῖς
1958 5836 2051 5889 ἐπὶ

480 5920 575 5957 ττι(
608 5930 628 5957 δ
659 5920 742 5957 0').

479 5920 575 5973 της
602 5920 742 5957 οοου.

2232 5767 2310 5838 (ῐὶ)
2354 5765 2506 5842 Apud
2545 5763 2810 5842 Sifattitttu
2835 5776 2932 5831 pro
2970 5762 3171 5842 κρίσις,
3198 5758 3501 5829 judicium,
3557 5761 3735 5810 exstat

2160 5836 2401 5908 ἔκρυσις,
2435 5836 2636 5905 ﬂuxus,
2680 5837 2913 5895 fortasse
2946 5836 3170 5888 rectius.
