4114 6412
409 293 518 359 867

1341 291 1924 357 THEOPHYLACTI
1961 294 2374 356 BULGARIIE
2413 295 2779 361 ARCHIEP.

3568 305 3677 370 868

403 405 802 473 somniaturos,
830 412 888 463 et
927 407 1162 485 juvenes
1186 407 1435 467 visiones
1452 412 1671 468 visuros
1702 411 1746 444 “
1769 426 1783 441 ο
1807 411 1971 467 senio

2100 427 2214 475 σεις
2237 411 2468 482 ὄψεσθαι
2495 414 2623 478 τοὺς
2647 415 2966 480 νεανίσκους
2989 434 3002 449 ·
3032 418 3408 493 πρεσϐυτικὴν
3459 421 3680 494 ἡλικίαν

400 516 518 556 mn
548 512 763 558 aetatem
795 518 998 562 vocans
1016 520 1161 571 eam,
1199 521 1321 577 qua:
1344 507 1726 576 magnitudine
1771 506 1971 562 virtuti:

2096 504 2273 573 λέγων
2316 506 2418 579 τὴν
2450 508 2745 581 ἐποσότητι
2774 511 2797 542 ⁸
2821 511 3027 583 ἀρετῆς
3075 514 3426 587 προῦχουσάν
3471 534 3530 570 τε
3583 521 3680 573 καὶ

400 605 661 664 provecta
718 604 803 652 est
842 612 906 652 ac
948 599 1266 668 praecellens
1288 639 1304 666 ,
1327 606 1383 654 et
1407 598 1572 653 veluti
1594 598 1762 655 claris
1788 597 1971 653 facino

2099 596 2529 668 ὑπερκειμένην,
2558 601 2654 652 καὶ
2707 600 2876 654 οίονεὶ
2934 601 3211 675 λαμπροῖς
3261 606 3680 680 πεπολιωμένην

401 684 557 740 ribus
585 687 830 744 canescit
857 705 871 742 :
898 687 1243 758 juventutem
1292 704 1421 745 vero
1466 704 1586 744 eam
1609 727 1626 755 ,
1656 704 1778 760 qua:
1806 689 1859 743 in
1890 689 1971 744 ίίὠ

2094 686 2485 759 κατορθώμασι
2510 705 2527 720 ο
2553 690 2785 762 νεότητα
2813 692 2894 756 δὲ,
2920 693 3019 764 τὴν
3048 697 3107 749 ὲν
3154 697 3337 751 πίστει
3373 700 3527 770 ίσχὺν
3583 701 3680 754 καὶ

401 774 560 830 fortis
590 785 674 833 est
704 786 760 833 et
825 779 893 835 ad
933 780 1140 836 bonum
1192 781 1410 837 alacris.
1458 779 1564 836 Sed
1614 789 1799 851 patest
1826 782 1989 835 etiam

399 867 469 923 dc
498 876 657 925 mtate
688 873 1003 928 senioribus
1047 881 1102 927 ct
1127 872 1442 943 junioribus
1471 872 1574 927 hoc
1631 863 1861 940 intelligi
1901 873 1990 925 di-

406 970 582 1016 ctum.
617 982 635 1014 ι
681 963 745 1016 Ει
768 963 908 1018 dabo
942 963 1211 1035 prodigia.
1247 982 1267 1016 ι
1299 962 1426 1018 ΙΙωο
1458 965 1526 1018 de
1560 962 1748 1017 futuro
1778 960 1990 1031 judicio

401 1064 456 1108 et
480 1057 546 1110 de
578 1054 882 1112 Jerusalem
924 1061 1003 1112 ait
1036 1066 1091 1111 et
1118 1056 1186 1111 de
1202 1054 1453 1111 Romana
1480 1056 1800 1126 captivitate
1835 1071 1848 1107 :
1883 1052 1987 1118 vel,

401 1158 524 1212 quae
549 1144 820 1198 crucilixo
846 1144 1076 1199 Domino
1116 1153 1381 1199 eventura
1425 1152 1607 1204 erant,
1637 1141 1902 1205 declarat,
1924 1156 1989 1197 ac

398 1249 483 1297 ea,
530 1249 653 1303 quae
700 1245 925 1306 propter
978 1238 1158 1306 ipsum
1222 1234 1434 1292 Judmis
1485 1236 1553 1291 ear
1610 1236 1985 1290 Romanorum

399 1324 541 1381 bello
565 1327 819 1383 accidere
843 1327 1145 1383 debebant.
1171 1326 1310 1381 Nam
1334 1336 1388 1381 et
1413 1337 1656 1397 tempore
1675 1325 1989 1381 crru-ilixio-

398 1415 506 1481 nis,
545 1417 617 1472 ob
650 1418 1012 1487 impietatem,
1064 1433 1229 1489 quam
1262 1418 1317 1472 in
1363 1417 1649 1473 Christum
1679 1431 1986 1472 exercuere

392 1508 591 1573 Judazi,
615 1510 729 1580 ipsa
762 1511 1185 1574 elementorum,
1216 1526 1283 1566 ac
1338 1512 1493 1579 solis,
1517 1518 1574 1565 et
1610 1510 1750 1563 lunae
1788 1518 1983 1562 natura

392 1614 692 1669 aegrescere
722 1608 778 1655 et
806 1601 1078 1672 indignari
1102 1602 1219 1656 visa
1247 1609 1369 1665 est;
1406 1610 1457 1653 et
1485 1598 1687 1654 bellum
1718 1596 1983 1653 Romanis

2092 778 2456 848 ἀκμάζουσαν
2484 783 2565 845 είς
2598 784 2658 837 τὸ
2688 785 2917 854 ἀγαθόν.
2946 787 3187 841 Δύναται
3240 789 3297 843 δὲ
3352 794 3444 845 καὶ
3476 793 3674 864 αἰσθη-

2090 871 2199 933 τῶς
2263 872 2357 924 ἐπὶ
2415 873 2806 948 πρεσὸυτέρων
2857 878 2953 933 καὶ
3004 881 3290 951 νεωτέρων
3334 882 3572 938 νοεῖσθαι
3615 885 3676 939 τὸ

2094 961 2278 1032 ῥητόν.
2317 964 2461 1017 «Καὶ
2486 964 2643 1019 δώσω
2668 967 2929 1040 τέρατα.»
2959 969 3146 1043 Ταῦτα
3163 973 3296 1045 περὶ
3323 973 3423 1043 τῆς
3451 975 3681 1045 μελλού-

2094 1069 2197 1122 σης
2230 1054 2473 1125 κρίσεως
2496 1057 2594 1111 καὶ
2631 1058 2896 1130 περὶτῶν
2933 1060 3330 1134 Ἱεροσολύμων
3364 1067 3522 1137 φησὶ,
3582 1071 3677 1123 καὶ

2088 1149 2187 1219 τῆς
2221 1147 2329 1202 ὑπὸ
2375 1146 2672 1220 Ῥωμαίων
2698 1153 3101 1223 αἰχμαλωσίας,
3131 1156 3250 1227 ἦτοι
3316 1157 3387 1212 τὰ
3441 1159 3534 1213 ἐπὶ
3597 1160 3677 1232 τῷ

2091 1240 2317 1311 σταυρῷ
2345 1240 2441 1294 τοῦ
2472 1242 2714 1313 Χριστοῦ
2744 1246 3090 1316 γενησόμενα
3146 1248 3315 1319 δηλοῖ,
3347 1251 3444 1305 καὶ
3485 1252 3555 1307 τά
3605 1254 3676 1308 δι’

2088 1331 2255 1385 αὐτὸν
2279 1334 2397 1396 τοῖς
2430 1331 2717 1399 Ἰουδαίοις
2754 1353 2819 1389 συ
2828 1336 3128 1408 μὸαίνοντα
3156 1341 3244 1395 διὰ
3262 1341 3356 1396 τοῦ
3382 1344 3673 1416 Ῥωμαίων

2089 1423 2356 1495 πολέμου.
2379 1426 2491 1480 Καὶ
2521 1427 2631 1498 γὰρ
2653 1429 2752 1482 καὶ
2780 1430 2874 1483 ἐπὶ
2903 1430 2998 1485 τοῦ
3035 1434 3273 1505 σταυροῦ
3296 1435 3389 1490 ἐπὶ
3415 1439 3536 1501 ταῖς
3563 1438 3674 1493 τῶν

2088 1512 2362 1569 Ἰουδαίων
2385 1516 2729 1583 δυσσεϐείαις
2744 1522 2865 1584 ταῖς
2893 1521 2975 1585 είς
2999 1523 3238 1595 Χριστὸν
3256 1529 3668 1600 γεγενομέναις,

2087 1607 2182 1660 καὶ
2197 1607 2337 1678 αὐτὴ
2369 1609 2479 1662 τῶν
2508 1611 2786 1680 στοιχείων
2817 1611 3219 1687 δεδυσφόρηκεν
3249 1618 3281 1688 ἠ
3309 1619 3490 1688 φύσις,
3518 1620 3670 1692 ἡλίου

393 1699 586 1744 contra
611 1691 759 1760 ipsos
780 1692 1121 1762 gerentibus,
1169 1691 1340 1745 multa
1374 1689 1692 1760 hujusmodi
1733 1690 1787 1743 in
1840 1687 1971 1743 cmlc

2086 1699 2182 1753 καὶ
2213 1699 2465 1772 σελήνης.
2491 1701 2724 1771 Λέγεται
2741 1703 2799 1757 δὲ
2826 1706 2920 1758 ἐπὶ
2944 1706 3039 1760 τοῦ
3075 1687 3366 1781 Ῥωμαίων
3392 1687 3658 1783 πολέμου,

397 1785 722 1854 contigisse,
752 1783 1029 1855 Josephus
1075 1783 1375 1839 historicus
1435 1782 1622 1837 tradit.
1660 1779 1753 1836 Vel
1781 1780 1885 1835 hoc
1910 1795 1971 1835 ex

2330 1762 2342 1772 .
2399 1762 2436 1771 .-
2580 1762 2592 1771 .
3096 1762 3109 1763 κ
3188 1762 3203 1781 ,
3400 1762 3658 1783 γαπ-Γ--.

2091 1788 2265 1842 πολλὰ
2288 1790 2519 1846 τοιαῦτα
2544 1794 2877 1865 γεγενῆσθαι
2911 1798 2970 1850 ὲν
2994 1800 3231 1871 οὐρανῷ,
3267 1801 3449 1867 καθὼς
3475 1800 3672 1876 Ἰώσηο

392 1875 682 1930 affectione
737 1890 953 1937 eorum,
995 1888 1117 1943 qua:
1147 1873 1450 1942 patiuntur,
1492 1871 1707 1926 accidit.
1748 1887 1767 1922 ι
1827 1870 1977 1925 Diem

393 1974 572 2041 autem
597 1967 812 2023 Domini
847 1982 1105 2036 magnum
1136 1973 1193 2020 et
1235 1964 1589 2020 manifestum
1625 1982 1644 2016 ι
1704 1963 1847 2018 diem
1886 1978 1974 2017 re-

390 2055 753 2110 surrectionis
782 2053 1058 2125 intelligit.
1107 2051 1243 2107 illud
1278 2067 1430 2120 vero,
1463 2070 1481 2104 ι
1523 2051 1715 2108 Omnis
1734 2049 1975 2122 quicun-

390 2160 498 2216 que
527 2146 866 2200 invocaverit
917 2160 1115 2199 nomen
1147 2143 1384 2207 Domini,
1412 2142 1601 2198 salvus
1630 2143 1758 2206 erit,
1807 2159 1827 2193 ι
1863 2156 1974 2196 non

391 2234 463 2290 de
492 2236 636 2290 nuda
679 2250 743 2291 ac
773 2235 1015 2306 simplici
1063 2235 1413 2290 invocatione
1445 2233 1608 2304 200
1636 2233 1975 2304 ‘intelligen-

395 2322 565 2396 dum,
595 2329 691 2384 sed
721 2329 790 2384 de
818 2344 905 2396 ea,
936 2342 1057 2399 qua:
1078 2327 1138 2382 ﬁt
1164 2342 1287 2383 cum
1323 2327 1541 2393 aﬂecw,
1570 2336 1718 2382 recta
1766 2328 1875 2382 vita
1912 2340 1977 2382 ac

390 2438 635 2493 congrua
664 2423 884 2478 ﬁducia.
940 2442 960 2476 ι
989 2421 1110 2478 Non
1139 2423 1286 2478 enim
1328 2424 1506 2479 omnis
1537 2423 1630 2492 qui
1662 2423 1792 2477 dicit
1819 2422 1973 2488 mihi,

391 2511 641 2579 Domine,
667 2513 915 2580 Domine,
952 2513 1179 2569 intrabit
1216 2514 1271 2568 in
1302 2529 1527 2585 regnum
1554 2514 1848 2578 caelorum,
1878 2513 1975 2569 sed

386 2602 628 2673 quifacit
649 2606 981 2660 voluntatem
1010 2602 1190 2660 Patris
1218 2606 1347 2671 mei,
1371 2605 1465 2675 qui
1490 2605 1724 2674 inﬁdelis
1746 2604 1915 2662 est“.
1946 2622 1965 2656 ι

633 2793 790 2850 Fet-ia
814 2804 1010 2866 quarta
1048 2795 1398 2851 hebdomadi]:
1421 2795 1722 2853 Paschalis.

390 2885 465 2940 De
491 2889 761 2957 passione,
829 2889 1213 2943 resurrectione
1262 2901 1310 2943 et
1359 2892 1665 2946 ascensione
1683 2888 1883 2946 Christi
1921 2898 1973 2945 et

811 2981 1063 3033 missione
1086 2978 1318 3048 Spiritus
1348 2981 1545 3041 s..ncti.

1022 3164 1324 3224 TEXTUS.
1744 3231 1753 3238 κ

456 3255 520 3322 ll,
546 3257 732 3312 22-56.
757 3256 813 3312 In
837 3258 1031 3314 diebus
1055 3260 1163 3315 illis
1180 3262 1319 3317 dixit
1345 3262 1539 3319 Petrus
1573 3265 1639 3320 ad
1671 3268 1970 3336 populum:

385 3348 500 3405 Viri
526 3351 805 3417 Israelita,
825 3352 1012 3407 audite
1038 3354 1202 3407 verba
1225 3355 1337 3418 haec
1368 3372 1383 3410 :
1411 3354 1596 3412 Jesum
1627 3357 1971 3416 Nazarenum

380 3442 558 3496 virum
586 3443 944 3511 approbatum
971 3459 999 3497 a
1023 3443 1131 3498 Deo
1160 3445 1214 3498 in
1244 3445 1423 3513 Vobis,
1452 3450 1748 3505 virtutibus
1770 3460 1823 3506 et
1844 3467 1973 3523 pro-

381 3533 548 3604 digiis
572 3544 627 3588 et
653 3534 828 3605 signis
851 3550 975 3604 quae
1004 3533 1134 3589 fecit
1166 3535 1309 3591 Deus
1346 3553 1443 3608 per
1496 3539 1647 3593 illum
1711 3542 1765 3596 in
1792 3543 1972 3599 medio

380 3627 573 3691 vestri,
599 3628 745 3681 sicut
767 3634 819 3680 et
847 3641 944 3682 vos
998 3627 1173 3693 scitis,
1203 3629 1348 3685 hunc
1408 3631 1631 3687 deiiuito
1668 3634 1896 3691 consilio
1919 3646 1973 3691 et

378 3719 725 3790 praescientia
760 3719 854 3776 Dei
908 3722 1199 3789 traditum,
1254 3740 1352 3795 per
1407 3741 1602 3781 manus
1652 3728 1967 3799 iniquorum

381 3812 657 3885 aﬂigenles
686 3815 1064 3872 interemistis.
1107 3817 1279 3883 Quem
1311 3819 1454 3875 Deus
1485 3823 1794 3889 suscitavit,
1826 3826 1969 3881 solu-

380 3907 453 3963 tis
482 3906 767 3962 doloribus
795 3906 1017 3975 ini‘t-rni,
1043 3909 1198 3976 juxta
1214 3909 1360 3979 quod
1383 3912 1724 3982 impossibile
1742 3925 1861 3972 erat
1890 3927 1968 3972 te-

377 4001 496 4054 neri
527 4000 679 4054 illum
709 3999 777 4054 ab
796 4015 881 4056 eo.
907 3999 1077 4057 David
1099 4001 1400 4071 enimdicit
1432 4004 1486 4059 in
1510 4020 1636 4060 eum
1666 4006 1738 4061 “:
1781 4026 1800 4059 ι
1834 4008 1967 4064 Pro-

377 4093 626 4146 vidcbam
662 4091 951 4147 Dominum
988 4094 1042 4148 in
1074 4102 1378 4166 conspectu
1404 4111 1527 4152 meo
1553 4113 1962 4171 sculpenquo.

376 4188 524 4239 niam
550 4201 579 4237 a
628 4184 839 4242 dextris
882 4193 967 4241 est
986 4186 1120 4241 mihi
1165 4203 1236 4244 ne
1268 4203 1642 4247 commovear.
1676 4210 1694 4244 ι
1734 4191 1966 4264 PrOpter

379 4278 486 4332 hoc
509 4278 749 4331 lactatum
772 4289 855 4334 est
910 4293 1006 4334 cor
1066 4295 1274 4346 meum,
1321 4291 1375 4337 et
1423 4284 1720 4340 exsultavit
1778 4285 1961 4357 lingua

377 4383 519 4434 mea,
541 4367 766 4440 insuper
797 4379 1002 4426 etcaro
1027 4385 1145 4427 mea
1183 4374 1492 4443 requiescet
1545 4374 1600 4430 in
1639 4390 1737 4447 spe
1770 4394 1784 4430 :
1819 4393 1962 4446 quo-

2086 1897 2187 1945 πος
2216 1883 2441 1954 ἱστορεῖ.
2488 1886 2645 1939 Ἤτοι
2671 1887 2779 1941 ἀπὸ
2802 1889 2903 1959 τῆς
2930 1889 3225 1957 διαθέσεως
3275 1895 3383 1947 τῶν
3437 1899 3674 1969 πασχόν-

2081 1988 2193 2028 των
2219 1974 2379 2028 τοῦτο
2411 1977 2640 2041 γίνεται.
2708 1999 2726 2031 ι
2763 1980 3013 2054 Ἡμέραν
3046 1983 3104 2038 δὲ
3152 1986 3359 2059 Κυρίου
3410 1991 3659 2063 μεγάλην

2083 2065 2182 2118 καὶ
2246 2068 2485 2139 επιφανῆ
2515 2088 2534 2121 ι
2577 2070 2677 2141 τὴν
2708 2073 2810 2143 τῆς
2864 2075 3212 2140 άναστάσεώς
3247 2095 3403 2149 φησι.
3458 2082 3534 2136 To
3578 2082 3664 2150 δὲ,

2086 2176 2109 2210 r
2145 2157 2261 2223 Πᾶς
2285 2159 2344 2222 ὃς
2371 2158 2439 2213 ἂν
2476 2162 2880 2236 άπικαλέσηται
2910 2166 2971 2219 τὸ
2994 2166 3167 2240 ὄνομα
3224 2171 3432 2242 Κυρίου
3484 2173 3636 2244 σωθὴ
3662 2211 3668 2216 -

2085 2268 2259 2317 σεται,
2291 2269 2311 2304 ι
2344 2252 2466 2324 οὐχ)⁸
2506 2255 2565 2308 τὸ
2594 2256 2783 2323 ἁπλῶς
2826 2259 3260 2316 ἐπικαλέσασθαι
3312 2282 3499 2335 φησιν,
3529 2267 3667 2322 ἀλλὰ

2082 2343 2145 2397 τὺ
2176 2345 2315 2414 μετά
2344 2345 2664 2414 διαθέσεως,
2694 2350 2833 2420 μετὰ
2890 2349 3006 2422 βίου
3046 2353 3295 2422 ἀρίστου,
3334 2358 3474 2427 μετά
3526 2363 3667 2432 παῤ-

2086 2436 2287 2506 ῥησίας
2341 2438 2435 2506 τῆς
2474 2441 2883 2511 προσηκούσης.
2924 2462 2944 2496 ι
2970 2437 3046 2499 σὺ
3081 2445 3192 2517 γὰρ
3232 2447 3261 2500 ὀ
3293 2447 3468 2517 λέγων
3521 2468 3613 2522 μοι
3644 2493 3661 2516 ,

2082 2527 2279 2598 Κύριε,
2315 2528 2511 2600 Κύριε,
2565 2532 2934 2588 εἰσελεύσεται
2960 2537 3040 2600 εἰς
3087 2538 3187 2608 τὴν
3242 2538 3518 2608 βασιλείαν
3546 2542 3660 2597 τῶν

2081 2620 2348 2690 οὐρανῶν,
2416 2622 2532 2675 ἀλλ’
2554 2625 2582 2676 ὁ
2636 2625 2807 2680 ποιῶν
2841 2625 2901 2681 τὸ
2939 2627 3151 2701 θέλημα
3189 2631 3282 2685 τοῦ
3315 2632 3527 2704 Πατρός
3558 2651 3664 2705 μου

2080 2710 2176 2765 τοῦ
2207 2714 2263 2765 ὲν
2285 2714 2556 2784 οὐρανοῖς.
2586 2733 2605 2765 ι

2368 2806 2447 2877 Τῇ
2489 2808 2728 2881 τετάρτῃ
2758 2810 2855 2881 τῆς
2887 2812 3344 2887 Διακαινησίμου.

2079 2891 2221 2961 Περὶ
2282 2895 2513 2962 πάθοιις
2561 2898 2660 2951 καὶ
2702 2898 3119 2971 ἀναστάσεως,
3150 2907 3250 2960 καὶ
3299 2907 3666 2978 ἀναλήψεως

2150 2986 2257 3041 τοῦ
2305 2988 2602 3058 Χριστοῦ,
2644 2990 2864 3062 δωρεᾶς
2896 2996 2981 3050 τε¹
3009 2998 3119 3054 τοῦ
3169 3000 3346 3071 ἁγίου
3396 3005 3668 3075 Ιιγεύμα-

2151 3093 2274 3143 τος.

2689 3178 3083 3238 ΚΕΙΜΕΝΟΝ.
3260 3232 3287 3252 ,

2148 3261 2239 3318 Ἐν
2267 3264 2386 3329 ταῖς
2414 3266 2651 3339 ἡμέραις
2696 3270 2957 3339 ἐκείναις,
3005 3270 3125 3329 εἷπε
3158 3278 3365 3351 Πέτρας
3398 3280 3536 3353 πρὸς
3568 3281 3662 3336 τὸν

2075 3354 2206 3410 λαόν
2243 3373 2260 3389 ο
2318 3358 2549 3430 Ἄνδρες
2590 3362 2947 3435 Ἰσραηλῖται,
2997 3369 3269 3424 ἀκούσατε
3310 3372 3440 3439 τοὺς
3468 3373 3661 3443 λόγους

2078 3448 2338 3514 τούτουςν
2388 3451 2600 3522 Ἰησοῦν
2660 3454 2754 3509 τὸν
2811 3456 3160 3529 Ναζωραῖον,
3197 3461 3368 3535 ἄνδρα
3410 3465 3519 3519 ἀπὸ
3564 3465 3661 3521 τοῦ

2073 3539 2211 3594 Θεοῦ
2241 3542 2701 3616 ἀποδεδειγμένον
2728 3549 2809 3613 είς
2843 3549 2987 3620 ὑμᾶς
3021 3552 3289 3623 δυνάμεσι
3327 3556 3423 3610 καὶ
3470 3560 3661 3628 τέρασι

2074 3632 2170 3687 καὶ
2208 3634 2478 3704 σημείοις,
2508 3633 2588 3702 οἷς
2615 3640 2842 3710 ἐποίησε
2876 3643 2943 3696 δι’
2982 3645 3148 3699 αὑτοῦ
3181 3649 3209 3701 ό
3240 3648 3374 3712 Θεὸς
3403 3651 3462 3702 ὲν
3507 3652 3661 3721 μέσῳ

2072 3724 2248 3795 ὑμῶν,
2283 3728 2464 3791 καθὼς
2495 3730 2590 3783 καὶ
2624 3733 2782 3786 αὐτοὶ
2820 3735 3021 3802 οἴδατε,
3054 3738 3248 3794 τοῦτον
3274 3746 3340 3814 τῇ
3373 3744 3658 3818 ὡρισμένῃ

2070 3816 2235 3891 βουλῇ
2278 3822 2373 3875 καὶ
2431 3823 2739 3894 προγνώσει
2783 3828 2878 3882 τοῦ
2934 3831 3071 3885 θεοῦ
3127 3832 3343 3888 ἔκδοτον
3375 3816 3655 3902 λαϐόντες,

2067 3909 2156 3963 διὰ
2182 3911 2385 3981 χειρῶν
2424 3913 2646 3985 ἀνόμων
2687 3919 3108 3989 προσπήξαντες
3168 3923 3438 3979 ἀνείλετε.
3484 3926 3580 3977 Ὃν
3624 3928 3655 3977 ὁ

2067 4002 2198 4061 Θεὸς
2228 4005 2519 4075 ἀνέστησε,
2579 4006 2749 4074 λύσας
2804 4011 2903 4073 τάς
2965 4012 3160 4079 ὠδῖνας
3235 4015 3347 4070 τοῦ⁴
3394 4017 3650 4087 θανάτου,
3760 4052 3775 4063 ο

2067 4093 2255 4149 καθότι
2281 4097 2383 4151 ούκ
2409 4093 2479 4170 ἦν
2494 4099 2724 4155 δυνατὸν
2758 4105 3082 4172 κρατεῖσθαι
3131 4108 3297 4162 αὐτὸν
3325 4109 3421 4164 ὑπ’
3451 4112 3648 4168 αὐτοῦ.

2066 4190 2230 4243 Δαόὶδ
2266 4191 2374 4262 γὰρ
2400 4190 2554 4260 λέγει
2574 4194 2653 4255 είς
2688 4194 2884 4249 αὐτόν·
2920 4197 3278 4270 Προωρώμην
3327 4203 3421 4255 τὸν
3444 4202 3651 4275 Κύριον

2066 4282 2299 4335 ἐνώπιόν
2357 4299 2460 4352 μου
2517 4283 2605 4337 διὰ
2636 4287 2859 4355 παντὸς,
2887 4289 2971 4342 ὅτι
3001 4292 3066 4343 ἐκ
3101 4291 3296 4357 δεξιῶν
3339 4295 3443 4365 μού
3476 4298 3647 4365 ἐστιν,

2070 4373 2156 4426 ἵνα
2194 4372 2270 4442 μὴ
2303 4372 2572 4428 σαλευθῶ.
2604 4377 2706 4430 Διά
2728 4377 2889 4432 τοῦτο
2916 4380 3201 4454 εὐφράνθη
3233 4387 3267 4454 ὴ
3295 4388 3493 4459 καρδία
3520 4408 3646 4461 μου,

377 4460 524 4514 niam
546 4476 653 4515 non
679 4462 1028 4533 derelinques
1045 4463 1287 4520 animam
1304 4481 1481 4522 meam
1516 4466 1573 4522 in
1598 4467 1836 4533 inferno,
1859 4484 1962 4525 nec

2075 4464 2162 4519 καὶ
2188 4463 2557 4531 ἠγαλλιάσατο
2587 4469 2620 4539 ἡ
2661 4469 2883 4537 γλῶσσά
2917 4489 3042 4540 μου.
3080 4475 3200 4529 Ἔτι
3224 4476 3281 4531 δὲ
3313 4481 3406 4532 καὶ
3440 4483 3469 4551 η
3509 4460 3648 4553 capi

375 4551 530 4606 dabis
572 4560 827 4607 sanctum
861 4561 1014 4608 tuum
1058 4554 1244 4611 videre
1297 4559 1731 4624 corruptionem.
1794 4556 1964 4614 Notas

376 4642 509 4697 mihi
547 4643 728 4700 fecisti
787 4645 911 4701 vias
944 4647 1067 4702 vitae
1101 4663 1116 4701 :
1153 4657 1208 4700 et
1234 4647 1468 4718 rcplebis
1498 4664 1585 4703 me
1618 4650 1963 4718 jucunditate

375 4750 499 4789 cum
540 4738 678 4792 [acie
709 4746 825 4793 tua.
848 4737 960 4792 Viri
987 4737 1215 4805 fratres,
1258 4739 1420 4795 liceat
1475 4740 1746 4797 audenter
1779 4742 1963 4799 dicere

373 4827 444 4881 ad
477 4841 574 4881 vos
591 4826 658 4882 de
693 4831 1004 4899 patriarcha
1029 4830 1221 4897 David,
1260 4822 1531 4903 quoniam
1562 4832 1856 4890 defunctus
1878 4845 1965 4892 est

372 4926 428 4972 et
468 4919 743 4989 sepultus,
785 4931 841 4977 et
876 4923 1192 4993 sepulcrum
1216 4925 1339 4996 ejus
1372 4932 1457 4981 est
1486 4926 1630 4997 apud
1649 4941 1751 4982 nos
1783 4942 1959 4998 usque

371 5010 428 5064 iu
460 5011 789 5066 hodiernum
831 5013 999 5068 diem.
1029 5012 1300 5086 Propheta
1334 5014 1503 5086 igitur
1531 5030 1657 5071 cum
1698 5028 1869 5083 esset,
1903 5026 1958 5074 et

371 5102 558 5169 sciret,
588 5105 718 5173 quia
738 5105 1101 5177 jurejurando
1127 5107 1374 5178 jurasset
1395 5107 1471 5162 illi
1492 5105 1740 5174 Deus,de
1776 5107 1955 5164 fructu

372 5192 543 5250 lumbi
571 5195 694 5265 ejus
726 5197 922 5254 sedere
954 5214 1120 5269 super
1137 5198 1326 5255 sedem
1381 5200 1523 5267 ejus,
1542 5198 1836 5270 previdcns
1877 5200 1956 5256 lo-

371 5295 535 5343 cutus
561 5297 643 5343 est
669 5289 737 5344 de
774 5290 1180 5346 resurrectione
1214 5289 1445 5356 Christi,
1477 5291 1603 5361 quia
1644 5306 1823 5362 neque
1857 5291 1951 5349 de-

371 5379 599 5435 relictus
620 5387 707 5435 est
735 5380 789 5436 in
817 5379 1052 5449 inferno,
1098 5396 1274 5453 neque
1305 5397 1437 5437 caro
1467 5385 1587 5453 ejus
1610 5382 1952 5439 viditcorru-

443 5538 489 5571 ¹³
519 5539 643 5594 Aet.
681 5552 789 5608 ut,
837 5541 894 5597 9.
975 5541 1019 5575 “
1053 5540 1247 5599 Matth.
1285 5546 1496 5615 vn,2i.

1601 5548 1644 5579 ¹⁸
1672 5547 1815 5603 Psal.
1844 5565 1932 5613 xv,
1962 5550 2020 5606 8.

2068 4570 2173 4623 μου
2212 4554 2637 4627 κατασκηνώσει
2670 4559 2759 4610 ἐπ’
2797 4561 3010 4616 ἐλπίδι⁸
3046 4563 3130 4617 ὅτι
3171 4567 3273 4620 οὐκ
3321 4570 3647 4638 ἐγκαταλεί-

2060 4646 2183 4716 ψεις
2209 4646 2312 4718 τὴν
2350 4646 2531 4719 ψυχήν
2565 4667 2669 4720 μου
2703 4642 2783 4714 είς
2811 4652 2967 4725 ᾅδην,
2999 4657 3121 4710 οὐδὲ
3159 4658 3351 4725 δώσεις
3374 4663 3465 4716 τὸν
3497 4665 3646 4719 ὅσιόν

2063 4754 2158 4791 σου
2202 4739 2332 4793 ίδεῖν
2371 4741 2693 4813 διαφθοράν.
2738 4745 3075 4818 Ἐγνώρισάς
3124 4769 3214 4822 μοι
3248 4755 3404 4820 ὁδοὺς
3461 4756 3644 4829 ζωῆς⁶

2059 4831 2375 4903 πληρώσεις
2407 4852 2477 4905 με
2509 4837 2857 4911 εὐφροσύνης
2889 4843 3028 4912 μετά
3054 4845 3150 4898 τοῦ
3177 4849 3476 4917 προσώπου
3520 4869 3641 4906 σου.

2060 4924 2288 4996 ’Ἄνδρες
2316 4925 2559 4996 ἀδελφοὶ,
2595 4926 2715 4993 ἐξὸν
2748 4932 2923 4984 εἰπεῖν
2954 4935 3093 5004 μετὰ
3146 4941 3468 5010 παρρησίας
3506 4945 3645 5016 πρὸς

2056 5016 2202 5086 ὑμᾶς
2233 5019 2364 5089 περὶ
2396 5020 2492 5072 τοῦ
2522 5024 2868 5094 πατριάρχου
2904 5026 3094 5092 Δαδὶδ,
3142 5030 3225 5084 ὅτι
3271 5035 3367 5088 καὶ
3413 5036 3644 5090 ἐτελεύ-

2056 5126 2212 5180 τησε,
2249 5111 2346 5164 καὶ
2373 5110 2575 5182 ἐτάφη,
2598 5115 2694 5167 καὶ
2722 5116 2784 5168 τὸ
2813 5117 3005 5189 μνῆμα
3034 5121 3200 5176 αὑτοῦ
3232 5125 3380 5181 ἔστιν
3417 5129 3476 5181 ὲν
3513 5129 3641 5201 ὑμῖν

2056 5199 2185 5271 ἄχρι
2210 5202 2309 5271 τῆς
2337 5203 2553 5274 ἡμέρας
2613 5206 2842 5279 ταύτης.
2899 5212 3203 5285 Προφήτης
3233 5218 3327 5273 οῦν
3378 5199 3642 5293 ὑπάρχων

2056 5294 2155 5347 καὶ
2184 5293 2341 5359 εἰδὼς
2375 5296 2456 5349 ὅτι
2485 5297 2632 5369 ὅρκῳ
2661 5298 2895 5371 ὣμωσεν
2921 5304 3074 5376 αὐτῷ
3100 5307 3128 5361 ό
3151 5307 3285 5374 Θεὸς
3324 5312 3390 5366 ἐκ
3422 5317 3639 5385 καρποῦ

2056 5386 2159 5456 τῆς
2193 5386 2398 5458 ὀσφύος
2426 5389 2596 5444 αὑτοῦ
2648 5393 2714 5446 τὸ
2752 5395 2898 5451 κατά
2936 5397 3120 5472 σάρκα
3165 5401 3498 5476 ἀναστήσειν
3546 5407 3640 5463 τὸν

1528 5666 1727 5730 Varite
1771 5671 2077 5735 lectiones
2124 5677 2185 5734 ct
2231 5679 2422 5736 notae.

441 5760 466 5792 '
496 5757 584 5812 ίσ,
630 5760 724 5813 ἐπὶ
766 5762 1029 5834 ὁσιότητι.
