4114 6448
382 318 493 383 Hi9
1044 324 1588 390 EXPOSITIONIS
1628 327 1712 390 ΙΝ
1743 326 1930 387 ACTA
1983 323 2292 387 TEXTUS
2315 322 2590 387 ALTER.
2630 351 2701 363 -
2730 326 2891 390 CAP.
2926 330 3015 390 Il.
3574 332 3683 398 870

377 435 638 508 Χριστὸν,
672 438 895 495 καθὲσαι
921 439 1016 496 ἐπὶ
1070 441 1168 494 τοῦ
1221 439 1416 512 θρόνον
1472 441 1663 507 αὐτοῦ,
1715 439 1958 512 προῖδῦν

2095 440 2357 508 ptiunem.
2390 437 2757 494 ﬂuncJesum
2793 441 3141 498 resuscitavit
3178 443 3342 509 Deus,
3375 447 3535 516 eujns
3563 463 3682 505 om-

381 533 616 603 ἐλάλησε
649 534 780 603 περὶ
813 533 911 605 τῆς
943 532 1299 597 ἀναστάσεως
1336 534 1433 588 τοῦ
1464 534 1732 606 Χριστοῦ,
1764 534 1851 586 ὅτι
1877 531 1979 585 οὐκ

2095 547 2188 586 nes
2211 546 2313 585 nos
2353 540 2524 587 testes
2548 547 2761 587 sumus.
2798 532 3028 588 Dextera
3062 534 3228 607 igitur
3251 535 3345 591 Dei
3387 539 3679 606 exaltatus,

380 625 787 697 ἐγκατελείφθη
832 627 865 698 ἡ
901 608 1049 697 ᾦυχὴ
1075 626 1241 681 αὐτοῦ
1273 629 1354 690 εἰς
1404 626 1561 698 ᾅδην,
1596 626 1718 679 οὐδὲ
1745 627 1780 694 ή
1838 624 1979 695 σὰρξ

2095 633 2143 678 ut
2166 624 2536 693 promissione
2560 623 2803 695 Spiritus
2827 628 3001 683 sancti
3021 637 3244 699 accepta
3266 646 3297 684 a
3331 629 3514 697 Patre,
3547 634 3685 688 ea...

382 718 551 773 αὐτοῦ
586 715 694 772 εἶδε
724 718 1051 791 διαφθοράν.
1085 718 1292 774 Τοῦτον
1320 720 1413 773 τὸν
1435 718 1647 790 Ἰησοῦν
1671 720 1976 786 ἀνέστησεν

2095 718 2172 770 ιΙιι
2203 715 2368 781 lume,
2395 731 2557 786 quem
2609 733 2705 772 vos
2747 719 2946 776 videtis
2993 728 3047 775 et
3107 721 3335 777 auditis.
3385 722 3501 780 Non
3535 726 3680 781 enim

380 813 411 865 ὁ
444 811 599 879 Θεὸς,
620 808 682 865 οῦ
717 815 919 876 πάντες
947 813 1110 884 ἡμεῖς
1158 814 1331 883 ἐσμεν
1361 813 1662 884 μάρτυρες.
1697 811 1777 881 Τῇ
1820 809 1972 882 δεξιᾷ

2095 806 2256 861 David
2288 810 2537 865 ascendit
2572 810 2624 864 in
2653 812 2896 867 malum:
2932 813 3069 866 dixit
3113 822 3295 870 autem
3332 815 3489 885 ipse:
3529 815 3680 872 Dixit

379 901 477 955 οὖν
502 902 598 955 τοῦ
622 904 762 957 Θεοῦ
795 904 1060 974 ὑψωθεὶς,
1088 905 1192 975 τήν
1234 921 1292 958 τε
1322 903 1661 972 ἐπαγγελίαν
1691 902 1787 956 τοῦ
1809 902 1970 971 ἁγίου

2095 898 2343 954 )ominus
2378 899 2610 956 Domino
2663 916 2830 957 meo:
2874 902 3014 957 Sede
3061 918 3091 957 a
3131 904 3342 961 dextris
3385 910 3543 974 meis,
3584 911 3683 963 do-

383 993 702 1065 Πνεύματος
733 994 916 1049 λαϐὼν
938 998 1091 1066 παρᾶ
1119 995 1214 1049 τοῦ
1238 995 1476 1068 Πατρός,
1511 997 1695 1066 ἐξέχεε
1733 994 1916 1056 τοῦτο,
1949 991 1977 1045 δ

2096 1009 2176 1048 tec
2198 1010 2394 1063 ponam
2422 995 2676 1051 inimicos
2699 1004 2823 1052 tuos
2854 998 3152 1052 scabellum
3203 1001 3402 1069 pedum
3435 1008 3682 1074 tuorum.

382 1087 481 1140 νῦν
519 1088 678 1157 ὑμεῖς
720 1087 948 1158 βλέπετε.
983 1090 1078 1143 καὶ
1108 1089 1360 1145 ἀκούετε.
1396 1092 1471 1143 Οὐ
1499 1091 1609 1159 γὰρ
1656 1089 1825 1142 Δαϐὶδ
1884 1090 1979 1141 άν-

377 1180 409 1236 έ
426 1181 483 1252 ir)
514 1183 593 1244 εἰς
615 1182 740 1245 τοὺς
755 1181 1043 1253 οὐρανούς.
1061 1183 1227 1251 Λέγει
1251 1182 1308 1236 δὲ
1334 1186 1363 1237 ό
1388 1185 1550 1245 αὐτός
1571 1202 1582 1213 ·
1614 1178 1782 1236 Εἶπεν
1807 1182 1835 1234 ό
1862 1178 1974 1233 Κύ-

2076 1086 2392 1141 (ζιϊιίεείιιιε
2420 1088 2557 1141 sciat
2612 1103 2743 1158 ergo
2792 1089 2970 1145 omnis
3016 1089 3213 1146 donms
3247 1090 3433 1147 Israel.
3465 1094 3592 1164 quia
3629 1106 3687 1150 et

2081 1179 2368 1233 Dominum
2409 1194 2533 1234 eum
2578 1190 2633 1235 et
2681 1180 2960 1237 Christum
3009 1183 3141 1237 fecit
3211 1187 3352 1240 Deus
3398 1185 3547 1241 hunc
3598 1186 3684 1242 Je-

385 1290 502 1342 ριος
539 1273 616 1346 τῷ
647 1274 837 1345 Κυρίῳ
871 1292 973 1344 μου
1001 1292 1015 1305 ·
1049 1274 1238 1330 Κάθου
1268 1277 1333 1328 ὲκ
1361 1275 1555 1340 δεξιῶν
1590 1292 1718 1346 μου,
1744 1274 1852 1337 ἓως
1904 1272 1973 1326 ἂν

2095 1284 2228 1334 tum,
2261 1287 2423 1342 quem
2453 1287 2550 1327 vos
2577 1273 2955 1328 crueilixistis.

382 1364 464 1417 θῶ
491 1367 618 1429 τοὺς
644 1365 877 1437 ἐχθρούς
908 1384 1003 1420 σου
1032 1367 1330 1421 ὑποπόδιον
1356 1368 1465 1420 τῶν
1489 1366 1664 1421 ποδῶν
1694 1383 1810 1421 σου.
1847 1361 2134 1434 Ἀσφαλῶς
2187 1362 2285 1417 οῦν
2353 1364 2671 1433 γινωσκέτω
2722 1366 2833 1429 πᾶς
2903 1364 3051 1430 οἶκος
3111 1367 3353 1439 Ἰσραὴλ,
3420 1370 3501 1424 ὅτι
3591 1366 3687 1425 καὶ

382 1458 592 1531 Κύριον
617 1462 713 1516 καὶ
743 1461 980 1531 Χριστὸν
1028 1463 1194 1515 αὑτὸν
1225 1463 1254 1515 ὁ
1301 1463 1437 1526 Θεὸς
1483 1464 1712 1535 εποίησε
1774 1461 1969 1515 τοῦτον
2001 1458 2096 1513 τὸν
2134 1459 2348 1531 Ἰησοῦν
2381 1460 2441 1515 ὃν
2466 1462 2624 1532 ὑμεῖς
2652 1461 3060 1534 ἐσταυρώσατε.

987 1555 1377 1610 EPMllNElA.

465 1645 684 1717 Ἐπειδὴ
716 1645 1002 1716 καθήψατο
1026 1646 1211 1701 αὐτῶν
1258 1648 1488 1718 σφόδρα,
1539 1647 1759 1719 ἀνίησιν
1788 1643 1990 1708 αὐτοὺς

378 1739 478 1792 καὶ
498 1739 910 1810 ἀναμιμνήσκει
957 1739 1053 1793 τοῦ
1108 1744 1474 1813 προπάτορος,
1530 1741 1627 1795 καὶ
1678 1738 1841 1793 πάλιν
1883 1737 1992 1793 ἀπὸ

2490 1554 2652 1626 2οι
2725 1552 3299 1614 COMMENTARIUS.

2090 1650 2100 1660 ‘
2168 1641 2444 1709 Quoniam
2490 1661 2602 1700 eos
2655 1646 3009 1702 vehementer
3054 1650 3477 1718 perstrinxerat,
3537 1666 3687 1707 nunc

2103 1736 2367 1792 blandius
2397 1736 2726 1808 alloquitur,
2761 1750 2816 1794 et
2855 1740 2924 1794 de
2966 1741 3319 1811 progenitore
3353 1743 3685 1798 mentionem

379 1828 687 1900 προοιμίων
714 1828 966 1902 ἄρχεται.
999 1830 1109 1885 Καὶ
1154 1832 1344 1901 ἐπειδὴ
1387 1831 1612 1902 ἔμελλεν
1653 1830 1849 1894 αὐτοὺς
1895 1827 1992 1882 τοῦ

2098 1835 2414 1897 opportune
2456 1827 2609 1893 facit,
2643 1844 2950 1898 rursusque
2976 1830 3289 1885 exorditur.
3321 1832 3388 1886 Et
3420 1835 3547 1902 quia
3569 1844 3690 1889 erat

290 1924 309 1939 ⁸
391 1926 572 1995 Ἰησοῦ
610 1925 1075 1995 ἀναμιμνήσκειν,
1107 1925 1196 1979 ἶνα
1233 1924 1308 1996 μὴ
1336 1924 1702 1997 θορυϐηθῶσι,
1751 1923 1813 1976 οὗ
1842 1922 1992 1990 λέγει

375 2035 433 2073 τι
461 2020 571 2072 τῶν
614 2018 860 2090 ὑψηλῶν,
943 2017 1061 2071 ἀλλ’
1119 2018 1231 2072 ἀπὸ
1286 2017 1395 2071 τῶν
1453 2017 1660 2088 σφόδρα
1717 2014 1993 2068 ταπεινῶν

380 2108 630 2179 ἄρχεται,
669 2109 764 2163 καὶ
790 2109 996 2171 εὐθέως
1032 2106 1131 2178 τὴν
1163 2107 1402 2178 πατρίδα
1432 2107 1604 2175 λέγει,
1637 2106 1785 2177 ἥπερ
1818 2105 1991 2159 ἐδόκει

379 2199 610 2270 εὐτελὴς
659 2196 824 2255 εἶναι.
889 2199 1108 2270 Ἀμέλει
1168 2199 1405 2271 ἀλλαχοῦ
1445 2217 1464 2251 ι
1491 2199 1660 2268 ἄνδρα
1699 2196 1934 2265 ποθητὸν
1966 2216 1985 2248 ι

381 2292 539 2359 λέγει
599 2290 692 2363 [Ι.
728 2290 954 2363 λέγων]
1007 2290 1101 2344 τὸν
1154 2289 1412 2362 Χριστὸν,
1463 2288 1666 2353 εὐθέως
1719 2287 1989 2357 συνῆψεν·

388 2404 415 2436 ι
444 2378 616 2446 Οὗτος
654 2384 682 2435 ὁ
713 2382 952 2455 ἀρχηγὸς
996 2383 1089 2452 τῆς
1126 2382 1272 2452 ζωῆς
1299 2383 1417 2435 ἐστι
1451 2418 1467 2435 .
1496 2400 1515 2434 ι
1574 2380 1650 2433 Τὸ
1704 2379 1762 2434 δὲ
1806 2380 1991 2448 λέγειν

382 2473 630 2545 ἀρχηγὸν
669 2472 816 2542 ζωῆς
844 2472 936 2526 τὸν
963 2472 1224 2542 Χριστὸν,
1258 2470 1354 2523 καὶ
1399 2469 1529 2524 Υίὸν
1561 2467 1700 2522 Θεοῦ
1744 2467 1842 2522 καὶ
1878 2466 1992 2521 Κύ-

385 2583 526 2637 ριον,
572 2567 627 2619 τί
650 2565 718 2621 ἂν
751 2567 836 2636 εἴη
867 2565 1078 2637 ἓτερον,
1116 2564 1149 2636 ἢ
1175 2565 1261 2619 ὅτι
1292 2564 1353 2618 ἐν
1379 2564 1592 2635 σώματι
1628 2581 1648 2614 ι
1671 2562 1843 2630 Λόγος
1879 2579 1896 2612 ι
1921 2556 1992 2632 ἦν

392 2678 421 2711 ι,
445 2659 539 2712 τοῦ
564 2658 722 2722 Θεοῦ,
748 2658 816 2711 δι’
830 2652 892 2712 οὗ
919 2658 991 2710 τὰ
1022 2658 1201 2711 πάντα
1231 2656 1479 2725 ὲγένετος
1516 2674 1536 2706 ι
1567 2654 1682 2708 Νῦν
1719 2653 1800 2718 δὲ,
1837 2652 1993 2705 οὐδὲν

381 2750 535 2817 λέγει
568 2750 713 2817 μέγα
748 2749 878 2819 περὶ
910 2747 1102 2812 αὑτοῦ,
1155 2748 1270 2802 ἀλλ’
1316 2745 1430 2802 οἷον
1471 2749 1537 2802 ἀν
1570 2765 1655 2809 τις
1692 2745 1823 2816 εἴπῃ
1861 2744 1992 2815 περὶ

384 2843 692 2913 προφήτου,
722 2842 788 2897 ὲκ
822 2841 961 2895 Θεοῦ
999 2841 1061 2894 τὸ
1093 2840 1356 2896 δύνασθαι
1391 2841 1698 2911 εἰληφότος.
1756 2835 1888 2892 Εἶτα
1932 2840 1991 2891 ὲν

387 2936 542 3007 μέσῳ
570 2935 687 2999 θεὶς
732 2934 796 2988 τὸ
831 2933 1092 3005 τόλμημα
1124 2933 1327 2997 αὐτῶν,
1381 2935 1644 3004 πειρᾶται
1679 2931 1990 2996 ἀπαλλάξαι

382 3028 584 3092 αὐτοὺς
620 3025 717 3081 τοῦ
753 3027 1104 3097 ἐγκλήματος
1128 3041 1143 3057 ο
1197 3027 1316 3097 ἅμα
1361 3042 1421 3079 τε
1468 3027 1766 3087 δείκνυσιν,
1816 3026 1899 3078 ὅτι
1927 3025 1988 3078 οὐ

380 3121 484 3193 τῆς
505 3119 676 3190 αὐτῆς
700 3122 722 3154 ⁹
750 3118 932 3190 ἰσχύος
961 3114 1054 3190 ἦν,
1086 3119 1136 3171 εί
1163 3121 1239 3189 μὴ
1270 3117 1365 3172 καὶ
1391 3118 1554 3182 αὐτὸς
1586 3115 1987 3187 συνεχώρησεν.

2096 1918 2164 1973 de
2186 1916 2316 1973 Jesu
2341 1918 2511 1973 verba
2548 1919 2819 1983 fatturus,
2855 1936 2923 1975 ne
2980 1925 3245 1977 continuo
3301 1924 3685 1992 turbarentur,

2101 2011 2175 2064 nil
2203 2011 2500 2067 sublimius
2528 2011 2597 2067 de
2626 2011 2723 2067 illo
2755 2012 2910 2080 dicit,
2948 2012 3043 2067 sed
3076 2028 3108 2068 a
3168 2014 3326 2071 valde
3388 2015 3689 2073 humilibus

2097 2104 2255 2157 initio
2282 2103 2454 2168 facto,
2486 2104 2675 2158 statim
2702 2103 2827 2175 ejus
2856 2106 3115 2176 patriam,
3145 2122 3268 2177 quae
3308 2107 3432 2162 vilis
3459 2109 3683 2165 videba-

2096 2208 2205 2260 tur,
2228 2197 2475 2266 exponit.
2507 2196 2781 2252 Cmterum
2807 2199 2937 2254 alibi
2967 2218 2986 2251 ι
3011 2201 3186 2254 virum
3213 2200 3633 2257 desiderabilem
3660 2221 3680 2254 ι

2099 2299 2255 2341 vocat
2290 2286 2599 2353 Christum,
2635 2304 2700 2343 ac
2724 2292 2910 2344 statim
2936 2291 3261 2360 subiunxit:
3294 2311 3314 2345 ι
3345 2294 3449 2349 Hic
3495 2305 3689 2349 auctor

2095 2387 2180 2431 est
2208 2378 2331 2431 vine
2350 2375 2453 2447 (8).
2482 2397 2501 2430 ι
2535 2377 2727 2434 Dicere
2742 2395 2873 2435 vero
2888 2380 3168 2436 Christum
3199 2397 3321 2439 esse
3357 2400 3375 2433 ι
3405 2394 3685 2439 auctorem

2096 2467 2278 2531 vita,»
2315 2469 2445 2539 quid
2477 2468 2625 2525 aliud
2679 2481 2786 2537 est,
2814 2487 2978 2542 quam
3030 2487 3281 2531 asserere
3338 2476 3517 2545 ipsum
3566 2492 3690 2532 esse

2097 2561 2298 2617 Filium
2325 2564 2443 2630 Dci,
2470 2578 2534 2620 ac
2568 2562 2891 2628 Dominum,
2923 2566 3008 2622 vel
3038 2567 3091 2620 in
3122 2582 3358 2636 corpore
3387 2587 3406 2619 ι
3447 2569 3685 2625 Verbum

2099 2654 2216 2721 Dei,
2277 2671 2374 2724 per
2426 2670 2591 2725 quem
2633 2657 2821 2711 omnia
2875 2658 3017 2713 facta
3070 2661 3306 2715 sunt?»
3366 2662 3525 2719 Nunc
3557 2679 3689 2718 vero

2096 2747 2231 2801 nihil
2259 2749 2441 2819 magni
2468 2756 2536 2803 (te
2567 2748 2659 2804 illo
2686 2747 2843 2816 dicit,
2872 2751 2965 2805 sed
2986 2750 3064 2823 (9)
3095 2760 3310 2807 tantum
3349 2754 3684 2825 hujusmodi,

2094 2837 2242 2911 quod
2271 2838 2340 2893 de
2376 2839 2667 2923 propheta,
2697 2840 2792 2911 qui
2841 2851 3169 2912 potestatem
3212 2859 3241 2897 a
3272 2843 3383 2899 Deo
3432 2847 3685 2916 arei-pis-

2096 2944 2203 3000 set,
2254 2936 2380 3005 quis
2437 2936 2666 2992 diceret.
2707 2935 2917 2993 Deinde
2984 2939 3039 2993 in
3094 2939 3339 2995 medium
3396 2942 3684 3011 proferens

2096 3029 2274 3084 audax
2310 3029 2555 3098 ipsorum
2596 3029 2836 3092 facinus,
2865 3031 3051 3085 studet
3078 3046 3175 3086 eos
3207 3047 3238 3087 a
3278 3034 3439 3104 culpa
3485 3049 3687 3105 purga-

2099 3137 2194 3187 re,
2230 3138 2295 3177 ac
2328 3122 2496 3178 simul
2551 3123 2818 3188 ostendit,
2874 3124 2950 3177 nil
3011 3137 3204 3180 contra
3263 3127 3416 3181 illum
3469 3129 3686 3184 roboris

384 3209 544 3276 Εἶτα,
578 3212 668 3266 ἵνα
702 3211 778 3283 μὴ
805 3211 992 3265 λοιπὸν
1018 3212 1245 3265 εἴπωσιν
1302 3210 1386 3264 ὅτι
1421 3208 1616 3273 Καλῶς
1650 3210 1991 3280 ἐποιήσαμεν

2099 3214 2270 3269 fuisse
2299 3215 2609 3281 habituros,
2638 3215 2744 3271 nisi
2771 3223 3101 3286 potestatem
3142 3219 3260 3288 ipse
3291 3218 3401 3273 illis
3423 3220 3682 3274 dedisset.

381 3306 545 3362 τοῦτο
606 3308 962 3377 ποιήσαντες,
1034 3305 1126 3360 διὰ
1189 3303 1357 3359 τοῦτο
1433 3303 1786 3374 προσέθηκεο
1843 3321 1861 3354 ι
1891 3306 1991 3355 Διὰ

2095 3308 2166 3361 At
2198 3324 2264 3362 ne
2319 3316 2468 3361 recte
2502 3308 2552 3362 id
2610 3306 2810 3362 fecisse
2858 3323 2919 3363 se
2977 3308 3248 3374 dicerent,
3279 3311 3429 3365 addit
3472 3330 3486 3366 :
3526 3330 3543 3364 ι
3582 3310 3687 3364 Per

382 3401 588 3471 χειρῶν
642 3401 868 3471 ἀνόμων
925 3397 1346 3471 προσπήξαντες
1410 3396 1672 3453 ἀνείλετε.
1709 3417 1726 3447 ι
1807 3397 1989 3459 Ἤτοι,

2098 3414 2296 3455 manus
2321 3399 2643 3470 iniquorum
2689 3399 2973 3471 adigentes
3036 3401 3444 3459 interemistis:
3484 3422 3504 3456 ι
3537 3404 3686 3459 scili-

391 3512 412 3545 ι
444 3491 533 3545 6ιά
576 3491 778 3565 χειρῶν
836 3489 1084 3563 ἀνόμων,
1120 3508 1140 3542 ι
1202 3489 1313 3543 τῶν
1380 3487 1751 3559 στρατιωτῶν,
1817 3487 1989 3555 λέγει.

2096 3499 2205 3555 eet,
2275 3507 2376 3563 per
2427 3510 2447 3543 ι
2501 3508 2700 3549 manus
2750 3493 3070 3560 iniquorum
3128 3514 3147 3547 ι
3198 3511 3396 3552 manus
3448 3498 3684 3553 militum

384 3581 462 3640 Εὖ
488 3585 546 3639 δὲ
594 3586 690 3639 καὶ
721 3583 876 3637 λύσιν
913 3583 1140 3648 ὠδίνων,
1195 3582 1296 3654 τὴν
1350 3583 1650 3636 ἀνάστασιν
1708 3580 1988 3650 προσηγό-

2098 3581 2377 3652 intelligit.
2401 3580 2570 3637 Recte
2608 3597 2741 3637 vero
2781 3585 2946 3637 etiam
2985 3601 3004 3634 ι
3041 3583 3372 3638 solutionem
3434 3585 3684 3640 dolorum

386 3693 573 3748 ρευσε,
607 3676 702 3730 τοῦ
726 3675 986 3741 θανάτου,
1018 3674 1208 3746 ὥσπερ
1238 3674 1303 3728 ὲκ
1346 3675 1560 3738 κοιλίας
1589 3674 1736 3738 τινὸς
1769 3673 1993 3728 ὠδινούο

2096 3674 2297 3730 inferni
2331 3693 2350 3726 ι
2389 3674 2857 3730 resurreCtionem
2883 3675 3204 3745 appellavit,
3228 3689 3352 3730 cum
3383 3691 3450 3732 ex
3508 3690 3685 3732 morte

385 3785 509 3841 σης,
549 3772 694 3840 φημὶ
733 3767 820 3840 δὴ,
872 3768 983 3822 τῶν
1012 3766 1107 3822 τοῦ
1164 3767 1399 3824 θανάτου
1429 3768 1668 3839 δεσμῶν,
1739 3769 1836 3822 καὶ
1880 3768 1992 3822 τῶν

382 3860 480 3915 τοῦ
510 3859 636 3932 ᾆδον
672 3859 882 3932 μυχῶν,
923 3859 1216 3924 ἀναδύντος
1271 3859 1367 3914 τοῦ
1411 3862 1667 3932 Σωτῆρος
1725 3860 1988 3929 Χριστοῦ,

382 3953 484 4005 καὶ
549 3951 946 4023 προσελθόντος
982 3952 1026 3984 ¹⁰
1057 3951 1133 4015 ὡς
1166 3953 1232 4003 ὲκ
1277 3950 1374 4004 τοῦ
1416 3951 1459 3983 ¹¹
1499 3949 1653 4016 ξένου
1707 3950 1810 4019 τῆς
1855 3952 1991 4005 ἀνα-

383 4044 659 4108 στάσεωςο
712 4044 888 4116 ταύτῃ
919 4061 1004 4098 τοι
1068 4046 1162 4100 καὶ
1214 4043 1531 4116 ὠνόμασται
1570 4061 1590 4096 ι
1646 4044 1991 4114 πρωτότοκος

381 4141 451 4193 ἐκ
479 4138 713 4208 νεκρῶν.
755 4156 774 4190 ι
811 4137 887 4191 Τὸ
920 4136 979 4190 δὲ
1008 4139 1208 4203 εἰπεῖν,
1245 4154 1265 4189 ι
1305 4136 1512 4191 Καθότι
1536 4137 1639 4190 οὐκ
1664 4132 1734 4209 ἧν
1762 4137 1991 4191 δυνατὸν

381 4232 704 4304 κρατεῖσθαι
743 4230 908 4284 αὐτὸν
949 4230 1042 4285 ὑπ’
1076 4228 1267 4297 αὐτοῦ,
1316 4249 1336 4281 ι
1384 4231 1686 4296 τουτέστιν,
1731 4230 1794 4284 οὐ
1833 4229 1991 4302 κοινὴ

378 4328 495 4388 τοῖς
520 4325 702 4388 ἄλλοις
734 4325 960 4394 γέγονεν
993 4323 1145 4394 αὐτῷ
1190 4323 1225 4394 ἡ
1275 4322 1596 4388 ἀνάστασις,
1647 4322 1765 4378 ἀλλ’
1813 4322 1990 4386 οὕτως

380 4417 604 4488 ἀνέστη,
633 4416 708 4482 ὡς
744 4416 942 4488 μηκέτι
976 4416 1139 4470 πάλιν
1181 4415 1501 4470 ἀποθανεῖν.
1531 4415 1606 4468 Τὸ
1653 4416 1765 4487 γὰρ
1802 4415 1990 4471 ὠδῖνον

2095 3767 2258 3824 veluti
2309 3783 2376 3824 ex
2403 3776 2597 3822 ventre
2630 3768 2867 3838 quodam
2939 3768 3302 3837 parturiente,
3371 3784 3567 3839 nempe
3615 3784 3684 3824 ex

2096 3861 2293 3915 mortis
2323 3860 2560 3914 nexibus
2593 3867 2653 3914 et
2708 3875 2775 3914 ex
2810 3858 3011 3913 inferni
3047 3861 3361 3915 recessibus
3392 3864 3686 3915 emerserit

2100 3953 2372 4010 Servator
2420 3952 2683 4010 Christus
2714 3993 2730 4018 ,
2758 3968 2821 4009 ac
2855 3953 3001 4009 velut
3029 3968 3094 4008 ex
3124 3954 3416 4024 peregrino
3447 3953 3685 4025 quodam

2096 4058 2256 4119 partu
2325 4048 2754 4104 resurrectionis
2813 4048 2998 4102 denuo
3058 4047 3113 4101 in
3155 4047 3336 4101 lucem
3392 4047 3680 4118 prodierit.

2093 4141 2158 4196 Et
2188 4141 2396 4198 idcirco
2419 4142 2728 4213 appellatus
2787 4149 2872 4198 est
2942 4160 2961 4193 ι
2995 4143 3397 4212 primogenitus
3422 4158 3489 4197 ex
3530 4159 3683 4197 mor--

2094 4235 2225 4288 tuis.
2297 4252 2317 4285 ι
2355 4231 2655 4287 Ξιὼόίιιι
2720 4232 2879 4302 juxta
2948 4234 3096 4303 quod
3164 4234 3507 4303 impossibile
3566 4245 3687 4289 erat

2094 4326 2268 4382 teneri
2301 4326 2451 4379 illum
2502 4326 2572 4379 ab
2609 4341 2673 4380 eo
2701 4326 2764 4377 “z
2801 4344 2819 4378 ι
2860 4325 2963 4382 hoc
2990 4335 3094 4391 est,
3122 4342 3230 4381 non
3265 4327 3573 4383 connuunis
3609 4328 3688 4384 illi

2093 4435 2217 4473 cum
2281 4420 2497 4473 caeteris
2524 4416 2627 4472 fuit
2689 4419 3027 4473 resurrectio
3060 4435 3076 4485 ;
3108 4418 3204 4474 sed
3240 4419 3313 4473 ita
3359 4423 3684 4484 resurrexit,

378 4512 445 4564 οῦ
497 4510 725 4565 δύναταί
775 4527 829 4564 τι
878 4511 925 4542 ⁸⁸
983 4509 1234 4581 κατέχειν
1287 4509 1348 4562 τὸ
1403 4508 1793 4579 κατεχόμενον,
1852 4509 1990 4564 ἀλλὰ

2098 4520 2155 4566 ut
2222 4527 2332 4566 non
2396 4512 2635 4580 amplius
2689 4513 2995 4566 moriturus
3081 4518 3250 4566 esset.
3309 4510 3462 4577 Quod
3536 4512 3683 4566 enim

379 4604 584 4675 πάσχει
599 4606 691 4659 καὶ
719 4603 872 4675 ῥίψαι
902 4604 1140 4658 σπεύδει.
1169 4622 1188 4655 ι
1216 4602 1340 4657 Ὅτι
1366 4603 1467 4656 οὐκ
1495 4603 1931 4675 ἐγκαταλείψεις.
1964 4623 1983 4656 ι

2098 4607 2360 4677 parturit,
2426 4622 2532 4659 non
2577 4614 2757 4674 potest
2788 4604 3025 4675 amplius
3090 4604 3331 4658 retinere
3363 4603 3506 4673 quod
3536 4605 3686 4661 intus

376 4696 543 4754 Οῦτω
596 4695 688 4750 τοῦ
747 4695 1051 4749 ἀποστόλου
1112 4694 1321 4765 Πέτρου
1375 4694 1437 4748 το
1489 4693 1654 4766 ῥητὸν
1712 4695 1987 4767 ἑρμηνεύ-

2095 4696 2299 4763 habet,
2341 4697 2435 4753 sed
2468 4697 2674 4766 patitur
2719 4706 2774 4751 et
2799 4698 3050 4771 emittere
3067 4694 3314 4751 festinat.
3350 4715 3369 4747 ι
3408 4696 3683 4762 Quoniam

379 4804 598 4851 σαντος,
634 4787 718 4841 ὅτι
752 4784 878 4840 οὔτε
917 4807 936 4838 ι
975 4789 1006 4857 ή
1044 4786 1139 4839 τοῦ
1179 4784 1418 4855 Χριστοῦ
1457 4787 1605 4857 ψυχὴ
1653 4786 1987 4859 κατελείφθη

2095 4803 2199 4844 non
2227 4788 2598 4860 derelinques.
2640 4807 2659 4839 ι
2725 4786 2862 4842 Cum
2898 4787 3183 4859 apostolus
3214 4785 3412 4843 Petrus
3439 4787 3480 4820 "
3517 4788 3685 4845 hocce

378 4878 463 4940 είς
499 4876 650 4948 ᾅδου,
678 4875 806 4931 οῦτε
846 4895 867 4930 ι
900 4878 935 4948 ή
963 4876 1101 4948 σὰρξ
1135 4895 1155 4929 ι
1188 4875 1354 4930 αὑτοῦ
1394 4894 1412 4927 ι
1464 4875 1569 4928 εἶδε
1606 4875 1925 4949 διαφθορὰν,
1964 4897 1982 4930 ι

2095 4878 2300 4936 dictum
2359 4880 2435 4935 ita
2506 4879 2925 4950 interpretatur,
2982 4878 3203 4949 etquod
3246 4880 3429 4935 anima
3480 4878 3684 4935 Christi

377 4969 675 5039 ἄνθρωπον
734 4967 871 5039 ὁμοῦ
922 4972 1018 5022 καὶ
1073 4968 1207 5023 Θεδν
1272 4967 1676 5025 ἀποδείκνυσιν.
1751 4970 1816 5023 'll
1879 4971 1987 5042 γὰρ

2095 4972 2204 5027 (in
2254 4971 2471 5029 inferno
2542 4972 2731 5027 relicta
2800 4987 2907 5027 non
2966 4971 3205 5026 fuerit»
3241 4983 3296 5027 et
3358 4971 3504 5038 quod
3562 4973 3683 5043 ejus

380 5061 601 5131 οεότης,
642 5063 739 5115 καὶ
782 5062 892 5133 πρὸ
924 5062 1023 5133 τῆς
1063 5062 1290 5134 σαρκὸς,
1333 5062 1429 5116 καὶ
1466 5062 1525 5115 ὲν
1552 5064 1620 5134 τῇ
1653 5063 1837 5134 σαρκὶ,
1889 5063 1985 5117 καὶ

381 5153 530 5226 μετά
553 5156 614 5208 τὸ
644 5155 837 5219 πάθος,
876 5154 965 5209 ἀεὶ
1002 5154 1270 5220 ὡσαύτως
1318 5154 1454 5227 ἔχει,
1504 5153 1533 5208 ὃ
1574 5151 1644 5228 ἦν
1697 5159 1764 5227 τῇ
1821 5155 1983 5227 φύσει

460 5331 504 5364 ¹⁶
534 5330 745 5389 Coloss.
775 5351 814 5401 ι,
847 5330 937 5387 18.
1018 5333 1061 5369 ⁸⁷
1100 5330 1119 5384 Ι
1157 5331 1304 5389 Petr.
1337 5348 1389 5403 ν,
1426 5335 1477 5390 ι.

2101 5087 2118 5119 ι
2157 5080 2289 5120 caro
2333 5082 2440 5121 non
2496 5064 2744 5133 viderit,
2792 5083 2812 5117 ι
2848 5079 2945 5120 seu
3001 5074 3228 5136 experta
3292 5064 3470 5132 fuerit,
3503 5084 3521 5118 ι
3558 5081 3682 5121 eor-

2097 5161 2431 5232 ruptionem,
2465 5178 2485 5213 ι
2522 5157 2798 5215 hominem
2833 5158 3000 5215 simul
3040 5173 3104 5215 ac
3143 5157 3312 5215 Deum
3341 5173 3464 5216 esse
3496 5168 3685 5215 osten-

1568 5427 1771 5490 Varize
1816 5429 2126 5496 lectiones
2171 5442 2234 5497 et
2279 5442 2473 5499 notae.

464 5526 486 5559 ³
512 5524 599 5579 ισ.
624 5524 828 5580 αὐτῶν.
906 5525 949 5557 ¹⁶
985 5523 1360 5595 προελθόντος.
1402 5526 1446 5558 ¹¹
1477 5528 1726 5583 τοκετοῦ.
1805 5531 1849 5562 ³⁸
1881 5532 1968 5586 ἵσ.
2003 5533 2105 5588 ἔτι.

465 5684 542 5754 (8)
576 5683 822 5753 Respicit
849 5681 1087 5757 fortasse
1117 5693 1192 5757 aa_
1218 5695 1271 5757 v_.
1303 5682 1372 5757 (5
1401 5696 1522 5752 cap.
1546 5697 1603 5736 ιιι
1629 5682 1721 5737 ubi
1754 5684 1974 5757 legitur,

380 5757 425 5812 Α
439 5751 674 5810 ueterem
692 5751 703 5753 ⁷
723 5768 842 5807 vero
882 5763 1001 5806 vita:
1020 5751 1389 5819 interici-istis.

456 5827 535 5899 (9)
568 5825 673 5881 Pro
691 5823 850 5889 ἀλλὰ,
872 5825 986 5892 sed,
1023 5821 1189 5877 habet
1242 5820 1384 5890 οὐδὲ,
1423 5840 1606 5896 neque,
1647 5823 1980 5897 Chrysoslo.

2089 5707 2245 5771 mus,_
2269 5695 2517 5771 adeoque
2548 5696 2623 5751 ita
2644 5695 2986 5766 vertendum,
3004 5711 3165 5771 neque
3189 5694 3295 5752 tale
3321 5695 3460 5766 quod
3480 5697 3596 5770 quis
3619 5700 3686 5755 αἰ

2089 5765 2346 5836 propheta
2397 5767 2614 5825 diceret.
