4114 6422
442 332 546 399 871

1338 321 1915 386 THEOPHYLACTI
1961 319 2378 384 BULGARIIE
2415 317 2777 382 ARCHIEP.

3609 314 3718 379 872

443 450 550 509 dit.
606 448 792 506 Deitas
859 447 1006 503 enim
1066 454 1123 501 et
1191 454 1319 500 ante
1379 442 1834 508 incarnationem,
1876 447 1933 496 et
1969 439 2025 496 in

2140 440 2364 493 πάντοτε
2406 434 2542 493 οὖσα
2594 437 2690 493 καὶ
2738 434 2914 493 είσαεὶ
2966 433 3318 508 διαμένουσα.
3389 435 3479 489 Ἐν
3525 436 3583 511 δὲ
3636 439 3716 510 τῷ

446 556 640 607 carne,
671 549 727 596 et
761 548 886 610 post
908 537 1225 608 passionem
1258 550 1477 605 semper
1528 533 1718 589 eodem
1776 530 1939 586 modo
1967 545 2028 586 se

450 631 653 698 habet;
688 630 834 701 quod
874 638 995 686 erat
1048 640 1206 683 antea
1258 636 1453 680 natura
1497 640 1597 681 sua
1647 638 1864 692 semper
1883 625 2029 678 exsi-

422 732 631 787 -Itens,
685 730 740 779 et
787 723 842 781 in
899 732 1218 792 perpetuum
1259 732 1637 789 perseverans.
1678 715 1735 768 In
1770 715 2028 784 passione

450 819 659 875 autem,
692 825 814 881 quae
845 810 1100 865 humanae
1129 821 1336 863 natura:
1395 806 1513 866 fuit,
1564 805 2028 875 dispensationem

455 918 553 974 pro
579 902 740 959 nobis
796 903 1064 972 implevit,
1091 901 1328 956 animam
1385 914 1415 953 a
1464 913 1694 969 corpore
1719 911 1982 966 St‘patans
2014 913 2028 961 ;

454 1010 486 1049 a
522 1003 724 1049 neutro
749 1003 934 1047 autem
995 992 1237 1053 illorum,
1271 991 1475 1060 quitus
1528 991 1696 1045 semel
1723 990 1875 1043 unita
1907 989 2028 1054 luit,

456 1098 695 1154 unquam
721 1083 923 1147 divisa,
962 1082 1245 1148 sejunctas
1274 1088 1457 1150 partes
1482 1080 1678 1135 iterum
1734 1079 2030 1148 copulavit,

457 1182 516 1228 ut
547 1171 765 1226 modum
810 1180 866 1225 et
904 1170 1123 1224 initium
1184 1168 1615 1224 resurrecuonis
1672 1182 1738 1222 ex
1801 1168 2034 1223 mortuis

456 1265 728 1319 universa:
753 1263 1008 1316 humanae
1051 1270 1265 1315 natura:
1328 1260 1527 1325 daret;
1560 1268 1725 1329 atque
1766 1267 1826 1313 ut
1873 1273 2037 1313 omne

461 1376 481 1409 ι
519 1354 879 1424 corruptibiie
913 1354 1168 1408 indueret
1199 1350 1694 1421 incorruptionem,
1722 1360 1776 1404 et
1804 1349 2035 1405 mortale

459 1449 623 1519 202
688 1447 1156 1502 immortalitatem
1187 1446 1256 1510 ⁸⁸,
1298 1463 1318 1496 ι
1354 1442 1673 1515 primordiis
1734 1444 1938 1497 nostris
1964 1442 2036 1495 ob

458 1539 910 1609 conjunctionem
964 1553 1088 1591 cum
1120 1534 1228 1589 Deo
1258 1535 1313 1588 in
1351 1535 1592 1589 divinam
1620 1543 1868 1586 naturam
1895 1545 2035 1601 quo-

457 1630 755 1687 dammodo
790 1628 1098 1685 translatis.
1155 1626 1338 1693 Quare
1380 1624 1512 1678 illud
1549 1642 1561 1677 :
1605 1642 1623 1677 ι
1676 1622 2037 1678 Providebam

2133 533 2317 597 πάθει,
2348 532 2428 604 τῷ
2456 532 2556 603 τῆς
2582 531 2928 603 ἀνθρωπίνης
2961 529 3196 600 φύσεως,
3218 528 3319 602 τὴν
3365 529 3506 601 ὑπὲρ
3558 531 3716 601 ἡμῶν

2130 623 2440 694 οίκονομίαν
2481 624 2787 694 ἐπλήρωσε,
2827 621 3158 687 διαζεύξασα
3193 622 3295 693 τὴν
3328 621 3508 693 ψυχὴν
3533 622 3600 675 ἑκ
3620 621 3715 676 τοῦ

2133 715 2404 784 σώματος.
2433 714 2764 786 χωρισθεῖσα
2790 712 2845 767 δδ
2868 713 2981 767 οὐδ’
3009 713 3199 783 ἑτέρου
3226 711 3303 776 ὼς
3329 711 3477 780 ἀπαξ
3508 712 3715 785 ήνώθη,

2132 808 2229 862 καὶ
2259 808 2422 861 πάλιν
2454 807 2523 861 τά
2553 806 2819 860 διεστῶτα
2859 804 3164 874 συνάψασα,
3218 804 3358 858 ὥστε
3390 803 3718 859 ἀκολουθίαν

2132 900 2226 951 καὶ
2255 899 2431 970 ἀρχὴν
2462 897 2645 951 δοῦναι
2681 900 2749 969 τῇ
2787 896 3107 970 ἀνθρωπίνῃ
3142 895 3302 965 φύσει
3330 897 3479 967 πάσῃ
3511 899 3611 968 τῆς
3651 898 3718 951 ἑκ

2132 990 2342 1061 νεκρῶν
2374 991 2747 1056 ἀναστάσεως,
2783 990 2870 1044 ἵνα
2919 1007 2938 1041 ι
2976 990 3040 1043 τὸ
3086 989 3329 1060 φθαρτὸν
3376 991 3524 1044 ἅπαν
3563 988 3716 1043 ἐνδύ-

2134 1098 2293 1152 σηται
2320 1081 2649 1153 ἀφθαρσίαν,
2698 1082 2796 1135 καὶ
2826 1081 2887 1134 τὸ
2930 1079 3127 1151 θνητὸν
3173 1080 3275 1152 τὴν
3334 1080 3657 1145 ἀθανασίαν,
3691 1098 3710 1132 ι

2132 1173 2525 1245 τῆςάπαρχῆς
2550 1173 2711 1244 ἡμῶν
2751 1173 2842 1227 διὰ
2882 1176 2984 1244 τῆς
3028 1172 3164 1244 πρὸς
3200 1171 3335 1226 Θεὸν
3362 1170 3718 1243 ἀνακράσεως

2134 1269 2217 1330 είς
2274 1266 2425 1321 θείαν
2479 1265 2642 1335 φύσιν
2697 1265 3179 1337 μεταποιηθείσης.
3233 1264 3400 1319 Ὥστε
3460 1264 3522 1318 τὸ
3594 1263 3717 1332 μὲν,

2142 1378 2160 1410 ι
2194 1357 2550 1431 Προωρώμην
2576 1359 2670 1412 τὸν
2700 1356 2904 1428 Κύριον
2934 1356 3165 1410 ἃνώπιόν
3187 1373 3291 1425 μου
3312 1355 3403 1411 διὰ
3443 1355 3665 1419 παντὸς,
3694 1373 3713 1408 ι

2134 1452 2198 1505 τὸ
2247 1452 2548 1524 ἀχώριστον
2586 1451 2685 1521 τῆς
2739 1449 2990 1520 θεότητος
3049 1448 3144 1503 τοῦ
3210 1447 3533 1520 μονογενοῦς
3586 1446 3720 1503 Υίοῦ

2137 1543 2289 1617 δηλοῖ
2316 1545 2417 1613 τῆς
2436 1542 2572 1614 πρὸς
2599 1542 2691 1595 τὸν
2719 1541 2975 1612 Χριστόν.
3003 1541 3080 1593 Τὸ
3107 1539 3163 1593 δὲ
3195 1542 3262 1594 ὲκ
3287 1539 3476 1605 δεξιῶν
3499 1541 3720 1596 ἑστάναι
3832 1595 3838 1599 .

2136 1631 2393 1703 λέγεσθαι
2427 1634 2521 1687 τὸν
2566 1632 2785 1705 Πατέρα
2823 1631 2919 1685 τοῦ
2958 1631 3092 1685 Υἱοῦ
3141 1630 3258 1695 νῦν,
3299 1631 3431 1685 ποτὲ
3467 1631 3526 1686 δὲ
3558 1631 3720 1686 πάλιν

457 1722 751 1777 Dominum
818 1721 872 1774 in
937 1725 1235 1789 conspectu
1288 1731 1407 1771 meo
1458 1730 1695 1783 semper,
1733 1730 1752 1765 ι
1807 1698 2029 1768 άεὶιιῖιὶε

2140 1698 2223 1778 ικ”
2258 1723 2448 1787 δεξιῶν
2522 1698 2749 1778 metuit
2813 1723 2909 1777 τοῦ
2972 1722 3186 1794 Πατρὸς
3224 1722 3315 1776 τὸν
3348 1722 3501 1785 rev,
3568 1723 3723 1777 οὐδὲν

460 1814 724 1886 unigeniti
749 1811 874 1867 Filii
904 1809 1427 1879 inseparabilitatem
1453 1827 1480 1861 ιι
1497 1806 1717 1862 Christo
1736 1806 2033 1876 signiﬁcat.

2140 1815 2324 1886 ἕτερον
2370 1813 2404 1885 ἢ
2448 1813 2547 1883 τὴν
2604 1812 2825 1884 ίσότητα
2890 1814 3022 1883 ἡμῖν
3081 1811 3358 1883 σημαίνει.
3407 1811 3612 1883 Κύριον
3663 1813 3723 1867 εδ

457 1906 619 1976 Quod
647 1914 827 1961 autem
859 1905 964 1960 hoc
994 1905 1114 1958 loco
1145 1901 1308 1957 Pater
1341 1917 1361 1952 ι
1401 1914 1432 1954 a
1458 1899 1671 1954 dextris
1710 1897 1838 1954 Filii
1861 1905 2031 1964 stare,

459 2004 591 2059 alibi
615 2016 746 2057 vero
784 1999 958 2056 Filius
986 2013 1016 2053 a
1048 1996 1260 2052 dextris
1298 1992 1479 2049 Patris
1501 1993 1693 2049 sedere
1734 2011 1754 2044 ι
1793 1990 2033 2058 dicatur,

460 2093 595 2148 nihil
630 2090 776 2146 aliud
810 2089 918 2146 nisi
953 2090 1241 2157 utriusque
1262 2086 1627 2156 aequalitatem
1664 2083 1822 2139 nobis
1850 2090 2038 2138 osten-

459 2186 562 2242 dit.
626 2186 841 2240 Patrem
901 2197 1030 2238 vero
1115 2180 1406 2233 Dominum
1455 2177 1648 2248 .ipsius
1730 2173 2035 2245 apppellat,

461 2284 750 2349 propterea
775 2275 922 2348 quod
954 2293 973 2324 ι
1000 2273 1230 2327 formam
1256 2270 1401 2326 servi
1429 2268 1642 2338 accepit
1667 2268 1735 2321 η.
1766 2284 1786 2318 ι
1812 2263 2035 2330 Deinde,

467 2377 525 2423 ut
562 2368 731 2423 dixit:
763 2385 782 2419 ι
818 2363 937 2419 Νυη
974 2363 1132 2419 dabis
1172 2369 1423 2416 sanctum
1459 2367 1611 2412 tuum
1669 2356 1855 2411 videre
1910 2369 2038 2409 cor-

465 2445 801 2530 ruptionem,
833 2475 852 2509 »
885 2454 1209 2528 subjungit:
1252 2471 1272 2505 ι
1310 2452 1478 2508 Notas
1532 2448 1665 2504 ntibi
1699 2446 1873 2503 fecisti
1919 2447 2037 2503 vias

462 2554 586 2610 vitae
626 2570 639 2606 :
677 2572 697 2604 ι
730 2567 836 2607 non
882 2550 1025 2605 enim
1077 2547 1162 2604 l'as
1238 2554 1321 2603 est
1384 2544 1586 2609 dicere,
1614 2556 1834 2597 carnem
1857 2538 2040 2596 Verbo

466 2647 675 2701 unitatn
702 2640 1040 2713 corruptioni
1102 2638 1403 2696 obnoxiam
1448 2652 1594 2700 esse,
1652 2642 1746 2688 aut
1799 2632 2039 2687 divinam

465 2739 704 2794 animam
731 2737 904 2806 portis
932 2733 1131 2789 inferni
1181 2729 1439 2786 concludi
1504 2742 1688 2799 posse.
1719 2724 1900 2790 Quare
1922 2731 2043 2795 post

464 2838 577 2885 tres
601 2828 717 2882 dies
737 2825 1056 2886 resurrexit,
1082 2841 1102 2875 ι
1120 2822 1275 2892 juxta
1308 2820 1455 2890 quod
1486 2818 1824 2889 impossibile
1848 2825 1990 2880 erat,
2014 2832 2033 2866 ι

466 2918 740 2991 ιειιιιι,ιιιιὶ
800 2918 910 2973 vita
971 2932 1067 2987 per
1123 2922 1371 2969 naturam
1421 2912 1757 2974 est,mortis
1809 2908 2044 2963 vinculis

473 3030 493 3062 ι
559 3010 755 3064 teneri.
793 3027 812 3060 ι
869 3010 961 3062 Ait
1016 3020 1147 3060 vero
1174 3023 1187 3059 :
1217 3024 1235 3056 ι
1266 3003 1525 3073 Rt-plehis
1571 3018 1657 3057 me
1695 3000 2044 3070 iucunditate

2135 1904 2302 1962 αὐτοῦ
2335 1905 2427 1960 τὸν
2467 1905 2689 1977 Πατέρα
2734 1905 2911 1971 καλεῖ,
2962 1904 3052 1959 διά
3100 1921 3167 1973 γε
3209 1904 3273 1959 τὸ
3330 1904 3513 1960 λαϐεῖν
3560 1905 3721 1960 αὐτὸν

2142 2017 2163 2053 ι
2203 1998 2389 2053 δούλου
2432 1998 2671 2069 μορφήν.
2710 2017 2728 2050 ι
2771 1993 2924 2061 Εἶτα,
2973 1996 3167 2062 εἰπὼν,
3201 2016 3220 2050 ι
3272 1998 3348 2052 Οὐ
3388 1997 3582 2061 δώσεις
3629 1998 3725 2051 τὸν

2134 2092 2282 2146 ὅσιόν
2338 2106 2434 2145 σου
2493 2090 2625 2145 ίδεῖν
2682 2078 3003 2160 διαφθορὰν,
3043 2106 3064 2140 ι
3127 2089 3330 2154 εὐθέως
3402 2089 3722 2160 ἐπήγαγεν

2143 2203 2163 2239 ι
2194 2182 2532 2255 Ἐγνώρισάς
2561 2201 2652 2254 μοι
2679 2184 2834 2248 ὁδοὺς
2852 2183 3019 2255 ζωῆς.
3054 2200 3075 2235 ι
3107 2183 3181 2237 Οὐ
3203 2183 3307 2253 γὰρ
3337 2182 3493 2254 θέμις
3528 2183 3726 2249 εἰπεῖν,

2139 2276 2316 2348 φθορᾷ
2346 2275 2446 2347 μὲν
2466 2275 2731 2331 δύνασθαί
2757 2290 2888 2329 ποτε
2929 2272 3249 2345 κρατεῖσθαι
3280 2272 3378 2345 τὴν
3432 2273 3729 2329 ἐνωθεῖσαν

2138 2368 2219 2439 τῷ
2244 2368 2406 2440 Λόγῳ
2433 2369 2633 2441 σάρκα,
2678 2368 2908 2437 κάτοχον
2944 2366 3004 2420 δὲ
3049 2367 3170 2429 ταῖς
3214 2364 3341 2437 ᾅδου
3380 2364 3580 2426 πύλαις
3627 2364 3737 2436 τὴν

2140 2460 2292 2515 θείαν
2356 2458 2610 2528 γενέσθαι
2671 2457 2873 2529 ψυχήν.
2949 2458 3260 2530 Τριήμερος
3334 2455 3444 2528 τάρ
3503 2455 3728 2511 ἀνεσίων

2147 2574 2165 2606 ι
2200 2554 2390 2608 καθότι
2417 2554 2516 2607 οὐκ
2559 2548 2630 2625 ἦν
2660 2550 2909 2616 δυνατὸν,
2953 2570 2973 2603 ι
3026 2549 3172 2622 ζωὴν
3213 2549 3346 2604 ὂντα
3377 2550 3521 2604 κατά
3565 2549 3732 2620 φύσιν

2140 2646 2327 2712 αὐτὸν,
2387 2646 2500 2709 τοῖς
2556 2644 2649 2698 τοῦ
2711 2644 2940 2698 θανάτου
3002 2660 3022 2694 ι
3056 2640 3378 2714 κρατεῖσθαι
3411 2660 3431 2694 ι
3481 2641 3729 2713 δεσμοῖς.

2142 2739 2216 2792 Τὸ
2240 2739 2318 2803 δὲ,
2358 2757 2376 2789 ι
2408 2735 2721 2808 Πληρὼσεις
2757 2752 2825 2804 με
2852 2735 3190 2805 εὐφροσύνης
3231 2732 3368 2804 μετά
3407 2732 3503 2787 τοῦ
3561 2750 3735 2805 προσ-

2142 2832 2296 2883 ώπου
2340 2846 2458 2894 σου,
2515 2847 2534 2879 ι
2593 2828 2779 2897 φησιν,
2834 2828 3013 2879 ἐκεῖνο
3061 2825 3347 2890 διδάσκων,
3397 2825 3481 2878 ὃτι
3516 2824 3579 2878 τὸ
3632 2825 3735 2895 τῆς

2144 2921 2584 2993 ἀνθρωπότητος,
2662 2920 2801 2989 ἔχων
2879 2917 3172 2987 πρόσωπον
3254 2915 3331 2978 ὡς
3410 2914 3535 2971 καθ’
3584 2916 3731 2987 ἡμᾶς

2145 3008 2407 3081 γεγονὼς,
2433 3011 2559 3072 τοὺς
2588 3009 2718 3077 ἡμῖν
2750 3004 2951 3076 μᾶλλον
2976 3004 3071 3057 καὶ
3098 3005 3200 3058 οὑκ
3227 3002 3378 3073 αὑτῷ
3400 3004 3731 3077 πρέποντας,

469 3118 592 3155 eum
653 3099 792 3154 l‘acie
849 3109 960 3162 tua,
1002 3122 1017 3148 ι
1060 3095 1198 3148 illud
1243 3095 1470 3158 docens,
1498 3092 1644 3161 quod
1680 3090 2036 3145 humanitatis

2148 3101 2282 3156 καθὸ
2323 3102 2525 3153 νοεῖται
2567 3098 2720 3159 Θεὸς,
2772 3095 2957 3165 ἀνίησι
3007 3094 3220 3162 λόγους,
3264 3093 3339 3158 ὡς
3387 3093 3472 3161 ἐφ’
3515 3091 3729 3157 ἑαυτοῦ,

374 3205 381 3213 “
471 3196 681 3250 habens
746 3191 1192 3260 faciem,quipj;e
1245 3186 1438 3242 similis
1460 3186 1618 3242 nobis
1655 3186 1834 3241 factus
1878 3184 2040 3239 nobis

474 3290 684 3357 utique,
722 3295 777 3341 et
830 3301 937 3338 non
964 3283 1090 3346 sibi,
1142 3290 1418 3351 quatenus
1486 3276 1628 3334 Deus
1694 3276 2038 3347 intelligitur,

469 3380 862 3437 convenientes
906 3389 1212 3436 sermones,
1241 3371 1389 3425 velut
1445 3372 1497 3422 in
1529 3385 1589 3424 se
1639 3369 1761 3438 ipso
1806 3367 2040 3438 primum

474 3476 766 3534 lienorum,
796 3471 849 3522 in
884 3483 984 3523 nos
1012 3466 1317 3522 cmlestium
1367 3464 1635 3517 bonorum
1678 3461 2045 3532 participatio-

472 3580 598 3620 nem
642 3561 891 3617 eﬂundit.
928 3560 1087 3613 Velut
1112 3559 1254 3613 enim
1285 3556 1386 3612 sibi
1415 3556 1601 3610 datum
1628 3555 1849 3617 asserit,
1885 3554 2045 3622 quid-

406 3654 604 3725 ‘quid
662 3653 903 3709 hominis
958 3660 1169 3706 natura:
1225 3647 1499 3703 attribuit.
1541 3664 1559 3697 ι
1594 3644 1708 3700 Viri
1758 3646 1976 3699 fratres.
2018 3662 2037 3696 ι

476 3747 557 3802 Ita
587 3746 684 3809 ait,
713 3756 769 3799 ut
793 3743 986 3798 saltem
1038 3741 1093 3795 in
1151 3739 1322 3805 illius,
1357 3754 1454 3793 seu
1514 3736 1757 3799 Davidis,
1816 3737 2046 3806 ejusque

472 3837 694 3909 generis
731 3836 1017 3899 honorem,
1047 3846 1351 3888 sermonem
1416 3830 1484 3885 de
1538 3830 1747 3886 Christi
1795 3844 2041 3883 resurre-

474 3931 661 3988 ctione
688 3927 984 4000 recipiant,
1020 3925 1190 3995 quod,
1220 3924 1266 3979 si
1302 3922 1375 3978 ita
1409 3938 1517 3977 non
1550 3920 1710 3986 foret,
1741 3936 1865 3976 cum
1916 3936 2044 3990 pru-

476 4022 677 4092 phetia:
699 4020 956 4090 dignitas,
982 4031 1094 4073 tum
1118 4031 1398 4087 eongruus
1431 4015 1510 4070 illi
1530 4008 1707 4069 honor
1737 4014 2044 4070 lazderetur.

477 4111 827 4181 Rursusque,
859 4107 1005 4179 quod
1031 4106 1344 4162 mirandum
1374 4113 1518 4172 erat,
1549 4103 1809 4175 proponit
1835 4105 2044 4159 dicens:

2144 3196 2237 3249 καὶ
2270 3192 2560 3264 πρόσωπον
2584 3190 2625 3222 ¹³
2690 3187 2871 3242 καλῶν
2916 3185 3025 3259 [ἐφ’
3054 3183 3244 3257 ἡμᾶς]
3279 3185 3378 3256 τὴν
3427 3184 3537 3241 τῶν
3566 3185 3730 3256 οὐρα-

2143 3288 2270 3340 νὶων
2337 3282 2561 3351 ἀγαθῶν
2635 3280 2889 3351 μέθεξιν·
2955 3277 3031 3342 ὡς
3083 3275 3193 3347 γὰρ
3251 3276 3432 3347 ἑαυτῷ
3490 3275 3732 3331 δεδόσθαι.

2144 3377 2299 3446 φησὶ,
2322 3376 2390 3444 τῇ
2420 3372 2513 3425 τοῦ
2549 3368 2839 3439 ἀνθρώπου
2889 3368 3052 3438 φύσει
3084 3366 3404 3439 προσνέμει.
3444 3385 3463 3417 ι
3500 3366 3735 3433 ’Δνδρες

2144 3465 2384 3535 ἀδελφοί.
2418 3480 2439 3516 ι
2474 3461 2661 3515 Ταῦτα
2708 3460 2858 3528 λέγει
2904 3460 2992 3513 ἵνα
3016 3457 3119 3512 κᾶν
3150 3458 3237 3512 διὰ
3266 3458 3364 3524 τῆς
3399 3459 3480 3521 είς
3525 3459 3737 3511 ἐκεῖνον

2154 3558 2321 3627 τιμῆς
2359 3556 2453 3609 καὶ
2489 3555 2551 3607 τὸ
2572 3555 2750 3620 γένος,
2785 3552 3045 3619 δέξωνται
3089 3550 3180 3604 τὸν
3224 3552 3353 3622 περὶ
3386 3552 3737 3615 ἀναστάσεως

2145 3648 2239 3702 τοῦ
2269 3646 2503 3717 Χριστοῦ
2529 3645 2707 3713 λόγον,
2755 3645 2832 3708 ὡς
2861 3644 2958 3698 καὶ
2992 3645 3094 3714 τῆς
3135 3644 3469 3714 προφητείας
3504 3643 3739 3713 βλαπτο-

2150 3741 2338 3810 μένης,
2382 3739 2432 3790 εἰ
2468 3735 2543 3808 μὴ
2566 3737 2724 3790 τοῦτο
2772 3736 2859 3805 εἴη
2908 3737 3141 3806 καὶτῆς
3202 3738 3282 3798 εἰς
3333 3735 3499 3788 αὑτὸν
3550 3735 3736 3805 τιμῆς.

2149 3833 2259 3884 Καὶ
2318 3828 2477 3882 τοῦτο
2535 3826 2697 3881 πάλιν
2734 3826 2798 3879 τὸ
2840 3827 3152 3897 θαυμαστὸν
3201 3827 3473 3881 δείκνυσιν
3535 3827 3736 3882 εἰπών’

2153 3942 2173 3974 ι
2212 3924 2333 3975 ’Ὁτι
2365 3922 2426 3975 οὗ
2453 3919 2783 3989 κατελείφθη
2807 3921 2840 3988 ή
2871 3919 3019 3992 ψυχὴ
3057 3919 3223 3975 αὑτοῦ
3286 3923 3367 3983 εἰς
3418 3920 3552 3991 ᾅδην
3574 3938 3587 3950 ·
3651 3919 3744 3973 οὐ·

2147 4014 2203 4067 δὲ
2234 4009 2425 4085 ήνσάρξ
2454 4010 2619 4065 αὐτοῦ
2654 4006 2762 4064 εἶδε
2789 4010 3102 4082 διαφθοράν.
3139 4029 3159 4063 ι
3193 4010 3268 4065 Οὐ
3298 4011 3407 4080 γὰρ
3436 4012 3597 4079 ὁμοία
3628 4013 3741 4074 τοῖς

2156 4100 2340 4164 ἀλλοις
2389 4094 2459 4170 ἦν
2492 4100 2526 4168 ἡ
2559 4099 2852 4163 ἀνάστασις
2874 4115 2893 4133 ο
2927 4100 3223 4170 κατέσχετο
3269 4101 3367 4171 μὲν
3416 4102 3600 4167 αὑτὸν,
3640 4102 3742 4156 οὐκ

482 4219 502 4253 ι
526 4200 665 4266 Quia
688 4213 864 4267 neque
883 4196 1240 4253 derelictaest
1267 4193 1448 4249 anima
1478 4192 1600 4262 ejus
1620 4192 1676 4246 in
1698 4188 1933 4256 inferno,
1956 4206 2036 4244 ne-

2151 4193 2447 4261 εῖργάσατο
2503 4190 2561 4245 δὲ
2618 4192 2681 4244 τὸ
2714 4190 2879 4247 αὐτοῦ
2926 4192 3048 4245 τότε
3077 4194 3105 4244 ὀ
3144 4191 3394 4256 θάνατος.
3448 4192 3635 4246 Πάντα
3681 4193 3742 4245 δὲ

476 4306 585 4361 que
604 4303 735 4345 caro
753 4287 887 4342 vidit
909 4286 1340 4356 corruptionem.
1358 4301 1378 4335 ι
1405 4281 1526 4337 Non
1541 4281 1685 4337 enim
1708 4280 1905 4335 similis
1929 4280 2036 4334 alii:

2153 4285 2442 4353 ἀνατίθησι
2497 4282 2575 4352 τῷ
2631 4283 2828 4354 Πατρὶ,
2883 4282 2974 4335 τνα
3024 4283 3282 4347 δέξωνται
3329 4285 3398 4338 τὰ
3449 4283 3741 4354 λεγόμενα.

480 4381 586 4437 fuit
637 4380 783 4435 illius
825 4378 1191 4435 resurrectio:
1234 4390 1358 4429 nam
1392 4373 1807 4443 comprehendit
1834 4373 2036 4444 quiden

2161 4393 2179 4424 ι
2217 4374 2295 4443 Τῇ
2330 4371 2480 4442 δεξιᾷ
2520 4370 2634 4426 οῦν.
2676 4389 2695 4423 ι
2739 4370 2848 4424 Τοῦ
2885 4372 3182 4425 ἀποστόλου
3230 4372 3442 4442 Πέτρου
3493 4373 3740 4441 λέγοντος

479 4487 606 4527 eum
630 4486 773 4525 mors
803 4511 820 4538 ,
848 4479 904 4525 at
927 4484 1085 4526 suum
1103 4467 1159 4521 in
1179 4480 1303 4521 eum
1333 4466 1622 4536 imperium
1659 4479 1914 4517 exercere
1942 4476 2033 4517 ηοι

2154 4466 2246 4519 τὸν
2276 4464 2509 4536 Χριστὸν
2540 4484 2559 4517 ι
2594 4464 2763 4535 ἄνδρα
2793 4463 2901 4517 ἀπὸ
2948 4461 3048 4516 τοῦ
3104 4462 3239 4517 Θεοῦ
3269 4464 3739 4534 ἀποδεδειγμένον,

481 4566 670 4620 valuit.
696 4562 892 4617 Omnia
919 4574 1048 4616 vero
1065 4560 1129 4614 ad
1151 4555 1366 4614 Patrem
1415 4556 1608 4622 refert,
1648 4564 1746 4625 ~ut,
1790 4571 1911 4626 quae
1936 4555 2036 4609 illis

2153 4558 2415 4627 δυνάμεσι
2461 4557 2559 4610 καὶ
2601 4556 2813 4626 τέρασι,
2868 4555 2961 4608 καὶ
3011 4555 3279 4625 σημείοις,
3311 4550 3394 4617 οἷς
3425 4558 3679 4624 ἐποίησεν
3715 4555 3743 4605 ό
3846 4588 3849 4591 »

482 4651 719 4717 dicebat,
737 4650 994 4705 libentius
1014 4648 1380 4718 exciperenm
1417 4645 1646 4701 Dextera
1667 4645 1886 4715 igitur.»
1913 4644 2036 4699 Cun‘;

2154 4648 2287 4712 Θεὸς
2329 4647 2593 4702 διἀὑτοῦ
2616 4662 2632 4679 ⁶
2663 4666 2682 4698 ι
2719 4647 2837 4711 καὶ,
2873 4667 2892 4700 ι
2926 4647 2987 4701 ὃν
3034 4649 3062 4700 ὁ
3086 4647 3218 4710 Θεὸς
3264 4647 3562 4715 ἀνέστησε·
3596 4666 3613 4697 ι
3650 4651 3746 4703 καὶ

481 4740 963 4814 apostolusPetrus
1008 4741 1084 4795 ait
1106 4739 1383 4795 Christum
1428 4736 1593 4791 fuisse
1614 4755 1633 4788 ι
1658 4737 1833 4791 virum
1856 4750 2036 4805 appro-

2157 4737 2341 4799 πάλιν,
2373 4754 2394 4788 ι
2433 4737 2635 4791 Τοῦτον
2675 4737 2768 4789 τὸν
2818 4736 3024 4808 Ἰησοῦν
3069 4736 3370 4806 ἀνέστησεν
3430 4739 3458 4790 ὁ
3510 4737 3675 4799 Θεὸς·
3718 4755 3737 4790 ι

482 4838 668 4901 batum
691 4850 721 4888 a
749 4832 858 4889 Deo
879 4832 1193 4898 virtutibus,
1217 4829 1479 4901 prodigiis
1496 4838 1549 4884 et
1569 4829 1762 4898 signis,
1783 4844 1903 4897 qua:
1927 4826 2036 4882 fecit

2156 4829 2253 4882 καὶ
2278 4828 2361 4879 ὄτι
2404 4844 2422 4878 ι
2462 4825 2665 4896 Κύριον
2696 4827 2791 4879 καὶ
2816 4826 3050 4896 Χριστὸν
3093 4819 3140 4879 ό’
3161 4827 3294 4890 Θεὸς
3325 4826 3487 4880 αὑτὸν
3519 4826 3745 4896 ἐποίησε

481 4898 637 4978 Βεευέ
655 4938 751 4994 per
784 4923 934 4978 illum
968 4960 984 4987 ,
1018 4930 1072 4978 et
1097 4898 1257 4991 quem
1290 4898 1433 4974 Deus
1465 4918 1747 4974 suscitavit
1779 4957 1794 4984 ,
1819 4927 1873 4974 et
1925 4918 2036 4987 qui:

2159 4919 2348 4974 τοῦτον
2394 4919 2486 4972 τὸν
2533 4918 2763 4990 Ἰησοῦν,
2823 4919 2882 4972 ὃν
2930 4921 3085 4990 ὑμεῖς
3138 4920 3540 4992 ἐσταυρώσατε,
3581 4938 3600 4971 ι
3651 4906 3746 4973 καὶ

483 5012 771 5069 Dominum
793 5022 847 5069 et
873 5013 1150 5069 Christum
1175 5010 1299 5066 fecit
1329 5010 1466 5066 Deus
1490 5011 1635 5065 hunc
1659 5009 1865 5076 Jesum,
1892 5024 2036 5079 quen

2161 5013 2262 5067 ὅσα
2291 5012 2535 5066 τοιαῦτα’
2568 5011 2629 5064 οὐ
2664 5011 2822 5066 τοῦτό
2867 5028 3054 5082 φησιν,
3094 5013 3178 5065 ὅτι
3209 5012 3285 5076 ὡς
3322 5012 3606 5083 ἄνθρωπος
3640 5012 3745 5063 ὑπὸ

479 5123 580 5163 vos
610 5104 984 5171 cruciﬁxistis,
1025 5122 1044 5156 ι
1075 5112 1131 5158 et
1158 5104 1263 5157 alia
1291 5101 1646 5173 hujusmodi;
1694 5116 1802 5156 non
1852 5102 2036 5156 ideirct

2164 5103 2315 5168 θείας
2383 5104 2687 5175 δυνάμεως,
2763 5103 3193 5174 συνεργούμενος
3259 5102 3432 5157 ταῦτα
3502 5104 3742 5172 ὲνήρχει,

482 5200 601 5254 ha-c
649 5198 803 5262 dicit,
833 5196 976 5267 quod
1005 5196 1052 5251 is
1082 5196 1230 5250 velut
1251 5209 1433 5250 merus
1463 5195 1625 5248 homo
1648 5193 1830 5247 divina
1857 5194 2036 5247 virtute

2163 5197 2346 5264 ἄπαγε
2372 5198 2386 5250 ι
2421 5196 2557 5250 ἀλλά
2612 5195 2786 5249 ταῦτα
2820 5195 2963 5248 οὕτω
2992 5196 3126 5265 φησὶ
3152 5195 3241 5248 διὰ
3268 5195 3329 5247 τὸ
3383 5194 3742 5265 ἀνθρώπινον,

482 5288 793 5354 roboratus,
819 5287 921 5341 ista
973 5294 1239 5355 patraret,
1308 5284 1491 5339 absit!
1545 5281 1640 5337 sed
1685 5283 1756 5336 ita
1814 5282 2036 5352 loquitut

2163 5288 2614 5355 συγκαταϐαίνων
2666 5291 2732 5359 τῇ
2779 5286 3035 5357 ἀσθενείᾳ
3074 5286 3183 5340 τῶν
3219 5287 3545 5351 ἀκουόντων,
3594 5287 3745 5349 ὅπως

482 5383 844 5439 humanitatis
892 5382 1089 5453 gratia,
1119 5391 1177 5436 ut
1201 5379 1542 5436 audientium
1578 5394 1637 5433 se
1660 5381 2036 5432 accommodw

2158 5379 2564 5450 εὐπαρὰδεκτον
2610 5379 2813 5450 ποιήσῃ
2869 5378 2960 5431 τὸν
3022 5378 3198 5446 λόγον.
3259 5379 3368 5433 Καὶ
3410 5379 3622 5442 δεικνὺς
3662 5379 3746 5431 ὅτι

553 5563 599 5597 ⁸⁸
631 5562 652 5617 1
681 5562 808 5618 Cor.
854 5577 943 5629 xv,
982 5560 1072 5617 55.
1137 5560 1181 5592 "
1208 5557 1445 5630 Philipp.
1476 5574 1534 5622 ll,
1571 5559 1625 5612 7.

1644 5651 1846 5714 Vat-ite
1897 5651 2206 5718 lectiones
2251 5660 2312 5717 et
2359 5662 2549 5718 notae.

565 5757 609 5788 ⁸³
627 5755 859 5825 πρῶτον.

1367 5861 1425 5883 δα,
