4114 6418
416 336 525 398 873

1084 339 1624 400 EXPOSITIONIS
1660 341 1740 399 ΙΝ
1772 341 1960 400 ACTA
2002 340 2304 402 TEXTUS
2337 341 2606 401 ALTER.
2637 365 2705 374 --
2742 341 2900 400 CAP.
2942 341 3020 400 lI.

3572 345 3676 410 874

414 472 516 524 οὐκ
589 466 656 540 ἦν
709 466 954 530 ἀντίθεος
1018 471 1046 522 6
1109 468 1364 536 Χριστὸς,
1442 469 1555 522 ἀλλ’
1616 470 1730 532 ίσος
1780 469 1855 524 ὢν
1906 471 2001 524 καὶ

2112 458 2186 505 ret
2205 449 2581 514 imbecillitati,
2616 457 2670 504 et
2697 463 3004 505 sermonem
3035 467 3191 506 suum
3285 454 3534 510 redderet
3563 458 3681 512 faei-

415 560 718 630 όμοούσιος,
753 561 846 613 καὶ
877 558 1181 630 ἁχὼριπος
1217 561 1316 630 τῆς
1342 561 1529 625 οὐσίας
1559 561 1652 614 τοῦ
1683 562 1892 630 Πατρός
1923 561 1997 623 ὡς

415 656 564 719 Υἱὸς,
641 656 738 708 καὶ
814 657 954 724 μετὰ
1023 654 1084 706 τὸ
1155 655 1408 722 γενέσθαι
1480 655 1790 726 ἄνθρωπος,

413 751 684 820 ἐνήργησε
742 748 850 800 τῶν
903 749 1241 821 θεοπρεπῶν,
1295 751 1424 805 ἄνευ
1480 751 1582 820 τῆς
1630 751 1725 803 τοῦ
1787 748 2000 819 Πατρός

413 841 600 904 οὐσίας
619 855 632 870 ·
673 839 808 892 ἀλλὰ
840 840 1006 910 συνῆν
1032 840 1182 912 αὐτῷ
1209 842 1296 894 ἀεὶ
1327 842 1423 895 καὶ
1477 841 1738 912 συνήργει
1800 839 2000 903 πάντα,

415 934 493 995 ὡς
539 933 638 986 οὐκ
695 932 958 996 ἀντίθεος,
1016 933 1133 985 ἀλλ’
1184 933 1432 1004 όμοφυὴς
1486 936 1579 988 καὶ
1638 933 2000 1004 όμοδύναμος.

421 1045 439 1074 ι
481 1025 555 1076 Οὐ
583 1025 686 1093 γὰρ
714 1023 897 1076 Δαϐίδ.
937 1041 956 1073 ι
1002 1023 1287 1088 Ἐνταῦθα,
1327 1025 1428 1077 οὐκ
1474 1023 1555 1077 ἔτι
1605 1023 1724 1094 μεθ’
1775 1023 2004 1076 ὑποστο-

413 1116 513 1184 λῆς
582 1115 750 1180 λέγει,
806 1114 944 1185 ἔχων
995 1116 1053 1168 τὸ
1103 1115 1211 1168 ἀπὸ
1261 1113 1369 1167 τῶν
1421 1114 1728 1186 εἰρημένων
1779 1114 2000 1184 θάρσος,

412 1208 510 1259 καὶ
559 1205 621 1258 οὐ
655 1205 827 1273 λέγει,
861 1225 878 1257 ι
923 1204 1073 1270 Ἐξὸν
1131 1209 1325 1273 εἰπεῖν,
1366 1225 1384 1258 ι
1435 1209 1532 1259 καὶ
1584 1208 1684 1259 ὅσα
1737 1206 2001 1259 τοιαῦταο

412 1295 552 1350 ἀλλὰ
617 1295 964 1368 θαρρούντως
994 1296 1203 1363 λοιπὸν,
1245 1299 1386 1370 μετὰ
1417 1299 1515 1370 τὴν
1561 1299 1659 1352 τοῦ
1687 1298 2006 1368 Πνεῦματος

413 1387 583 1452 δόσιν,
664 1389 759 1442 καὶ
847 1390 979 1460 περὶ
1066 1390 1164 1460 τῆς
1237 1392 1318 1454 εἰς
1383 1390 1615 1462 οὐρανὸν
1685 1389 2007 1460 ἀναλήψεως

412 1476 756 1545 δια>.ἐγεται’
825 1481 920 1532 καὶ
958 1480 1056 1550 οὐχ
1110 1479 1318 1546 ἁπλῶς,
1365 1479 1502 1532 ἀλλὰ
1548 1480 1643 1534 καὶ
1703 1479 1868 1532 πάλιν
1917 1479 2007 1532 τὸν

419 1570 673 1640 μάρτυρα
703 1570 1066 1640 παραγαγὼν,
1127 1572 1224 1624 καὶ
1263 1571 1506 1633 ἐκείνους
1546 1571 2004 1641 ἀναμιμνήσκων,

415 1660 549 1729 περὶ
610 1656 668 1714 οὗ
710 1662 804 1713 καὶ
857 1661 886 1713 6
938 1661 1172 1731 Χριστὸς
1218 1657 1360 1714 εἷπε.
1421 1661 1584 1728 Λέγει
1634 1661 1745 1730 γὰρ
1803 1659 2005 1722 αὐτός’

421 1769 439 1800 ι
473 1748 638 1804 Εἶπεν
675 1753 704 1805 6
727 1753 928 1822 Κύριος
961 1754 1040 1824 τῷ
1086 1753 1276 1824 Κυρίῳ
1301 1770 1402 1824 μου
1424 1771 1438 1785 ο
1473 1753 1656 1808 Κάθου
1711 1755 1775 1805 ἐκ
1819 1752 2009 1816 δεξιῶν

419 1861 546 1913 μου,
595 1844 697 1906 ἕως
742 1844 808 1897 ἂν
855 1843 933 1897 θῶ
971 1846 1099 1908 τοὺς
1137 1845 1368 1916 ἐχθροὺς
1423 1862 1518 1898 σου
1558 1846 1848 1899 ὑποπόδιον
1895 1845 2004 1898 τῶν

415 1934 598 1986 ποδῶν
627 1951 742 1988 σου.
790 1955 809 1986 ι
847 1935 1112 1990 Ἐνταῦθα
1149 1937 1243 1990 καὶ
1283 1935 1447 2006 φόϐον
1499 1937 1671 2006 μέγαν
1733 1935 2004 2005 ἐπέστησε

417 2021 734 2098 [καθάπερ]
778 2029 834 2079 ἐν
883 2029 948 2098 τῇ
987 2027 1152 2098 ἀρχῇ.
1200 2027 1384 2080 Εἰπὼν
1413 2027 1542 2096 γὰρ,
1592 2046 1611 2078 ι
1663 2027 1807 2090 Ἕως
1831 2025 1896 2078 ἂν
1928 2025 2006 2079 θῶ

415 2117 543 2180 τοὺς
569 2118 796 2190 ἐχθρούς
826 2137 918 2172 σου
951 2119 1240 2173 ὑποπόδιον
1277 2119 1386 2174 τῶν
1417 2119 1592 2173 ποδῶν
1618 2135 1734 2183 σου,
1773 2139 1788 2168 ι
1827 2117 2008 2180 καλῶς

415 2211 650 2264 ἐνταῦθα
678 2211 835 2282 ἔληξε
863 2211 1115 2265 διασείων
1138 2212 1318 2265 αὐτῶν
1362 2211 1460 2283 τὴν
1496 2211 1759 2266 διάνοιαν.

2035 1796 2086 1854 Β

2104 543 2330 606 liorem;
2383 551 2664 611 praeterea,
2704 549 2765 596 ut
2818 543 3128 598 ostenderet
3170 543 3446 601 Christum
3505 550 3682 602 nulla-

2108 645 2270 691 tenus
2333 636 2441 692 Deo
2475 636 2819 691 contrarium
2877 652 3018 703 esse,
3057 641 3173 706 seu,
3217 655 3346 695 cum
3373 643 3602 711 tequalis
3627 652 3684 696 et

2105 728 2597 784 consubstantialis
2656 737 2712 784 et
2752 728 3021 785 indivisns
3065 745 3097 785 a
3152 733 3462 788 substantia
3504 733 3684 789 Patris

2107 823 2181 874 sit
2257 829 2515 891 tanquam
2584 820 2791 890 Filius,
2861 825 3026 878 etiam
3081 836 3436 895 posteaquam
3503 828 3685 884 factus

2106 923 2192 967 cst
2247 914 2445 979 homo,
2505 915 2643 968 nihil
2711 929 2902 970 eorum
2989 931 3112 986 qua:
3187 916 3355 971 Deum
3419 918 3686 974 decebant

2111 1007 2318 1074 absque
2339 1006 2500 1059 Patre
2519 1013 2806 1075 operatum
2841 1021 2998 1063 esse:
3034 1007 3129 1062 sed
3158 1021 3375 1076 semper
3404 1024 3529 1063 cum
3563 1009 3684 1079 ipso

2110 1113 2255 1159 esse,
2284 1105 2338 1150 et
2364 1098 2526 1150 simul
2563 1113 2686 1150 cum
2727 1101 2847 1167 ipso
2869 1100 3074 1166 omnia,
3109 1099 3259 1154 velut
3319 1100 3430 1156 Deo
3461 1102 3686 1156 minime

2113 1189 2478 1254 contrarium,
2496 1190 2591 1244 sed
2613 1193 3136 1247 consubstantialem
3173 1202 3228 1246 et
3251 1193 3498 1262 ejusdem
3521 1195 3683 1266 203

2113 1298 2237 1337 cum
2275 1284 2396 1353 ipso
2444 1284 2726 1352 potentiae,
2761 1285 3001 1354 operari.
3042 1303 3060 1336 ι
3093 1285 3206 1340 Non
3237 1286 3384 1341 enim
3419 1286 3609 1341 David.
3658 1305 3678 1336 ι

2115 1373 2236 1440 llic,
2273 1374 2626 1444 sumptujam
2659 1391 2725 1430 ex
2765 1377 3039 1445 praedictis
3068 1379 3275 1441 animo,
3319 1379 3460 1433 haud
3492 1379 3688 1436 timide

2114 1466 2380 1537 loquitur,
2403 1481 2580 1537 neque
2599 1468 2696 1535 ait,
2723 1487 2742 1520 ‹
2764 1467 3201 1534 ιίοοδιόὶοενε,›
3225 1471 3308 1524 vel
3325 1471 3452 1541 quid
3476 1471 3688 1539 simile;

2114 1560 2208 1616 sed
2265 1559 2625 1624 conﬁdenter,
2671 1570 2962 1632 postquam
3021 1561 3150 1616 doni
3221 1563 3458 1633 Spiritus
3514 1564 3692 1619 sancti

2115 1652 2390 1716 meminit,
2413 1652 2583 1708 etiam
2616 1653 2684 1708 de
2718 1654 3041 1709 ascensione
3074 1655 3129 1708 in
3177 1656 3378 1711 coelum
3428 1655 3691 1712 disserit:

2115 1755 2295 1800 etnon
2322 1744 2542 1814 quidem
2576 1755 2880 1816 utcunque,
2909 1746 3003 1802 sed
3029 1762 3223 1803 rursus
3247 1757 3440 1818 testem
3491 1747 3697 1818 produ-

2113 1836 2190 1891 cit
2223 1875 2238 1900 ,
2299 1846 2353 1891 et
2407 1835 2518 1890 illis
2572 1835 2641 1889 ad
2700 1837 3018 1891 memoriam
3087 1817 3428 1892 revocat'id
3488 1817 3692 1907 ipsum,

2114 1927 2257 1998 quod
2309 1927 2562 1982 Christus
2604 1928 2659 1982 in
2706 1926 3002 1999 Evangelio
3053 1929 3298 1996 protulit.
3361 1929 3450 1982 Ait
3497 1927 3688 1982 enim:

2121 2041 2139 2072 ‹
2177 2020 2325 2074 Dixit
2386 2019 2654 2074 Dominus
2710 2019 2941 2074 Domino
3001 2033 3172 2075 meo:
3227 2019 3367 2075 Sede
3416 2034 3447 2074 a
3480 2017 3694 2073 dextris

2119 2115 2276 2175 meis,
2305 2113 2479 2167 donec
2506 2127 2704 2180 ponam
2736 2113 2989 2168 inimicos
3011 2123 3134 2167 tuos
3156 2112 3457 2168 scabellum
3487 2110 3689 2182 pedum

2121 2202 2430 2260 tuorum”.
2475 2221 2493 2253 ι
2522 2201 2622 2256 Hic
2663 2219 2919 2274 pavorem
2965 2217 3224 2274 magnum
3254 2203 3440 2273 injecit
3463 2203 3606 2258 sicut
3633 2199 3691 2255 in

426 2303 736 2373 principio;
763 2305 954 2361 dicens
985 2320 1242 2375 namque,
1279 2322 1298 2356 ι
1337 2303 1521 2360 Donec
1553 2319 1754 2375 ponam
1793 2303 2045 2358 inimicos
2093 2310 2220 2355 tuos
2274 2296 2574 2354 scabellum
2622 2297 2817 2366 pedum
2865 2307 3118 2363 tuorum,
3156 2317 3174 2349 ι
3211 2297 3439 2368 pulchra
3457 2294 3694 2352 conclu-

419 2396 579 2450 sione
604 2411 734 2450 usus
755 2404 859 2462 est,
891 2397 1137 2467 ipsorum
1169 2404 1405 2453 mentem
1436 2397 1782 2453 concutiens.

769 2487 846 2558 Τῇ
900 2489 1126 2561 πέμπτῃ
1175 2489 1496 2561 Διακαινησί
1503 2507 1627 2561 μου.

417 2577 558 2644 Περὶ
620 2576 880 2643 πίστεως
937 2577 1056 2630 τῶν
1112 2581 1430 2648 παρόντων
1475 2579 1712 2650 καὶτῆς
1765 2579 1866 2636 διὰ
1891 2579 2001 2636 τοῦ

717 2668 1141 2736 βαπτίσματος
1164 2669 1364 2725 αὐτῶν
1385 2673 1705 2740 σωτηρίας.

1011 2761 1395 2818 ΚΕΙΜΕΝΟΝ.

519 2850 863 2915 Λκούσαντες
893 2852 970 2914 δὲ,
1009 2856 1394 2924 κατενύγησαν
1439 2858 1506 2928 τῇ
1564 2857 1788 2930 καρδίᾳ,
1848 2854 2001 2912 εἶπόν

419 2957 478 2992 τε
512 2943 648 3009 πρὸς
678 2942 768 2995 τὸν
833 2943 1038 3014 Πέτρον
1073 2946 1166 2999 καὶ
1209 2948 1334 3010 τοὺς
1363 2947 1586 3012 λοιποὺς
1622 2949 1952 3014 ἀποστόλους
1985 2967 1998 2980 ’

421 3033 487 3085 Τί
523 3035 842 3106 ποιήσομεν,
868 3035 1060 3107 ἄνδρες
1109 3037 1368 3108 ἀδελφοί;
1410 3041 1617 3109 Πέτρος
1648 3041 1706 3094 δὲ
1738 3041 1840 3114 ἔφη
1865 3043 2002 3113 πρὸς

422 3126 622 3191 αὐτούς
655 3144 668 3158 ·
702 3129 1094 3199 Μετανοήσατε
1127 3172 1140 3195 ,
1211 3132 1307 3185 καὶ
1359 3131 1713 3204 βαπτισθήτω
1766 3134 2000 3197 ἕκαστος

2336 2485 2497 2540 Feria
2536 2484 2728 2556 quinta
2765 2483 3124 2540 hebdomade
3173 2481 3479 2539 Paschalis.

2110 2574 2188 2630 De
2219 2591 2400 2630 eorum
2430 2577 2521 2647 qui
2552 2575 2805 2630 astabant
2831 2574 2936 2642 ﬁde
2965 2584 3014 2628 et
3045 2573 3239 2637 salute,
3275 2589 3367 2641 per
3400 2572 3689 2641 baptisma.

2757 2754 3056 2810 TEXTUS.

2177 2847 2245 2912 11,
2289 2847 2482 2902 3743.
2528 2845 2622 2901 llis
2663 2846 2901 2909 ουίίιιίε,
2931 2845 3243 2914 eompuncti
3310 2853 3436 2900 sunt
3497 2844 3686 2910 corde,

2103 2951 2157 2997 et
2197 2942 2452 2996 dixerunt
2503 2940 2568 2994 ad
2619 2938 2840 2993 Petrum
2875 2946 2930 2992 et
2957 2937 3024 2991 ad
3071 2937 3312 3006 reliquos
3363 2939 3689 3008 apostolos:

2102 3033 2240 3100 Quid
2271 3033 2559 3098 faciemus,
2593 3030 2696 3084 viri
2753 3030 2994 3084 fratres?
3025 3030 3217 3083 Petrus
3265 3046 3392 3085 vero
3423 3030 3490 3084 ad
3520 3031 3642 3087 illos
3673 3046 3690 3084 :

2104 3127 2514 3188 Paanitentiam,
2549 3124 2746 3193 inquit,
2783 3123 2948 3192 agite,
2967 3131 3021 3184 et
3044 3121 3351 3193 baptizetur
3396 3126 3694 3195 unusquis-

422 3217 579 3270 ὑμῶν
641 3219 734 3272 ἐπὶ
761 3220 840 3290 τῷ
877 3195 1101 3289 ὀνόματι
1171 3195 1631 3295 Ἰησοῦ-Χριστοέ
1683 3226 1764 3288 είς
1807 3195 2000 3293 ἄφεσιν

2118 3236 2225 3289 que
2248 3231 2486 3273 vestrum
2514 3219 2568 3272 in
2588 3219 2805 3272 nomine
2825 3215 2954 3272 Jesu
2973 3218 3201 3282 Christi,
3224 3217 3277 3271 in
3304 3217 3690 3273 remissionem

423 3309 728 3380 ἁμαρτιῶν,
761 3313 855 3364 καὶ
887 3311 1124 3381 λήψεσθε
1157 3311 1254 3384 τὴν
1277 3313 1488 3384 δωρεὰν
1521 3313 1613 3367 τοῦ
1638 3314 1794 3382 ἁγίου
1832 3315 2007 3368 [iw-:6.

426 3419 618 3470 ματος.
659 3403 818 3474 Ὑμῖν
877 3405 987 3476 γάρ
1024 3405 1234 3476 ἐστινὴ
1273 3405 1576 3474 ἐπαγγελία
1630 3409 1723 3460 καὶ
1780 3410 1891 3470 τοῖς
1920 3411 2008 3461 τέ-

422 3509 574 3555 κνοις
624 3494 796 3564 ὑμῶν,
849 3499 944 3548 καὶ
992 3499 1125 3550 πᾶσι
1168 3499 1280 3560 τοῖς
1334 3500 1412 3562 είς
1479 3497 1718 3570 μακρὰν,
1755 3501 1916 3564 ὅσους
1941 3499 2006 3554 ἂν

423 3582 864 3654 προσκαλέσηται
926 3584 1128 3656 Κύριος
1155 3587 1184 3639 6
1224 3587 1358 3650 Θεὸς
1404 3589 1586 3659 ἡμῶν.
1655 3590 1899 3660 Ἐτέροις
1946 3609 2006 3645 τε

424 3671 606 3738 λόγοις
643 3673 852 3728 πλείοσι
876 3675 1304 3748 διεμαρτύρατο,
1331 3682 1428 3733 καὶ
1459 3681 1761 3752 παρεκάλει
1793 3683 1970 3750 λέγων
1990 3701 2004 3714 ·

427 3761 646 3833 Σώθητε
679 3765 786 3818 ἀπὸ
820 3767 918 3836 τῆς
968 3769 1162 3834 γενεᾶς
1194 3769 1397 3838 ταύτης
1419 3769 1522 3838 τῆς
1545 3771 1784 3833 σκολιᾶς.
1811 3772 1874 3824 ΟΞ
1909 3770 2008 3841 μὲν

425 3851 520 3908 οὖν
545 3856 796 3925 ἁσμένως
853 3857 1245 3929 ὑποδεξάμενοι
1298 3860 1389 3912 τὸν
1417 3860 1574 3928 λόγον
1617 3851 1820 3924 αὐτῶν,
1874 3860 2006 3914 ἐϐα-

428 3947 754 4017 πτίσθησαν,
784 3951 879 4003 καὶ
931 3951 1342 4020 προσετέθησαν
1365 3954 1432 4022 τῇ
1459 3953 1645 4024 ἡμέρᾳ
1693 3953 1876 4023 ἐκείνῃ
1901 3953 2007 4022 ψυ-

426 4040 523 4107 χαὶ
594 4040 727 4093 ὡσεὶ
777 4041 1095 4112 τρισχίλιαι.
1150 4037 1336 4096 ἿΙσαν
1372 4043 1429 4096 δέ
1463 4045 2006 4115 προσκαρτεροῦντες

425 4134 494 4202 τῇ
523 4132 708 4203 διδαχῇ
734 4134 842 4186 τῶν
874 4134 1212 4200 ἀποστόλων,
1263 4137 1358 4190 καὶ
1389 4139 1457 4207 τῇ
1511 4136 1791 4205 κοινωνίᾳ,
1823 4136 1916 4189 καὶ
1937 4138 2002 4204 τῇ

431 4221 618 4275 κλάσει
643 4224 736 4274 τοῦ
775 4223 965 4293 ἄρτου,
993 4226 1086 4278 καὶ
1122 4228 1242 4290 ταῖς
1275 4229 1630 4297 προσευχαῖς.
1678 4226 2005 4294 Ἐγένετοδέ

433 4313 580 4385 πάσῃ
633 4315 780 4386 ψυχῇ
830 4316 992 4385 φόϐος
1027 4335 1040 4347 ο
1092 4317 1261 4370 πολλά
1295 4335 1354 4371 τε
1405 4320 1610 4391 τέρατα
1674 4323 1769 4373 καὶ
1805 4322 2006 4390 σημεῖα

425 4403 514 4457 διὰ
541 4407 648 4459 τῶν
681 4407 997 4461 ἀποστόλων
1028 4411 1246 4476 ἐγένετο
1274 4413 1332 4463 ἐν
1369 4411 1728 4482 Ἰερουσαλήμ

1035 4501 1412 4557 EPMHNEIA.

510 4588 852 4654 ’Λξιόπιστος
884 4592 910 4642 ὀ
938 4589 1094 4658 λόγος
1136 4591 1219 4661 (ἐξ
1247 4584 1321 4644 ὧν
1373 4592 1537 4645 αὑτὸν
1577 4591 1815 4663 ἔλαϐον),
1870 4593 2008 4657 τέως

351 4722 368 4736 .
425 4680 483 4732 δὲ
510 4682 568 4732 τὸ
587 4679 807 4734 εὔκολον
836 4682 1005 4750 λέγει,
1044 4684 1244 4753 πολλὴν
1267 4682 1389 4755 ἕχον
1415 4684 1646 4755 δωρεὰν,
1684 4687 1775 4738 καί
1813 4703 1941 4738 ποτε
1965 4688 2008 4717 ¹⁶

431 4778 524 4828 ἐπὶ
557 4777 647 4829 τὸν
679 4777 792 4847 βίον
833 4779 974 4846 ἄγει.
1022 4778 1308 4843 ’Υπὸθεσις
1353 4781 1460 4850 γὰρ
1491 4780 1676 4842 αὐτοῖς
1713 4779 1867 4834 ἔσται
1916 4779 2009 4833 καὶ

435 4867 638 4939 σπουδὴ
675 4870 734 4921 τὸ
765 4870 864 4941 ἤδη
921 4869 1225 4939 γεύσασθαι
1281 4871 1392 4924 τῶν
1441 4869 1714 4924 τοσούτων
1767 4871 2008 4939 ἀγαθῶν.

443 4961 665 5033 Ἐπειδὴ
693 4963 750 5016 δέ
779 4963 966 5018 ἐπόθει
997 4967 1025 5019 6
1053 4966 1359 5037 ἀκροατὴς,
1392 4965 1444 5018 τί
1467 4962 1537 5037 ἦν
1579 4965 1641 5017 τὸ
1661 4965 1768 5018 τῶν
1820 4965 2008 5018 πλειό-

431 5069 540 5104 νων
569 5051 744 5120 λόγων
779 5055 1108 5123 κεφάλαιονο
1145 5057 1318 5110 Τοῦτό
1358 5057 1496 5123 ἐστι,
1527 5056 1682 5127 φησὶ,
1713 5055 1892 5126 δωρεὰ
1914 5054 2009 5107 τοῦ

430 5143 589 5209 ἁγίου
637 5145 969 5214 Πνεύματος.
1029 5150 1138 5204 «οί
1189 5148 1288 5218 μὲν
1351 5147 1466 5202 οὖν.
1505 5165 1524 5198 ι
1577 5146 1881 5218 Ἐπῄνεσαν
1940 5146 2011 5197 τὰ

430 5237 711 5303 λεχθέντα,
765 5239 943 5293 καίτοι
1007 5241 1174 5310 φόϐου
1217 5241 1457 5312 γέμοντα
1488 5281 1504 5306 ,
1567 5241 1661 5294 καὶ
1714 5239 1853 5309 μετὰ
1913 5237 2011 5308 τὴν

431 5329 829 5396 συγκατάθεσιν
883 5334 1005 5386 τότε
1060 5336 1154 5387 ἐπὶ
1178 5334 1238 5387 τὸ
1266 5332 1550 5404 βάπτισμα
1579 5333 1849 5403 ἔρχονται.
1893 5329 2008 5380 Ἑν-

426 5417 608 5472 ταῦθα
649 5421 742 5472 καὶ
783 5421 1109 5493 πληροῦται⁵
1144 5426 1176 5494 ἡ
1219 5423 1313 5476 τοῦ
1381 5423 1604 5476 Ἡσαΐου
1655 5420 1962 5492 προφητεία
1989 5435 2002 5449 °

434 5531 451 5561 ι
484 5513 585 5574 Τίς
645 5513 846 5582 ἢκουσε
886 5515 1129 5569 τοιοῦτον
1153 5534 1170 5583 ;
1195 5517 1292 5570 καὶ
1315 5517 1400 5581 τίς
1431 5516 1676 5586 ἑώρακεν
1698 5513 1906 5578 οὖτως;
1951 5512 2011 5563 Εἰ

542 5625 588 5654 ³ο
625 5623 815 5678 Matth.
851 5643 988 5693 xxu,
1024 5628 1114 5683 40.

2119 3325 2469 3382 peccatorum
2501 3320 2840 3373 vestrorum,
2878 3318 2933 3364 et
2965 3309 3253 3379 accipietis
3281 3309 3482 3363 donum
3507 3307 3688 3380 Spiri-

2119 3413 2205 3458 tus
2229 3403 2432 3458 sancti.
2476 3402 2642 3458 Vobis
2673 3401 2818 3455 enim
2874 3408 2960 3455 est
3019 3401 3400 3470 repromissio,
3451 3409 3507 3456 et
3559 3401 3691 3456 ﬁliis

2115 3493 2343 3558 vestris,
2375 3504 2428 3548 et
2485 3493 2741 3546 omnibus
2793 3492 2887 3561 qui
2924 3492 3084 3561 longe
3130 3500 3283 3558 sunt,
3331 3505 3694 3562 quoscunque

2117 3583 2466 3639 advocaverit
2523 3583 2784 3637 Dominus
2851 3583 2992 3635 Deus
3047 3591 3258 3638 noster.
3328 3581 3469 3637 Aliis
3525 3583 3690 3636 etiam

2117 3677 2303 3731 verbis
2368 3675 2620 3744 plurimis
2675 3675 3007 3728 testiﬁcatus
3051 3684 3157 3737 est,
3189 3683 3242 3728 et
3294 3673 3694 3728 exhortabatur

2115 3783 2212 3824 eos
2250 3769 2481 3822 dicens:
2539 3763 2843 3819 Salvamini
2907 3779 2936 3817 a
2968 3765 3320 3834 generatione
3361 3765 3464 3819 ista
3499 3780 3688 3834 prava.

2115 3856 2218 3923 Qui
2282 3873 2414 3928 ergo
2472 3864 2796 3926 receperunt
2853 3870 3162 3910 sermonem
3223 3857 3382 3924 ejus,
3428 3856 3690 3926 baptizati

2115 3961 2281 4006 sunt:
2307 3961 2362 4006 et
2390 3951 2654 4021 apposita:
2683 3957 2816 4003 sunt
2853 3949 2944 4004 die
2978 3949 3068 4002 illa
3103 3947 3300 4002 anima:
3337 3948 3560 4003 circiter
3586 3949 3692 4004 tria

2117 4042 2311 4096 millia.
2347 4042 2517 4096 Erant
2547 4052 2729 4095 autem
2780 4051 3204 4114 perseverantes
3234 4042 3288 4094 in
3346 4040 3604 4096 doctrina
3633 4051 3691 4096 et

2115 4135 2617 4190 communicatione
2681 4134 2969 4190 fractionis
3027 4135 3188 4203 panis
3234 4143 3288 4189 et
3319 4135 3688 4192 orationibus.

2114 4225 2304 4280 Fiebal
2333 4235 2514 4282 autem
2543 4227 2691 4280 omni
2727 4227 2926 4280 anima:
2987 4229 3184 4281 timor:
3244 4229 3414 4281 multa
3475 4242 3692 4297 quoque

2116 4319 2365 4389 prodigia
2427 4328 2482 4374 et
2542 4319 2697 4390 signa
2777 4335 2873 4389 per
2929 4321 3210 4390 apostolos
3277 4321 3329 4375 in
3383 4321 3690 4377 Jerusalem

2117 4411 2336 4465 ﬁebant.

2611 4501 3188 4559 COMMENTARIUS.

2043 4599 2087 4653 D
2190 4596 2321 4652 Fide
2350 4598 2547 4667 dignus
2572 4606 2690 4649 erat
2751 4612 2933 4650 sermo
2963 4597 3108 4650 Petri
3161 4610 3228 4648 ex
3259 4597 3326 4651 iis
3357 4612 3478 4664 quae
3527 4607 3686 4650 antea

2117 4695 2463 4759 acceperant.
2520 4685 2746 4741 Interim
2805 4685 2858 4741 id
2908 4686 3052 4756 qnod
3090 4685 3249 4741 facile
3283 4694 3387 4750 est,
3423 4693 3479 4741 et
3537 4688 3686 4758 quod

2116 4795 2376 4846 magnum
2440 4778 2606 4832 habet
2657 4777 2888 4840 donum,
2920 4777 3090 4843 dicit;
3133 4785 3189 4832 et
3241 4788 3373 4832 tunc
3401 4781 3468 4833 ad
3516 4779 3684 4835 vitam

2115 4871 2289 4928 ducit.
2322 4871 2460 4938 Quia
2503 4885 2634 4925 vero
2658 4869 2956 4939 cupiebant
3006 4869 3292 4926 auditores
3333 4871 3499 4938 scire,
3529 4888 3684 4944 quaa-

2113 4979 2244 5018 nam
2285 4972 2432 5018 esset
2467 4971 2578 5016 tam
2611 4962 3000 5032 multiplicium
3030 4962 3324 5017 verborum
3349 4962 3513 5034 204
3533 4979 3686 5018 sum-

2118 5071 2205 5110 ma
2255 5075 2268 5108 :
2338 5055 2460 5110 llaec
2527 5065 2634 5119 εει,
2693 5055 2892 5125 inquit,
2947 5053 3150 5109 donum
3191 5053 3430 5124 Spiritus
3481 5057 3678 5112 sancti.

2120 5159 2138 5192 ι
2187 5141 2291 5207 Qui
2321 5158 2473 5210 ergo.
2512 5160 2531 5193 ι
2566 5139 2820 5196 Laudant
2857 5142 3002 5196 dicta
3047 5145 3404 5213 quantumvis
3452 5146 3678 5199 terribi-

2111 5234 2204 5298 lia,
2229 5244 2284 5287 et
2318 5243 2607 5303 postquam
2635 5248 2921 5288 assensum
2953 5235 3020 5288 iis
3051 5237 3377 5304 praestitere,
3412 5235 3682 5304 baptisma

2112 5327 2450 5393 suscipiunt.
2481 5325 2582 5379 llic
2614 5340 2742 5380 vero
2765 5327 2984 5396 impleta
3023 5335 3108 5380 est
3144 5326 3234 5379 illa
3265 5327 3415 5380 Isaia:
3441 5328 3678 5396 prophe-

2112 5420 2185 5469 tia
2217 5435 2230 5470 :
2273 5436 2289 5466 ‹
2313 5416 2448 5482 Quis
2476 5416 2678 5471 audivit
2707 5434 2946 5484 unquam
2982 5417 3128 5470 tale?
3165 5419 3366 5485 etquis
3386 5419 3521 5472 vidit
3554 5420 3679 5472 huic

2125 5509 2333 5563 simile?
2387 5507 2642 5578 Nunquid
2684 5510 2917 5580 parturit
2971 5516 3113 5562 terra
3164 5509 3218 5562 in
3269 5510 3355 5565 die
3386 5511 3529 5564 una?
3586 5521 3677 5564 aut

1593 5700 1793 5762 Varia}
1840 5700 2145 5762 lectiones
2188 5703 2247 5757 ct
2295 5707 2464 5756 nota)

501 5799 542 5828 "‘
586 5796 674 5850 τσ.
727 5797 868 5849 τότε.

753 5890 1024 5950 Ριτιιοι.
1057 5891 1173 5949 Gn.
1211 5889 1456 5955 CXXV.

3276 5886 3348 5944 28
