4114 6420
431 257 536 320 875

1355 255 1930 317 'J'IIEOPIIYLACTI
1972 259 2381 322 BULGARI/E
2421 260 2774 324 ARCHIEP.

3591 263 3700 331 876

423 370 672 443 parietur
705 383 838 441 gens
863 366 1046 434 simul,
1079 366 1205 439 quia
1241 369 1535 438 parturivit
1559 378 1613 424 et
1635 371 1847 440 peperit
1873 369 1996 425 Sion

2113 373 2270 430 ὧδινε
2316 377 2454 446 γυνὴ
2480 378 2522 409 η
2549 379 2607 429 ἐν
2653 379 2751 449 μιᾷ
2798 375 3018 449 ἡμέρας
3052 375 3100 429 εἰ
3143 374 3339 447 ἐτέχθη
3410 374 3563 440 ἔθνος
3619 383 3701 444 εἰς

431 463 573 517 tilios
645 460 814 516 suos?
891 459 1006 532 Ego
1075 470 1257 515 autem
1332 460 1458 515 dedi
1532 462 2003 530 exspectationem

425 557 584 610 istam
619 555 705 608 '°'.
741 572 761 606 ι
800 554 972 609 Porro
1010 553 1156 624 quod
1191 553 1375 608 verbis
1405 553 1668 623 propheta
1718 555 2004 624 praedixit,

426 649 558 704 illud
614 650 779 704 modo
837 649 1173 720 experientia
1237 648 1569 717 completum
1639 649 2004 704 demonstrat.

433 763 451 794 ι
499 742 727 798 Fiebant
781 752 987 797 autem.
1029 761 1048 794 ι
1114 741 1250 808 Quia
1280 743 1478 797 Petrus
1527 742 1697 798 multa
1747 746 2007 814 superius

429 836 667 900 dixerat,
703 851 765 891 ac
795 835 1194 905 promissiones
1251 843 1304 888 et
1359 849 1421 888 ea
1461 850 1582 905 qua!
1622 844 1810 906 postea
1844 853 2009 892 even-

426 941 550 985 tura
580 939 739 986 erant
786 929 1126 994 ostenderat,
1176 929 1370 984 timore
1403 929 1643 997 correpti
1695 939 1850 996 sunt,
1883 945 2006 986 cer-

2114 465 2284 533 ἃπαξ,
2318 465 2401 520 ὅτι
2429 466 2584 521 ὥδινε
2619 469 2716 521 καὶ
2747 465 2901 520 ἔτεκε
2927 467 2969 498 ’⁸
2997 467 3066 520 τὰ
3090 467 3275 520 παιδία
3301 467 3467 538 αὐτῆς
3501 485 3515 534 ;
3554 469 3699 538 Ἐγὼ

2113 555 2170 608 δὲ
2206 555 2383 610 ἔδωκα
2424 559 2524 628 τὴν
2557 557 2892 630 προσδοκίαν
2913 557 3139 629 ταύτην’
3173 577 3190 609 ι
3224 557 3375 612 καὶά
3397 558 3486 612 διά
3519 559 3695 628 λόγων

2111 647 2140 698 ὁ
2189 648 2479 718 προφήτης
2535 649 2772 713 ἐδίδαξεν
2804 690 2817 712 ,
2878 647 3112 702 ἐνταῦθα
3180 651 3345 720 πεῖρα
3421 649 3698 703 δείκνυσιν

2112 737 2384 806 ἐναργῶς.
2432 757 2451 790 ι
2491 738 2742 807 Ἐγένετο
2770 738 2848 793 δέ.
2871 757 2890 791 ι
2937 739 3159 809 Ἐπειδὴ
3190 737 3398 793 ἀνωθεν
3433 735 3502 812 ἦν
3527 739 3695 803 πολὺς

2113 828 2252 899 ῥέων
2285 829 2314 882 δ
2349 831 2579 900 Πέτρος,
2615 833 2716 884 καὶ
2745 831 2958 885 ἐδείκνυ
2991 831 3090 895 τάς
3145 831 3480 900 ἐπαγγελίας
3514 833 3606 885 καὶ
3630 833 3700 886 τὰ

2113 921 2404 992 μέλλοντα,
2460 926 2689 989 εἰκότως
2735 924 3037 996 ἐξέστησαν
3068 925 3149 996 τῷ
3184 925 3355 997 φόϐῳ,
3393 927 3488 979 καὶ
3515 927 3694 996 ἐμαρ-

2110 1015 2265 1088 τύρει
2294 1020 2409 1081 τοῖς
2453 1017 2770 1090 λεγομένοις
2799 1019 2869 1074 τά
2905 1019 3182 1090 θαύματα,
3221 1021 3316 1074 καὶ
3345 1020 3454 1073 τῶν
3483 1021 3579 1074 νῦν
3606 1039 3697 1073 πιδ

424 1128 612 1165 eorum
648 1113 741 1182 qui
768 1121 902 1166 tunc
942 1111 1290 1167 crediderant
1315 1119 1532 1166 tantam
1559 1119 1613 1168 et
1646 1119 1756 1166 tam
1803 1127 1996 1183 repen-

2109 1109 2454 1164 στευσάντων
2501 1110 2771 1181 δηλονότι,
2828 1111 3099 1183 τοσαύτην
3160 1109 3466 1182 μεταϐολὴν
3495 1110 3695 1181 ἀθρόον

424 1202 593 1255 tinam
626 1201 1014 1257 mutationem.

2113 1199 2353 1254 ἰδόντων.

431 1289 506 1344 De
538 1291 826 1347 concordia
857 1295 927 1347 ad
959 1309 1291 1348 communem
1318 1293 1626 1362 utilitatem,
1663 1293 1827 1365 deque
1847 1304 1996 1351 aucta

2113 1292 2252 1361 "api
2283 1293 2562 1363 ὁμονοίας
2592 1294 3022 1364 κοινωφελοῦς,
3053 1293 3150 1347 καὶ
3179 1291 3539 1363 προσθήκης
3577 1289 3697 1346 τῶν

910 1402 1128 1442 nurnero
1159 1387 1512 1442 credentium.

2687 1387 3120 1440 πιστευόντων.

1060 1474 1362 1531 TEXTUS.
2688 1478 3085 1532 KEIMENON.

426 1032 620 1077 nentes
655 1033 767 1076 tum
801 1021 1064 1076 miracula
1087 1035 1207 1090 qua:
1235 1019 1387 1076 dicta
1424 1020 1852 1088 confirmabant,
1891 1033 2004 1077 tum

493 1566 555 1632 II,
584 1565 774 1623 44-47.
797 1565 1001 1624 Omnes
1029 1567 1196 1622 etiam
1223 1569 1316 1639 qui
1344 1567 1643 1624 credebant
1672 1576 1832 1624 erant
1854 1569 1996 1640 pari-

2181 1569 2391 1632 Πάντες
2410 1569 2468 1623 δὲ
2496 1571 2544 1623 οἱ
2577 1570 2970 1634 πιστεύσαντες
3011 1566 3153 1642 ἦσαν
3185 1569 3278 1623 ἐπὶ
3315 1569 3379 1622 τὸ
3411 1569 3564 1632 αὐτὸ,
3593 1571 3690 1624 καὶ

421 1669 504 1712 ter
530 1669 583 1714 et
615 1659 888 1714 habebant
937 1659 1122 1714 omnia
1178 1659 1510 1714 communia.
1543 1659 1924 1717 Possessiones
1951 1669 1996 1716 et

2107 1656 2255 1730 εἶχον
2275 1661 2490 1715 ἅπαντα
2505 1661 2680 1716 κοινά·
2703 1661 2798 1714 καὶ
2811 1660 2879 1714 τὰ
2898 1661 3174 1732 κτήματα,
3198 1659 3294 1713 καὶ
3311 1662 3408 1722 τὰς
3427 1658 3691 1730 ὑπάρξεις

421 1751 762 1807 substantias
819 1751 1130 1808 vendebant
1161 1761 1216 1808 et
1248 1750 1566 1807 dividebant
1595 1751 1687 1806 illa
1717 1753 1996 1820 omnibus,

2109 1724 2477 1821 ἐπίπρασκον,
2513 1753 2610 1804 καὶ
2667 1724 3169 1821 διεμέριζοειμαύτὰί
3183 1752 3339 1813 πᾶσι,
3365 1749 3484 1804 καθ’
3513 1724 3594 1802 ὅτι
3625 1751 3691 1803 ἄν

423 1853 583 1913 prout
608 1845 808 1914 cuique
847 1860 988 1913 ops
1041 1853 1177 1900 erat.
1219 1843 1476 1910 Quotidie
1525 1860 1744 1915 quoque
1797 1844 1996 1916 perdu-

2105 1859 2188 1904 τις
2213 1843 2407 1913 χρείαν
2457 1841 2570 1915 εἶχε
2595 1860 2608 1875 ·
2641 1843 2966 1915 καθημέραν
2997 1842 3102 1916 [τε]
3147 1843 3690 1916 προσκαρτεροῦντες

424 1944 609 1991 ι·ιιιιιοε
641 1936 975 1990 unanimiter
1003 1937 1058 1990 in
1089 1937 1311 2006 templo,
1365 1947 1420 1990 ct
1477 1936 1794 2006 frangentes
1851 1939 1996 1992 circa

2103 1934 2450 2005 ὁμοθυμαδὸν
2495 1937 2553 1990 ἐν
2593 1935 2676 2007 τῷ
2714 1935 2867 2006 ἱερῷ,
2917 1935 3154 1999 κλῶντές
3181 1951 3241 1986 τε
3269 1935 3392 1988 κατ’
3423 1928 3570 1986 οἶκον
3595 1935 3689 1986 τὸν

421 2025 618 2079 domos
649 2039 866 2095 panem,
902 2025 1194 2080 sumebant
1232 2025 1415 2078 cibum
1452 2039 1574 2079 cum
1630 2026 1996 2081 exsultatione

2103 2026 2287 2096 ἄρτον,
2313 2028 2408 2080 καὶ
2440 2026 2959 2098 μεταλαμϐάνοντες
3001 2026 3211 2099 τροφὴν
3251 2028 3312 2080 ἐν
3364 2027 3689 2096 ἀγαλλιάσει

419 2126 474 2171 et
538 2117 893 2187 simplicitate
941 2117 1178 2182 cordis,
1262 2117 1641 2173 collaudantes
1711 2117 1877 2172 Deum
1944 2125 2000 2172 et

423 2211 690 2267 habentes
746 2211 975 2283 gratiam
1029 2211 1099 2266 ad
1146 2225 1366 2267 omnem
1427 2212 1662 2282 plebem.
1726 2211 1997 2267 Dominus

423 2310 602 2360 autem
654 2303 927 2377 augebat,
989 2303 1085 2375 qui
1137 2303 1276 2360 salvi
1337 2303 1554 2370 tierent,
1630 2302 1882 2375 quotidie
1941 2303 1998 2360 in

423 2399 684 2469 idipsum.

928 2487 1504 2547 COMMENTARIUS.

490 2584 610 2640 Non
643 2581 1162 2656 quomodocunque,
1199 2580 1664 2653 quemadmodum
1697 2578 1982 2652 gentilium

419 2677 760 2748 philosophi,
815 2690 1051 2746 quorum
1097 2674 1188 2730 alii
1244 2673 1636 2744 relinquebant
1683 2687 1870 2744 agros,
1904 2671 1998 2727 alii

419 2783 613 2822 aurum
644 2770 698 2823 in
757 2783 912 2823 mare
961 2764 1344 2838 projiciebant.
1395 2762 1511 2820 Hoc
1553 2779 1684 2820 vero
1750 2779 1859 2818 non
1905 2771 1992 2820 est

419 2861 709 2917 laudabilis
743 2859 1063 2916 divitiarum
1095 2865 1452 2929 contemptus
1475 2897 1492 2923 ,
1548 2858 1641 2913 sed
1692 2857 1908 2912 insania
1942 2865 1998 2912 et

414 2951 679 3007 amentia.
709 2951 935 3021 Semper
963 2950 1110 3006 enim
1143 2957 1198 3006 et
1237 2949 1441 3018 ubique
1502 2949 1754 3004 diabolus
1787 2947 1998 3004 studuit

2103 2120 2199 2172 καὶ
2223 2119 2520 2190 ἀφελότητι
2542 2120 2791 2191 καρδίας,
2811 2120 3088 2186 αἰνοῦντες
3109 2122 3200 2176 τὸν
3226 2121 3383 2186 Θεὸν,
3415 2121 3509 2174 καὶ
3535 2120 3686 2191 ἕχον-

2100 2227 2194 2273 τες
2225 2209 2395 2282 χάριν
2434 2211 2575 2282 πρὸς
2602 2211 2723 2266 ὅλον
2773 2211 2865 2266 τὸν
2891 2212 3040 2267 λαόν.
3087 2210 3146 2266 Ὀ
3176 2212 3233 2266 δὲ
3264 2211 3470 2284 Κύριος
3504 2229 3676 2283 προσ-

2103 2305 2812 2380 ετίθεικτοίις...σωξομένους
2839 2306 3270 2381 καθημέραν-τῇ
3291 2305 3609 2380 Ἐκκλησία.

2685 2496 3071 2551 ΕΡΜΗΝΕΙΑ.

2171 2587 2285 2658 Οὐχ
2317 2585 2526 2653 ἁπλῶς,
2563 2587 2818 2658 καθάπερ
2847 2588 2894 2640 οἱ
2925 2585 3060 2657 παρ’
3091 2585 3324 2658 Ἕλλησι
3355 2587 3510 2657 σοφοὶ
3529 2588 3594 2654 ¹⁷,
3632 2589 3684 2642 oi

2105 2681 2205 2751 μὲν
2231 2681 2444 2750 ἀνῆκαν
2483 2681 2581 2753 τὴν
2608 2680 2736 2751 γῆν,
2765 2682 2812 2734 οἱ
2839 2681 2895 2734 δὲ
2927 2681 3009 2744 είς
3057 2679 3338 2735 θάλασσαν
3365 2681 3596 2754 ἔρριψαν
3623 2687 3686 2736 τδ

2099 2775 2346 2847 χρυσίον.
2395 2775 2567 2829 Τοῦτο
2588 2775 2645 2830 δὲ
2689 2776 2785 2844 οὐχ
2847 2775 3119 2846 ὑπεροψία
3166 2776 3488 2847 χρημάτων,
3545 2776 3686 2831 ἀλλὰ

2103 2867 2284 2939 μωρία
2313 2868 2406 2920 καὶ
2460 2865 2636 2922 ἄνοια.
2673 2865 3005 2938 [Πανταχοῦ]
3032 2865 3143 2938 γὰρ
3172 2865 3504 2929 ἐσπούδαζεν
3538 2863 3678 2938 [ἀεὶ]

2099 2962 2128 3015 ὁ
2153 2959 2397 3023 διάϐολος
2423 2960 2518 3012 τοῦ
2557 2959 2691 3013 Θεοῦ
2717 2960 2786 3012 τὰ
2811 2958 3087 3028 κτίσματα
3120 2957 3445 3022 διαϐάλλειν,
3477 2956 3552 3020 ὡς
3581 2958 3683 3010 οῦκ

419 3043 514 3098 Dei
550 3049 837 3099 creaturas
865 3042 1216 3108 calumniari,
1251 3041 1413 3112 quasi
1466 3040 1586 3097 ﬁeri
1625 3057 1731 3096 non
1784 3052 1994 3112 posset,

2103 3053 2222 3107 ἐνὸν
2245 3049 2426 3115 καλῶς
2454 3050 2766 3123 χρήσασθαι
2795 3051 3092 3121 χρήμασιν.
3130 3048 3397 3104 Ἐνταῦθα
3420 3048 3476 3101 δὲ
3506 3048 3682 3110 οὐδεὶς

418 3143 480 3192 ut
510 3135 633 3206 quis
662 3134 916 3206 pecuniis
950 3134 1184 3190 honeste
1213 3142 1481 3189 uteretur.
1527 3133 1630 3188 Hie
1659 3149 1792 3190 vero
1832 3150 1996 3190 nemo

419 3229 592 3284 altero
630 3227 754 3298 plus
782 3226 1054 3292 habebat;
1085 3234 1139 3281 et
1173 3225 1362 3282 statim
1393 3225 1556 3280 simul
1591 3235 1996 3292 convenerunt,

418 3327 480 3375 ut
502 3319 762 3376 omnibus
822 3319 1138 3374 necessaria
1185 3317 1624 3389 suppeditarent.
1681 3317 1853 3372 Porro
1884 3319 1999 3374 haec

415 3418 502 3466 cst
530 3410 842 3481 respublica
867 3410 1136 3481 angelica,
1169 3411 1262 3465 ubi
1305 3427 1469 3466 nemo
1529 3410 1830 3480 quidquam
1865 3426 1997 3481 pro-

419 3504 598 3573 prium
631 3502 739 3559 sibi
771 3517 894 3560 esse
940 3503 1176 3558 dicebat.
1222 3502 1422 3559 Dieens
1463 3518 1590 3559 vero
1620 3505 2000 3561 tantummodo

420 3610 618 3665 panem
653 3597 708 3651 in
733 3595 918 3650 cibum
950 3594 1171 3662 habere,
1201 3594 1335 3650 mihi
1375 3595 1592 3650 videtur
1639 3597 1727 3651 hic
1757 3604 1812 3652 et
1851 3595 1998 3667 jeju-

419 3686 571 3739 nium
599 3693 654 3740 et
679 3692 957 3740 austeram
1006 3684 1226 3741 illorum
1258 3685 1424 3741 vitam
1478 3686 1755 3754 indicare;
1789 3687 1998 3744 scilicet

418 3778 599 3832 cibum
659 3777 974 3846 sumebant,
1016 3791 1132 3833 non
1176 3777 1424 3834 delicias.
1483 3777 1782 3850 Postquam
1833 3779 1992 3848 dixit,

421 3888 441 3920 ι
483 3868 617 3924 Cum
648 3869 1033 3937 exsultatione,
1068 3888 1089 3922 ι
1117 3869 1291 3938 addit,
1328 3887 1346 3916 ι
1391 3880 1446 3928 et
1474 3870 1826 3943 simplicitate
1852 3876 1994 3944 {cor-

415 3965 534 4028 dis;
569 3981 588 4016 ι
638 3963 778 4034 «quia
844 3977 968 4021 esse
1039 3981 1148 4021 non
1205 3974 1388 4036 potest
1448 3967 1742 4024 exsultatio
1789 3967 1996 4038 absque

418 4056 794 4126 simplicitate.

915 4151 1076 4222 205
1122 4150 1354 4209 CAPUT
1404 4153 1495 4208 IV.

419 4242 496 4298 De
529 4244 706 4298 claudi
746 4261 778 4298 a
829 4247 1106 4300 nativitate
1158 4247 1431 4301 curatione
1465 4263 1497 4301 a
1529 4248 1746 4304 Christo
1805 4249 1989 4320 facta,

487 4342 650 4408 deque
707 4349 897 4410 arguta
977 4339 1128 4394 Petri
1200 4341 1547 4396 imtructioue
1607 4343 1676 4396 ad
1763 4345 1993 4398 salutem

491 4428 682 4497 ipsius.

663 4519 822 4576 Feria
855 4531 1010 4579 sexta
1043 4524 1400 4582 hebdomadas
1430 4523 1741 4582 Paschalis.

1053 4615 1358 4674 TEXTUS.

486 4706 707 4773 Irll,l-8.
739 4709 940 4766 Petrus
973 4721 1154 4765 autem
1189 4719 1242 4765 ct
1269 4708 1512 4767 doannes
1534 4711 1904 4766 ascendebant
1937 4712 1990 4763 in

415 4802 784 4871 templum,ad
812 4803 1002 4858 horam
1023 4804 1290 4860 orationis
1307 4819 1527 4860 nouam.
1553 4802 1619 4857 Et
1639 4803 1860 4874 quidam
1889 4804 1992 4871 vir,

417 4891 511 4960 qui
544 4899 662 4945 erat
682 4891 916 4948 claudus
936 4907 1000 4948 ex
1032 4900 1188 4949 utero
1213 4894 1407 4950 matris
1439 4893 1988 4965 sum,bajulabatur:

415 4998 576 5053 quem
611 4984 884 5054 ponebant
927 4986 1174 5056 quOtidie
1221 4985 1289 5040 ad
1345 4994 1558 5055 portam
1611 4987 1821 5056 templi,
1868 5002 1991 5056 qua:

415 5075 619 5130 dicitur
700 5073 986 5146 Speciosa,
1037 5085 1099 5131 ut
1163 5083 1372 5147 peteret
1448 5076 1856 5146 eleemosynam
1923 5080 1990 5133 ab

417 5167 825 5221 iutroeuntiluls
858 5165 910 5221 in
943 5166 1225 5236 templum.
1251 5163 1300 5220 Is
1339 5180 1466 5220 cum
1493 5164 1720 5220 vidisset
1767 5165 1990 5221 Petrum

415 5269 470 5311 et
506 5256 772 5314 Joaimem
807 5257 1132 5326 incipientes
1163 5257 1394 5311 introire
1430 5257 1482 5310 in
1511 5259 1795 5327 templum,
1827 5273 1988 5330 roga-

351 5386 357 5392 -
417 5349 507 5404 bat
545 5359 604 5405 ut
633 5349 1040 5420 clccmosynam
1095 5348 1389 5419 acciperet.
1423 5349 1648 5404 lntueus
1702 5362 1883 5405 autem
1935 5352 1990 5404 in

485 5535 550 5564 ’θ’
586 5533 744 5587 Joan.
779 5548 926 5599 th't,
970 5533 1021 5597 8,
1057 5535 1113 5588 θ.

2103 3145 2190 3199 ἐτε
2205 3162 2294 3216 ρος
2325 3145 2514 3216 ἐτέρου
2568 3144 2750 3198 πλεῖον
2778 3139 2909 3214 εἶχε,
2939 3143 3033 3197 καὶ
3061 3143 3271 3214 ταχέως
3296 3136 3458 3215 ἦλθον
3491 3140 3584 3193 ἐπὶ
3623 3137 3685 3193 τὸ

2103 3237 2275 3301 αὐτὸ,
2329 3238 2422 3290 ἐπὶ
2469 3236 2530 3289 τὸ
2591 3239 2726 3290 πᾶσι
2781 3235 3126 3307 μεταδοῦναι.
3209 3233 3382 3287 Τοῦτο
3435 3231 3684 3286 πολιτεία

2103 3330 2372 3401 ἀγγελικὴ
2411 3369 2424 3395 ,
2487 3329 2656 3401 μηδὲν
2728 3328 2894 3383 αὐτὸν
2945 3327 3126 3396 λέγειν
3186 3326 3320 3380 ῐδιον
3362 3318 3524 3379 εἶναι.
3578 3325 3685 3377 Τὸν

2101 3423 2266 3494 ἄρτον
2312 3423 2371 3477 δὲ
2456 3423 2616 3492 μόνον
2644 3420 2849 3492 τροφὴν
2879 3420 3024 3490 ἔχειν
3047 3419 3244 3488 λέγων,
3284 3419 3434 3472 δοκεῖ
3474 3419 3684 3488 μοικαὶ

2101 3514 2357 3585 νηστείαν
2387 3514 2622 3568 ἐνταῦθα
2655 3512 2946 3584 σημαίνειν
2984 3511 3079 3564 καὶ
3102 3511 3340 3582 σκληρὸν
3376 3510 3492 3580 βίον
3515 3527 3530 3542 ·
3557 3527 3685 3580 τρο-

2101 3608 2210 3676 φῆς
2242 3607 2374 3679 γὰρ,
2405 3607 2468 3658 οὐ
2509 3605 2722 3676 τρυφῆς
2789 3601 3227 3675 μετελάμϐανον.
3279 3600 3484 3665 Εἰπὼν,
3534 3617 3554 3652 ι
3595 3599 3684 3652 Ἐν

2101 3697 2446 3768 ἀγαλλιάσει,
2472 3715 2490 3748 ι
2525 3699 2800 3768 ἐπήγαγε,
2866 3711 2884 3746 ι
2920 3693 3030 3747 Καὶ
3059 3693 3350 3764 ἀφελότητι
3375 3690 3625 3761 καρδίας.
3657 3709 3679 3742 ι

2101 3790 2176 3846 Ού
2209 3791 2325 3862 γὰρ
2355 3775 2436 3846 ἐνί
2455 3788 2631 3854 ἄλλως
2657 3785 2911 3858 γενέσθαι
2932 3784 3280 3857 ἀγαλλίασιν,
3314 3785 3392 3858 μὴ
3421 3783 3683 3854 ἀφελείας

2099 3883 2290 3955 οὔσης.

2703 4148 2961 4204 ΚΕΦΛΛ.
3003 4149 3040 4201 Δ
3061 4184 3077 4202 .

2100 4243 2266 4316 Περὶ)
2299 4243 2411 4313 τῆς
2444 4243 2515 4298 ἐν
2547 4241 2788 4311 Χριστῷ
2847 4240 3164 4311 θεραπείας
3201 4239 3307 4294 τοῦ
3335 4239 3404 4294 ἐκ
3434 4238 3684 4310 γενετῆς

2171 4337 2397 4407 χωλοῦ,
2420 4335 2647 4405 Πέτρου
2669 4353 2732 4389 τε
2757 4334 3151 4403 κατηχήσεως
3167 4331 3513 4405 ἐλεγκτικῆς
3534 4333 3684 4402 πρὸς

2025 4418 2068 4473 ι)
2169 4429 2475 4499 σωτηρίαν
2498 4428 2710 4486 αὐτοῦ.

2369 4522 2448 4594 Τῇ
2478 4523 2803 4594 παρασκευῇ
2833 4520 2932 4592 τῆς
2960 4518 3415 4591 Διακαινησίμου.

2694 4612 3082 4667 ΚΕΙΜΕΝΟΝ.

2184 4705 2312 4760 Ἐπὶ
2342 4705 2402 4759 τὸ
2431 4706 2565 4760 αὐτὸ
2609 4704 2666 4758 δέ
2703 4706 2909 4775 Πέτρος
2964 4705 3060 4758 καὶ
3105 4703 3359 4773 Ἰωάννης
3399 4701 3678 4773 ἀνέϐησαν

2100 4801 2181 4863 εἰς
2212 4801 2273 4852 τὸ
2297 4799 2441 4868 ἱερὸν
2463 4797 2556 4852 ἐπὶ
2584 4797 2682 4868 τὴν
2731 4796 2882 4869 ὥραν
2932 4797 3032 4867 τῆς
3063 4799 3378 4868 προσευχῆς
3403 4795 3502 4867 τὴν
3532 4797 3686 4849 ἐννά-

2098 4908 2220 4962 την.
2275 4889 2386 4943 Καί
2420 4906 2504 4950 τις
2562 4888 2703 4960 ἀνὴρ
2735 4887 2907 4959 χωλὸς
2932 4888 2997 4940 ἐκ
3027 4886 3240 4949 κοιλίας
3285 4884 3492 4955 μητρὸς
3517 4883 3684 4936 αὑτοῦ

2101 4983 2364 5054 ὑπάρχων
2414 4982 2768 5046 ἐϐαστάζετο,
2805 4979 2865 5032 ὃν
2896 4978 3110 5033 ἐτίθουν
3146 4977 3272 5032 καθ’
3305 4977 3517 5048 ἡμέραν
3545 4973 3682 5046 πρὸς

2098 5075 2197 5145 τὴν
2259 5075 2428 5146 θύραν
2479 5073 2574 5127 τοῦ
2633 5071 2781 5145 ἱεροῦ
2836 5072 2936 5142 τὴν
2962 5069 3267 5142 λεγομένην
3307 5067 3552 5139 Ὠραίαν,
3585 5065 3681 5119 τοῦ

2101 5167 2276 5220 αἰτεῖν
2327 5163 2702 5235 ἐλεημοσύνην
2735 5161 2884 5232 παρᾶ
2933 5161 3040 5214 τῶν
3101 5157 3577 5228 εἰσπορευομένων
3604 5157 3684 5220 εἰς

2100 5257 2161 5310 τὸ
2221 5257 2388 5327 ἱερόν.
2436 5257 2534 5319 Ὃς
2574 5253 2698 5307 ἰδὼν
2733 5253 2938 5324 Πέτρον
2968 5252 3062 5304 καὶ
3105 5251 3360 5318 Ἰωάννην
3388 5246 3685 5318 μέλλοντας

2104 5349 2332 5402 εἰσιέναι
2370 5349 2450 5411 είς
2480 5347 2538 5400 τὺ
2581 5347 2747 5418 ἱερὸν,
2809 5343 2999 5415 ἠρώτα
3031 5339 3427 5412 ἐλεημοσύνην.
3473 5333 3681 5388 Ἀτενί-

1580 5624 1777 5687 Variae
1822 5627 2133 5690 lectiones
2178 5635 2240 5688 ct
2286 5633 2474 5687 notat.

466 5725 505 5756 ³⁵
542 5725 626 5778 io’.
660 5729 750 5798 γῇ.
830 5729 871 5760 ⁸⁸
905 5727 1074 5784 Σιών.
1155 5727 1195 5760 ⁸⁷
1230 5725 1529 5798 φιλόσοφοι.
