4114 6460
315 353 421 421 877

972 353 1510 420 EXPOSITIONIS
1541 352 1622 414 IN
1660 349 1848 412 ACTA
1879 345 2184 409 TEXTUS
2222 344 2490 408 ALTER.
2536 367 2597 383 ’-
2624 346 2783 407 CAP.
2818 346 2937 409 III.

3462 351 3571 417 878

314 487 414 536 σας
432 470 490 525 δέ
517 467 720 543 Πέτρος
748 469 830 534 εἰς
862 468 1025 523 αὐτὸν
1048 470 1146 522 σὺν
1171 467 1247 539 τῷ
1262 467 1488 539 Ἰωάννῃ
1508 459 1652 518 εἶπε·
1687 460 1892 531 Βλέψον

2000 474 2119 513 eum
2155 457 2353 514 Petrus
2386 473 2512 513 cum
2539 455 2773 525 Joanne,
2797 458 2974 515 dixit:
3001 456 3238 532 Respice
3268 459 3323 517 in
3344 476 3470 521 nos.
3497 467 3571 519 At

313 567 394 629 εἰς
418 565 591 636 ἡμᾶς.
636 564 697 619 ’0
723 563 783 618 δὲ
820 564 1041 634 ἐπεῖχεν
1090 564 1276 626 αὐτοῖς
1325 558 1641 631 προσδοκῶν
1671 574 1724 610 τι
1758 555 1889 626 παρ’

314 657 496 714 αὐτῶν
518 654 728 711 λαϐεῖν.
763 648 902 709 Εἶπε
928 654 984 708 δέ
1021 653 1228 725 Πέτρος
1255 668 1269 683 ·
1307 650 1602 723 ’Ᾱργύρισν
1631 648 1726 702 καὶ
1762 663 1896 719 χρυ-

316 749 431 803 σίον
478 748 581 818 οὐχ
640 747 878 817 ὑπάρχει
915 763 1028 815 μοι,
1051 745 1080 799 ὃ
1105 746 1161 798 δὲ
1194 744 1322 816 ἔχω,
1353 742 1511 797 τοῦτό
1541 759 1624 795 σοι
1662 739 1890 810 δίδωμι·

317 842 374 893 ἐν
431 839 509 910 τῷ
557 838 782 909 ὀνόματι
842 836 1018 907 Ἰησοῦ
1078 836 1320 908 Χριστοῦ
1398 833 1494 888 τοῦ
1567 831 1893 903 Ναζωραῖον

316 932 497 1001 ἔγειρε
541 930 638 984 καὶ
663 928 980 1001 περιπάτει.
1016 928 1126 982 Καὶ
1155 928 1360 991 πιάσας
1393 924 1558 979 αὑτὸν
1583 923 1685 991 τῆς
1713 920 1896 988 δεξιᾶς

313 1024 518 1100 χειρὸς,
551 1022 761 1093 ἤγειρε.
797 1020 1145 1092 Παραχρῆμα
1190 1019 1248 1071 δὲ
1275 1015 1698 1087 ἐστερεώθησαν
1727 1009 1893 1067 αὐτοῦ

315 1118 373 1170 αἱ
405 1114 591 1186 βάσεις
628 1114 725 1167 καὶ
748 1111 819 1165 τά
861 1111 1066 1181 σφυρά,
1104 1109 1201 1164 καὶ
1240 1106 1602 1177 ἐξαλλόμενος
1632 1104 1764 1176 ἐστη
1799 1102 1896 1157 καὶ

316 1206 675 1277 περιεπάτει·
708 1207 803 1257 καὶ
830 1202 1049 1273 εἰσῆλθε
1083 1202 1181 1254 σὺν
1209 1199 1396 1261 αὐτοῖς
1421 1200 1501 1262 εἰς
1522 1196 1585 1251 τὸ
1619 1195 1767 1267 ἱερὸν
1799 1211 1894 1248 πε-

318 1296 586 1369 ριπατῶν,
614 1294 711 1349 καὶ
744 1294 1059 1364 ἁλλόμενος,
1100 1292 1195 1346 καὶ
1215 1291 1383 1345 αἰνῶν
1410 1290 1505 1343 τὸν
1525 1289 1681 1343 Θεὸν.

924 1400 1303 1456 EPMHNEIA.

390 1512 473 1568 Τὰ
503 1511 602 1584 μὲν
635 1505 730 1567 οὖν
766 1509 903 1565 ἄλλα
938 1510 1141 1580 σημεῖα
1197 1506 1455 1578 παρεῖδεν
1483 1509 1511 1561 6
1542 1504 1638 1560 τοῦ
1684 1504 1893 1576 βιϐλίου

319 1602 697 1676 συγγραφεύς.
717 1601 908 1676 [Λέγει
920 1601 978 1656 δὲ
993 1603 1241 1673 σημεῖον,
1258 1600 1502 1663 δπάντας
1513 1597 1718 1664 ἐξένισε
1733 1595 1894 1671 (10).]

313 1696 547 1752 Φυσικὸν
571 1696 633 1750 τὸ
679 1694 856 1759 πάθος
899 1689 992 1765 ἦν,
1045 1694 1297 1765 κρεῖττον
1355 1690 1552 1764 τέχνης
1614 1689 1891 1761 ἰατρικῆς.

313 1786 743 1860 Τεσσαράκοντα
771 1780 843 1858 ἦν
891 1785 985 1857 ἐτη
1021 1783 1342 1856 πεποιηκὼς
1366 1784 1425 1837 ἐν
1447 1784 1515 1855 τῇ
1545 1779 1890 1852 Fannia",

2001 551 2090 608 ille
2115 550 2437 607 intendebat
2466 551 2519 605 in
2552 564 2672 618 eos,
2701 564 2937 621 sperans
2984 564 3046 608 se
3068 552 3279 623 aliquid
3321 566 3571 627 acceptu—

1997 656 2117 695 rum
2163 642 2234 696 ab
2282 642 2386 697 eis.
2464 639 2662 696 Petrus
2718 648 2903 697 autem
2953 641 3462 715 dixit:Argentum
3514 650 3575 699 ct

1997 747 2192 788 aurum
2226 749 2334 788 non
2363 743 2449 787 est
2479 733 2652 787 mihi:
2682 734 2829 804 quod
2875 741 3061 790 autem
3098 735 3294 803 habeo,
3322 735 3426 791 hoc
3472 735 3568 791 tibi

1998 823 2114 879 do:
2157 822 2216 877 In
2249 826 2472 880 nomine
2525 824 2654 880 Jesu
2709 823 2913 881 Christi
2969 826 3237 881 Nazareni
3294 842 3458 899 surge
3516 838 3567 884 et

1998 914 2237 969 ambula.
2269 913 2334 969 Et
2362 914 2707 985 apprehensa
2739 931 2905 970 manu
2933 914 3053 984 ejus
3098 918 3348 984 dextera,
3374 918 3567 974 alleva-

1996 1006 2076 1060 vit
2106 1021 2256 1069 eum,
2283 1016 2337 1061 et
2361 1006 2616 1077 protinus
2642 1006 3155 1074 consolidataesunt
3188 1008 3349 1064 bases
3373 1008 3494 1077 ejus
3519 1016 3569 1063 ct

1995 1097 2214 1168 plantae.
2248 1098 2318 1153 Et
2348 1098 2611 1155 exsiliens
2643 1097 2795 1155 stetit
2844 1104 2901 1154 et
2932 1098 3287 1154 ambulabat:
3317 1110 3372 1155 et
3393 1100 3570 1154 intra-

1996 1190 2075 1245 vit
2101 1204 2226 1245 cum
2268 1190 2378 1246 illis
2409 1192 2464 1246 in
2504 1191 2768 1262 templum
2807 1190 3101 1246 ambulans
3130 1197 3187 1247 et
3218 1191 3487 1250 exsiliens
3515 1201 3571 1247 et

1998 1282 2230 1339 laudans
2265 1282 2459 1340 Deum.

2508 1392 3081 1451 COMMENTARIUS.

2067 1503 2187 1557 Alia
2215 1503 2437 1574 quidem
2471 1504 2630 1577 signa
2659 1507 3012 1576 praetermisit
3057 1506 3185 1563 libri
3240 1506 3409 1578 hujus
3472 1521 3574 1563 au-

2000 1604 2143 1654 ctor.
2174 1595 2317 1652 lllud
2346 1611 2480 1652 vero
2507 1606 2720 1662 narrat,
2752 1600 2900 1668 quod
2926 1613 3120 1655 omnes
3148 1598 3204 1654 in
3264 1598 3573 1655 admiratio-

1996 1704 2122 1744 ncm
2153 1688 2412 1760 conjecit.
2442 1687 2725 1747 Naturalis
2754 1698 2875 1747 erat
2919 1692 3170 1757 morbus,
3212 1698 3331 1746 arte
3361 1690 3574 1747 medica

1996 1780 2234 1838 fortior:
2272 1796 2445 1839 annos
2473 1783 2831 1855 quadraginta
2863 1785 2919 1838 in
2957 1784 3360 1842 claudicatione
3388 1790 3575 1840 trans-

313 1879 501 1943 καθὼς
556 1875 763 1949 προῖὼν
818 1893 1007 1949 φησιν.
1069 1876 1260 1941 Οὐδεὶς
1289 1874 1382 1930 οὖν
1435 1873 1601 1929 αὐτὸν
1626 1875 1685 1927 ἐν
1725 1871 1892 1926 παντὶ

2000 1882 2199 1944 egerat,
2268 1880 2329 1927 ut
2394 1882 2586 1943 postea
2642 1874 2838 1945 inquit.
2893 1870 3071 1931 Nemo
3104 1875 3257 1930 illum
3315 1883 3429 1930 toto
3480 1873 3575 1929 illo

312 1972 491 2043 χρόνῳ
540 1969 900 2041 ἐθεράπευσε.
950 1967 1137 2023 Ταῦτα
1183 1969 1295 2040 γὰρ
1355 1967 1591 2038 μάλιστα
1648 1962 1888 2020 δύσκολά

312 2068 462 2121 ἐστιν
489 2065 635 2135 άπερ
666 2064 732 2118 ἂν
759 2065 824 2117 ἐκ
851 2063 1077 2133 γενετῆς
1193 2062 1492 2134 Ἐπίσημος
1518 2062 1573 2115 δὲ
1593 2055 1705 2132 ἦνό
1726 2060 1886 2130 ἀνὴρ,

313 2157 422 2210 ἀπό
446 2173 508 2210 τε
531 2155 625 2210 τοῦ
677 2155 883 2226 τρόπου
915 2153 983 2223 η,
1023 2154 1134 2209 ἀπό
1158 2171 1218 2208 τε
1239 2154 1334 2209 τοῦ
1391 2153 1623 2219 πάθους.
1644 2148 1780 2207 Εἶτα
1802 2151 1892 2207 ἵνα

316 2245 395 2318 μὴ
432 2245 561 2318 δόξῃ
622 2244 733 2300 ἀπὸ
789 2245 1133 2317 ταυτομάτου
1175 2243 1336 2300 τοῦτο
1359 2242 1629 2314 γίνεσθαι,
1658 2242 1720 2296 οὐ
1747 2241 1893 2314 λόγῳ

300 2339 479 2409 ,μόνον
527 2337 841 2409 θεραπεύει,
887 2336 1029 2392 ἀλλὰ
1090 2336 1185 2391 καὶ
1246 2337 1403 2407 «Τῆς
1465 2334 1647 2402 δεξιᾶς
1706 2326 1893 2406 χειρὸς

316 2430 543 2495 πιάσας,
584 2432 804 2502 ἤγειρεν
875 2430 1036 2485 αὐτὸν
1056 2471 1070 2495 ,
1094 2449 1113 2483 ι
1147 2429 1303 2500 φησι.
1336 2429 1448 2483 Καὶ
1488 2428 1647 2483 τοῦτο
1669 2426 1893 2498 ἐποίησε

313 2527 483 2598 δήλην
512 2526 609 2598 τὴν
646 2525 943 2581 ἀνάστασιν
968 2541 982 2556 ·
1018 2526 1373 2589 ἀναστάσεως
1409 2523 1519 2594 γάρ
1704 2520 1891 2577 εἰκών.

315 2614 474 2670 Οὕτω
498 2617 593 2670 καὶ
621 2616 649 2669 6
671 2614 906 2685 Χριστὸς
935 2614 1162 2687 ἐποίησε
1183 2632 1198 2647 ·
1241 2614 1502 2678 πολλάκις
1530 2615 1678 2687 λόγῳ
1702 2612 1894 2687 ἐθερά-

316 2723 510 2770 πευσε,
532 2705 792 2770 πολλάκις
817 2706 985 2779 ἔργῳ,
1014 2706 1273 2770 πολλάκις
1292 2706 1387 2761 καὶ
1405 2704 1506 2777 τὴν
1536 2707 1698 2776 χεῖρα
1723 2721 1896 2776 προσ·-

316 2799 546 2869 ήγαγεν,
574 2799 710 2852 ὅπου
741 2793 881 2869 ἦσαν
931 2797 1330 2867 ἀσθενέστεροι.
1366 2793 1503 2852 Εἶτα
1533 2798 1563 2850 6
1588 2795 1780 2863 ἰαθεὶς,
1833 2797 1894 2849 οὐ

318 2892 484 2962 μόνον
511 2890 693 2955 ἁπλῶς
726 2889 1073 2962 περιεπάτει,
1127 2888 1262 2943 ἀλλὰ
1312 2889 1407 2944 καὶ
1465 2888 1699 2959 ἅλμασιν
1734 2886 1901 2960 ὲχρῆω

312 3000 377 3037 το
420 2982 679 3054 σκιρτῶν,
724 2980 1010 3053 πειράζων
1047 2981 1240 3035 ἑαυτὸν
1267 2980 1343 3053 μὴ
1371 2979 1526 3054 [ἄρα]
1560 2979 1745 3044 ἁπλῶς
1781 2981 1898 3032 ἐστι

313 3074 815 3144 τδζγεγονόςίΐινές
845 3072 903 3128 δέ
934 3090 1120 3144 φασιν,
1170 3073 1254 3128 ὅτι
1296 3072 1482 3145 ἠγνόει
1539 3071 1887 3143 περιπατεῖν.

915 3259 1287 3317 ΚΕΙΜΕΝΟΝ
1389 3213 1391 3215 ι

389 3374 504 3430 Καὶ
550 3371 691 3429 εἶδεν
747 3374 911 3430 αὐτὸν
973 3376 1085 3441 πᾶς
1106 3377 1136 3430 6
1155 3375 1286 3438 λαὸς
1326 3374 1767 3447 περιπατοῦντα,
1799 3379 1898 3433 καὶ

317 3466 578 3522 αἰνοῦντα
612 3468 704 3523 τδν
731 3466 886 3524 Θεόν.
923 3467 1329 3538 Ἐπεγὶνωσκόν
1353 3484 1417 3522 τε
1453 3467 1640 3532 αὐτὸν,
1697 3468 1781 3523 ὅτι
1808 3463 1900 3524 οὗ·

318 3577 416 3625 τος
470 3555 539 3632 ἦν
565 3562 594 3615 6
625 3559 764 3632 πρὸς
797 3559 898 3631 τὴν
947 3560 1326 3632 ἐλεημοσύνην
1387 3559 1699 3632 καθήμενος
1728 3562 1788 3615 ἐν
1829 3563 1898 3633 τῇ

330 3651 527 3723 Ὠραίᾳ
587 3652 735 3724 πύλῃ
757 3651 852 3706 τοῦ
882 3652 1031 3724 ἱεροῦ
1051 3669 1066 3683 ·
1098 3653 1195 3707 καὶ
1249 3652 1605 3724 ἐπλήσθησαν
1652 3651 1900 3724 θάμϐους

321 3746 417 3798 καὶ
439 3744 745 3809 ἐκστάσεως
773 3744 867 3798 ἐπὶ
894 3744 972 3814 τῷ
1012 3743 1387 3818 συμϐεϐηκότι
1412 3743 1587 3817 αὐτῷ.

933 3853 1318 3909 EPMHNEIA.

393 3962 592 4027 Καλῶς
619 3981 807 4035 φησιν,
830 3962 913 4017 ὅτι
943 3982 962 4015 ι
984 3963 1382 4034 Ἐπεγινωσκον
1417 3963 1601 4032 αὐτὸν,
1631 3965 1714 4020 ὅτι
1743 3959 1901 4030 οὗτος

318 4051 391 4128 ἦν
424 4057 454 4109 6
484 4055 616 4126 πρὸς
644 4058 744 4126 τὴν
771 4054 1141 4126 ἐλεημοσύνην
1165 4055 1476 4126 καθήμενος
1498 4057 1592 4111 ἐπὶ
1619 4060 1686 4129 τῇ
1709 4058 1902 4130 Ὡραίᾳ

322 4146 470 4217 πύλῃ
494 4161 510 4177 ·
527 4165 546 4197 ι
572 4146 634 4198 οὐ
661 4146 770 4218 γάρ
792 4163 908 4210 πως
933 4145 1015 4198 ἐτι
1042 4145 1368 4216 ἐγνωρῑζετο
1386 4151 1698 4218 μετέπειτα.
1717 4147 1904 4223 Ταύτῃ

321 4240 437 4309 γὰρ
451 4242 515 4309 τῇ
537 4239 680 4304 λέξει
703 4238 1025 4309 κεχρήμεθα
1044 4241 1135 4292 ἐπὶ
1149 4239 1258 4291 τῶν
1282 4239 1432 4310 μόλις
1462 4241 1901 4312 γνωριζομένων.

332 4330 535 4384 Ἰστέον
556 4331 615 4384 δὲ
627 4334 708 4385 ὅτι
732 4331 829 4384 καὶ
852 4326 1028 4396 οὗτος,
1055 4330 1144 4383 διὰ
1168 4330 1325 4385 τοῦτο
1357 4331 1695 4404 προσήδρευε
1719 4335 1784 4404 τῇ
1809 4331 1904 4386 τοῦ

318 4424 843 4495 Σολομῶντοςιστοᾷ,
865 4425 995 4487 ῐσως
1013 4424 1255 4495 οἰόμενος
1273 4424 1559 4492 τεύξεσθαι
1580 4443 1722 4488 τινος
1739 4426 1904 4497 θερα-

320 4517 488 4580 πείας
517 4516 611 4571 ἐπὶ
635 4519 700 4588 τῇ
726 4515 820 4570 τοῦ
854 4515 1075 4586 Σιλωάμ
1116 4515 1494 4589 κολυμϐήθρᾳ,
1544 4516 1727 4580 καθὼς
1758 4518 1905 4587 καὶὸ

319 4609 623 4679 τριάκοντα
647 4607 746 4660 καὶ
772 4607 918 4661 ὀκτὼ
939 4607 1035 4676 ἐτη
1063 4607 1202 4679 ἔχων
1225 4607 1551 4676 παράλυτος,
1572 4609 1632 4662 ὃν
1660 4609 1848 4664 ἰάσατο
1875 4611 1905 4664 6

320 4699 541 4770 Σωτήρ.
566 4701 661 4753 Ὃν
679 4700 729 4752 οἱ
758 4697 1047 4753 ἀπόστολοι
1091 4698 1297 4769 Πέτρος
1320 4701 1414 4753 καὶ
1441 4701 1679 4771 Ιωάννης
1709 4701 1905 4766 ἰδόντες

322 4791 389 4864 Π.
420 4791 549 4846 add.
576 4792 673 4844 καὶ
701 4790 948 4864 γνόντες]
987 4792 1085 4861 τὴν
1110 4791 1291 4846 αἰτίαν
1317 4793 1414 4864 τῆς
1442 4795 1789 4866 προσεδρίας,
1822 4795 1904 4849 ὅτι

321 4886 533 4956 καίπερ
554 4883 868 4957 προσαιτῶν
889 4884 1174 4957 ἐπορίζετο
1192 4886 1291 4957 τὴν
1305 4886 1536 4958 τροφὴν,
1557 4889 1659 4941 οὐκ
1683 4889 1904 4956 ἀπέγνω

321 4977 426 5047 τῆς
460 4977 778 5046 θεραπείας,
823 4976 1198 5049 ἐθεράπευσαν
1230 4979 1397 5032 αὑτὸν
1444 4981 1539 5033 ἐπὶ
1569 4979 1647 5049 τῷ
1678 4979 1903 5049 ὀνόματι

322 5069 423 5121 τοῦ
452 5068 713 5138 Χριστοῦ.
753 5089 770 5121 ι
800 5069 1003 5123 Τοῦτον
1031 5070 1164 5141 γὰρ,
1193 5072 1378 5142 φησὶν,
1416 5071 1475 5126 ὃν
1517 5071 1774 5142 θεωρεῖτε
1809 5073 1905 5127 καὶ

318 5158 528 5223 οῖδατε,
593 5160 893 5232 ἐστερέωσε
917 5164 979 5216 τὺ
997 5162 1170 5234 ὄνομα
1219 5164 1386 5218 αὐτοῦ
1410 5180 1426 5197 ο
1463 5164 1561 5218 καὶ
1594 5165 1629 5236 ἡ
1661 5164 1841 5227 πίστις
1862 5165 1902 5235 ,ἡ

400 5336 448 5369 ²¹
473 5333 634 5392 Joan.
676 5354 752 5406 Ix,
780 5339 834 5394 'l.

1921 3226 1968 3290 C

1996 1974 2240 2036 tempore
2267 1975 2588 2025 curaverat:
2624 1968 2765 2022 mala
2796 1967 2944 2025 enim
2999 1982 3031 2022 a
3088 1968 3378 2024 nativitate
3431 1966 3574 2024 diffi-

1993 2056 2198 2113 cillima
2231 2066 2383 2114 sunt.
2410 2056 2583 2114 Valde
2626 2066 2809 2115 autem
2861 2054 3028 2114 notus
3074 2066 3195 2114 erat
3246 2059 3330 2114 vir
3378 2058 3471 2116 ille
3517 2066 3578 2116 et

1993 2163 2027 2204 a
2055 2149 2182 2207 loco
2210 2158 2267 2206 et
2302 2150 2372 2206 ab
2416 2150 2755 2208 infirmitate.
2802 2150 3008 2209 Deinde
3035 2167 3104 2209 ne
3127 2152 3408 2209 videretur
3466 2151 3576 2208 hoc

1994 2250 2188 2313 sponte
2221 2258 2323 2299 sua
2346 2242 2575 2311 factum,
2611 2258 2722 2300 non
2768 2245 2886 2301 solo
2920 2259 3177 2302 sermone
3221 2251 3417 2312 curat;
3473 2245 3573 2300 sed

2000 2353 2021 2388 ι
2049 2335 2405 2407 Apprehensa
2432 2353 2596 2393 manu
2624 2338 2747 2407 ejus
2769 2339 3017 2404 dextera,
3060 2339 3316 2395 allevavit
3358 2354 3510 2404 eum,
3547 2357 3569 2393 ι

1998 2428 2198 2500 inquit.
2238 2428 2317 2485 Ex
2354 2431 2459 2487 hoc
2489 2430 2839 2487 manifestam
2892 2429 3023 2488 fecit
3072 2432 3575 2501 resurrectionem;

1997 2531 2117 2576 erat
2171 2521 2378 2592 quippe
2439 2523 2869 2592 resurrectionis
2912 2523 3115 2595 imago.
3166 2523 3292 2580 Pari
3353 2525 3575 2580 ratione

1996 2613 2164 2668 etiam
2190 2613 2446 2670 Christus
2469 2629 2530 2670 se
2557 2615 2746 2684 gessit.
2786 2615 2943 2686 Saepe
2970 2615 3160 2679 verbo,
3217 2631 3363 2689 saepe
3405 2616 3575 2672 etiam

2000 2705 2146 2759 facto
2177 2706 2428 2770 curabat,
2480 2716 2645 2777 atque
2675 2704 3070 2763 infirmioribus
3118 2721 3341 2762 manum
3400 2708 3569 2763 etiam

2000 2796 2337 2870 porrigebat.
2369 2798 2545 2856 Porro
2579 2798 2812 2855 claudus
2839 2798 2931 2855 ille
2962 2807 3193 2855 sanatus
3249 2814 3359 2854 non
3393 2799 3573 2855 solum

1999 2889 2338 2959 ambulabat,
2381 2890 2480 2947 sed
2530 2891 2699 2948 etiam
2752 2892 3046 2950 exsiliebat
3097 2908 3210 2963 pra:
3241 2892 3466 2965 gaudio,
3509 2907 3581 2950 ac

2001 2979 2306 3037 exsiliendo
2352 2981 2620 3049 tentabat,
2681 2997 2816 3037 num
2862 2982 3089 3039 omnino
3121 2992 3349 3041 sanatus
3402 2994 3572 3041 esset.

2002 3071 2235 3140 Quidam
2310 3083 2494 3131 autem
2570 3076 2785 3143 dicunt,
2858 3093 2985 3134 eum
3054 3078 3310 3134 incedere
3390 3077 3575 3135 nesei-

2004 3178 2175 3222 νιεερ.

2530 3260 2696 3334 203
2742 3259 3042 3320 rsxrus.

2069 3367 2159 3436 Ill,
2197 3368 2252 3435 9,
2279 3368 2371 3427 10.
2393 3369 2462 3425 Ει
2490 3369 2630 3425 vidit
2661 3372 2843 3428 omnis
2867 3371 3104 3444 populus
3129 3387 3254 3429 eum
3288 3372 3582 3431 ambulan-

1999 3469 2107 3518 tem
2160 3470 2218 3519 et
2266 3463 2582 3521 laudantem
2642 3464 2835 3522 Deum.
2897 3466 3317 3538 Cognoscebant
3390 3478 3579 3527 autem

2000 3553 2175 3623 illum,
2200 3555 2349 3628 quod
2381 3557 2500 3628 ipse
2524 3564 2664 3623 erat,
2687 3558 2780 3629 qui
2809 3559 2876 3613 ad
2903 3558 3308 3631 eleemosynam
3354 3560 3584 3618 sedebat

2000 3647 2068 3702 ad
2109 3647 2427 3720 Speciosam
2463 3658 2678 3720 portam
2720 3650 2948 3721 templi:
2981 3658 3036 3707 et
3057 3651 3267 3721 impleti
3297 3663 3429 3709 sunt
3462 3661 3582 3710 stu-

1999 3754 2136 3812 pore
2192 3748 2248 3797 et
2287 3742 2518 3807 exstasi,
2546 3741 2602 3797 in
2633 3756 2700 3798 eo
2729 3743 2878 3812 quod
2916 3742 3227 3814 contigerat
3258 3744 3360 3799 illi.

2496 3848 3075 3909 COMMENTARIUS.

2072 3960 2241 4017 Recte
2283 3958 2483 4031 inquit,
2519 3959 2666 4031 quod
2702 3979 2722 4013 ι
2756 3959 3179 4032 Cognoscebant
3225 3964 3404 4029 illum,
3431 3965 3578 4038 quod

2002 4051 2122 4123 ipse
2158 4058 2303 4119 erat,
2325 4050 2422 4122 qui
2455 4051 2523 4107 ad
2554 4051 2958 4124 eleemosynam
3000 4054 3225 4111 sedebat
3259 4055 3327 4111 ad
3356 4056 3581 4129 Specio-

2005 4158 2123 4200 sam
2179 4150 2394 4214 portam
2469 4144 2691 4214 templi,
2742 4162 2763 4197 ι
2822 4145 2952 4215 quia
3013 4154 3203 4217 postea
3261 4160 3403 4217 pene
3467 4164 3580 4205 non

2007 4238 2243 4310 amplius
2263 4237 2731 4308 dignoscebatur:
2770 4238 2875 4293 hac
2935 4238 3083 4294 enim
3121 4254 3255 4294 voce
3276 4242 3486 4296 utimur
3512 4241 3584 4296 de

2005 4333 2074 4389 iis
2121 4333 2216 4404 qui
2276 4332 2367 4387 vix
2423 4340 2858 4403 cognoscuntur.
2926 4331 3223 4389 Sciendum
3296 4350 3428 4390 vero
3497 4346 3583 4392 est

2005 4422 2215 4481 idcirco
2248 4423 2488 4481 fortasse
2515 4440 2641 4481 eum
2659 4424 2873 4481 sedisse
2901 4424 2958 4479 in
2990 4427 3205 4495 porticu
3248 4424 3578 4491 Salomonis,

2008 4515 2156 4587 quod
2222 4521 2470 4585 speraret
2547 4518 2844 4572 sanitatem
2911 4530 2972 4571 se
3032 4506 3463 4572 consc'cuturum
3521 4519 3579 4573 in

2007 4609 2337 4676 natatoriis,
2389 4624 2486 4666 seu
2547 4608 2764 4680 piscina
2815 4606 2965 4662 S‘iloe
2990 4607 3061 4674 “,
3112 4609 3578 4679 quemadmodum

2005 4700 2340 4772 paralyticus
2367 4700 2459 4757 ille
2488 4702 2582 4772 qui
2650 4699 2884 4756 habebat
2928 4700 3152 4771 triginta
3175 4710 3229 4757 ct
3257 4711 3381 4756 octo
3400 4716 3579 4757 annos

2008 4792 2063 4846 in
2099 4791 2420 4848 inﬁmitate
2485 4807 2608 4858 sua,
2667 4806 2829 4862 quem
2862 4793 3077 4849 sanavit
3103 4793 3392 4849 Dominus.
3421 4793 3579 4849 Illum

2008 4876 2140 4956 ergo
2167 4898 2294 4940 cum
2337 4885 2604 4941 vidissent
2633 4883 2832 4941 Petrus
2858 4891 2914 4941 et
2942 4881 3211 4949 Joannes,
3240 4900 3584 4956 causamque

2007 4985 2345 5046 compertam
2390 4978 2679 5043 haberent,
2736 4975 2807 5030 ob
2871 4989 3036 5045 quam
3097 4976 3235 5031 inibi
3294 4979 3584 5042 assideret,

2006 5069 2219 5126 scilicet
2259 5080 2321 5125 ut
2350 5086 2458 5126 non
2518 5070 2697 5127 solum
2747 5071 2982 5141 petendo
3028 5070 3235 5125 victum
3283 5072 3385 5127 sibi
3426 5086 3584 5127 com-

2004 5171 2250 5237 pararet,
2314 5163 2408 5219 sed
2441 5165 2568 5235 quia
2632 5165 2700 5219 de
2747 5163 2987 5220 sanitate
3037 5146 3409 5234 recuperanda
3470 5180 3580 5219 non

1486 5475 1691 5541 Variae
1732 5477 2043 5540 lectiones
2089 5484 2152 5541 et
2193 5487 2387 5541 notae.

436 5568 484 5604 "
514 5571 739 5645 χωλείᾳ.
817 5573 863 5606 ¹⁹
898 5573 1086 5631 τόπου.

402 5728 555 5815 (ιθδ,
602 5730 680 5815 ita
740 5733 955 5806 corrigo
1019 5747 1086 5788 ex
1157 5731 1575 5805 Chrysostomo.
1637 5731 1711 5789 ln'
1772 5734 1893 5791 codi

2036 5743 2228 5791 nostro
2297 5735 2606 5794 habebatur
2658 5737 2879 5809 λέγεται
2936 5740 2995 5795 δέ
3066 5741 3317 5813 σημεῖον,
3383 5740 3479 5815 ἀφ’
3521 5740 3586 5801 οὖ

324 5800 510 5855 πάντα
539 5803 782 5874 ἐκίνησε.
