4114 6422
455 326 569 391 879

1387 312 1953 377 TllEOPH’lLACTl
1980 311 2392 373 BULGARl/E
2421 309 2772 371 ARCHIEP.

3610 300 3727 366 880

469 432 1162 506 deSperabat,sanitatem
1194 427 1271 482 illi
1332 426 1646 497 impertiere
1709 423 1764 477 in
1831 420 2084 486 nomine.

2188 418 2220 472 ι’
2250 418 2416 473 αὐτοῦ
2449 418 2647 472 ἔδωκεν
2678 415 2828 487 αὐτῷ
2859 415 2958 487 τὴν
2992 413 3315 486 ὁλοκληρίαν
3372 412 3575 486 ταύτην
3616 416 3729 470 ἀπ·-

474 527 686 599 Domini
718 525 847 581 Jesu
879 523 1108 581 Christi.
1148 539 1167 574 ί
1205 518 1364 576 Hunc
1402 520 1570 585 enim,
1601 518 1699 583 ait,
1745 528 1908 586 quem
1937 526 2034 567 vos

2188 527 2328 565 mu
2357 511 2579 565 πάντων
2604 510 2778 580 ὑμῶν.
2808 528 2826 562 ι

474 622 693 679 vidistis
713 627 768 675 et
800 619 1004 687 nostis,
1031 615 1381 695 confirmavit
1408 626 1606 668 nomen
1623 610 1778 680 ejus:
1806 613 1861 662 et
1876 604 2041 671 fides,
2076 616 2204 673 qua:
2237 618 2336 673 per
2362 618 2487 669 eum
2519 614 2625 671 est,
2667 600 2814 657 dedit
2883 600 3150 672 integram
3197 599 3493 657 sannarem
3567 599 3730 656 [sum

473 719 531 772 in
561 722 859 786 conspectu
901 714 1146 769 omnium
1178 721 1422 769 vestrum
1449 709 1519 763 ".
1561 726 1582 759 ι

787 807 1033 863 Sabbato
1059 802 1417 862 hebdomadas
1446 797 1755 858 Paschalis.

1130 891 1429 949 TEXTUS.

554 997 658 1063 lli,
696 992 885 1050 11-16.
918 989 1052 1046 Cum
1094 993 1304 1044 teneret
1333 993 1514 1041 autem
1540 983 1765 1039 Petrum
1794 989 1847 1037 et
1892 979 2061 1036 Joan-

480 1105 629 1153 nem,
663 1085 909 1142 cucurrit
948 1081 1130 1138 omnis
1177 1078 1411 1150 populus
1440 1077 1510 1132 ad
1535 1092 1633 1131 eos
1678 1075 1745 1129 ad
1783 1072 2056 1144 porticum

479 1197 605 1255 quae
644 1178 951 1251 appellatur
1001 1173 1315 1230 Salomonis
1336 1211 1351 1237 ,
1385 1179 1691 1241 stupentes.
1723 1166 1931 1224 Videns
1962 1180 2062 1218 au-

479 1288 591 1334 tem
640 1276 856 1339 Petrus,
892 1270 1178 1341 respondit
1209 1268 1280 1323 ad
1303 1266 1564 1337 populum
1590 1281 1606 1320 :
1638 1261 1756 1318 Viri
1777 1259 2059 1324 lsraelitae,

2440 787 2532 859 Τῷ
2573 785 2836 854 Σαϐϐάτῳ
2871 784 2970 855 τῆς
2999 783 3450 854 Διακαινησίμου.

2746 875 3140 931 ΚΕΙΜΕΝΟΝ.

2233 968 2585 1042 Κρατοῦντος
2614 967 2672 1020 δὲ
2694 965 2790 1020 τοῦ
2823 966 3065 1028 ἱαθέντος
3090 962 3264 1036 χωλοῦ
3298 962 3389 1017 τὸν
3418 963 3624 1033 Πέτρον
3641 962 3740 1016 καὶ

2172 1064 2450 1133 Ἰωάννην,
2481 1060 2786 1133 συνέδραμε
2816 1060 2923 1122 πᾶς
2952 1059 2980 1111 ὁ
3001 1058 3132 1120 λαὸς
3158 1056 3293 1128 πρὸς
3314 1057 3514 1121 αὐτοὺς
3542 1058 3637 1111 ἐπὶ
3669 1060 3738 1128 τῇ
3768 1049 3779 1059 ’

2164 1156 2297 1225 στοᾷ
2329 1158 2393 1225 τῇ
2422 1153 2734 1224 καλουμένῃ
2780 1150 3129 1222 Σολομῶντος
3165 1150 3456 1221 ἔκθαμϐοι.
3502 1151 3652 1204 Ἰδὼν
3684 1151 3740 1205 δὲ

2159 1248 2387 1315 Πέτρος,
2416 1244 2755 1316 ἀπεκρίνατο
2789 1245 2927 1315 πρὸς
2957 1245 3049 1297 τὸν
3083 1242 3233 1297 λαόν·
3277 1242 3741 1314 ἈνδρεςἾσραη-

487 1369 618 1442 quid
641 1366 916 1424 miramini
949 1365 1006 1418 in
1032 1363 1160 1428 hoc,
1186 1367 1282 1417 aut
1303 1374 1405 1415 nos
1424 1357 1553 1429 quid
1573 1350 1886 1417 intuemini,
1904 1349 2063 1421 quasi

2188 1343 2326 1403 ηἰται,
2357 1339 2410 1392 τί
2442 1338 2761 1408 θαυμάζετε
2816 1336 2907 1389 ἐπὶ
2963 1335 3158 1404 τούτῳ,
3207 1334 3240 1407 ἢ
3302 1337 3435 1406 ἡμῖν
3462 1334 3514 1387 τί
3557 1335 3740 1388 ἀτενί-

487 1436 676 1517 nostra
711 1458 911 1511 virtute
940 1460 1036 1507 aut
1068 1454 1336 1521 potestate
1366 1445 1656 1503 fecerimus
1682 1442 1830 1496 hunc
1861 1436 2059 1491 ambu-

489 1550 635 1607 lare?
673 1549 815 1605 Deus
838 1546 1135 1608 Abraham,
1169 1550 1222 1598 et
1242 1542 1386 1596 Deus
1415 1539 1656 1602 lsaac,et
1692 1534 1834 1588 Deus
1868 1527 2056 1589 Jacob.

490 1638 634 1695 Deus
655 1648 867 1708 patrum
891 1641 1204 1689 nostrorum
1233 1629 1503 1702 gloriﬁcat
1522 1638 1748 1697 puerum
1769 1618 1881 1690 (Η)
1899 1631 2060 1673 suum

2162 1431 2306 1498 ζετε,
2334 1431 2410 1496 ὡς
2442 1432 2549 1502 ἰδίᾳ
2613 1428 2868 1500 δυνάμει,
2901 1431 2935 1504 ἢ
2967 1428 3220 1498 εὐσεὸεία
3263 1426 3594 1499 πεποιηκόσι
3650 1427 3741 1480 τοῦ

2171 1524 2503 1595 περιπατεῖν
2564 1523 2766 1590 αὐτόν;
2809 1523 2868 1575 Ὀ
2923 1520 3055 1584 Θεὸς
3110 1518 3384 1591 Ἀϐραὰμ,
3440 1520 3583 1573 καὶὸ
3612 1519 3745 1584 Θεὸς

2181 1617 2389 1682 Ἰσαὰκ,
2413 1615 2508 1671 καὶ
2532 1616 2560 1670 ὁ
2582 1615 2714 1678 Θεὸς
2728 1613 2944 1681 Ἰακὼϐ,
2971 1614 3000 1667 ό
3019 1612 3150 1676 Θεὸς
3175 1612 3285 1665 τῶν
3317 1609 3570 1683 πατέρων
3585 1611 3746 1683 ἡμῶν

487 1702 702 1790 Jesum.
735 1744 897 1799 quem
946 1742 1046 1783 vos
1079 1723 1301 1795 quidem
1368 1716 1674 1774 tradidistis
1722 1722 1778 1769 et
1822 1709 2064 1782 negastis

2188 1710 2391 1775 ιδόξασε
2457 1708 2548 1763 τὸν
2602 1709 2780 1763 Παῖδα
2837 1705 3004 1760 αὐτοῦ
3044 1702 3277 1776 Ἰησοῦν,
3314 1702 3375 1757 ὃν
3419 1704 3577 1774 ὑμεῖς
3647 1703 3749 1774 μὲν

494 1832 621 1878 ante
669 1821 863 1876 faciem
927 1817 1111 1885 Pilati,
1160 1815 1448 1886 judicante
1492 1810 1588 1864 illo
1652 1803 1892 1861 dimitti.
1956 1799 2068 1856 Vos

2171 1801 2550 1874 παρεδώκατε,
2583 1800 2681 1853 καὶ⁸
2736 1797 3054 1870 ἠρνήσασθε
3085 1796 3249 1851 αὐτὸν
3278 1795 3423 1850 κατὰ
3454 1796 3752 1865 πρόσωπον

492 1923 679 1969 autem
710 1919 961 1968 sanctum
1035 1920 1090 1964 et
1137 1885 1375 1977 justum'
1408 1899 1675 1972 negastis,
1749 1904 1804 1951 et
1850 1890 2069 1964 petistis

2188 1893 2407 1947 Πιλάτου
2448 1891 2736 1961 κρίναντος
2781 1889 2993 1943 ἐκείνου
3024 1887 3308 1944 ἀπολύειν.
3345 1885 3537 1957 Ὑμεῖς
3563 1886 3619 1941 δὲ
3658 1887 3752 1940 τὸν

493 2008 674 2061 virum
713 2003 1044 2059 homicidam
1098 1998 1294 2055 donari
1336 1994 1530 2051 vobis:
1579 1992 1878 2046 Auctorem
1939 1996 2071 2039 vero

501 2096 1028 2158 vitaaintcrfecistis,
1073 2108 1233 2164 quem
1267 2092 1409 2146 Deus
1433 2083 1771 2143 suscitavita
1817 2078 2071 2141 mortuis,

494 2196 655 2264 cujus
691 2209 796 2248 nos
823 2200 992 2248 testes
1036 2202 1254 2245 sumus.
1286 2185 1356 2240 Et
1386 2184 1441 2238 in
1478 2180 1585 2236 tide
1635 2174 1877 2233 nominis
1926 2172 2070 2242 ejus,

502 2292 670 2354 hunc,
732 2300 895 2356 quem
963 2297 1063 2337 vos
1098 2278 1315 2334 vidistis
1367 2283 1424 2331 et
1473 2273 1674 2337 nostis,
1728 2263 2077 2324 continuavit

496 2381 698 2437 nomen
750 2354 909 2448 eius;
968 2383 1022 2431 et
1072 2372 1230 2437 fides,
1287 2382 1411 2440 quas
1458 2380 1557 2436 per
1602 2376 1727 2419 cum
1771 2368 1876 2425 est,
1929 2354 2080 2410 dedit

499 2477 772 2543 integram
829 2468 990 2539 207
1048 2464 1343 2522 sanitatem
1408 2459 1577 2515 istam
1648 2456 1703 2510 in
1781 2454 2079 2519 conspectu

501 2563 749 2618 omnium
777 2568 1044 2617 vestrum.

997 2732 1572 2797 COMMENTARIUS.

575 2857 598 2893 ι
639 2836 901 2900 Puerum,
941 2853 960 2887 ι
999 2848 1096 2888 seu
1138 2842 1359 2886 servum
1396 2825 1492 2881 Dei
1549 2822 1736 2879 Jcsum
1802 2818 2084 2875 Christum

505 2929 746 3004 (tametsi
781 2927 951 2983 Deum
984 2933 1039 2980 et
1097 2922 1191 2977 Dei
1228 2917 1451 2990 Filium)
1477 2917 1673 2971 Petrus
1705 2911 1967 2984 appellat,
1989 2923 2082 2963 ra-

396 3070 401 3075 .
509 3026 657 3080 tione
683 3018 1080 3084 humanitatis;
1108 3015 1339 3070 formam
1372 3014 1517 3068 enim
1543 3008 1689 3066 servi
1717 3022 1840 3062 cum
1874 3006 1966 3060 ille
1996 3016 2091 3057 ac-

2173 1985 2329 2054 ἆγιον
2361 1983 2455 2037 καὶ
2511 1982 2720 2036 δίκαιον
2773 1979 3112 2052 ἠρνήσασθε,
3156 1979 3252 2033 καὶ
3278 1976 3555 2052 ᾐτήσασθε
3584 1976 3751 2049 ἄνδρα

2174 2078 2345 2149 φονέα
2401 2074 2734 2148 χαρισθῆναι
2764 2076 2921 2145 ἡμῖν.
2963 2073 3069 2127 Τὸν
3099 2072 3157 2125 δὲ
3193 2071 3442 2144 ἀρχηγὸν
3474 2071 3576 2140 τῆς
3607 2069 3755 2141 ζωῆς

2175 2169 2556 2234 ἀπεκτείνατε,
2590 2167 2648 2222 ὃν
2670 2169 2698 2221 ό
2724 2167 2859 2230 Θεὸς
2892 2166 3116 2238 ἤγειρεν
3143 2167 3209 2221 ἐκ
3230 2165 3462 2237 νεκρῶν,
3492 2158 3553 2218 οὗ
3594 2165 3756 2235 ἡμεῖς

2177 2260 2346 2332 ἐσμὲν
2402 2259 2704 2332 μάρτυρες.
2764 2258 2877 2312 Καλ⁵
2915 2257 3007 2311 ἐπὶ
3029 2258 3097 2328 τῇ
3124 2257 3308 2310 πίστει
3349 2255 3445 2309 τοῦ
3492 2255 3758 2325 ὀνόματος

2179 2353 2370 2421 αὐτοῦ,
2424 2353 2616 2406 τοῦτον
2661 2351 2721 2407 δν
2753 2351 3009 2424 θεωρεῖτε
3064 2349 3163 2404 καὶ
3211 2349 3414 2415 οἴδατε,
3461 2347 3761 2419 ἐστερέωσε

2165 2446 2241 2533 *τὸ
2270 2445 2443 2516 ὄνομα
2491 2443 2692 2499 αὐτοῦ’
2751 2443 2849 2499 καὶ
2878 2444 2913 2514 ἡ
2943 2442 3130 2506 πίστις
3164 2444 3198 2514 ἡ
3224 2442 3291 2495 δι’
3339 2440 3508 2497 αὐτοῦ
3558 2439 3761 2493 ἔδωκεν

2181 2538 2329 2610 αὐτῷ
2383 2535 2483 2610 τὴν
2546 2536 2874 2607 ὁλοκληρίαν
2927 2535 3133 2605 ταύτην
3197 2532 3465 2589 ἀπέναντι
3532 2534 3753 2589 πάντων

2185 2633 2362 2704 ὑμῶν.

2767 2719 3152 2779 ΕΡΜΗΝΕεῐΑῖ

2263 2840 2282 2874 ι
2307 2821 2481 2874 Παῖδα
2508 2838 2525 2871 ι
2551 2818 2712 2885 Θεοῦ,
2736 2819 2857 2889 ἦτοι
2888 2815 3093 2882 δοῦλον,
3129 2815 3219 2869 τὸν
3263 2810 3474 2886 Ἰησοῦν
3503 2811 3660 2868 καλεῖ
3681 2813 3769 2869 διὰ

2189 2914 2249 2967 τὸ
2292 2910 2653 2984 ἀνθρώπινον,
2701 2908 2834 2962 Θεὸν
2873 2906 3006 2962 ὄντα
3045 2906 3141 2960 καὶ
3173 2906 3310 2959 Θεοῦ
3346 2904 3474 2959 Υίόν
3503 2921 3518 2936 ο
3570 2904 3764 2975 ἐπειδὴ

2190 3007 2378 3061 δούλου
2411 3005 2626 3078 μορφὴν
2651 3001 2960 3068 ἀναλαϐὼν,
3000 3001 3095 3056 καὶ
3130 3000 3423 3071 γενόμενος
3454 2999 3765 3068 ἅνθρωπος.

504 3117 769 3186 cepisset,
820 3111 1001 3167 factus
1034 3110 1219 3171 homo,
1251 3106 1437 3160 omnia
1482 3103 1723 3157 humana
1760 3096 1949 3155 subiit.
1992 3097 2084 3151 Sic

2192 3101 2371 3154 πάντα
2393 3099 2605 3169 ὑπέστη
2628 3097 2698 3152 τὰ
2719 3096 3057 3164 ἀνθρώπινα.
3094 3089 3255 3146 Οὖτω
3286 3092 3394 3161 γὰρ
3434 3090 3527 3145 καὶ
3551 3092 3599 3143 οἱ
3629 3105 3765 3159 προ-

503 3224 632 3264 eum
671 3207 837 3262 etiam
888 3201 1165 3273 prophetae
1189 3214 1332 3268 szepe
1363 3203 1582 3253 vocant.
1623 3194 1719 3247 Vel
1749 3191 1823 3246 ita
1865 3191 2081 3246 locutus

506 3307 591 3356 est
616 3299 834 3361 Petrus,
864 3304 926 3350 ut
958 3309 1084 3350 sese
1117 3292 1434 3347 auditorum
1468 3284 1836 3343 imbecillitati
1889 3290 2086 3339 attem-

505 3398 747 3464 peraret,
773 3398 827 3445 et
848 3401 1156 3445 sermonem
1189 3398 1348 3440 suum
1388 3381 1605 3437 facilem
1668 3377 1949 3444 redderet,
1989 3372 2083 3445 qui

506 3486 580 3540 ab
605 3483 742 3554 ipsis
774 3480 1133 3551 reciperetur.

1148 3562 1450 3621 TEXTUS.

552 3663 670 3727 -l!l,
704 3662 897 3729 17,18.
941 3659 1007 3714 Et
1040 3674 1206 3721 nunc,
1259 3656 1478 3723 fratres,
1511 3655 1625 3711 scio
1651 3654 1778 3724 quia
1810 3666 1906 3724 per
1938 3655 2090 3722 igno-

514 3757 752 3815 rantiam
809 3751 1019 3810 fecistis
1070 3752 1213 3806 sicut
1258 3755 1315 3804 et
1365 3746 1644 3818 principes
1688 3744 1881 3799 vestri.
1942 3743 2089 3797 Deus

512 3862 721 3917 autem,
762 3864 883 3920 quae
910 3845 1295 3919 pmnuntiavit
1321 3858 1418 3915 per
1459 3857 1522 3897 os
1546 3840 1789 3899 omnium
1848 3836 2090 3910 prophe-

511 3957 693 4000 tarum
722 3941 834 4013 pati
857 3939 1139 3997 Christum
1171 3950 1359 4002 suum,
1385 3934 1471 3991 sic
1501 3931 1770 4004 implevit.

1011 4026 1591 4088 COEHIENTARIUS.

582 4127 860 4196 Quoniam
891 4123 1056 4180 valde
1091 4137 1187 4178 eos
1231 4120 1630 4191 perstrinxerat
1662 4125 1719 4172 et
1770 4114 2093 4172 ostenderat

511 4240 666 4286 cum,
691 4235 854 4291 quem
884 4218 987 4289 ipsi
1023 4215 1431 4279 cruciﬁxeraut,
1497 4208 1910 4275 resurrexisse;
1950 4206 2094 4262 facta

521 4316 633 4371 illis
664 4319 934 4384 potestate
982 4306 1309 4381 paenitendi,
1343 4305 1540 4359 iterum
1582 4316 1894 4357 sermonem
1946 4297 2095 4353 miti-

521 4416 614 4478 gat
649 4416 701 4461 et
724 4404 803 4460 ait
834 4419 849 4455 :
902 4421 920 4453 ι
950 4401 1017 4457 ΕΙ.
1047 4414 1194 4455 nunc
1222 4397 1358 4462 scio,
1394 4395 1618 4461 fratres,
1650 4394 1775 4465 quia
1809 4408 1906 4464 per
1940 4393 2094 4461 igno-

525 4499 759 4554 rantiam
802 4494 1032 4559 fecistis,
1059 4494 1202 4550 sicut
1237 4499 1292 4545 et
1318 4488 1598 4561 principes
1620 4488 1809 4543 vestri.
1840 4505 1860 4536 ›
1896 4482 2099 4539 Deinde

518 4605 595 4643 ne
627 4587 873 4643 dicerent
927 4580 1262 4649 :Quomodo
1324 4579 1469 4634 Deus
1528 4590 1676 4631 nunc
1712 4575 1865 4629 illum
1920 4570 2102 4628 susci-

524 4689 648 4734 tans
692 4694 721 4731 ιι
785 4674 1040 4735 mortuis,
1083 4670 1351 4745 gloritieat
1382 4669 1474 4740 qui
1517 4678 1649 4722 tunc
1701 4681 1811 4720 non
1844 4661 2103 4733 adjuvit?

525 4770 825 4842 Pr0phetas
854 4767 1076 4821 adducit
1102 4763 1480 4825 testificantes.
1521 4761 1595 4815 ita
1621 4759 1739 4815 fieri
1765 4756 2099 4829 oportuisse.

525 4864 724 4919 Postea
763 4862 1025 4924 ostendit,
1081 4857 1225 4928 quod
1256 4872 1368 4911 non
1401 4853 1790 4925 prophetarum
1822 4849 2105 4921 praedictio

529 4957 584 5009 in
609 4967 776 5008 causa
804 4951 993 5015 fuerit,
1025 4963 1125 5004 cur
1157 4948 1273 5001 hac
1310 4945 1382 4998 ita
1412 4943 1639 5010 fierent;
1672 4941 1768 4997 sed
1808 4939 1957 5011 quod
1980 4939 2135 4994 illo-.

529 5061 649 5100 rum
684 5042 926 5114 nequitia
953 5039 1253 5112 prophetas
1280 5037 1431 5106 ipsos
1478 5033 1744 5104 megerit,
1786 5040 1846 5087 ut
1884 5045 1947 5085 ea
1985 5045 2107 5101 qua:

522 5156 622 5213 per
642 5140 862 5194 illorum
888 5138 1227 5204 impietatem
1258 5131 1313 5184 iu
1339 5128 1619 5185 Christum
1652 5125 1901 5181 facienda
1924 5135 2103 5189 erant,

524 5230 983 5299 pt'eettuntiarcnt,
1016 5223 1204 5279 subdit
1242 5243 1254 5276 :

600 5343 643 5373 “
668 5341 789 5393 Act.
833 5354 912 5393 Ill.
933 5334 987 5389 6.

2186 3194 2360 3264 φῆται
2384 3190 2656 3262 πολλαχοῦ
2700 3188 2959 3243 καλοῦσιν
2988 3186 3173 3240 αὐτόν.
3208 3186 3279 3238 Ἣ
3315 3183 3768 3251 συγκαταϐαίνων

2190 3288 2258 3356 τῇ
2302 3285 2411 3337 τῶν
2456 3283 2766 3337 ἀκουόντων
2817 3278 3093 3350 ἀσθενείᾳ,
3153 3275 3304 3341 ὅπως
3362 3274 3770 3346 εὐπαράδεκτον

2193 3379 2396 3451 ποιήσῃ
2424 3378 2515 3432 τὸν
2537 3376 2717 3446 λόγον.

2788 3560 2964 3617 KEIM
2971 3559 3178 3616 ENON.

2264 3659 2379 3717 Καὶ
2397 3658 2493 3713 νῦν
2523 3652 2661 3721 οἶδα,
2692 3655 2932 3725 ἀδελφοὶ,
2953 3656 3036 3708 ὅτι
3063 3654 3206 3707 κατά
3227 3652 3450 3722 ἄγνοιαν
3476 3648 3774 3722 ἐπράξατε,

2194 3751 2386 3824 ὥσπερ
2420 3751 2514 3806 καὶ
2541 3751 2590 3804 ot
2630 3749 2924 3821 ἄρχονττες
2966 3745 3142 3817 ὑμῶν.
3183 3745 3246 3800 '0
3285 3745 3341 3798 δὲ
3376 3744 3528 3809 Θεὸς,
3572 3742 3608 3797 ὃ.
3640 3758 3774 3810 προ-

2197 3844 2530 3913 κατήγγειλε
2551 3843 2639 3897 διὰ
2663 3842 2933 3913 στόματος
2964 3841 3183 3895 πάντων
3211 3839 3321 3893 τῶν
3349 3836 3644 3909 προφητῶν
3675 3834 3770 3888 αὖ·

2197 3932 2292 3987 τοῦ
2317 3931 2511 3987 παθεῖν
2538 3929 2633 3985 τὸν
2662 3929 2919 4001 Χριστὸν,
2954 3929 3275 3999 ἐπλήρωσεν
3306 3927 3470 3981 οὓτω.

2783 4020 3166 4078 ΕΡΜΗΝΕΙΑ.
3326 4046 3330 4051 ι

2289 4115 2508 4188 Ἐπειδὴ
2579 4115 2785 4186 σφόδρα
2837 4113 3015 4168 αὐτῶν
3066 4112 3391 4184 καθήψατο,
3436 4112 3531 4168 καὶ
3583 4109 3784 4177 ἔδειξεν

2200 4208 2512 4264 ἀναστάντα
2548 4207 2643 4260 τὸν
2666 4207 3074 4277 σταυρωθέντα,
3108 4205 3285 4271 διδοὺς
3310 4206 3500 4268 αὐτοῖς
3532 4201 3785 4269 ἐξουσίαν

2207 4299 2522 4370 μετανοίας,
2560 4298 2722 4351 πάλιν
2756 4297 2961 4364 ἀνίησι,
2994 4297 3088 4350 καί
3123 4311 3286 4366 φησι⁹
3329 4313 3348 4348 ι
3382 4295 3491 4348 Καὶ
3519 4293 3612 4347 νῦν
3642 4288 3782 4356 οἶδα,

2205 4390 2445 4457 ἀδελφοὶ,
2476 4390 2560 4443 ὅτι
2608 4389 2747 4442 κατὰ
2772 4386 3002 4454 ἄγνοιαν
3042 4384 3340 4455 ἐπράξατε,
3371 4384 3561 4454 ὥσπερ
3611 4382 3706 4437 καὶ
3733 4383 3784 4435 οί

2204 4481 2461 4553 ἄρχοντες
2487 4481 2663 4551 ὑμῶν.
2701 4498 2720 4530 ›
2745 4474 2900 4544 Εἶτα,
2927 4478 3104 4549 ἵναμὴ
3123 4477 3467 4544 είπωσιν,ὄτι
3492 4475 3612 4538 [Ιῶς
3642 4472 3787 4547 [νῦν]

2202 4577 2230 4628 ὁ
2264 4573 2398 4638 Θεὸς
2427 4573 2592 4628 αὑτὸν
2620 4570 2833 4636 δοξάζει
2863 4571 3176 4642 ἀναστήσας
3215 4571 3282 4624 ὲκ
3317 4568 3548 4639 νεκρῶν,
3589 4572 3617 4622 ὁ
3658 4567 3789 4622 τότε

2208 4667 2283 4738 μὴ
2317 4665 2635 4737 βοηθήσας;
2676 4665 2915 4735 παράγει
2953 4663 3079 4727 τοὺς
3119 4662 3406 4734 προφήτας
3447 4657 3791 4732 μαρτυροῦν-

2204 4774 2344 4822 τας,
2385 4760 2468 4811 ὁτι
2515 4756 2689 4818 οὓτως
2733 4756 2841 4809 ἔδει
2891 4754 3168 4824 γενέσθαι.
3222 4749 3354 4808 Εἶτα
3404 4752 3657 4814 δεικνὺς,
3702 4751 3793 4804 ὅτι

2205 4852 2304 4922 οὐχ
2342 4851 2376 4921 ἡ
2425 4847 2536 4903 τῶν
2587 4846 2884 4919 προφητῶν
2942 4845 3374 4916 προσαγόρευσις
3398 4844 3444 4876 ³ο
3491 4841 3643 4896 αίτία
3690 4841 3795 4896 τοῦ

2207 4944 2377 4996 ταῦτα
2399 4938 2676 5011 γενέσθαι,
2697 4939 2857 5010 mw;
2878 4938 3059 4994 αὐτῶν
3076 4936 3243 4991 κακία
3257 4937 3570 5007 ἠνάγκασεν
3590 4932 3793 4996 αὐτοὺς

2205 5034 2314 5088 τῶν
2347 5033 2650 5104 μελλόντων
2681 5030 2927 5100 γίνεσθαι
2960 5029 3029 5082 δι’
3059 5028 3242 5083 αὐτῶν
3284 5030 3367 5092 είς
3396 5025 3631 5096 Χριστὸν
3653 5027 3791 5078 ἀσεο

2204 5124 2368 5178 ϐειῶν
2410 5123 2695 5193 προφήτας
2726 5119 3003 5189 γενέσθαι,
3039 5118 3268 5186 ἐπάγειο

1688 5422 1886 5482 Varize
1923 5422 2227 5486 lectiones
2264 5430 2325 5484 et
2369 5427 2559 5482 notae.

601 5514 650 5544 ⁸⁹
687 5514 772 5565 ῖσ.
805 5510 1229 5582 προαγόρευσις.

607 5639 717 5710 (ιι)
753 5636 869 5690 Vox
913 5637 1211 5710 nai;,_qua
1260 5629 1346 5683 hic
1399 5626 1574 5679 utitur
1629 5637 1785 5704 sacer
1836 5622 2097 5710 scriptor,

537 5693 752 5781 pt'upric
782 5722 1001 5781 puerum
1021 5693 1346 5781 significat;
1379 5712 1487 5765 quo
1513 5695 1733 5750 nomine
1768 5693 2097 5781 intelligitur

535 5761 862 5851 quandoque
918 5761 1115 5844 ﬁlius
1158 5761 1487 5842 quandoque
1565 5780 1764 5819 servus.
1833 5761 2098 5832 Vulgutus

2211 5624 2487 5692 interpres
2520 5619 2703 5689 priore
2726 5630 2891 5692 sensu
2924 5613 3418 5692 rcdttidit_Fil_i_um.
3457 5612 3564 5667 Sed
3599 5620 3793 5692 noster

2210 5681 2615 5746 comriwnta'tor
2638 5686 2948 5757 posteriore
2980 5698 3148 5741 sensu
3170 5685 3459 5749 intellexit,
3488 5695 3546 5738 ut
3566 5697 3631 5737 ex
3661 5681 3788 5751 ejus

2209 5762 2571 5831 explicatione
2605 5758 2795 5827 liquet.
3306 5758 3331 5761 _
