4114 6432
734 588 813 659 Τῇ
838 589 884 658 β’
923 589 1023 659 τῆς
1056 589 1101 658 β’
1127 589 1446 658 ἐϐδόμαδος.

888 678 1284 737 KEIMENON.
1734 736 1745 747 ,

360 772 751 845 Μετανοήσατε
793 767 889 827 οὗν
925 773 1020 827 καὶ
1052 773 1444 845 ἐπιστρέψατε,
1470 774 1550 837 εὶς
1578 775 1638 828 τὸ
1670 773 1874 841 ἐξαλει-

288 864 491 937 φθῆναι
528 865 686 936 ὑμῶν
710 867 808 929 τᾶς
842 866 1143 937 ἁμαρτίας,
1168 868 1318 931 ὅπως
1355 867 1420 921 ἂν
1455 867 1651 921 ἔλθωσι
1692 869 1877 939 καιροὶ

284 957 606 1031 ἀναψύξεως
644 959 753 1013 ἀπὸ
796 959 1092 1030 προσώπου
1154 960 1250 1014 τοῦ
1304 963 1533 1030 Κυρίου,
1593 963 1689 1015 καὶ
1735 963 1877 1016 ἁπο-

287 1050 476 1123 στείλη
502 1051 595 1105 τὸν
626 1051 1160 1123 προκεχειρισμένον
1188 1054 1323 1124 ἡμῖν
1356 1054 1592 1122 Χριστὸν
1643 1055 1875 1126 Ἰησοῦν,

282 1142 342 1195 ὃν
380 1143 462 1195 δεῖ
503 1144 734 1212 οὐρανὸν
784 1143 885 1215 μὲν
914 1144 1170 1210 δέξασθαι
1199 1146 1329 1219 ἄχρι
1353 1148 1560 1218 χρόνων
1590 1150 1876 1203 ἀποκατα-

287 1236 529 1300 στάσεως
562 1238 806 1301 πάντων,
837 1232 913 1295 ὧν
952 1239 1214 1313 ἐλάλησεν
1245 1243 1273 1295 6
1309 1241 1443 1305 Θεὸς
1482 1242 1572 1297 διὰ
1607 1243 1877 1314 πόματος

287 1329 511 1383 πάντων
555 1329 663 1383 τῶν
714 1330 889 1398 ἁγίων
941 1331 1108 1387 αὐτοῦ
1163 1334 1459 1404 προφητῶν
1502 1334 1598 1389 ἀπ’
1642 1336 1870 1401 αἰῶνος.

285 1417 494 1488 Μωσῆς
525 1418 626 1489 μὲν
651 1420 761 1492 γάρ
795 1421 930 1492 πρὸς
972 1421 1099 1486 τοὺς
1133 1425 1386 1493 πατέρας
1417 1421 1593 1492 εἶπεν,
1622 1427 1703 1480 ὅτι
1739 1427 1876 1498 Προ-

285 1505 467 1581 φήτην
499 1511 632 1582 ὑμῖν
660 1514 960 1584 ἀναστήσει
990 1514 1199 1588 Κύριος
1239 1518 1267 1570 6
1300 1516 1433 1580 Θεὸς
1479 1520 1638 1589 ήμῶν
1670 1522 1734 1574 ὲκ
1763 1522 1874 1581 τῶν

284 1601 536 1670 ἀδελφῶν
592 1602 747 1674 ὑμῶν
806 1604 883 1668 ὡς
932 1606 1056 1676 ἐμέ.
1127 1607 1303 1661 Αὐτοῦ
1366 1609 1665 1664 ἀκούσεσθε
1733 1612 1875 1667 κατά

286 1695 489 1759 πάντα,
519 1697 623 1751 ὅσα
652 1696 719 1750 ἂν
744 1697 955 1770 λαλήσῃ
999 1699 1135 1768 πρὸς
1162 1701 1330 1772 ὑμᾶς.
1363 1702 1561 1756 Ἔσται
1604 1702 1682 1771 δὲ,
1721 1707 1871 1758 πᾶσα

281 1785 455 1858 ψυχή,
511 1789 630 1859 ἥτις
681 1789 777 1845 ἐὰν
813 1791 888 1861 μὴ
930 1792 1141 1865 ἀκούσῃ
1178 1793 1275 1847 τοῦ
1319 1797 1603 1867 προφήτου
1637 1799 1871 1867 ἐκείνου,

284 1878 807 1951 ἐξολοθρευθήσεται
832 1883 903 1937 ὲκ
921 1882 1016 1937 τοῦ
1051 1884 1205 1948 λαοῦ,
1239 1888 1333 1940 καὶ
1361 1891 1559 1952 πάντες
1580 1890 1636 1944 δὲ
1662 1892 1711 1944 oi
1739 1909 1874 1962 προ-

292 1972 471 2042 φῆται
499 1973 607 2028 ἀπὸ
637 1975 894 2048 Σαμουὴλ
916 1977 1136 2033 καὶτῶν
1167 1981 1401 2050 καθεξῆς
1432 1982 1547 2035 ὅσοι
1579 1983 1869 2053 ἐλάλησαν,

286 2066 384 2118 καὶ
408 2068 891 2138 προκατήγγειλαν
917 2060 1025 2134 τὰς
1042 2073 1259 2144 ἡμέρας
1278 2073 1503 2137 ταύτας.
1541 2076 1728 2147 Ὑμεῖς
1750 2080 1873 2131 ἐστε

289 2157 402 2210 uiui.
436 2158 547 2211 τῶν
575 2160 896 2231 προφητῶν,
929 2160 1026 2215 καὶ
1054 2163 1150 2232 τῆς
1178 2164 1471 2236 διαθήκης,
1500 2161 1567 2238 ἦς
1600 2167 1808 2221 διέθετο
1845 2169 1873 2221 6

285 2249 419 2311 Θεὸς
442 2250 579 2320 πρὸς
603 2253 729 2316 τοὺς
759 2255 1004 2324 πατέρας
1029 2256 1057 2308 ὑ
1066 2255 1204 2326 μῶν,
1225 2257 1411 2323 λέγων·
1429 2259 1566 2329 πρὸς
1595 2258 1869 2330 Ἀϐραάμ·

288 2341 402 2395 Καὶ
437 2342 497 2394 ἐν
540 2343 619 2411 τῷ
664 2346 943 2417 σπέρματί
979 2364 1074 2400 σου
1107 2348 1567 2421 εὐλογηθήσονται
1602 2354 1774 2407 πᾶσαι
1814 2357 1870 2409 αἱ

285 2434 520 2504 πατριαὶ
550 2434 652 2500 τῆς
684 2436 809 2506 γῆς.
855 2437 1017 2507 Ὑμῖν
1055 2439 1271 2511 πρῶτον
1313 2442 1342 2495 6
1385 2442 1518 2507 Θεὸς
1560 2444 1873 2516 ἀναστήσας

285 2526 383 2579 τὸν
415 2526 588 2580 Παῖδα
639 2527 808 2582 αὐτοῦ
849 2530 1085 2600 Ἰησοῦν,
1143 2532 1463 2586 ἀπέστειλεν
1506 2535 1669 2587 αὑτὸν
1716 2536 1871 2590 εὐλο-

285 2616 491 2686 γοῦντα
538 2619 684 2691 ὑμᾶς
722 2622 783 2673 ὲν
827 2622 906 2693 τῷ
940 2623 1312 2695 ἀποστρέφειν
1359 2626 1593 2685 ἕκαστον
1624 2629 1731 2682 ἀπὸ
1764 2630 1872 2683 τῶν
1939 2633 1943 2637 ”

287 2711 568 2783 πονηριῶν
594 2713 771 2783 ὑμῶν.

888 2808 1270 2863 ΕΡΜΗΝΕΙΔ.

361 2899 531 2958 Ὅταν
559 2896 654 2957 οὖν
687 2901 857 2973 λέγει,
899 2902 1118 2959 πάντων
1170 2903 1281 2958 τῶν
1329 2906 1629 2977 προφητῶν
1662 2907 1871 2977 πεπλη-

288 2997 500 3066 ρῶσθαι
526 2999 655 3064 τοὺς
687 2999 879 3067 λόγους
917 3000 1011 3054 τοῦ
1044 3002 1300 3072 Σωτῆρος
1327 3003 1612 3067 παθόντος,
1637 3004 1696 3058 οὐ
1734 3004 1868 3058 καθ-

284 3090 439 3155 άπαξ
490 3091 699 3157 πάντας
729 3092 856 3156 τοὺς
884 3094 1172 3163 προφήτας
1205 3093 1355 3161 λέγει
1401 3096 1482 3164 (οὐ
1516 3096 1625 3166 γὰρ
1668 3098 1869 3162 πάντες

287 3182 678 3254 προεκήρυξαν
713 3184 814 3255 τήν
862 3184 1157 3254 ἐπιδημίαν
1196 3187 1290 3239 καὶ
1332 3186 1401 3240 τὰ
1454 3188 1627 3257 πάθη,
1655 3187 1696 3242 ἃ.
1727 3189 1867 3260 ὑπὲρ

936 465 1472 536 EXPOSITIONIS
1510 475 1591 535 IN
1622 475 1810 534 ACTA
1834 475 2133 536 TEXTUS
2174 478 2445 541 ALTER.
2474 507 2539 518 —
2574 483 2733 544 CAP.
2776 484 2889 544 III.

2302 587 2458 645 Feria
2491 591 2526 645 ‘2
2564 592 2919 648 hebdomadas
2950 594 3224 649 secundae.

2614 682 2919 739 TEXTUS.

2050 774 2137 841 Ill,
2176 776 2242 830 i9
2272 775 2362 830 96.
2403 774 2751 832 Pmuitemini
2819 778 2989 849 igitur
3045 787 3099 835 et
3151 780 3556 849 convertimini,

1978 879 2039 923 ut
2071 869 2361 925 deleantur
2402 879 2621 940 peccata
2654 879 2856 928 vestra.
2891 870 2962 927 Ut
2988 886 3115 926 cum
3149 874 3401 927 venerint
3425 881 3561 929 lem-

1978 976 2113 1032 pora
2146 962 2417 1033 refrigerii
2449 978 2479 1017 a
2513 977 2813 1036 conspectu
2851 965 3091 1029 Domini,
3123 974 3178 1020 et
3205 964 3418 1019 miserit
3438 981 3564 1020 eum

1977 1053 2071 1125 qui
2120 1055 2448 1125 praedicatus
2508 1065 2594 1111 est
2628 1057 2804 1123 vobis,
2834 1055 3019 1111 Iesum
3050 1056 3363 1122 Christum,
3400 1071 3569 1126 quem

1978 1157 2193 1218 Oportet
2225 1150 2448 1216 quidem
2478 1149 2680 1204 malum
2713 1149 2998 1219 suscipere
3021 1164 3200 1219 usque
3231 1149 3284 1203 in
3316 1160 3567 1218 tempora

1976 1239 2346 1295 restitutionis
2363 1241 2631 1306 omnium,
2653 1256 2777 1310 qua:
2805 1240 3024 1294 loeutus
3076 1249 3159 1295 est
3186 1240 3333 1296 Deus
3371 1255 3467 1310 per
3496 1255 3560 1294 os

1976 1339 2295 1386 sanctorum
2341 1345 2372 1384 a
2421 1331 2624 1387 saeculo
2655 1334 3071 1403 prophetarum.
3103 1331 3319 1404 Moyses
3335 1331 3555 1401 quidem

1975 1424 2228 1494 patrihus
2267 1423 2406 1479 dixit
2430 1423 2795 1494 :Prophetam
2815 1424 3102 1480 suseitabit
3124 1426 3278 1480 vobis
3296 1423 3560 1479 Dominus

1979 1518 2121 1572 Deus
2141 1524 2319 1572 vester
2334 1516 2405 1572 de
2424 1516 2687 1573 fratribus
2711 1518 2936 1582 vestris,
2956 1527 3215 1586 tanquam
3244 1532 3351 1580 me,
3376 1518 3557 1586 ipsum

1976 1608 2145 1678 208
2182 1606 2422 1662 audietis
2477 1607 2637 1677 juxta
2682 1609 2894 1672 orntus,
2922 1623 3269 1678 quaecunque
3341 1608 3561 1663 locutus

1978 1700 2144 1754 fuerit
2200 1698 2382 1754 vobis.
2429 1697 2546 1753 Erit
2593 1708 2802 1765 autem,
2857 1699 3043 1756 omnis
3077 1700 3258 1753 anima
3290 1714 3410 1767 quae
3453 1714 3562 1751 non

1978 1789 2213 1843 audierit
2240 1788 2575 1860 prophetam
2600 1789 2778 1854 illum,
2808 1789 3263 1844 exterminabitur
3285 1790 3351 1843 de
3376 1789 3555 1858 plebe.

1977 1880 2044 1935 Et
2082 1896 2277 1938 omnes
2315 1881 2655 1952 prophetam
2676 1880 2923 1944 Samuel,
2953 1893 3005 1935 et
3035 1881 3296 1950 deinceps
3327 1883 3422 1951 qui
3478 1881 3559 1933 lo-

1977 1976 2087 2030 culi
2126 1983 2279 2035 sunt,
2315 1975 2785 2029 annuntiaverunt
2815 1974 2933 2029 dies
2964 1973 3124 2029 istos.
3154 1971 3262 2026 Vos
3289 1975 3425 2027 estis
3464 1974 3560 2027 lilii

1977 2067 2373 2137 prophetarum
2398 2073 2454 2121 et
2479 2066 2816 2128 test-amenti,
2840 2066 2985 2135 quod
3012 2064 3289 2134 disposuit
3323 2066 3465 2122 Deus
3489 2069 3559 2121 ad

1978 2166 2164 2229 patres
2200 2166 2444 2223 nostros,
2473 2157 2664 2214 dicens
2690 2159 2757 2213 ad
2792 2158 3067 2213 Abraham
3096 2175 3111 2212 :
3148 2158 3215 2212 Et
3245 2159 3300 2213 in
3343 2159 3558 2216 semine

1977 2262 2072 2304 tuo
2102 2249 2498 2303 benedicentur
2536 2265 2731 2305 omnes
2760 2250 2980 2304 fatttiliae
3011 2257 3190 2306 terrae.
3224 2248 3394 2307 Vobis
3443 2252 3558 2322 pri-

1979 2357 2127 2395 mum
2149 2341 2294 2397 Deus
2319 2341 2601 2397 suscitans
2624 2340 2823 2396 Filium
2851 2356 3035 2409 suum,
3064 2342 3215 2397 misit
3238 2356 3364 2397 eum
3393 2341 3558 2397 bene-

1974 2433 2250 2488 dicentem
2316 2433 2497 2503 vobis,
2546 2441 2605 2489 ut
2651 2441 2940 2490 convertat
2983 2449 3045 2492 se
3093 2432 3475 2506 unusquisque
3526 2448 3557 2488 a

1975 2526 2221 2598 nequitia
2252 2540 2374 2583 sua.

2469 2795 3042 2854 COMMENTARIUS.

2044 2888 2183 2944 Cum
2259 2889 2336 2944 ait
2385 2889 2641 2944 omnium.
2685 2889 3076 2959 prophetarum
3122 2902 3405 2945 sermones
3452 2889 3561 2944 im-

1972 2981 2149 3053 pletos
2188 2996 2312 3038 esse
2364 2981 2422 3036 in
2457 2981 2716 3052 passione
2774 2980 3014 3045 Domini,
3069 2995 3178 3034 non
3230 2979 3557 3050 simpliciter

1972 3091 2166 3133 omnes
2218 3076 2507 3146 intelligit;
2536 3093 2642 3131 non
2674 3076 2824 3132 enim
2879 3091 3073 3133 omnes
3112 3077 3558 3148 prmnuntiarunt

1972 3175 2097 3244 ejus
2147 3173 2470 3236 adventum,
2523 3185 2704 3241 neque
2752 3170 3081 3241 supplicium
3115 3172 3259 3240 quod
3299 3179 3418 3226 erat
3458 3187 3558 3239 pro

284 3273 596 3345 ἀνθρώπων
627 3274 853 3344 ἔμελλεν
882 3274 1291 3346 ἀναδέξασθαι),
1324 3278 1463 3332 ἀλλά
1495 3280 1703 3345 πάντας
1740 3259 1867 3347 τοὺς

1975 3261 2260 3316 hominum
2290 3261 2472 3315 salute
2502 3259 2829 3326 subiturus;
2871 3259 2967 3314 sed
3018 3259 3269 3331 intelligit
3301 3270 3552 3324 cunctos,

287 3367 866 3438 προαναφωνήσαντας
912 3367 982 3422 τὰ
1023 3368 1115 3421 τοῦ
1153 3369 1393 3440 Χριστοῦ
1429 3370 1647 3428 ἅπαντα
1686 3392 1707 3425 ι
1741 3374 1870 3446 ἄχρι

286 3456 501 3529 χρόνων
532 3458 1056 3526 ἀποκαταστάσεως.
1099 3480 1118 3512 ι
1167 3462 1345 3526 Τὸιδὲ,
1385 3482 1403 3514 ι
1438 3465 1623 3536 Ἄχρι,
1660 3484 1678 3517 ι
1719 3468 1871 3539 παρά

284 3550 359 3618 τῇ
389 3547 510 3618 θεία
550 3548 766 3620 Γραφῇ,
802 3550 862 3603 οὺ
909 3551 1105 3624 χρόνου
1134 3553 1253 3606 ἐστὶ
1293 3557 1649 3625 σημαντικὸν,
1684 3557 1873 3629 ὥσπερ

282 3639 387 3694 καὶ
414 3639 495 3702 τὸ,
520 3639 645 3707 ἕως,
669 3642 788 3697 ἀλλ’
811 3644 965 3698 ἔστιν
985 3646 1012 3698 ὁ
1039 3645 1163 3709 νοῦς
1187 3645 1280 3698 τοῦ
1307 3650 1669 3719 προκειμένου
1697 3649 1874 3705 τοιοῦ-

285 3749 418 3798 τος’
453 3734 651 3801 Πολλὰ,
683 3737 870 3809 φησὶν.
916 3730 1071 3790 εἶπον
1118 3738 1167 3791 oi
1202 3738 1486 3808 προφῆται
1528 3739 1795 3806 γίνεσθαι,
1834 3741 1875 3795 ἃ.

281 3824 447 3880 οὔπω
499 3828 893 3900 πεπλήρωνται
943 3827 1144 3892 πάντα,
1205 3828 1319 3883 ἀλλ’
1372 3827 1453 3882 ἔτι
1505 3829 1746 3897 γίνονται
1778 3832 1874 3885 καὶ

281 3920 612 3991 γενήσονται
659 3921 767 3985 ἕως
813 3920 913 3992 τῆς
969 3921 1280 3981 συντελείας
1308 3920 1403 3975 τοῦ
1435 3921 1666 3992 κόσμου.
1713 3924 1872 3977 Ἀνα-

284 4013 428 4078 στάς
455 4013 550 4069 οῦν
580 4016 645 4071 ὲκ
690 4017 925 4088 νεκρῶν,
958 4015 1239 4086 ἀνελήφθη
1282 4016 1364 4079 είς
1410 4015 1538 4080 τοὺς
1584 4016 1872 4086 οὐρανοὺς,

284 4105 388 4161 καὶ
442 4104 597 4176 μένει
645 4106 766 4161 ἐκεῖ
809 4106 918 4168 ἕως
963 4106 1063 4176 τῆς
1119 4104 1215 4159 τοῦ
1272 4106 1481 4174 κόσμου
1539 4107 1871 4170 συντελείας.

286 4217 313 4252 4
366 4198 575 4268 Μωσῆς
628 4198 729 4270 μὲν
786 4199 919 4269 γάρ.
966 4217 991 4251 ι
1024 4198 1120 4262 Τὸ,
1161 4217 1183 4250 ι
1216 4199 1292 4261 ὡς
1351 4197 1478 4269 ἐμὲ,
1526 4217 1546 4250 ›
1588 4198 1650 4253 τὸ
1689 4200 1874 4269 σχῆμα

280 4287 390 4357 τῆς
419 4286 744 4356 νομοθεσίας
776 4286 950 4357 δηλοῖ,
995 4286 1055 4339 τὸ
1090 4286 1253 4356 μόνον
1287 4285 1588 4357 ἐκϐεϐηκὸς
1631 4287 1713 4353 είς
1743 4288 1877 4358 Χρι-

284 4376 443 4442 στὸν,
472 4375 570 4430 καὶ
596 4374 697 4430 οὐκ
727 4377 809 4440 είς
857 4376 1148 4448 προφήτην
1181 4375 1370 4447 ἕτερόν
1404 4394 1547 4432 τινα.
1601 4378 1876 4449 Πρόδηλον

278 4469 506 4540 γὰρῶος
534 4470 624 4525 διὰ
642 4470 929 4534 Μωῦσέως
956 4471 984 4523 6
1018 4470 1182 4541 νόμος
1213 4470 1397 4541 ἐδόθη,
1425 4468 1484 4523 ὃν
1515 4472 1621 4526 καὶ
1643 4475 1786 4528 κατά
1813 4472 1876 4526 τὸ

278 4562 713 4635 Δευτερονόμιον
761 4563 831 4617 ὲκ
880 4560 1031 4627 θείας
1084 4562 1369 4626 ἐπιπνοίας
1423 4561 1729 4618 ὲπλάτυνε·
1776 4564 1881 4623 καὶ(

277 4654 581 4727 νομοθέτου
627 4655 788 4721 δόξαν
847 4654 1161 4727 ἐκαρποῦτο
1208 4656 1302 4711 καὶ
1348 4654 1540 4727 ὸνομα,
1579 4655 1873 4728 προτυπῶν

276 4748 383 4802 τὸν
418 4748 597 4820 ἀληθῆ
646 4747 950 4819 νομοθέτην
993 4747 1254 4817 Χριστὸν,
1305 4747 1397 4801 τὸν
1434 4748 1529 4801 καὶ
1571 4746 1663 4800 τὸν
1709 4746 1875 4816 νόμον

278 4841 618 4912 λαλήσαντα.
651 4842 731 4895 Δι’
758 4842 925 4901 αὐτοῦ
972 4840 1087 4912 γὰρ
1121 4840 1217 4895 καὶ
1245 4841 1304 4894 ὲν
1350 4840 1500 4913 νόμῳ
1532 4840 1626 4899 καὶ
1655 4841 1713 4894 ὲν
1743 4858 1876 4912 προσ

276 4937 515 5007 φήταις,
552 4935 631 5000 ὡς
671 4935 765 4990 διὰ
803 4936 937 4990 ἰδίου
974 4935 1150 5002 Λόγου
1195 4933 1520 5005 μονογενοῦς
1560 4934 1656 4988 καὶ
1683 4936 1877 5004 ὀμοου-

281 5025 411 5078 σίου
446 5024 549 5079 καὶ.
571 5025 943 5085 ὲνυποστάτου
972 5023 1271 5094 λελάληκεν
1302 5025 1330 5076 ὁ
1358 5022 1490 5085 Θεὸς
1514 5023 1610 5077 καὶ
1654 5023 1870 5095 Πατήρ.

288 5117 459 5173 Ἐπεὶ
479 5116 574 5171 οὖν
603 5117 663 5172 ἐν
693 5118 936 5188 σχήματι
957 5116 1251 5187 νομοθέτου
1281 5114 1441 5186 μόνος
1469 5116 1527 5169 ὲν
1558 5115 1869 5189 προφήταις

272 5211 314 5265 ὁ
343 5211 613 5281 Μωῦσῆς,
645 5210 737 5266 διὰ
772 5209 935 5264 τοῦτο
962 5210 1060 5268 καὶ
1107 5207 1409 5279 μοναδικῶς
1438 5206 1574 5278 πρὸς
1611 5207 1702 5261 τὸν
1734 5208 1866 5278 Χρι-

275 5303 419 5358 στὸν
452 5303 781 5358 ἀτωσλέπων
801 5303 990 5372 ἔλεγε·
1030 5320 1055 5354 ι
1091 5302 1389 5372 Προφήτην
1415 5300 1542 5370 ὑμῖν
1573 5299 1869 5370 ἀναστήσει

269 5395 493 5467 Κύριος
539 5395 569 5448 6
621 5396 756 5459 θεὸς
805 5396 966 5466 ήμῶν
1019 5395 1086 5450 ἐκ
1120 5394 1232 5449 τῶν
1286 5393 1533 5462 ἀδελφῶν
1567 5389 1744 5462 ὑμῶν,
1793 5391 1871 5454 ὡς

271 5488 417 5558 ἐμέ.
457 5505 475 5539 ι
525 5486 638 5541 Καὶ
668 5487 780 5558 γὰρ
813 5486 1006 5556 ὥσπερ
1034 5483 1197 5549 αὐτὸς
1228 5482 1328 5555 τήν
1352 5484 1584 5553 νομικὴν
1606 5482 1870 5555 εἰσήγαγε

272 5579 589 5645 πολιτείαν,
633 5579 775 5633 οὕτω
815 5578 912 5632 καὶ
957 5580 987 5631 6
1035 5575 1276 5648 Χριστὸς
1332 5577 1434 5645 τὴν
1478 5573 1863 5646 εὐαγγελικήν,

271 5672 433 5728 κατά
459 5672 522 5725 τὸ
545 5672 646 5741 τῆς
673 5669 959 5734 κενώσεως
1009 5669 1228 5739 μέτρον,
1266 5668 1495 5738 μεσίτης
1522 5666 1622 5737 τῆς
1659 5666 1870 5737 Καινῆς

268 5765 561 5836 Διαθήκης
585 5761 792 5833 καὶτῆς
815 5778 832 5812 ι
855 5762 915 5818 ἐν
937 5759 1250 5830 πνεύματι.»
1281 5758 1535 5831 λατρείας
1557 5757 1866 5829 γενόμενος.

365 5945 414 5976 ⁸³
450 5944 605 6000 Deut.
636 5959 675 6008 ι,
705 5941 757 5996 5.
833 5938 875 5973 ³³
907 5938 1061 5996 Joan.
1128 5952 1202 6007 tv,
1240 5937 1326 5994 I5.

1975 3353 2072 3424 qui
2098 3354 2286 3408 omnia
2307 3352 2519 3409 Christi
2557 3372 2576 3405 ‹
2602 3365 2777 3422 usque
2799 3352 2865 3406 ad
2888 3360 3133 3423 tempora
3158 3352 3552 3408 restitutionis-

1976 3446 2259 3518 prmloeuti
2309 3453 2458 3503 sunt.
2488 3445 2631 3502 Illud
2683 3456 2864 3501 autem
2902 3461 3078 3515 usque
3105 3446 3160 3500 in
3211 3460 3367 3501 sacra
3404 3446 3559 3502 Scri-

1973 3544 2135 3607 ptura
2166 3534 2313 3591 haud
2352 3546 2570 3606 tempus
2601 3535 3028 3592 determinatam
3089 3535 3398 3604 signiﬁcat;
3461 3538 3557 3591 sed

1975 3631 2082 3686 iste
2112 3637 2198 3685 est
2224 3629 2327 3686 loci
2360 3629 2521 3686 istius
2549 3644 2747 3685 sensus
2770 3646 2784 3684 :
2807 3628 2995 3694 Multa,
3030 3628 3241 3698 inquit,
3279 3628 3559 3699 propheta:

1975 3722 2351 3794 pradixeruut
2380 3735 2505 3791 qua:
2526 3734 2636 3775 non
2666 3719 2850 3774 omnia
2871 3719 3096 3788 impleta
3117 3726 3281 3783 sunt;
3307 3719 3405 3773 sed
3433 3735 3557 3787 quae

1973 3813 2235 3869 eveniunt
2268 3823 2324 3868 et
2361 3812 2619 3868 evenient
2651 3826 2828 3879 usque
2865 3809 2934 3865 ad
2967 3811 3127 3865 linem
3161 3811 3372 3865 mundi.
3416 3811 3552 3866 Cum

1975 3905 2121 3960 enim
2157 3903 2571 3968 resurrexisset,
2606 3900 2859 3957 ascendit
2885 3901 2938 3955 in
2969 3900 3188 3961 coelum.
3225 3901 3408 3971 ibique
3438 3918 3552 3956 ma-

1975 4006 2072 4052 net
2114 4010 2293 4066 usque
2345 3996 2415 4050 ad
2464 3994 2992 4051 consummationem
3040 3995 3247 4051 smculi.
3290 4014 3307 4048 ι
3342 3994 3554 4068 Moyscs

1976 4088 2220 4158 quidem.
2258 4106 2279 4141 ι
2315 4086 2452 4142 Illud
2515 4104 2535 4139 ι
2566 4093 2828 4156 tanquam
2883 4102 2971 4143 me
3002 4106 3021 4138 ι
3089 4089 3310 4142 modum
3348 4088 3556 4160 legisla-

1977 4179 2145 4236 tionis
2178 4178 2427 4245 denotat,
2479 4178 2574 4249 qui
2606 4178 2663 4233 in
2698 4178 2818 4234 solo
2865 4178 3090 4236 Christo
3123 4181 3305 4234 locum
3339 4180 3556 4246 habuit,

1978 4287 2088 4327 non
2122 4273 2177 4326 in
2219 4286 2549 4343 quocunque
2582 4270 2694 4326 alio
2721 4271 3011 4342 propheta.
3043 4270 3243 4328 Notum
3296 4281 3380 4328 est
3409 4275 3563 4329 enim

1981 4378 2079 4432 per
2125 4361 2350 4433 Moysen
2403 4362 2587 4416 datam
2613 4377 2738 4417 esse
2764 4363 2964 4433 legem,
3001 4376 3165 4433 quam
3196 4363 3361 4417 etiam
3401 4364 3566 4432 juxta

1979 4453 2470 4511 Deuteronomium
2518 4468 2586 4509 ex
2615 4453 2800 4509 divina
2836 4454 3203 4524 inspiratione
3234 4473 3254 4505 ι
3295 4456 3561 4525 explana-

1980 4549 2060 4604 vit
2077 4548 2146 4616 ",
2177 4566 2196 4600 ι
2216 4556 2271 4603 et
2286 4547 2616 4620 legislatoris
2629 4544 2860 4617 gloriam
2876 4561 3184 4615 nomenque
3196 4544 3433 4614 adeptus
3450 4558 3528 4601 est
3540 4589 3561 4609 ,

1911 4622 2318 4714 mesignaus
2380 4655 2568 4698 verum
2623 4637 3018 4710 Legislalorem
3073 4636 3354 4693 Christum
3385 4677 3401 4703 ,
3463 4642 3555 4708 qui

1976 4736 2139 4793 etiam
2164 4735 2340 4805 legem
2374 4734 2551 4804 ipsam
2582 4732 2838 4787 elocutus
2883 4737 3008 4787 est:
3048 4744 3144 4800 per
3180 4731 3359 4801 ipsum
3409 4733 3561 4787 enim

1976 4836 2239 4900 tanquam
2297 4842 2398 4897 per
2437 4825 2678 4881 Verbum
2740 4825 3045 4896 proprium,
3099 4824 3444 4895 unigenitum
3503 4835 3558 4880 et

1976 4919 2448 4985 consubstantiale
2475 4924 2529 4974 et
2566 4919 2619 4972 in
2643 4917 2828 4988 seipso
2863 4916 3192 4983 subsistens,
3220 4926 3335 4971 tum
3363 4917 3418 4972 in
3442 4918 3558 4987 lege

1977 5022 2094 5068 tum
2133 5013 2189 5068 in
2223 5011 2508 5082 prephetis
2532 5012 2754 5065 locutus
2786 5016 2879 5065 est
2905 5008 3050 5064 Deus
3070 5007 3255 5064 Pater.
3281 5006 3554 5075 Quoniam

1973 5103 2141 5174 igitur
2176 5103 2319 5159 inter
2340 5103 2644 5175 prophetas
2666 5102 2865 5156 unicus
2891 5100 3169 5171 legislator
3195 5099 3295 5154 fuit
3314 5094 3554 5171 Moyses,

1976 5195 2195 5267 idcirco,
2227 5194 2294 5250 ad
2331 5193 2615 5249 Christum
2674 5193 2973 5262 reSpiciens
3025 5206 3256 5247 numero
3286 5190 3555 5261 singulari

1975 5289 2044 5346 tle
2067 5303 2152 5354 se,
2178 5288 2398 5345 dicebat
2431 5303 2446 5341 :
2494 5305 2513 5339 ι
2548 5285 2875 5356 Prophetam
2939 5285 3234 5341 suscitahit
3262 5284 3418 5339 vobis
3446 5282 3554 5336 Do-

1978 5383 2161 5439 minus
2203 5381 2347 5439 Deus
2390 5390 2573 5437 vester
2616 5381 2686 5436 de
2732 5379 3003 5434 fratribus
3027 5379 3253 5441 vestris,
3291 5387 3553 5448 tanquam

1978 5492 2088 5533 me.
2123 5495 2142 5528 ι
2176 5475 2392 5530 Etenim
2420 5472 2885 5546 quemadmodum
2915 5471 3006 5526 ille
3039 5471 3212 5541 legale
3250 5469 3558 5525 introduxit

1976 5568 2317 5633 institutum,
2380 5567 2456 5621 ita
2508 5576 2563 5621 et
2614 5565 2871 5621 Christus
2923 5562 3345 5635 evangelicum,
3397 5561 3559 5630 juxta

1977 5660 2354 5718 evacuationis
2411 5672 2767 5725 mensuram,
2811 5658 3077 5713 mediator
3110 5655 3288 5713 factus
3325 5666 3381 5711 et
3418 5654 3557 5711 Novi

1981 5751 2324 5812 Tcstamenti
2378 5759 2428 5807 ct
2484 5748 2578 5807 Dei
2639 5749 2823 5805 cultus
2864 5768 2883 5802 ι
2930 5747 2986 5805 in
3041 5748 3241 5820 spiritu
3263 5748 3330 5805 “.
3372 5766 3391 5800 ι
3435 5745 3557 5814 Qua
