4114 6464
371 498 481 565 885

449 697 620 753 Πάλιν
641 695 991 766 δικαστηρίου
1019 695 1262 766 σχήματι
1289 695 1350 748 τὸ
1379 697 1614 764 πρᾶγμα
1649 691 1759 764 (15)
1794 708 1951 763 περι-

376 790 646 854 τιθέασιν,
675 788 761 841 ῖνα
799 785 1132 850 ὑπευθύνους
1156 787 1353 850 αὐτοὺς
1383 789 1448 858 τῇ
1476 786 1646 857 ἀδίκῳ
1681 786 1956 856 καταστή-

382 899 518 936 σωσι
548 881 750 952 κρίσει.
821 879 1099 950 Ἐνόμιζον
1142 882 1272 950 γὰρ,
1321 881 1410 934 διὰ
1451 881 1513 933 τὸ
1546 879 1746 951 πλῆθος
1782 879 1954 949 φοϐη-

381 974 576 1036 θέντας
616 971 836 1036 αὐτοὺς,
871 971 1132 1042 ἐξάρνους
1171 971 1450 1040 γενέσθαι,
1490 973 1585 1026 καὶ
1622 972 1684 1025 τὸ
1727 973 1835 1025 πᾶν
1865 970 1955 1025 διὰ

379 1065 542 1119 τοῦτο
571 1062 979 1134 προσδοκῶντες
1012 1063 1458 1135 κατωρθωκέναι.
1507 1063 1574 1116 Τί
1620 1059 1714 1117 οῦν
1752 1079 1952 1133 φασινς

388 1175 409 1208 ι
460 1155 550 1210 Ἐν
589 1156 726 1226 ποίῳ
777 1156 1002 1226 ὀνόματι
1041 1155 1334 1225 ἐποιήσατε
1362 1154 1520 1208 τοῦτο
1563 1156 1757 1226 ὑμεῖς;
1794 1175 1812 1208 ι
1846 1155 1955 1210 Καὶ

379 1249 442 1300 οὐ
472 1247 689 1316 λέγουσι
728 1249 901 1312 ποῖον,
930 1247 1067 1301 ἀλλὰ
1116 1247 1480 1313 ὲνσκιάζουσι,
1516 1249 1591 1319 μὴ
1640 1247 1955 1319 βουλόμενοι

379 1339 540 1393 τοῦτο
595 1341 790 1407 εἰπεῖν,
841 1341 1044 1412 καίπερ
1090 1340 1312 1405 ειδότες,
1359 1341 1449 1395 διὰ
1491 1340 1586 1396 τὸν
1627 1341 1772 1395 λαόν.
1822 1343 1955 1396 Τότε

380 1429 592 1500 Πέτρος
648 1431 912 1501 μνησθεὶς
961 1431 1071 1486 τῶν
1102 1430 1197 1485 τοῦ
1239 1431 1446 1502 Κυρίου
1488 1432 1662 1500 λόγων
1715 1427 1791 1488 ὧν
1820 1435 1957 1502 πρὸς

379 1520 582 1584 αὐτοὺς
611 1521 848 1574 ἐποιεῖτο
901 1521 1075 1590 λέγων
1099 1535 1114 1550 ⁸
1183 1538 1204 1574 ι
1243 1521 1411 1577 Ὅταν
1454 1521 1510 1576 δὲ
1564 1522 1770 1590 ἄγωσιν
1810 1522 1958 1594 ὑμᾶς

381 1614 467 1675 είς
487 1612 587 1676 τὰς
614 1611 970 1684 Συναγωγὰς,
1010 1613 1085 1684 μὴ
1127 1615 1504 1686 μεριμνήσητε
1531 1614 1667 1678 πῶς,
1708 1614 1741 1685 ἢ
1771 1615 1822 1668 τί
1855 1615 1955 1670 λα-

381 1706 581 1774 λήσετε
605 1722 619 1736 ·
656 1705 716 1758 τὸ
754 1705 866 1777 γὰρ
919 1705 1147 1776 Πνεῦμα
1184 1705 1279 1761 τοῦ
1315 1706 1529 1778 Πατρδς
1563 1707 1719 1776 ὑμῶν
1752 1709 1870 1762 ἐστι
1897 1707 1958 1761 τδ

380 1797 579 1851 λαλοῦν
645 1799 704 1852 ὲν
771 1799 899 1870 ὑμῖν
923 1815 937 1831 ο
1005 1817 1025 1852 ι
1092 1799 1356 1871 πλησθεὶς
1417 1800 1738 1870 Πνεῦματος
1799 1801 1956 1868 ἁγίου

379 1886 505 1943 εἷπε
552 1891 688 1961 πρὸς
729 1890 963 1966 αὐτούς·
1009 1891 1260 1947 Μάλιστα
1307 1892 1406 1964 μὲν
1457 1893 1623 1964 ἐχρῆν
1657 1893 1956 1962 στεφανοῦ-

381 1979 512 2034 σθαι
538 1981 686 2050 ήμᾶς
713 1983 804 2035 ἐπὶ
833 1981 1064 2048 τούτοις,
1100 1984 1196 2036 καὶ
1226 1981 1302 2046 ὡς
1331 1983 1624 2053 εὐεργέτας
1644 1983 1956 2055 ἀνακηρύτ-

379 2069 594 2123 τεσθαι.
645 2068 799 2125 Ἐπεὶ
831 2071 885 2124 δὲ
909 2073 1003 2126 καὶ
1035 2091 1054 2125 ι
1089 2073 1390 2144 κρινόμεθα
1425 2073 1515 2128 ἐπ’
1543 2063 1835 2146 εὐεργεσίᾳ
1862 2079 1958 2130 ἀν-

382 2158 603 2229 θρώπου
629 2160 911 2227 ἀσθενοῦς,
948 2181 966 2213 ι
1002 2163 1055 2216 τί
1092 2163 1174 2218 δεῖ
1206 2168 1412 2231 ποιεῖν;
1454 2163 1550 2219 νῦν
1587 2165 1780 2238 καιρός
1810 2168 1958 2237 ἐστιν

379 2251 788 2323 ἀνακηρύττειν
816 2254 906 2309 τὸν
936 2255 1268 2327 Εὐεργέτην.

969 2346 1357 2400 ΚΕΙΜΕΝΟΝ.

453 2427 626 2498 Οὗτός
651 2436 799 2489 ἐστιν
829 2438 857 2490 6
886 2436 1033 2502 λίθος
1061 2441 1089 2492 ό
1130 2438 1510 2503 ὲξουδενωθεὶς
1542 2441 1632 2510 ὑφ’
1669 2441 1821 2514 ὑμῶν
1849 2444 1959 2499 τῶν

379 2524 834 2596 οἰκοδομοῦντων,
891 2529 920 2580 6
966 2530 1258 2600 γενόμενος
1311 2533 1401 2594 εἰς
1433 2532 1676 2602 κεφαλὴν
1720 2534 1955 2602 γωνίας·

385 2617 484 2669 καὶ
517 2618 616 2671 οὐκ
649 2619 798 2672 ἐστιν
845 2623 901 2674 ἐν
953 2621 1100 2693 ἄλλῳ
1145 2623 1321 2677 οὐδενὶ
1369 2625 1634 2696 σωτηρία.
1682 2625 1821 2681 Οὔτε
1853 2629 1961 2701 γὰρ

381 2707 556 2778 ὄνομά
581 2710 730 2764 ἐστιν
763 2711 950 2783 ἕτερον
975 2713 1037 2767 τὸ
1065 2713 1349 2786 δεδομένον
1378 2718 1438 2771 ὲν
1475 2718 1804 2789 ἀνθρώποις,
1831 2721 1888 2773 ὲν
1913 2715 1960 2789 ᾧ

377 2798 466 2853 δεῖ
491 2802 728 2876 σωθῆναι
757 2807 925 2876 ἡμᾶς.

993 2903 1375 2958 EPMHNEIA.

469 2989 904 3065 Ἀναμιμνήσκει
949 2995 1148 3059 αὐτοὺς
1195 2997 1437 3068 ῥήματος
1485 2998 1671 3052 ἱκανοῦ
1719 3000 1962 3070 φοϐῆσαι

384 3083 607 3148 αὐτούς.
649 3104 669 3138 ι
722 3087 832 3141 Καὶ
879 3090 906 3140 6
948 3090 1129 3142 πεσὼν
1158 3090 1286 3161 γὰρ,
1327 3092 1514 3161 φησὶν,
1560 3093 1656 3146 ἐπὶ
1689 3093 1780 3148 τὸν
1815 3094 1962 3149 λίθον

383 3173 595 3243 τοῦτον,
628 3175 1122 3247 συνθλασθήσεται·
1157 3181 1241 3250 ἐφ’
1270 3179 1330 3235 ὃν
1355 3181 1399 3234 δ’
1423 3181 1492 3236 ἂν
1521 3184 1682 3258 πέσῃ,
1705 3184 1962 3256 λικμήσει

1058 494 1594 558 EXPOSITIONIS
1625 493 1705 555 IN
1747 492 1936 552 ACTA
1968 490 2269 556 TEXTUS
2314 488 2679 556 ALTERC—
2700 495 2858 557 CAP.
2902 495 3004 556 IV.

974 603 1372 660 Ἐ1³ΜΗΝΕ1Α.
1975 599 2028 658 Α

2541 601 3114 660 COMMENTARIUS.

2126 696 2327 752 Judicii
2364 694 2597 751 formam
2625 697 2844 766 negotio
2877 695 2968 751 isti
2999 705 3300 767 apponunt,
3327 705 3384 750 ut
3417 699 3638 768 injusto-

2056 806 2152 846 eos
2231 789 2443 860 judicio
2511 788 2778 842 obnoxios
2842 787 3064 845 faciant.
3115 785 3416 858 Sperabant
3482 791 3634 845 enim

2059 883 2341 954 apostolos
2404 881 2757 937 multitudine
2805 881 3029 937 territos
3070 881 3272 936 factum
3316 889 3630 952 negaturos,

2058 976 2248 1045 sicque
2297 989 2420 1029 sese
2464 987 2578 1028 rem
2636 987 2852 1028 omnem
2881 971 3272 1028 emendaturos
3312 972 3448 1028 fore.
3490 974 3631 1039 Quid

2059 1068 2224 1136 igitur
2247 1067 2547 1136 inquiunt?
2571 1085 2589 1118 ι
2613 1066 2669 1122 In
2694 1081 2804 1136 quo
2831 1067 3056 1120 nomine
3087 1065 3298 1122 fecistis
3323 1069 3424 1121 hoc
3457 1067 3626 1122 vos?»

2059 1156 2268 1228 Neque,
2323 1173 2430 1228 qua
2459 1158 2528 1213 de
2574 1173 2634 1213 re
2681 1157 2997 1227 loquantur,
3030 1157 3376 1227 exprimunt;
3407 1158 3501 1214 sed
3539 1173 3635 1212 oc-

2060 1255 2271 1308 cultant
2326 1253 2476 1322 quod
2509 1253 2708 1317 nolint,
2767 1266 3084 1322 quanquam
3131 1252 3184 1308 id
3225 1252 3395 1322 probe
3432 1253 3642 1320 sciant,

2057 1345 2262 1410 dicere,
2285 1351 2512 1415 propter
2543 1344 2824 1414 populum.
2847 1344 3000 1399 Tune
3028 1345 3244 1410 Petrus,
3277 1358 3488 1400 memor
3509 1361 3629 1400 ver-

2059 1435 2254 1492 borum
2302 1452 2423 1505 qua:
2448 1435 2586 1505 ipsis
2609 1435 2750 1492 dixit
2784 1434 3082 1502 Dominus,
3115 1452 3309 1506 nempe
3333 1437 3379 1469 '°
3405 1453 3419 1490 :
3451 1455 3472 1489 ι
3499 1437 3634 1492 Cum

2059 1529 2279 1584 tradent
2299 1543 2400 1584 vos
2427 1528 2483 1582 in
2507 1529 2824 1599 synagogis,
2851 1528 3021 1584 nolite
3042 1529 3306 1599 cogitare,
3333 1528 3640 1599 quomodo,

2059 1629 2156 1676 aut
2189 1620 2323 1690 quid
2363 1621 2744 1690 loquamini...
2795 1619 3038 1691 Spiritus
3062 1620 3212 1675 enim
3250 1619 3431 1677 Patris
3470 1623 3640 1678 vestri

2057 1721 2146 1768 est
2167 1711 2259 1784 qui
2285 1712 2530 1782 loquitur
2577 1712 2632 1768 in
2680 1712 2858 1777 vobis,
2883 1730 2902 1764 ι
2932 1719 3097 1783 atque
3144 1712 3384 1782 repletus
3419 1713 3629 1782 Spiritu

2060 1815 2250 1860 sancto
2295 1803 2434 1858 dixit
2460 1803 2531 1858 ad
2573 1819 2670 1859 eos
2701 1821 2714 1858 :
2745 1802 3044 1860 Maximum
3107 1805 3296 1873 utique
3328 1804 3490 1860 hodie
3528 1819 3630 1859 nos

2059 1895 2343 1965 praemium
2370 1895 2598 1960 referre,
2631 1895 2701 1950 ob
2721 1909 2787 1950 ea
2813 1910 2934 1965 qua
2967 1894 3230 1958 fecimus,
3265 1911 3328 1951 ac
3367 1903 3633 1967 tanquam

2060 1988 2438 2044 henefactores
2472 1989 2782 2059 praedicari.
2835 1985 3087 2044 decebat.
3147 1987 3418 2054 Quoniam
3457 1998 3644 2044 autem

2064 2097 2084 2130 ι
2115 2079 2485 2149 dijudicamur
2516 2080 2574 2134 in
2605 2078 2892 2135 benefacta
2923 2079 3161 2136 hominis
3192 2079 3419 2146 infirmi,
3443 2084 3482 2133 ἰ
3507 2081 3638 2152 quid

2059 2177 2278 2239 oportet
2320 2169 2545 2225 facere?
2572 2184 2721 2225 nunc
2754 2179 2974 2240 tempus
3012 2179 3384 2242 Opportunum
3417 2178 3506 2228 est
3539 2171 3640 2228 de-

2061 2262 2350 2318 nuntiandi
2387 2261 2824 2319 Benefaetorem.

2698 2350 3006 2409 TEXTUS.

2133 2445 2225 2510 IV,
2263 2445 2353 2512 ll,
2392 2445 2482 2499 12.
2517 2443 2614 2500 Hic
2638 2451 2722 2500 est
2759 2444 2900 2514 lapis
2929 2483 2945 2508 ,
2980 2443 3071 2514 qui
3113 2443 3439 2514 reprobatus
3487 2453 3570 2499 est
3611 2461 3644 2499 a

2060 2540 2218 2594 vobis
2268 2537 2689 2602 aadiﬁcantibus,
2720 2537 2814 2608 qui
2838 2535 3018 2592 factus
3041 2542 3128 2592 est
3159 2535 3212 2590 in
3234 2543 3400 2605 caput
3429 2524 3637 2604 anguli.

2061 2630 2129 2685 Et
2162 2646 2271 2686 non
2324 2631 2488 2686 estin
2521 2629 2706 2700 aliquo
2755 2629 2862 2683 alio
2923 2627 3096 2683 salus.
3131 2623 3244 2681 Nec
3297 2626 3444 2680 enim
3494 2619 3642 2680 aliud

2062 2735 2261 2776 nomen
2322 2729 2406 2778 est
2461 2720 2567 2776 sub
2608 2720 2747 2776 coelo
2805 2718 2991 2774 datum
3059 2716 3398 2784 hominibus,
3444 2715 3638 2786 inquo

2063 2821 2309 2884 oporteat
2356 2829 2458 2870 nos
2495 2814 2678 2868 salvos
2699 2812 2836 2866 fieri.

2558 2897 3136 2959 COMMENTARIUS.

2134 2994 2191 3049 In
2218 2995 2538 3050 memoriam
2572 2999 2797 3050 revocat
2819 2991 3029 3047 dictum
3062 2989 3198 3046 illud
3229 2988 3374 3061 quod
3410 3003 3506 3045 eos
3533 2997 3646 3042 ter-

2065 3102 2188 3142 rere
2225 3086 2372 3157 juste
2403 3093 2620 3158 poterat
2651 3102 2666 3140 :
2697 3103 2716 3137 ι
2749 3083 2815 3140 Ει
2853 3083 2948 3156 qui
3006 3082 3270 3139 ceciderit
3306 3097 3474 3153 super
3503 3080 3646 3151 lapis

2065 3179 2189 3234 dem
2212 3179 2380 3235 istum
2413 3179 2794 3248 eonfringetur
2828 3194 2842 3231 :
2880 3190 3048 3246 super
3082 3190 3247 3247 quem
3277 3189 3407 3229 vero
3431 3173 3648 3229 cecide-

382 3264 572 3321 αὐτόν.
609 3286 630 3320 ι
686 3269 996 3336 Τουτέστιν,
1037 3272 1116 3326 ὅτι
1144 3272 1358 3344 Σφόδρα
1409 3273 1632 3345 δόκιμός
1672 3278 1810 3340 ἐστι,
1859 3279 1963 3332 κᾶν

2073 3274 2164 3339 rit,
2189 3280 2439 3329 conteret
2466 3288 2589 3328 eum
2603 3272 2673 3326 ".
2701 3289 2720 3324 ι
2747 3273 2865 3326 Ηοε
2900 3278 3006 3335 est,
3039 3267 3195 3324 valde
3235 3267 3499 3339 probatus
3539 3276 3646 3332 est,

382 3358 548 3426 ὖμεῖς
591 3359 795 3415 δοκεῖτε
831 3363 922 3431 ὑφ’
969 3362 1125 3432 ὑμῶν
1163 3363 1562 3430 ὲξουθενεῑσθαι
1587 3385 1600 3398 ·
1639 3368 1965 3440 βουλόμενος

386 3453 487 3505 καὶ
517 3452 751 3524 φοϐῆσαι
800 3456 1016 3523 αὐτοὺς,
1051 3456 1137 3511 ἵνα
1182 3457 1285 3512 κᾶν
1329 3457 1502 3524 οὕτως
1536 3461 1826 3536 ἀναγκάσῃ
1864 3462 1966 3518 αὐ-

384 3560 514 3608 τους
537 3561 844 3602 πιστευσαι.

987 3641 1242 3699 ΚΕΦΑΛ.
1285 3646 1365 3701 E'.

817 3732 896 3803 Τῇ
930 3734 972 3786 δ’
1000 3733 1101 3804 τῆς
1133 3735 1179 3805 β’
1211 3735 1509 3808 ἑϐδομάδος

386 3819 534 3890 Περὶ
566 3822 685 3878 τῶν
721 3825 1042 3894 ἀρχιερέων
1081 3827 1624 3902 [προσταττόντων]
1653 3832 1735 3898 ὡς
1767 3833 1839 3886 οὐ
1878 3831 1974 3887 δεῖ

461 3917 968 4001 παρῤησιὰζεσθαι
1014 3919 1115 3974 ἐπὶ
1147 3919 1229 3987 τῷ
1260 3922 1506 3992 ὀνόματι
1537 3924 1642 3979 τοῦ
1666 3927 1926 3995 Χριστοῦ
1945 3943 1964 3961 ο

460 4005 562 4062 καί
585 4007 850 4077 ἀνέσεως
883 4010 1004 4064 τῶν
1034 4012 1414 4068 ἀποστόλων.

985 4103 1371 4159 ΚΕΙΜΕΝΟΝ.

467 4191 815 4262 Θεωροῦντες
848 4193 904 4247 δὲ
957 4194 1055 4264 τὴν
1090 4194 1184 4248 τοῦ
1241 4195 1447 4268 Πέτρου
1499 4200 1834 4271 παρρησίαν,
1873 4203 1967 4255 καὶ

403 4281 680 4348 Ἰωάννου,
715 4285 808 4336 καὶ
835 4284 1268 4356 καταλαϐόμενοι
1305 4287 1386 4340 ὅτι
1417 4289 1699 4357 ἄνθρωποι
1746 4292 1967 4363 ἀγράμ-

400 4375 564 4445 ματοί
588 4376 694 4428 εἱσι
732 4377 826 4428 καὶ
870 4375 1100 4441 ἰδιῶται,
1120 4375 1444 4449 ’ἐθαύμαζον
1467 4397 1479 4409 ⁸
1515 4383 1884 4452 ἐπεγίνωσκόν
1909 4403 1969 4440 τε

393 4469 622 4534 αὐτοὺς,
647 4469 727 4522 ὅτι
763 4470 860 4523 σὺν
891 4469 967 4537 τῷ
998 4469 1174 4540 Ἰησοῦ
1225 4467 1388 4542 ἦσαν.
1432 4475 1535 4527 Τόν
1586 4494 1644 4529 τε
1679 4478 1969 4550 ἄνθρωπον

2068 3379 2386 3436 quanquam
2426 3379 2457 3419 a
2497 3363 2648 3420 vobis
2693 3362 2976 3434 reprobari
3027 3361 3298 3416 videatur.
3333 3357 3459 3414 Vult
3493 3358 3647 3414 ‘scili-

2067 3466 2156 3513 cet
2185 3470 2282 3512 eos
2321 3454 2778 3526 pcrterrefacere,
2810 3462 2872 3508 ut
2910 3453 2996 3510 vel
3023 3451 3105 3508 sic
3140 3451 3208 3508 ad
3247 3449 3405 3506 fidem
3445 3449 3653 3521 ample-

2069 3550 2326 3606 ctendam
2365 3549 2746 3620 compelleret.

2594 3639 2753 3707 211
2789 3635 3019 3692 CAPUT
3043 3633 3109 3689 v.

2316 3730 2472 3786 Fcria
2503 3740 2700 3800 quarta
2736 3725 3092 3783 hebdomadas
3117 3725 3398 3781 secundm.

2072 3829 2148 3882 De
2179 3824 2499 3897 pontiﬁcum
2531 3820 2760 3882 decreto,
2793 3834 2854 3872 ne
2908 3817 3155 3886 cuiquam
3212 3814 3392 3868 liceret
3445 3814 3509 3868 de
3559 3831 3652 3868 uo-

2142 3920 2286 3974 mine
2321 3915 2449 3970 Jesu
2484 3913 2664 3982 palam
2699 3909 2843 3980 loqui
2875 3919 2968 3964 εει
3000 3907 3063 3963 de
3101 3907 3411 3964 dimissione
3441 3914 3653 3976 aposto-

2145 4014 2340 4068 lorum.

2725 4094 3025 4153 TEXTUS.

2144 4195 2237 4264 ιν,
2263 4193 2454 4250 15-92.
2487 4191 2754 4247 Videntes
2804 4197 2984 4245 autem
3039 4189 3184 4246 Petri
3213 4188 3577 4244 constantiam
3604 4199 3658 4242 ct

2069 4290 2328 4356 Joannis,
2356 4293 2637 4358 comperto
2661 4284 2806 4356 quod
2834 4283 3086 4339 homines
3115 4293 3298 4339 essent
3317 4283 3439 4338 sine
3461 4281 3658 4338 litteris

2071 4393 2126 4439 et
2159 4383 2364 4447 idiotaa,
2393 4378 2812 4435 admirabantur
2837 4384 2890 4432 et
2937 4375 3343 4445 cognoscebant
3375 4390 3490 4439 eos,
3523 4390 3659 4443 quo-

2075 4475 2223 4530 niam
2265 4488 2391 4529 cum
2423 4471 2554 4527 Jesu
2583 4469 2822 4526 fuerant.
2850 4467 3137 4523 Hominem
3167 4480 3386 4536 quoque
3406 4464 3657 4520 videntes

393 4559 687 4630 βλέποντες
716 4562 813 4615 σὺν
863 4562 1047 4625 αὐτοῖς
1094 4564 1303 4617 ἑστῶτα
1351 4564 1443 4618 τὸν
1474 4567 1963 4642 τεθεραπευμένον,

2082 4575 2318 4624 stantem
2349 4577 2475 4623 cum
2505 4561 2586 4618 eis
2630 4560 2722 4630 qui
2756 4569 2982 4615 curatus
3014 4557 3214 4622 fuerat,
3241 4556 3375 4611 nihil
3403 4565 3660 4626 pateram

391 4652 552 4706 οὐδὲν
582 4649 726 4723 εἶχεν
785 4655 1082 4710 ἀντειπεῖν.
1110 4657 1484 4723 Κελεύσαντες
1533 4660 1590 4714 δὲ
1633 4662 1834 4727 αὐτοὺς
1868 4663 1974 4730 ἔξω

394 4743 497 4796 τοῦ
532 4743 807 4816 συνεδρίου
846 4745 1124 4813 ἀπελθεῖν,
1172 4748 1463 4802 συνέϐαλον
1512 4751 1648 4821 πρὸς
1687 4752 1974 4824 ἀλλήλους,

394 4835 690 4902 λέγοντεςο
741 4837 807 4888 Τί
853 4838 1158 4908 ποιήσομεν
1214 4842 1328 4903 τοῖς
1385 4841 1692 4914 ἀνθρώποις
1728 4845 1973 4915 τούτοις

399 4929 531 4982 Ὅτι
569 4929 670 4998 μὲν
703 4932 946 4997 γνωστὸν
990 4935 1214 5002 σημεῖον
1249 4928 1441 5002 γέγονε
1493 4937 1562 4989 δι’
1607 4939 1805 5001 αὐτῶν,
1843 4943 1977 4996 πᾶσι

396 5022 516 5085 τοῖς
546 5021 896 5076 κατοικοῦσιν
932 5023 1297 5097 Ἰερουσαλὴμ
1318 5028 1574 5099 φανερὸν,
1607 5031 1702 5083 καὶ
1729 5031 1790 5084 οὐ
1819 5032 1977 5088 δυνά-

401 5111 555 5182 μεθα
587 5113 950 5183 ἀρνήσασθαι.
998 5115 1138 5169 Ἀλλ’
1175 5116 1264 5172 ἵνα
1305 5120 1380 5190 μὴ
1432 5119 1524 5172 ἐπὶ
1575 5121 1760 5177 πλεῖον
1790 5124 1980 5180 διανε-

403 5203 557 5275 μηθῇ
603 5207 684 5268 εἰς
732 5205 825 5259 τὸν
851 5205 1002 5272 λαὸν,
1047 5209 1244 5280 ἀπειλῇ
1295 5211 1726 5283 ἀπειλησώμεθα
1775 5218 1979 5284 αὐτοῖς,

403 5296 612 5367 μηκέτι
649 5296 833 5352 λαλεῖν
859 5298 954 5352 ἐπὶ
978 5300 1055 5371 τῷ
1085 5301 1313 5371 ὀνόματι
1349 5304 1526 5376 τούτῳ
1556 5307 1745 5376 μηδενὶ
1765 5309 1981 5381 ἀνθρώ-

277 5453 298 5468 .
401 5406 546 5442 πων.
576 5390 686 5442 Καὶ
739 5390 1071 5456 καλέσαντες
1105 5393 1328 5460 αὐτοὺς,
1375 5398 1752 5465 παρήγγειλαν
1797 5401 1983 5465 αὐτοῖς

2083 4658 2486 4715 contradicere.
2550 4653 2846 4709 Jusserunt
2904 4658 3086 4703 autem
3149 4662 3245 4702 eos
3301 4646 3450 4702 foras
3505 4655 3659 4701 extra

2084 4749 2378 4806 concilium
2434 4745 2690 4802 secedere
2724 4760 2739 4798 :
2773 4749 2828 4797 et
2882 4739 3238 4795 conferebant
3277 4737 3343 4792 ad
3403 4737 3657 4800 invicem.

2049 4873 2054 4878 -
2082 4845 2364 4900 dicentes:
2397 4839 2539 4907 Quid
2572 4837 2838 4890 faciemus
2868 4832 3182 4887 hominibus
3209 4829 3331 4886 istis
3355 4830 3380 4884 ?
3401 4831 3660 4901 quoniam

2085 4937 2305 5006 quidem
2343 4939 2531 4986 notum
2568 4929 2782 4998 signum
2817 4927 3021 4980 factum
3055 4930 3137 4978 est
3162 4937 3257 4992 per
3278 4937 3374 4977 eos
3405 4923 3663 4978 omnibus

2086 5024 2460 5085 habitantibus
2511 5020 2840 5084 Jerusalem,
2906 5015 3258 5070 manifestum
3311 5026 3395 5071 est
3437 5025 3491 5069 et
3552 5031 3661 5068 non

2089 5134 2381 5194 possumus
2407 5129 2626 5187 negare.
2652 5111 2760 5168 Sed
2790 5125 2857 5165 ue
2883 5108 3118 5179 amplius
3149 5108 3454 5179 divulgetur
3478 5106 3532 5159 iu
3566 5121 3664 5175 po-

2089 5215 2299 5286 pulum,
2352 5208 2756 5264 comminemur
2801 5200 2905 5266 eis,
2955 5214 3024 5253 ne
3069 5200 3210 5255 ultra
3258 5199 3556 5272 loquantur
3608 5196 3663 5248 in

2093 5307 2320 5364 nomine
2355 5305 2457 5358 hoc
2494 5301 2588 5355 ulli
2637 5296 2942 5354 hominum.
2992 5295 3061 5350 Et
3121 5303 3384 5348 vocantes
3411 5305 3530 5356 eos,
3567 5289 3666 5345 de-

2094 5399 2507 5459 nuntiaverunt,
2565 5407 2634 5447 ne
2677 5389 2902 5443 omnino
2941 5387 3321 5457 loquerentur,
3361 5397 3536 5453 neque
3564 5381 3666 5438 do-

400 5483 470 5535 τὸ
509 5481 741 5536 καθόλου
785 5483 860 5555 ui]
891 5483 1251 5555 φθέγγεσθαι,
1284 5487 1420 5558 μηδὲ
1459 5488 1731 5546 διδάσκειν
1775 5493 1867 5546 ἐπὶ
1907 5495 1963 5566 τᾷ

2094 5501 2284 5549 cercut
2339 5491 2392 5544 in
2446 5485 2666 5541 nomine
2710 5479 2860 5538 Jesu.
2903 5479 3101 5535 Petrus
3148 5492 3277 5533 vero
3313 5487 3368 5532 et
3423 5474 3667 5532 Joannes

477 5623 526 5656 ³⁸
545 5622 737 5680 Matth.
761 5641 818 5689 ι,
843 5625 1029 5692 18,19.
1105 5628 1152 5662 ’⁷
1176 5629 1373 5685 Matth.
1417 5646 1530 5695 χιι,
1561 5631 1651 5686 44.

1601 5766 1800 5828 Variae
1847 5769 2154 5832 lcetio*es
2197 5772 2258 5827 et
2305 5770 2495 5825 notae.

485 5857 597 5940 {‘13)
635 5858 754 5918 Non
783 5862 996 5930 dubito,
1049 5863 1137 5920 hic
1187 5865 1497 5936 legendum,
1537 5873 1592 5920 ut
1627 5867 1785 5924 habet
1827 5869 2012 5940 Chrys:

404 5927 670 5986 τιθέασιν.

2023 5877 2271 5930 islotnus,
2343 5858 2698 5929 δικαστηρίου
2751 5856 2930 5926 σχῆμα
3009 5851 3086 5923 τῷ
3149 5851 3433 5924 πράγματι
3518 5868 3673 5924 περι-
