4114 6484
461 428 571 494 887

1390 427 1983 489 THEOPHYLACTI
2012 427 2427 488 BULGARIrE
2466 428 2828 492 ARCHIEP.

3614 433 3721 495 888

465 544 887 617 respbndentes,
932 541 1193 601 dixerunt
1234 541 1304 597 ad
1343 555 1481 597 eos:
1512 539 1573 595 Si
1614 541 1826 608 justum
1865 549 1951 596 est
1996 540 2047 594 iu

2155 543 2378 613 ὀνόματι
2406 543 2499 597 τοῦ
2548 543 2745 614 Ἰησοῦ.
2778 543 2837 596 '0
2874 542 2931 596 δὲ
2962 542 3164 614 Πέτρος
3193 545 3285 597 καὶ
3309 543 3563 613 Ἰωάννης
3598 547 3733 599 ἀπο-

462 645 763 708 conspectu
815 634 913 691 Dei
967 649 1065 690 vos
1134 633 1318 704 potius
1380 631 1573 687 audire
1623 647 1790 702 quam
1850 631 2044 696 Deum,

463 727 726 799 indicate.
787 724 906 780 Non
938 726 1083 780 enim
1116 738 1411 795 possumus
1433 737 1556 792 quae
1587 722 1826 777 vidimus
1864 731 1918 776 et
1951 736 2048 775 au-

408 846 411 849 λ
465 824 711 880 divinius
777 836 889 875 non
930 818 1102 889 loqui.
1134 817 1204 872 At
1250 816 1332 870 illi
1368 815 1774 871 comminantes
1825 815 2051 871 dimise-

464 925 596 970 runt
627 929 744 979 eos,
802 926 911 966 non
943 909 1291 966 invenientes
1322 907 1604 978 quomodo
1636 907 1900 978 punirent
1928 922 2045 973 eos,

469 1015 692 1075 propter
716 1000 1004 1072 pepulum,
1037 999 1166 1069 quia
1189 1014 1381 1055 omnes
1408 999 1787 1055 clariﬁcabant
1821 1000 1874 1053 id
1906 999 2048 1070 quod

465 1097 671 1150 factum
697 1094 877 1147 fuerat
908 1092 963 1146 in
993 1106 1058 1146 eo
1083 1090 1229 1161 quod
1264 1090 1565 1147 acciderat.
1592 1094 1877 1147 Annorum
1901 1091 2047 1146 enim

473 1195 598 1244 erat
624 1182 860 1253 amplius
918 1181 1284 1253 quadraginta
1320 1183 1508 1248 homo,
1565 1183 1620 1238 in
1673 1197 1785 1253 quo
1845 1181 2048 1238 factum

463 1276 646 1334 fuerat
673 1275 888 1347 signum
925 1274 1072 1331 istud
1104 1278 1380 1331 sanitatis.

814 1349 895 1431 Ἴ
975 1365 1554 1423 COMMENTARIUS.

536 1460 694 1528 Quod
736 1458 898 1516 Pater
939 1459 1226 1516 Christum
1259 1474 1326 1515 ex
1366 1460 1597 1515 mortuis
1633 1459 1936 1515 suscitasse
1964 1458 2047 1514 di-

466 1560 647 1617 catur,
680 1550 755 1606 ita
810 1559 875 1606 ut
920 1552 1089 1608 etiam
1126 1551 1245 1621 ipsc
1276 1550 1532 1606 Christus
1585 1550 1735 1605 circa
1768 1551 2048 1622 propriam

466 1660 693 1713 carnem
725 1653 986 1714 operatus
1017 1642 1111 1709 sit,
1137 1659 1300 1699 nemo
1327 1644 1665 1700 dubitaverit
1696 1662 1710 1698 :
1742 1659 1871 1715 cum,
1903 1659 2050 1699 entm

468 1738 592 1809 ipse
617 1737 688 1793 sit
710 1737 995 1793 viviticans
1015 1744 1071 1791 et
1099 1735 1291 1805 ellicax
1325 1736 1505 1792 virtus
1532 1734 1731 1803 Patris,
1769 1735 2050 1806 proprium

465 1830 635 1887 etiam
669 1829 968 1884 viviﬁcavit
996 1828 1258 1899 templum
1287 1844 1301 1881 :
1336 1847 1355 1880 ι
1389 1827 1596 1883 Solvite
1643 1828 1815 1893 enim,
1849 1827 2048 1898 inquit,

467 1920 731 1991 templum
772 1921 899 1987 hoc,
969 1929 1024 1977 et
1076 1922 1137 1992 in.
1195 1920 1374 1993 tribus
1432 1920 1629 1978 diebus
1687 1921 1937 1977 excitabo
1985 1922 2051 1976 il-

464 2013 563 2069 lud
606 2012 674 2067 '°.
712 2032 731 2066 ι
775 2013 872 2068 Est
918 2021 975 2068 et
1032 2012 1137 2083 hoc
1199 2012 1365 2083 igitur
1426 2011 1776 2069 manifestum
1826 2027 2051 2083 corpus,

468 2107 616 2178 quod
650 2107 983 2163 viviﬁcatum
1015 2115 1120 2173 est,
1163 2122 1273 2162 non
1303 2106 1542 2161 alienum
1577 2106 1682 2177 ipsi
1740 2122 1917 2177 neque
1947 2105 2052 2160 ali-

465 2199 614 2270 quod
640 2215 704 2256 ex
735 2201 940 2256 nostris
965 2199 1156 2266 fuisse,
1192 2198 1288 2255 sed
1317 2200 1597 2269 prepriutu
1618 2198 1797 2269 ipsius
1835 2197 2021 2267 Verbi.

624 2290 787 2359 212
818 2287 975 2344 Feria
1000 2290 1191 2360 quinta
1228 2289 1583 2345 hebdomadas
1612 2289 1886 2345 secundae.

468 2380 784 2437 Gratiarum
824 2381 966 2436 actio
1000 2382 1064 2445 ab
1115 2380 1356 2435 Ecclesia
1387 2381 1536 2449 facta
1560 2399 1657 2449 pro
1694 2382 1804 2451 ﬁda
1839 2392 2051 2449 aposto-

930 2496 935 2501 τ
1024 2491 1175 2528 orum
1204 2475 1519 2529 constantia.

1108 2563 1410 2621 TEXTUS.

544 2656 633 2723 IV,
650 2658 829 2713 23-31.
854 2657 1071 2719 Dimissi
1095 2664 1279 2712 autem
1310 2663 1575 2713 venerunt
1610 2656 1676 2712 ad
1704 2672 1835 2713 suos
1866 2664 1921 2714 et
1950 2672 2051 2712 an-

467 2749 867 2806 nuntiaverunt
883 2749 964 2805 eis
981 2756 1186 2820 quanta
1204 2749 1273 2804 ad
1293 2764 1387 2805 eos
1404 2749 1684 2821 principes
1700 2750 2050 2807 sacerdotum

469 2850 524 2897 et
556 2842 802 2897 seniores
828 2841 1116 2898 dixissent.
1140 2842 1244 2910 Qui
1279 2856 1404 2897 cum
1442 2842 1748 2909 audissent,
1776 2842 2052 2898 unanimi-

468 2941 556 2990 ter
576 2934 891 2991 levaverunt
912 2948 1097 2989 vocem
1121 2933 1188 2988 ad
1215 2932 1725 2990 Deumetdixerunt
1755 2951 1770 2991 ι
1800 2934 2050 2999 Domine,

473 3037 530 3081 tu
562 3040 644 3090 es,
678 3026 771 3095 qui
798 3025 976 3081 fecisti
1015 3025 1215 3081 caalum
1250 3035 1303 3081 et
1335 3034 1561 3092 terram,
1590 3040 1739 3099 mare
1786 3034 1839 3082 et
1867 3027 2050 3082 omnia

472 3132 595 3190 quae
622 3118 676 3172 in
708 3117 786 3173 eis
820 3125 987 3172 sunt:
1018 3118 1110 3188 qui
1160 3115 1368 3186 Spiritu
1420 3125 1615 3173 sancto
1646 3133 1743 3188 per
1778 3133 1840 3173 os
1877 3118 2050 3188 patris

474 3207 651 3265 nostri
691 3209 882 3273 David,
909 3210 1064 3278 pueri
1100 3208 1200 3276 ttti,
1229 3208 1416 3265 dixisti
1446 3225 1460 3263 :
1494 3208 1675 3274 Quare
1703 3211 2049 3263 fremuerunt

477 3311 696 3373 gentes,
726 3311 781 3358 et
807 3302 992 3373 populi
1023 3301 1273 3365 meditati
1307 3311 1437 3358 sunt
1481 3300 1665 3356 inania
1686 3301 1712 3355 ?
1742 3301 2049 3356 Astiteruat

471 3408 632 3465 reges
681 3401 862 3459 terrae,
917 3378 972 3448 et
1027 3393 1304 3463 principes
1340 3401 1719 3448 convenerunt
1764 3393 1816 3447 in
1878 3407 2048 3447 unum

473 3483 740 3541 adversus
797 3485 1087 3540 Dominum
1137 3496 1192 3540 et
1255 3485 1522 3542 adversus
1557 3484 1834 3541 Christum
1874 3484 2050 3555 ejus?

471 3574 861 3633 Convenerunt
910 3578 1057 3633 enim
1108 3593 1231 3635 rere
1262 3578 1567 3633 incivitate
1622 3577 1727 3633 ista
1783 3576 2051 3633 adversus

470 3675 727 3724 sanctum
771 3666 1008 3731 Puerum
1068 3677 1219 3723 tuum
1251 3667 1438 3724 .lesutn
1484 3684 1645 3739 quem
1681 3669 1885 3725 unxisti
1942 3669 2049 3725 lle-

473 3762 634 3816 rodes
671 3768 727 3815 et
774 3760 1003 3817 Pontius
1053 3761 1283 3826 Pilatus,
1309 3776 1432 3817 cum
1467 3762 1721 3833 gentibus
1752 3770 1805 3817 et
1834 3763 2050 3832 populis

468 3851 659 3927 Israel,
693 3852 875 3911 facere
917 3864 1037 3924 quae
1081 3869 1278 3909 manus
1320 3863 1410 3909 tua
1472 3864 1525 3909 et
1560 3855 1851 3910 consilium
1895 3864 2048 3908 tuum

468 3946 831 4003 decreverunt
852 3946 988 4002 ﬁeri.
1017 3947 1086 4001 Et
1101 3963 1273 4016 nunc,
1291 3947 1537 4015 Domine,
1561 3949 1766 4017 respice
1793 3948 1849 4003 in
1872 3948 2051 4002 minas

468 4052 682 4107 eorum,
723 4046 780 4094 et
822 4039 890 4093 da
926 4039 1101 4095 servis
1150 4040 1262 4095 tuis
1310 4054 1433 4094 cum
1491 4040 1638 4094 omni
1673 4039 1869 4093 ﬁducia
1900 4038 2048 4108 loqui

469 4131 699 4185 verbum
736 4140 914 4197 tuum,
968 4131 1024 4184 in
1064 4145 1130 4186 eo
1171 4130 1318 4200 quod
1350 4145 1571 4185 manum
1604 4140 1751 4185 tuam
1787 4132 2049 4187 emendas

469 4221 539 4276 ad
570 4222 837 4278 sanitates
883 4233 937 4276 et
974 4223 1129 4292 signa
1169 4232 1222 4276 et
1264 4222 1508 4295 prodigia
1554 4224 1668 4279 ﬁeri
1706 4239 1803 4295 per
1847 4240 2046 4279 nomen

471 4314 648 4371 sancti
676 4311 804 4369 Filii
833 4316 911 4368 tui
943 4312 1096 4371 Jesu.
1146 4314 1214 4369 Et
1273 4330 1396 4369 cum
1457 4324 1726 4382 orassent,
1755 4324 1940 4372 motus
1966 4327 2049 4372 est

471 4405 629 4463 locus
680 4406 735 4464 in
786 4422 895 4478 quo
940 4416 1101 4463 erant
1141 4409 1499 4480 congregati:
1561 4418 1616 4466 et
1669 4410 1860 4481 repleti
1919 4416 2048 4465 sunt

469 4511 663 4553 omnes
692 4495 901 4568 Spiritu
937 4508 1152 4565 sancto,
1182 4508 1238 4555 et
1275 4498 1643 4570 loquebantur
1692 4501 1918 4556 verbum
1952 4500 2047 4555 Dei

467 4604 595 4647 cum
626 4590 846 4647 ﬁducia.
1296 4598 1301 4601 ’

970 4683 1537 4741 COMMENTARIUS.

543 4776 763 4830 Clamor
809 4775 987 4831 factus
1029 4785 1116 4833 est
1156 4793 1220 4832 ex
1259 4779 1537 4847 voluptate
1585 4787 1641 4835 et
1670 4779 1868 4835 aﬂ'ectu
1929 4796 2047 4834 ma-

470 4883 687 4939 gnaque
714 4879 978 4939 concepta
1010 4870 1314 4925 alacritate.
1364 4868 1580 4925 Etenim
1614 4873 1897 4927 orationes
1926 4872 2063 4942 qua!

471 4960 539 5012 de
568 4957 692 5013 istis
734 4958 899 5014 rebus
932 4965 987 5014 et
1042 4958 1097 5013 in
1148 4959 1242 5013 tali
1291 4969 1536 5027 tempore
1600 4959 1754 5025 ﬁunt,
1802 4959 2047 5014 eﬂicaces

469 5058 620 5105 sunt.
676 5047 1001 5119 llujusmodi
1046 5066 1177 5106 vero
1220 5061 1354 5107 sunt
1404 5066 1568 5106 voces
1597 5051 1717 5121 ejus
1753 5050 2036 5116 Ecclesiae,

465 5139 612 5196 unde
636 5141 889 5195 universa
931 5141 1175 5195 Ecclesia
1221 5140 1438 5194 initium
1482 5140 1693 5196 habuit.
1724 5141 1883 5195 Tales
1910 5149 2042 5198 sunt

467 5249 635 5290 voces
693 5234 1064 5304 apostolorum
1124 5242 1179 5288 ct
1234 5233 1628 5303 discipulorum
1666 5231 1893 5299 Christi,
1952 5233 2044 5303 qui

473 5337 598 5395 post
618 5327 998 5382 ascensionem
1037 5324 1252 5380 Domini
1285 5341 1413 5381 vere
1435 5325 1663 5396 perfecti
1701 5336 1862 5380 erant
1899 5326 2045 5397 (per-

467 5414 679 5476 iecerat
728 5418 874 5473 enim
918 5432 1016 5473 eos
1058 5416 1301 5487 Spiritus
1338 5424 1588 5488 sanctus)
1619 5426 1796 5488 ,atque
1833 5417 2049 5471 invoca-

473 5511 605 5566 bant
635 5511 831 5577 Deum,
864 5510 956 5580 qui
992 5529 1011 5561 ι
1050 5510 1179 5565 fecit
1210 5511 1407 5565 cmlum
1443 5520 1497 5565 et
1531 5520 1730 5565 terram
1757 5518 1810 5566 et
1837 5527 2038 5576 mare,»

470 5610 525 5656 et
548 5618 642 5671 per
678 5604 975 5671 prophetas
1008 5602 1338 5674 praedicatus
1360 5613 1466 5658 est.
1504 5601 1848 5673 Quapropter
1878 5604 2040 5658 etiam

468 5692 594 5748 illos
643 5693 851 5748 audivit
899 5694 1145 5750 omnium
1201 5694 1382 5765 opifex
1438 5695 1603 5749 Deus.
1668 5694 1897 5749 «Motus
1956 5705 2039 5750 est

544 5876 588 5907 ²’
620 5873 777 5928 Joan.
806 5888 862 5939 tt,
905 5876 989 5931 l9.

2152 632 2435 704 κριθέντες
2462 634 2598 705 πρὸς
2628 634 2825 699 αὐτοὺς
2881 629 3072 687 εἷπον·
3109 635 3171 687 Εἰ
3201 634 3411 689 δίκαιόν
3448 637 3597 689 ἐστιν
3643 637 3735 690 ἐν·

2150 725 2323 780 ώπιον
2364 725 2459 779 τοῦ
2494 724 2630 778 Θεοῦ
2663 725 2817 795 ὑμῶν
2865 724 3084 779 ἀκούειν
3116 725 3340 795 μᾶλλον,
3373 725 3408 796 ἦ
3456 727 3550 780 τοῦ
3575 727 3735 793 Θεοῦ,

2151 816 2395 887 κρίνατε.
2451 816 2526 869 Οὐ
2576 814 2854 884 δυνάμεθα
2910 815 3019 885 γάρ
3054 816 3237 885 ἡμεῖς,
3292 815 3330 871 ἀ
3385 815 3601 888 εἴδομεν
3641 819 3734 871 καὶ

2151 908 2490 979 ἠκούσαμεν,
2515 908 2591 978 μὴ
2621 907 2825 963 λαλεῖν.
2866 909 2931 961 Οἱ
2950 907 3009 960 δέ
3030 908 3600 979 προσαπειλησάμενοι
3628 910 3738 963 an-
3803 891 3814 901 ”

2152 1003 2351 1057 ἐλυσαν
2376 1001 2600 1067 αὐτοὺς,
2625 1001 2794 1072 μηδὲν
2816 1001 3162 1074 εὑρίσκοντες
3181 1001 3239 1054 τὸ
3252 1002 3368 1064 πῶς
3398 1000 3735 1056 κολάσωνται

2150 1096 2370 1159 αὐτοὺς,
2387 1093 2476 1147 διὰ
2498 1093 2591 1147 τὸν
2606 1092 2758 1157 λαὸν,
2776 1094 2856 1147 ὅτι
2883 1096 3084 1159 πάντες
3111 1093 3360 1161 ἐδόξαζον
3379 1095 3470 1148 τὸν
3487 1095 3618 1149 Θεὸν
3640 1096 3735 1150 ἐπὶ

2150 1187 2231 1259 τῷ
2252 1186 2520 1255 γεγονότι.
2550 1186 2720 1241 Ἐτῶν
2747 1185 2856 1259 γὰρ
2880 1182 2949 1259 ἦν
2982 1185 3247 1241 πλειόνων
3272 1188 3683 1258 τεσσαράκοντα
3707 1189 3737 1241 ὁ

2151 1282 2248 1339 ἄνθ
2255 1298 2438 1353 ρωπος
2460 1279 2546 1349 ἐφ’
2565 1280 2624 1334 ὃν
2649 1280 2892 1349 ἐγεγόνει
2909 1279 2969 1332 τὸ
2987 1294 3052 1349 ση
3063 1280 3211 1348 μεῖον
3224 1277 3385 1332 τοῦτο
3400 1279 3500 1343 τῖες
3520 1280 3733 1342 ἰάσεως.

2749 1373 3104 1427 EPMHNEIA
3118 1412 3132 1426 .

2224 1469 2350 1521 Ὅτι
2387 1468 2489 1539 μὲν
2535 1469 2564 1522 ὁ
2617 1467 2808 1538 Πατὴρ
2832 1468 2898 1520 ἐκ
2930 1466 3142 1536 νεκρῶν
3172 1466 3479 1535 ἀναστῆσαι
3513 1465 3732 1531 λεγεται

2150 1559 2243 1612 τὸν
2265 1557 2523 1629 Χριστὸν,
2562 1556 2957 1629 ἐνεργουμένου
2996 1557 3240 1627 δηλονότι
3271 1557 3399 1625 περὶ
3427 1556 3526 1628 τὴν
3557 1557 3736 1626 σάρκα

2154 1647 2320 1700 αὑτοῦ
2354 1648 2447 1700 τοῦ
2480 1646 2831 1719 πράγματος,
2863 1648 2966 1701 οὐκ
2996 1647 3064 1701 ἂν
3088 1646 3384 1700 ἐνδοιάσειὲ
3413 1662 3528 1710 τιςο
3570 1646 3734 1708 αὐτός

2154 1753 2216 1790 τε
2258 1736 2523 1808 ὑπάρχων
2549 1738 2583 1806 ἡ
2621 1737 2884 1802 ζωοποιὸς
2913 1755 2973 1790 τε
3002 1739 3095 1792 καὶ
3128 1738 3360 1808 ἐνεργὴς
3387 1738 3619 1802 δύναμις
3638 1737 3732 1790 τοῦ

2156 1831 2390 1901 Πατρὸς,
2415 1830 2508 1885 τὸν
2536 1829 2665 1884 ἴδιον
2692 1830 2978 1894 ἐζωοποίει
3001 1832 3147 1885 ναόν.
3179 1850 3198 1882 ι
3223 1829 3577 1883 Καταλύσατε
3601 1831 3733 1899 γὰρ,

2120 1922 2126 1947 ⁵
2159 1925 2317 1996 φησὶ,
2352 1923 2444 1977 τὸν
2475 1923 2603 1978 ναὸν
2623 1922 2834 1988 τοῦτον,
2863 1922 2959 1977 καὶ
2988 1923 3046 1976 ἐν
3071 1922 3252 1991 τρισὶν
3289 1922 3527 1992 ἡμέραις
3556 1922 3734 1991 ἐγερῶ

2154 2015 2341 2069 αὐτόν.
2371 2033 2390 2067 ι
2434 2016 2547 2068 Καὶ
2580 2013 2739 2068 τοῦτο
2782 2008 2876 2068 οὖν
2924 2013 3190 2085 πρόδηλον
3235 2007 3303 2084 ἦν
3350 2013 3479 2083 ἄρα,
3510 2014 3572 2066 τὸ
3603 2006 3738 2077 ζωο-

2156 2106 2482 2177 ποιούμενον
2511 2106 2611 2160 οὐκ
2648 2105 2950 2176 ἀλλότριον,
2976 2105 3102 2160 οὔτε
3136 2105 3242 2177 μὴν
3271 2105 3381 2158 τῶν
3432 2104 3555 2158 καθ’
3589 2106 3739 2175 ἡμᾶς

2154 2197 2481 2268 ἀνθρώπων,
2510 2196 2627 2250 ἀλλ’
2664 2195 2794 2250 ἴδιον
2824 2195 2991 2250 αὐτοῦ
3024 2197 3119 2250 τοῦ
3146 2197 3325 2265 Λόγου
3357 2195 3538 2266 σῶμα.

2579 2290 2660 2360 Τῇ
2694 2289 2736 2341 ε’
2767 2288 2865 2359 τῆς
2910 2286 2954 2358 β’
2987 2277 3305 2359 ἑϐδομάδος.

2156 2382 2528 2450 Εὐχαριστία
2553 2380 2674 2436 ἀπὸ
2700 2379 2807 2448 τῆς
2850 2382 3217 2447 Ἐκκλησίας
3250 2383 3403 2452 ὑπὲρ
3432 2383 3587 2458 [τῆς]
3619 2383 3743 2440 τῶν

2453 2473 2814 2528 ἀποστόλων
2846 2475 3073 2541 πιστῆς
3105 2477 3438 2545 καρτερίας.

2748 2564 3137 2619 ΚΕΙΜΕΝΟΝ.

2241 2655 2630 2720 Ἀπολυθέντες
2655 2655 2711 2709 δὲ
2735 2651 2900 2726 ἦλθον
2921 2655 3056 2727 πρὸς
3086 2654 3212 2722 τοὺς
3236 2657 3420 2722 ἰδίους,
3443 2658 3538 2711 καὶ
3559 2659 3742 2729 ἀπήγ-

2156 2744 2343 2814 γειλαν
2375 2746 2476 2798 ὅσα
2527 2746 2664 2815 πρὸς
2715 2747 2913 2810 αὐτοὺς
2947 2748 2995 2801 οἱ
3044 2748 3322 2819 ἀρχιερεῖς
3372 2749 3469 2803 καὶ
3515 2751 3565 2803 οἱ
3600 2768 3739 2822 πρε-

2159 2838 2414 2910 σϐύτεροι
2447 2834 2623 2895 εἷπον.
2654 2841 2716 2892 0E
2741 2840 2797 2894 δὲ
2831 2840 3186 2905 ἀκούσαντες,
3219 2841 3565 2911 ὁμοθυμαδὸν
3593 2838 3736 2912 ἦραν

2157 2933 2342 3001 φωνὴν
2372 2931 2511 3001 πρὸς
2534 2931 2629 2985 τὸν
2654 2931 2788 2984 Θεὸν
2819 2932 2912 2986 καὶ
2936 2928 3091 2986 εἷπον
3112 2950 3127 2965 ·
3158 2933 3428 3000 Δέσποτα,
3460 2934 3524 2986 σὺ
3554 2936 3582 2987 ὁ
3606 2934 3739 2998 Θεὸς

2155 3026 2181 3077 ὁ
2201 3025 2435 3094 ποιήσας
2455 3024 2546 3076 τὸν
2566 3024 2624 3076 ού
2636 3023 2816 3094 ρανὺν,
2839 3023 2931 3078 καὶ
2955 3024 3054 3095 τὴν
3070 3025 3173 3093 γῆν
3197 3026 3291 3079 καὶ
3312 3026 3409 3094 τὴν
3435 3025 3736 3092 θάλασσαν,

2155 3117 2250 3169 καὶ
2278 3116 2457 3170 πάντα
2472 3116 2541 3169 τὰ
2567 3117 2623 3169 ἐν
2645 3116 2848 3179 αὐτοῖς,
2877 3118 2904 3169 ὁ
2923 3116 3008 3169 διὰ
3034 3117 3300 3186 στόματος
3321 3117 3484 3170 Δαϐἰδ
3500 3117 3594 3170 τοῦ
3616 3135 3744 3171 παι-

2077 3238 2122 3302 ε
2154 3208 2242 3272 δός
2265 3226 2358 3261 σου
2381 3207 2549 3262 εἰπών
2566 3224 2579 3237 ·
2601 3209 2719 3262 ’Ὶνα
2746 3208 2797 3260 τε
2817 3209 3096 3280 ἐφρύαξαν
3123 3209 3272 3280 ἔθνη,
3294 3210 3388 3264 καὶ
3410 3211 3529 3263 λαοὶ
3555 3210 3740 3280 ἐμελὲο

2102 3299 2118 3315 ³
2152 3317 2324 3368 τησαν
2343 3300 2513 3365 κενά;
2548 3299 2904 3369 Παρέστησαν
2930 3301 2979 3353 οἱ
3004 3299 3243 3369 βασιλεῖς
3278 3303 3375 3372 τῆς
3414 3302 3537 3370 γῆς,
3566 3303 3659 3355 καὶ
3686 3303 3740 3356 οἱ

2151 3393 2408 3462 ἄρχοντες
2435 3391 2780 3463 συνήχθησαν
2801 3393 2889 3444 ἐπὶ
2910 3392 2969 3445 τὸ
2987 3393 3117 3446 αύτό
3134 3394 3274 3446 κατὰ
3303 3393 3398 3446 τοῦ
3425 3395 3625 3464 Κυρίου
3645 3395 3742 3450 καὶ

2153 3485 2295 3538 κατά
2320 3484 2413 3537 τοῦ
2454 3482 2693 3554 Χριστοῦ
2726 3482 2915 3537 αὐτοῦ·
2952 3484 3299 3555 συνήχθησαν
3337 3485 3447 3554 γὰρ
3481 3487 3568 3539 ἐπ’
3599 3487 3738 3556 άλη-

2154 3575 2306 3640 θεῖας
2333 3576 2427 3629 ἐπὶ
2458 3577 2550 3629 τὸν
2582 3575 2741 3644 ἅγιον
2774 3576 2947 3633 Παῖδά
2979 3594 3073 3631 σου
3131 3576 3363 3648 Ἰησοῦν,
3393 3580 3450 3633 ὃν
3486 3579 3737 3651 ἔχρισας,

2164 3667 2416 3739 Ἡρώδης
2467 3688 2527 3723 τε
2575 3672 2668 3722 καὶ
2720 3670 2944 3733 Πόντιος
2996 3671 3229 3736 Πιλᾶτος
3271 3673 3367 3726 σῦν
3412 3672 3589 3727 ἔθνεσι
3640 3678 3739 3728 καὶ

2151 3763 2303 3825 λαοῖς
2337 3761 2578 3832 Ἰσραὴλ,
2627 3761 2854 3830 ποιῆσαι
2882 3763 2985 3816 ὅσα
3018 3765 3050 3832 ἡ
3094 3764 3216 3834 χείρ
3252 3782 3344 3817 σου
3379 3766 3474 3818 καὶ
3504 3768 3534 3834 ἡ
3567 3765 3733 3835 βουλή

2154 3871 2248 3906 σου
2277 3854 2555 3925 προώρισε
2609 3854 2865 3921 γενέσθαι
2893 3871 2908 3885 ·
2966 3855 3061 3908 καὶ
3097 3856 3167 3909 τά
3201 3855 3317 3922 νῦν,
3348 3857 3539 3927 Κύριε,
3582 3857 3731 3910 ἔπιδε

2152 3946 2244 3998 ἐπὶ
2273 3946 2371 4008 τὰς
2392 3945 2623 4008 ἀπειλάς
2655 3945 2855 4009 αὐτῶν,
2878 3948 2971 3999 καὶ
2993 3945 3082 4010 δὸς
3103 3949 3215 4011 τοῖς
3241 3947 3447 4009 δούλοις
3473 3965 3567 4001 σου
3591 3969 3622 4016 μ
3635 3948 3736 4003 ετά

2156 4038 2472 4109 παρρησίας
2517 4039 2701 4108 πάσης
2749 4038 2931 4091 λαλεῖν
2963 4039 3053 4091 τὸν
3082 4040 3239 4107 λόγον
3265 4057 3380 4102 σου,
3418 4044 3475 4093 ἐν
3511 4041 3588 4108 τῷ
3631 4041 3735 4112 τὴν

2151 4126 2310 4196 χεῖρά
2343 4143 2437 4179 σου
2484 4126 2747 4179 ἐκτείνειν
2783 4144 2842 4179 σε
2891 4129 2972 4190 εἰς
3018 4128 3185 4191 ἴασιν,
3236 4130 3328 4181 καὶ
3368 4132 3575 4199 σημεῖα
3628 4132 3736 4185 καὶ

2148 4217 2358 4287 τέρατα
2395 4215 2643 4283 γίνεσθαι
2667 4215 2754 4269 διὰ
2793 4217 2888 4270 τοῦ
2916 4217 3180 4287 ὀνόματος
3204 4219 3300 4272 τοῦ
3349 4220 3507 4283 ἁγίου
3536 4220 3735 4286 Παιδὸς

2154 4326 2247 4362 σου
2280 4307 2481 4376 Ἰησοῦ.
2515 4309 2626 4361 Καὶ
2651 4309 2962 4380 δεηθέντων
2988 4311 3170 4365 αὐτῶν
3202 4312 3472 4381 ἐσαλεύθη
3504 4315 3532 4365 ό
3564 4313 3734 4378 τόπος

2152 4404 2210 4455 ὲν
2248 4395 2294 4468 ᾧ
2329 4396 2470 4471 ἦσαν
2524 4402 2889 4471 συνηγμένοι·
2947 4403 3042 4456 καὶ
3095 4404 3446 4476 ἐπλήσθησαν
3493 4405 3736 4470 ἅπαντες

2153 4495 2473 4565 Πνεύματος
2525 4493 2707 4561 ἁγίου,
2744 4495 2839 4547 καὶ
2886 4495 3113 4550 ἐλάλουν
3148 4496 3243 4551 τὸν
3287 4497 3445 4568 λόγον
3473 4498 3567 4552 τοῦ
3592 4500 3734 4553 Θεοῦ

2075 4589 2129 4650 D
2160 4587 2298 4658 μετά
2333 4586 2666 4658 παρρησίας.

2767 4678 3147 4736 EPMHNEM.

2229 4771 2463 4842 Κραυγὴ
2484 4770 2711 4839 γέγονεν
2747 4771 2855 4824 ἀπὸ
2891 4772 3106 4841 ἡδονῆς,
3144 4774 3235 4827 καὶ
3277 4774 3591 4836 διαθέσεως,
3635 4777 3735 4828 καὶ

2150 4864 2389 4932 σπουδῆς
2413 4862 2644 4932 πολλῆς.
2674 4863 2739 4916 Αἱ
2772 4861 3019 4917 τοιαῦται
3044 4864 3154 4935 γὰρ
3184 4865 3437 4919 ἀνύουσιν
3464 4866 3638 4936 εὐχαὶ,
3670 4870 3735 4918 αἱ

2151 4958 2282 5025 περὶ
2309 4953 2569 5007 τοιούτων
2612 4953 2918 5023 γινόμεναι,
2948 4956 3042 5007 καὶ
3094 4956 3152 5008 ἐν
3198 4956 3462 5020 τοιούτοις
3489 4963 3733 5028 καιροῖς.

2150 5048 2407 5101 Τοιαῦται
2418 5047 2474 5099 δὲ
2491 5047 2668 5116 φωναὶ
2682 5046 2779 5115 τῆς
2800 5046 3152 5118 Ἐκκλησὶας,
3171 5048 3229 5114 ἐξ
3244 5043 3309 5121 ἧς
3337 5051 3484 5104 πᾶσα
3496 5050 3734 5120 ἔσχηκεν

2152 5145 2186 5214 ἡ
2226 5143 2521 5213 Ἐκκλησία
2552 5142 2651 5212 τὴν
2673 5143 2871 5213 ἀρχήν.
2898 5138 3065 5196 Αῦται
3092 5145 3147 5196 αἱ
3170 5146 3343 5213 φωναὶ
3371 5145 3481 5197 τῶν
3497 5146 3731 5198 ἀποστό-

2154 5244 2261 5288 λων
2288 5235 2385 5287 καὶ
2420 5232 2680 5303 μαθητῶν
2705 5233 2799 5287 τοῦ
2827 5232 3089 5304 Χριστοῦ,
3113 5236 3222 5287 τῶν
3247 5235 3464 5306 ἀληθῶς
3484 5237 3728 5302 τελείων,

2162 5327 2299 5389 μετά
2326 5324 2426 5395 τὴν
2460 5324 2726 5395 ἀνάληψιν
2760 5323 2855 5378 τοῦ
2892 5326 3117 5397 Κυρίου,
3149 5326 3238 5380 διὰ
3286 5328 3380 5382 τοῦ
3414 5329 3735 5398 Πνεύματος

2155 5413 2575 5476 τελειωθέντων,
2630 5414 2725 5467 καὶ
2781 5415 3231 5487 ἐπικαλουμένων
3268 5416 3359 5471 τὸν
3411 5418 3575 5483 Θεὸν,
3636 5420 3735 5473 τὸν
3792 5452 3829 5478 ρ

2150 5530 2178 5561 .‹
2213 5510 2518 5580 ποιήσαντα
2549 5509 2640 5561 τὸν
2667 5509 2919 5579 οὐρανὸν,
2954 5511 3049 5563 καὶ
3084 5509 3179 5581 τὴν
3211 5512 3332 5581 γῆν,
3377 5515 3471 5566 καὶ
3504 5512 3602 5584 τὴν
3634 5513 3739 5570 (ἕκα-

2153 5601 2382 5666 λασσαν,
2422 5619 2442 5651 ι
2478 5599 2567 5653 τὸν
2598 5600 2687 5654 διὰ
2710 5601 2819 5655 τῶν
2851 5602 3147 5673 προφητῶν
3174 5607 3605 5677 κεκηρυγμένον.
3636 5611 3733 5662 Διὸ

2151 5694 2245 5746 καὶ
2310 5692 2618 5762 ἐπήκουσεν
2669 5691 2851 5746 αὐτῶν
2906 5692 2935 5744 ὁ
2998 5692 3230 5765 ποιητὴς
3285 5694 3502 5749 πάντων
3568 5698 3727 5763 Θεὸς.
3778 5740 3785 5743 -
