4114 6418
377 374 490 439 939
618 418 627 427 .
1065 368 1602 431 EXPOSITIONIS
1627 365 1712 426 IN
1742 364 1931 424 ACTA
1958 361 2259 423 TEXTUS
2296 360 2568 422 ALTER.
2605 386 2674 397 --
2712 361 2869 419 CAP.
2898 359 2994 418 1V.
3518 354 3621 416 890

388 510 410 544 ι
449 486 745 558 Ἐσαλεύθη
777 489 907 558 γὰρ,
948 488 1136 557 φησιν,
1183 487 1211 537 6
1239 485 1428 547 τόπος,
1475 484 1533 535 ἐν
1568 474 1612 550 ᾧ
1657 475 1799 551 ἦσαν
1832 495 1953 530 σνν-
1981 481 2009 536 Δ

2095 478 2226 542 nim,
2273 478 2483 550 inquit.
2535 477 2689 531 locus
2753 476 2808 528 in
2873 490 2980 545 quo
3022 482 3178 527 erant
3223 472 3568 541 congregati;
3601 491 3619 522 ι

378 582 635 654 ηγμένοι.
669 599 688 632 ι
727 580 1042 651 Ἰἐκμήριον
1071 577 1167 631 τοῦ
1201 576 1536 646 ἀκουσθῆναι
1572 573 1769 636 αὐτοὺς
1795 569 1957 625 τοῦτο

2095 570 2201 624 uod
2234 569 2357 624 illos
2397 568 2564 623 fuisse
2595 568 2876 622 exauditos
2917 566 3286 637 signitimbat.
3324 585 3342 614 σ
3389 563 3491 630 Qui
3534 578 3625 631 per

381 674 628 744 γεγονός.
688 691 708 725 ι
739 671 800 726 '0
846 671 936 725 διὰ
985 670 1275 741 στόματος.
1312 688 1329 718 ι
1383 667 1656 737 Καθάπερ
1682 663 1957 732 συνθήκας

2097 677 2144 717 s.
2181 681 2201 716 ι
2235 659 2409 716 Ροιτο
2472 660 2628 731 quasi
2674 667 2830 729 pacta
2879 674 2910 713 a
2938 657 3048 713 Deo
3091 657 3395 725 exigentes,
3424 654 3477 708 in
3513 669 3627 708 me-

384 764 747 828 ἀπαιτοῦντες
783 764 877 819 τὸν
931 763 1088 831 Θεὸν,
1125 762 1231 833 τὴν.
1276 760 1615 833 προφητείαν
1659 760 1739 820 εἰς
1794 755 1961 827 μέσον

2097 755 2209 808 ium
2253 752 2487 809 aﬁerunt
2536 750 2878 822 prophetiam
2936 763 3105 819 seque
3159 748 3310 817 ipsos
3337 744 3629 799 consolan-

385 858 634 928 ἄγουσιν,
668 856 786 928 ἅμα
806 855 904 911 καὶ
934 855 1163 916 ἑαυτοὺς
1192 851 1697 924 παραμυθούμενοι,
1727 850 1809 903 ὅτι
1836 846 1960 915 εικῆ

2095 861 2174 909 ur,
2210 844 2354 916 quod
2382 844 2565 900 omnia
2592 841 2794 897 frustra
2824 840 3160 895 meditentur
3190 837 3418 892 inimici.
3455 834 3632 898 Istud,

386 951 570 1006 πάντα
600 966 623 1003 ι
648 948 967 1004 Μελετῶσιν
1005 966 1025 1000 ι
1061 947 1112 1000 οἱ
1150 944 1354 1018 ἐχθροί.
1405 945 1657 1008 Ἐκεῖνα,
1705 939 1872 1012 φησὶν
1892 937 1959 1003 ²⁴⁵,

2095 938 2279 993 cilicet
2313 937 2486 1001 aiunt,
2520 934 2588 990 ad
2632 934 2841 989 exitum
2893 931 3089 996 deduc,
3125 940 3178 985 et
3220 928 3466 987 ostende.
3500 940 3633 995 qao-

387 1044 473 1106 είς
501 1040 677 1113 πέραν
698 1039 873 1108 ἄγαγε
904 1040 1000 1094 καὶ
1019 1016 1212 1104 δεῖξον,
1238 1039 1320 1091 ὃτι
1347 1055 1367 1089 ι
1393 1035 1541 1091 Κενά
1568 1033 1959 1106 ἐμελέτησανί

2095 1029 2213 1082 liam
2251 1045 2270 1078 ι
2307 1026 2553 1081 meditati
2587 1030 2719 1078 sunt
2754 1022 2941 1077 inania
2970 1022 3014 1054 “
3049 1039 3062 1076 :
3096 1039 3115 1072 ι
3163 1021 3237 1074 ita
3266 1027 3322 1074 et
3349 1032 3499 1072 nunc
3529 1016 3636 1077 fac.

389 1102 537 1187 οὕτω
563 1102 659 1187 καὶ
700 1102 796 1185 vim
821 1102 962 1185 *κενὰ
993 1102 1286 1201 μελετῆσαι
1319 1128 1505 1191 αὐτοῖς
1538 1102 1627 1190 δός
1647 1143 1661 1159 ·
1694 1102 1963 1188 τουτέστι,

2095 1126 2128 1171 ιι
2163 1117 2252 1172 isti
2289 1116 2475 1170 inania
2497 1113 2832 1169 meditentur
2862 1129 2880 1179 ;
2917 1112 3022 1165 hoc
3055 1102 3158 1177 est,
3199 1125 3268 1164 ne
3317 1107 3384 1161 ad
3413 1122 3552 1178 opus
3586 1105 3638 1159 id

396 1225 474 1297 μὴ
521 1226 603 1289 είς
650 1224 811 1297 ἔργον
840 1195 1048 1278 ἔλθοιεν
1097 1225 1153 1277 αί
1179 1195 1431 1277 ’ἀπειλαὶ
1467 1220 1668 1276 αὐτῶν.
1695 1219 1882 1274 Ταῦτα
1911 1218 1967 1271 δέ

2095 1209 2230 1280 313
2260 1208 2405 1280 quod
2446 1207 2855 1262 comminantur
2911 1203 3185 1259 deducere
3236 1200 3474 1272 possint.
3514 1195 3640 1251 Haec

393 1315 583 1383 ἔλεγον
606 1315 706 1368 οὐκ
738 1315 895 1369 αὐτοὶ
922 1313 1353 1384 παραιτούμενοι
1378 1311 1639 1387 δυσχερές
1668 1327 1720 1363 τι
1752 1309 1966 1373 παθεῖν,
2002 1312 2009 1324 ⁴

2095 1312 2252 1359 ιυιοιιι
2287 1299 2561 1364 dicebant,
2591 1313 2698 1352 non
2733 1295 2879 1367 quod
2912 1295 3139 1350 molesta
3164 1294 3272 1364 pati
3304 1292 3641 1361 refugerent,

395 1379 514 1460 am
540 1405 684 1476 ὑπὲρ
726 1404 820 1457 τοῦ
852 1379 1230 1476 κηρύγματος,
1268 1403 1344 1457 Οὐ
1375 1379 1687 1473 γὰρ’-εἶπον,
1718 1399 1831 1453 Καὶ
1882 1399 1970 1465 ἐξ·

2095 1393 2168 1449 .ed
2217 1408 2286 1447 ne
2339 1390 2617 1461 Evangelii
2682 1387 3001 1459 praedicatio
3086 1384 3466 1455 impediretur.
3527 1379 3643 1434 Non

396 1497 523 1552 ελοῦ
544 1471 947 1552 τῶν-κινδύνων
976 1471 1143 1566 ἡμᾶς,
1176 1494 1334 1559 ἀλλὰ,
1375 1471 1475 1558 Δὸς
1504 1496 1614 1557 τοῖς
1639 1493 1843 1554 δούλοις
1876 1508 1970 1544 σου

2095 1486 2215 1540 :nim
2241 1482 2465 1538 dicunt:
2508 1501 2526 1534 ι
2560 1481 2626 1536 Et
2645 1497 2777 1537 erue
2801 1495 2904 1535 nos
2933 1495 2963 1534 a
2991 1477 3269 1549 periculis,
3296 1495 3316 1528 ι
3347 1474 3441 1531 sed
3466 1490 3481 1527 :
3511 1491 3532 1525 ι
3570 1471 3647 1524 Da

403 1588 545 1659 μετὰ
584 1588 901 1659 παρρησίας
944 1604 1126 1657 πασης
1155 1587 1339 1640 λαλεῖν
1376 1587 1468 1639 τὸν
1495 1585 1653 1652 λόγον
1689 1601 1805 1637 σου.
1834 1582 1975 1652 Φρό-

2095 1576 2255 1632 iervis
2285 1574 2394 1630 tuis
2423 1589 2546 1629 cum
2578 1573 2726 1628 omni
2753 1572 2950 1626 fiducia
2980 1569 3127 1640 loqui
3153 1568 3378 1623 verbum
3420 1574 3595 1620 tuum.
3629 1583 3648 1614 ι

400 1657 554 1750 αγμα
584 1680 642 1733 δέ
669 1657 789 1732 ἐστι
819 1679 879 1731 τὺ
910 1678 1196 1746 ἀλόγιστον
1228 1677 1454 1748 κίνημα.
1478 1677 1730 1744 Τέσσαρα
1755 1674 1811 1728 δέ
1843 1689 1975 1742 φησι

2095 1667 2355 1723 Fremitus
2410 1676 2593 1721 autem
2654 1672 2738 1720 cst
2766 1674 2970 1726 motus,
3006 1677 3104 1717 seu
3164 1668 3397 1714 conatus
3455 1657 3655 1712 rationi

401 1772 558 1841 γένη,
590 1770 659 1825 τὰ
686 1771 964 1823 συστάντα
996 1768 1140 1822 κατά
1171 1768 1267 1821 τοῦ
1304 1767 1567 1839 Χριστοῦ,
1601 1764 1751 1834 ἔθνη,
1788 1763 1973 1828 λαοὺς,

2095 1758 2418 1815 :ontrarius.
2455 1756 2706 1823 Quatuor
2763 1768 2892 1809 vero
2936 1751 3186 1807 nominat
3229 1762 3429 1819 genera
3468 1752 3658 1803 eorum

406 1863 647 1934 βασιλεῖς
673 1879 732 1915 τε
759 1863 854 1915 καὶ
878 1863 1147 1932 ἄρχοντας
1170 1876 1183 1893 ·
1214 1859 1324 1913 τῶν
1362 1860 1460 1929 μὲν
1491 1857 1663 1911 ἐθνῶν
1695 1856 1823 1918 ἴσως
1855 1856 1977 1917 τοὺς
2008 1868 2009 1871 ‘

2095 1854 2174 1924 qui
2208 1852 2501 1908 astiterunt
2535 1850 2801 1904 adversus
2826 1845 3105 1902 Christum
3153 1862 3167 1898 :
3214 1854 3412 1910 nempe
3439 1847 3658 1909 gentes,

404 1955 719 2025 ἀλλοτρίους
763 1953 1067 2025 δηλούντων
1136 1953 1235 2023 τῆς
1287 1951 1572 2013 πίστεως,
1621 1946 1811 2017 ὥσπερ
1854 1946 1982 2008 τοὺς

2095 1946 2337 2017 populos,
2394 1942 2551 2013 reges
2588 1951 2642 1996 et
2700 1940 3000 2010 principes.
3047 1935 3151 1991 Per
3192 1942 3383 2004 gentes
3448 1931 3660 1985 alienos

408 2046 745 2116 στρατιώτας
783 2046 910 2109 τοὺς
961 2045 1314 2116 φρυάξαντας
1364 2043 1485 2096 κατ’
1539 2039 1739 2096 αὐτοῦ·
1788 2037 1896 2091 τῶν
1924 2037 1981 2090 δὲ

2095 2055 2114 2092 a
2151 2038 2256 2092 fide
2288 2035 2526 2091 fortasse
2568 2032 2882 2102 significat,
2934 2028 3100 2084 veluti
3158 2025 3356 2080 milites
3398 2022 3491 2092 qui
3550 2020 3662 2075 fre-

406 2112 551 2193 λαών
577 2138 705 2202 τοὺς
731 2139 795 2191 ἐκ
821 2112 1159 2208 «spirata-71¢
1198 2154 1218 2188 ι
1254 2133 1403 2189 Κενὰ
1430 2131 1541 2203 γὰρ
1568 2129 1926 2199 ἐμελέτησαν,
1960 2145 1979 2178 ιν

2095 2138 2342 2186 muerunt
2371 2126 2639 2183 adversus
2667 2123 2973 2179 Christum.
3006 2118 3201 2186 Populi
3257 2122 3410 2181 sunt,
3456 2112 3551 2182 qui
3593 2127 3663 2166 ex

408 2231 536 2294 τοὺς
575 2232 862 2307 προφήτας
893 2228 1281 2299 φονεύσαντες,
1309 2228 1402 2281 τὸν
1427 2227 1485 2280 ἐν
1529 2225 1713 2285 αὐτοῖς
1751 2219 1989 2291 Χριστὸν

2095 2218 2553 2284 circumcisione;
2584 2215 2770 2271 inania
2798 2212 2944 2269 enim
2974 2207 3225 2265 meditati
3255 2212 3406 2269 sunt,
3432 2203 3667 2272 prophe-

416 2323 494 2397 μὴ
519 2324 848 2394 νοήσαντεςο
880 2322 990 2377 τῶν
1035 2322 1093 2376 δέ
1141 2319 1408 2391 βασιλέων
1465 2318 1565 2387 τῆς
1600 2318 1703 2386 γῆς
1737 2313 1832 2367 καὶ
1877 2311 1987 2365 τῶν

413 2415 710 2486 ἀρχόντων,
730 2413 977 2487 Ἡρώδην
1001 2431 1060 2467 τε
1090 2413 1186 2466 καὶ
1210 2412 1433 2466 Πόντιον
1456 2408 1711 2469 Πιλάτον,
1740 2405 1834 2460 καὶ
1862 2404 1990 2468 τοὺς

414 2507 683 2577 ἄρχοντας
737 2505 847 2560 τῶν
893 2505 1186 2559 Ἰουδαίων.
1240 2503 1316 2556 Τὸ
1359 2502 1415 2556 δὲ
1463 2502 1810 2573 παραστῆναι
1864 2498 1992 2560 τοὺς

418 2597 658 2669 βασιλεῖς
695 2598 893 2660 εἰπεῖν,
950 2597 1109 2650 τοῦτο
1164 2591 1321 2666 οἶμαι
1369 2591 1783 2662 συνεμφαίνειν,
1828 2591 1862 2662 ἢ
1909 2589 1993 2643 ὅτι

420 2684 927 2754 συμπεφωνήκασιν
953 2682 1227 2753 ἀλλήλοις,
1263 2682 1360 2737 καὶ
1412 2682 1492 2744 είς
1525 2679 1852 2750 συμϐίὸασιν
1901 2680 1994 2732 καὶ

420 2775 604 2846 φιλίαν
645 2776 845 2847 ήκασιν
881 2776 1128 2847 Ἡρώδης
1165 2791 1225 2827 τε
1267 2775 1363 2829 καὶ
1404 2773 1625 2835 Πόντιος
1650 2770 1881 2833 Πιλάτος
1917 2768 1996 2838 (ἐν

422 2869 595 2943 ἔχθρᾳ
621 2869 730 2940 γὰρ
783 2868 936 2931 ὄντες
990 2867 1129 2939 πρὸς
1163 2866 1426 2937 ἀλλήλους
1466 2865 1528 2919 τὸ
1561 2863 1850 2934 πρότερον,
1895 2860 1997 2929 τῆς

425 2961 812 3033 ωμὸιὸάσεως
840 2958 1021 3013 αὐτῶν
1083 2958 1183 3025 τῆς
1234 2958 1314 3021 είς
1365 2956 1568 3026 φιλίαν,
1605 2955 1666 3011 τὸ
1695 2952 1837 3008 κατὰ
1866 2953 2000 3022 Χρι-

428 3055 557 3130 στὸν
583 3053 845 3125 πρόξενον
883 3055 1077 3121 γέγονε
1104 3050 1327 3121 θράσος)
1345 3066 1359 3080 ·
1389 3050 1427 3120 ἢ
1458 3049 1564 3111 ὅτι,
1592 3048 1770 3103 καίτοι
1798 3045 1860 3100 τὸ
1907 3046 2001 3112 ἀρ-

2088 2326 2175 2373 tas
2202 2314 2539 2377 occidentes,
2593 2308 2985 2376 Christumque
3029 2302 3089 2357 in
3132 2300 3268 2371 ipsis
3321 2314 3430 2353 non
3460 2289 3668 2351 intelli-

2090 2418 2301 2483 gentes.
2349 2409 2522 2478 Reges
2549 2411 2732 2459 autem
2771 2412 2931 2456 terra:
2970 2406 3025 2452 et
3071 2393 3356 2466 principes
3398 2397 3526 2446 sunt
3566 2387 3672 2441 He~

2092 2479 2258 2560 rudes
2285 2510 2342 2557 et
2386 2498 2597 2553 Pilatus
2649 2502 2706 2549 et
2752 2490 3068 2547 Judaeorum
3101 2485 3482 2555 magistratus.
3513 2479 3671 2545 Quod

2095 2610 2226 2651 vero
2264 2607 2421 2662 reges
2480 2587 2723 2644 astitis‘se
2785 2583 2949 2647 dicat,
2997 2575 3339 2649 significasse
3385 2581 3535 2643 puto,
3591 2570 3675 2624 vel

2097 2687 2245 2760 quod
2277 2683 2439 2740 simul
2465 2675 2904 2749 conspiraverint
2950 2680 3115 2741 atque
3138 2670 3197 2722 in
3225 2664 3577 2722 concordiam
3619 2670 3675 2714 et

2098 2781 2394 2839 amicitiam
2432 2774 2682 2831 venerint
2715 2767 2961 2824 Heredes
3005 2772 3060 2818 et
3097 2764 3309 2818 Pilatus
3338 2777 3354 2814 :
3386 2773 3513 2813 nam
3547 2770 3673 2810 cum

2099 2879 2259 2926 antea
2304 2864 2515 2922 inimici
2563 2868 2749 2917 essent
2794 2857 2862 2912 ad
2907 2854 3172 2928 invicem,
3204 2866 3271 2908 eo
3326 2846 3675 2904 atrocissime

2099 2974 2292 3019 contra
2353 2958 2633 3015 Christum
2694 2952 2945 3008 facinore
3004 2947 3136 3003 facti
3190 2953 3320 3001 sunt
3369 2941 3532 2997 amici
3580 2938 3673 2991 ‘°:

2099 3059 2185 3114 vel
2216 3055 2384 3127 quod,
2425 3049 2640 3109 tametsi
2671 3046 2944 3118 prrecipua
2972 3042 3237 3112 dignitate
3258 3036 3438 3093 ornati
3463 3040 3674 3091 essent.

426 3127 584 3219 χικὸν
609 3124 830 3215 ἀξίωμα
854 3142 1258 3215 περικείμενοι,
1279 3142 1509 3205 ἑαυτοὺς
1539 3140 1892 3210 παρέστησαν
1921 3138 2000 3201 εἰς

2104 3166 2163 3209 se
2209 3124 2362 3221 ipsos
2414 3143 2771 3200 administros
2825 3139 3043 3199 illorum
3097 3131 3528 3193 constituerunt,
3584 3124 3680 3195 qui

429 3239 735 3309 ὑπουργίαν
777 3240 893 3302 τοῖς
918 3236 1164 3291 ἐθέλουσι
1184 3237 1489 3305 μιαιφονεῖν
1511 3233 1651 3291 κατά
1671 3232 1765 3290 τοῦ
1795 3231 2001 3302 Κυρίου

2104 3220 2255 3297 caede
2289 3236 2502 3294 Domini
2552 3240 2608 3289 et
2645 3229 2850 3288 Christi
2887 3227 3010 3297 ejus
3051 3240 3111 3281 se
3159 3220 3536 3279 contaminare
3578 3231 3677 3270 vo-

428 3334 527 3389 καὶ
554 3308 697 3387 κατὰ
724 3329 818 3384 τοῦ
850 3327 1087 3400 Χριστοῦ
1116 3326 1303 3384 αὐτοῦ.
1338 3325 1430 3389 Et;
1453 3325 1564 3399 ιῖσ.
1585 3323 1643 3397 ἡ]
1676 3323 1783 3396 γὰρ
1815 3324 1897 3386 εἰς
1914 3323 2005 3374 τὸν

2107 3336 2349 3390 luerunt.
2373 3326 2610 3385 Perfidia
2647 3325 2795 3380 enim
2829 3322 2883 3391 in
2921 3318 3124 3374 Filium
3169 3316 3223 3370 in
3257 3314 3436 3384 ipsum
3467 3308 3679 3362 Patrem

431 3426 669 3498 Χριστέον
698 3422 962 3493 ἐπιϐουλὴ
1010 3421 1105 3479 καὶ
1129 3422 1211 3484 εἰς
1240 3419 1404 3474 αὑτὸν
1446 3419 1735 3489 ἀνατρέχει
1775 3418 1867 3471 τὸν
1905 3417 2009 3469 Πα-

2107 3425 2366 3486 recurrit.
2394 3422 2529 3478 Nam
2566 3420 2613 3476 si
2646 3419 2808 3475 Pater
2847 3418 2900 3469 in
2928 3412 3088 3477 Filio,
3124 3418 3179 3464 et
3213 3407 3384 3462 Filius
3432 3404 3485 3456 in
3524 3402 3687 3456 Patre

433 3518 589 3588 τέρα.
627 3517 690 3579 Εἰ
719 3516 828 3586 γὰρ
852 3516 881 3568 6
915 3512 1104 3584 Πατήρ
1130 3513 1187 3565 ἐν
1225 3510 1303 3581 τῷ
1327 3510 1464 3579 Υίῷ,
1501 3511 1597 3565 καὶ
1623 3511 1653 3563 6
1692 3509 1822 3572 Υὶδς
1852 3510 1910 3562 ἐν
1932 3507 2009 3578 τῷ

2111 3529 2217 3585 est,
2265 3513 2544 3589 quomodo
2575 3526 2684 3567 una
2718 3508 3021 3576 eademque
3060 3499 3262 3570 injuria
3300 3498 3355 3551 in
3396 3501 3692 3560 utrumque

438 3583 640 3680 Πατρὶ,
680 3583 807 3669 πῶς
832 3606 894 3660 οὐ
929 3605 1028 3677 μία
1060 3583 1142 3669 είς
1173 3604 1370 3667 αὐτοὺς
1410 3602 1569 3675 ὓὸρις
1604 3602 1856 3672 ἐγένετο;
1887 3602 2009 3669 Χρι·

2113 3583 2222 3670 non
2269 3583 2437 3668 fuerit
2465 3604 2764 3663 ?Christus
2813 3612 2978 3670 porro
3026 3593 3203 3649 Patris
3265 3596 3349 3645 est
3395 3583 3635 3642 Verbum
3676 3596 3692 3635 :

440 3701 564 3766 στὸς
604 3700 661 3755 δὲ
712 3699 806 3754 τοῦ
855 3698 1069 3769 Πατρὸς
1097 3701 1125 3752 6
1153 3699 1300 3762 Υἱός.
1360 3698 1435 3752 Οὐ
1470 3697 1756 3767 κέχρισται
1798 3696 1906 3765 γὰρ
1947 3696 2009 3747 δι¹

2114 3711 2317 3759 unctus
2394 3708 2479 3756 est
2550 3697 2698 3752 enim
2769 3698 2993 3763 propter
3058 3699 3164 3740 nos
3244 3696 3354 3736 non
3446 3680 3695 3732 humano

439 3764 591 3866 ἡμας
639 3764 998 3862 ἀνθρωπίνως
1051 3790 1130 3861 τῷ
1174 3790 1458 3861 Πνεύματι
1501 3764 1583 3861 τῷ
1626 3790 1784 3859 ἁγίῳ,
1816 3764 2009 3842 καίτοι

2118 3793 2303 3857 modo,
2334 3790 2431 3846 sed
2468 3786 2676 3858 Spiritu
2734 3790 2972 3844 saneto;
3027 3790 3138 3832 non
3184 3771 3331 3844 quod
3385 3764 3696 3825 sanctitatis

442 3887 575 3950 Θεὸς
610 3884 686 3939 ὢν
733 3885 763 3938 ό
797 3884 992 3952 Λόγος,
1032 3884 1131 3955 οὐχ
1159 3884 1235 3948 ὡς
1281 3881 1567 3953 ἁγιότητος
1611 3880 1832 3951 ἐπιδεὴς
1877 3879 2009 3944 (ἔστι

2119 3887 2368 3958 indigens
2439 3888 2589 3939 esset
2664 3879 2781 3949 (est
2841 3874 2986 3930 enim
3066 3866 3373 3926 secundum
3443 3868 3694 3916 naturam

443 3980 552 4049 γὰρ
581 3977 722 4033 κατά
757 3974 921 4047 φύσιν
944 3975 1121 4043 ἅγιος,
1146 3975 1240 4029 καὶ
1268 3973 1363 4028 τοῦ
1390 3974 1708 4043 Πνεύματος
1736 3970 2009 4043 χορηγὸς),

2121 3956 2371 4045 sanctus,
2399 3987 2452 4033 et
2482 3974 2722 4045 Spiritus
2759 3969 2938 4025 sancti
2965 3958 3338 4030 distributor).
3369 3956 3462 4012 sed
3494 3960 3697 4008 unctus

376 4138 383 4142 ὴ
445 4048 558 4127 ἀλλ’
615 4072 707 4137 ὅτι⁸
757 4067 996 4141 γεγονὼς
1053 4068 1175 4122 καθ’
1226 4068 1377 4130 ἡμᾶς
1436 4065 1745 4137 ἄνθρωπος,
1794 4063 2009 4134 ἐχρίσθτ

2122 4086 2205 4132 est
2234 4073 2520 4129 nobiscum
2563 4061 2863 4121 secundum
2908 4055 3326 4113 humanitatem.
3387 4067 3407 4101 ι
3443 4048 3508 4102 Ει
3571 4059 3697 4100 cum

451 4167 573 4237 μεθ’
610 4139 777 4238 ἡμῶν
798 4139 940 4219 κατὰ
971 4163 1033 4217 τὸ
1067 4162 1429 4231 ἀνθρώπινον.
1469 4180 1487 4212 ι
1508 4160 1618 4215 Καὶ
1643 4159 1967 4230 δεηθέντων.
1998 4176 2009 4209 ι

2125 4173 2398 4224 orassent.
2458 4180 2480 4215 ι
2543 4157 2660 4213 Hoc
2717 4155 2935 4223 signum
2998 4148 3105 4205 fuit
3163 4145 3363 4200 divina:
3422 4139 3700 4196 visitatio~

451 4228 643 4312 Τοῦτο.
663 4256 965 4327 τεκμήριον
997 4228 1189 4322 γέγονε
1215 4252 1316 4322 τῆς
1354 4252 1698 4320 ἐπισκέψεως
1726 4228 1832 4304 τοῦ
1862 4249 2009 4303 Θεοῦ,

2126 4262 2236 4323 nis.
2268 4268 2323 4313 et
2350 4252 2497 4326 quod
2526 4247 2770 4306 exauditi
2813 4251 3020 4301 essent.
3063 4236 3222 4307 Quod
3262 4245 3444 4290 autem
3480 4232 3555 4285 ita
3606 4228 3700 4293 sit,

449 4346 546 4400 καὶ⁵
592 4343 686 4398 τοῦ
729 4341 1068 4410 ἀκουσθῆναι
1112 4340 1331 4405 αὐτούς.
1363 4341 1491 4395 Ὅτι
1539 4341 1596 4395 δὲ
1647 4340 1809 4394 τοῦτό
1854 4342 2001 4394 ἐστιν

2130 4322 2644 4418 audii‘prOphetam
2699 4337 2975 4392 dicentem
3030 4348 3048 4392 ς
3105 4348 3123 4380 ι
3153 4327 3258 4395 Qui
3304 4322 3531 4394 respicit
3584 4329 3703 4372 ter-

449 4438 616 4493 ἄκουε
654 4435 750 4491 τοῦ
784 4435 1068 4505 προφήτου
1116 4433 1366 4502 λέγοντος
1388 4449 1402 4464 ·
1442 4452 1460 4484 ι
1490 4433 1549 4488 '0
1593 4433 1900 4487 ἐπιϐλέπων
1933 4435 2009 4486 ἐπ⁴

2131 4409 2338 4496 ram
2390 4409 2522 4489 facit
2579 4444 2699 4485 eam
2763 4437 2996 4480 tremere
3026 4421 3094 4474 ³³.
3127 4437 3147 4470 ι
3180 4416 3331 4473 Fecit
3378 4421 3559 4468 autem
3605 4409 3709 4462 hoc

451 4526 553 4596 τὴν
590 4525 694 4597 γῆν
748 4501 845 4581 καῖ
892 4501 1061 4577 ποιῶν
1111 4501 1284 4594 αὐτὴν
1340 4523 1588 4594 τρέμειν.
1625 4541 1645 4573 ι
1704 4523 1915 4577 Ἐποίει
1972 4523 2009 4577 δὲ

2095 4507 2107 4553 ’
2133 4534 2277 4589 Deus
2306 4538 2362 4585 et
2392 4526 2461 4585 ad
2496 4523 2759 4592 majorem
2785 4516 2991 4574 Iudaeis
3022 4508 3399 4568 incutiendum
3429 4507 3703 4561 timorem,

451 4593 613 4677 τοῦτο
649 4593 855 4684 όΘεὸς,
878 4619 973 4673 καὶ
989 4619 1076 4673 διὰ
1108 4593 1276 4687 φόϐον
1300 4593 1546 4680 πλείονα,
1581 4615 1675 4669 καὶ
1702 4616 1784 4678 εἰς
1833 4614 2009 4684 θάρσο.

2137 4635 2193 4681 et
2236 4631 2293 4679 ut
2332 4618 2600 4692 apostolis
2639 4622 2767 4685 post
2798 4609 2976 4664 minas
3027 4604 3153 4659 illas
3217 4598 3499 4657 audaciam
3536 4593 3708 4659 majo-

452 4714 651 4778 αὐτοὺς
690 4713 901 4780 ἐνάγων
939 4710 1076 4783 μετᾶ
1121 4683 1225 4772 τὰς
1262 4707 1496 4771 ἀπειλὰς
1542 4706 1780 4770 ἐκείνας,
1822 4683 1917 4760 καὶ
1954 4709 2009 4760 εί

2135 4683 2671 4784 remque-fiduciam.
2720 4703 3042 4772 ingereret,
3099 4702 3156 4750 et
3216 4689 3480 4763 quoniam
3542 4683 3705 4739 initio

456 4808 773 4879 παρρησίαν
798 4778 1042 4858 πλείονα.
1088 4802 1243 4856 Ἐπεὶ
1273 4801 1382 4871 γὰρ
1418 4799 1560 4871 ἀρχὴ
1586 4795 1676 4868 ἦν,
1718 4801 1813 4852 καὶ
1840 4799 2004 4869 αἰσθη

2135 4778 2383 4862 sensibili
2435 4814 2576 4870 opus
2624 4793 2902 4850 habebant
2949 4790 3129 4860 signo,
3157 4793 3220 4840 ut
3241 4784 3324 4838 eis
3369 4778 3707 4835 crederetur.

454 4897 552 4951 τοῦ
597 4896 808 4950 ἐδέοντο
858 4894 1089 4966 σημείου
1141 4893 1279 4962 πρὸς
1308 4891 1370 4945 τὸ
1407 4890 1766 4960 πιστευθῆναι
1810 4891 2009 4949 αὐτούς

2137 4898 2334 4953 Postea
2368 4907 2496 4947 vero
2522 4901 2801 4958 nunquam
2832 4883 2888 4938 id
2933 4881 3135 4939 factum
3182 4883 3287 4933 est.
3340 4872 3477 4927 Illud
3529 4877 3714 4922 autem

456 4988 616 5044 Μετὰ
682 4988 743 5041 δὲ
795 4958 988 5049 ταῦτα,
1039 4958 1279 5052 οὐδαμοῦ
1333 4983 1495 5036 τοῦτο
1543 4958 1782 5052 γίνεται.
1833 4983 1906 5035 T6
1951 4984 2008 5037 δὲ

2147 5008 2165 5041 ι
2206 4982 2416 5054 Repleti
2464 4985 2601 5037 sunt,
2627 4975 2834 5045 Spiritu
2884 4975 3076 5027 sancto
3115 4987 3136 5020 ›
3176 4962 3399 5037 perinde
3446 4958 3590 5013 valet
3627 4971 3713 5019 ac,

464 5099 483 5133 ι
535 5077 912 5149 Ἐπλήσθησαν
960 5046 1282 5145 Πνεύματος
1327 5074 1509 5143 ἁγίου,
1633 5074 1791 5127 τοῦτο
1842 5074 1993 5143 δηλοῖ

2140 5046 2458 5135 inflammati
2484 5079 2613 5129 sunt
2640 5066 2866 5138 Spiritu,
2886 5071 2941 5119 et
2963 5065 3157 5119 iterum
3187 5068 3478 5116 accensum
3504 5051 3555 5105 in
3582 5046 3716 5117 ipsis

473 5168 929 5241 ’Λνεπυρώοησαν
963 5166 1040 5237 τῷ
1082 5165 1381 5236 Πνεῦματι,
1411 5166 1505 5220 καὶ
1534 5164 1817 5219 ἀνεκαίετο
1841 5165 1901 5217 ἐν
1935 5167 2002 5220 αὐ

2139 5176 2224 5225 est
2255 5177 2473 5221 sacrum
2497 5161 2729 5218 donum.

459 5266 577 5327 τοῖς
606 5264 667 5317 τὸ
686 5264 946 5335 χάρισμα.
2726 5238 2731 5242 ’

465 5321 608 5431 ηερι
659 5321 979 5428 όλλόψόχου
1035 5352 1135 5408 καὶ
1178 5350 1507 5419 καθολικῆς
1560 5355 1875 5420 κοινωνίας
1924 5352 2009 5407 trix

2144 5351 2307 5424 214
2360 5348 2434 5403 De
2507 5342 2744 5399 unanimi
2810 5350 2859 5394 et
2936 5337 3089 5390 ιοιαίί
3159 5327 3517 5386 ranummionc
3587 5321 3720 5387 ﬁde-

1014 5443 1495 5501 πιστευσάντων.

2774 5455 2783 5461 ν
2870 5434 3024 5485 lium.

1065 5538 1449 5592 KEIMENON.
2005 5527 2009 5531 ’

2793 5520 3094 5579 TEXTUS.

544 5635 649 5690 Τοῦ
683 5634 741 5689 δὲ
773 5632 1010 5703 πλήθους
1047 5631 1157 5685 τῶν
1215 5629 1624 5685 πιστευσάντων
1669 5626 1736 5700 ἦν
1779 5633 1810 5700 ἡ
1843 5629 2009 5697 καρία

2218 5623 2308 5687 ιν,
2332 5624 2421 5685 52,
2445 5622 2533 5676 55.
2555 5615 2913 5673 Multitudinis
2938 5619 3115 5666 autem
3140 5605 3476 5664 credentium
3493 5609 3608 5659 erat
3630 5612 3723 5654 cor

543 5751 590 5782 "
644 5747 789 5802 Psal.
825 5762 883 5814 ιι,
918 5746 968 5800 1.
1048 5746 1091 5777 ³ο
1130 5743 1261 5799 Luc.
1308 5762 1457 5810 mn,
1490 5744 1575 5799 12.
1653 5746 1695 5777 ³¹
1722 5745 1862 5798 l’sal.
1890 5758 2007 5803 ctu,
2053 5741 2143 5793 5⁵2.

1658 5832 1854 5895 Variae
1905 5830 2213 5895 lectiones
2262 5835 2320 5891 et
2363 5834 2559 5893 notua.

546 5943 592 5976 "‘
616 5941 704 5995 ῖσ.
730 5936 915 6008 φασίν.
