4114 6462
415 469 523 538 891
1316 466 1895 530 THEOPHYLACTI
1935 465 2344 528 BULGARIJE
2372 469 2575 529 ARCH
2586 469 2659 528 1E
2670 471 2722 529 P.
3572 455 3678 521 892

424 603 593 642 unum
639 593 694 642 et
753 585 934 641 anima
959 599 1088 652 una,
1109 597 1207 639 nec
1223 584 1512 653 quisquam
1537 594 1725 636 eorum
1743 593 1863 648 quae
1879 592 2008 648 pos-

2113 580 2206 633 καὶ¹
2243 582 2276 650 ἡ
2328 580 2476 652 ψυχὴ
2521 581 2642 650 μία,
2679 578 2772 633 καὶ
2828 576 3003 638 οὐδείς
3066 592 3118 628 τι
3168 574 3276 628 τῶν
3323 571 3678 643 ὑπαρχόντων

423 679 698 740 sidebant,
723 676 930 746 aliquid
975 691 1135 731 suum
1163 689 1287 730 esse
1319 673 1553 733 dicebat,
1584 670 1679 725 sed
1710 680 1868 724 erant
1892 669 1998 723 illis

2107 671 2287 727 αὐτῶν
2351 673 2537 741 ἐλεγεν
2591 673 2724 726 ῐδιον
2767 666 2930 734 εἶναι,
2983 667 3101 722 ἀλλ’
3152 663 3220 738 ἦν
3259 667 3444 727 αὐτοῖς
3502 664 3680 718 πάντα

425 769 610 826 omnia
675 767 1011 823 communia.
1069 767 1139 821 Et
1191 766 1398 819 virtute
1458 776 1653 830 magna
1704 761 2002 816 reddebant

423 858 661 928 apostoli
697 858 1070 912 testimonium
1126 851 1550 909 resurrectionis
1591 847 1721 906 Jesu
1768 847 1995 912 Christi,

426 947 646 1004 Domini
693 949 892 1016 nostri,
949 957 1003 1002 et
1053 945 1227 1017 gratia
1265 957 1460 1014 magna
1495 951 1612 998 erat
1643 943 1696 995 in
1743 942 1999 995 omnibus

426 1043 558 1098 illis.

918 1123 1490 1184 COMMENTARIUS.

494 1223 611 1278 Hoc
644 1230 750 1288 est,
793 1222 966 1292 signis
1000 1217 1452 1275 demonstrabant
1503 1216 1688 1272 Jesnm
1715 1217 1998 1272 Christum

421 1313 788 1368 rosuri-exisse
819 1328 834 1367 :
882 1325 993 1365 non
1036 1308 1180 1362 enim
1218 1308 1324 1361 alia
1357 1309 1570 1364 ratione
1601 1318 1908 1363 monstrare
1945 1307 2002 1364 id

419 1412 696 1474 poterant.

1062 1492 1362 1550 TEXTUS.

474 1579 588 1647 ειν,
610 1580 698 1648 54,
716 1581 806 1636 55.
824 1579 1013 1652 Neque
1039 1583 1184 1636 enim
1202 1582 1492 1651 quisquam
1521 1595 1686 1649 egens
1713 1581 2004 1648 eratjnter

422 1671 568 1728 illos.
590 1670 870 1742 Quotquot
888 1672 1034 1726 enim
1065 1687 1411 1742 possessores
1429 1686 1684 1740 agrorum
1704 1679 1793 1724 aut
1816 1670 2004 1724 domo-

422 1777 547 1816 rum
577 1771 757 1827 erant,
789 1761 1088 1816 vendentes
1116 1761 1416 1816 aliercbaut
1456 1761 1632 1830 pretia
1660 1776 1848 1813 eorum
1881 1776 2004 1828 qua:

423 1851 731 1905 vendebant
789 1859 842 1905 et
873 1851 1148 1919 ponebant
1201 1861 1327 1905 ante
1385 1849 1551 1919 pedes
1601 1843 1998 1920 apostolorum.

2105 763 2279 818 κοινά.
2310 764 2422 817 Καὶ
2461 764 2675 834 μεγάλῃ
2701 761 2932 831 δυνάμει
2967 757 3252 814 ἀπεδίδουν
3278 757 3339 810 τὸ
3368 755 3678 826 μαρτύριον

2101 857 2151 908 oi
2202 855 2494 909 ἀπόστολοι
2548 856 2647 926 τῆς
2697 855 3044 917 ἀναστάσεως
3087 850 3183 906 τοῦ
3228 851 3438 922 Κυρίου
3474 849 3676 920 Ἰησοῦ,

2103 949 2263 1018 χάρις
2290 964 2350 999 τε
2388 946 2601 1017 μεγάλη
2634 941 2702 1018 ἦν
2733 945 2828 999 ἐπὶ
2861 944 3071 1007 πάντας
3101 942 3322 1005 αὐτούς.

2696 1122 3078 1178 ΕΡΜΗΝΕῙΑ.

2171 1215 2454 1280 Τουτέστι,
2487 1214 2576 1268 διὰ
2609 1216 2718 1268 τῶν
2755 1215 2998 1286 σημείων
3029 1213 3328 1278 ἐδείκνυον,
3356 1212 3439 1265 δτι
3477 1211 3678 1282 ἀνέστη

2102 1303 2130 1354 ὁ
2161 1306 2430 1374 Χριστός·
2469 1306 2771 1375 οὐδαμόθεν
2810 1307 2918 1379 γὰρ
2952 1301 3100 1376 είχον
3132 1304 3355 1360 ἄλλοθεν
3407 1303 3676 1370 ἐπιδεῖξαι

2102 1397 2186 1450 ὅτι
2217 1396 2440 1468 ἀνέστη,
2477 1397 2591 1451 ἀλλ’
2620 1397 2652 1469 ἢ
2690 1398 2797 1451 ἀπὸ
2819 1398 2930 1450 τῶν
2966 1397 3230 1467 σημείων.

2700 1490 2962 1544 KEIMEN
2970 1489 3084 1544 ON.

2176 1581 2366 1646 Οὐδεὶς
2406 1581 2594 1654 ἐνδεής
2624 1600 2709 1646 τις
2755 1583 3000 1652 ὑπῆρχεν
3043 1582 3100 1636 ἐν
3132 1581 3336 1643 αὐτοῖς.
3376 1580 3531 1633 Ὅσοι
3567 1579 3676 1647 γὰρ

2106 1673 2366 1744 κτήτορες
2427 1675 2643 1745 χωρίων
2704 1675 2738 1744 ἢ
2793 1672 2978 1727 οἰκιῶν
3027 1672 3293 1742 ὑπῆρχον,
3372 1669 3681 1734 πωλοῦντες

2105 1764 2301 1837 ἔφερον
2330 1767 2428 1829 τὰς
2461 1766 2628 1835 τιμὰς
2672 1765 2780 1818 τῶν
2819 1763 3304 1835 πιπρασκομένων,
3337 1764 3431 1816 καὶ
3470 1762 3680 1815 ἐτίθουν

2107 1855 2260 1928 ποιρά
2288 1857 2414 1919 τοὺς
2449 1857 2618 1920 πόδας
2645 1856 2755 1910 τῶν
2801 1855 3137 1910 ἀποστόλων.
3180 1853 3444 1908 Διεδίδοτο
3473 1852 3528 1907 δὲ
3556 1853 3680 1908 ἐκά-

422 1940 782 1997 Dividebatur
804 1949 986 1996 autem
1013 1941 1242 2011 singulis
1279 1950 1440 2010 prout
1473 1941 1669 2012 cuique
1693 1957 1831 2011 opus
1857 1952 1994 1996 erat.

2108 1963 2218 2015 στῳ
2248 1945 2370 2000 καθ’
2397 1947 2424 1999 ὅ
2447 1963 2531 2010 τις
2559 1947 2750 2018 χρείαν
2775 1944 2939 2018 εἶχεν.

916 2051 1485 2108 COMMENTARIUS.

490 2163 572 2221 Ei
601 2180 796 2236 magna
831 2180 938 2234 qua
992 2167 1274 2235 apostolos
1318 2165 1793 2235 prosequebantur
1850 2177 2002 2220 reve-

421 2259 599 2314 rentia
639 2258 826 2313 ﬁdeles
864 2273 1042 2327 neque
1089 2257 1145 2312 in
1188 2273 1386 2312 manus
1417 2258 1526 2312 illis
1560 2257 1793 2312 tradere
1835 2255 2005 2311 aude-

421 2349 559 2406 bant
586 2365 770 2404 rerum
812 2349 1157 2404 venditarum
1185 2349 1389 2419 pretia,
1425 2347 1520 2402 sed
1551 2350 1618 2401 ad
1644 2348 1811 2417 pedes
1845 2347 2003 2402 defe-

423 2442 658 2509 rebant;
691 2452 744 2497 et
779 2443 925 2512 ipsos
958 2442 1346 2496 distributores
1389 2439 1755 2509 dominosque
1793 2439 2003 2494 consti-

425 2533 674 2594 tuebant,
739 2543 798 2588 ut
844 2541 1102 2603 tanquam
1151 2533 1459 2588 conununia
1517 2539 1572 2588 et
1631 2531 1784 2585 nullo
1842 2531 2004 2584 modo

420 2626 642 2696 propria
713 2626 904 2681 eadem
939 2625 1334 2694 expenderent.
1405 2622 1561 2689 Quod
1625 2623 1845 2692 quidem
1895 2623 2005 2677 illis

427 2718 496 2773 ad
533 2732 728 2772 vanam
760 2717 989 2788 gloriam
1030 2715 1342 2772 evitandam
1385 2717 1619 2770 maxime
1666 2715 2004 2771 conferebat.

1063 2805 1367 2865 TEXTUS.

490 2901 582 2966 ιν,
607 2902 699 2966 ’56,
728 2903 818 2957 '57.
845 2900 1045 2970 Josepb
1084 2908 1291 2964 autem,
1323 2899 1415 2969 qui
1463 2897 1882 2967 cognominatus
1921 2905 2007 2952 est

420 2993 703 3049 Barnabas
734 2993 804 3048 ab
822 2991 1108 3062 apostolis.
1137 2992 1283 3063 quod
1307 2999 1394 3047 est
1419 2991 1836 3058 interpretatum
1864 3006 1882 3040 ι
1917 2989 2007 3043 Εἰ·-

420 3083 530 3137 lins
556 3083 971 3149 consolationis,
1013 3101 1031 3134 ι
1077 3081 1314 3147 Levites,
1333 3081 1566 3152 Cyprius
1606 3095 1840 3150 genere,
1879 3095 2004 3135 cum

423 3175 650 3230 haberet
692 3191 902 3245 agrum,
934 3174 1180 3230 vendidit
1211 3189 1356 3240 eum,
1386 3181 1440 3228 et
1468 3171 1648 3226 attulit
1668 3172 1923 3241 pretium,
1954 3179 2008 3228 et

421 3268 606 3338 posuit
655 3279 780 3322 ante
817 3267 980 3337 pedes
1009 3269 1409 3337 apostolorum.

926 3357 1494 3428 COMMENTARIUS.

492 3449 693 3520 Ioseph
721 3452 824 3506 iste
862 3451 1010 3506 haud
1049 3452 1181 3505 mihi
1232 3452 1321 3506 ille
1363 3451 1579 3506 videtur
1620 3467 1767 3514 esse,
1807 3449 1902 3519 qui
1937 3447 2002 3501 ad

422 3544 748 3612 replendum
800 3543 1116 3599 duodenum
1173 3544 1553 3613 apostolorum
1603 3543 1856 3602 chorum,
1915 3555 2008 3595 se-

425 3634 606 3690 lectos
664 3650 787 3690 eum
823 3635 1052 3689 Muttliiu
1105 3635 1228 3690 fuit.
1271 3635 1322 3689 Is
1380 3635 1526 3688 enim
1569 3641 1624 3689 et
1668 3630 1869 3699 Josepli
1922 3630 2008 3682 di-

424 3723 654 3779 cebatur
713 3733 767 3779 et
795 3724 1116 3791 Barsabas;
1170 3732 1359 3794 postea
1409 3738 1537 3778 vero
1592 3719 2008 3792 cognominatus

423 3822 510 3869 est
555 3813 764 3871 Justus.
805 3815 909 3871 Iste
952 3829 1131 3870 autem
1171 3817 1350 3871 dictus
1406 3825 1490 3870 est
1532 3814 1846 3877 Barnabas,
1903 3811 2008 3866 hoc

423 3907 588 3977 215
617 3915 702 3963 est
740 3927 759 3960 ‹
799 3909 970 3964 Filius
1020 3909 1413 3964 consolationis
1447 3926 1460 3962 :
1518 3926 1538 3960 ι
1575 3906 1722 3977 quod
1784 3903 2004 3971 quidem

424 4013 627 4052 nomen
664 4015 732 4054 ex
761 4001 966 4056 virtute
995 4000 1226 4056 sortitus
1260 4001 1394 4054 milii
1427 4015 1548 4056 esse
1581 3999 1822 4064 videtur,
1859 3998 2007 4052 velut

423 4087 493 4144 ad
513 4092 946 4147 consolationem
975 4091 1343 4161 praestandam
1381 4092 1583 4146 eximie
1609 4091 1859 4145 idoneus.

705 4181 860 4237 Feria
882 4191 1032 4237 sexta
1069 4183 1422 4238 hebdomadte
1447 4183 1720 4238 secundae.

491 4271 575 4328 De
597 4273 808 4328 Anam'a
831 4283 882 4328 et
914 4273 1166 4339 Saplu'ra,
1203 4291 1487 4345 eorumque
1518 4278 1710 4330 acerba
1742 4285 1932 4332 morte.

1065 4447 1366 4505 TEKTUS.

492 4560 728 4629 V,l-ll.
759 4560 851 4617 Vir
893 4569 1072 4618 autem
1117 4564 1338 4633 quidam
1361 4565 1581 4621 nomine
1599 4566 2001 4631 Auanias,cum

427 4650 660 4722 Sapliira
699 4667 870 4710 uxore
894 4668 1016 4719 sua,
1049 4653 1294 4710 vendidit
1323 4671 1514 4726 agrum
1547 4666 1601 4711 et
1643 4657 1917 4713 fraudavit
1940 4658 2009 4714 de

419 4745 596 4815 pretio
636 4745 750 4814 agri
781 4746 1002 4801 conscia
1057 4760 1228 4800 uxore
1249 4761 1346 4802 sua
1382 4756 1477 4809 :et
1530 4747 1768 4803 aﬂ‘erens
1801 4758 2010 4819 partem

419 4835 740 4902 quamdam,
770 4837 838 4890 ad
879 4835 1045 4906 pedes
1071 4837 1447 4906 apostolorum
1480 4840 1690 4908 posuit.
1725 4841 1876 4894 Dixit
1910 4857 2011 4894 au-

420 4935 532 4979 tem
575 4924 767 4980 Petrus

423 5024 600 5082 tuum,
633 5016 854 5072 mentiri
887 5025 941 5073 te
985 5018 1213 5089 Spiritui
1265 5030 1483 5088 sancto,
1534 5031 1590 5076 et
1643 5023 1902 5080 fraudare
1937 5025 2006 5080 de

423 5109 602 5179 pretio
631 5110 791 5181 agri?
851 5112 1046 5167 Nonne
1083 5129 1310 5169 manens
1345 5113 1444 5169 tibi
1496 5117 1774 5181 manebat,
1825 5128 1878 5172 et
1907 5134 2003 5172 ve-

430 5201 740 5256 nundatum
776 5202 829 5257 in
864 5211 954 5258 tua
980 5211 1100 5258 erat
1123 5205 1432 5272 potestate?
1467 5204 1650 5272 Quare
1674 5209 1906 5277 posuisti
1951 5209 2004 5262 iu

419 5289 588 5346 corde
611 5299 705 5347 tuo
733 5292 877 5348 lianc
925 5291 1082 5348 rem?
1115 5291 1231 5346 Non
1263 5307 1321 5348 es
1376 5297 1644 5351 mentitus
1669 5298 2003 5366 hominibus,

421 5379 519 5436 sed
551 5383 681 5438 Deo.
710 5384 956 5440 Audiens
993 5393 1177 5438 autem
1209 5383 1452 5441 Ananias
1480 5387 1596 5442 haec
1623 5390 1813 5452 verba,
1862 5392 2006 5445 ceci-

421 5472 503 5527 dit
530 5481 585 5528 et
612 5476 934 5545 exspiravit.
984 5475 1050 5530 Et
1070 5474 1247 5531 factus
1271 5488 1355 5531 est
1384 5478 1546 5534 timor
1579 5497 1808 5551 magnus
1840 5499 2006 5553 super

422 5575 616 5620 oiuues
679 5566 774 5638 qui
824 5567 1139 5624 audierunt.
1193 5566 1491 5638 Surgentes
1530 5579 1711 5628 autem
1772 5575 2002 5644 juvenes

2696 2058 3058 2112 ΕΡΜΗΝΕΙΑ
3071 2099 3085 2112 .

2187 2169 2282 2221 Ἐκ
2308 2169 2508 2239 πολλῆς
2524 2169 2830 2236 εὐλαϐείας,
2856 2168 2980 2224 οὔτε
2999 2170 3080 2236 εἰς
3102 2169 3204 2234 τὰς
3222 2173 3410 2242 χεῖρας
3434 2169 3677 2240 ἐτόλμων

2103 2259 2326 2322 δοῦναι,
2372 2259 2497 2312 οὔτε
2546 2263 2947 2332 τετυφωμένως
2997 2265 3288 2336 παρεῖχον·
3329 2263 3467 2317 ἀλλὰ
3527 2263 3679 2330 παρὰ

2103 2352 2232 2413 τοὺς
2267 2352 2432 2414 πόδας
2467 2351 2684 2423 ἔφερον,
2726 2354 2818 2406 καὶ
2852 2354 3050 2418 αὐτοὺς
3088 2355 3410 2426 οἰκονόμους
3447 2355 3678 2426 ἠφίεσαν

2104 2443 2381 2511 γενέσθαι,
2415 2446 2512 2499 καὶ
2534 2445 2758 2515 κυρίους
2795 2447 2904 2499 τῶν
2941 2448 3088 2502 ἰδίων
3117 2449 3333 2502 ἐποίουν
3353 2464 3366 2478 ·
3401 2448 3486 2501 ἵνα
3516 2448 3590 2510 ὡς
3616 2449 3679 2500 ἐκ

2105 2535 2303 2588 κοινῶν
2363 2535 2547 2589 λοιπὸν
2603 2537 2986 2609 ἀναλίσκηται,
3026 2540 3224 2608 μηκέτι
3262 2537 3337 2604 ὡς
3395 2540 3453 2606 ἐξ
3509 2540 3677 2594 ἰδίων.

2107 2623 2279 2678 Τοῦτο
2313 2625 2370 2678 δὲ
2399 2626 2536 2698 πρὸς
2569 2626 2662 2681 τὸν
2691 2627 3006 2694 ἀκενόδοξον
3033 2628 3218 2692 αὐτοῖς
3264 2628 3640 2684 συνεϐάλλετο.

2698 2802 3066 2855 ΚΕΙΜΕΝΟΝ

2192 2890 2381 2962 Ἰωσῆς
2411 2891 2468 2945 δὲ
2507 2901 2536 2946 ο
2585 2890 2906 2961 ἐπικληθεὶς
2949 2891 3238 2964 Βαρνάϐας
3265 2890 3372 2946 ἀπὸ
3403 2891 3512 2944 τῶν
3552 2890 3684 2946 ἀπο-

2110 2981 2334 3047 στόλων,
2367 2982 2395 3034 ὅ
2433 2984 2551 3035 ἐστι
2586 2981 3154 3055 μεθερμηνευόμενον,
3193 2982 3358 3045 «Υίδς
3389 2980 3679 3053 παρακλή-

2110 3092 2268 3140 σεως,
2289 3094 2307 3127 ι
2333 3075 2586 3144 Λευῒτης,
2613 3074 2861 3146 Κύπριος
2880 3074 2958 3146 τῷ
2981 3075 3148 3143 γένει,
3168 3075 3504 3145 ὑπάρχοντος
3530 3074 3678 3146 αὑτῷ

2109 3167 2305 3237 ἀγροῦ,
2355 3166 2637 3236 πωλήσας,
2695 3169 2896 3238 ἦνεγκε
2942 3167 3010 3221 τὰ
3052 3168 3333 3238 χρήματα,
3365 3167 3461 3221 καὶ
3512 3166 3676 3238 ἔθηκε

2033 3259 2079 3322 C
2114 3261 2267 3332 παρὰ
2301 3261 2428 3324 τοὺς
2449 3259 2616 3324 πόδας
2638 3260 2747 3314 τῶν
2777 3259 3112 3313 ἀποστόλων.

2705 3352 3087 3408 ΕΡΜΗΝΕΙΔ.

2183 3443 2257 3495 Οὐ
2289 3444 2440 3497 δοκεῖ
2467 3461 2557 3512 μοι
2587 3445 2792 3507 ἐκεῖνος
2828 3439 2990 3508 εἰναι,
3019 3443 3048 3495 ό
3081 3441 3219 3512 μετά
3262 3439 3479 3496 Ματθία
3508 3440 3681 3510 ψηφι-

2113 3536 2262 3596 σθεὶς
2295 3535 2374 3598 είς
2400 3535 2788 3606 ἀναπλήρωσιν
2820 3534 2913 3588 τοῦ
2933 3533 3093 3606 χοροῦ
3111 3533 3220 3588 τῶν
3245 3533 3472 3588 δώδεκα.
3511 3533 3682 3587 Ἐκεῖ-

2110 3645 2198 3689 νος
2220 3627 2328 3697 γὰρ
2361 3627 2456 3680 καὶ
2482 3628 2674 3697 ’Ῑωσῆς
2703 3627 2940 3694 ἐλέγετο,
2964 3627 3057 3680 καὶ
3089 3625 3398 3697 Βαρσαϐἄς.
3421 3625 3681 3695 Ὕστερον

2109 3719 2166 3772 δὲ
2197 3719 2472 3790 ἐπεκλήθη
2521 3715 2766 3782 Ἰοῦστος.
2806 3713 2975 3782 Οὗτος
3017 3718 3072 3772 δέ
3109 3717 3418 3789 Βαρνάϐας,
3447 3720 3475 3771 ὅ
3510 3721 3680 3784 ἐστιν,

2115 3830 2134 3862 ι
2162 3810 2290 3873 Υἰὺς
2313 3810 2731 3882 παρακλήσεως,
2755 3830 2774 3864 ι
2798 3811 2888 3864 καὶ
2906 3811 3053 3864 δοκεῖ
3081 3826 3190 3882 μοι,
3221 3809 3329 3863 ἀπὸ
3357 3809 3459 3880 τῆς
3480 3810 3683 3881 ἀρετῆς

2109 3904 2391 3974 εἰληφέναι
2419 3903 2480 3957 τὸ
2517 3902 2712 3975 ὄνομα,
2739 3903 2814 3970 ὡς
2846 3903 2984 3976 πρὸς
3011 3901 3170 3957 τοῦτο
3211 3901 3412 3966 ἱκανῶς
3441 3902 3534 3956 καὶ
3561 3903 3679 3957 ἐπι-

2107 3995 2336 4068 τηδείως
2361 3997 2521 4068 ἔχων.

2413 4179 2490 4248 Τῇ
2526 4180 2852 4249 Παρασκευῇ
2882 4178 2984 4247 τῆς
3022 4176 3065 4248 β’
3091 4177 3398 4248 ἑϐδομάδος.

2107 4269 2246 4339 Περί
2281 4270 2559 4325 Ἀνανίου
2593 4269 2692 4325 καὶ
2713 4271 3076 4339 Σαπφείρης,
3109 4270 3207 4324 καί
3242 4268 3456 4339 πικρᾶς
3486 4269 3684 4324 αὐτῶν

2739 4358 3050 4427 τελευτῆς.

2703 4452 3090 4508 KEIMENON.

2197 4561 2362 4634 Ἀνὴρ
2397 4561 2452 4616 δέ
2481 4580 2566 4628 τις
2607 4562 2859 4626 Ἀνανίας
2887 4563 3134 4634 ὀνόματι,
3175 4564 3271 4617 σὺν
3303 4563 3595 4638 Σαπφείρῃ
3616 4567 3680 4636 τῇ

2115 4655 2336 4723 γυναικὶ
2367 4653 2560 4718 αὑτοῦ,
2591 4653 2840 4725 ἐπώλησε
2869 4655 3074 4726 κτῆμα,
3101 4654 3196 4707 καὶ
3225 4655 3543 4724 ἐνοσφίσατο
3576 4653 3684 4707 ἀπὸ

2113 4746 2212 4818 τῆς
2241 4748 2429 4816 τιμῆς,
2461 4746 2767 4812 συνειδυίας
2797 4746 2891 4800 καὶ
2936 4747 3033 4817 τῆς
3071 4746 3328 4814 γυναικὸς
3356 4744 3543 4799 αὑτοῦ.
3573 4744 3684 4798 Καὶ

2108 4840 2339 4908 ἐνέγκας
2382 4842 2546 4911 μέρος
2587 4855 2640 4892 τι
2695 4838 2844 4910 παρὰ
2868 4838 2995 4900 τοὺς
3027 4837 3198 4902 πόδας
3227 4837 3337 4891 τῶν
3371 4836 3684 4890 ἀποστόλων

828 4943 844 4986 ;
905 4927 1136 4995 Anania,
1179 4943 1280 4984 cur
1345 4931 1578 4986 tentavit
1638 4930 1872 4987 Satanas
1916 4947 2008 4987 cor

2107 4935 2323 5006 έθηκεν.
2351 4931 2488 4989 Eine
2529 4935 2585 4988 δὲ
2610 4933 2818 5004 Πέτρος
2851 4932 2989 5003 πρὸς
3015 4933 3178 4985 αὐτόν
3199 4949 3212 4963 ·
3255 4931 3494 4995 Ἀνανία,
3525 4929 3611 4982 διὰ
3632 4929 3684 4980 τί

2109 5028 2428 5099 ἐπλήρωσεν
2457 5027 2485 5080 ό
2529 5027 2774 5090 Σατανᾶς
2817 5025 2918 5096 τὴν
2964 5025 3193 5094 καρδίαν
3223 5041 3340 5088 σου,
3378 5021 3683 5093 ψεύσασθαί

2110 5137 2170 5173 σε
2234 5119 2296 5172 τὸ
2328 5119 2554 5190 Πνεῦμα
2589 5119 2652 5172 τὸ
2685 5119 2873 5186 ἅγιον,
2927 5117 3021 5170 καὶ
3065 5114 3424 5185 νοσφίσασθαί
3475 5132 3534 5167 σε
3575 5113 3683 5167 ἀπὸ

2103 5214 2205 5285 τῆς
2237 5213 2407 5284 τιμῆς
2439 5213 2532 5267 τοῦ
2578 5211 2823 5283 χωρίου;
2866 5209 3002 5280 Οὐχὶ
3049 5208 3208 5278 μένον
3254 5224 3334 5260 σοι
3372 5205 3557 5276 ἔμενε,
3590 5205 3682 5256 καὶ

2107 5306 2317 5378 πραθὲν
2363 5307 2422 5358 ἐν
2483 5307 2549 5376 τῇ
2591 5306 2657 5374 σῇ
2705 5301 2930 5372 ἐξουσίᾳ
2967 5301 3210 5371 ὑπῆρχες
3244 5299 3309 5351 Τί
3357 5299 3438 5352 ὃτι
3469 5296 3596 5349 ἐθου
3625 5297 3682 5349 ἐν

2104 5398 2171 5466 τῇ
2218 5395 2418 5467 καρδίᾳ
2465 5411 2557 5448 σου
2602 5393 2664 5446 τὸ
2698 5394 2932 5463 πρᾶγμα
2962 5389 3155 5456 moto;
3193 5391 3306 5443 Οὐκ
3335 5388 3550 5457 ἐψεύσω
3583 5387 3677 5438 ἀν-

2105 5485 2366 5557 θρώποις,
2386 5485 2521 5540 ἀλλά
2549 5486 2626 5556 τῷ
2648 5484 2766 5554 Θεῷ
2781 5485 2848 5538 ⁸⁸.
2867 5480 3106 5536 Ἀκούων
3129 5482 3187 5535 δὲ
3213 5483 3241 5535 ό
3281 5480 3527 5544 Ἀνανίας
3557 5477 3682 5540 τοὺς

2109 5577 2304 5646 λόγους
2353 5577 2599 5644 τούτους,
2637 5574 2822 5629 πεσὼν
2851 5573 3076 5644 eaeeae»;
3099 5590 3113 5606 ·
3149 5573 3240 5626 καὶ
3272 5569 3487 5641 ἐγένετο
3520 5567 3681 5638 φόϐος

1627 5752 1827 5814 Variae
1875 5753 2182 5817 lectiones
2229 5762 2289 5818 et
2336 5762 2523 5817 notio.

503 5868 548 5899 ’⁸
571 5867 700 5930 Θεδς
738 5867 829 5922 οὖν
869 5872 924 5923 ea
953 5873 1170 5942 Πνεῦμα
1212 5875 1269 5927 τδ
1305 5873 1480 5943 ἅγιον,
1508 5873 1535 5928 ὃ
1570 5873 1841 5944 ἐψεύσατο
1873 5877 2145 5940 Ἁνανίας.
