4114 6414
444 404 556 470 893

1108 400 1657 465 EXPOSITIONIS
1702 398 1784 459 IN
1817 396 2007 457 ACTA
2055 391 2361 454 TEXTUS
2398 388 2669 449 ALTER.
2705 413 2769 423 --
2793 386 2955 446 CAP.
3019 384 3090 445 V.

3613 377 3722 442 8'4

451 524 624 595 μέγας
670 520 763 574 ἐπὶ
783 519 991 584 πάντας
1019 519 1148 583 τοὺς
1181 519 1480 582 ἀκούοντας
1505 517 1699 570 ταῦτα.
1741 514 2039 568 Ἀναστάνο
2065 563 2068 571 ,

2181 517 2466 564 moverunt
2497 520 2647 566 etnn.
2673 512 2726 557 et
2764 501 3065 576 .eﬂ‘erentes
3100 498 3458 570 sepelierunt.
3495 495 3719 550 Factum

448 635 542 680 τες
591 616 649 670 δὲ
695 616 745 668 οἱ
801 613 1060 684 νεώτεροι
1107 612 1456 666 συνέστειλαν
1479 611 1666 675 αὐτὸν,
1698 609 1794 662 καὶ
1827 607 2064 675 ὲξενέγ-,

451 727 650 773 καντες
679 709 907 777 ἔθαψαν.
941 705 1189 775 Ἐγένετο
1233 705 1290 759 δὲ
1329 705 1406 768 ὼς
1447 703 1605 774 ὡρῶν
1629 702 1796 774 τριῶν
1819 701 2041 768 διάστη-

461 820 562 873 μα,
595 801 692 856 καὶ
717 803 750 871 ὴ
783 801 920 868 γυνὴ
971 797 1136 852 αὑτοῦ
1184 797 1260 867 μὴ
1294 797 1470 850 εἰδυῖα
1504 798 1562 848 τὸ
1590 793 1812 864 γεγονὸς
1860 792 2043 860 εἰσῆλ-

467 895 581 947 θεν.
626 891 927 962 Ἀπεκρίθη
979 889 1037 942 δὲ
1086 889 1234 959 αὐτῇ
1295 889 1323 940 ὁ
1359 887 1599 956 Πέτρος·
1651 881 1789 938 Εἴπέ
1843 900 1955 954 μοι,
1992 882 2041 934 εἰ

457 985 714 1039 τοσούτου
740 983 800 1036 τὸ
821 983 1018 1053 χωρίον
1061 980 1324 1037 ἀπέδοσθε
1352 997 1366 1046 ;
1409 979 1470 1032 'll
1504 979 1560 1032 δὲ
1590 973 1711 1031 εἷπε
1733 996 1745 1009 ·
1775 977 1883 1029 Ναὶ
1914 991 2041 1027 τοσ-

459 1076 716 1132 ούτου.Ὀ
747 1076 802 1128 δὲ
838 1075 1042 1146 Πέτρος
1107 1070 1230 1128 εἷπε
1285 1073 1422 1144 πρὸς
1462 1072 1666 1140 αὐτήν·
1695 1071 1760 1124 Τί
1785 1070 1867 1122 ὅτι
1913 1084 2042 1121 συν-

462 1166 724 1237 εφωνήθη
757 1167 886 1235 ὑμῖν
911 1165 1172 1236 πειράσαι
1198 1164 1259 1218 τὸ
1298 1164 1521 1232 Πνεῦμα
1554 1162 1794 1234 Κυρίου;
1833 1160 1965 1213 Ἰδοὺ
1993 1159 2042 1210 οἱ

459 1258 620 1321 πόδες
660 1257 768 1312 τῶν
801 1257 1089 1326 θαψάντων
1120 1256 1210 1308 τὸν
1237 1255 1408 1324 ἄνδρα
1443 1272 1539 1308 σου
1591 1254 1728 1324 πρὸς
1765 1255 1833 1322 τῇ
1878 1249 2042 1320 θύρᾳ,

464 1351 564 1406 καὶ
593 1351 862 1416 ὲξοίσουσί
893 1368 976 1404 σε.
1021 1351 1224 1402 Ἔπεσε
1253 1349 1309 1401 δὲ
1360 1348 1710 1419 παραχρῆμα
1740 1345 1891 1416 παρὰ
1920 1345 2048 1406 τοὺς

467 1446 638 1508 πόδας
694 1443 788 1496 τοῦ
817 1443 1117 1497 ἀποστόλου
1151 1442 1247 1495 καὶ
1280 1440 1560 1511 ἐξέψυξεν.
1616 1438 1967 1499 Εἰσελθόντες
1991 1435 2048 1489 δὲ

462 1540 518 1595 οἱ
540 1537 832 1602 νεανίσκοι,
875 1530 1032 1608 εὗρον
1066 1536 1233 1605 αὐτὴν
1263 1535 1487 1604 νεκρὰν,
1539 1535 1634 1584 καὶ
1662 1531 2050 1598 ἐξενέγκαντες

467 1632 676 1701 ἔθαψαν
709 1631 844 1700 πρὸς
885 1629 976 1682 τὸν
1037 1629 1208 1696 ἄνδρα
1262 1627 1454 1696 αὐτῆς.
1490 1625 1602 1677 Καὶ
1635 1624 1853 1691 ἐγένετο
1886 1620 2050 1690 φόϐος

472 1726 648 1797 μέγας
706 1724 790 1792 ἐφ’
824 1722 954 1792 ὅλην
1006 1722 1105 1791 τὴν
1143 1717 1492 1790 Ἐκκλησίαν,
1541 1716 1634 1771 καὶ
1687 1715 1780 1768 ἐπὶ
1843 1714 2053 1776 πάντας

470 1814 602 1876 τοὺς
633 1814 936 1877 ἀκούοντας
969 1813 1162 1866 ταῦτα.

1071 1903 1455 1957 EPMHNEIA.

543 1999 608 2053 Et
658 1997 753 2052 καὶ
794 1999 822 2050 ό
880 1997 1124 2059 Σατανᾶς
1172 1995 1333 2048 τοῦτο
1389 1993 1668 2063 εποίησεν,
1713 1989 1851 2045 ἀλλὰ
1890 1986 2054 2050 αὐτὸς

474 2095 648 2156 αῐτιος
680 2091 905 2160 γέγονεν
931 2091 956 2142 ό
982 2089 1276 2158 δεξάμενος
1308 2086 1477 2140 αὐτοῦ
1514 2085 1613 2157 τὴν
1645 2085 1931 2155 ἐνέργειαν
1961 2081 2055 2135 καὶ

475 2183 753 2258 πηρωθείς
771 2182 848 2236 ³⁸.
884 2181 1041 2252 ᾜδει
1075 2180 1132 2233 δὲ
1180 2182 1207 2233 ὁ
1254 2178 1578 2241 ἀπόστολος,
1608 2178 1692 2230 ὅτι
1729 2175 1904 2236 ἄλλως
1939 2190 2056 2237 πως

477 2278 578 2331 οὐκ
599 2276 667 2330 ἂν
702 2274 974 2346 διορθωθῇ
993 2291 1006 2303 ·
1028 2273 1108 2325 διὸ
1133 2273 1227 2328 καὶ
1246 2271 1381 2324 ὡσεὶ
1409 2270 1682 2340 σηπεδόνα
1716 2267 1824 2320 ἔδει
1855 2269 2060 2335 ἐκτμη-

481 2367 662 2436 θῆναι,
693 2365 782 2418 ἴνα
824 2365 901 2435 μὴ
955 2363 1015 2415 τὸ
1067 2361 1256 2415 λοιπὸν
1311 2359 1627 2428 λυμήνηται
1659 2355 1720 2410 τὸ
1755 2354 1917 2424 σῶμα
1959 2353 2059 2420 τῆς

492 2457 843 2529 Ἐκκλησίας.
888 2455 947 2508 '0
970 2455 1078 2525 γὰρ
1105 2451 1336 2506 τοιαῦτα
1355 2450 1519 2522 ὁρῶν,
1547 2448 1642 2501 καὶ
1669 2447 1744 2518 μὴ
1768 2445 2059 2515 κερδάνας,

479 2551 664 2622 πολλῷ
700 2550 900 2622 μᾶλλον
961 2549 1060 2602 οὐκ
1087 2547 1152 2601 ἂν
1186 2545 1390 2616 ἑτέρως
1431 2543 1744 2614 ἐκέρδανεν.
1800 2540 1914 2592 Οὐκ
1949 2537 2060 2590 ἔδει

479 2647 662 2699 τοίνυν
702 2641 889 2704 ἁπλῶς
939 2640 1233 2712 παρελθεῖν
1275 2638 1336 2692 τὺ
1381 2637 1536 2707 γένος
1553 2637 1623 2689 ’⁷.
1677 2633 1793 2686 Νῦν
1827 2631 1924 2703 μὲν
1954 2631 2062 2701 γὰρ

481 2731 638 2804 οὗτος
684 2735 993 2806 ὠφέληται,
1037 2733 1114 2804 μὴ
1168 2730 1550 2803 προσελθὼν²⁸
1611 2725 1925 2797 περαιτέρω
1957 2740 2062 2778 κα-

484 2839 630 2902 κίας,
673 2833 768 2888 καὶ
797 2833 845 2886 οἱ
869 2831 1048 2885 λοιποὶ
1088 2826 1498 2895 σπουδαιότεροι
1551 2823 1862 2892 γεγόνασιν.
1906 2817 2064 2871 Οὕτω

484 2930 580 2984 καὶ
632 2926 726 2980 ἐπὶ
771 2924 873 2994 τῆς
919 2921 1152 2976 κιϐωτοῦ
1208 2920 1463 2988 γέγονεν’
1509 2915 1669 2979 Ὀζᾶν
1721 2913 2060 2983 ἐτιμωρήθη,

486 3020 585 3076 καὶ
615 3019 834 3087 ἐγένετο
861 3017 974 3079 τοῖς
1001 3013 1180 3074 ἄλλοις
1203 3012 1386 3081 φόϐος.
1418 3010 1534 3062 υὺκ
1563 3008 1765 3079 ἤρκεσε
1795 3004 1852 3058 δὲ
1871 3003 2062 3058 τούτου

493 3112 657 3183 μόνου
682 3113 715 3181 ἠ
748 3109 989 3180 τιμωρία
1017 3126 1030 3140 ·
1067 3106 1205 3163 ἀλλὰ
1235 3105 1330 3158 καὶ
1361 3102 1662 3156 συνειδέναι
1689 3099 1788 3170 τὴν
1803 3099 2062 3168 γυναῖκα,

2141 611 2226 658 est
2261 610 2442 656 autem
2477 597 2632 667 quasi
2686 596 2943 649 horarum
2977 594 3141 646 trium
3182 592 3441 661 spatium,
3491 599 3543 643 et
3589 603 3724 642 uxor

2148 694 2344 763 ipsius,
2378 691 2632 745 nesciens
2666 687 2812 756 quod
2845 684 3044 740 iactum
3072 685 3266 746 fuerat,
3308 680 3575 736 introivit.
3631 678 3725 730 Di-

2144 787 2225 840 xit
2279 794 2460 837 autem
2510 781 2573 836 ei'
2602 779 2842 834 Petrus:
2901 777 2998 831 Dic
3053 775 3209 837 mihi,
3246 771 3461 834 mulier,
3505 770 3549 824 si
3590 766 3728 822 tanti

2145 891 2338 946 agrum
2367 870 2741 928 vendidistis?
2789 871 2857 923 At
2887 868 2978 921 illa
3009 865 3145 922 dixit
3179 881 3192 920 :
3223 863 3399 918 Etiam
3434 861 3588 915 tanti.
3627 858 3729 913 Pe-

2147 980 2263 1023 trus
2299 977 2478 1020 autem
2513 965 2580 1018 ad
2615 978 2733 1017 eam
2773 980 2786 1014 :
2823 959 2966 1025 Quid
3020 958 3212 1026 utique
3263 954 3519 1008 convenit
3573 951 3733 1006 vobis

2146 1067 2359 1115 tentare
2403 1056 2666 1126 Spiritum
2715 1051 2970 1106 Domini?
3017 1049 3155 1104 Ecce
3197 1046 3365 1117 pedes
3399 1058 3590 1099 eorum
3636 1041 3732 1112 qui

2147 1148 2484 1220 sepelierunt
2513 1146 2694 1199 virum
2728 1152 2880 1196 tuum
2927 1139 2994 1192 ad
3042 1137 3272 1199 ostium,
3303 1145 3358 1189 et
3389 1133 3617 1190 cﬂ‘erent
3656 1141 3728 1184 te.

2147 1239 2452 1296 Confestim
2488 1234 2686 1291 cecidit
2731 1245 2856 1288 ante
2902 1231 3065 1302 pedes
3120 1230 3242 1297 ejus
3299 1233 3353 1279 et
3408 1223 3733 1294 ert-Spiravit.

2150 1333 2426 1387 lntrantes
2475 1335 2656 1382 autem
2707 1325 2960 1396 juvenes,
3009 1321 3338 1374 invenerunt
3384 1316 3528 1369 illam
3584 1329 3733 1367 mor-

2151 1431 2326 1487 tuam,
2356 1429 2410 1476 et
2432 1418 2770 1483 extulerunt,
2799 1423 2854 1470 et
2887 1413 3229 1484 sepelierunt
3253 1408 3320 1462 ad
3344 1407 3519 1460 virum
3544 1421 3725 1460 suum.

2151 1517 2218 1571 Et
2250 1515 2432 1570 factus
2463 1523 2546 1570 est
2587 1515 2751 1568 timor
2799 1524 3030 1581 magnus
3069 1508 3128 1561 in
3168 1508 3428 1562 universa
3484 1499 3734 1556 Ecclesia

2152 1614 2209 1661 et
2246 1603 2300 1658 in
2333 1619 2529 1659 omnes
2567 1603 2661 1672 qui
2689 1600 2981 1656 audierunt
3003 1597 3141 1652 haec.

2662 1864 3241 1927 COMMENTARIUS.

2230 1967 2473 2022 Tametsi
2508 1965 2614 2020 hoc
2647 1961 2885 2018 Satanas
2915 1959 3126 2024 fecerit,
3163 1951 3524 2010 nihilominus
3567 1957 3620 2003 et
3653 1947 3744 2003 ille

2156 2077 2282 2116 reus
2309 2060 2429 2122 fuit,
2461 2057 2556 2129 qui
2597 2057 2744 2110 illius
2802 2055 2856 2108 in
2915 2067 2974 2108 se
3007 2049 3378 2121 operationem
3417 2042 3657 2106 admisit,
3689 2049 3745 2094 et

2157 2170 2219 2209 ea
2258 2151 2472 2221 impleri
2533 2165 2593 2204 se
2639 2150 2789 2204 sivit.
2838 2144 3008 2200 Norat
3064 2150 3248 2197 autem
3293 2136 3574 2209 apostolus
3616 2149 3742 2189 eum

2159 2247 2312 2302 nullo
2347 2243 2511 2298 modo
2558 2239 2950 2310 corrigendum
2981 2235 3122 2290 'fore
3165 2253 3177 2288 :
3233 2239 3572 2302 quapropter
3627 2237 3744 2279 tan-

2161 2352 2324 2405 quam
2363 2344 2524 2405 putre
2559 2330 2864 2387 membrum
2895 2325 3149 2383 exscindi
3201 2321 3513 2393 oportebat,
3557 2333 3626 2372 ne
3661 2331 3745 2369 re-

2162 2430 2373 2499 liquum
2419 2425 2682 2482 Ecclesia:
2716 2437 2919 2492 corpus
2973 2422 3371 2486 corrumperet.
3435 2411 3539 2478 Qui
3599 2407 3746 2462 enim

2165 2523 2298 2577 talia
2326 2521 2519 2576 videns
2562 2518 2699 2595 nihil
2759 2515 3092 2586 proiecerat,
3145 2507 3396 2580 profecto
3430 2518 3608 2572 neque
3642 2501 3747 2554 alia

2165 2617 2380 2670 ratione
2415 2594 2764 2682 profeciSSet.
2799 2606 2918 2662 Non
2955 2605 3244 2676 oportebat
3269 2610 3451 2654 autem
3479 2594 3750 2665 ejusmodi

2166 2707 2372 2761 factum
2406 2701 2726 2758 omnimode
2758 2697 3062 2770 praeterire.
3120 2692 3234 2747 Hac
3260 2706 3390 2746 vero
3441 2689 3657 2742 ratione
3695 2693 3752 2739 et

2167 2799 2286 2870 ipse
2312 2796 2750 2852 emolumentum
2778 2789 2992 2855 habuit,
3013 2787 3157 2856 quod
3187 2799 3295 2838 non
3329 2779 3752 2851 progrederetur

2166 2896 2222 2951 in
2257 2889 2497 2962 nequitia
2527 2906 2540 2954 ;
2595 2895 2651 2942 et
2688 2885 2802 2948 alii,
2837 2881 2984 2954 quod
3019 2877 3217 2935 exinde
3272 2875 3438 2944 216
3475 2872 3753 2926 cautiores

2166 2961 2550 3041 redderentur.
2589 2976 2781 3032 Simile
2814 2973 2947 3044 quid
2981 2981 3037 3027 et
3068 2971 3219 3026 circa
3261 2983 3442 3021 arcam
3486 2961 3706 3030 t'tlllllgll
3737 2976 3750 3010 :

2167 3093 2293 3134 cum
2327 3075 2472 3131 enim
2496 3072 2607 3127 Oza
2639 3071 2864 3142 punitus
2885 3075 2991 3130 est,
3017 3064 3109 3118 alii
3144 3063 3263 3116 utili
3293 3061 3488 3114 timore
3515 3057 3750 3126 perculsi

490 3150 587 3258 ζα).
614 3201 688 3273 μὴ
703 3150 929 3265 ιεῐτέεῖνῗ
947 3199 1048 3269 τῆς
1092 3197 1284 3268 ὁμοίας
1318 3194 1461 3260 ἀξιοί
1495 3150 1787 3264 τζῌῷῥιᾷξ.
1814 3150 2066 3259 ξἠμειωί

2173 3178 2322 3225 sunt.
2362 3166 2468 3222 Sed
2490 3165 2629 3220 satis
2661 3176 2772 3216 non
2799 3159 2903 3214 iuit
2942 3158 3105 3212 istius
3135 3154 3304 3208 solius
3331 3150 3542 3222 punitio
3575 3164 3588 3201 ε
3623 3162 3760 3200 uxor

2255 3265 2264 3273 '
2387 3257 2400 3271 ⁸
2620 3253 2676 3273 -1
2725 3252 2934 3273 -μ--λε-
2980 3247 3107 3273 hu:
3143 3254 3280 3273 ιιι-ειη·
3339 3250 3386 3273 ης
3439 3255 3544 3273 ..Λ-ι
3585 3235 3760 3273 noni-

491 3296 634 3360 τέον,
664 3294 746 3347 ὃτι
777 3292 837 3344 τὸ
864 3289 1164 3344 συνειδέναι
1206 3289 1268 3340 τὸ
1299 3285 1584 3355 γινόμενον
1613 3281 1743 3350 παρ’
1777 3279 1934 3336 ἄλλον
1976 3295 2075 3332 κα-

493 3388 612 3452 κὸν,
649 3386 744 3440 καὶ
767 3386 1001 3456 σιωπᾷν,
1041 3380 1286 3453 ἁμαρτία
1316 3378 1486 3432 ἐστίν.

1088 3647 1342 3704 ΚΕΦΑΛ.
1386 3643 1480 3714 ς’.

892 3741 1149 3812 Κυριακὴ
1177 3739 1273 3793 τοῦ
1319 3737 1676 3806 Ἀντιπάσχα.

507 3837 638 3892 Ὀτι
656 3835 798 3902 τοὺς
814 3835 1200 3898 ἀποστόλους
1224 3828 1634 3901 ἐμϐληθέντας
1654 3825 1724 3879 ἐν
1743 3820 1824 3888 τῷ
1851 3821 2085 3888 δεσμω-

576 3931 779 3997 τηρίῳ,
825 3925 1078 3995 ἅγγελος
1123 3921 1229 3976 τοῦ
1289 3918 1440 3975 Θεοῦ
1505 3917 1744 3982 νύκτωρ
1800 3907 2082 3975 ἐξέωσεν,

577 4019 904 4090 ἐπιτρέψας
940 4016 1263 4080 ἀκωλύτως
1309 4012 1645 4080 κηρύσσειν
1674 4007 1784 4062 τὸν
1816 4000 2083 4073 Ἰησοῦν.

1093 4100 1485 4160 ΚΕΙΜΕΝΟΝ.

580 4202 680 4258 Διὰ
729 4202 784 4255 δὲ
831 4200 942 4254 τῶν
989 4197 1190 4270 χειρῶν
1217 4198 1326 4248 τῶν
1375 4191 1716 4256 ἀποστόλων,
1746 4187 1963 4255 ἐγένετο
1994 4198 2090 4252 σηο

515 4296 645 4366 μεῖα
673 4294 769 4346 καὶ
788 4293 992 4362 τέρατα
1014 4291 1071 4342 ἐν
1096 4286 1176 4358 τῷ
1212 4285 1327 4356 λαῷ
1357 4283 1528 4339 πολλὰ
1552 4299 1566 4314 ·
1596 4281 1695 4335 καὶ
1721 4275 1862 4350 ἦσαν
1893 4274 2090 4345 ὁμοθυ-

517 4363 684 4457 μαδὸν
727 4383 964 4443 ἅπαντες
999 4382 1056 4432 ὲν
1082 4382 1150 4447 τῇ
1203 4377 1332 4446 στοᾷ
1361 4374 1455 4428 τοῦ
1489 4369 1833 4442 Σολομῶντος
1862 4383 1874 4396 ·
1905 4365 2014 4419 τῶν
2035 4363 2094 4417 δὲ

515 4476 722 4531 λοιπῶν
758 4473 938 4536 οὐδεὶς
985 4471 1188 4541 ὲτόλμα
1232 4467 1530 4523 κολλᾶσθαι
1563 4466 1748 4527 αὐτοῖς
1770 4479 1783 4494 ·
1820 4461 1930 4516 ἀλλ’
1964 4462 2092 4530 ὲμε-

515 4569 751 4638 γάλυνεν
811 4564 1009 4626 αὐτοὺς
1061 4564 1089 4614 ὁ
1141 4561 1298 4624 λαός·
1361 4557 1563 4630 μᾶλλον
1623 4555 1680 4607 δὲ
1717 4550 2096 4624 προσετίθεντο
2129 4541 2453 4612 Dpopulus.

2177 3265 2324 3318 enim
2348 3257 2495 3329 ejus,
2532 3253 2679 3328 quod
2708 3252 2939 3308 conscia
2979 3247 3108 3303 iacti
3140 3254 3288 3301 esset
3339 3250 3393 3295 ct
3439 3255 3544 3295 non
3585 3256 3614 3288 ιι
3640 3235 3761 3291 ani-

2182 3357 2460 3417 festassct,
2490 3363 2708 3422 poenam
2735 3344 2984 3401 eamdem
3012 3338 3334 3411 promeruit.
3375 3331 3528 3388 Unde
3565 3337 3762 3383 notan-

2181 3449 2308 3504 dum
2341 3452 2425 3500 est
2453 3455 2683 3514 peccare
2731 3452 2882 3501 eum,
2917 3435 3011 3506 qui
3041 3428 3294 3486 criminis
3328 3418 3396 3481 ab
3430 3424 3537 3478 alio
3565 3418 3762 3492 patrati

2183 3537 2444 3595 conscius
2467 3535 2612 3592 silet.

2790 3619 3021 3678 CAPUT
3061 3615 3155 3672 Vl.

2398 3716 2686 3775 Dominica
2724 3713 2965 3770 secunda
2995 3717 3116 3778 post
3145 3704 3358 3759 Pascha
3388 3699 3526 3771 (14).

2189 3816 2343 3884 Quod
2376 3809 2646 3883 apostolos
2675 3809 2729 3861 in
2761 3819 3023 3860 carcerem
3058 3798 3322 3867 conjectos
3375 3791 3593 3861 angelus
3633 3788 3769 3842 edu-

2257 3880 2420 3968 xerit,
2451 3903 2734 3972 injungens
2769 3897 2899 3962 illis,
2938 3904 2990 3948 ut
3024 3890 3211 3946 Iesum
3252 3886 3398 3940 omni
3442 3899 3562 3938 cum
3610 3880 3770 3935 liber-

2257 4009 2366 4054 tate
2389 3993 2768 4063 prwdicarent.

2819 4072 3122 4131 TEXTUS.

2265 4175 2332 4242 ν,
2363 4171 2549 4228 1230.
2577 4169 2678 4225 Per
2719 4179 2918 4220 manus
2951 4168 3134 4217 autem
3168 4153 3543 4228 apostolorum
3575 4149 3775 4204 fiebant

2192 4239 2350 4338 signa
2367 4276 2420 4321 et
2437 4259 2687 4334 prodigia
2711 4255 2880 4310 multa
2903 4257 2960 4307 in
2985 4250 3158 4322 plebe.
3180 4246 3250 4302 Et
3269 4253 3428 4300 erant
3441 4239 3777 4296 unanimiter

2195 4373 2388 4417 omnes
2405 4359 2460 4413 in
2479 4357 2691 4426 porticu
2712 4346 3040 4406 Salomonis.
3061 4343 3391 4398 Creten-orum
3414 4343 3597 4390 autem
3617 4342 3779 4385 nech

2198 4451 2435 4506 audebat
2479 4423 2544 4503 se
2573 4445 2910 4513 conjungere
2942 4436 3051 4490 illis
3086 4449 3102 4500 ;
3144 4430 3238 4487 sed
3268 4423 3652 4513 magniﬁcabat
3682 4435 3778 4474 eos

2503 4508 2692 4603 Magis?
2731 4508 2913 4582 autem
2955 4521 3258 4591 augebatur
3305 4510 3646 4568 credentium
3711 4508 3766 4558 in

517 4598 751 4638 ῙαΙιυντνν
811 4598 1007 4626 uinum,
1061 4598 1089 4614 υ
1143 4598 1272 4624 σηριτ
1361 4598 1560 4630 rem..."
1625 4598 1680 4607 --
1724 4598 2062 4624 ..r------_--

517 4658 870 4720 πιστεύοντες
912 4655 992 4725 τῷ
1032 4654 1222 4725 Κυρίῳ
1252 4650 1432 4721 πλήθη
1460 4647 1671 4719 ἀνδρῶν
1704 4663 1763 4698 τε
1793 4646 1888 4698 καὶ
1917 4659 2068 4711 γυναι

2200 4598 2433 4687 Doinino
2467 4620 2761 4680 multitudo
2789 4619 3034 4674 virorum
3067 4624 3132 4665 ac
3166 4606 3478 4666 mnliermn,
3514 4602 3586 4653 ita
3628 4606 3687 4652 ut
3725 4598 3779 4650 in

2239 4723 2248 4725 -
2472 4716 2504 4725 --
2681 4719 2691 4725 -
2724 4709 2736 4722 ·
2786 4707 2968 4725 τμη---
3092 4707 3350 4725 nam”...
3381 4697 3432 4725 :..
3475 4692 3687 4725 lar-Iulia
3716 4705 3778 4725 ε...

517 4751 633 4804 κῶν
663 4765 678 4780 °
710 4749 854 4802 ῶστε
905 4746 1048 4800 κατὰ
1078 4745 1175 4805 τὰς
1205 4740 1466 4802 πλατείας
1501 4737 1756 4806 ἐκφέρειν
1783 4733 1907 4796 τοὺς
1938 4729 2103 4784 ἀσθε-

519 4843 655 4905 νεῖς,
701 4841 795 4892 καὶ
846 4837 1055 4890 τιθέναι
1109 4834 1203 4888 ἐπὶ
1253 4832 1450 4886 κλινῶν
1482 4831 1573 4884 καὶ
1606 4826 1936 4898 κραϐϐἁτων
1963 4863 1979 4887 ,
2014 4821 2102 4875 ἵνα

519 4931 825 5004 ἐρχομένου
849 4927 946 4981 τοῦ
987 4906 1196 4996 Πέτριῖυ
1229 4924 1332 4978 κᾶν
1358 4924 1392 4992 ὴ
1414 4921 1543 4975 σκιὰ
1583 4917 1751 4973 αὐτοῦ
1802 4912 2103 4983 ὲπισκιάσῃ

519 5003 630 5078 τινὶ
659 5019 862 5075 αὐτῶν.
896 5019 1238 5088 Συνὴρχοντο
1274 5015 1330 5068 δὲ
1379 5014 1474 5067 καὶ
1505 5012 1572 5066 τὰ
1603 5009 1785 5080 πλήθη
1810 5006 1919 5060 τῶν
1945 5003 2102 5074 πέριξ

524 5117 736 5170 πόλεων
795 5115 877 5176 είς
925 5110 1317 5182 Ἰερουσαλὴμ,
1373 5107 1632 5178 φέροντες
1700 5100 1948 5161 ἀσθενεῖς
2011 5096 2105 5149 καὶ

522 5203 887 5274 ὀχλουμένους
937 5200 1043 5253 ὑπὸ
1105 5196 1434 5266 πνευμάτων
1500 5190 1865 5260 ἀκαθάρτων·
1912 5184 2103 5246 οἵτινες

522 5296 922 5367 ἐθεραπεύοντο
951 5290 1213 5354 ἅπαντες.
1257 5285 1519 5348 Ἀναστὰς
1546 5284 1605 5338 δὲ
1634 5285 1663 5336 δ
1691 5277 1979 5352 ἀρχιερεὺς
2009 5276 2106 5328 καὶ

526 5389 728 5451 πάντες
758 5385 810 5438 οἱ
847 5383 946 5439 σὺν
984 5380 1132 5452 αὐτῷ
1166 5381 1224 5451 (ἡ
1273 5373 1415 5434 οὖσα
1453 5377 1666 5448 αἵρεσις
1713 5371 1822 5427 τῶν
1873 5368 2103 5422 Σαδδου-

2199 4723 2408 4792 plateas
2438 4716 2699 4786 ejicerent
2724 4707 2972 4764 inﬁrmos
3004 4710 3058 4758 et
3091 4707 3356 4770 ponerent
3381 4697 3433 4749 in
3473 4692 3688 4746 lectulis
3716 4705 3781 4742 ac

2211 4782 2480 4882 grabatis,
2513 4814 2596 4871 ut,
2632 4800 2886 4857 veniente
2933 4794 3118 4860 Petro,
3155 4791 3348 4846 saltem
3413 4785 3602 4841 ninbra
3638 4782 3782 4836 illius

2203 4874 2556 4957 obumbraret
2584 4904 2917 4964 quemquam
2947 4887 3186 4950 illorum,
3207 4880 3288 4954 [et
3317 4881 3686 4934 liberarentur
3715 4874 3784 4925 ab

2209 4987 2624 5048 infirmitatibus
2655 4980 2819 5053 suis.)
2838 4977 3216 5034 Concurrebat
3246 4984 3425 5026 autem
3454 4979 3508 5022 et
3542 4966 3786 5020 multitn-—

2211 5083 2281 5138 de
2310 5081 2618 5136 vicinarum
2642 5075 2926 5130 civitatum
2957 5067 3283 5131 Jerusalem,
3305 5063 3592 5117 ail‘erentcs
3612 5068 3787 5125 a‘gros

2211 5185 2265 5232 et
2286 5181 2510 5230 vexatos
2539 5183 2569 5223 a
2622 5167 2911 5237 spiritibus
2951 5157 3286 5219 immundis,
3323 5153 3413 5225 qui
3451 5150 3787 5205 curabantur

2212 5281 2427 5322 omnes.
2454 5265 2772 5329 Exsurgens
2829 5266 3010 5309 autem
3047 5253 3301 5323 princeps
3354 5241 3701 5302 sacerdotum
3735 5251 3790 5294 ct

2208 5373 2400 5416 omnes
2449 5355 2544 5426 qui
2577 5368 2701 5408 cum
2746 5350 2838 5403 illo
2888 5355 3066 5410 erant,
3103 5357 3226 5413 qua:
3259 5347 3343 5394 est
3382 5335 3610 5392 bazresis
3649 5330 3791 5388 Sad-

1725 5545 1928 5610 Varize
1973 5543 2285 5608 lectiones
2325 5548 2386 5603 et
2433 5541 2624 5599 nota).

601 5665 650 5698 ³⁸
674 5661 1005 5736 πληρωθείς.
1081 5662 1125 5694 ⁸⁷
1185 5658 1412 5729 γεγονός
1486 5655 1532 5687 ’⁸
1588 5651 1889 5724 προελθών.

605 5824 723 5902 (14)
746 5823 886 5897 Lege
920 5822 1193 5879 Dominica
1217 5818 1440 5874 secunda
1470 5815 1712 5871 PaSC/lﬂ’.
1741 5810 1873 5865 Vide
1897 5805 2134 5891 Pudet,
2158 5816 2343 5872 supra,
2376 5813 2526 5854 nunt.
2566 5793 2670 5862 γη,
2694 5793 2796 5849 cel.
2819 5789 2945 5856 ιιδ,
2981 5793 3090 5840 net.
3121 5781 3222 5854 (α).
