4114 6446
356 431 463 489 8‘35

1268 431 1816 492 THEOPHYLAC’I‘
1833 424 2294 490 liBULGARl/E
2324 432 2679 493 ARCHIEP.

3504 430 3613 495 896

357 539 672 593 ductcorum
709 540 896 608 repleti
936 550 1065 595 sunt
1100 539 1244 595 zelo.
1291 540 1355 593 Et
1404 542 1708 611 injccerunt
1741 558 1935 596 manus

2050 542 2258 610 καίων),
2287 542 2641 614 ἐπλήσθησαν
2678 542 2875 612 ζήλου·
2920 540 3016 594 καὶ
3057 539 3326 593 ἐπέϐαλον
3377 542 3475 605 τὰς
3508 547 3617 613 χεῖ-

360 631 415 685 in
453 633 735 702 apostolos
782 642 837 687 et
877 644 1294 703 posuerunteos
1332 635 1382 688 in
1417 634 1663 688 custodia
1691 637 1930 704 publica.

358 718 602 791 Angelus
632 729 819 778 autem
848 722 1063 776 Domini
1095 738 1191 793 per
1218 732 1433 778 noctem
1466 722 1935 792 aperiensjanuas

358 813 597 868 carceris
645 823 703 868 et
734 813 976 869 educens
1004 830 1120 877 eos,
1175 815 1308 868 dixit
1338 832 1352 868 :
1382 813 1480 874 lte.
1514 823 1567 868 et
1607 821 1819 870 stantes
1854 814 1935 866 lo-

266 958 279 980 ,
357 903 595 975 quimini
623 906 677 960 in
711 906 914 974 templo
963 905 1110 976 plebi
1142 906 1321 959 oninia
1364 906 1528 960 verba
1577 906 1703 961 vita).
1746 904 1934 977 hujus.

263 4760 278 4873 ἒ

265 4911 278 5026 ἐ

874 1083 1450 1142 COMMENTARIUS.

435 1174 564 1232 Post
611 1176 870 1246 injectum
931 1179 1208 1246 timorem,
1244 1180 1399 1250 plura
1455 1180 1572 1252 ipse
1627 1190 1682 1237 et
1739 1181 1937 1252 reliqui

362 1268 521 1338 signa
560 1269 854 1324 faciebant.
878 1270 951 1325 Ex
982 1271 1178 1328 timore
1199 1273 1345 1327 enim
1394 1273 1644 1330 Ecclesia
1691 1275 1940 1344 proficie-

359 1359 454 1413 bat
482 1360 535 1413 in
567 1359 672 1415 {ide
710 1371 766 1416 et
793 1362 929 1420 tides
967 1363 1035 1418 ad
1071 1365 1336 1421 miracula
1361 1369 1782 1436 cooperabatur.
1820 1365 1937 1421 Non

357 1450 505 1535 enim
541 1462 730 1522 postea
760 1452 940 1521 facile,
962 1464 1021 1509 ut
1079 1467 1264 1521 antea,
1287 1460 1631 1529 contemptui
1665 1460 1940 1513 babelzan-

359 1549 451 1594 tur
485 1557 500 1594 :
529 1551 585 1596 et
636 1544 805 1599 multa
849 1555 971 1600 erat-
997 1545 1152 1614 ﬁdes,
1187 1557 1244 1603 et
1276 1551 1453 1619 major
1498 1567 1662 1621 quam
1698 1562 1942 1622 tempore

360 1632 591 1687 Christi.
642 1634 835 1691 Simile
880 1637 1026 1692 enim
1059 1641 1277 1695 vivente
1322 1641 1546 1696 Christo
1598 1640 1799 1697 factum
1834 1658 1939 1696 non

359 1731 466 1779 est.
495 1722 845 1783 Manentibus
895 1731 1037 1785 enim
1072 1733 1179 1788 illis
1207 1748 1305 1787 nec
1331 1734 1823 1799 eircumeuntibus,
1850 1751 1948 1788 un-

360 1814 527 1883 dique
553 1817 927 1874 aﬂcrebantur
966 1841 983 1872 ι
1023 1823 1222 1876 inﬁrmi
1258 1823 1312 1877 in
1370 1825 1585 1878 lectulis
1631 1839 1693 1877 ac
1742 1826 1936 1894 graba-

2042 649 2140 702 ρας
2171 632 2264 685 ἐπὶ
2298 632 2425 694 τοὺς
2462 631 2818 695 ἀποστόλους,
2846 632 2942 683 καὶ
2992 630 3179 684 ἔθεντο
3205 629 3405 693 αὐτοὺς
3439 633 3497 684 ὲν
3524 650 3622 703 τηο

2044 725 2202 794 ρήσει
2236 724 2495 795 δημοσίᾳ..
2532 724 2801 791 Ἀγγελος
2831 723 2890 776 δὲ
2925 722 3132 794 Κυρίου
3173 720 3263 775 διὰ
3291 722 3392 792 τῆς
3424 725 3620 788 νυκτὸς

2038 816 2218 885 ήνοιξε
2245 818 2345 880 τὰς
2374 816 2546 887 θύρας
2566 816 2665 886 τῆς
2686 815 2965 885 φυλακῆς·
2998 812 3283 884 ἐξαγαγών
3312 832 3374 869 τε
3400 816 3620 881 αὐτοὺς,

2039 904 2163 962 εἶπε
2183 926 2196 939 ·
2222 908 2555 981 Πορεύεσθε,
2580 911 2673 962 καὶ
2705 907 2996 969 σταθέντες
3052 906 3265 961 λαλεῖτε
3288 909 3346 960 έν
3379 907 3458 978 τῷ
3494 908 3623 979 ίερῖ)

2040 998 2117 1070 τῷ
2143 999 2259 1071 λαῷ
2291 1000 2469 1056 πάντα
2499 998 2567 1053 τὰ
2589 998 2812 1069 ῥήματα
2842 997 2943 1067 τῆς
2978 996 3124 1070 ζωῆς
3150 998 3376 1067 ταύτης.

2642 1089 3024 1147 ΕΡΜΗΝΕΙΔ.

2113 1183 2270 1238 Μετὰ
2302 1183 2363 1237 τὸ
2410 1182 2669 1252 γενέσθαι
2697 1184 2791 1237 τὸν
2828 1183 2995 1252 φόϐον
3050 1181 3257 1247 αὐτῶν,
3279 1181 3500 1236 πλείονα
3534 1199 3630 1254 ση-

2046 1281 2173 1349 μεῖα
2204 1275 2406 1340 ἐποίει,
2446 1274 2543 1327 καὶ⁸
2585 1274 2747 1338 αὐτὸς
2776 1276 2872 1329 καὶ
2905 1275 2957 1328 oi
2990 1274 3190 1329 λοιποί.
3232 1273 3366 1326 Ἀπὸ
3397 1274 3508 1344 γὰρ
3531 1275 3626 1327 τοῦ

2045 1369 2213 1437 φόϐου
2241 1368 2322 1430 εἰς
2353 1365 2576 1420 πλείονα
2609 1365 2792 1419 πίστιν
2830 1364 3074 1419 ἐπεδίδου
3112 1366 3147 1436 ή
3187 1364 3488 1434 Ἐκκλησία
3511 1382 3525 1396 ’
3546 1364 3629 1417 διὸ

2042 1462 2138 1515 καὶ
2190 1461 2223 1529 ή
2275 1458 2456 1522 πίστις
2496 1460 2757 1529 συνήργει
2786 1461 2898 1520 τοῖς
2927 1457 3229 1528 θαύμασιν.
3264 1457 3377 1511 Οὐκ
3401 1456 3485 1509 ἔτι
3521 1458 3628 1526 γὰρ

2042 1551 2138 1605 τοῦ
2167 1550 2358 1605 λοιποῦ
2397 1549 2870 1619 εὐκαταφρόνητοι
2906 1544 3047 1618 ἦσαν
3083 1547 3341 1618 καθάπερ
3371 1548 3465 1601 καὶ
3489 1547 3627 1615 πρό-

2045 1662 2205 1716 τερον
2226 1661 2241 1675 ·
2276 1643 2412 1701 ἀλλὰ
2442 1642 2668 1713 πολλὴή
2707 1643 2893 1705 πίστις
2925 1644 3022 1695 καὶ
3064 1639 3292 1710 μείζων,
3324 1640 3357 1710 ἦ
3395 1640 3488 1692 ἐπὶ
3533 1639 3627 1692 τοῦ

2046 1734 2308 1804 Χριστοῦ.
2347 1732 2519 1788 Τοῦτο
2555 1734 2666 1805 γὰρ
2713 1734 2809 1786 ἐπὶ
2846 1732 2942 1785 τοῦ
2995 1731 3235 1803 Χριστοῦ
3298 1731 3356 1783 οὐ
3414 1730 3625 1798 γέγονε.

2047 1826 2337 1878 Μενόντων
2372 1825 2481 1896 γὰρ
2541 1825 2744 1886 αὐτῶν,
2811 1824 2905 1877 καὶ
2953 1824 3015 1876 οὐ
3068 1821 3471 1893 περι[ι]ὁντων,
3534 1820 3631 1873 καὶ

361 1907 455 1971 tis,
506 1926 528 1961 ι
568 1918 627 1961 ιιι
664 1926 728 1965 ex
758 1912 952 1966 umbra
992 1914 1140 1968 Petri
1193 1925 1544 1969 sanarentur.
1592 1914 1705 1969 lloc
1757 1926 1937 1970 autem

2050 1915 2268 1969 ἄλλοθεν
2292 1917 2550 1986 ἐφέροντο
2579 1916 2779 1978 πάντες
2811 1915 2902 1966 ἐπὶ
2932 1913 3131 1967 κλινῶν
3156 1915 3248 1966 καὶ
3271 1911 3626 1980 κραϐϐἀτων,

359 1999 615 2070 contigit,
648 2002 911 2071 quoniam
945 2005 1063 2076 ipse
1108 2005 1364 2063 Christus
1396 2008 1660 2063 Dominus
1683 2009 1821 2062 dixit
1854 2010 1896 2040 ³³
1924 2029 1938 2065 :

365 2108 387 2142 ι
429 2088 532 2158 Qui
564 2093 738 2148 credit
779 2096 834 2149 in
872 2111 978 2163 me,
1009 2114 1178 2169 Opera
1206 2116 1330 2169 qua:
1363 2114 1466 2169 ego
1497 2099 1661 2166 facio,
1685 2110 1739 2154 et
1779 2102 1940 2171 217

359 2182 479 2252 ipse
545 2183 729 2252 taciet,
776 2196 832 2244 et
871 2190 1080 2259 majora
1122 2192 1316 2247 horum
1355 2192 1540 2247 faciet.
1603 2211 1623 2244 ι
1673 2190 1754 2246 En
1803 2208 1936 2247 vero

359 2274 642 2346 impletum
679 2278 782 2336 hoc
812 2282 1045 2341 dictum.

689 2458 932 2521 Sabbato
962 2460 1319 2517 hebdomade:
1349 2466 1624 2522 secundae.

361 2547 519 2615 Quod
554 2560 769 2622 postera
792 2552 876 2605 die
913 2555 1192 2621 pontiﬁces
1223 2571 1310 2610 eos
1354 2573 1543 2611 rursus
1602 2561 1947 2629 comprehen-

435 2658 542 2707 sos,
577 2659 642 2699 ne
670 2644 901 2713 amplius
944 2645 1216 2711 docerent,
1270 2648 1571 2720 ﬂagellato:
1613 2651 1940 2708 dimiserint.

997 2822 1302 2881 TEXTUS.

432 2908 500 2979 V,
516 2911 707 2970 21-32.
726 2914 829 2982 Qui
848 2931 972 2971 cum
996 2917 1299 2983 audissent,
1335 2919 1683 2975 intraverunt
1702 2922 1946 2978 diluculo

359 3002 416 3058 in
447 3005 729 3074 templum,
780 3014 834 3062 et
868 3006 1163 3063 docebant.
1209 3010 1525 3068 Adveniens
1581 3021 1766 3068 autem
1802 3015 1951 3084 prin-

360 3107 494 3162 ceps
544 3094 890 3151 sacerdotum
921 3107 975 3151 et
1004 3098 1099 3168 qui
1149 3114 1274 3154 cum
1323 3115 1391 3155 eo
1411 3113 1588 3168 erant,
1612 3119 1948 3161 convocare-

365 3196 494 3241 runt
519 3190 814 3245 concilium
841 3201 894 3248 et
920 3208 1115 3250 omnes
1145 3196 1393 3251 seniores
1417 3197 1654 3253 filiorum
1676 3200 1865 3267 Israel,
1893 3212 1945 3259 et
1970 3232 2016 3295 ρ

365 3281 636 3338 miserunt
663 3286 731 3338 ad
756 3301 1058 3353 carcerem,
1081 3297 1140 3343 ut
1169 3289 1592 3348 adducerentur.
1611 3294 1745 3350 Cum
1764 3305 1945 3351 autem

365 3371 652 3428 venissent
687 3376 945 3444 ministri,
983 3387 1037 3434 et
1073 3387 1265 3450 aperto
1299 3397 1527 3439 carcere
1573 3400 1679 3440 nou
1709 3387 1950 3444 invenis-

365 3472 493 3518 sent
520 3463 666 3528 illos.
700 3470 905 3524 reversi
954 3472 1373 3541 nuntiaverunt,
1405 3475 1646 3531 dicentes
1681 3495 1695 3530 :
1738 3478 1948 3534 'Carce-

366 3570 482 3609 rem
514 3556 734 3627 quidem
766 3558 1074 3618 invenimus
1100 3564 1348 3620 clausum
1382 3582 1517 3622 cum.
1537 3570 1689 3623 muni
1722 3569 1952 3640 diligen-

367 3647 466 3713 tia,
497 3656 552 3704 et
579 3653 838 3708 custodes
863 3663 1073 3713 stantes
1098 3665 1226 3712 ante
1251 3659 1488 3727 januas;
1525 3662 1833 3730 aperientes
1853 3679 1950 3719 au-

365 3745 476 3792 tem
533 3742 805 3798 neminem
862 3746 1010 3801 intus
1054 3750 1387 3807 invenimus.
1428 3752 1499 3808 Ut
1537 3763 1719 3808 autem
1761 3754 1954 3810 audie-

367 3838 498 3886 runt
530 3832 630 3888 hos
658 3850 942 3896 sermones
991 3843 1346 3912 magistratus
1379 3845 1565 3915 templi
1589 3854 1644 3900 et
1676 3847 1950 3918 principes

364 3924 716 3980 sacerdotum
773 3930 1125 4001 ambigebant
1165 3934 1237 3991 de
1295 3936 1410 3992 illis
1459 3940 1718 4007 quidnam
1773 3939 1947 3995 ﬁeret.

367 4015 679 4076 Adveniens
708 4032 889 4079 autem
926 4025 1149 4094 quidam
1179 4030 1454 4084 nuntiavit
1496 4033 1613 4087 eis:
1652 4031 1790 4098 Quia
1823 4048 1952 4089 ecce

366 4106 497 4174 viri,
532 4126 675 4180 quos
716 4115 984 4183 posuistis
1020 4119 1073 4172 in
1131 4134 1435 4187 carcerem,
1478 4135 1606 4179 sunt
1661 4127 1714 4180 in
1748 4128 1952 4197 templo

365 4204 578 4255 stantes
610 4210 660 4254 et
692 4200 956 4263 docentes
996 4210 1281 4278 populum.
1315 4211 1473 4268 Tunc
1496 4214 1634 4270 abiit
1664 4218 1953 4287 magistra-

370 4296 461 4344 tus
487 4304 611 4345 cum
649 4292 919 4349 ministris
953 4306 1009 4352 et
1056 4300 1282 4355 adduxit
1333 4304 1455 4360 illos
1498 4308 1617 4362 sine
1644 4308 1691 4363 vi
1736 4327 1749 4364 :
1797 4313 1955 4364 timc-

369 4380 504 4435 bant
530 4383 676 4437 enim
707 4388 968 4457 populum
996 4408 1067 4445 ne
1117 4394 1512 4464 lapidarentur.
1542 4400 1607 4454 Et
1629 4417 1763 4455 cum.
1786 4404 1956 4457 addu-

373 4471 601 4528 xissent
625 4476 775 4544 illos,
811 4486 1121 4537 statuerunt
1150 4485 1202 4538 in
1249 4489 1508 4556 concilio,
1547 4501 1600 4545 et
1642 4491 1952 4563 interroga-

2045 2007 2137 2060 ἵνα
2165 2006 2269 2059 ὑπὸ
2314 2007 2412 2075 τῆς
2454 2007 2615 2069 σκιᾶς
2654 2008 2748 2058 τοῦ
2781 2005 2989 2075 Πέτρου
3020 2001 3427 2073 θεραπευθῶσι.
3461 1999 3635 2053 Τοῦτο

2043 2098 2100 2152 δὲ
2152 2099 2400 2167 γέγονεν,
2447 2097 2639 2167 ἐπειδὴ
2683 2098 2712 2150 6
2766 2095 3000 2166 Χριστὸς
3035 2094 3375 2163 ἀπεφήνατο,
3401 2093 3483 2145 ὅτι
3520 2109 3540 2142 ι
3569 2092 3635 2144 0i

2044 2191 2448 2253 πιστεύσαντες
2501 2190 2583 2252 είς
2631 2188 2752 2259 ἐμὲ,
2788 2188 2859 2243 τὰ
2911 2187 3053 2257 ἔργα
3085 2186 3122 2242 ἃ
3152 2184 3264 2254 ἐγὼ
3289 2185 3450 2248 ποιῶ,
3479 2204 3498 2236 ι
3530 2185 3632 2237 κά-

2046 2286 2215 2336 κεῖνοι
2265 2283 2579 2352 ποιήσουσι,
2626 2281 2720 2334 καὶ
2774 2280 3003 2350 μείζονα
3049 2279 3258 2332 τούτων
3288 2277 3632 2348 ποιήσουσιν.

2048 2373 2192 2445 Ὅρα
2208 2372 2266 2425 δὲ
2282 2372 2549 2426 ἐκϐαίνων
2559 2373 2606 2406 ⁸⁸
2633 2372 2694 2424 τὸ
2722 2371 2841 2440 είρη
2851 2371 3029 2440 μένον.

2261 2463 2352 2534 Τῷ
2381 2463 2648 2533 Σαϐϐάτῳ
2678 2463 2779 2529 τῆς
2805 2462 3066 2531 δευτέρας
3102 2458 3419 2529 ἑϐδομάδος.

2051 2554 2183 2608 ’Ὅτι
2214 2553 2289 2622 τῇ
2324 2546 2472 2622 ἑξῆς
2502 2552 2726 2619 αὐτοὺς
2754 2554 2811 2607 οι
2857 2550 3158 2621 ἀρχιερεῖς
3182 2548 3371 2603 πάλιν
3391 2551 3632 2601 συλλα-

2119 2648 2377 2712 ϐόμενοι,
2417 2644 2513 2714 ἐφ’
2549 2638 2597 2712 ᾧ
2621 2642 2843 2715 μηκέτι
2870 2642 3202 2710 διδάσκειν,
3226 2641 3636 2711 μαστίξαντες

2121 2737 2465 2792 ἀπέλυσαν.

2659 2829 3049 2885 KEIMENON.
3074 2864 3109 2893 η,

2123 2924 2490 2989 ’Δκούσαντες
2519 2924 2598 2989 δὲ,
2642 2922 2896 2992 εἰσῆλθον
2950 2922 3055 2974 ὑπὸ
3092 2919 3186 2973 τὸν
3242 2918 3440 2990 ὄρθρον
3467 2918 3549 2983 είς
3578 2919 3639 2977 τὺ

2054 3015 2198 3083 ἱερὸν
2228 3017 2325 3069 καὶ
2357 3014 2655 3069 ἐδίδασκον.
2695 3011 3146 3083 Παραγενόμενος
3179 3008 3235 3061 δὲ
3269 3011 3297 3062 6
3346 3007 3637 3079 ἀρχιερεὺς

2052 3107 2148 3160 καὶ
2178 3107 2230 3160 οἱ
2262 3108 2359 3161 σὺν
2386 3105 2555 3175 αὐτῷ,
2589 3104 2962 3160 συνεκάλεσαν
2988 3101 3050 3155 τὺ
3079 3101 3382 3168 συνέδριον,
3416 3101 3513 3152 καὶ
3536 3100 3639 3153 πᾶσ-

2054 3217 2154 3258 ααν
2185 3200 2287 3269 τὴν
2319 3199 2616 3269 γερουσίαν
2640 3197 2748 3251 τῶν
2778 3196 2913 3250 υίῶν
2949 3194 3201 3264 Ἰσραήλο
3235 3192 3330 3245 καὶ
3380 3192 3632 3245 ἀπέστει-

2050 3293 2148 3347 λαν
2176 3295 2255 3355 εἰς
2284 3293 2343 3347 τὸ
2387 3293 2761 3362 δεσμωτήριον
2789 3287 3022 3359 ἀχθῆναι
3069 3284 3291 3346 αὐτούς.
3344 3283 3410 3337 οι
3440 3282 3497 3335 δὲ
3526 3283 3633 3335 ὑπ-

2050 3385 2248 3456 ηρέται
2291 3383 2749 3453 παραγενόμενοι,
2771 3381 2868 3450 οὐχ
2889 3371 3047 3449 εὖρον
3076 3377 3277 3441 αὐτοὺς
3297 3377 3353 3430 ἐν
3375 3376 3443 3445 τῇ
3472 3372 3640 3443 φυλα-

2050 3480 2143 3547 κῇ.
2181 3475 2615 3545 Ἀνατρέψαντες
2666 3472 2726 3527 δὲ
2769 3469 3113 3543 ἀπήγγειλαν
3137 3468 3423 3534 λέγοντες,
3447 3464 3529 3516 ὅτι
3564 3462 3638 3514 Τὸ

2057 3569 2155 3638 μὲν
2203 3567 2581 3637 δεσμωτήριον
2636 3562 2876 3634 εὕρομεν
2923 3558 3312 3629 κεκλεισμένον
3367 3557 3426 3609 ὲν
3486 3555 3638 3625 πάσῃ

2052 3658 2348 3732 ἀσφαλείᾳ,
2394 3657 2492 3713 καὶ⁸
2542 3660 2670 3719 τοὺς
2715 3652 2964 3722 φύλακας
2996 3649 3239 3712 ἑστῶτας
3258 3647 3366 3718 πρὸ
3395 3646 3507 3700 τῶν
3543 3644 3640 3697 θ)-

2057 3754 2198 3826 ρῶνο
2247 3752 2559 3819 ἀνοίξαντες
2601 3751 2680 3815 δὲ,
2735 3750 2845 3803 ἔσω
2900 3746 3091 3802 οὐδένα
3135 3743 3397 3814 εὕρομεν.
3458 3741 3549 3802 Ὠς
3581 3738 3639 3791 δὲ

2052 3848 2296 3918 ἥκουσαν
2350 3847 2478 3909 τοὺς
2538 3843 2734 3911 λόγους
2776 3840 3024 3904 τούτους,
3082 3838 3111 3891 ὃ
3156 3853 3218 3889 τε
3257 3835 3437 3903 ἱερεὺς
3481 3831 3580 3887 καὶ
3612 3833 3641 3883 6

2054 3937 2365 4010 στρατηγὸς
2399 3937 2493 3991 τοῦ
2538 3934 2707 4008 ἱεροῦ,
2758 3933 2862 3988 καὶ
2924 3932 2975 3984 οἱ
3032 3928 3308 4000 ἀρχιερεῖς
3344 3921 3642 3993 διηπόρουν

2055 4033 2185 4103 περὶ
2216 4030 2421 4097 αὐτῶν,
2454 4029 2511 4083 τί
2553 4030 2620 4083 ἂν
2669 4026 2886 4096 γένοιτο
2935 4022 3132 4076 ταῦτα.
3190 4016 3643 4089 Παραγενόμενος

2053 4121 2110 4176 δέ
2141 4141 2225 4186 τις
2259 4121 2598 4192 ἀπήγγειλεν
2633 4119 2817 4181 αὐτοῖς
2843 4116 3039 4184 λέγων,
3063 4114 3147 4166 ὅτι
3173 4110 3311 4164 Ἰδοὺ
3352 4108 3400 4160 οἱ
3452 4106 3643 4174 ἄνδρες

2053 4215 2147 4278 οὓς
2180 4214 2369 4268 ἔθεσθε
2397 4215 2455 4266 ὲν
2471 4215 2536 4283 τῇ
2572 4210 2812 4281 φυλακῇ,
2852 4209 2992 4262 εἰσὶν
3021 4207 3081 4257 ὲν
3115 4205 3193 4272 τῷ
3227 4200 3358 4272 ἱερῷ
3410 4199 3643 4262 ἑστῶτες

2053 4307 2151 4360 καὶ
2174 4306 2520 4366 διδάσκοντες
2552 4305 2645 4356 τὸν
2669 4300 2821 4358 λαόν.
2840 4301 2976 4353 Τότε
2994 4294 3249 4351 ἀπελθὼν
3280 4294 3308 4347 6
3336 4290 3644 4362 στρατηγὸς

2058 4399 2159 4450 σὺν
2190 4398 2308 4458 τοῖς
2352 4394 2675 4464 ὑπηρέταις,
2708 4393 2919 4463 ἢγαγεν
2966 4388 3187 4452 αὐτοὺς,
3217 4386 3278 4438 οὺ
3308 4383 3447 4453 μετὰ
3478 4381 3600 4450 βίας
3624 4395 3639 4410 ·

2054 4486 2354 4558 ἐφοϐοῦντο
2411 4486 2520 4553 γὰρ
2551 4484 2644 4538 τὸν
2681 4483 2830 4545 λαὸν,
2858 4481 2942 4533 ἵνα
2984 4478 3058 4550 μὴ
3078 4476 3431 4531 λιθασθῶσιν.
3474 4474 3641 4539 Ἀγα-

367 4560 451 4616 vit
475 4577 572 4620 eos
602 4567 860 4639 princeps
892 4573 1271 4639 sacerdotum,
1304 4576 1498 4635 dicens
1530 4597 1544 4633 :
1574 4560 1948 4652 Praecipiendo

2055 4581 2244 4647 γόντες
2273 4577 2331 4631 δὲ
2361 4577 2561 4639 αὐτοὺς
2607 4574 2843 4643 ἔστησαν
2869 4573 2926 4629 ἐν
2976 4571 3057 4641 τῷ
3087 4566 3370 4637 συνεδρίῳ,
3413 4566 3512 4618 καὶ
3542 4566 3640 4615 ἑπ-

369 4658 734 4729 ρταιοερίιηυε
764 4663 946 4730 vobis,
977 4682 1045 4720 ne
1074 4665 1348 4727 doc‘eretis
1370 4671 1425 4726 in
1456 4675 1679 4729 nomine
1713 4676 1818 4731 isto
1856 4695 1869 4730 :
1898 4687 1954 4732 et

367 4762 501 4805 ecce
551 4754 769 4822 repletis
814 4754 1120 4815 Jerusalem
1150 4762 1407 4819 doctrina
1440 4776 1647 4833 vestra,
1702 4777 1756 4821 et
1789 4771 1954 4826 vultis

372 4836 638 4896 inducere
723 4859 891 4914 super
938 4865 1039 4905 nos
1096 4855 1419 4924 sanguinem
1489 4856 1727 4913 hominis
1770 4859 1951 4916 istius.

372 4928 734 5002 Respondeas
769 4946 952 4994 autem
1005 4942 1200 5001 Petrus
1243 4956 1296 5002 et
1352 4951 1587 5018 apostoli
1637 4950 1950 5009 dixerunt:

370 5024 611 5083 Obedire
633 5040 852 5099 oportet
876 5033 985 5092 Deo
1012 5039 1190 5108 magis
1216 5056 1377 5110 quam
1430 5043 1773 5100 hominibus.
1810 5047 1955 5104 Deus

370 5122 587 5184 patrum
615 5133 928 5180 nostrorum
976 5132 1267 5185 suscitavit
1296 5132 1508 5201 Jesnm,
1551 5153 1712 5207 quem
1741 5154 1839 5194 vos
1866 5140 1952 5194 in-

371 5211 687 5277 ti'remistis,
726 5219 1130 5285 suspendentes
1162 5223 1215 5277 in
1243 5225 1412 5295 ligno.
1459 5226 1616 5282 Hunc
1645 5229 1954 5301 Principcm

369 5309 426 5354 et
464 5301 804 5363 Salvatorem
839 5309 984 5369 Deus
1019 5316 1279 5371 exaltavit
1310 5317 1536 5374 dextera
1568 5335 1691 5386 sua,
1723 5322 1789 5376 ad
1820 5322 1955 5377 dan-

370 5395 497 5447 dam
551 5401 929 5467 paenitentiam
1000 5405 1211 5470 lsraeli,
1274 5418 1330 5464 et
1410 5412 1787 5469 remissionem
1831 5430 1953 5484 pce-

371 5493 646 5558 cutorum,
678 5500 734 5547 et
769 5509 868 5550 nos
892 5513 1084 5555 sumus
1120 5508 1287 5558 testes
1319 5500 1512 5559 borum
1536 5505 1848 5569 verborum,
1901 5516 1953 5562 ct

444 5681 488 5712 ³⁸
535 5679 691 5740 .Ioan.
724 5703 833 5756 xxv,
864 5693 950 5748 1‘2.

450 5874 496 5906 ⁸³¹
526 5874 614 5931 τσ.
662 5877 934 5934 ἐκϐαῖνον.

2050 4672 2340 4744 ηρώτησεν
2363 4670 2560 4733 αὐτοὺς
2588 4669 2615 4721 6
2647 4665 2940 4738 ἀρχιερεὺς
2964 4663 3138 4731 λέγων
3157 4677 3171 4693 ο
3192 4660 3266 4713 Οὐ
3293 4655 3642 4728 “uagandi;

2052 4761 2511 4833 παρηγγείλαμεν
2548 4759 2703 4827 ὑμῖν,
2745 4756 2819 4827 μὴ
2855 4755 3131 4808 διδάσκειν
3166 4752 3258 4804 ὲπὶ
3285 4750 3363 4820 τῷ
3412 4748 3640 4818 ὀνόματι

2051 4855 2259 4926 τούτῳ;
2287 4855 2382 4907 καὶ
2414 4853 2526 4906 ἰδοὺ
2572 4849 2979 4920 πεπληρώκατε
3008 4847 3108 4912 τὴν
3148 4841 3507 4914 Ἰερουσαλὴμ
3539 4840 3639 4909 τῆς

2052 4948 2271 5018 διδαχῆς
2301 4945 2479 5016 ὑμῶν,
2507 4946 2609 4998 καὶ
2643 4940 2901 5014 βούλεσθε
2949 4940 3255 5007 ἐπαγαγεῖν
3287 4937 3374 5001 ἐφ’
3406 4936 3553 5005 ἡμᾶς
3577 4932 3641 4985 τὸ

2053 5037 2196 5112 αἷμα
2219 5038 2316 5094 τοῦ
2348 5037 2642 5110 ἀνθρώπου
2672 5035 2886 5090 τούτου.
2915 5031 3271 5102 Ἀποκριθεὶς
3299 5031 3357 5084 δὲ
3375 5031 3404 5082 6
3435 5029 3640 5100 Πέτρος

2054 5141 2149 5193 καὶ
2170 5138 2222 5190 οἱ
2253 5116 2756 5199 ἀπόστολοι,ἐῑπον
2775 5148 2789 5162 ·
2820 5128 3146 5198 Πειθαρχεῖν
3172 5126 3254 5181 δεῖ
3270 5125 3388 5194 Θεῷ
3416 5123 3638 5213 μᾶλλον,

2052 5232 2087 5301 ἢ
2117 5229 2447 5300 ἀνθρώποις.
2499 5227 2559 5280 Ὁ
2594 5224 2728 5287 Θεὸς
2756 5224 2866 5277 τῶν
2897 5220 3159 5289 πατέρων
3204 5215 3365 5288 ήμῶν
3417 5216 3639 5286 ήγειρεν

2054 5322 2292 5392 Ἰησοῦν,
2343 5321 2404 5375 ὃν
2454 5321 2614 5391 ὑμεῖς
2663 5314 3059 5389 διεχειρίσασθε
3102 5310 3489 5381 κρεμάσαντες
3540 5307 3636 5359 ἐπὶ

2064 5415 2245 5480 ξύλου.
2273 5412 2476 5467 Τοῦτον
2506 5412 2537 5464 6
2570 5411 2701 5474 Θεὸς
2753 5407 2998 5479 ἀρχηγὸν
3036 5404 3129 5458 καὶ
3165 5400 3394 5472 Σωτῆρα
3455 5397 3637 5469 ὕψωσε

2060 5511 2126 5577 τῇ
2175 5507 2324 5577 δεξιᾷ
2354 5504 2543 5571 αὑτοῦ,
2589 5503 2775 5557 δοῦναι
2817 5498 3105 5574 μετάνοιαν
3159 5495 3237 5567 τῷ
3265 5491 3506 5566 Ἰσραὴλ,
3541 5490 3635 5544 καὶ

1577 5788 1776 5850 Varia)
1823 5780 2133 5852 lectEOnes
2180 5795 2239 5852 et
2285 5794 2454 5851 nota)
