4114 6422
425 339 532 407 897

1120 335 1657 397 EXPOSITIONIS
1716 339 1795 398 IN
1828 339 2017 399 ACTA
2048 341 2348 402 TEXTUS
2384 340 2652 401 ALTER.
2685 365 2746 376 -
2770 342 2927 402 CAP.
2976 344 3046 404 V.

3585 342 3691 409 898

426 455 621 522 ἄφεσιν
658 447 968 520 ἁμαρτιῶν.
998 447 1110 501 λαὶ
1142 450 1302 520 ἡμεῖς
1328 449 1497 518 ἐσμεν
1528 449 1694 502 αὐτοῦ
1727 450 2006 521 μάρτυρες

2113 452 2355 522 Spiritus
2412 460 2642 508 sanctus
2692 467 2854 522 quem
2887 452 3038 506 dedit
3096 451 3237 508 Deus
3267 451 3522 510 omnibus
3558 456 3692 511 obc-

424 546 539 599 τῶν
592 541 859 613 ῥημάτων
906 540 1138 602 τούτων,
1193 541 1289 594 καὶ
1330 540 1392 594 τὸ
1425 540 1654 611 Πνεῦμα
1681 541 1742 594 τὸ
1772 541 1950 609 ἀγιον,
1982 541 2011 594 ὃ

424 634 626 692 ἔδωκεν
643 635 672 687 ό
690 631 825 696 Θεὸς
849 632 963 694 τοῖς
992 631 1390 701 πειθαρχοῦσιν
1416 631 1587 703 αὐτῷ.

1028 726 1415 782 ΕΡΜΗΝΕΙΑ.

500 823 671 878 Πάλιν
695 821 773 894 τῷ
804 820 982 892 Πατρὶ
1008 820 1071 874 τὸ
1112 821 1221 874 πᾶν
1252 820 1631 886 ἀνατιθέασιν,
1664 820 1752 873 ἵνα
1782 820 1858 891 μὴ
1887 818 2014 892 δόξῃ

426 915 711 987 ἀλλότριος
759 911 903 967 εἶναι
949 912 1044 965 τοῦ
1068 911 1288 980 Πατρός
1314 928 1326 940 '
1362 910 1578 975 ἔπειτα,
1617 911 1713 964 καὶ
1742 928 2015 978 συγκατα-

425 1007 629 1061 ϐαίνων
658 1009 723 1077 τῇ
756 1004 1015 1075 ἀσθενείᾳ
1044 1003 1154 1058 τῶν
1187 1002 1522 1069 ἀκουόντων,
1556 1002 1633 1066 ὡς
1667 1002 1735 1057 ἂν
1762 1002 2013 1073 εὐπαρά·

424 1100 622 1152 δεκτον
669 1099 761 1151 τὸν
811 1096 968 1161 λόγον
1015 1093 1343 1164 ἐργάσηται.
1393 1093 1505 1164 Οὐχ
1556 1093 1744 1156 ἁπλῶς
1800 1093 1858 1146 δὲ
1914 1093 2014 1163 τὴν

424 1192 726 1246 ἀνάστασιν
759 1190 938 1259 κυροῖ,
963 1186 1102 1240 ἀλλὰ
1124 1186 1230 1239 ’καὶ
1256 1186 1356 1256 τὴν
1383 1184 1615 1254 ῦψωσιν,
1637 1184 1887 1238 τουτέστι
1913 1186 2014 1254 τὴν

428 1282 722 1351 ἀνάληψιν.
749 1280 859 1334 Καὶ
885 1280 969 1333 ὅτι
1003 1278 1102 1348 μὲν
1132 1294 1152 1328 ι
1170 1264 1264 1328 ἐπὶ
1297 1276 1358 1329 τὸ
1391 1274 1578 1328 δοῦναι
1606 1276 1907 1346 μετάνοιαν
1935 1273 2014 1345 τῷ

430 1373 652 1444 Ἰσραὴλ
667 1372 762 1426 καὶ
783 1371 980 1439 ἄφεσιν
998 1366 1285 1438 ἁμαρτιῶν
1311 1388 1328 1417 ι
1369 1366 1650 1437 ιλήλυθεν,
1683 1368 1845 1437 ἡμεῖς
1872 1383 2016 1437 μαρο

428 1464 727 1535 τυροῦμεν,
766 1463 862 1516 καὶ
884 1461 943 1515 τὸ
969 1457 1195 1529 Πνεῦμα
1228 1456 1486 1526 τὸᾶγιον,
1514 1457 1544 1510 ὂ
1570 1458 1671 1511 οὐκ
1696 1458 1764 1512 ἂν
1784 1458 2012 1528 ἐπῆλθε,

432 1556 510 1624 μὴ
539 1555 803 1623 πρότερον
821 1550 932 1605 τῶν
955 1548 1239 1622 ἁμαρτιῶν
1259 1546 1546 1602 λυθεισῶν.
1582 1546 1695 1601 Καὶ
1709 1547 1810 1601 οὐκ
1839 1543 2013 1615 εἶπον,

438 1648 505 1700 Ὃ
527 1645 730 1699 ἔδωκεν
760 1646 917 1717 ἡμῖν,
945 1641 1105 1704 ἀλλὰ,
1128 1660 1149 1693 ι
1169 1640 1297 1704 Τοῖς
1320 1639 1664 1711 πειθομένοις
1682 1654 1696 1671 ο
1717 1659 1737 1692 ι
1771 1639 1890 1711 ἅμα
1916 1640 2016 1710 μὲν

432 1739 842 1810 μετριάζοντες,
884 1736 1003 1806 ἅμα
1035 1733 1094 1788 δὲ
1132 1732 1227 1787 καὶ
1250 1729 1541 1802 δηλοῦντες
1581 1733 1664 1785 ὅτι
1704 1732 1800 1785 καὶ
1831 1732 2017 1795 αὐτοῖς

2112 547 2388 602 dientibus
2409 547 2535 603 sibi.

2609 727 3188 784 COMMENTARIUS.

2186 818 2336 873 Patri
2390 819 2586 875 iterum
2625 836 2739 875 rem
2762 835 2982 874 onmem
3035 820 3248 887 tribuit,
3284 836 3352 875 nc
3382 819 3690 877 Christusa

2116 910 2278 966 Patre
2307 912 2428 981 ipso
2461 912 2676 966 alienus
2709 926 2833 967 esse
2865 895 3184 977 videretur;
3224 921 3339 966 tum
3393 914 3580 975 etiam.
3629 924 3693 969 ιιι

2117 1002 2456 1057 audientium
2494 1004 2853 1059 imbecillitati
2887 1019 3011 1060 sese
3045 1007 3469 1060 accommodans
3497 1045 3513 1070 ,
3572 1007 3691 1060 clli-

2117 1104 2279 1149 ccret.
2310 1102 2369 1149 ut
2398 1110 2579 1150 sermo
2614 1112 2749 1150 suus
2789 1096 3005 1151 facilius
3035 1097 3393 1167 reciperetur.
3421 1096 3540 1153 Non
3597 1112 3690 1154 so-

2116 1185 2228 1240 lum
2260 1201 2388 1240 vero
2410 1188 2867 1241 resurrectionem
2905 1188 3214 1250 conﬁrmat.
3246 1190 3414 1259 218
3442 1189 3536 1245 sed
3570 1190 3693 1258 ejus
3802 1194 3815 1201 “

2114 1279 2281 1332 ctiam
2321 1278 2733 1343 exaltationem,
2778 1295 2878 1335 seu
2936 1280 2991 1334 in
3054 1281 3251 1335 coelum
3313 1281 3690 1335 ascensionem

2116 1367 2385 1422 declarat.
2413 1367 2479 1422 Et
2502 1368 2720 1439 quidem
2755 1387 2775 1421 ι
2801 1369 2869 1425 ad
2899 1368 3136 1424 dandam
3170 1370 3550 1440 paenitentiam
3605 1369 3690 1425 ls-

2119 1459 2231 1513 rael
2260 1466 2316 1514 et
2355 1460 2739 1516 remissionem
2764 1470 3136 1531 peccatorum,
3168 1479 3188 1513 ›
3234 1463 3409 1531 ipsum
3450 1461 3689 1524 venisse.

2125 1565 2145 1599 ι
2180 1564 2306 1614 nos,
2338 1551 2543 1621 inquit,
2571 1558 2741 1607 testes
2796 1566 2989 1608 sumus
3019 1560 3074 1608 et
3103 1554 3343 1622 Spiritus
3384 1561 3632 1619 sanctus,
3666 1573 3685 1605 ι

2117 1641 2209 1710 qui
2247 1640 2438 1712 utique
2459 1657 2563 1697 non
2590 1632 2854 1707 venisset,
2891 1644 2996 1702 nisi
3029 1654 3217 1700 essent
3260 1644 3414 1714 prius
3459 1643 3694 1700 remissa

2117 1740 2362 1803 peccata.
2394 1733 2511 1788 Non
2544 1734 2621 1788 ait
2660 1743 2873 1802 autem,
2926 1735 3097 1803 Quem
3151 1735 3303 1792 dedit
3346 1736 3541 1798 nobis,
3596 1735 3694 1790 sed

429 1830 657 1886 δυνατὸν
688 1830 873 1883 λαϐεῖν
903 1828 1140 1888 πίστεως
1164 1823 1354 1896 χώραν
1376 1824 1448 1890 ⁸⁰,
1476 1824 1659 1886 αὐτοῖς
1689 1823 2014 1888 δεικνύντες.

2128 1840 2147 1873 ‹
2174 1823 2566 1879 Obedientibus
2593 1824 2722 1890 sibi,
2751 1844 2770 1877 ι
2794 1833 2905 1880 ιιιηι
2936 1833 2998 1880 ut
3014 1825 3263 1879 modeste
3288 1824 3356 1880 de
3382 1839 3441 1880 se
3469 1827 3697 1893 suisque

430 1924 780 1993 loqueretur,
813 1928 928 1973 tum
964 1925 1026 1972 ut
1068 1914 1406 1986 significaret
1454 1912 1522 1967 ab
1560 1911 1631 1968 iis
1658 1912 1824 1968 etiam
1884 1910 2148 1983 Spiritum
2189 1923 2441 1967 sanctum
2496 1912 2671 1983 accipi
2731 1928 2895 1983 posse
2936 1931 2950 1968 :
3031 1913 3221 1983 sicque
3295 1913 3418 1969 ﬁdei
3486 1915 3696 1969 utilita-

430 2026 541 2072 tem
569 2014 828 2071 ostendit.

433 2107 752 2179 Γαμαλιὴλ
780 2105 1107 2179 συγγνώμη
1131 2109 1177 2142 ³⁸
1208 2107 1396 2176 πιστὴ
1443 2105 1581 2176 περὶ
1613 2105 1734 2161 τῶν
1759 2102 2023 2161 ἀποστό-

499 2208 628 2258 λων
651 2201 799 2272 μετὰ
852 2200 1351 2274 παραδειγμάτων
1390 2199 1573 2256 τινῶν
1616 2197 1717 2254 καί
1763 2197 2012 2253 ἀποδεί-

503 2296 677 2360 {cura

1012 2382 1400 2439 ΚΕΙΜΕΝΟΝ.

507 2478 570 2534 Oi
609 2478 668 2532 δὲ
722 2475 1056 2539 ἀκούσαντες
1106 2475 1435 2547 διεπρίοντο,
1466 2476 1563 2531 καὶ
1613 2474 2016 2530 ἐϐουλεύσαντο

432 2570 645 2624 ἀνελεῖν
675 2567 896 2632 αὐτούς.
919 2568 1185 2632 Ἀναστὰς
1213 2567 1271 2622 δέ
1296 2585 1382 2632 τις
1403 2568 1464 2622 ὲν
1480 2567 1559 2639 τῷ
1588 2567 1852 2640 συνεδρίῳ
1901 2570 2015 2622 Φα-

436 2661 666 2730 ρισαῖος,
702 2658 932 2729 ὀνόματι
986 2657 1294 2731 Γαμαλιὴλ,
1330 2658 1806 2729 νομοδιδάσκαλος,
1836 2658 2020 2729 τίμιος

431 2752 600 2805 παντὶ
630 2750 708 2823 τῷ
734 2750 871 2820 λαῷ,
921 2751 1214 2805 ἐκέλευσεν
1251 2749 1357 2816 ἐξω
1398 2750 1572 2823 βραχύ
1619 2768 1671 2805 τι
1705 2751 1835 2814 τοὺς
1881 2750 2019 2805 ἀπο-

431 2844 656 2908 στόλους
703 2844 952 2914 ποιῆσαι.
1024 2841 1159 2896 Εἰπέ
1208 2859 1269 2895 τε
1321 2843 1459 2913 πρὸς
1505 2836 1736 2906 αὐτούς’
1793 2842 2020 2913 ’Ἄνδρες

431 2939 787 3010 Ἰσραηλῖται,
839 2940 1137 3011 προσέχετε
1172 2939 1270 2992 ἐπὶ
1295 2942 1411 3003 τοῖς
1445 2939 1760 3011 ἀνθρώποις
1781 2940 2015 3004 τούτοις,

418 3034 525 3084 -καὶ
554 3032 792 3097 ἑαυτοῖς,
832 3033 885 3084 τί
921 3032 1144 3102 μέλλετε
1197 3032 1482 3105 πράττειν.
1533 3032 1646 3104 Πρὸ
1678 3033 1787 3105 γὰρ
1811 3032 2017 3087 τούτων

428 3120 540 3174 τῶν
569 3121 797 3194 ἡμερῶν
826 3123 1026 3193 ἀνέστη
1050 3123 1260 3186 Θευδᾶς
1285 3123 1460 3192 λέγων
1482 3119 1624 3178 εἶναί
1654 3140 1780 3177 τινι..
1795 3123 2015 3189 ἑαυτὸν,

2121 2098 2432 2156 ϐαηιαίὶρίὶε
2460 2094 2615 2165 ﬁdele
2647 2092 2932 2147 consilium
2959 2091 3024 2146 de
3061 2092 3343 2159 apostolis,
3370 2094 3624 2163 exemplis
3645 2062 3694 2148 ei

2532 2187 2858 2254 argumentis
2890 2184 3290 2253 conﬁrmatum.

2754 2353 3063 2415 TEKTUS.

2183 2460 2247 2525 V,
2269 2458 2462 2514 53-42.
2493 2453 2622 2512 Haec
2682 2470 2805 2510 cum
2858 2452 3162 2517 audissent,
3201 2452 3619 2509 dissecabantur
3645 2463 3699 2506 et

2113 2549 2425 2620 cogitabant
2447 2544 2761 2601 interficere
2805 2542 2949 2598 illos.
2994 2542 3239 2612 Surgens
3266 2551 3446 2597 autem
3474 2542 3697 2612 quidam

2113 2639 2165 2694 in
2197 2639 2431 2695 concilio
2464 2637 2807 2698 Pharisazus,
2840 2633 3063 2689 nomine
3095 2633 3384 2698 Gamaliel,
3426 2632 3564 2704 legis
3595 2632 3697 2686 do-

2112 2742 2232 2787 ctor
2253 2728 2590 2786 honorabilis
2609 2727 2877 2783 universa:
2898 2724 3062 2796 plebi,
3083 2725 3248 2795 jussit
3269 2725 3413 2781 foras
3442 2726 3508 2779 ad
3534 2726 3700 2782 breve

2117 2823 2366 2878 homines
2395 2820 2535 2877 ﬁeri.
2576 2818 2833 2888 Dixitque
2860 2819 2924 2873 ad
2952 2818 3075 2874 illos
3109 2835 3123 2873 :
3163 2816 3280 2872 Viri
3305 2817 3586 2881 Israelita,
3612 2826 3699 2872 at-

2118 2917 2326 2974 tendite
2339 2914 2495 2971 vobis
2517 2928 2684 2983 super
2702 2911 3019 2967 hominibus
3042 2910 3183 2975 istis,
3203 2910 3331 2980 quid
3351 2909 3523 2964 acturi
3552 2911 3697 2965 sitis.

2121 3011 2263 3066 Ante
2280 3009 2379 3064 hos
2413 3007 2559 3063 enim
2592 3006 2709 3061 dies
2739 3004 2951 3059 exstitit
2974 3002 3454 3070 Theodas,diccns
3484 3017 3544 3058 se
3581 3019 3702 3059 esse

2122 3104 2357 3174 aliquem
2387 3118 2402 3155 :
2447 3098 2537 3155 cui
2572 3096 2858 3153 consensit
2909 3109 3174 3151 numerus
3208 3095 3449 3150 virorum
3480 3095 3702 3151 circiter

507 3188 917 3286 προσεκολλήθη
948 3188 1182 3284 ἀριθμὸς
1211 3188 1424 3287 ἀνδρέῦν
1444 3214 1577 3268 ὡσει
1614 3217 2011 3287 τετρακοσίων,

2120 3194 2686 3266 quadringentorum,
2724 3189 2819 3259 qui
2862 3188 3084 3243 occisus
3124 3195 3242 3252 est,
3282 3195 3336 3242 et
3389 3203 3580 3242 omnes
3608 3190 3699 3259 qui

428 3301 487 3366 ὃς
514 3302 780 3374 ἀνῃρέθη,
819 3305 913 3357 καὶ
948 3306 1152 3368 πάντες
1193 3306 1309 3360 ὅσοι
1344 3306 1623 3360 ἐπείθοντο
1659 3308 1807 3378 αὐτῷ
1836 3308 2013 3363 διελύ-

428 3395 629 3466 θησαν.
654 3396 750 3449 καὶ
781 3396 1036 3464 ἐγένοντο
1065 3399 1145 3461 εἰς
1174 3397 1351 3451 οὐδέν.
1387 3397 1546 3451 Μετὰ
1584 3398 1782 3453 τυῦτον
1811 3399 2013 3472 ἀνέστη

428 3486 632 3551 Ἰούδας
675 3487 960 3552 Γαλιλαῖος
997 3488 1057 3543 ἐν
1100 3490 1224 3551 ταῖς
1255 3488 1497 3561 ἡμέραις
1529 3489 1628 3560 τῆς
1654 3488 2012 3559 ἀπογραφῆς.

427 3578 522 3630 καὶ
570 3577 852 3649 ἀπέστησε
897 3578 1027 3633 λαὸν
1080 3579 1268 3634 ίκανὸν
1296 3579 1476 3635 ότιίσω
1516 3580 1704 3634 αὐτοῦ.
1747 3581 2014 3645 Κάκεῖνος

426 3669 702 3734 ἀπώλετο,
733 3671 832 3725 καὶ
868 3670 1073 3735 πάντες
1116 3671 1232 3725 ὅσοι
1263 3671 1548 3726 ἐπείθοντο
1580 3671 1729 3741 αὐτῷ
1761 3671 2015 3743 διεσκορ-

428 3762 727 3832 πίσθησαν.
761 3764 872 3817 Καὶ
914 3763 984 3817 τὰ
1027 3761 1126 3818 νῦν
1156 3763 1301 3833 λέγω
1353 3765 1515 3834 ὑμῖν·
1553 3763 1858 3834 ’Δπόστητε
1897 3763 2014 3818 ἀπὸ

425 3854 539 3907 τῶν
590 3853 896 3924 ἀνθρώπων
946 3854 1174 3920 τούτων,
1218 3858 1314 3909 καὶ
1363 3854 1565 3908 ἐάσατε
1632 3853 1870 3917 αὐτούς*
1931 3854 2015 3908 ὅτι

426 3948 526 4001 ἐὰν
552 3942 667 4022 ᾖὲξ
693 3947 997 4018 ἀνθρώπων
1019 3948 1052 4017 ἡ
1077 3946 1263 4018 βουλὴ,
1296 3946 1330 4017 ἢ
1360 3946 1422 4000 τὸ
1451 3945 1613 4016 ἔργον
1641 3944 1818 4009 τοῦτο,
1846 3962 2017 3999 καταο

426 4037 756 4108 λυθήσεται·
807 4041 858 4092 εί
904 4039 961 4093 δὲ
1012 4039 1077 4091 ἐκ
1126 4037 1263 4092 Θεοῦ
1302 4040 1472 4103 ἐστιν,
1524 4038 1586 4091 οὐ
1644 4036 1943 4108 δυνήσεσθε
1964 4037 2014 4068 ³⁸

427 4132 731 4186 καταλῦσαι
768 4131 903 4186 αὐτό
927 4145 946 4164 ο
996 4130 1071 4202 μή
1104 4147 1236 4184 ποτε
1274 4132 1371 4184 καὶ¹
1401 4128 1671 4201 Θεομάχοι
1724 4129 2013 4202 εὑρεθῆτε.

428 4224 796 4295 Ἐπείσθησαν
843 4224 901 4278 δὲ
957 4223 1132 4294 αὐτῷ,
1174 4224 1271 4276 καὶ
1331 4223 1843 4294 προσκαλεσάμενοι
1889 4223 2017 4285 τοὺς

427 4316 778 4381 ἀποστόλους,
820 4316 1123 4388 δείραντες,
1160 4315 1541 4385 παρήγγειλαν
1600 4314 1675 4386 μὴ
1709 4312 1892 4367 λαλεῖν
1922 4314 2017 4367 ἐπὶ

425 4409 507 4479 τῷ
546 4410 775 4479 ὀνόματι
814 4409 907 4462 τοῦ
968 4409 1176 4481 Κυρίου
1211 4407 1427 4480 Ἰησοῦ·
1468 4408 1562 4462 καὶ
1597 4408 1883 4461 ἀπέλυσαν
1913 4407 2015 4461 αὐοι

426 4502 575 4565 τούς.
608 4502 673 4555 Οἱ
707 4501 806 4572 μὲν
834 4496 929 4554 οὖν
968 4499 1296 4571 ἐπορεύοντο
1326 4499 1613 4571 χαίροντες
1677 4498 1790 4552 ἀπὸ
1843 4513 2012 4569 προσ·-

427 4591 584 4644 ώπου
612 4590 707 4644 τοῦ
734 4591 1036 4661 συνεδρίου,
1065 4591 1146 4643 ὅτι
1178 4590 1316 4660 ὑπὲρ
1339 4589 1432 4643 τοῦ
1450 4588 1713 4657 ὀνόματος
1741 4586 1837 4642 τοῦ
1871 4589 2009 4658 X91;-

433 4682 562 4736 στοῦ
593 4682 1016 4755 κατηξιώθησαν
1049 4681 1444 4752 ἀτιμασθῆναι.
1501 4679 1688 4734 Πᾶσάν
1713 4696 1774 4732 τε
1805 4679 2018 4750 ἡμέραν

431 4775 492 4827 ὲν
519 4773 595 4844 τῷ
626 4774 756 4845 ίερῷ
785 4775 879 4828 καὶ
905 4773 1027 4828 κατ’
1043 4769 1193 4828 οἷκον
1211 4773 1314 4826 οὐκ
1352 4770 1620 4826 ἐπαύοντο
1649 4769 2014 4835 διδάσκοντες,

430 4866 527 4920 καὶ
550 4864 1031 4937 εὐαγγελιζόμενοι
1058 4863 1271 4935 Ἰησοῦν
1305 4863 1400 4917 τὸν
1433 4861 1695 4933 Χριστόν.

1032 4952 1422 5009 ΕΡΜΗΝΕῘΑ.

495 5048 717 5111 Ἰστέοηι,
775 5049 857 5101 ὅτι
901 5048 928 5100 ό
960 5044 1244 5118 Γαμαλιὴλ
1300 5043 1517 5099 Παύλου
1559 5041 1882 5106 διδάσκαλος
1912 5036 2011 5115 ἦν.

429 5141 722 5196 Ἐοίκασιν
754 5140 806 5192 οἱ
854 5138 1126 5192 Γαλιλαῖοι
1173 5138 1316 5190 κατά
1349 5135 1475 5199 τοὺς
1523 5135 1752 5206 χρόνους
1784 5134 2017 5189 Πιλάτου

425 5232 836 5295 ἑστασιακέναι,
871 5231 1139 5302 δόγμασιν
1199 5228 1462 5299 ἑπόμενοι
1493 5225 1667 5280 Ἰούδα
1710 5226 1807 5281 τοῦ
1855 5226 2018 5282 Γαλι-

424 5323 605 5379 λαίου.
636 5319 750 5377 Ἦν
817 5322 875 5375 δὲ
938 5322 1000 5375 τδ
1044 5320 1223 5391 δόγμα
1293 5316 1483 5384 αὐτοῦ,
1532 5316 1609 5381 ὡς
1644 5317 1742 5370 καὶ
1785 5315 2016 5387 Ἰώσηπε

426 5431 530 5480 ato;
569 5416 630 5469 tv
661 5417 730 5487 τῇ
790 5412 1175 5486 ’Δρχαιολογίᾳ
1230 5411 1330 5480 τῆς
1389 5408 1692 5480 Ἰουδαϊκῆς
1746 5407 2011 5478 Ἱστορίας

426 5505 618 5574 ἔδειξε,
650 5504 957 5574 φαντασίαν
1004 5500 1414 5569 ὲξαποστέλλων
1465 5500 1692 5571 πολλὴν,
1749 5499 1817 5552 δι’
1851 5499 2006 5552 εὐσε-

2115 3280 2416 3339 credebant
2449 3278 2520 3344 ei,
2554 3276 2807 3347 dissipati
2844 3283 2976 3331 sunt
3024 3284 3077 3331 et
3111 3276 3315 3329 redacti
3343 3275 3409 3330 ad
3443 3275 3699 3331 nihilum.

2115 3379 2248 3435 Post
2278 3376 2427 3431 hunc
2455 3373 2667 3429 exstitit
2692 3370 2863 3427 Judas
2894 3370 3154 3428 Galilteus
3194 3372 3246 3425 in
3269 3370 3464 3426 diebus
3491 3370 3702 3441 profes-

2115 3471 2313 3536 sionis,
2358 3474 2414 3525 ct
2460 3467 2656 3523 avertit
2694 3466 2955 3536 populum
2997 3471 3123 3535 post
3162 3479 3220 3519 se
3249 3471 3304 3517 et
3332 3462 3451 3532 ipse
3496 3465 3701 3534 periit;

2116 3572 2171 3619 et
2199 3578 2392 3625 omnes
2422 3569 2697 3633 quotquot
2736 3565 3144 3615 consenserunt
3178 3558 3227 3611 ei
3267 3556 3495 3628 dispersi
3549 3567 3699 3612 sunt.

2119 3654 2184 3709 Et.
2208 3669 2356 3709 nunc
2401 3653 2608 3719 itaque,
2660 3650 2786 3705 dico
2819 3650 2996 3715 vobis,
3032 3648 3301 3704 discedite
3345 3648 3414 3703 ab
3460 3649 3703 3704 homini-

2116 3746 2223 3802 bus
2251 3744 2393 3808 istis,
2428 3750 2483 3797 et
2506 3742 2671 3798 sinite
2701 3741 2824 3795 illos
2849 3756 2865 3804 ;
2888 3739 3174 3809 quoniam,
3203 3737 3247 3792 si
3271 3746 3441 3793 estex
3465 3738 3704 3794 homini-

2115 3833 2219 3888 bus
2256 3831 2545 3886 consilium
2593 3828 2698 3884 hoc
2745 3836 2841 3881 aut
2869 3842 3031 3897 opus,
3061 3827 3436 3892 dissolvetur;
3482 3826 3529 3882 si
3568 3843 3702 3884 vero

2115 3939 2184 3979 ex
2222 3923 2336 3977 Deo
2362 3929 2468 3986 est,
2499 3935 2609 3975 non
2647 3918 2899 3990 poteritis
2934 3917 3238 3973 dissolvere
3270 3917 3427 3982 illud,
3460 3932 3527 3974 nc
3559 3917 3702 3974 forte

2115 4022 2170 4071 et
2199 4013 2310 4069 Deo
2343 4025 2645 4083 repugnare
2666 4007 3044 4063 inveniamini.
3078 4008 3491 4063 Consenserunt
3519 4015 3700 4063 autem

2118 4107 2225 4166 illi.
2250 4105 2319 4163 Et
2343 4112 2710 4162 convocantcs
2728 4102 3025 4175 apostolos,
3047 4102 3205 4158 caesis
3236 4100 3702 4157 denuntiaverunt

2107 4214 2187 4271 ,ηε
2208 4197 2433 4255 omnino
2459 4195 2818 4266 loquerentur
2849 4193 2905 4249 in
2934 4193 3157 4248 nomine
3185 4190 3339 4257 Jnsu,
3371 4200 3426 4247 et
3467 4192 3699 4249 dimise-

2118 4298 2248 4347 runt
2275 4304 2390 4346 eos.
2416 4288 2486 4343 Et
2511 4288 2589 4343 illi
2624 4287 2844 4361 quidem
2885 4286 3040 4342 ibant
3070 4285 3372 4357 gaudentes
3404 4299 3433 4338 a
3463 4300 3699 4355 conspe-

2054 4413 2065 4423 -
2117 4391 2211 4438 ctu
2241 4381 2489 4447 concilii,
2516 4381 2774 4450 quoniam
2799 4377 2948 4450 digni
2981 4377 3153 4433 habiti
3187 4384 3314 4432 sunt
3347 4390 3447 4445 pro
3477 4377 3703 4432 nomine

2115 4475 2246 4533 Jesu
2293 4476 2682 4532 contumeliam
2721 4473 2858 4544 pati.
2889 4470 3052 4527 Omni
3102 4479 3283 4525 autem
3319 4470 3408 4525 die
3434 4484 3545 4524 non
3579 4485 3701 4524 ces-

2039 4545 2094 4607 Ῑ)
2119 4565 2334 4631 sabant,
2362 4564 2418 4618 in
2451 4562 2653 4633 templo
2674 4570 2729 4617 et
2753 4562 2900 4616 circa
2920 4560 3119 4632 domos
3165 4558 3427 4612 docentes
3453 4562 3508 4612 et
3532 4571 3698 4613 evan-

2117 4658 2412 4727 gelizantcs
2440 4654 2717 4711 Christum
2747 4652 2956 4709 Iesum.

2591 4938 3166 4998 COMMENTARIUS.

2185 5033 2483 5092 Sciendqu
2517 5042 2628 5098 cst,
2655 5032 3006 5088 Gamalielcm
3044 5030 3277 5103 apostoli
3319 5029 3473 5087 Pauli
3499 5045 3698 5102 praece-

2115 5134 2331 5198 ptorem
2369 5125 2566 5182 fuisse.
2602 5123 2873 5179 Videntur
2901 5136 3031 5179 vero
3061 5121 3272 5179 Galilzei
3324 5130 3570 5193 tempore
3609 5123 3703 5177 Pi-

2114 5219 2211 5274 lati
2259 5218 2587 5273 seditionem
2632 5215 3001 5271 commovisse
3054 5214 3127 5271 ob
3174 5214 3483 5270 doctrinam
3541 5212 3698 5271 Iudae

2115 5311 2346 5375 Galiiaei,
2378 5325 2544 5381 quam
2592 5307 2985 5377 sequebantur.
3060 5306 3192 5361 Erat
3222 5322 3352 5363 vero
3384 5306 3557 5377 ipsius
3599 5308 3699 5364 do-

2117 5419 2263 5474 gma,
2295 5402 2534 5473 219m
2558 5396 3033 5470 narratJoscphus
3058 5398 3111 5453 in
3137 5396 3572 5469 Antiquitatibus
3595 5397 3694 5452 Ju-

2117 5497 2314 5562 daicis,
2362 5509 2575 5567 magna
2627 5494 3012 5551 ostentationis
3044 5500 3270 5564 propter
3324 5492 3694 5565 integritatem

1639 5661 1843 5721 Variae
1885 5657 2194 5723 lectiones
2237 5661 2301 5719 et
2346 5662 2535 5719 nota).

499 5788 546 5824 "
568 5788 637 5843 το·
684 5784 897 5859 χρείαν.
974 5784 1016 5817 ³¹
1050 5784 1138 5839 τον.
1171 5782 1388 5854 γνώμη.
1471 5784 1517 5816 ³⁸
1572 5783 1823 5837 δύνασθε.
