4114 6418
431 346 537 411 899

1274 328 2324 401 THEOPHYLACT1:BULGARI/E
2371 330 2730 393 ARCHIEP.

3589 332 3697 401 930

429 452 652 527 pietatis
681 463 846 523 quam
877 447 1222 520 praeferebat.
1250 446 1494 505 Docebat
1518 447 1666 502 enim
1712 445 1804 501 ille
1840 447 2016 501 nemi-

2124 441 2281 504 6είας
2328 441 2559 495 ἀπονίαν
2576 440 2644 498 ³³.
2680 438 2887 512 Κύριον
2912 439 3043 512 γὰρ,
3074 439 3211 512 μηδὲ
3231 439 3399 513 μέχρι
3427 442 3699 512 στόματος

430 560 556 602 nem
580 559 761 615 neque
800 542 1026 598 honoris
1060 555 1238 611 neque
1289 538 1684 595 benevolentiae
1707 551 1901 602 causa,
1927 537 2011 593 vel

430 637 611 695 solum
641 651 775 690 voce
807 644 991 696 tenus,
1049 632 1346 688 dicendum
1403 644 1528 685 esse
1580 630 1918 684 Dominum:
1956 637 2013 685 et

431 722 726 799 nequidem
772 742 896 782 eum
950 726 1042 794 qui
1084 724 1374 796 imperium
1406 723 1649 779 tenebat.
1710 722 1894 788 Quare
1944 737 2013 776 ex

431 821 551 891 ejus
580 819 811 875 asseclis
838 817 1018 883 multi,
1041 816 1185 886 quod
1215 814 1489 889 Caesarem
1520 813 1812 868 Dominum
1834 813 2015 883 appel-

430 913 549 967 lare
594 911 824 975 nollent,
890 910 1076 979 plagas
1124 905 1513 962 acerbissimas
1551 906 1798 976 perpessi
1859 913 2009 960 sunt.

432 1002 716 1057 Docebant
751 1002 915 1056 etiam
973 999 1176 1062 nullas,
1223 1008 1423 1068 praeter
1456 1012 1552 1052 eas
1615 1012 1738 1068 quae
1800 997 1854 1051 in
1897 997 2016 1063 lege

435 1093 607 1149 Mosis
640 1093 970 1163 praescriptm
1012 1100 1163 1155 sunt,
1195 1090 1449 1145 victimas
1483 1104 1606 1145 esse
1636 1088 1746 1144 Deo
1779 1087 2015 1144 oﬂ‘eren-

433 1187 553 1240 das.
591 1184 862 1250 Quocirca
917 1182 1306 1253 prohibebant,
1346 1197 1414 1237 ne
1469 1196 1608 1252 quas
1657 1180 2015 1252 magistratus

434 1277 617 1345 populi
646 1275 1056 1346 suppeditabat,
1084 1289 1164 1330 ea:
1193 1274 1527 1330 offerrentur
1554 1288 1655 1344 pro
1680 1274 2016 1343 imperatore

431 1375 487 1421 et
519 1366 722 1437 populo
755 1366 1022 1423 Romano.
1059 1366 1137 1421 Ex
1160 1381 1275 1438 quo
1308 1365 1609 1422 verisimile
1656 1364 1715 1420 lit
1764 1364 2017 1435 indigna-

433 1467 551 1513 tum
589 1465 813 1529 propter
844 1459 953 1513 ista
997 1458 1254 1523 Pilatum,
1284 1457 1548 1529 iussisse,
1578 1465 1639 1511 ut
1676 1457 1821 1511 inter
1855 1456 2018 1509 victi-

435 1565 555 1605 mas
587 1565 727 1620 quas
756 1552 867 1606 illis
885 1551 1045 1620 juxta
1073 1551 1246 1621 legem
1277 1550 1478 1606 offerre
1509 1550 1778 1622 placebat,
1801 1549 1904 1619 ipsi
1927 1548 2019 1617 ju-

436 1642 799 1711 gularentur:
847 1643 985 1697 adeo
1009 1653 1068 1697 ut
1094 1661 1113 1695 ι
1151 1658 1278 1698 cum
1335 1642 1626 1698 sacriﬁciis
1665 1656 1856 1696 eorum
1883 1639 2019 1696 olle-

435 1737 669 1789 rentium
691 1749 912 1805 quoque
943 1733 1167 1805 sanguis
1201 1735 1528 1790 misceretur
1554 1750 1569 1788 :
1610 1752 1629 1786 ο
1657 1734 2017 1805 quemadmo-

434 1826 566 1879 dum
599 1838 666 1879 e1
693 1822 857 1879 Luca:
884 1823 1182 1896 Evangelia
1217 1831 1467 1894 apparet.

512 1914 763 1971 Theodas
799 1928 980 1971 autem
1009 1916 1279 1987 impnstpr
1312 1917 1533 1985 quidam
1572 1923 1714 1981 erat,
1744 1915 1837 1987 qui
1869 1916 2015 1971 mul-

435 2009 507 2063 tis
532 2023 564 2063 a
593 2022 654 2063 se
681 2009 925 2080 deceptis
961 2011 1237 2079 pollicitus
1271 2010 1393 2074 fuit,
1423 2008 1721 2066 Iordanem
1747 2025 1806 2067 se
1835 2010 2016 2065 disse-

436 2107 655 2153 cturum
709 2100 1072 2171 perviumque
1112 2103 1314 2172 populo
1352 2102 1626 2157 facturum
1654 2120 1673 2155 ι
1705 2101 1853 2173 quod
1889 2118 2012 2156 cum

436 2200 699 2260 praestare
725 2205 835 2245 non
871 2192 1161 2260 potuisset,
1188 2200 1505 2262 peremptus
1533 2201 1617 2246 est
1645 2192 1763 2262 ipse
1798 2205 2018 2247 omnes-

435 2298 544 2352 que
575 2283 666 2354 qui
700 2298 825 2337 cum
862 2285 953 2337 illo
987 2292 1165 2338 erant.

1026 2375 1260 2431 CAPUT
1306 2376 1418 2431 VII.

698 2467 981 2521 Dominica
1019 2470 1178 2523 tertia
1211 2467 1749 2540 Unguentifcrarum.

727 2558 804 2612 De
836 2559 1089 2614 electione
1131 2572 1330 2630 septem
1364 2562 1734 2619 diaconurum.

1078 2652 1381 2710 TEXTUS.

508 2738 602 2803 Vl,
638 2741 756 2796 l-7.
791 2741 850 2797 ln
894 2741 1093 2800 diebus
1120 2752 1302 2800 autem
1338 2745 1442 2801 illis
1476 2755 1761 2803 crescente
1788 2763 2020 2804 numero

437 2814 840 2903 discipulorum
865 2874 879 2897 .
912 2832 1115 2890 factum
1171 2846 1257 2892 est
1303 2853 1552 2893 murmur
1579 2838 1891 2895 Graecorum
1923 2841 2021 2895 ad-

435 2940 632 2980 versus
654 2925 1011 2992 llebraeos,eo
1029 2930 1171 3000 quod
1191 2930 1608 3000 despicerentur
1630 2935 1682 2987 in
1710 2934 2020 2989 ministerio

437 3014 760 3083 quotidiana
792 3018 972 3073 vidua:
1004 3034 1219 3074 eorum.
1256 3019 1638 3077 Couvocantes
1665 3031 1845 3078 autem
1883 3024 2020 3079 duo-

2115 534 2321 604 ἔφασκε
2352 535 2464 588 δεῖν
2494 551 2618 587 τινα
2650 533 2850 602 λέγειν,
2889 533 3026 605 μηδὲ
3051 534 3198 587 κατά
3246 551 3369 587 τινα
3406 534 3576 605 τιμὴν
3604 536 3700 589 καὶ

2117 625 2546 698 φιλοφροσύνην,
2581 627 2723 698 μήτε
2750 624 2841 678 τὸν
2866 624 3243 696 βασιλεύοντα.
3275 625 3388 679 Καὶ
3419 625 3604 680 πολλοί
3631 643 3699 696 γε

2114 717 2318 782 αὐτῶν,
2351 718 2482 792 περὶ
2532 716 2627 772 τοῦ
2656 716 2939 789 ειη-εἰπεῖν
2984 718 3246 788 Καίσαρα
3299 720 3493 790 κύριον
3530 720 3694 790 χαλε-

2115 813 2377 877 πωτάτας
2428 812 2616 877 αἰκίας
2671 813 2995 884 ὑπέμειναν.
3048 814 3111 867 Οἳ
3145 815 3241 867 καὶ
3284 814 3586 879 ἐδίδασκον,
3623 814 3699 888 μὴ

2113 907 2226 961 δεῖν
2256 906 2413 979 παρὰ
2437 907 2537 970 τὰς
2557 906 2996 975 διατεταγμένας
3042 909 3102 961 ἐν
3134 909 3212 979 τῷ
3239 909 3521 972 Μωῦσέως
3550 910 3703 980 νόμῳ

2116 998 2311 1062 θυσίας
2353 994 2728 1066 ἀναφέρεσθαι
2783 995 2861 1066 τῷ
2917 994 3075 1067 Θεῷ⁶
3106 997 3297 1067 διόπερ
3327 996 3566 1051 ἐκώλυον
3603 998 3704 1062 τὰς

2116 1088 2222 1142 ὑπὸ
2259 1088 2361 1159 τῆς
2390 1087 2686 1158 γερουσίας
2738 1086 2832 1141 τοῦ
2882 1087 3016 1141 λαοῦ
3065 1088 3535 1158 παραδεδομένας,
3568 1088 3705 1142 δίδο-

2118 1178 2243 1236 σθαι
2265 1178 2396 1251 περὶ
2426 1179 2529 1250 τῆς
2556 1178 2835 1249 σωτηρίας
2861 1178 2958 1232 τοῦ
2976 1168 3283 1250 ᾟασιλέως,
3310 1180 3408 1233 καὶ
3430 1179 3527 1232 τοῦ
3570 1179 3704 1233 Ῥω-

2119 1272 2297 1344 μαίων
2322 1272 2529 1335 ἔθνους.
2566 1270 2750 1334 Είκὼς
2774 1269 2871 1326 οὖν
2903 1272 2997 1326 ἐπὶ
3028 1272 3240 1335 τούτοις
3285 1270 3703 1341 ἀγανακτοῦντα

2117 1365 2208 1418 τὸν
2240 1364 2472 1418 Πιλάτον
2494 1363 2631 1437 πρὸς
2648 1365 2991 1431 Γαλιλαίους,
3023 1364 3279 1418 κελεῦσαι
3301 1362 3460 1437 [παρ’
3485 1363 3701 1438 αὑταῖς]

2117 1451 2208 1520 αἷς
2265 1455 2488 1510 ἐδόκουν
2524 1457 2668 1511 κατὰ
2715 1456 2807 1511 τὸν
2861 1456 3029 1527 νόμον
3096 1459 3433 1527 προσφέρειν
3486 1456 3706 1519 θυσίαις

2118 1550 2316 1614 αὐτοὺς
2391 1549 2796 1621 ἀναιρεθῆναι,
2874 1547 3018 1603 ὥστε
3075 1550 3532 1621 «ἀναμιχθῆναι»
3586 1549 3706 1613 ταῖς

2118 1637 2597 1707 προσφερομέναις
2642 1636 2882 1702 θυσίαις,
2913 1654 2933 1689 ι
2954 1637 3015 1691 τὺ
3044 1633 3185 1708 αἷμα
3207 1658 3226 1691 ι
3258 1638 3368 1692 τῶν
3398 1636 3707 1709 προσαγόν-

2117 1743 2229 1780 των
2250 1742 2265 1756 ο
2295 1727 2447 1781 καθὰ
2477 1726 2573 1779 καὶ
2608 1728 2668 1780 ἐν
2698 1727 2776 1799 τῷ
2804 1729 2950 1783 κατὰ
2987 1730 3208 1785 Λουκᾶν
3242 1730 3565 1801 Εὐαγγελίῳ
3604 1730 3708 1801 ἐμ-

2047 1803 2089 1861 Β
2120 1816 2396 1883 φαίνεται.

2195 1904 2363 1973 Οὗτος
2391 1912 2423 1963 ό
2448 1909 2660 1974 Θευδᾶς
2688 1910 2888 1976 πλάνος
2907 1906 2997 1984 ἦν,
3024 1912 3122 1966 καὶ
3145 1914 3450 1978 ἀναπείσας
3475 1913 3707 1976 πολλοὺς

2123 2000 2493 2073 ἐπηγγείλατο
2539 2004 2730 2073 τεμεῖν
2780 2003 2872 2057 τὸν
2922 2005 3197 2076 Ἰορδάνην
3245 2006 3339 2060 καὶ
3375 2006 3546 2060 δίοδον
3584 2022 3706 2060 ποι-

2123 2091 2254 2163 ῆσαι
2282 2092 2362 2163 τῷ
2379 2092 2492 2163 λαῷ
2517 2108 2532 2123 ·
2560 2094 2653 2147 καὶ
2676 2093 3061 2166 διαμαρτήσας
3089 2094 3355 2169 ἀνῃρέθη,
3380 2096 3479 2151 καὶ
3508 2095 3560 2151 οι
3582 2093 3705 2168 μετ’

2125 2187 2292 2242 αὐτοῦ
2323 2187 2549 2252 πάντες.

2746 2368 2995 2425 ΚΕΦΑΛ.
3042 2366 3117 2424 Ζ’.

2481 2457 2740 2530 Κυριακὴ
2767 2465 2816 2527 γ’
2844 2460 2955 2512 τῶν
2983 2457 3327 2528 Μυροφόρων

2260 2546 2410 2620 ’Περὶ
2440 2552 2816 2620 χειροτονίας
2854 2549 2970 2604 τῶν
2986 2548 3138 2604 ἑπτὰ
3169 2548 3494 2603 διακόνων.

2720 2642 3117 2696 ΚΕΙΜΕΝΟΝ.

2196 2732 2291 2787 Ἐν
2348 2731 2407 2785 δὲ
2476 2734 2600 2797 ταῖς
2666 2733 2908 2803 ἡμέραις
2986 2733 3217 2798 ταύταις
3245 2772 3262 2799 ,
3321 2730 3707 2804 πληθυνόντων

2126 2825 2238 2879 τῶν
2269 2825 2548 2897 μαθητῶν,
2586 2825 2806 2896 ἐγένετο
2826 2826 3142 2896 γογγυσμὸς
3166 2826 3274 2879 τῶν
3324 2824 3707 2896 Ἑλληνιστῶν,

2128 2919 2262 2990 πρὸς
2310 2919 2436 2981 τοὺς
2507 2918 2797 2990 Ἐϐραίους
2825 2956 2842 2982 ,
2877 2919 2959 2972 ὅτι
3015 2918 3466 2990 παρεθεωροῦντο
3522 2921 3582 2973 ἐν
3634 2921 3704 2990 τῇ

2126 3012 2379 3084 διακονίᾳ
2415 3015 2482 3085 τῇ
2528 3011 2877 3084 καθημερινῇ
2913 3012 2971 3065 αἱ
3003 3011 3174 3083 χῆραι
3199 3011 3400 3066 αὐτῶν.
3456 3014 3710 3081 Προσκαιι

438 3105 613 3159 decim
650 3107 1055 3162 multitudinem
1088 3109 1508 3177 discipulorum,
1546 3110 1812 3164 dixerunt
1846 3127 1861 3163 :
1894 3107 2014 3165 Non

2128 3106 2426 3178 λεσάμενοι
2473 3107 2533 3160 δὲ
2586 3108 2636 3161 οί
2689 3106 2899 3161 δώδεκα
2946 3106 3008 3159 τὸ
3042 3106 3249 3177 πλῆθος
3279 3105 3390 3159 τῶν
3423 3105 3708 3177 μαθητῶν,

438 3202 526 3251 est
558 3210 777 3266 aequum
809 3213 912 3252 nos
933 3197 1317 3267 derelinquere
1351 3202 1578 3256 verbum
1615 3200 1709 3257 Dei
1763 3211 1816 3256 et
1854 3201 2016 3257 mini-

2125 3168 2282 3253 εἷπού
2312 3217 2330 3234 ο
2374 3201 2490 3254 Οὐκ
2522 3200 2753 3270 ἀρεστόν
2784 3201 2933 3253 ἐστιν
2959 3200 3095 3270 ἡμῖν
3137 3168 3577 3269 καταλείψαντας
3612 3168 3708 3253 τὸν

441 3296 620 3343 strare
649 3289 879 3345 mensis.
938 3289 1302 3347 Considerate
1340 3306 1493 3364 ergo,
1524 3293 1743 3357 fratres,
1778 3295 1928 3350 viros
1953 3310 2021 3350 ex

443 3379 601 3435 vobis
635 3381 764 3434 boni
798 3382 1103 3438 testimonii
1148 3392 1379 3454 septem,
1416 3387 1611 3454 plenos
1651 3384 1862 3457 Spiritu
1895 3402 2024 3442 san-

439 3481 532 3523 eto
554 3477 609 3525 et
637 3472 927 3541 sapientia,
953 3489 1094 3542 quos
1109 3475 1513 3532 constituamus
1536 3491 1703 3547 super
1734 3478 1838 3532 hoc
1859 3492 2017 3546 Opus.

440 3561 552 3618 hos
610 3578 741 3619 vero
796 3566 1038 3620 orationi
1086 3575 1142 3622 et
1197 3567 1509 3624 ministerio
1555 3570 1707 3625 verbi
1744 3569 2021 3627 instantes

440 3655 671 3710 erimus.
714 3657 779 3710 Et
807 3656 1012 3727 placuit
1040 3673 1225 3713 sermo
1248 3673 1433 3714 coram
1456 3661 1605 3716 omni
1643 3661 2017 3718 multitudine.

440 3744 504 3799 Et
539 3746 821 3817 elegerunt
857 3746 1197 3820 Stephanqu
1226 3790 1241 3814 ,
1297 3753 1475 3806 virum
1526 3755 1748 3824 plenum
1810 3754 1915 3810 lide
1964 3765 2021 3811 et

443 3839 649 3912 Spiritu
669 3849 885 3907 sancto,
913 3853 968 3897 et
998 3841 1337 3914 Philippum,
1367 3852 1423 3899 et
1446 3842 1815 3907 Prochorum,
1847 3856 1903 3902 et
1925 3844 2021 3901 Ni-

443 3949 731 3997 canorem,
757 3940 808 3990 el
845 3933 1150 4002 £lmonem,
1183 3945 1238 3991 et
1265 3936 1613 4002 Parmenam,
1644 3946 1699 3992 et
1728 3936 2018 3993 Nicolaum

440 4024 706 4080 advenam
732 4025 1159 4082 Antiochenum.
1206 4026 1319 4085 Hos
1365 4036 1681 4084 statuerunt
1704 4041 1831 4085 ante
1871 4045 2021 4085 con-

442 4127 716 4186 spectum,
781 4118 1154 4187 apostolorum
1183 4126 1237 4173 et
1274 4131 1497 4174 orantes
1526 4121 1911 4190 imposuerunt
1936 4120 2019 4176 eis

442 4222 656 4262 manus.
688 4207 752 4261 Et
774 4210 998 4264 verbum
1048 4209 1260 4265 homini
1291 4212 1579 4267 crescebat
1628 4221 1683 4268 et
1747 4213 2018 4284 multipli-

442 4297 675 4350 rabatur
722 4313 990 4355 numerus
1028 4299 1427 4371 discipulorum
1471 4304 1525 4356 in
1557 4299 1861 4357 Jerusalem
1898 4303 2017 4356 val-

439 4388 548 4442 de.
630 4387 794 4443 Multa
864 4390 1029 4447 etiam
1087 4391 1249 4446 turba
1303 4391 1650 4448 sacerdotqu
1726 4392 2018 4448 obediebat

444 4479 593 4536 ﬁdei.

915 4657 1484 4717 COMMENTARIUS.

510 4745 673 4817 220
694 4746 912 4806 Graecos
930 4764 1027 4805 seu
1056 4749 1387 4825 llellenistas
1409 4760 1540 4823 puto
1565 4751 1654 4805 hic
1706 4751 1889 4807 vocari
1919 4765 2014 4807 eos

439 4840 532 4906 qui
557 4836 744 4893 Graece
767 4839 1132 4910 loquebantur
1159 4843 1247 4897 :hi
1280 4844 1425 4897 enim
1456 4857 1771 4913 quanquam
1800 4843 2012 4898 Hebraei

437 4939 646 4996 essent,
668 4929 854 4987 Grzcea
886 4938 1068 4988 tamen
1098 4934 1283 5003 lingua
1315 4934 1658 4988 familiariter
1692 4936 2010 4990 utebantur.

437 5018 683 5075 Observa
723 5037 876 5088 vero,
937 5028 1215 5093 quomodo
1274 5042 1294 5076 ι
1329 5026 1714 5094 quotidianum
1761 5028 2011 5081 ministe-

438 5111 578 5165 rium
608 5130 627 5163 ι
671 5123 790 5169 erat
822 5115 1002 5170 viduis
1034 5116 1323 5172 inservire.
1367 5117 1728 5172 Ministerium
1760 5134 1888 5174 vero
1917 5134 2014 5174 vo-

436 5212 547 5269 cat,
572 5216 626 5258 et
665 5221 773 5259 non
811 5207 1235 5278 eleemusynam,
1275 5209 1376 5263 hac
1405 5211 1618 5264 ratione
1647 5217 1702 5264 et
1733 5210 1929 5267 dantes
1959 5220 2014 5266 et

436 5294 761 5363 recipientes
792 5298 1082 5353 extollens.
1134 5297 1253 5353 Non
1307 5311 1491 5354 autem
1519 5317 1586 5356 ex
1618 5303 1828 5357 malitia
1866 5304 2011 5358 orie-

435 5382 616 5450 batur,
650 5387 798 5455 quod
844 5388 1155 5458 hnjusmoili
1194 5390 1367 5445 viduae
1412 5393 1851 5463 despicerentur,
1912 5411 2007 5452 seu

444 5477 1024 5545 praetermitterentur;
1086 5480 1181 5535 sed
1243 5481 1476 5540 fortasse
1522 5487 1791 5541 exturba:
1830 5491 2008 5559 negli-

2123 3291 2283 3360 λόγον
2316 3291 2412 3346 τοῦ
2439 3291 2597 3357 Θεοῦ,
2621 3292 2894 3346 διακονεῖν
2920 3292 3253 3364 τραπέζαις.
3298 3291 3706 3362 Ἐπισκέψασθε

2122 3379 2238 3452 οὖν,
2258 3383 2505 3453 ἀδελφοὶ,
2531 3384 2732 3456 ἄνδρας
2762 3382 2824 3448 ἐξ
2851 3383 3007 3454 ὑμῶν
3040 3383 3525 3456 μαρτυρουμένους
3562 3384 3706 3438 ἐπτέι

2124 3475 2352 3548 πλήρεις
2389 3476 2711 3544 Πνεύματος
2739 3477 2898 3545 ἁγίου
2930 3477 3027 3530 καὶ
3055 3476 3271 3546 σοφίας,
3302 3475 3397 3541 οὓς
3426 3476 3710 3546 καταστή-

2122 3586 2308 3641 σωμεν
2333 3571 2428 3623 ἐπὶ
2458 3571 2557 3639 τῆς
2596 3571 2791 3640 χρείας
2834 3569 3062 3634 ταύτης.
3106 3569 3298 3642 Ἡμεῖς
3330 3569 3387 3623 δὲ
3415 3572 3481 3640 τῇ
3531 3586 3707 3640 προσ-

2123 3665 2262 3733 ευχῇ
2331 3662 2428 3716 καὶ
2476 3665 2543 3733 τῇ
2599 3663 2846 3733 διακονίᾳ
2879 3663 2975 3716 τοῦ
3016 3663 3177 3730 λόγου
3217 3662 3708 3733 προσκαρτερήσο-

2126 3773 2250 3827 μεν.
2302 3757 2413 3809 Καὶ
2451 3757 2653 3829 ἤρεσεν
2683 3758 2711 3810 ό
2748 3755 2910 3826 λόγος
2944 3754 3179 3809 ἐνώπιον
3210 3756 3414 3819 παντὸς
3442 3755 3536 3809 τοῦ
3567 3756 3709 3825 πλή-

2123 3848 2250 3914 θους
2302 3865 2318 3881 ο
2391 3852 2489 3903 καὶ
2553 3848 2872 3914 ἐξελέξαντο
2941 3849 3219 3917 Στέφανον
3276 3849 3448 3919 ἄνδρα
3520 3849 3705 3922 πλήρη

2124 3944 2367 4007 πίστεως
2413 3942 2514 3996 καὶ
2548 3942 2871 4013 Πνεύματος
2912 3942 3096 4011 ἁγίου,
3141 3943 3235 3996 καὶ
3271 3943 3561 4009 Φίλιππον,
3609 3942 3711 3998 καὶ

2121 4031 2416 4106 Πρόχορον,
2446 4033 2860 4105 καὶΝικάνορα,
2882 4034 3246 4111 καὶΙΤίμωνα,
3270 4034 3362 4088 καὶ
3382 4035 3703 4106 Παρμενᾶν,

2120 4127 2215 4181 καὶ
2264 4128 2529 4181 Νικόλαον
2559 4129 2898 4199 προσήλυτον
2952 4128 3235 4200 Ἀντιοχέα
3263 4169 3279 4194 ,
3319 4128 3412 4193 οὓς
3467 4130 3703 4201 ἔστησαν

2121 4215 2356 4273 ἐνώπιον
2387 4217 2495 4271 τῶν
2526 4218 2863 4280 ἀποστόλων,
2899 4218 2996 4271 καὶ
3022 4217 3475 4290 προσευξάμενοι,
3501 4221 3705 4291 ἐπέϐη-

2120 4327 2224 4364 καν
2274 4311 2462 4373 αὐτοῖς
2522 4308 2622 4372 τὰς
2678 4314 2889 4381 χεῖρας.
2947 4311 3059 4364 Καὶ
3103 4314 3131 4364 ὁ
3187 4312 3345 4378 λόγος
3405 4313 3500 4365 τοῦ
3562 4313 3701 4367 Θεοῦ

2120 4398 2343 4471 ηὔξανε,
2381 4402 2477 4454 καὶ
2504 4400 2839 4473 ἐπληθύνετο
2866 4405 2894 4456 ὁ
2920 4403 3153 4474 ἀριθμὸς
3190 4406 3297 4457 τῶν
3336 4406 3596 4477 μαθητῶν
3643 4410 3702 4460 ἐν

2046 4519 2091 4574 ο
2132 4492 2498 4565 Ἰερουσαλὴμ
2525 4495 2753 4568 σφόδρα.
2791 4494 2969 4560 Πολύς
2998 4514 3059 4550 τε
3093 4497 3250 4568 ὄχλος
3282 4498 3390 4551 τῶν
3430 4500 3701 4554 ’1ουῗαίων

2119 4584 2396 4657 ὑπήκουον
2424 4589 2490 4659 τῇ
2525 4587 2734 4641 πίστει.

2715 4680 3103 4735 ΕΡΜΗΝΕΙΑ.

2197 4767 2551 4840 Ἐλληνιστὰς
2593 4769 2750 4845 οἶμαι
2793 4774 2978 4829 καλεῖν
3019 4776 3149 4839 τοὺς
3184 4774 3494 4848 Ἑλληνιστὶ
3529 4779 3699 4848 φθεγ-

2115 4857 2421 4929 γομένους’
2478 4854 2627 4915 οῦτοι
2673 4864 2780 4936 γὰρ
2838 4863 3145 4935 Ἑλληνιστὶ
3179 4866 3504 4936 διελέγοντο,
3572 4869 3696 4924 καί·

2112 4965 2195 5002 τοι
2255 4950 2500 5023 Ἑϐραῖοι
2570 4954 2745 5019 ὄντες.
2800 4956 2946 5028 Ὅρα
2997 4957 3076 5023 δὲ,
3137 4959 3220 5013 ὅτι
3269 4978 3289 5011 ι
3348 4961 3696 5033 καθημερινὴ

2111 5040 2360 5096 διακονία
2421 5063 2440 5096 ι
2511 5040 2580 5118 ἦν
2631 5050 2753 5112 ταῖς
2805 5051 3008 5121 χήραις
3048 5053 3363 5124 ὑπηρετεῖν.
3404 5057 3696 5109 Διακονίαν

2113 5130 2170 5183 δέ
2198 5133 2356 5186 καλεῖ
2386 5136 2448 5188 τὸ
2495 5140 2749 5209 πρᾶγμα,
2783 5142 2878 5194 καὶ
2933 5143 2992 5196 οὐ
3028 5145 3243 5214 ταχέως
3297 5145 3692 5218 ἐλεημοσύνην,

2110 5221 2231 5291 ἅμα
2259 5224 2355 5277 καὶ
2384 5226 2511 5290 τοὺς
2537 5228 2585 5261 ³⁵
2630 5229 2917 5296 ποιοῦντας
2968 5234 3065 5286 καὶ
3126 5235 3254 5298 τοὺς
3313 5237 3622 5309 πάσχοντας
3648 5239 3694 5270 ³⁸

2109 5315 2200 5368 διὰ
2229 5315 2424 5371 τούτου
2480 5320 2748 5392 ἐπαίρων.
2783 5323 2956 5378 Τοῦτο
2999 5325 3079 5391 δὲ,
3127 5328 3187 5379 ού
3238 5329 3440 5393 κακίας
3468 5326 3558 5400 ἦν,
3590 5349 3696 5385 πα-

2114 5409 2427 5476 ρεωρᾶσθαι
2466 5412 2563 5474 τὰς
2602 5414 2856 5479 τοιαύτας
2895 5418 3094 5489 χήρας,
3138 5418 3272 5472 ἀλλὰ
3298 5422 3365 5491 τῇ
3416 5421 3509 5473 τοῦ
3554 5420 3694 5491 πλήο

2112 5496 2237 5561 θους
2303 5500 2435 5564 ἴσως
2500 5503 2763 5576 ῥᾳθυμίᾳ.
2820 5507 2919 5562 Διὰ
2989 5508 3148 5564 τοῦτο
3194 5510 3509 5585 προύθηκεν
3555 5513 3693 5568 αὐτὸ

1590 5658 1822 5720 Varia:
1864 5660 2175 5728 lectiones
2221 5674 2281 5729 et
2326 5676 2518 5732 notae.

502 5758 551 5792 ³³
580 5761 667 5819 τσ.
706 5765 970 5827 εὐτονίαν.
1086 5776 1129 5808 ³⁸
1162 5777 1419 5844 διδόντας.
1498 5784 1541 5816 ³⁵
1588 5785 1988 5854 λαμϐάνοντας.
