4114 6422
340 301 450 364 901

919 304 1460 370 EXPOSITIONIS
1510 308 1591 369 ῘΝ
1626 311 1814 374 ACTA
1845 313 2148 374 TEXTUS
2173 315 2440 375 ALTER.
2494 341 2563 351 —
2603 316 2760 378 CAP.
2793 317 2893 379 VI.
2971 336 2974 339 '

3494 321 3601 383 902

336 415 424 478 είς
461 415 626 484 μέσον
653 432 666 448 ·
689 415 748 468 ού
781 415 888 485 γὰρ
919 418 1116 489 μικρὸν
1144 417 1204 471 τὺ
1228 419 1398 471 κακὸν
1419 415 1488 490 ἦν
1520 437 1533 450 ο
1568 421 1650 474 διὸ
1679 423 1774 474 καὶ
1804 421 1907 492 [τα-

2027 424 2229 492 gentia.
2279 425 2490 480 Idcirco
2522 441 2652 480 vero
2684 425 2788 481 hoc
2821 425 2876 480 in
2915 425 3154 481 medium
3186 427 3441 498 protulit,
3464 430 3596 500 quia

336 505 505 583 χέως]
534 507 841 577 διωρθώθη.
881 528 900 560 ι
939 511 1486 584 Προσκαλεσάμενοι.
1522 531 1542 564 ι

335 601 543 654 ἄτοπον
594 601 810 671 τίθησιν
835 643 848 667 ,
888 602 1126 675 [δεικνὺς
1152 645 1167 669 ,
1215 605 1312 678 ὡς]
1352 607 1452 660 οὐκ
1488 608 1608 661 ἐνὸν
1638 609 1779 678 μετὰ
1817 611 1917 681 τῆς

337 693 514 764 αὑτῆς
546 695 781 764 σπουδῆς
814 696 1109 768 ἀμφότερα
1160 698 1407 766 γίνεσθαι
1441 716 1458 732 ⁶
1510 703 1634 755 ἐπεὶ
1679 702 1774 756 καὶ
1827 704 1916 757 ὅτε

335 786 429 838 τὸν
459 786 708 840 Ματθίαν
723 792 1057 858 χειροτονεῖν
1085 789 1330 860 ἔμελλον,
1357 792 1576 864 πρῶτον
1601 795 1700 866 τὴν
1726 797 1918 867 χρείαν

335 877 584 930 δεικνύοι
614 878 707 930 τοῦ
745 881 1090 949 πράγματος,
1127 882 1211 936 ὅτι
1241 901 1300 936 τε
1337 884 1520 940 ἔλιπεν
1546 882 1651 952 εἷς,
1681 889 1776 941 καὶ
1807 889 1915 944 ἔδει

269 967 594 1057 ,γενέσθαι
641 969 850 1024 δώδεκα
884 985 899 999 ⁸
954 972 1053 1026 καὶ
1086 974 1320 1029 ἐνταῦθα
1360 976 1460 1046 τὴν
1479 979 1671 1048 χρείαν
1705 981 1915 1050 ἐδήλω-

337 1077 462 1115 σαν.
517 1061 630 1114 Ούκ
681 1061 836 1116 αὐτοὶ
882 1063 940 1117 δὲ
1000 1065 1267 1135 ποιοῦσιν,
1317 1069 1436 1123 ἀλλ’
1482 1073 1671 1136 αὐτοῖς
1701 1072 1915 1144 ἐπιτρέ-

336 1169 524 1219 πουσι,
569 1154 697 1218 τοὺς
727 1155 893 1208 πᾶσιν
925 1157 1284 1227 ἀρέσκοντας,
1335 1163 1464 1227 τοὺς
1524 1164 1631 1218 ὑπὸ
1692 1165 1915 1220 πάντων

340 1244 828 1314 μαρτυρουμένους
853 1247 934 1309 είς
961 1247 1124 1317 μέσον
1145 1249 1397 1318 ἀγαγεῖν.
1423 1253 1620 1308 Καίτοι
1650 1255 1914 1326 ἠδύναντο

337 1336 495 1388 αὐτοὶ
527 1336 850 1396 ἐκλέξασθαι
886 1339 1165 1409 Πνεύματι
1196 1343 1511 1414 κινούμενοι
1549 1361 1564 1376 ⁸
1607 1346 1724 1400 ἀλλ’
1764 1348 1914 1418 ὅμως

337 1426 434 1478 καὶ
457 1425 554 1495 τὴν
589 1427 892 1498 μαρτυρίαν
923 1428 1208 1499 βούλονται
1231 1432 1329 1501 τὴν
1346 1434 1478 1504 παρ’
1495 1435 1695 1490 αὐτῶν.
1720 1439 1794 1492 Τὸ
1815 1440 1915 1509 μὲν

337 1516 520 1587 ὁρίσαι
550 1517 643 1569 τὸν
673 1518 938 1588 ἀριθμὸν,
971 1523 1066 1575 κα)⁸
1112 1522 1172 1576 τὸ
1210 1527 1612 1595 χειροτονῆσαι,
1643 1529 1737 1582 καὶ
1763 1529 1823 1584 τὸ
1856 1532 1915 1584 ἐν

337 1607 505 1679 χρείᾳ
523 1608 747 1680 τοιαύτῃ
761 1609 1082 1684 [atat-dﬁcit],
1105 1614 1284 1669 αὐτῶν
1301 1611 1391 1685 ἦν’
1407 1617 1467 1670 τὸ
1483 1617 1538 1670 δὲ
1559 1619 1776 1675 ἑλέσθαι
1789 1622 1915 1686 τοὺς

337 1699 561 1768 ἄνδρας,
595 1701 821 1765 ἐκείνοις
847 1704 1260 1774 ἐπιτρέπουσιν,
1289 1707 1375 1762 ἵνα
1407 1711 1481 1781 μὴ
1511 1710 1735 1778 δόξωσιν
1758 1715 1915 1770 αὐτοὶ

1599 515 1825 585 Πρῶτον
1855 515 1916 569 τὸ

2027 529 2134 568 non
2186 528 2414 583 parvum
2463 524 2581 570 erat
2639 515 2882 580 malum;
2938 517 3184 586 adeoque
3242 525 3296 572 et
3345 519 3598 574 celeriter

2021 612 2272 659 curatum
2309 607 2437 660 luit.
2482 624 2502 657 ι
2530 595 2932 663 Convocantes.
2964 625 2982 658 ι
3040 606 3229 661 Primo
3281 608 3597 663 absurdita-

2026 705 2132 748 tem
2163 699 2405 766 exponit,
2439 698 2733 753 ostendens
2792 697 2908 754 ﬁeri
2942 697 3010 752 ab
3037 697 3143 754 illis
3173 715 3282 754 non
3316 715 3502 771 posse,
3534 709 3598 754 ut

2022 794 2316 858 utrumque
2353 789 2544 844 eadem
2575 789 2850 858 diligentia
2876 796 3246 860 perageretur.
3302 789 3369 844 Et
3401 807 3598 861 quem-

2020 873 2314 928 admodum
2386 892 2511 930 cum
2567 876 2848 931 Matthiam
2883 878 3110 932 eiecturi
3151 886 3325 945 erant,
3366 881 3484 950 ejus
3519 881 3596 935 rei

2020 966 2405 1022 necessitatem
2445 968 2818 1036 declararunt,
2877 971 3003 1039 quia
3041 972 3253 1026 scilicet
3283 971 3350 1026 ad
3383 972 3596 1028 duode-

2019 1053 2127 1108 cim
2167 1056 2471 1124 apostolos,
2520 1073 2660 1127 quos
2690 1073 2816 1114 esse
2843 1061 3152 1130 oportebat,
3187 1060 3590 1118 unusdeerat:

2019 1146 2101 1201 sic
2131 1147 2295 1201 etiam
2323 1163 2470 1202 nunc
2499 1148 2549 1202 id
2579 1164 2718 1219 opus
2753 1164 2876 1205 esse
2906 1150 3196 1205 allirmant.
3256 1150 3375 1206 Non
3410 1161 3594 1207 autem

2019 1231 2242 1306 ipsimet
2271 1239 2507 1308 eligunt,
2553 1239 2650 1295 sed
2695 1240 2820 1296 aliis
2866 1251 3192 1310 potestatem
3235 1241 3445 1297 faciunt
3495 1259 3594 1298 eos

2017 1327 2111 1398 qui
2135 1327 2394 1383 omnibus
2429 1331 2736 1399 placuerint
2771 1341 2826 1386 et
2858 1333 3071 1403 probati
3104 1333 3308 1389 fuerint
3374 1336 3428 1389 in
3478 1351 3594 1390 me-

2017 1417 2166 1472 dium
2197 1417 2558 1486 producendi.
2621 1420 2690 1474 Et
2720 1421 2938 1491 quidem
2965 1430 3220 1492 poterant
3246 1423 3348 1486 illi,
3378 1425 3588 1494 Spiritu

2018 1520 2209 1565 sancto
2241 1510 2565 1580 inspirante,
2599 1511 2844 1582 eligere;
2878 1522 3116 1570 attamen
3144 1518 3310 1571 etiam
3347 1517 3599 1572 testimo-

2019 1601 2169 1655 nium
2191 1602 2257 1656 ab
2278 1603 2402 1657 aliis
2427 1603 2640 1658 volunt.
2663 1603 2906 1671 Scilicet,
2928 1622 3215 1662 numerum
3235 1607 3484 1674 delinire,
3501 1625 3597 1665 or-

2018 1691 2211 1747 dinare
2230 1701 2285 1748 et
2301 1693 2569 1764 quidquid
2586 1695 2652 1750 ad
2678 1697 2821 1752 hunc
2846 1713 3003 1752 usum
3020 1699 3324 1768 spectabat,
3346 1704 3601 1771 praascri-

337 1790 684 1861 χαρίζεσθαι.
742 1793 915 1848 Ἑπτὰ
954 1796 1010 1848 δέ
1055 1778 1481 1870 προϐάλλονται,
1530 1802 1632 1859 οὐκ
1684 1804 1764 1859 ἔτι
1809 1807 1907 1861 δώ-

2017 1784 2146 1840 bere
2174 1785 2417 1855 ipsorum
2435 1789 2627 1857 utique
2652 1798 2802 1844 erat:
2819 1798 2874 1844 at
2899 1789 3218 1848 electionem
3239 1794 3451 1849 caeteris
3469 1809 3568 1865 per
3589 1824 3599 1832 ο

335 1883 490 1938 δεκα.
516 1885 634 1938 Τῶν
659 1886 767 1958 γὰρ
789 1889 1192 1957 ἀναγκαίωντὰ
1215 1895 1488 1964 ἀναγκαῖα
1511 1899 1908 1972 προτιμότερα.

351 1976 778 2046 Ἀπολογοῢνται
809 1979 866 2032 δὲ
905 1982 1078 2052 ὅμως,
1118 1984 1289 2039 ὅτιού
1349 1979 1577 2043 δυνατόν
1632 1993 1783 2046 ἐστιν
1813 1995 1907 2046 αύο

334 2067 472 2130 τοῖς,
529 2069 623 2120 καὶ
669 2069 760 2121 τοῦ
814 2071 1173 2143 κηρύγματος
1227 2078 1648 2148 ἐπιμελεῖσθαι,
1684 2082 1910 2138 καὶτοῦ

335 2159 612 2214 ποιεῖσθαι
663 2163 923 2234 πρόνοιἰν
957 2183 971 2197 ·
1010 2165 1086 2230 ὡς
1136 2169 1198 2222 ού
1253 2170 1341 2226 διὰ
1381 2172 1552 2242 τῦφον
1597 2176 1911 2241 δεικνύντες

335 2251 612 2304 ποιεῖσθαι
648 2253 746 2324 τὴν
794 2258 1129 2329 παραίτησιν
1157 2261 1256 2333 τῆς
1312 2263 1614 2332 διακονίας,
1657 2269 1796 2325 ἀλλὰ
1821 2272 1912 2326 διὰ

334 2342 437 2414 τὴν
465 2344 558 2397 τοῦ
577 2346 931 2416 κηρύγματος
962 2353 1302 2422 ἐπιμέλειαν.
1340 2375 1358 2410 ι
1386 2359 1493 2413 Καὶ
1526 2360 1838 2428 ἐξελέξαντο
1886 2385 1906 2420 ι

338 2435 619 2500 ’Ἅπαντες
664 2435 806 2510 ἦσαν
847 2442 1072 2515 πλήρεις
1120 2447 1397 2514 πίστεως,
1429 2451 1524 2514 οὒς
1556 2455 1872 2523 ἐξελέξαντο
1896 2474 1912 2489 ⁶

335 2526 428 2580 ἵνα
479 2528 556 2599 μὴ
585 2530 654 2582 τὰ
706 2533 845 2588 αὐτὰ
890 2535 1148 2608 γένηται,
1192 2534 1281 2594 οἷα
1317 2544 1410 2596 ἐπὶ
1454 2545 1624 2602 Ἰούδα
1650 2589 1665 2614 ,
1694 2546 1785 2603 οἷα
1818 2553 1912 2607 ἐπὶ

688 2734 752 2779 ς,
798 2736 816 2770 ι
844 2717 1081 2792 ἔστησαν
1139 2725 1373 2782 ἐνώπιον
1411 2732 1520 2784 τῶν
1569 2735 1908 2793 ἀποστόλων.

334 2805 513 2899 eaet,
542 2810 994 2882 προσευξάμενοι,
1019 2816 1295 2889 ἐπέθηκαν
1315 2822 1499 2887 αὐτοῖς
1531 2824 1629 2890 τὰς
1661 2831 1905 2899 χεῖρας,»

334 2897 455 2992 καὶ.⁸
477 2899 779 2992 ἀπέλυσαν.
813 2906 920 2959 Καὶ
964 2912 1322 2979 σημειωτέον,
1377 2916 1461 2969 ὅτι
1506 2917 1575 2970 δι’
1609 2897 1775 2992 εὐχῆς
1815 2925 1911 2978 καὶ

334 2987 642 3053 ἐπιθέσεως
672 2991 782 3046 τῶν
815 2996 1019 3065 χειρῶν
1045 3000 1154 3052 τῶν
1185 3002 1508 3074 ἡγουμένων
1550 3009 1608 3062 ἐν
1634 2987 1709 3079 atii
1730 2987 1905 3086 λόγῳ,

333 3080 369 3149 ἡ
422 3084 726 3151 χειροτονία
755 3123 770 3149 ,
818 3089 912 3140 καὶ
957 3089 989 3160 ἡ
1041 3090 1170 3156 ἀξία
1200 3093 1299 3164 τῆς
1351 3096 1630 3166 διακονίας
1669 3080 1826 3178 ἐδόθη
1852 3080 1910 3176 ἐξ
1939 3117 1980 3175 c

334 3176 515 3246 ἀρχῆς
549 3179 660 3242 τοῖς
717 3178 1008 3246 διακόνοις.
1042 3185 1153 3238 Καὶ
1183 3186 1341 3240 τοῦτο
1369 3189 1428 3242 τὸ
1458 3190 1580 3257 ἔθος
1621 3197 1782 3268 μέχρι
1814 3176 1908 3253 νῦν

337 3266 592 3331 σώζεται.
650 3271 763 3325 Καὶ
789 3272 938 3327 ἔστιν
968 3277 1166 3342 είπεϊν,
1207 3279 1288 3334 ὅτι
1319 3281 1446 3336 οὔτε
1486 3285 1592 3341 τῶν
1617 3288 1904 3358 διακόνων,

333 3359 460 3414 οὔτε
517 3363 626 3416 τῶν
680 3366 1069 3440 πρεσϐυτέρων
1093 3411 1108 3434 ,
1159 3375 1191 3442 ἠ
1231 3375 1480 3432 διακονία
1505 3380 1645 3452 αὕτη
1675 3382 1910 3456 (οὐδέπω

332 3451 444 3524 γὰρ
473 3454 649 3519 οὐδεὶς
672 3456 973 3523 ἐπίσκοπος
996 3457 1110 3533 ἦν),
1140 3464 1256 3519 ἀλλ’
1284 3451 1643 3525 οίάπόστολοιί
1668 3451 1905 3550 [’μόνον]·

332 3543 495 3610 ὅθεν,
546 3547 671 3640 οὔτε
720 3549 1015 3621 διακόνων,
1051 3555 1176 3610 οὔτε
1207 3561 1596 3635 πρεσϐυτέρων
1639 3543 1794 3640 οῗμαι
1844 3543 1906 3626 τ’)

333 3729 826 3806 ἐχειροτονήθησαν
858 3736 946 3792 διὰ
981 3743 1291 3814 προσευχῆς
1337 3746 1431 3800 καὶ
1472 3750 1772 3818 ἐπιθέσεως
1799 3757 1908 3809 τῶν

332 3822 541 3913 χειρῶν
568 3825 677 3879 τῶν
705 3829 1041 3886 ἀποστόλων.
1082 3835 1412 3903 Ἐπεύξαντο
1447 3839 1560 3913 γὰρ
1583 3844 1786 3911 αὐτοῖς,
1815 3847 1907 3900 δυ⁹

333 3912 565 4015 νηθῆῆναι
599 3920 981 4015 περιγενέσθαι
1015 3923 1110 3978 τοῦ
1139 3925 1326 4015 ἔργου.
1391 3912 1564 3986 Ἑπτὰ
1606 3935 1663 3988 δὲ
1692 3935 1904 4008 ἀνδρῶν

328 4004 634 4101 ἐδεήθησαν
664 4012 745 4072 είς
768 4011 925 4066 τοῦτο
947 4029 965 4048 ο
1004 4015 1178 4070 πολλὰ
1206 4004 1328 4090 ’γὰρ
1358 4019 1584 4094 ἐπέρρει
1617 4004 1900 4098 χρήματα,

331 4097 456 4150 ἐπεὶ
485 4097 792 4173 καὶ’χηρῶν
818 4105 1023 4177 πλῆθος
1043 4103 1133 4181 ἦν.

2013 1878 2261 1942 mittunt,
2283 1893 2351 1932 ne
2374 1881 2631 1949 cuiquam
2661 1881 2956 1951 gratiﬁcari
2985 1883 3229 1938 voluisse
3249 1884 3594 1941 viderentur.

2014 1966 2235 2037 Septem
2266 1983 2396 2025 vero
2428 1970 2712 2042 eligendos
2741 1983 3080 2043 proponunt,
3107 1989 3216 2030 non
3259 1975 3548 2030 duodecim
3575 1993 3594 2043 ;

2014 2060 2159 2129 quod
2216 2059 2360 2115 inter
2393 2077 2457 2116 ea
2491 2063 2656 2117 etiam
2683 2105 2700 2130 ,
2750 2079 2872 2135 quae
2904 2067 3213 2122 necessaria
3275 2079 3439 2136 sunt,
3479 2069 3592 2122 alia

2015 2151 2267 2221 aliisjsint
2295 2155 2702 2224 prmstantiora.
2739 2155 3157 2214 Ereusationem
3198 2169 3378 2216 tamen
3392 2176 3593 2231 quam-

2013 2237 2135 2292 dam
2169 2239 2478 2310 prul‘erunt,
2513 2243 2774 2312 quoniam
2819 2245 2963 2300 haud
3007 2255 3127 2301 erat
3156 2247 3264 2303 illis
3292 2249 3580 2316 possibile,

2014 2329 2180 2385 simul
2218 2339 2275 2386 et
2306 2333 2712 2402 praedicationis
2749 2353 2767 2386 ι
2796 2337 2949 2391 verbi
2978 2337 3073 2392 Dei
3103 2376 3120 2401 ,
3172 2357 3190 2390 ι
3233 2348 3287 2393 et
3318 2341 3593 2408 provisio-

2014 2423 2102 2477 nis
2144 2438 2273 2494 erga
2317 2440 2582 2494 pauperes
2634 2440 2825 2482 curam
2847 2443 3080 2499 gerere:
3118 2437 3180 2484 ut
3241 2431 3596 2486 ostenderent

2013 2527 2071 2570 se
2103 2517 2425 2585 neutiquam
2474 2532 2540 2571 ex
2581 2519 2750 2572 animi
2785 2526 3000 2575 tumore
3051 2520 3586 2578 administrationem

2012 2605 2329 2675 huiusmodi
2365 2603 2663 2674 recusare;
2703 2610 2800 2664 sed
2839 2618 2897 2664 ut
2927 2611 3305 2680 praadieationi
3353 2613 3590 2683 diligen-

2013 2695 2125 2750 tius
2161 2695 2479 2752 incumbere
2505 2705 2753 2765 possent.
2802 2715 2822 2750 ι
2862 2697 2928 2753 Et
2950 2700 3256 2770 elegerunt.
3301 2720 3320 2754 ι
3384 2701 3590 2757 Omnes

2011 2783 2170 2839 electi
2199 2791 2328 2837 sunt
2352 2784 2500 2854 pleni
2532 2785 2654 2850 tide,
2690 2799 2761 2840 ne
2796 2785 2987 2840 eadem
3009 2801 3130 2854 qua:
3158 2786 3211 2840 in
3239 2785 3406 2852 Juda,
3439 2786 3592 2842 Aua-

2011 2871 2100 2925 nia
2134 2878 2185 2925 et
2233 2869 2467 2941 Saphira
2512 2874 2860 2940 contigerant
2889 2913 2905 2939 ,
2947 2886 3318 2931 recurrerent.
3379 2876 3591 2931 Deinde

2011 2972 2368 3033 segregantes
2397 2980 2492 3020 eos
2539 2980 2569 3020 a
2627 2966 2788 3021 turba
2814 3004 2830 3029 ,
2893 2985 2912 3018 ι
2953 2975 3268 3025 statuerunt
3300 2978 3430 3030 aute
3455 2984 3590 3037 con-

2015 3063 2264 3124 spectum
2295 3058 2696 3128 apostolorum,
2723 3059 2815 3130 qui
2845 3069 3070 3117 orantes
3101 3062 3482 3134 imposuerunt
3507 3065 3589 3120 eis

2014 3161 2210 3203 manus
2248 3167 2266 3199 ι
2333 3158 2388 3203 et
2444 3149 2794 3206 dimiserunt.
2859 3152 3001 3207 Hine
3073 3154 3447 3210 adnotandum
3504 3165 3591 3210 est

2013 3237 2416 3293 ordinationem
2449 3248 2504 3294 et
2530 3242 2852 3308 dignitatern
2885 3242 3210 3298 diaconatus
3251 3260 3346 3314 per
3375 3247 3588 3298 oratio-

2004 3343 2128 3382 nem
2165 3337 2220 3384 et
2255 3345 2518 3386 manuum
2560 3332 2970 3402 impositionem
3000 3350 3191 3390 eorum
3215 3374 3233 3400 ,
3271 3338 3364 3406 qui
3398 3338 3590 3406 praesi-

2004 3419 2131 3474 deut
2159 3422 2348 3490 verbo,
2382 3424 2451 3478 ab
2473 3424 2630 3480 initio
2653 3425 2831 3480 datam
2857 3425 3028 3482 fuisse
3059 3444 3072 3481 :
3101 3442 3222 3498 quae
3246 3429 3591 3484 consuetudo

2003 3512 2069 3565 ad
2107 3527 2348 3582 priesens
2383 3529 2558 3586 usque
2610 3525 2826 3586 tempus
2863 3526 3138 3572 servatur.
3191 3518 3446 3573 Attamen
3477 3519 3589 3573 dici

2003 3617 2226 3674 quoque
2273 3613 2451 3674 potest
2496 3607 2868 3663 ministerium
2932 3609 3069 3664 illud
3108 3626 3292 3680 neque
3324 3611 3589 3667 diacono-

2005 3705 2126 3743 rum
2181 3706 2359 3758 neque
2425 3694 2872 3764 presbyterorum
2918 3694 3128 3751 fuisse:
3167 3699 3407 3751 nondum
3437 3697 3587 3752 enim

2004 3777 2150 3833 ullus
2179 3816 2195 3842 ,
2229 3781 2473 3848 exceptis
2514 3781 2784 3851 apostolis
2807 3823 2823 3848 ,
2866 3783 3161 3853 episcopus
3198 3791 3339 3838 erat.
3395 3783 3587 3850 Quare

2001 3880 2106 3918 non
2142 3877 2297 3936 puto,
2325 3867 2457 3938 quid
2489 3884 2585 3938 per
2615 3868 2973 3924 diaconorum
3027 3872 3585 3943 presbyterorumque

1999 3954 2226 4008 nomina
2261 3956 2350 4009 hic
2399 3955 2782 4028 intelligatur,
2844 3957 3196 4014 manifestum
3245 3969 3299 4015 et
3362 3961 3575 4015 clarum

2000 4054 2144 4096 esse.
2167 4041 2533 4112 Interimvero
2563 4044 2600 4099 ii
2621 4059 2714 4114 per
2737 4045 3064 4115 orationem,
3082 4047 3149 4103 let
3175 4048 3582 4119 impositiouem

2001 4147 2262 4188 manuum
2312 4137 2685 4206 apostolorum
2737 4139 2976 4195 ordinati
3003 4150 3152 4198 sunt.
3180 4141 3339 4212 221
3378 4142 3591 4198 Orave-

331 4199 462 4246 runt
500 4195 648 4308 enim.
685 4209 784 4264 pro
834 4196 989 4266 ipsis,
1038 4209 1098 4255 ut
1130 4201 1437 4271 injunclum
1494 4221 1633 4279 οΡιιε
1670 4220 1894 4274 Strenue
1931 4226 2158 4294 exsequi
2213 4236 2464 4296 possent.
2519 4227 2664 4286 Viris
2700 4239 2884 4287 autem
2925 4247 3034 4288 non
3116 4236 3302 4292 minus
3369 4247 3582 4308 septem

336 4303 467 4308 η---
505 4288 564 4308 ,γι
599 4288 612 4308 ε
693 4297 798 4308 __-.
831 4306 840 4308 _
973 4292 1005 4308 .-
1164 4296 1174 4307 .
1380 4297 1407 4308 -
1485 4301 1498 4308 -

945 4385 1172 4440 ΚΕΦΑΛ
1203 4390 1291 4445 H'.

341 4469 638 4525 Ἰουδαίων
675 4470 1114 4542 ἐπανάστασις,
1169 4481 1268 4535 καί
1323 4489 1705 4556 συκοφαντία
1745 4496 1898 4549 κατὰ
1932 4514 1976 4574 ο
2000 4501 2315 4560 Judworum

393 4562 704 4630 Στεφάνου
728 4605 743 4630 ,
799 4565 906 4620 τοῦ
983 4569 1169 4624 αὐτοῦ
1244 4589 1310 4627 τε
1365 4576 1692 4648 δημηγορία
1762 4587 1896 4654 περὶ

394 4653 504 4722 τῆς
554 4657 705 4722 πρὸς
750 4657 1006 4729 Ἀϐραὰμ
1059 4660 1350 4734 διαθήκης
1410 4671 1519 4726 τοῦ
1571 4675 1755 4728 Θεοῦ·
1794 4653 1895 4732 καί

398 4747 530 4815 περὶ
565 4747 683 4802 τῶν
711 4747 940 4804 δώδεκα
968 4758 1372 4826 πατριαρχῶν.

919 4843 1310 4905 ΚΕῙΜΕΝΟΝ.

394 4929 667 5000 Στέφανος
721 4933 940 5004 πλήρης
985 4936 1226 5004 πίστεως
1274 4947 1370 4996 καὶ
1403 4944 1690 5017 δυνάμεως
1723 4951 1894 5006 ἐποίει

319 5023 526 5091 τέρατα
556 5025 651 5077 καὶ
684 5029 890 5096 σημεῖα
923 5030 1135 5100 μεγάλα
1168 5035 1227 5087 ἐν
1257 5035 1336 5106 τῷ
1359 5037 1496 5109 λαῷ.
1559 5041 1894 5116 Ἀνέστησαν

318 5116 379 5170 δέ
414 5134 560 5180 τινες
593 5118 702 5171 τῶν
738 5123 802 5174 ἐκ
828 5122 924 5192 τῆς
953 5127 1280 5198 συναγωγῆς
1319 5131 1418 5200 τῆς
1459 5131 1760 5206 λεγομένης
1793 5139 1894 5192 Λι-

319 5207 607 5277 ϐερτίνων,
657 5212 753 5264 καὶ
791 5213 1141 5285 Κυρηναίων,
1189 5222 1283 5272 καὶ
1325 5220 1746 5297 Ἀλεξανδρέων,
1798 5229 1894 5283 καὶ

315 5299 427 5352 τῶν
451 5301 560 5353 ἀπὺ
587 5303 838 5367 Κιλικίας
872 5307 967 5358 καὶ
1013 5307 1220 5374 Ἀσίας,
1253 5311 1614 5382 συζητοῦντες
1648 5319 1727 5389 τῷ
1759 5321 1892 5374 Στε-

316 5389 475 5461 φάνῳ
499 5406 512 5419 ·
557 5396 652 5444 καὶ
677 5393 790 5483 ρὺκ
819 5395 1002 5466 ἴσχυον
1032 5399 1352 5472 ἀντιστῆναι
1385 5409 1451 5476 τῇ
1487 5407 1653 5480 σοφία
1685 5412 1779 5465 καὶ
1814 5412 1892 5483 τῷ

318 5482 621 5553 Πνεύματι,
669 5477 715 5552 ᾧ
749 5486 950 5541 ἐλάλει.
1011 5491 1144 5543 Τότε
1181 5492 1450 5550 ὑπέῦαλον
1471 5477 1674 5571 ἄνδρας
1698 5477 1890 5573 λέγονξυ

314 5592 434 5638 τας,
466 5576 548 5629 ὅτι
591 5577 937 5648 Ἀκηκόαμεν
961 5583 1128 5636 αὐτοῦ
1158 5585 1442 5654 λαλοῦντος
1471 5593 1693 5664 ῥήματα
1723 5597 1886 5667 βλάσ-

317 5680 480 5735 φημα
530 5668 609 5730 είς
641 5669 850 5740 Μωσῆν
875 5673 1083 5727 καὶτὸν
1111 5675 1243 5729 Θεόν
1264 5695 1278 5710 ο
1318 5683 1678 5755 συνεκίνησάν
1709 5706 1767 5742 τε
1798 5691 1888 5744 τὸν

313 5755 465 5822 λαὸν,
498 5757 737 5824 καὶτοὺς
774 5764 1204 5838 πρεσϐυτέρους,
1247 5774 1340 5826 καὶ
1363 5775 1488 5839 τοὺς
1505 5776 1879 5850 Γραμματεῖς⁸

2367 4509 2700 4576 insurrcctio,
2757 4520 2808 4565 et
2864 4513 3134 4568 calumnia
3177 4516 3427 4570 adversus
3461 4518 3582 4574 Stc-

2070 4597 2304 4664 phanum
2353 4615 2374 4653 :
2432 4600 2692 4670 Imjusque
2744 4603 2924 4656 concio
2961 4604 3024 4658 de
3076 4605 3173 4659 Dei
3221 4607 3414 4674 [aedere
3459 4627 3578 4664 cum

2073 4688 2414 4757 Abrahamo;
2456 4702 2505 4746 et
2543 4692 2607 4747 de
2629 4691 2905 4747 duodecim
2937 4697 3289 4763 patriarcftis.

2639 4872 2939 4932 TEXTUS.

2071 4958 2172 5027 Ἢ,
2204 4961 2355 5018 8-15.
2423 4963 2735 5035 Stephanus
2792 4975 3000 5034 autem,
3052 4969 3246 5042 plenus
3298 4974 3471 5044 gratia
3524 4984 3579 5030 et

1996 5050 2338 5121 fortitudine,
2365 5054 2600 5114 faciebat
2632 5060 2880 5131 prodigia
2904 5070 2957 5116 et
2992 5063 3147 5134 signa
3176 5080 3370 5137 magna
3396 5067 3448 5121 in
3480 5082 3580 5136 po-

1994 5145 2144 5214 pulo.
2175 5145 2545 5203 Surrexerunt
2578 5158 2759 5206 autem
2792 5152 3016 5222 quidam
3035 5154 3102 5210 de
3127 5155 3432 5229 Synagoga,
3453 5174 3578 5228 quae

1994 5236 2300 5305 appellatur
2326 5236 2735 5295 Libertinorum
2759 5250 2813 5296 et
2833 5242 3233 5315 Cyrenensium
3247 5258 3301 5303 et
3330 5250 3572 5304 Alexan-

1994 5323 2280 5382 drinorum
2311 5336 2364 5384 et
2393 5343 2586 5384 eorum
2619 5330 2712 5398 qui
2737 5340 2896 5387 erant
2924 5348 2953 5387 a
2973 5334 3160 5389 Cilicia
3185 5343 3239 5389 et
3267 5339 3419 5405 Asia,
3451 5338 3570 5394 dis-

1993 5426 2249 5487 putantes
2289 5437 2411 5475 cum
2477 5421 2793 5492 Stephano:
2848 5434 2908 5479 et
2955 5439 3061 5480 non
3111 5436 3366 5494 poterant
3412 5432 3562 5487 resi-

1997 5519 2142 5570 stere
2176 5515 2484 5585 sapientim,
2527 5525 2582 5572 et
2634 5516 2867 5588 Spiritui
2902 5519 2994 5590 qui
3032 5520 3378 5592 loquebatur.
3412 5523 3568 5583 Tunc

1994 5607 2393 5662 summiserant
2424 5608 2594 5676 viros,
2629 5613 2720 5681 qui
2748 5611 2995 5669 dicerent
3029 5629 3088 5670 se
3143 5615 3421 5673 audivisse
3441 5635 3569 5675 eum

1991 5695 2260 5752 dicentem
2294 5699 2457 5755 verba
2497 5701 2848 5772 blasphemiae
2879 5707 2934 5760 iu
2967 5705 3185 5778 Moysen
3219 5717 3272 5762 et
3304 5709 3358 5762 in
3377 5708 3569 5769 Deum.

1999 5787 2430 5849 Commoverunt
2494 5795 2679 5866 itaque
2719 5797 2927 5868 plebem
2965 5809 3017 5856 et
3050 5801 3299 5858 seniores
3327 5809 3382 5858 et
3419 5801 3571 5860 Scri—
