4114 6418
511 345 618 407 903
1403 334 1987 397 THEOPHYLACTI
2035 331 2447 395 BULGARIE
2487 329 2839 390 ARCI‘IIEP.

518 464 618 514 bas
673 474 687 511 :
743 462 796 509 et
826 456 1221 508 concurrentes
1268 457 1574 520 rapuerunt
1616 463 1740 503 eum
1773 458 1824 504 ct
1858 447 2099 502 adduxe-

2230 444 2296 497 :al
2333 442 2659 504 ἐπιστάντες
2710 441 3067 511 συνήρπασαν
3116 437 3297 499 αὐτὸν,
3331 435 3427 490 καὶ
3457 433 3667 503 ἤγαγον
3696 436 3777 496 εἰς

522 555 652 603 runt
681 548 739 602 in
766 544 1061 600 concilium
1095 550 1150 597 et
1191 549 1503 597 statuerunt
1559 539 1730 595 falsos
1779 546 1949 594 testes
2001 537 2095 607 qui

2234 537 2262 589 ὸ
2293 534 2576 605 συνέδριον
2611 550 2624 564 ·
2670 531 2906 602 ἔστησάν
2932 548 2991 583 τε
3030 530 3315 601 μάρτυρας
3343 526 3560 596 ψευδεῖς
3589 524 3779 591 λέγον-

525 641 773 695 dicerent
806 653 821 691 :
875 635 1050 690 Homo
1099 633 1204 687 iste
1235 647 1342 685 non
1377 639 1557 684 cessat
1608 628 1756 698 loqui
1812 618 1978 682 verba
2004 628 2101 680 ad-

2230 644 2299 690 ηας
2322 645 2336 659 ·
2372 627 2431 678 '0
2474 625 2760 696 ἄνθρωπος
2797 616 2954 684 οὗτος
2988 621 3049 673 οὐ
3082 619 3315 671 παύεται
3353 617 3577 688 ῥήματα
3611 613 3777 684 βλάσ-

521 742 715 784 versus
752 727 932 781 locum
989 730 1241 780 sanetum
1271 727 1325 774 ct
1357 721 1551 787 legem.
1585 716 1917 771 Audivimus
1948 715 2096 769 enim

2230 737 2363 788 πμα
2406 718 2587 771 λαλῶν
2627 716 2765 768 κατὰ
2800 715 2893 767 τοῦ
2941 712 3108 765 τόπου
3141 710 3235 764 τοῦ
3275 710 3436 777 ἁγίου
3465 708 3655 762 τούτου
3683 704 3780 760 καὶ

521 836 646 875 eum
674 819 947 874 dicentem
979 856 994 882 ,
1047 813 1307 882 quoniam
1339 809 1502 865 Jesus
1545 808 1862 863 Nazarenus
1886 806 1974 860 hic
2002 805 2092 858 de-

2230 811 2302 863 ποῦ
2345 811 2533 881 νόμου.
2598 808 2948 877 Ἀκηκόαμεν
2999 806 3108 875 γὰρ
3170 803 3335 856 αὐτοῦ
3386 802 3666 870 λέγοντος,
3697 798 3781 852 ὅτι

525 920 704 968 struet
770 911 946 964 locum
996 907 1184 967 istum,
1239 909 1294 959 et
1342 900 1576 955 mutabit
1609 899 1934 953 traditiones
1965 908 2102 966 quas

2230 899 2414 972 Ιησοῦς
2457 904 2486 955 ὁ
2535 895 2857 969 Ναζωραῖος
2907 888 3061 958 οὗτος
3117 895 3413 948 καταλύσει
3462 892 3553 946 τὸν
3615 895 3782 944 τόπον

526 1000 756 1058 tradidit
782 998 941 1053 nobis
970 995 1210 1067 Moyses.
1237 995 1303 1049 Et
1322 994 1601 1047 intuentes
1632 1005 1756 1046 eum
1786 1004 1979 1046 omnes
2009 987 2103 1057 qui

2230 988 2417 1056 ςοῦτον,
2451 991 2546 1044 καὶ
2574 988 2795 1053 ἀλλάξει
2822 988 2893 1039 τὰ
2925 982 3047 1055 ἔθη,
3070 982 3106 1038 ἃ
3143 976 3627 1053 παρέδωκενλήμῖν
3657 980 3787 1034 Μω-

3668 320 3775 386 904
3868 379 3883 393 .

527 1092 792 1150 sedebant
812 1090 865 1144 in
895 1086 1154 1152 concilio,
1183 1085 1441 1140 viderunt
1473 1083 1669 1138 faciem
1701 1081 1823 1153 ejus
1845 1089 2101 1150 tauquam

530 1183 717 1237 faciem
749 1178 947 1249 angeli.

597 1354 693 1420 Vl,
722 1355 833 1408 1-4.
862 1351 1006 1406 Dixit
1027 1356 1207 1405 autem
1231 1348 1482 1418 princeps
1508 1343 1850 1401 sacerdotum
1880 1339 1973 1396 :Si
1991 1343 2106 1396 haec

530 1449 603 1501 ita
624 1462 684 1501 se
705 1442 946 1499 habent?
966 1441 1069 1507 Qui
1088 1441 1163 1493 ait
1186 1455 1201 1494 :
1226 1438 1338 1493 Viri
1361 1437 1560 1492 fratres
1574 1446 1631 1492 et
1652 1432 1855 1506 patres,
1876 1432 2062 1489 audite
2091 1451 2106 1485 :

532 1534 678 1594 Deus
709 1537 894 1609 gloria!
925 1534 1181 1604 apparuit
1207 1532 1346 1602 patri
1383 1538 1579 1586 nostro
1609 1528 1840 1583 Abrahae
1860 1540 1983 1581 cum
2012 1534 2105 1581 es-

532 1644 616 1688 set
648 1633 701 1684 in
734 1626 1145 1696 Mesopotamia,
1166 1627 1483 1694 priusquam
1543 1629 1860 1676 moraretur
1883 1620 1936 1672 in
1967 1617 2109 1672 Cha-

534 1739 660 1786 ran,
715 1729 769 1775 et
815 1718 950 1772 dixit
985 1717 1050 1770 ad
1080 1716 1231 1769 illum
1291 1733 1305 1769 :
1368 1713 1465 1767 Exi
1529 1713 1595 1766 de
1641 1721 1785 1765 terra
1838 1718 1929 1763 tua
1958 1715 2012 1762 et
2041 1707 2109 1761 de.

535 1812 865 1883 cognatione
911 1816 1025 1873 tua,
1083 1816 1137 1863 et
1165 1808 1285 1861 veni
1319 1810 1370 1859 in
1405 1814 1605 1859 terram
1642 1817 1806 1873 quam
1838 1807 2111 1856 monstra-

534 1918 666 1960 vero
718 1904 836 1957 tibi.
905 1900 1060 1955 Tunc
1117 1900 1253 1952 exiit
1306 1897 1373 1952 de
1426 1908 1568 1951 terra
1619 1894 2022 1954 Chaldaeorum,
2059 1900 2114 1948 ct

538 1995 809 2052 habitavit
852 1994 904 2047 in
939 1992 1179 2047 Charan.
1243 1989 1308 2043 Et
1359 1988 1504 2053 imle,
1540 1983 1832 2058 postquam
1862 1992 2113 2041 mortuus

535 2098 622 2143 est
657 2096 812 2158 pater
838 2085 979 2155 ejus,
1017 2082 1303 2138 transtulit
1333 2080 1489 2135 illum
1519 2080 1573 2134 in
1601 2088 1805 2135 terram
1840 2078 2028 2143 istam,
2058 2077 2113 2131 in

536 2178 644 2252 qua
670 2195 768 2234 vos
798 2193 947 2233 nunc
972 2172 1259 2230 habitatis.

1042 2264 1182 2323 COM
1194 2260 1616 2320 \IENTARIUS.

611 2361 925 2430 Stephanus
961 2358 1187 2425 reliquis
1222 2372 1317 2410 sex
1352 2357 1672 2424 prmstabat,
1709 2364 1873 2422 atque
1897 2351 2106 2430 primas

541 2452 689 2506 inter
721 2451 845 2504 illos
881 2449 1121 2503 tenebat.
1151 2447 1476 2514 Quanquam
1498 2445 1640 2499 enim
1672 2426 1945 2499 ordinatio
1970 2458 2120 2497 com-

549 2541 734 2596 munis
786 2538 1009 2606 fuerat,
1072 2540 1180 2593 iste
1235 2547 1416 2591 tamen
1467 2537 1725 2605 majorem
1764 2548 1875 2605 pra:
1907 2533 2120 2590 caeteris

544 2628 879 2689 Consecutus
911 2639 996 2685 est
1032 2631 1286 2699 gratiam.
1320 2628 1481 2683 Nulla
1518 2637 1700 2682 autem
1734 2637 1864 2683 ante
1897 2628 2120 2682 ordina-

546 2726 750 2779 tionem
809 2722 1055 2793 prodigia
1112 2721 1367 2786 faciebat,
1427 2729 1487 2773 ut
1546 2718 1896 2774 manifestum
1967 2718 2124 2773 fieret

549 2817 781 2888 gratiam
817 2814 987 2871 solam
1023 2829 1129 2868 non
1166 2812 1328 2883 222
1353 2811 1621 2877 solliccrc,
1654 2812 1748 2867 sed
1781 2810 2126 2868 ordinatione

547 2909 775 2977 insuper
799 2922 940 2975 opus
985 2921 1129 2969 esse,
1162 2904 1491 2971 ut,accessio
1520 2901 1758 2973 Spiritus
1792 2902 1885 2958 fiat
1914 2920 2127 2973 :quan-

551 3014 715 3068 qumn
764 2997 930 3050 etiam
1015 3003 1172 3050 antea
1233 2996 1376 3064 pleni
1421 2998 1580 3049 erant
1622 2992 1852 3063 Spiritu,
1911 3009 1977 3050 eo
2018 2997 2129 3050 sci-

552 3092 703 3155 licet,
738 3091 830 3162 qui
864 3091 920 3145 in
951 3091 1171 3144 lavacro
1201 3090 1505 3144 confertur.
1534 3090 1535 3093 “

626 3183 890 3238 Libertini
925 3182 1188 3237 dicuntur
1217 3181 1589 3235 Romanorum
1616 3181 1822 3236 liberti.
1890 3180 2121 3237 Habita-

551 3275 684 3329 bant
717 3282 899 3327 autem
936 3273 1008 3327 ibi
1032 3273 1195 3327 etiam
1231 3272 1321 3325 alii
1357 3270 1510 3326 multi
1548 3272 1815 3344 peregrini
1844 3288 1910 3329 ex
1937 3283 2122 3329 extra-

554 3366 677 3422 neis
708 3365 1051 3428 civitatibus,
1087 3364 1181 3433 qui
1238 3375 1291 3419 et
1338 3379 1643 3436 synagogas
1690 3364 1990 3433 habebant,
2030 3367 2124 3422 ubi

556 3462 729 3530 legem
776 3458 979 3530 perlegi
1020 3456 1331 3527 oportebat.

992 3546 997 3551 ’
1193 3549 1495 3607 TEXTUS.

627 3648 717 3713 Vl,
758 3648 811 3702 5.
850 3649 918 3702 Et
955 3663 1062 3703 non
1102 3647 1253 3703 dedit
1287 3650 1363 3703 illi
1398 3649 1772 3705 haereditatem
1800 3651 1869 3719 in
1926 3666 1988 3706 ea
2032 3667 2129 3706 nec

542 3756 787 3811 passum
847 3740 1002 3812 pedis
1037 3759 1048 3794 :
1079 3741 1173 3796 sed
1236 3741 1550 3812 repromisit
1599 3741 1731 3797 dare
1766 3743 1841 3797 illi
1897 3760 2017 3799 eam
2079 3746 2131 3798 in

563 3832 994 3902 possessionem,
1019 3840 1073 3886 et
1112 3833 1304 3888 semini
1337 3834 1459 3903 ejus
1482 3842 1605 3904 post
1634 3837 1835 3905 ipsum,
1868 3851 1992 3891 eum
2024 3853 2133 3892 non

563 3922 788 3979 haberet
822 3924 1015 3979 ﬁlium.

1053 4014 1623 4073 COMMENTARIUS.

632 4103 746 4158 Cur
778 4102 944 4171 Deus,
990 4108 1504 4181 cumpromisisset
1527 4109 1659 4164 dare
1679 4109 1991 4166 Abraltamo
2022 4114 2126 4166 ter-

564 4210 683 4250 ram
715 4195 1017 4252 Palaestina:
1045 4197 1101 4252 in
1132 4199 1551 4269 possessionem,
1592 4215 1662 4255 ne
1718 4202 2010 4273 vestigium
2051 4210 2137 4256 ta-

568 4298 693 4337 men
743 4284 920 4353 pedis
954 4301 1019 4339 ex
1071 4302 1135 4340 ea
1172 4287 1246 4339 illi
1301 4286 1501 4342 dedit?
1552 4289 1795 4352 Scilicet.
1850 4291 1980 4361 quia
2012 4306 2135 4346 cum

2209 1083 2331 1153 σῆς.
2380 1082 2489 1135 Καὶ
2543 1081 2890 1141 ἀτενίσαντες
2946 1077 3026 1139 εἰς
3067 1072 3230 1128 αὑτὸν
3266 1073 3509 1137 ἅπαντες
3557 1073 3608 1126 of.
3645 1070 3786 1125 καθ-

2211 1174 2459 1245 εζόμενοι
2521 1177 2580 1227 ἐν
2643 1171 2721 1243 τῷ
2799 1169 3102 1242 συνεδρίῳ,
3164 1165 3305 1222 εἶδον
3360 1166 3421 1220 τὸ
3485 1166 3784 1238 πρόσωπον

2211 1263 2377 1318 αὐτοῦ
2402 1262 2535 1316 ὡσεὶ
2566 1261 2858 1331 πρόσωπον
2885 1258 3141 1328 ἀγγέλου.

2283 1354 2420 1411 Eine
2469 1355 2527 1409 δὲ
2563 1356 2592 1409 ὁ
2633 1353 2952 1426 ἀρχιερεύς⁹
2992 1353 3056 1406 Εἰ
3083 1348 3194 1422 ἄρα
3230 1349 3402 1403 ταῦτα
3429 1347 3600 1410 οὕτως
3630 1346 3744 1418 ἔχει
3770 1388 3784 1410 ,

2223 1450 2282 1503 '0
2307 1448 2364 1501 δὲ
2390 1446 2493 1518 ἔφη
2523 1462 2540 1479 ο
2584 1445 2811 1515 ’Ἄνδρες
2834 1443 3055 1514 ἀδελφοὶ
3081 1443 3174 1496 καὶ
3200 1443 3459 1512 πατέρες,
3490 1439 3783 1493 ἀκούσατε⁰

2226 1539 2284 1591 '0
2312 1537 2445 1600 Θεὸς
2469 1536 2570 1608 τῆς
2601 1536 2760 1607 δόξης
2795 1535 2950 1607 ὤφθη
2985 1535 3064 1605 τῷ
3116 1533 3284 1605 πατρὶ
3335 1530 3493 1603 ἡμῶν
3535 1530 3787 1601 Ἀϐραὰμ.

2214 1632 2327 1686 δντι
2357 1634 2415 1685 ἐν
2446 1634 2510 1703 τῇ
2558 1628 2961 1701 Μεσοποταμίᾳ
3002 1629 3135 1700 πρὶν
3188 1627 3222 1698 ἢ
3258 1626 3590 1694 κατοικῆσαι
3624 1622 3788 1677 αὐτὸν

2218 1726 2298 1789 εἰς
2331 1723 2583 1798 Χαρρὰν,
2625 1724 2720 1777 καὶ
2760 1717 2881 1775 εἷπε
2925 1720 3063 1791 πρὸς
3099 1718 3261 1773 αὐτόν
3285 1735 3301 1752 ο
3342 1714 3567 1781 Ἔξελθε
3596 1717 3662 1769 ἐκ
3689 1718 3790 1786 τῆς

2218 1819 2322 1887 γῆς
2351 1832 2444 1868 σου
2477 1817 2569 1868 καὶ
2613 1815 2677 1868 ἐκ
2715 1814 2813 1884 τῆς
2847 1812 3169 1881 συγγενείας
3219 1826 3335 1869 σου,
3385 1810 3479 1862 καὶ
3512 1807 3671 1878 δεῦρο
3709 1810 3791 1871 είς

2215 1912 2320 1979 γῆν
2348 1909 2412 1979 ἣν
2437 1908 2501 1962 ἂν
2529 1923 2610 1959 σοι
2630 1905 2809 1971 δείξω.
2838 1905 2974 1958 Τότε
3004 1902 3239 1969 ἐξελθὼν
3266 1904 3331 1955 ἐκ
3373 1902 3478 1971 γῆς
3505 1899 3791 1955 Χαλδαίων

2217 2017 2549 2070 κατῳκησεν
2574 2000 2654 2062 εἰς
2684 1997 2930 2069 Χαρράν.
2961 1982 3232 2049 Κάκεῖθεν
3254 1993 3394 2064 μετὰ
3417 1994 3478 2045 τὸ
3500 1991 3792 2047 ἀποθανεῖν

2218 2091 2308 2144 τὸν
2344 2091 2554 2162 πατέρα
2585 2090 2750 2143 αὑτοῦ
2777 2104 3081 2159 μετῳκισεν
3104 2085 3267 2140 αὐτὸν
3295 2085 3377 2148 είς
3405 2082 3505 2155 τὴν
3531 2082 3637 2154 γῆν
3661 2082 3794 2137 ταύ-

2219 2203 2343 2256 την,
2373 2184 2453 2248 είς
2478 2184 2545 2255 ἣν
2573 2181 2670 2236 νῦν
2709 2183 2868 2253 ὑμεῖς
2897 2184 3229 2235 κατοικεῖτε.

2822 2270 3207 2327 ΕΡΜΗΝΕῙΑ.

2296 2363 2469 2432 Οὗτος
2496 2368 2793 2439 πρόκριτος
2822 2364 2929 2417 τῶν
2955 2364 3095 2418 ἑπτὰ
3123 2358 3213 2434 ἦν.
3247 2363 3344 2416 καλ¹
3362 2361 3432 2415 τὰ
3461 2360 3656 2431 πρῶτα
3682 2354 3797 2429 εἶχε

2223 2463 2354 2532 παρ’
2386 2462 2594 2525 αὐτοῖς.
2631 2461 2693 2514 Ei
2720 2460 2827 2529 γὰρ
2852 2459 2946 2512 καὶ
2973 2458 3005 2529 ἠ
3037 2458 3343 2529 χειροτονία
3373 2457 3526 2527 κοινὴ
3557 2452 3645 2527 ἦν,
3681 2454 3797 2510 ἀλλ’

2223 2555 2381 2621 οὗτος
2424 2554 2702 2608 ἐπεσπᾶτο
2739 2553 2900 2623 χάριν
2942 2550 3184 2604 πλείονα.
3243 2549 3360 2603 Οὐκ
3393 2548 3569 2601 ἐποίει
3608 2547 3664 2600 δὲ
3692 2545 3801 2613 πρὸ

2226 2649 2327 2719 τῆς
2388 2649 2730 2719 χειροτονίας
2777 2649 2847 2699 τά
2894 2646 3102 2716 τέρατα
3132 2683 3147 2707 ,
3196 2644 3281 2697 ῖνα
3305 2642 3490 2713 δειχθῇ
3528 2683 3542 2709 ,
3587 2642 3669 2695 ὃτι
3700 2641 3803 2695 οὐκ

2226 2742 2390 2812 ἀρκεῖ
2422 2743 2587 2812 μόνον
2616 2740 2650 2811 ἡ
2676 2741 2857 2810 χάρις,
2893 2738 3033 2792 ἀλλὰ
3071 2736 3154 2790 δεῖ
3192 2735 3286 2790 καὶ
3315 2736 3416 2806 τῆς
3440 2733 3800 2806 χειροτονίας.

2229 2834 2395 2885 Ὥστε
2444 2831 2731 2903 προσθήκη
2784 2828 3106 2900 Πνεῦματος
3160 2825 3402 2894 ἐγένετο.
3467 2827 3530 2879 Εἰ
3568 2827 3678 2897 γὰρ
3708 2826 3804 2879 καὶ

2231 2928 2462 2998 πλήρεις
2487 2924 2805 2994 Πνεύματος
2845 2918 2988 2994 ἦσαν
3024 2918 3134 2993 πρὸ
3157 2920 3372 2986 τούτου,
3397 2919 3535 2975 ἀλλὰ
3568 2918 3664 2973 τοῦ
3697 2919 3805 2973 ἀπὸ

2232 3020 2324 3074 τοῦ
2346 3018 2576 3090 λουτροῦ
2600 3017 2862 3088 δηλονότι.

2302 3198 2611 3266 Λιϐερτῖνοι
2645 3237 2659 3259 ,
2698 3196 2747 3249 οἱ
2777 3193 2886 3248 τῶν
2919 3193 3205 3264 Ῥωμαίων
3234 3191 3591 3261 ἀπελεύθεροι
3623 3189 3811 3258 λέγον-

2230 3306 2342 3345 ται.
2384 3290 2588 3361 ᾫκουν
2613 3289 2669 3342 δὲ
2702 3290 2820 3341 ἐκεῖ
2853 3289 2946 3341 καὶ
2985 3287 3138 3341 ἄλλοι
3178 3283 3362 3339 πολλοὶ
3397 3286 3537 3351 ξένοι
3565 3281 3625 3346 ἐξ
3647 3281 3809 3334 ἀλλο-

2231 3380 2418 3435 δαπῶν
2457 3380 2694 3443 πόλεων,
2730 3379 2829 3432 καὶ
2859 3378 3184 3447 συναγωγὰς
3228 3372 3375 3448 εἶχον
3423 3374 3549 3430 ἔνθα
3582 3372 3687 3428 εδει
3713 3373 3812 3427 τὸν

2234 3473 2398 3544 νόμον
2422 3471 2919 3542 ἀναγινώσκεσθαι.

2829 3558 3219 3612 KEIMENON.

2310 3652 2418 3704 Kal
2446 3652 2547 3705 οὐκ
2573 3648 2774 3704 ἔδωκεν
2824 3650 2972 3720 αὐτῷ
3000 3650 3367 3721 κληρονομίαν
3400 3650 3458 3702 ἐν
3512 3646 3647 3726 αὐτῇ
3686 3647 3813 3703 οἶδὲ

2239 3742 2392 3813 βῆμα
2417 3741 2595 3805 ποδός.
2616 3739 2730 3795 Καὶ
2755 3737 3125 3810 ἐπηγγείλατο
3148 3740 3332 3796 δοῦναι
3360 3739 3508 3812 αὐτῷ
3533 3742 3613 3804 είς
3645 3741 3817 3795 κατά-

2240 3851 2426 3905 σχεσιν
2467 3834 2662 3905 αὐτὴν,
2695 3835 2792 3888 καὶ
2834 3834 2914 3905 τῷ
2950 3834 3231 3905 σπέρματι
3274 3831 3439 3887 αὑτοῦ
3474 3834 3590 3902 μετ’
3621 3832 3813 3895 αὑτὸν,

2236 3929 2337 3981 οὐκ
2363 3927 2515 3990 ὸντος
2543 3924 2695 3996 αὐτῷ
2724 3925 2939 3999 τέκνου.

2837 4016 3221 4071 ΕΡΜΗΝΕΙᾹ.

2310 4107 2410 4161 Διὰ
2437 4107 2490 4163 τί
2523 4108 2552 4162 ὁ
2579 4106 2712 4172 Θεὸς
2736 4108 3205 4178 ἐπαγγειλάμενος
3247 4107 3326 4177 τῷ
3354 4106 3604 4177 Ἀϐραὰμ
3628 4104 3817 4159 δοῦναι

2240 4203 2339 4272 τὴν
2358 4202 2464 4270 γῆν
2487 4203 2586 4270 τῆς
2616 4202 2988 4272 Παλαιστίνης
3013 4203 3093 4264 είς
3122 4200 3473 4271 κατάσχεσιν,
3494 4202 3616 4255 οὐδὲ
3656 4202 3722 4272 βῆ
3733 4218 3816 4271 μοι

2243 4295 2402 4357 ποδὸς
2415 4292 2646 4346 δέδωκεν
2673 4294 2731 4347 ἐν
2758 4294 2895 4363 αὐτῇ
2918 4311 2932 4360 ;
2959 4292 3181 4364 Ἐπειδὴ
3212 4294 3331 4363 μετ’
3356 4294 3537 4361 ὀλίγον
3555 4293 3820 4348 ἀναλύειν

566 4376 733 4446 paulo
770 4385 888 4445 post
933 4376 1339 4443 dissolvendus,
1379 4394 1474 4434 seu
1510 4396 1577 4435 ex
1606 4380 1710 4435 liae
1734 4380 1846 4435 vita
1877 4383 2126 4451 migratu-

2247 4385 2476 4455 μέλλων,
2515 4384 2632 4448 πῶς
2680 4386 2934 4455 κατέχειν
2960 4380 3230 4456 ἠδύνατος
3269 4384 3514 4449 Σώζεται
3548 4385 3656 4455 ἄρα
3682 4387 3822 4458 κλη-

566 4481 664 4522 rus
699 4475 867 4531 esset,
918 4469 1200 4538 possidere
1251 4485 1371 4525 eam
1405 4471 1494 4525 diu
1532 4486 1640 4526 non
1695 4480 1930 4541 poterat.
1975 4470 2126 4525 Salva

2248 4453 2471 4543 ρονομία
2504 4475 2584 4542 τῷ
2639 4453 2895 4544 Ἀϐραάμ
2922 4453 3011 4527 διά
3053 4474 3146 4527 τοῦ
3178 4476 3494 4546 σπέρματος
3526 4453 3717 4542 αὐτοῦ,
3756 4453 3823 4541 Ei;

568 4558 738 4628 igitur
768 4560 1084 4614 Abrahamo
1131 4568 1215 4618 est
1249 4562 1543 4618 haereditas
1574 4577 1672 4632 per
1704 4578 1890 4619 semen
1944 4563 2142 4633 ipsius,

2243 4567 2359 4618 ἐστι
2382 4565 2639 4638 Χριστὸς,
2667 4568 2698 4635 ἡ
2731 4565 2845 4620 ἄνω
2886 4566 3268 4637 Ἰερουσαλὴμ,
3301 4568 3390 4620 ὅτε
3420 4569 3515 4621 καὶ
3543 4567 3824 4640 συμϐασι-

568 4651 716 4720 quod
747 4660 833 4706 est
868 4648 1160 4721 Christus;
1196 4662 1389 4723 estque
1431 4654 1521 4707 illa
1552 4690 1569 4720 ,
1606 4673 1625 4706 ι
1655 4670 1776 4724 quae
1818 4670 2037 4711 sursum
2062 4672 2121 4711 es

2243 4656 2528 4710 λεύσουσιν
2561 4657 2710 4727 αὐτῴ
2736 4658 2783 4709 οἱ
2813 4656 2981 4724 ἅγιοι,
3013 4658 3142 4712 ὅταν
3190 4658 3324 4730 ἔλθῃ
3363 4658 3422 4712 ἐν
3455 4661 3522 4730 τῇ
3560 4659 3690 4732 δόξῃ
3718 4661 3820 4714 τοῦ

566 4740 873 4799 Jerusalem
912 4744 957 4776 ³³
985 4763 1005 4797 ι
1048 4745 1137 4800 ubi
1162 4746 1326 4801 simul
1359 4761 1481 4799 cum
1512 4760 1578 4800 eo
1608 4747 1918 4817 regnabunt
1945 4749 2145 4813 sancti,

571 4834 793 4904 quando
842 4837 1022 4892 veniet
1057 4837 1110 4892 in
1140 4838 1310 4908 gloria
1342 4821 1525 4892 Patris
1571 4839 1678 4904 sui,
1726 4848 2058 4908 regnaturus
2093 4841 2145 4894 in

570 4940 763 4981 omnes
796 4935 985 4996 gentes
1018 4943 1140 5000 quae
1174 4945 1272 5001 per
1311 4928 1472 4986 fidem
1507 4928 1805 4986 Abrahami
1833 4931 2147 5001 justifieatae

576 5015 799 5072 fuerint.

1207 5108 1509 5171 TEXTUS.

650 5202 737 5269 Vl,
765 5202 901 5271 6,7.
938 5203 1182 5262 Locutus
1227 5219 1313 5262 est
1342 5221 1523 5264 autem
1570 5210 1620 5265 ei
1680 5207 1844 5273 Deus,
1888 5207 2018 5280 quia
2042 5208 2150 5265 erit

576 5310 761 5350 semen
788 5297 906 5365 ejus
926 5299 1111 5355 accola
1153 5300 1208 5354 in
1240 5308 1390 5355 terra
1438 5301 1615 5357 aliena
1640 5342 1654 5366 ,
1683 5311 1740 5356 et
1769 5301 2022 5356 servituti
2051 5316 2148 5357 eos

578 5384 895 5452 subjicient,
932 5395 987 5442 et
1029 5389 1170 5445 male
1196 5391 1510 5447 tractabunt
1535 5407 1633 5448 eos
1672 5393 1834 5446 annis
1882 5391 2150 5461 quadrin-

579 5477 799 5544 gentis;
858 5488 913 5534 et
949 5487 1164 5549 gentem
1216 5484 1306 5538 cui
1367 5485 1662 5540 servierint
1707 5484 1968 5555 judicabo
2027 5498 2146 5547 eos,

584 5566 723 5618 dixit
750 5567 1030 5634 Dominus,
1061 5578 1118 5626 et
1162 5581 1291 5642 post
1349 5574 1462 5630 haec
1511 5575 1736 5630 exibunt
1768 5581 1862 5640 ,et
1911 5573 2150 5629 servient

582 5655 714 5709 mihi
767 5655 820 5709 in
851 5659 969 5713 loco
1001 5661 1128 5717 isto.

663 5766 708 5799 ⁸³
748 5766 924 5824 Calai.
953 5788 1028 5840 tv,
1058 5772 1153 5834 26.

2245 4748 2460 4817 Πατρὸς
2486 4746 2654 4800 αὐτοῦ
2672 4786 2686 4808 ,
2738 4748 2956 4801 πάντων
2984 4746 3095 4800 τῶν
3125 4747 3296 4802 ἐθνῶν
3324 4748 3413 4803 διὰ
3444 4750 3681 4814 πίστεως
3726 4750 3824 4805 Ἀ-

2248 4839 2438 4908 6ραὰμ
2461 4838 2867 4892 δικαιωθέντων
2895 4839 3331 4909 συμϐασιλεύων.

2834 5102 3225 5157 KEIMENON.

2331 5197 2596 5266 Ἐλάλησε
2630 5196 2688 5250 δὲ
2717 5196 2890 5259 οὕτως
2921 5197 2948 5249 ὸ
2973 5196 3127 5259 Θεὸς,
3173 5197 3255 5249 ὅτι
3293 5195 3485 5249 Ἔσται
3511 5195 3570 5248 τὸ
3597 5196 3823 5266 σπέρμα

2250 5293 2416 5347 αὐτοῦ
2455 5291 2722 5361 πάροικον
2770 5291 2826 5342 ἐν
2883 5290 2952 5357 γῇ
3001 5287 3279 5360 ἀλλοτρίᾳ,
3323 5289 3419 5340 καὶ
3461 5286 3827 5340 δουλώσουσιν

2249 5386 2380 5440 αὐτὸ
2409 5385 2503 5437 καὶ
2525 5380 2869 5436 κακώσουσιν
2903 5380 3002 5449 ἔτη
3044 5380 3396 5448 τετρακόσια.
3427 5379 3535 5431 Καὶ
3555 5380 3617 5432 τὸ
3644 5379 3825 5444 ἔθνος,

2250 5474 2294 5547 ᾧ
2338 5479 2433 5531 ἐὰν
2479 5475 2830 5535 δουλεύσουσι,
2875 5472 3047 5542 κρινῶ
3084 5472 3216 5540 ἐγὼ,
3251 5467 3406 5524 εἶπεν
3436 5472 3481 5527 ,ὁ
3511 5472 3642 5534 Θεὸς
3666 5486 3679 5499 ·
3728 5475 3828 5525 καὶ

2256 5572 2393 5641 μετὰ
2425 5568 2598 5622 ταῦτα
2653 5565 3030 5632 ἐξελεύσονται
3104 5567 3197 5618 καὶ
3244 5563 3603 5635 λατρεύσουσί
3643 5581 3732 5633 μοι
3767 5569 3829 5617 ἐν

2254 5661 2331 5715 τῶ
2354 5662 2501 5729 τόπῳ
2528 5660 2728 5726 τούτῳ.
