4082 6412
472 450 580 523 9θῖ

1410 451 1999 512 THEOPHYLACTI
2032 451 2444 513 BULGARl/E
2485 455 2683 515 A‘RCH
2700 453 2864 515 lEP.'

3632 455 3739 520 908

477 589 540 629 ex
577 567 847 626 Chaldwis
878 565 1145 622 oriundus
1174 573 1289 621 erat
1317 581 1330 616 :
1373 565 1644 621 Chaldaeis
1679 572 1861 621 autem
1888 566 2042 636 juxta

2170 567 2392 641 Επειδὴ,
2443 569 2607 639 φησὶν
2638 570 2704 637 ³⁷,
2767 571 2796 622 δ
2831 566 3084 638 Ἀϐραὰμ
3172 568 3237 620 ἐκ
3308 566 3411 636 γῆς
3460 563 3747 619 Χαλδαίων

480 663 686 735 patrios
721 658 966 730 ipsorqu
996 673 1178 713 mores
1206 657 1537 727 permissum
1569 664 1689 713 erat
1740 656 2051 729 (quemad-

475 755 698 811 modum
730 755 895 809 etiam
923 752 1107 809 Persis
1128 766 1191 807 ac
1223 751 1416 822 Medis)
1454 753 1725 809 matribus
1759 760 1814 808 et
1845 751 2050 808 sorori-

478 849 583 906 bus
639 846 993 903 matrimonio
1042 844 1385 901 commisceri
1420 862 1434 898 :
1467 845 1537 900 ob
1588 845 1730 900 hanc
1782 845 2054 900 rationem

478 937 825 994 circumcidit
869 951 1090 991 carnem
1145 935 1423 1004 praeputii,
1484 935 1652 991 veluti
1715 952 1812 1007 per
1859 937 1965 994 hoc
2022 956 2054 995 ιι

479 1030 665 1084 carnis
687 1026 1098 1082 necessitudine
1130 1040 1190 1080 se
1220 1026 1504 1094 abdicans,
1539 1034 1594 1082 et
1634 1027 1857 1084 illicitas
1889 1029 2057 1084 abne-

478 1138 614 1195 gans
643 1120 986 1194 cognationis
1014 1135 1127 1175 sua1
1153 1120 1394 1190 nuptias.
1421 1120 1528 1174 Alii
1556 1128 1736 1177 autem
1768 1121 1941 1189 aiunt,
1974 1122 2057 1178 id-

477 1216 626 1270 circo
642 1213 974 1277 Abrahamo,
991 1212 1222 1282 ejusque
1237 1213 1470 1283 posteris
1499 1211 1880 1269 demandatam
1895 1214 2059 1286 224

476 1320 599 1362 csse
629 1303 1136 1369 circumcisionem,
1178 1314 1239 1359 ut
1284 1302 1636 1360 manifestum
1674 1306 1865 1372 fieret,
1892 1320 1956 1362 ex
1990 1307 2059 1361 iis

476 1399 748 1452 oriturum
780 1409 907 1452 esse
940 1395 1224 1453 Christum
1273 1396 1576 1452 secundum
1606 1412 1829 1452 carnem
1869 1412 1884 1450 :
1917 1411 2057 1467 quo-

477 1488 628 1542 circa
684 1494 740 1542 ct
799 1486 917 1556 ipse
976 1486 1300 1542 circumcidi
1351 1485 1543 1550 voluit,
1567 1493 1624 1541 et
1648 1485 2061 1541 circumcisioni

481 1576 642 1630 finem
672 1575 951 1646 imposuit.
984 1574 1125 1631 Sunt
1153 1584 1209 1631 et
1237 1576 1330 1646 qui
1360 1575 1567 1642 dicant,
1623 1575 1772 1646 quod
1807 1575 2063 1629 circum-

480 1671 619 1726 cislo
651 1671 705 1724 in
739 1684 906 1725 carne
939 1671 1117 1740 typicc
1156 1668 1288 1722 olim
1321 1666 1466 1722 facta
1490 1708 1506 1735 ,
1539 1666 1719 1740 imago
1741 1675 1888 1723 esset
1913 1666 2062 1722 salu-

482 1762 617 1817 taris
676 1760 1080 1832 baptismatis;
1135 1758 1336 1830 quippe
1403 1774 1524 1828 quae
1579 1774 1677 1829 per
1713 1758 2063 1829 rejectionem

489 1855 738 1925 praeputii
796 1851 1216 1923 abnegationem
1289 1851 1634 1922 significabat
1692 1851 2065 1923 generationis

2157 659 2369 731 ἀπῆρε’
2422 658 2711 723 Χαλδαίοις
2754 657 2810 710 δὲ
2864 657 3232 724 ἐπιτέτραπτο
3285 654 3429 708 κατά
3504 652 3572 708 τὰ
3643 659 3749 706 πάι

2159 768 2288 823 τρια
2344 751 2525 805 αὐτῶν
2587 748 2715 820 ἔθνη
2776 748 2843 812 ³⁸,
2864 747 2989 803 καθ’
3022 747 3060 802 ἃ
3099 747 3163 818 δὴ
3219 745 3315 801 καὶ
3367 745 3607 815 Πέρσαις
3652 741 3748 796 καὶ

2159 843 2387 914 Μήδοις,
2417 842 2660 913 μητράσι
2685 842 2780 894 καὶ
2796 840 3054 908 ἀδελφαῖς
3072 837 3471 905 ἐπιμίγνυσθαι
3494 852 3507 866 ·
3536 833 3747 904 ταύτης

2160 935 2323 990 ἕνεκα
2360 936 2459 1004 τῆς
2483 934 2661 996 αἰτίας
2691 931 3078 1003 περιτέμνεται
3118 930 3217 1000 τὴν
3246 928 3426 998 σάρκα
3453 926 3555 996 τῆς
3577 926 3746 997 ἀκρο-

2162 1027 2389 1089 ϐυστίας
2422 1064 2438 1092 ,
2488 1027 2554 1095 τῇ
2615 1023 2910 1093 οἰκειότητι
2958 1022 3058 1092 τῆς
3116 1020 3318 1092 σαρκὸς
3372 1018 3747 1089 ἀποταττὸμε-

2165 1123 2387 1186 νος,κα“ι
2414 1119 2540 1181 τοὺς
2559 1117 2660 1186 τῆς
2690 1116 3010 1185 συγγενείας
3040 1113 3315 1183 ἀθεμίτως
3335 1112 3399 1185 [ι’.
3425 1110 3742 1183 ἀθεμίτους]

2164 1209 2505 1282 ἀρνούμενος
2533 1210 2772 1279 γάμους.
2810 1206 2996 1260 Ἄλλοι
3022 1205 3079 1258 δέ
3101 1221 3289 1275 φασιν,
3322 1202 3455 1276 [ὅτι]
3478 1202 3565 1256 διὰ
3584 1193 3745 1254 τοῦτο

2166 1301 2576 1375 προστετάχθαι
2608 1300 2686 1370 τῷ
2712 1299 2968 1370 Ἀϐραὰμ
3025 1298 3121 1352 καὶ
3149 1299 3261 1360 τοῖς
3309 1297 3370 1360 ἐξ
3413 1293 3582 1348 αὑτοῦ
3651 1293 3750 1364 τὴν

2167 1396 2501 1466 περιτομὴν,
2530 1391 2617 1445 ἵνα
2649 1388 2808 1460 δῆλον
2832 1388 2944 1458 εἴη,
2966 1388 3043 1451 ὡς
3070 1389 3129 1455 ἐξ
3149 1386 3329 1440 αὐτῶν
3351 1385 3509 1440 ἐσται
3540 1386 3569 1438 ὁ
3612 1384 3749 1451 Χρι·

2170 1488 2295 1552 στὸς
2326 1487 2386 1538 τὸ
2424 1484 2568 1540 κατά
2622 1482 2804 1555 σάρκα
2836 1498 2851 1514 ⁶
2897 1480 2979 1535 διὸ
3030 1481 3126 1534 καὶ
3175 1478 3342 1541 αὐτὸς
3393 1475 3741 1547 τῖεριετμήθη

2168 1580 2264 1634 καὶ
2316 1578 2469 1642 τέλος
2502 1576 2687 1647 ,ἔδωκε
2740 1576 2807 1647 τῇ
2857 1573 3155 1644 περιτομῇ.
3221 1568 3404 1624 ’Ἄλλοι
3459 1569 3516 1621 δέ
3585 1582 3751 1635 φασιν

2171 1673 2255 1726 ὅτι
2309 1672 2341 1743 ἡ
2389 1672 2446 1723 ἐν
2508 1667 2673 1740 σαρκὶ
2734 1665 3027 1738 περιτομὴ,
3075 1663 3322 1725 τυπικῶς
3364 1658 3625 1730 γινομένη
3685 1656 3749 1709 τδ

2171 1762 2423 1828 παλαιὸν,
2450 1761 2637 1813 εἰκόνα
2671 1759 2859 1827 ἐπεῖχε
2897 1754 2994 1808 τοῦ
3041 1752 3312 1824 σωτηρίου
3345 1748 3748 1821 βαπτίσματος,

2171 1858 2262 1911 διὰ
2305 1855 2403 1925 τῆς
2448 1850 2723 1921 ἀποϐολῆς
2763 1848 2862 1920 τῆς
2921 1843 3321 1918 ἀκροϐυστίας,
3369 1841 3470 1912 τὴν
3524 1839 3753 1909 ἄρνησιν

483 1944 787 2001 secundum
833 1958 1080 2007 carnem,
1126 1950 1182 1998 et
1229 1957 1327 1999 eos
1370 1943 1464 2013 qui
1510 1941 2063 2007 circumcidebantur,

2177 1944 2415 2016 δηλοῦσα
2463 1942 2562 2009 τῆς
2616 1939 2759 1993 κατά
2789 1938 2969 2009 σάρκα
2995 1935 3285 2005 γενέσεως,
3318 1936 3411 1986 καὶ
3436 1930 3584 1991 υἱοὺς
3610 1925 3748 1980 Θεοῦ

483 2038 622 2094 lilios
649 2038 740 2094 Dei
759 2037 1146 2093 constituebat.
1190 2033 1408 2091 Primus
1436 2035 1620 2106 itaque
1652 2035 1877 2091 lsaacus
1912 2046 2065 2090 octa-

484 2146 548 2185 νει
579 2130 944 2188 circumcisus
969 2139 1056 2188 est
1090 2130 1179 2187 die
1206 2147 1221 2198 ;
1273 2128 1419 2185 unde
1448 2140 1505 2185 ct
1545 2125 1718 2185 Judaei
1748 2126 1939 2183 eodem
1975 2127 2066 2183 die

483 2222 977 2280 circumciduntur.

1078 2360 1427 2447 ⁵τεχτυε.

556 2476 674 2533 Vll.
718 2477 904 2532 19-25.
932 2475 1035 2532 llic
1085 2476 1525 2532 circumveniens
1570 2490 1740 2546 genus
1782 2485 2063 2542 nostrum,

487 2568 675 2623 afﬂixit
708 2578 891 2637 patres
916 2578 1155 2636 nostros,
1184 2576 1244 2622 ut
1272 2576 1611 2637 exponerent
1640 2566 1878 2624 infantes
1909 2584 2065 2636 suos,

487 2675 557 2716 ne
590 2658 1023 2716 viriticareutur.
1054 2658 1255 2715 Eodem
1279 2670 1523 2730 tempore
1547 2667 1710 2714 natus
1726 2668 1810 2713 est
1826 2657 2064 2730 Moyses,

487 2759 542 2807 et
561 2751 949 2823 fuitjucundus
970 2752 1080 2808 Deo
1097 2753 1143 2784 ³⁸
1158 2769 1183 2820 ς
1203 2752 1550 2822 quinutritus
1566 2761 1647 2806 cst
1665 2752 1839 2808 tribus
1857 2751 2066 2807 mensi-

488 2845 590 2901 bus
620 2844 677 2899 in
706 2845 870 2900 domo
882 2845 1058 2916 patris
1089 2844 1198 2900 sui.
1226 2843 1489 2915 Exposito
1526 2853 1705 2899 autem
1733 2844 1852 2907 illo,
1877 2851 2061 2899 sustu-

455 2936 549 2992 ‘tit
599 2952 723 2991 eum
785 2936 893 2992 [ilia
951 2936 1285 3003 Pharaonis,
1329 2944 1384 2989 et
1432 2936 1659 2993 nutrivit
1704 2950 1830 2990 eum
1869 2935 1971 2991 sibi
2007 2935 2062 2989 in

490 3026 682 3083 filium.
741 3026 809 3081 Et
868 3027 1120 3084 eruditus
1178 3034 1262 3082 est
1317 3025 1530 3100 Moyses
1581 3027 1729 3081 omni
1794 3024 2062 3095 sapientia

489 3116 896 3189 Egyptiorum,
932 3125 986 3172 et
1027 3123 1146 3172 erat
1173 3127 1365 3187 potens
1399 3117 1451 3170 in
1495 3116 1675 3170 verbis
1703 3123 1760 3171 et
1788 3116 1841 3169 in
1881 3115 2064 3185 operi-

493 3215 596 3271 hus
644 3216 780 3269 suis.
835 3211 971 3267 Cum
1033 3219 1213 3266 autem
1269 3210 1582 3280 impleretur
1624 3209 1672 3264 ei
1704 3209 2065 3280 quadraginta

2181 2035 2405 2090 ποιοῦσα
2454 2034 2581 2096 τοὺς
2622 2029 3137 2103 περιτεμνομένους.
3184 2026 3274 2079 Ἐν
3318 2022 3554 2094 πρώτοις
3582 2015 3675 2072 οὖν
3723 2018 3753 2068 ὁ

2187 2128 2374 2181 ἰσαάκ
2436 2125 2503 2195 τῇ
2543 2120 2704 2193 ὀγδόῃ
2773 2119 3158 2190 περιτέμνεται
3211 2113 3393 2186 ἡμέρᾳ
3427 2108 3593 2165 ’ὅθεν
3656 2105 3753 2159 καὶ

2176 2224 2225 2276 οἱ
2253 2219 2520 2272 Ἰουδαῖοι.

2760 2347 3150 2403 ΚΕΙΜΕΝΟΝ.

2246 2475 2414 2544 Οῦτος
2452 2472 2962 2543 κατασοφισάμενος
2995 2465 3056 2518 τὸ
3083 2464 3240 2532 γένος
3287 2455 3469 2528 ἡμῶν,
3500 2452 3751 2508 ἐκάκωσε

2175 2578 2298 2638 τοὺς
2340 2572 2581 2640 πατέρας
2628 2565 2787 2638 ἡμῶν
2834 2560 2927 2615 τοῦ
2982 2558 3155 2611 ποιεῖν
3213 2549 3409 2640 ἔκθετα
3447 2544 3752 2640 «stuppam

2175 2634 2382 2729 αὑτων,
2415 2634 2496 2725 είς
2524 2660 2582 2714 τὸ
2715 2649 3119 2720 ζωογονεῖσθαι.
3148 2644 3238 2698 Ἐν
3292 2634 3337 2712 ᾧ
3384 2638 3561 2710 καιρῷ
3592 2638 3753 2729 ἐγεν-

2174 2736 2314 2829 νήθη
2339 2728 2722 2823 Μωῦσῆς,ῗκαὶ
2762 2743 2831 2816 ἦν
2860 2744 3072 2804 ἀστεῖος
3100 2738 3180 2809 τῷ
3213 2732 3438 2804 Θεῷ,ὃς
3452 2728 3751 2829 ﬂavas—pa“

2179 2823 2355 2926 ui'jva;
2388 2849 2538 2918 τρεῖς
2564 2846 2622 2898 ἐν
2644 2841 2722 2912 τῷ
2754 2841 2891 2910 οἴκῳ
2914 2835 3010 2890 τοῦ
3058 2831 3264 2902 πατρὸς
3301 2824 3505 2926 αὐτοῦ.
3562 2823 3753 2926 Ἐξκτε-

2176 2912 2347 3003 θέντα.
2366 2912 2607 2996 δὲ-αύτδν
2660 2933 2906 2991 ἀνείλετο
2932 2931 2964 3001 ή
2997 2926 3248 2996 θυγάτηρ
3292 2916 3512 2990 Φαραὼ,
3536 2914 3632 2969 καὶ
3654 2912 3754 2965 ἀν-

2175 3038 2445 3109 εθρέψατο
2461 3030 2624 3087 αὐτὸν
2648 3028 2814 3096 ἑαυτῇ
2842 3025 2921 3088 είς
2960 3020 3097 3109 υἱόν.
3136 3017 3245 3070 Καὶ
3275 3006 3721 3109 ἐπαιδεύθηίίίωῦ
3740 3032 3752 3043 -

2177 3098 2277 3202 σῆς
2309 3098 2461 3199 πάσῃ
2480 3122 2645 3194 σοφία
2664 3115 2979 3187 Αἰγυπτίων
3010 3127 3024 3143 ’
3058 3105 3127 3182 ἦν
3156 3109 3212 3162 δὲ
3251 3103 3477 3164 δυνατὸς
3492 3102 3547 3152 ἐν
3570 3098 3753 3164 λόγοις

2175 3197 2270 3278 καὶ
2288 3197 2493 3291 ἔργοις.
2523 3215 2612 3278 Ὠς
2651 3211 2710 3264 δὲ
2761 3204 3068 3277 ἐπληροῦτο
3113 3197 3262 3291 αὐτῷ
3309 3204 3751 3291 τε-σσαρακονταο

491 3321 760 3363 annorum
795 3301 1032 3377 tempus,
1067 3303 1312 3358 ascendit
1358 3303 1412 3356 in
1457 3317 1552 3357 cor
1580 3300 1699 3373 ejus
1733 3312 1794 3357 ut
1823 3303 2063 3357 visitaret

2170 3312 2298 3382 ετὴς
2320 3278 2541 3381 ’χρόνοω
2569 3302 2738 3372 ἀνέϐη
2766 3300 2859 3353 ἐπὶ
2909 3296 3007 3368 τὴν
3043 3290 3271 3363 καρδίαν
3321 3284 3487 3382 αὐτοῦ
3524 3278 3753 3382 ἐπισκέ-

491 3399 689 3456 fratres
710 3413 842 3457 suos
868 3396 1010 3454 filios
1035 3394 1223 3453 Israel.

1001 3507 1575 3566 COMMENTARIUS.

568 3642 590 3679 ι
622 3623 1091 3690 Circumveniens,
1128 3640 1148 3675 ι
1189 3622 1294 3677 hoc
1325 3632 1430 3686 est.
1463 3622 1780 3694 sophismis,
1816 3638 1917 3678 seu
1952 3638 2071 3678 ver-

494 3719 635 3775 sutis
678 3716 1003 3772 commentis
1050 3730 1147 3771 eos
1185 3714 1454 3786 subjicere
1500 3726 1774 3785 satagens.
1841 3715 2073 3786 SOphis-

493 3825 617 3867 mus
674 3809 818 3865 enim
875 3816 962 3864 est
1011 3808 1305 3863 violedtuut
1359 3818 1776 3863 commentum:
1825 3807 2070 3879 adeoque

494 3905 596 3959 ista
632 3903 849 3973 phrasis
879 3901 981 3956 hoc
1024 3900 1146 3955 loco
1186 3899 1330 3954 idem
1375 3899 1689 3970 signiﬁcat,
1731 3913 1797 3953 ac
1837 3901 2071 3955 violente

495 3996 605 4048 illis
657 3995 957 4064 imponere.
1010 3993 1193 4058 Quare
1257 3992 1422 4046 etiam
1499 3990 1827 4061 impostores
1871 3990 2071 4061 Sophi-

436 4143 445 4152 ,
492 4096 608 4142 stas
644 4095 864 4151 vocant,
906 4082 1055 4154 quod
1103 4083 1383 4139 veritatem
1422 4081 1616 4136 fraude
1669 4089 1723 4137 et
1761 4082 2072 4152 sophisma-

494 4179 641 4235 tibus
711 4177 1010 4233 occultant.
1067 4175 1146 4229 Eo
1204 4175 1369 4244 igitur
1426 4182 1667 4243 tempore
1743 4184 1904 4229 natus
1961 4182 2069 4237 est,

493 4271 689 4340 inquit,
720 4268 956 4341 Moyses,
987 4274 1043 4321 et
1064 4266 1165 4320 fuit
1190 4264 1490 4336 jucundus,
1505 4266 1610 4321 hoc
1631 4276 1739 4331 est,
1774 4265 1972 4321 cluirus
2005 4280 2070 4320 ac

493 4364 727 4419 dilectus
777 4356 908 4419 Deo:
946 4360 1082 4415 Eum
1114 4368 1297 4415 autem
1334 4359 1642 4429 expositum
1674 4360 1783 4414 lilia
1828 4357 2072 4412 Pharao-

492 4457 580 4511 nis
623 4469 748 4510 cum
824 4452 1165 4519 sustulisset,
1192 4464 1407 4507 omnem
1437 4450 1820 4522 Egyptiorum
1851 4451 2070 4521 sapien-

495 4548 628 4603 tiam
669 4546 908 4604 edocuit.
944 4547 1018 4600 Ex
1048 4560 1162 4619 quo
1204 4552 1372 4616 patet,
1422 4559 1531 4600 non
1568 4544 1792 4599 omnino
1824 4551 2071 4597 contem-

2172 3375 2384 3473 ψαξςθέιῖ
2411 3399 2537 3461 τοὺς
2568 3394 2831 3463 ἀδελφοὺς
2871 3388 3038 3444 αὐτοῦ
3067 3386 3194 3447 τοὺς
3226 3382 3373 3444 υἱοὺς
3399 3375 3641 3448 Ἰσραήλ.

2747 3500 3131 3559 EPMHNEIA.

2241 3625 2506 3683 Τουτέστι
2536 3618 2865 3689 πανούργοις
2910 3611 3176 3672 ἐπινοίαις
3222 3606 3403 3661 αὐτῶν
3461 3598 3748 3674 περιγενέ-

2174 3720 2298 3774 σθαι
2328 3713 2728 3772 ἐσουλεύσαντο
2749 3710 2815 3762 ³⁸.
2848 3703 3119 3775 Σοφισμὸς
3137 3701 3245 3771 γάρ
3274 3700 3390 3752 ἐστι
3414 3693 3750 3768 βεϐιασμένη

2173 3810 2455 3881 ἐξήγησις.
2481 3804 2574 3859 Διὸ
2611 3798 2715 3857 ὧδε
2771 3802 2805 3871 ἡ
2838 3799 3081 3869 ἔμφασις
3136 3793 3311 3861 λέγει,
3363 3789 3440 3859 τῷ
3464 3786 3510 3819 ⁸ο
3546 3783 3751 3881 -βιαίως

2171 3876 2455 3959 ἐπιθέσθαι
2489 3898 2678 3959 αὐτοῖς
2702 3891 2917 3964 δηλοῦν,
2939 3889 3064 3942 ὅθεν
3100 3886 3143 3918 *ί
3179 3885 3274 3937 καὶ
3336 3879 3598 3949 σοφιστὰς
3622 3876 3752 3939 τοὺς

2171 3996 2379 4065 γόητας
2411 3987 2645 4051 καλεῖ⁸²,
2679 3985 2754 4047 ὡς
2777 3980 2840 4035 τὸ
2873 3979 3072 4049 ἀληθὲς
3102 3974 3170 4030 δι’
3199 3972 3416 4065 ἀπάτης
3446 3969 3554 4065 κοιλΔ
3595 3981 3754 4065 σοφι-

2174 4059 2330 4157 σμιῦν
2361 4082 2754 4154 κρύπττοντας.
2784 4073 2876 4127 Ἐν
2908 4069 3056 4140 αὐτῷ
3075 4066 3257 4120 τοίνυν
3286 4062 3364 4157 τῷ
3390 4060 3566 4157 καιρῷ
3592 4059 3753 4126 ἐγεν-

2172 4153 2331 4247 νηθη,
2363 4153 2522 4243 φησί,
2553 4168 2816 4238 Μωῦσῆς,
2843 4165 2939 4219 καὶ
2962 4159 3030 4234 ἦν
3054 4162 3270 4219 ἀστεῖος
3291 4156 3372 4227 τῷ
3401 4153 3544 4247 Θεῷ,
3578 4166 3752 4247 τουτ-

2173 4239 2326 4324 έστιν
2356 4239 2672 4334 εὐάρεστος,
2690 4261 2808 4330 ἦτοι
2838 4253 3113 4325 θεοφιλής.
3136 4248 3461 4304 Ἐκτεοέντα
3499 4244 3557 4297 δέ
3586 4239 3755 4295 αὐτὸν

2173 4364 2206 4432 ἡ
2241 4358 2491 4427 θυγάτηρ
2511 4351 2712 4425 Φαραὼ
2735 4347 3061 4418 ἀνελομένη,
3098 4345 3283 4397 πᾶσαν
3337 4340 3531 4407 σοφίαν
3555 4337 3754 4432 Δίλίγυ-

2173 4426 2346 4505 πτίων
2373 4446 2636 4511 ἐδίδαξεν.
2668 4444 2764 4496 Ἐκ
2780 4440 2967 4495 τούτου
2997 4438 3175 4509 δῆλον,
3199 4434 3275 4499 ὡς
3303 4433 3404 4486 οὐκ
3431 4426 3750 4498 ἀποϐλητέα

2175 4543 2354 4613 πάντη
2383 4542 2554 4605 ἐστὶν,
2592 4538 2627 4608 ἡ
2650 4534 2760 4589 τῶν
2786 4532 2989 4597 ἔξωθεν
3018 4530 3122 4600 τῆς
3161 4527 3388 4597 Γραφῆς
3444 4521 3750 4613 παίδευσις.

493 4642 727 4700 nendam
749 4654 872 4695 esse
896 4610 1179 4711 profanam
1206 4610 1570 4695 eruditionem
1591 4655 1606 4693 :
1625 4636 2063 4706 quandoquidem

2173 4610 2379 4707 Τρόπιρ
2429 4630 2542 4701 γάρ
2579 4626 2859 4698 ἐγκωμίου
2914 4622 3153 4693 εἴρηται,
3202 4618 3280 4680 ὡς
3340 4635 3359 4667 ι
3421 4610 3750 4711 Ἐπαιδεύθη

495 4735 553 4788 in
577 4732 797 4788 modum
818 4702 996 4787 laudis
1021 4730 1230 4785 dictum
1250 4737 1338 4789 est
1363 4745 1379 4784 :
1412 4747 1431 4781 ι
1460 4702 1721 4783 Eruditus
1740 4737 1827 4782 est
1854 4702 2063 4798 bioyses

2172 4702 2414 4797 Μωῦσῆς
2439 4724 2591 4795 πάσῃ
2623 4720 2787 4790 σοφία
2842 4713 3157 4785 Αἰγυπτίων
3184 4725 3199 4740 ο
3226 4728 3247 4762 ι
3299 4708 3394 4762 καὶ
3451 4706 3609 4798 περὶ,
3639 4702 3754 4756 τῶν

496 4825 646 4881 omni
674 4823 941 4893 sapientia
970 4817 1404 4893 Egyptiorum':
1450 4838 1471 4872 ι
1524 4834 1589 4873 ac
1612 4819 1774 4874 etiam
1801 4818 1870 4873 de
1897 4797 2063 4873 tribus

2171 4820 2341 4892 τριῶν
2366 4816 2576 4872 παίδων
2606 4814 2702 4867 καὶ
2731 4808 2951 4879 Δανιὴλ,
2981 4807 3056 4870 ὡς
3079 4824 3098 4858 ι
3144 4799 3515 4872 ’Υπερέϐαλον
3543 4797 3752 4858 πάντας

499 4918 687 4988 pueris
715 4887 772 4972 et
802 4914 1029 4970 Daniele
1048 4887 1134 4969 I
1158 4912 1505 4984 Superahant
1533 4924 1724 4966 onmes
1753 4911 1808 4964 in
1855 4909 2063 4980 sapien-

2171 4887 2230 4968 ἐν
2262 4913 2329 4983 τῇ
2363 4905 2649 4963 Χαλδαίων
2680 4900 2972 4972 φιλοσοφίᾳ
2997 4900 3092 4952 καί
3136 4898 3253 4958 ταῖς
3281 4893 3496 4954 λοιπαῖς
3523 4887 3757 4988 ἐπιστή-

500 4978 575 5068 ἰίει
604 5010 985 5068 Chaldaeorum
1004 5008 1147 5064 etin
1180 4978 1332 5064 omni
1363 5005 1651 5076 disciplina
1678 5005 1747 5059 ³⁸.
1791 5021 1811 5055 ι
1846 4978 2063 5073 Oportet

2175 4978 2327 5073 μαιςξ
2364 5018 2383 5050 ι
2413 4996 2586 5051 Δεῖδέ
2623 4993 2708 5048 ἐπ’
2735 4992 2916 5059 ὀλίγον
2936 4988 3129 5051 αὑταῖς
3187 4984 3500 5055 προσέχειν,
3530 4982 3598 5050 τῇ
3622 4978 3746 5076 Geo.

499 5113 683 5159 autem
721 5103 787 5157 ad
834 5101 1112 5157 modicum
1163 5098 1510 5156 solummodo
1557 5108 1774 5166 tempus
1811 5096 2061 5164 ejusmod

2176 5067 2431 5160 πνεύστῳ
2467 5089 2663 5160 Γραφῇ
2720 5082 3084 5154 ἐμμένοντας.
3142 5075 3281 5131 Οὔτε
3343 5073 3454 5144 γάρ
3498 5067 3752 5166 Μοῦσῇς,

496 5193 804 5267 disciplinis
835 5207 1034 5249 vacare
1069 5207 1185 5258 eos,
1215 5191 1311 5261 qui
1341 5191 1396 5245 in
1436 5190 1619 5246 studio
1644 5164 1816 5246 sacra:
1841 5202 1905 5244 ac
1927 5187 2063 5243 divi-

2179 5187 2305 5243 οὕτε
2334 5188 2384 5242 οἱ
2418 5185 2549 5255 περὶ
2573 5176 2829 5235 Ἁνανίαν
2865 5176 2961 5231 καὶ
2986 5172 3226 5267 Δανιὴλ,Δ
3275 5168 3482 5267 ἔμαθον
3527 5165 3596 5266 ἀν

498 5254 954 5356 nitus-inspirata:
975 5254 1282 5354 Scriptura
1311 5290 1574 5354 perpetuo
1594 5283 1801 5338 haerere
1827 5282 2063 5338 debent:

2179 5279 2341 5348 ξένην
2370 5272 2650 5337 παιδείαν,
2673 5269 2804 5340 εἰμὴ
2831 5268 3047 5337 ἀνάγκῃ
3070 5263 3167 5320 καὶ
3201 5260 3294 5332 βίᾳ
3322 5254 3621 5356 δεσποτὶῦν.
3639 5254 3758 5305 Καὶ

499 5391 625 5431 nam
653 5347 990 5442 nec-Moses,
1013 5347 1193 5447 neq-ue
1220 5347 1452 5440 Anania,
1477 5379 1533 5429 et
1560 5371 1749 5429 Daniel
1775 5371 2061 5445 profanam

2173 5370 2373 5443 γὰρέν
2430 5365 2606 5422 οὐδενὶ
2667 5362 2837 5435 αὐτὴν
2874 5360 3194 5431 κέχρηνται,
3257 5352 3496 5424 είμὴπου
3537 5347 3605 5402 ἀν
3668 5360 3757 5410 τις

572 5574 621 5610 ³⁸
652 5574 826 5634 Exod.
860 5595 924 5643 ιι,
950 5578 1007 5633 2.
1084 5579 1130 5611 ³⁸
1174 5581 1307 5636 Dan.
1338 5593 1417 5644 vr,
1457 5577 1512 5636 3.

1692 5720 1895 5783 Variae
1936 5717 2245 5783 lectiones
2285 5722 2349 5779 et
2388 5720 2581 5779 notae.

570 5871 616 5912 ³⁷
654 5870 743 5927 ῑσ.
775 5869 961 5945 φασίν.
1036 5872 1081 5905 ⁸⁸
1109 5871 1199 5929 ισ.
1228 5871 1347 5944 ἔθη.
1424 5872 1468 5906 ³³
1497 5872 1584 5928 ίσ.
1624 5870 2004 5940 ἐϐουλεύσατο,
2043 5870 2083 5939 ἠ
2116 5868 2551 5942 βουλευσάμενοι.
2629 5864 2677 5899 ⁸⁸
2707 5865 2793 5923 la’.
2827 5865 2909 5922 τό.
2985 5866 3028 5901 ⁶¹
3054 5862 3316 5940 δηλονότι.
3393 5863 3439 5898 ⁴³
3468 5862 3716 5922 καλοῦσι.
