4082 6416
434 477 548 544 909

954 534 957 537 .
1073 476 1613 541 EXPOSITIONIS
1652 480 1735 541 IN
1774 481 1964 541 ACTA
1985 479 2284 542 TEXTUS
2314 482 2588 545 ALTER.
2629 487 2857 548 -CAP.
2892 488 3025 551 VII.

3595 491 3698 557 910

430 596 603 659 είποι,
630 593 714 648 ὅτι
737 592 900 647 καλὸν
929 591 1092 647 αὐτὸν
1113 594 1158 627 ⁸³
1194 593 1409 664 μαθεῖν,
1449 593 1585 663 πρὸς
1625 594 1685 648 τὸ
1717 593 2001 665 ἀνατρέψα

2126 595 2486 651 eruditionem
2553 597 2950 655 addidicisscut
3018 614 3279 671 unquam,
3354 603 3463 659 nisi
3512 605 3580 660 ad
3645 607 3700 661 id

432 684 536 749 τὰς
555 686 780 741 ἐκείνων
808 685 1048 750 ἀπάτας.

2126 687 2473 753 necessitate,
2503 704 2570 743 ac
2606 689 2953 745 dominorum
2975 691 3138 762 225
3173 691 3404 762 imperio
3429 696 3698 766 compulsi

435 779 673 836 fuissent
703 798 719 839 :
767 795 936 850 quare
962 795 1242 851 nunquam
1273 794 1336 834 ea
1367 779 1677 835 eruditione
1714 780 1800 834 usi
1837 786 1965 835 sunt
1993 797 2007 834 :
2046 778 2154 836 nisi
2183 780 2308 851 quis
2334 782 2502 849 dicat,
2526 781 2659 838 utile
2674 781 2810 837 Mosi
2837 782 3006 841 fuisse
3026 799 3146 839 eam
3216 800 3560 858 comparare,
3629 788 3699 843 ad

429 872 812 945 [Egyptiorum
844 886 1063 927 errores
1090 872 1210 938 ejus
1242 871 1496 941 pmsidio
1525 870 1870 927 evertendas.

1032 989 1424 1044 KEIMENON.

501 1100 614 1154 Kal.
656 1099 778 1153 ἰδὼν
804 1118 924 1154 τινα
962 1100 1342 1170 ἀδικούμενον,
1377 1101 1645 1173 ἠμύνατο,
1681 1100 1776 1156 καὶ
1822 1098 2014 1169 suain.

431 1207 525 1242 σεν
584 1190 864 1262 ἐκδίκησιν
937 1190 1017 1261 τῷ
1081 1190 1572 1262 καταπονουμένῳ,
1625 1192 1875 1257 πατὰξας
1921 1191 2014 1244 τὸν

428 1282 748 1350 Αἰγύπτιον.
784 1283 1031 1354 Ἐνόμιζε
1061 1282 1119 1336 δὲ
1160 1284 1404 1337 συνιέναι
1433 1284 1558 1347 τοὺς
1583 1283 1846 1353 ἀδελφοὺς
1907 1284 2012 1337 αὐ-

427 1375 547 1437 τοῦ,
580 1375 662 1428 ὅτι
691 1377 720 1428 6
749 1375 880 1439 Θεὸς
907 1375 995 1429 διὰ
1032 1377 1214 1447 χειρὸς
1244 1377 1413 1431 αὐτοῦ
1443 1376 1659 1430 δίδωσιν
1693 1377 1878 1440 αὐτοῖς
1910 1393 2013 1430 σων

426 1465 625 1536 τηρίαν
651 1482 666 1496 ⁸
689 1468 737 1519 οἱ
759 1466 814 1519 δὲ
838 1467 899 1519 ού
942 1468 1203 1537 συνῆκαν.
1230 1469 1310 1539 Τῇ
1341 1486 1400 1522 τε
1429 1468 1661 1540 ἐπιούσῃ
1714 1466 1871 1538 ὤφθη
1916 1468 2015 1521 αύ-

430 1559 545 1619 τοῖς
570 1558 924 1626 μαχομένοις,
949 1560 1044 1612 καὶ
1076 1559 1377 1630 συνήλασεν
1410 1560 1611 1624 αὐτοὺς
1672 1561 1751 1624 είς
1787 1561 2014 1631 εἰρήνην

428 1646 600 1701 εἰπών
619 1666 634 1681 ι
678 1650 929 1721 Ἄνδρες,
964 1650 1182 1721 ἀδελφοί
1214 1655 1336 1705 ἐστε
1359 1654 1517 1722 ὑμεῖς
1544 1690 1558 1706 .
1592 1652 1680 1706 ἵνα
1705 1653 1757 1706 τί
1779 1653 2013 1708 ἀδικεῖτε

430 1743 697 1813 ἀλλήλους
731 1759 746 1809 ;
782 1743 841 1796 Ὀ
870 1743 926 1796 δὲ
948 1743 1152 1799 ἀδικῶν
1184 1745 1276 1798 τὸν
1310 1746 1558 1815 πλησίον,
1618 1747 1880 1801 ἀπώσατο
1913 1746 2013 1798 αὐ-

427 1833 522 1887 τὸν
552 1833 720 1888 εἰπών
749 1851 764 1864 ·
800 1835 897 1897 Τίς
928 1852 987 1888 σε
1015 1836 1355 1909 κατέστησεν
1372 1839 1612 1910 ἄρχοντα
1632 1840 1724 1891 καὶ
1751 1837 2012 1907 δικαστὴν

428 1923 516 1993 ἐφ’
549 1924 733 1995 ἡμᾶ;;
765 1924 842 1996 μὴ
871 1924 1083 1982 ἀνελεῖν
1116 1944 1184 1992 με
1212 1927 1276 1979 σὺ
1311 1926 1511 1991 θέλεις,
1571 1926 1633 1980 ὃν
1685 1926 1886 1998 τρόπον
1914 1928 2011 1979 ἀν·-

427 2014 569 2076 εῖλες
592 2012 718 2084 χθὲς
744 2014 833 2067 τὸν
867 2015 1197 2085 Αἰγύπτιον;
1236 2017 1443 2085 Ἔφυγε
1469 2017 1524 2070 δὲ
1554 2020 1794 2089 Μωῦσῆς
1823 2020 1881 2071 ὲν
1931 2017 2011 2088 τῷ

424 2105 572 2175 λόγῳ
630 2106 829 2178 τούτῳ,
860 2107 957 2160 καὶ
1003 2108 1223 2176 ἐγένετο
1255 2108 1520 2182 πάροικος
1549 2111 1606 2163 ἐν
1639 2112 1710 2182 γῇ
1758 2109 2007 2180 Μαδιάμ,

423 2192 488 2252 οὗ
515 2199 807 2271 ἐγέννησεν
836 2182 989 2262 υίοὺς
1025 2199 1138 2257 δύο.

998 2395 1382 2450 ΕΡΜΗΝΕΙΛ.

493 2503 700 2559 Ἀνεῖλε
746 2507 988 2577 Μωῦσῆς
1012 2509 1105 2562 τὸν
1134 2508 1455 2578 Δίτύπτιον,
1513 2510 1573 2563 ού
1627 2509 1782 2581 θυμῷ
1839 2510 2009 2578 εἴξας,

426 2598 555 2651 οὐδὲ
582 2598 719 2670 ὀργῇ
748 2599 1013 2669 κινηθεὶς,
1048 2600 1196 2672 ζήλῳ
1224 2602 1304 2657 δέ.
1338 2604 1454 2657 Πᾶν
1487 2603 1567 2668 δὲ,
1594 2603 1624 2656 ὃ
1667 2602 1734 2657 ἂν
1782 2604 2010 2675 γένηται

421 2690 506 2752 είς
531 2687 690 2756 λόγον
725 2689 883 2753 Θεοῦ,
963 2691 1220 2747 εὐσέϐειά
1267 2694 1387 2748 ἐστι
1415 2708 1430 2726 ⁶
1460 2694 1566 2749 κᾶν
1594 2695 1758 2764 φόϐος
1787 2693 1892 2769 “ﬁ
1922 2696 2011 2750 διὰ

421 2779 579 2842 Θεδν,
608 2781 716 2832 (ύκ
749 2779 872 2835 ἐοτι
902 2782 1066 2852 φόϐος
1098 2782 1164 2837 ⁸⁸.
1210 2783 1270 2838 '0
1299 2786 1430 2853 γοῦν
1476 2787 1678 2853 Φινεὲς,
1713 2786 1805 2840 δύο
1828 2789 1885 2842 ἐν
1909 2790 2011 2858 μιᾷ

422 2872 571 2942 χειρὶ
602 2871 893 2940 φονεύσας,
947 2875 1220 2945 ἤκουσενο
1278 2895 1297 2927 ι
1356 2876 1589 2949 Ἀνέστη
1661 2879 1866 2945 Φινεὲς,
1916 2882 2009 2934 καὶ

422 2965 731 3031 ἐξιλάσατο,
767 2967 862 3020 καὶ
898 2968 1172 3022 ἐκόπασεν
1207 2971 1240 3040 ἠ
1275 2969 1527 3041 θραῦσις,
1591 2971 1688 3024 καὶ
1752 2972 2005 3041 ἐλογίσθη

419 3054 570 3124 αὐτῷ
600 3058 680 3119 εἰς
703 3055 1078 3126 δικαιοσύνην.
1126 3077 1146 3110 ι
1173 3058 1450 3129 Διάφορος
1477 3059 1586 3131 γάρ
1616 3061 1651 3130 ή
1683 3059 2006 3131 προαίρεσις

421 3150 630 3221 φονέως
665 3151 763 3204 καὶ
792 3148 1167 3216 εὐσεϐοῦντος,
1201 3151 1306 3204 κᾶν
1360 3150 1420 3204 τὸ
1448 3152 1733 3221 γινόμενον
1770 3152 2008 3220 πρᾶγμα

419 3243 501 3296 ἓν.
528 3243 602 3295 Τὸ
630 3242 812 3296 τοίνυν
846 3241 1156 3314 [γινόμενον
1182 3243 1271 3297 διὰ
1320 3245 1621 3311 Μωῦσέως,
1676 3247 1901 3316 σημεῖον
1936 3239 2009 3314 ἦν

418 3335 504 3387 ὅτι
538 3333 721 3405 μέλλει
754 3336 783 3388 ὁ
805 3333 962 3406 Θεὸς]
994 3336 1330 3402 Αἰγυπτίους
1360 3334 1735 3403 ἀποκτείνειν,
1760 3338 1891 3399 τοῦς
1938 3336 1997 3390 δὲ

418 3423 748 3494 λεγομένους
780 3424 1124 3496 Ἰσραηλίτας
1183 3426 1400 3491 σώζειν.
1449 3427 1560 3480 Καὶ
1606 3422 1709 3482 ὦδε
1771 3427 1870 3498 μὲν
1911 3424 2005 3482 οὖν

417 3516 488 3568 τὰ
510 3516 811 3582 Μωῦσέως,
839 3516 1086 3588 θεωρίας
1139 3517 1197 3571 δὲ
1270 3520 1369 3589 τῆς
1424 3520 1687 3573 ἀνωτάτω
1748 3519 2004 3590 συνθήσει

420 3609 584 3663 πάλιν
609 3611 741 3680 ἡμῖν
766 3612 796 3663 6
824 3609 978 3678 λόγος
1011 3609 1109 3680 τὴν
1132 3611 1450 3681 οἰκονομίαν
1478 3612 1577 3683 τὴν
1615 3612 1711 3665 ἐπὶ
1757 3610 1999 3683 Χριστῷ.

419 3699 612 3771 Εὐρὼν
649 3702 761 3772 γὰρ
786 3705 814 3756 6
845 3702 1035 3773 Σωτὴρ
1057 3703 1241 3775 δεινὴν
1272 3703 1645 3774 ὑπομένοντας
1691 3704 1791 3773 τὴν
1842 3704 2003 3756 πλεο-

418 3794 604 3860 νεξίαν
633 3795 735 3864 τῆς
785 3793 832 3826 “
900 3794 1121 3866 Ἰσραήλ
1177 3795 1447 3866 (ἐπεπήδα
1512 3798 1622 3866 γὰρ
1677 3797 1758 3859 είς
1809 3796 2006 3858 αὐτοὺς

416 3885 608 3958 ὥσπερ
638 3885 941 3958 συντρίϐων
968 3889 996 3941 6
1023 3886 1315 3957 Σατανᾶς),
1373 3888 1627 3958 ἐλεήσας,
1680 3887 2004 3958 ἐλευθεροῦν

420 3979 722 4032 ὲσκόπτετο
745 3979 813 4033 ⁸⁷.
844 3977 1188 4044 Ἀπεκτονὼς
1220 3981 1280 4034 δὲ
1311 3981 1518 4051 τρόπον
1549 3978 1694 4046 τινὰ,
1744 3980 1837 4033 τὸν
1892 3979 2006 4034 ἀδι-

422 4074 537 4126 κεῖν
565 4071 864 4143 ᾑρημένον,
888 4073 1237 4144 κατέκρυψεν
1292 4075 1376 4137 είς
1429 4074 1557 4144 γῆν,
1615 4072 1894 4127 τουτέστιν
1948 4074 2006 4125 ἐν

416 4165 530 4226 τοῖς
560 4163 900 4235 ὑποχθονίοις
937 4165 1278 4219 κατακλείων
1308 4166 1353 4205 4⁸
1387 4167 1469 4229 εἰς
1526 4165 1660 4237 ᾅδην
1709 4163 1800 4217 τὸν
1830 4167 2007 4218 Σατα-

417 4257 519 4309 νᾶν
550 4258 578 4309 ὁ
603 4257 818 4327 Σωτὴρ,
842 4257 1190 4328 δικαιοσύνης
1207 4258 1461 4327 ἐφαίνετο
1493 4257 1800 4330 βραϐευτὴς
1827 4257 1872 4291 ⁴⁹
1892 4259 2006 4320 τοῖς

416 4346 479 4412 ἐξ
529 4345 767 4419 Ἰσραήλ.
829 4348 894 4400 Ol
948 4350 1008 4403 δὲ
1066 4348 1152 4417 ἐφ’
1213 4345 1295 4413 οἷς
1353 4349 1579 4419 ἔμελλον
1639 4350 2004 4420 εὐχαριστεῖν,

418 4434 695 4503 ἔφασκον·
731 4455 751 4489 ι
787 4438 902 4491 Οὐκ
939 4438 1195 4493 ἐκϐάλλει
1226 4437 1295 4492 τὰ
1340 4439 1598 4509 δαιμόνια
1627 4433 1804 4502 οὗτος,
1837 4438 1885 4489 εί
1929 4436 2009 4507 μὴ

419 4530 483 4581 ἐν
503 4528 582 4597 τῷ
610 4527 945 4593 Βεελζεϐοὺλ
971 4531 1195 4602 ἄρχοντι
1230 4530 1341 4586 τῶν
1375 4529 1692 4601 δαιμονίων.
1731 4548 1751 4582 ι
1804 4530 1906 4583 Διά
1926 4546 2006 4582 τοι

392 4680 397 4695 γ
418 4624 582 4675 τοῦτο
610 4622 1087 4695 μεταπεφοίτηκεν
1116 4624 1182 4677 ἐκ
1202 4623 1302 4693 τῆς
1327 4622 1589 4686 ἰουδαίας
1624 4624 1706 4685 είς
1730 4622 1830 4692 τὴν
1850 4621 2010 4675 Γαλι-

417 4713 603 4780 λαίαν,
632 4716 887 4788 καθάπερ
902 4717 1110 4786 Μωσῆς
1144 4716 1349 4787 μετέϐη
1385 4717 1465 4781 είς
1502 4717 1606 4787 γῆν
1631 4714 1881 4787 Μαδιάμ,
1914 4713 2011 4768 καὶ

382 4884 385 4887 _
411 4806 515 4880 τὴν
541 4810 603 4876 ἐξ
645 4808 818 4863 ἐθνῶν
846 4809 1030 4864 ἐκάλει
1053 4810 1406 4880 συναγωγήν.

1052 4987 1437 5042 ΚΕῙΜΕΝΟΝ.

482 5102 598 5157 Καὶ
619 5102 1018 5174 πληρωθέντων
1050 5103 1188 5158 ἐτῶν
1205 5102 1636 5176 τεσσαράκοντα,
1668 5102 1823 5174 ὤφθη
1844 5102 1995 5174 αύτῷ

2791 986 3097 1045 TEXTUS.

2185 1094 2302 1163 VII,
2335 1098 2528 1154 ει-εθ.
2564 1098 2632 1153 Ει
2663 1115 2783 1154 cum
2820 1099 3050 1156 vidisset
3094 1103 3385 1172 quemdam
3436 1105 3692 1175 injuriam

2112 1189 2429 1259 patientem,
2463 1189 2757 1244 vindicavit
2788 1190 2937 1245 illum
2972 1211 2985 1246 :
3018 1200 3071 1247 et
3090 1192 3217 1248 fecit
3235 1195 3492 1250 ultionem
3525 1198 3571 1251 ei
3605 1200 3700 1268 qui

2113 1277 2371 1347 injuriam
2399 1280 2732 1345 sustinebat,
2752 1295 3013 1349 percusso
3036 1280 3315 1353 IEgyptio.
3340 1282 3702 1343 Existimabat

2113 1379 2295 1424 autem
2321 1369 2624 1438 intelligere
2655 1369 2872 1435 fratres,
2905 1372 3162 1441 quoniam
3192 1372 3334 1428 Deus
3354 1391 3448 1444 per
3476 1390 3698 1431 manum

2114 1460 2289 1531 ipsius
2329 1460 2487 1515 daret
2513 1461 2745 1516 salutem
2788 1462 2895 1517 illis
2929 1477 2943 1514 :
2979 1473 3034 1515 at
3058 1462 3135 1516 illi
3159 1479 3266 1517 non
3289 1465 3697 1522 intellexerunt.

2113 1549 2376 1619 Sequenti
2395 1564 2523 1605 vero
2535 1550 2622 1605 die
2638 1551 2888 1621 apparuit
2907 1550 3018 1607 illis
3036 1552 3376 1623 litigantibus
3396 1570 3410 1610 :
3432 1564 3488 1611 et
3508 1571 3701 1612 recon-

2113 1642 2337 1697 ciliabat
2365 1655 2460 1698 eos
2502 1643 2555 1696 in
2585 1656 2740 1712 pace,
2767 1642 2959 1698 dicens
2990 1657 3005 1696 :
3052 1642 3189 1710 Viri,
3226 1644 3422 1700 fratres
3450 1648 3610 1712 estis,
3643 1658 3702 1703 ut

2112 1733 2244 1802 quid
2278 1733 2487 1789 nocetis
2516 1733 2883 1788 alterutrum?
2909 1733 3013 1800 Qui
3048 1742 3228 1791 autem
3254 1736 3509 1806 iniuriam
3537 1739 3704 1793 facie-

2111 1822 2206 1876 bat
2246 1823 2522 1891 proximo,
2565 1822 2767 1892 repulit
2793 1837 2939 1891 eum,
2969 1823 3162 1879 dicens
3189 1842 3204 1880 :
3251 1824 3386 1891 Quis
3417 1835 3470 1881 te
3496 1830 3704 1884 consti-

2111 1915 2216 1967 tuit
2257 1913 2561 1983 principem
2591 1924 2647 1968 et
2672 1913 2915 1982 judicem
2950 1929 3115 1985 super
3149 1932 3249 1972 nos
3274 1918 3298 1970 ἲ
3328 1917 3587 1990 Nunquid
3619 1921 3704 1976 inv

2111 2004 2362 2060 terlicere
2386 2020 2475 2058 me
2511 2012 2569 2058 tu
2595 2005 2699 2067 vis,
2730 2005 3190 2075 quemadmodum
3223 2009 3550 2067 interfecisti
3581 2013 3696 2068 beri

2107 2099 2478 2171 Egyptium?
2525 2096 2686 2169 Fugit
2736 2106 2917 2154 autem
2972 2098 3188 2173 Moyses
3230 2102 3285 2157 in
3324 2102 3493 2159 verbo
3542 2103 3693 2159 isto:

2037 2204 2078 2259 Β
2106 2199 2160 2246 et
2185 2190 2363 2246 factus
2384 2200 2470 2247 est
2494 2190 2702 2246 advena
2732 2192 2786 2247 in
2823 2200 2969 2248 terra
2993 2192 3208 2249 Madian
3235 2233 3252 2261 ,
3293 2194 3388 2251 ubi
3411 2197 3698 2269 generavit

2115 2282 2259 2339 filios
2288 2283 2448 2340 duos.

2644 2394 3194 2454 COMMENTARIUS
3221 2439 3235 2454 .

2185 2505 2465 2567 lnterl'ecit
2490 2511 2665 2566 Moses
2687 2510 3028 2584 IEgyptium,
3049 2527 3162 2569 non
3180 2511 3367 2569 furore
3392 2518 3570 2579 actus,
3601 2514 3697 2569 sed

2114 2604 2251 2658 zelo.
2284 2603 2562 2674 Quidquid
2604 2592 2734 2659 vero
2771 2611 2991 2674 propter
3025 2602 3195 2661 Deum
3240 2605 3319 2669 tit,
3361 2590 3536 2676 pietas
3564 2617 3648 2663 est
3679 2623 3698 2673 ;

2110 2706 2164 2752 et
2189 2688 2374 2752 e'edes'
2394 2707 2616 2768 prepter
2652 2698 2822 2752 Deum
2849 2696 3018 2763 facta,
3042 2697 3223 2771 caedes
3245 2713 3354 2770 non
3384 2706 3487 2754 est.
3515 2698 3699 2765 Quare

2110 2789 2178 2843 de
2200 2787 2453 2855 Phinecs,
2477 2789 2572 2860 qui
2595 2788 2735 2844 duos
2755 2802 2865 2843 uno
2896 2788 3010 2843 ictu
3031 2788 3294 2859 confodit,
3320 2790 3523 2845 dictum
3556 2800 3641 2846 est
3677 2807 3692 2846 :

2114 2900 2133 2933 ι
2152 2882 2398 2938 Surrexit
2411 2881 2641 2937 Phinees
2655 2889 2707 2937 et
2730 2880 2960 2951 placavit
2977 2890 3031 2935 et
3051 2884 3290 2937 cessavit
3305 2883 3619 2953 quassatio;
3641 2893 3696 2937 ct

2109 2982 2315 3043 reputat
2327 2990 2416 3028 um
2430 2984 2512 3029 est
2526 2975 2574 3029 ei
2598 2975 2651 3027 in
2667 2974 2936 3046 justitiam
2951 2975 3016 3027 ³⁷.
3029 2994 3047 3027 ›
3059 2972 3286 3030 Diversa
3301 2974 3445 3029 enim
3464 2974 3697 3029 intentio

2107 3075 2193 3121 est
2223 3065 2530 3131 homicida},
2571 3080 2638 3120 ac
2696 3065 2819 3136 ejus
2862 3067 2955 3137 qui
2985 3065 3206 3137 pietatis
3239 3074 3422 3122 actum
3453 3075 3693 3132 exercet,

2108 3160 2462 3230 quantumvis
2504 3173 2646 3229 opus
2678 3167 2961 3228 peractum
2994 3156 3141 3213 idem
3175 3157 3269 3213 sit.
3316 3154 3473 3222 Quod
3527 3156 3697 3228 igitur

2108 3251 2240 3307 fecit
2266 3253 2354 3308 hic
2395 3251 2598 3315 Moses,
2629 3251 2847 3323 signum
2879 3260 3017 3318 erat,
3047 3250 3161 3321 (l6)
3181 3249 3327 3320 quod
3355 3249 3499 3305 Deus
3525 3250 3693 3322 Aigy-

2108 3344 2253 3413 ptios
2304 3352 2448 3398 esset
2504 3339 2918 3405 interfecturus,
2981 3354 3046 3395 ac
3099 3340 3412 3395 salvaturus
3463 3353 3560 3395 eos
3597 3338 3695 3411 qui

2107 3436 2368 3493 lsraelitae
2403 3436 2771 3507 appellantur.
2824 3433 2891 3488 Et
2928 3433 3148 3504 quidem
3181 3431 3384 3489 factum
3420 3432 3587 3490 Musis
3619 3434 3695 3488 ita

2033 3548 2078 3609 ε
2110 3543 2171 3585 se
2204 3528 2390 3583 habet.
2416 3528 2484 3580 At
2519 3542 2651 3583 vero
2677 3541 2860 3583 sermo
2899 3526 3006 3581 iste
3032 3526 3193 3580 aliam
3225 3526 3386 3582 nobis
3410 3525 3696 3582 sublimis-

2106 3620 2302 3676 simam
2354 3619 2577 3675 exhibet
2634 3617 3052 3688 intelligentiam
3099 3617 3157 3681 in
3210 3619 3543 3683 meonomia,
3587 3633 3685 3674 seu

2103 3709 2512 3780 dispensatione
2549 3707 2778 3764 Christi.
2820 3705 3067 3772 Scilicet,
3103 3722 3227 3761 eum
3281 3710 3579 3779 reperisset
3603 3708 3697 3763 ille

2104 3798 2389 3855 lsraelitas
2414 3796 2568 3867 gravi
2601 3810 2900 3866 oppressos
2928 3796 3158 3851 avaritia
3185 3795 3513 3866 (intraverat
3544 3798 3692 3851 enim

2104 3886 2374 3941 violenter
2420 3886 2475 3940 in
2521 3885 2645 3940 illos
2689 3883 2944 3954 Satanas)
2984 3883 3340 3941 miseratione
3390 3895 3691 3955 permotus.

2107 3981 2340 4036 liberare
2364 3994 2460 4035 cos
2487 3977 2749 4035 decrevit.
2782 3976 2997 4034 Occidit
3029 3978 3197 4049 igitur
3236 3992 3387 4045 eum,
3421 3979 3515 4050 qui
3547 3978 3694 4049 ipsos

2106 4073 2305 4129 laedere
2333 4086 2630 4142 aggressus
2658 4070 2838 4126 fuerat
2869 4086 2884 4136 ;
2938 4071 3296 4140 occisumque
3320 4069 3610 4126 abscondit
3638 4071 3693 4127 in

2110 4175 2310 4228 terra;
2363 4164 2470 4219 hoc
2515 4171 2621 4230 est,
2658 4163 2714 4217 in
2764 4162 3165 4228 subterraneis,
3227 4177 3323 4217 seu
3372 4162 3428 4237 in
3477 4161 3695 4217 inferno

2107 4257 2383 4313 conclusit
2415 4254 2676 4309 Satanam
2712 4255 2964 4310 Salvator
2992 4262 3221 4321 noster;
3262 4253 3498 4325 indeque
3524 4254 3697 4325 justi-

2110 4351 2198 4406 tiae
2221 4351 2509 4405 ductorem
2542 4347 2807 4404 Israelitis
2835 4364 2897 4404 se
2929 4347 3200 4404 exhibuit.
3242 4346 3324 4401 Illi
3358 4356 3541 4401 autem
3570 4362 3695 4401 eum

2110 4441 2318 4509 gratias
2346 4453 2508 4509 agere
2542 4437 2887 4501 debuissent,
2916 4453 2947 4491 c
2978 4445 3171 4492 contra
3199 4436 3457 4491 dicebant
3482 4452 3498 4490 :
3542 4453 3560 4487 ι
3593 4431 3696 4501 Hic

2107 4545 2218 4585 non
2246 4525 2398 4597 ej‘irit
2419 4528 2721 4590 Dzemonia,
2752 4528 2856 4581 nisi
2882 4527 2937 4581 in
2962 4524 3272 4582 Beelzebub
3297 4525 3545 4596 principe
3578 4523 3697 4579 Da:-

2111 4621 2422 4675 moniorum
2455 4619 2522 4673 ³⁸.
2563 4637 2583 4670 ι
2618 4616 2985 4684 Quamobrem
3012 4632 3077 4671 ex
3100 4612 3288 4671 Judata
3320 4616 3376 4670 in
3415 4614 3692 4671 Galilaeam

2110 4709 2474 4765 transmeavit
2528 4706 3037 4779 (quemadmodum
3091 4705 3275 4760 Moses
3344 4704 3583 4775 perrexit
3630 4704 3687 4757 in

2112 4811 2313 4858 terram
2339 4799 2608 4870 Madian),
2658 4814 2753 4855 seu
2782 4814 2850 4854 ex
2870 4795 3177 4854 Gentilibus
3204 4794 3506 4854 Ecelesiam
3534 4810 3692 4853 suam

2017 4909 2073 4971 D
2111 4892 2487 4964 congregavit.

2638 4981 2805 5053 323
2855 4975 3155 5036 TEXTUS.
3360 5050 3365 5053 Α

2169 5100 2288 5167 Vll,
2317 5097 2514 5155 ’ὅθ-32.
2538 5096 2604 5150 Et
2641 5096 2874 5166 expletis
2918 5094 3080 5150 annis
3101 5093 3490 5164 quadraginta,
3520 5106 3690 5163 appa-

408 5196 476 5250 ἐν
505 5196 576 5267 τῇ
605 5196 799 5267 ἐρήμῳ
822 5195 916 5249 τοῦ
970 5195 1131 5267 ὅρους
1171 5196 1303 5249 Σινᾶ
1363 5195 1597 5264 ἄγγελος
1674 5194 1881 5265 Κυρίου
1938 5197 1997 5250 ἐν

2106 5193 2213 5247 ruit
2229 5191 2307 5246 illi
2326 5191 2382 5244 in
2395 5188 2616 5244 deserto
2625 5186 2832 5242 montis
2848 5186 2981 5241 Sina
2999 5186 3227 5256 angelus
3245 5185 3300 5239 in
3317 5185 3442 5255 igne
3457 5183 3690 5251 ﬂamma:

392 5286 576 5358 ’φλογὶ
608 5288 783 5358 πυρὸς
813 5288 1000 5359 βάτου.
1043 5289 1103 5342 ’0
1132 5288 1188 5341 δὲ
1214 5289 1458 5359 Μωῦσῆς
1508 5287 1654 5355 ἰδὼν,
1717 5285 1999 5357 ἐθαύμασε

407 5380 476 5433 τδ
503 5381 708 5451 ὅραμα.
767 5379 1222 5452 Προσερχομένου
1295 5380 1354 5435 δὲ
1413 5377 1584 5434 αὐτοῦ
1640 5380 1996 5450 κατανοῆσαι,

485 5558 528 5591 π
569 5520 712 5613 Pan.
755 5572 845 5625 ev,
901 5558 994 5615 so.
1104 5556 1366 5614 "Matth.
1395 5557 1611 5624 mat.

2112 5285 2256 5339 rubi.
2294 5282 2513 5354 Moyses
2528 5288 2712 5335 autem
2732 5278 2945 5343 videns,
2977 5277 3284 5331 admiratus
3300 5285 3385 5331 est
3402 5275 3602 5341 visum,
3632 5283 3688 5329 et

2105 5375 2403 5433 accedente
2441 5374 2556 5439 illo,
2598 5381 2658 5428 ut
2679 5370 3077 5435 consideraret,
3104 5368 3249 5424 facta
3265 5367 3426 5423 estad
3440 5382 3566 5422 eum
3580 5380 3689 5422 vox

1010 5715 1017 5721 ,
1614 5647 1818 5710 νοτίδι
1861 5643 2178 5710 lectiones
2210 5647 2274 5705 et
2316 5650 2513 5711 notae.

482 5756 532 5792 ⁸⁸
558 5756 752 5827 αὐτήν.
824 5753 871 5787 ⁵⁸
902 5752 1082 5824 φόνος.
1158 5753 1205 5787 ⁸⁵
1244 5754 1426 5823 φόνος.
1501 5751 1548 5783 ³⁸
1580 5750 1668 5803 ia’.
1707 5749 1853 5812 τούς.
1924 5747 1968 5779 ’⁵⁷
1992 5745 2308 5799 ἐσκέπτετο.
2386 5743 2432 5776 ⁸⁸
2463 5739 2829 5797 κατέκλεισεν.
2904 5741 2949 5773 δ’
2985 5737 3243 5811 βραϐεύς.

482 5915 598 5986 (15)
637 5913 843 5970 Locum
875 5912 1024 5969 hune
1053 5927 1117 5966 ex
1165 5910 1507 5967 (Ecumenio
1536 5948 1550 5977 ,
1582 5907 1678 5978 qui
1702 5908 1856 5978 paria
1903 5904 1994 5960 hic
2033 5901 2222 5970 habet,
2253 5899 2503 5972 suppleo.
