4082 6426
404 330 522 396 813

1060 333 1601 396 EXPOSl-TION-[S
1644 335 1722 395 [Ν
1760 333 1950 394 ACTA
1983 331 2288 394 TEXTUS
2327 335 2599 398 ALTER.
2623 339 2867 400 --CAP.
2903 341 3033 400 VII.

3585 337 3693 402 914

417 446 716 518 προσετίθη
784 446 971 501 λοιπὸν
1023 449 1204 502 ἐκεῖνό
1266 465 1368 502 που
1430 448 1605 518 λέγων
1657 451 1715 502 ἐν
1769 447 1952 517 ἐαυτῷ
1982 463 1996 476 ·

2115 447 2300 503 beatus
2331 447 2512 504 Moses
2544 449 2678 504 illud
2710 451 2763 505 in
2795 452 2960 507 corde
2991 467 3092 507 suo
3117 453 3343 523 protulit
3368 453 3413 485 ”
3448 469 3460 506 :
3502 470 3521 504 ι
3564 451 3689 506 Va-

421 556 441 588 (
474 535 769 607 Παρελθὼν
815 539 1019 610 ὄψομαι
1045 541 1105 593 τὸ
1129 541 1314 610 ὅραμα
1367 540 1526 594 τοῦτο
1546 541 1606 595 τὸ
1635 541 1800 612 μέγα,
1825 542 1878 594 τί
1911 542 1994 595 ὃτι

411 630 477 682 οὐ
509 629 866 685 κατακαίεται
902 632 939 698 ἡ
963 630 1145 700 βάτος.
1177 651 1195 684 ι
1239 631 1380 687 Ἀλλ’
1437 634 1612 704 εἴργει
1635 632 1808 702 λέγων
1833 633 1997 697 εὐθὺς

411 722 442 774 6
471 721 698 792 Κύριος,
729 740 746 773 ι
777 722 869 792 Μὴ
903 724 1134 797 ἐγγίσῃς
1158 717 1283 778 ὧδε⁹
1319 745 1338 776 ι
1371 727 1466 779 καὶ
1505 726 1614 779 τῶν
1649 725 1828 780 ποδῶν
1857 726 1992 779 ὐπο-

389 813 564 893 ,λύειν
594 815 992 884 προστάττεται
1021 817 1082 870 τὸ
1109 815 1387 888 ὑπόδημα.
1405 817 1537 870 Ἰδοὺ
1566 817 1624 870 ὃν
1651 819 1758 888 πρὸ
1797 817 1995 890 μικροῦ

413 903 650 972 ἄγγελον
692 900 836 973 εἷπε,
863 906 961 960 νῦν
997 907 1272 962 δείκνυσιν
1307 909 1472 962 αὑτὸν
1505 910 1713 982 Κύριον
1740 910 1871 964 ὄντα
1903 913 1998 965 καὶ

411 993 568 1048 Θεόν.
591 994 764 1060 Αὐτὸς
805 995 914 1067 γάρ
944 998 1090 1052 ἐστιν
1117 999 1146 1052 6
1173 998 1272 1069 τῆς
1300 999 1545 1071 μεγάλης
1577 999 1774 1070 βουλῆς
1796 1001 1999 1068 Ἀγγε-

411 1087 523 1151 λος,
556 1089 654 1142 καὶ
685 1088 822 1142 Θεοῦ
860 1089 1010 1152 Υἱός.

486 1180 554 1233 Τί
579 1175 674 1235 οὖν
704 1183 820 1234 ἐστι
841 1183 902 1236 τὸ
924 1183 1257 1254 δηλούμενον
1282 1183 1371 1238 διὰ
1399 1182 1494 1238 τοῦ
1525 1185 1872 1254 ὑποδήματος
1895 1183 1983 1238 αῐ-

415 1289 610 1342 νιγμα,
651 1275 954 1342 ἀναγκαῖον
1013 1277 1210 1330 εἰπεῖν.
1259 1277 1603 1348 Νεκρότητος
1656 1279 1751 1331 καὶ
1790 1278 1997 1348 φθορᾶς

410 1363 475 1416 τὸ
497 1365 750 1434 ὑπόδημά
779 1367 894 1420 ἐστι
939 1369 1189 1438 σημεῖον,
1242 1369 1401 1439 εἴπερ
1435 1371 1550 1422 ἐστὶ
1579 1370 1686 1423 πᾶν
1739 1370 1997 1439 ὑπόδημα

412 1454 558 1520 ζὼου
617 1455 872 1526 λείψανον
912 1458 1237 1530 τεθνηκότος
1297 1462 1418 1532 ἥδη.
1469 1465 1559 1514 Δεῖ
1608 1461 1788 1516 τοίνυν
1817 1464 1999 1536 πάσης

414 1550 616 1617 νεκρᾶς
643 1549 740 1602 καὶ
771 1552 1040 1620 σαρκικῆς
1062 1554 1384 1622 φαντασίας,
1413 1553 1603 1622 ὥσπερ
1631 1555 1999 1626 ὑποδημάτων

411 1638 578 1690 τινῶν
621 1639 804 1704 λῦσαι,
841 1641 933 1694 τὸν
972 1643 1069 1695 ἐπὶ
1103 1644 1212 1696 τῶν
1275 1644 1438 1698 θείων
1469 1645 1843 1717 θεωρημάτων
1868 1651 2002 1702 ἁναο

416 1729 587 1824 ϐῆναι
615 1731 958 1824 πειρῶμενος
986 1734 1133 1797 νοῦν,
1167 1738 1262 1788 καὶ
1286 1737 1350 1790 τὸ
1376 1739 1515 1791 κατὰ
1539 1739 1776 1809 Χριστὸν
1805 1741 1998 1807 νοῆσαι
2028 1764 2075 1824 Β

419 1822 1081 1894 μυστήριον.’Δπρόσιτος
1115 1824 1300 1884 τοίνυν
1313 1830 1372 1882 ἐν
1398 1831 1551 1900 νόμῳ
1583 1833 1677 1886 καὶ
1701 1836 1768 1903 τῇ
1839 1834 1998 1886 παιδ-

419 1916 686 1984 αγωγικῇ
719 1913 946 1986 λατρεία
975 1919 1004 1970 6
1031 1918 1286 1988 Χριστός.
1317 1921 1503 1990 Νόμου
1530 1922 1640 1992 γὰρ
1667 1924 1958 1993 πρόσωπον
1975 1925 2004 1977 6

417 2005 682 2075 Μωῦσῆς,
707 2009 756 2059 εί
789 2008 990 2078 μήπου
1022 2009 1114 2062 τὸν
1138 2012 1201 2064 ἐκ
1227 2012 1324 2082 τῆς
1356 2013 1633 2086 ἁμαρτίας
1658 2017 2001 2088 προαποτρί-

413 2096 574 2165 ιιροιτο
638 2097 938 2169 μολυσμὸν,
993 2101 1088 2153 καὶ
1121 2101 1221 2172 τὴν
1254 2103 1312 2156 ἐν
1337 2102 1538 2168 τύποις.
1561 2105 1642 2160 ἔτι
1679 2108 1774 2160 καὶ
1822 2111 2005 2171 σκιαῖς

417 2189 787 2259 προαπὸθοιτο
851 2191 1114 2262 λατρείαν
1149 2236 1164 2259 ,
1216 2196 1278 2249 οὐ
1336 2196 1563 2251 δύναται
1636 2201 2003 2271 προσεγγίσαι

417 2281 662 2352 Χριστῷ.
697 2283 762 2335 Οἳ
807 2283 864 2336 δὲ
905 2284 1218 2356 βουληθεῖεν
1281 2283 1662 2344 ἀπολύσασθαι
1709 2292 1769 2346 τὸ
1799 2293 2002 2363 προδη⁹

415 2373 588 2426 λωθὲν
619 2374 896 2444 ὑπόδημα,
929 2378 1178 2445 ἐγγιοῦσι
1202 2379 1322 2434 τότε
1354 2382 1598 2453 Χριστῷ,
1622 2384 1722 2454 τὴν
1746 2384 1806 2436 ἐν
1829 2384 2004 2439 Πνεύ-

418 2479 550 2533 ματι
588 2466 682 2518 καὶ
748 2465 982 2538 ἀληθείᾳ
1027 2468 1286 2540 λατρείαν
1356 2471 1677 2544 προϊέμενοι
1720 2472 1784 2546 Π.
1831 2490 2005 2545 προσ-

420 2555 676 2628 uitur/or].

1019 2737 1408 2795 KEIMENON.

489 2823 659 2897 Οὗτός
692 2833 842 2887 ἐστιν
870 2834 902 2886 6
927 2833 1173 2904 Μωῦσῆς
1197 2837 1226 2889 6
1251 2837 1423 2891 εἰπὼν
1451 2839 1564 2902 τοῖς
1597 2838 1734 2903 υἱοῖς
1765 2840 2004 2914 Ἰσραήλσ

419 2925 715 2996 Προφήτην
773 2926 905 2998 ὑμῖν
955 2928 1261 2999 ἀναστήσει
1290 2930 1498 3002 Κύριος
1537 2933 1566 2985 6
1591 2932 1723 2995 Θεὸς
1749 2934 1910 3005 ἡμῶν
1942 2937 2005 2989 ἐκ

417 3016 528 3070 τῶν
559 3017 805 3088 ἀδελφῶν
861 3021 1020 3091 ἡμῶν
1055 3020 1132 3085 ὡς
1161 3020 1292 3091 ἐμέ·
1327 3021 1496 3077 αὐτοῦ
1541 3024 1863 3081 ἀκούσεσθε.
1895 3021 2006 3080 Οὗ-

2115 538 2264 602 dam,
2289 550 2341 594 et
2373 541 2566 596 videbo
2605 541 2870 598 visionem
2904 545 3046 598 hanc
3075 559 3348 614 magnam,
3377 559 3550 616 quare
3583 558 3690 598 non

2115 629 2476 684 comburatur
2530 631 2726 687 rubus.
2765 652 2783 686 ι
2814 635 2884 687 At
2930 633 3213 702 prohibuit
3250 650 3370 690 eum
3404 633 3687 695 Dominus,

2109 723 2290 776 statim
2323 723 2371 778 ei
2405 723 2659 780 dicens“
2685 741 2699 776 :
2733 745 2752 776 ι
2788 726 2866 780 Ne
2887 727 3175 796 appropies
3199 726 3304 780 huc
3334 743 3346 779 :
3374 745 3392 778 ι
3422 726 3692 795 iussitque

2116 814 2212 880 illi,
2246 825 2304 868 ut
2340 834 2361 868 ι
2391 817 2822 872 calceamentum
2861 819 2928 872 de
2966 819 3199 888 pedibus
3228 819 3346 874 suis
3375 819 3632 874 solveret.
3668 838 3686 870 ι

2113 905 2256 962 Ecce
2283 896 2442 975 quem
2474 909 2637 978 paulo
2667 919 2796 965 ante
2836 912 3091 982 angelum
3122 911 3357 978 dixerat,
3405 926 3553 964 nunc
3589 910 3694 963 Do—

2113 998 2323 1052 minum
2379 1015 2443 1056 ac
2494 998 2661 1056 Deum
2713 1019 2836 1059 esse
2898 1005 3164 1060 ostendit.
3229 1004 3348 1077 Ipse
3398 1004 3545 1059 enim
3609 1011 3694 1058 est

2114 1093 2294 1160 magni
2323 1093 2538 1148 consilii
2566 1093 2806 1164 Angelus
2833 1105 2886 1150 et
2924 1096 3014 1151 Dei
3042 1095 3236 1152 Filius.

2185 1183 2410 1249 Verum,
2444 1184 2725 1243 declarare
2778 1197 2996 1256 oportet
3037 1187 3166 1258 quid
3207 1203 3305 1258 per
3347 1189 3694 1244 calceamen-

2116 1286 2228 1331 tum
2269 1277 2634 1343 signiﬁcetur.
2677 1277 3030 1334 Mortalitatis
3083 1289 3138 1335 et
3195 1280 3569 1349 corruptionis
3620 1280 3697 1334 si-

2111 1383 2276 1436 gnum
2310 1379 2395 1424 est
2440 1369 2918 1424 calceamentum:
2961 1370 3234 1439 siquidem
3275 1385 3440 1426 omne
3481 1370 3694 1424 calcea-

2113 1470 2360 1514 mentum
2424 1459 2707 1515 residuum
2781 1460 2911 1531 quid
2983 1469 3068 1515 est
3129 1461 3331 1515 mortui
3413 1459 3690 1514 animalis.

2111 1551 2341 1620 Oportet
2387 1551 2580 1622 igitur,
2627 1560 2688 1607 ut
2737 1567 2893 1608 mens
2923 1567 3044 1621 quae
3070 1551 3138 1607 ad
3171 1551 3413 1606 divinam
3445 1558 3695 1606 contem-

2115 1642 2409 1712 platioem
2445 1640 2744 1700 asCenderc
2775 1652 2830 1697 et
2862 1643 3070 1698 Christi
3101 1643 3360 1713 mysteria
3386 1642 3696 1711 intelligere

2111 1733 2334 1797 nititur,
2362 1748 2555 1789 omnes
2586 1727 2828 1789 mortuas
2854 1734 3217 1802 carnalcsquc
3247 1732 3693 1803 imaginationes,

2104 1825 2272 1879 veluti
2311 1824 2678 1878 calceamenta
2718 1825 2988 1894 quaedam,
3051 1823 3360 1880 dissolvat:
3397 1838 3505 1877 non
3541 1823 3686 1878 enim

2105 1930 2198 1983 per
2230 1914 2398 1984 legem
2427 1925 2481 1969 et
2521 1915 2970 1983 praeparatorinm
3011 1917 3132 1984 ejus
3178 1905 3393 1970 cultum
3435 1916 3694 1970 accedere

2105 2006 2394 2075 quisquam
2429 2013 2608 2076 potest
2654 2007 2720 2060 ad
2770 2005 3076 2061 Christum.
3124 2005 3283 2075 Legis
3327 2006 3472 2061 enim
3507 2021 3695 2077 perso—

2107 2113 2230 2154 nam
2260 2113 2454 2168 gerens
2504 2098 2706 2164 Moscs,
2764 2098 2869 2154 nisi
2914 2099 3068 2168 prius
3119 2097 3309 2154 sordes
3352 2114 3416 2153 ex
3467 2109 3693 2168 peccato

2105 2198 2425 2245 contractas
2470 2191 2768 2259 ahstcrgat,
2827 2191 3172 2261 cultumque,
3246 2191 3342 2260 qui
3399 2190 3577 2245 adhuc
3637 2192 3689 2245 in

2106 2282 2251 2352 typis
2279 2290 2334 2336 el.
2361 2283 2572 2339 umbris
2598 2283 2875 2350 consistit,
2913 2299 2940 2337 a
2971 2299 3030 2341 se
3063 2283 3312 2355 repellat,
3340 2283 3487 2338 haud
3516 2292 3694 2354 potest

2106 2377 2548 2447 appropinquare
2588 2377 2833 2434 Christo.
2874 2378 2978 2444 Qui
3023 2388 3205 2432 tamen
3254 2379 3467 2434 solvere
3497 2379 3691 2432 volue-

2106 2471 2218 2524 rint
2253 2469 2570 2540 pra'dictum
2597 2473 3053 2535 calceamentum,
3112 2480 3245 2526 tunc
3284 2470 3692 2542 appropinqua-

2113 2563 2252 2618 bunt
2279 2563 2523 2628 Christo,
2579 2565 2955 2621 adorationem
2988 2566 3035 2596 “
3075 2583 3093 2616 ι
3129 2565 3182 2618 in
3212 2564 3409 2634 spiritu
3450 2573 3505 2620 et
3548 2564 3694 2619 veri-

2115 2662 2224 2708 tate
2253 2672 2271 2704 ι
2315 2653 2422 2709 Deo
2448 2655 2794 2711 exhibentes.

2742 2743 3044 2800 TEXTUS.

2187 2833 2298 2900 Vll,
2329 2835 2516 2891 37-42.
2553 2837 2756 2891 Hicest
2783 2836 2997 2908 Moyses
3038 2837 3132 2909 qui
3163 2837 3299 2892 dixit
3325 2836 3450 2894 ﬁliis
3481 2837 3646 2893 Israel
3677 2853 3696 2894 :

2109 2921 2438 2994 Prophetam
2456 2925 2748 2981 suscitahit
2775 2926 2931 2981 vobis
2949 2925 3090 2982 Deus
3106 2927 3172 2982 de
3186 2925 3446 2982 fratribus
3474 2928 3693 2992 vestris,

2111 3019 2372 3084 tanquam
2398 3029 2506 3081 me,
2529 3015 2704 3082 ipsum
2733 3015 2986 3072 audietis.
3015 3015 3117 3071 Hic
3139 3025 3243 3079 est,
3265 3015 3354 3086 qui
3384 3013 3565 3070 fuitin
3600 3013 3699 3070 Ec-

417 3111 508 3175 τός
539 3113 686 3166 ἐστιν
715 3115 743 3168 6
763 3114 1053 3184 γενόμενος
1086 3117 1152 3170 ἐν
1173 3119 1240 3188 τῇ
1277 3116 1578 3189 Ἐκκλησία
1623 3120 1684 3173 ἐν
1718 3123 1784 3191 τῇ
1811 3122 2007 3193 ἐρήμῳ

2115 3107 2276 3162 clcsia
2316 3107 2370 3160 in
2403 3107 2703 3164 solitudine
2730 3122 2854 3162 cum
2885 3109 3105 3179 angelo,
3125 3107 3559 3180 quiloquebatur
3573 3107 3622 3162 ei
3641 3107 3697 3162 in

422 3203 563 3274 μετὰ
613 3205 708 3260 τοῦ
739 3206 976 3276 ἀγγέλου
1015 3207 1112 3262 τοῦ
1173 3207 1462 3273 λαλοῦντος
1510 3211 1663 3282 αὺτῷ
1692 3214 1751 3267 ἐν
1776 3214 1859 3288 τῷ
1883 3215 2006 3288 δρει

420 3295 551 3349 Σινᾶ
583 3296 676 3350 καὶ
718 3296 975 3368 πατέρων
1033 3299 1214 3368 ἡμῶν,
1254 3299 1314 3363 ὃς
1347 3300 1569 3367 ἐδέξατο
1628 3302 1779 3374 λόγια
1827 3305 2008 3368 ζῶντα

417 3384 603 3439 δοῦναι
659 3387 814 3457 ἡμῖν.
867 3382 942 3459 *ῼ
972 3391 1073 3443 οὐκ
1127 3390 1402 3462 ἠθέλησαν
1458 3392 1694 3462 ὑπήκοοι
1748 3396 2006 3464 γενέσθαι

421 3481 471 3530 οἱ
493 3480 734 3550 πατέρες
784 3481 946 3552 ἡμῶν
969 3497 982 3511 ·
1022 3482 1137 3536 ἀλλ’
1189 3483 1502 3549 ἀπώσαντο,
1532 3485 1628 3540 καὶ
1654 3487 2007 3560 ἐστράφησαν

418 3572 488 3640 τῇ
529 3572 728 3644 καρδίᾳ
747 3573 1026 3638 αὐτῶνείς
1055 3575 1356 3644 Αἴγυπτον,
1387 3577 1637 3643 είπόντες
1657 3579 1736 3646 τῷ
1771 3581 2004 3655 Ἀαρών·

423 3663 659 3730 [Ιοέησον
727 3665 860 3734 ἡμῖν
905 3664 1084 3732 θεοὺς,
1130 3668 1180 3720 οἳ
1226 3670 1703 3740 προπορεύσονται
1749 3675 1906 3744 ἡμῖν.
1947 3677 2008 3731 Ὀ

420 3751 532 3824 γὰρ
583 3754 824 3824 Μωῦσῆς
877 3750 1057 3821 οὗτος,
1097 3757 1162 3822 ὃς
1186 3757 1460 3828 ἐξήγαγεν
1495 3763 1648 3831 ἡμᾶς
1683 3764 1747 3816 ἐκ
1771 3764 1876 3834 γῆς
1913 3767 2008 3838 Δία

422 3843 656 3912 γύπτοο,
689 3846 794 3900 οὐκ
819 3845 1043 3918 οῐδαμεν
1074 3849 1127 3901 τί
1170 3849 1396 3917 γέγονεν
1425 3851 1600 3921 αὐτῷ.
1630 3854 1743 3906 Καὶ
1773 3856 2007 3927 ἐμοσχο-

425 3935 663 4005 ποίησαν
692 3938 752 3991 ἐν
769 3938 888 4000 ταῖς
909 3938 1150 4009 ἡμέραις
1181 3939 1444 4004 ἐκείναις,
1477 3941 1571 3993 καὶ
1599 3941 1876 4011 ἀνήγαγον
1913 3944 2010 3998 θυ-

426 4028 548 4081 σίαν
568 4027 644 4099 τῷ
674 4026 876 4099 εἰδώλῳ
920 4031 1016 4083 καὶ
1045 4030 1400 4102 εὐφραίνοντο
1423 4033 1484 4085 ἐν
1513 4034 1630 4096 τοῖς
1659 4032 1845 4106 ἔργοις
1899 4037 2010 4090 τῶν

425 4118 625 4190 χειρῶν
686 4119 888 4174 αὐτῶν.
926 4121 1199 4192 Ἔστρεψε
1226 4121 1282 4176 δὲ
1313 4123 1344 4175 6
1364 4123 1522 4189 Θεὸς,
1560 4125 1656 4178 καὶ
1687 4127 2008 4195 παρέδωκεν

425 4211 622 4274 αὐτοὺς
675 4209 960 4281 λατρεύειν
990 4214 1056 4284 τῇ
1089 4215 1321 4284 στρατιᾷ
1375 4216 1468 4268 τοῦ
1503 4215 1761 4284 οὐρανοῦ,
1823 4218 2010 4285 καθὼς

425 4301 739 4372 γέγραπται
765 4301 825 4356 ιν
853 4301 1044 4374 βισλίῳ
1073 4302 1396 4375 προφητῶν·
1425 4304 1518 4375 Μὴ
1551 4305 1760 4374 σφάγια
1791 4308 1885 4361 καὶ
1918 4309 2010 4363 θυ-

428 4394 552 4457 σίας
597 4394 1014 4466 προσηνέγκατέ
1071 4413 1164 4468 μοι
1215 4396 1314 4468 ἐτη
1358 4400 1771 4470 τεσσαράκοντα
1821 4404 1882 4456 ἐν
1940 4406 2008 4475 τῇ

427 4487 643 4556 ἐρήμῳ,
674 4481 824 4548 οἷκος
864 4486 1082 4558 Ἰσραήλ
1106 4504 1121 4551 ;

1036 4574 1420 4634 EPMHNEIA.

501 4666 673 4720 Τοῦτο
704 4667 985 4738 ἐπήγαγεν
1005 4670 1033 4721 6
1055 4671 1328 4743 μακάριος
1375 4671 1652 4741 Στέφανος
1700 4674 2012 4746 αἰνιττόμε-

428 4776 520 4822 νος
558 4759 742 4823 αὐτοῖς
773 4761 834 4812 τὸ
866 4759 1009 4814 κατὰ
1026 4762 1264 4832 Χριστὸν
1296 4764 1618 4834 μυστήριον,
1679 4765 1774 4818 καὶ
1797 4768 2014 4832 δεικνὺς

427 4852 512 4903 ὅτι
551 4852 647 4903 καὶ
673 4853 713 4903 ὁ·
736 4851 963 4920 Μοῦσῆς
1015 4853 1146 4924 περὶ
1183 4853 1351 4908 αὑτοῦ
1403 4856 1536 4926 ἡμῖν
1559 4857 1846 4925 λελάληκε.
1875 4859 2014 4929 Ηρο-
2051 4872 2060 4878 ·

430 4942 710 5007 αναφωνεί
739 4942 848 5012 γὰρ
871 4941 1038 4995 πάλαι
1065 4943 1162 5014 τὴν
1195 4944 1288 4996 τοῦ
1316 4944 1447 4998 ἰδίου
1483 4945 1828 5016 Γεννήματος
1859 4949 2015 5002 ἐναν-

433 5032 726 5103 Ορώπησιν
759 5036 786 5088 6
823 5034 957 5098 Θεὸς
1017 5035 1112 5088 καὶ
1190 5035 1380 5107 Πατὴρ
1442 5035 1530 5091 διὰ
1590 5037 1686 5090 τοῦ
1731 5039 2013 5108 πανσόφου

428 5111 730 5191 Μωῦσέως,
783 5127 878 5181 καὶ
906 5127 987 5180 ὅτι
1016 5128 1045 5180 6
1083 5127 1338 5200 δεύτερος
1401 5128 1697 5200 νομοθέτης
1728 5130 1814 5199 ἐφ’
1866 5133 2013 5202 ἡμᾶς

431 5215 885 5286 ἀναδειχθήσεται
911 5235 926 5251 ο
964 5217 1210 5288 λαλήσας
1240 5219 1340 5290 μὲν
1372 5219 1541 5274 πάλαι
1581 5222 1691 5284 τοῖς
1729 5221 2016 5293 ἀρχαιοτέ-

436 5325 556 5378 ροις
603 5310 766 5374 αὐτὸς
799 5311 864 5365 δι’
888 5312 1132 5381 ἀγγέλου
1157 5312 1205 5344 ³³
1255 5313 1380 5376 δοὺς
1405 5312 1497 5366 τὸν
1523 5313 1709 5384 νόμον·
1737 5315 1802 5367 ἐν
1820 5314 1876 5367 δὲ
1903 5315 2019 5379 τοῖς

431 5400 772 5467 τελευταίοις
819 5407 1058 5476 καιροῖς,
1127 5405 1430 5475 αὐτουργὸς
1477 5406 1560 5468 εἰς
1617 5407 1770 5477 ἡμᾶς
1827 5407 2021 5461 ἀναδε-

520 5583 566 5614 ⁸³
594 5581 766 5636 Exod.
793 5599 876 5648 ιιι,
907 5584 959 5639 3.
1040 5584 1085 5616 “
1109 5585 1239 5642 ibid.
1275 5586 1328 5643 5.
1405 5585 1452 5619 ⁸⁵
1473 5584 1632 5641 Joan.
1657 5601 1730 5647 Iv,
1758 5584 1846 5639 9-5.

2116 3209 2299 3256 monte
2340 3198 2494 3268 Sina,
2538 3212 2594 3257 et
2631 3217 2754 3256 cum
2802 3202 3054 3271 patribus
3086 3201 3312 3268 nostris,
3342 3200 3436 3272 qui
3483 3199 3695 3268 accepit

2115 3291 2283 3346 verba
2321 3292 2446 3347 vita:
2467 3293 2598 3348 dare
2615 3293 2792 3350 nobis.
2818 3293 2916 3348 Cui
2943 3294 3239 3350 noluerunt
3266 3293 3487 3350 obedire
3517 3300 3698 3364 patres

2116 3384 2311 3452 nostri,
2332 3383 2426 3440 sed
2459 3385 2798 3455 repulerunt,
2827 3387 3076 3443 ctaversi
3102 3396 3225 3442 sunt
3254 3386 3420 3458 228
3437 3384 3697 3441 cordibus

2117 3477 2234 3531 suis
2261 3475 2316 3532 in
2362 3475 2684 3549 Egyptum.
2733 3477 2978 3536 dicentes
3007 3477 3072 3534 ad
3111 3477 3292 3534 Aaron
3333 3495 3346 3530 :
3400 3476 3508 3532 Fac
3541 3475 3700 3531 nobis

2117 3567 2252 3624 deos
2288 3569 2383 3638 qui
2437 3570 2748 3640 pnecedant
2792 3584 2892 3624 nos
2929 3585 2943 3622 :
2981 3568 3195 3640 Moyses
3243 3571 3393 3626 enim
3447 3569 3559 3636 hic,
3605 3570 3697 3640 qui

2117 3661 2306 3717 eduxit
2345 3677 2447 3718 nos
2482 3663 2549 3718 de
2580 3671 2723 3718 terra
2754 3661 3001 3734 Egypti,
3029 3665 3304 3720 nescimus
3332 3663 3464 3735 quid
3496 3664 3697 3718 factum

2118 3751 2190 3808 sit
2218 3752 2290 3806 ei.
2317 3751 2382 3804 Et
2409 3753 2638 3805 vitulum
2676 3750 2917 3806 fecerunt
2949 3753 3004 3807 in
3045 3752 3242 3808 diebus
3276 3752 3409 3816 illis,
3453 3761 3508 3807 et
3538 3754 3700 3805 ohtn-

2121 3843 2303 3897 lerunt
2335 3842 2570 3897 hostiam
2619 3843 2940 3909 simulacro,
2973 3853 3027 3899 et
3058 3843 3381 3898 laetabantur
3414 3845 3465 3898 in
3511 3844 3697 3914 operi-

2117 3933 2222 3989 bus
2270 3948 2531 3989 manuum
2571 3949 2820 3991 suarum.
2877 3935 3162 3992 Convertit
3206 3945 3387 3992 autem
3431 3935 3594 3999 Deus.
3642 3949 3698 3993 et

2119 4029 2344 4084 tradidit
2399 4045 2496 4086 eos
2548 4031 2757 4085 servire
2809 4029 3017 4085 militia:
3057 4031 3206 4097 coeli,
3247 4031 3391 4086 sicut
3429 4032 3694 4102 scripturn

2117 4132 2204 4178 est
2241 4123 2297 4177 in
2357 4121 2495 4176 libro
2550 4123 2940 4192 prophetarum
2977 4139 2992 4177 :
3045 4121 3303 4192 Nunquid
3348 4121 3601 4178 victimas
3647 4131 3700 4178 et

2122 4215 2329 4271 hostias
2345 4214 2624 4270 obtulistis
2654 4215 2786 4269 mihi
2809 4216 2968 4272 annis
2987 4216 3349 4288 quadraginta
3381 4214 3434 4270 in
3459 4214 3700 4281 deserto,

2121 4305 2319 4363 domus
2351 4305 2560 4362 Israel?

2627 4567 3200 4633 COMMENTARIUS.

2197 4667 2314 4722 Hoc
2347 4669 2556 4724 addidit
2583 4669 2775 4725 beatus
2798 4669 3113 4740 Stephanus
3143 4672 3383 4726 innuens
3414 4679 3701 4742 peractum

2123 4760 2177 4814 in
2207 4759 2432 4815 Christo
2455 4760 2801 4831 mysterium,
2847 4769 2903 4816 et
2931 4760 3255 4826 ostendens,
3291 4762 3455 4817 etiam
3497 4761 3701 4817 Mosem

2124 4852 2364 4906 locutum
2402 4852 2471 4907 dc
2499 4869 2564 4907 co
2595 4851 2786 4909 fuisse.
2840 4852 2983 4908 Deus
3021 4852 3167 4909 enim
3211 4852 3372 4910 Pater
3414 4854 3527 4925 jam
3571 4855 3702 4910 olim

2123 4960 2220 5014 per
2272 4945 2742 5014 sapientissimum
2797 4945 3002 5001 Mosem
3071 4946 3469 5007 nraenuntiarat
3523 4945 3702 5001 Ccniti

2125 5037 2210 5093 sui
2248 5038 2700 5102 incarnationem,
2737 5054 2973 5110 eumque
3003 5039 3236 5094 alterum
3264 5040 3422 5096 nobis
3455 5039 3701 5094 futurum

2124 5129 2513 5201 legislaturem.
2573 5129 2708 5185 Nam
2769 5131 2909 5202 ipse,
2965 5132 3058 5202 qui
3108 5134 3308 5204 priscis
3367 5131 3705 5202 temporibus

2128 5237 2225 5292 per
2252 5223 2476 5292 angelos
2529 5223 2760 5293 loquens
2816 5224 2992 5295 legem
3045 5225 3231 5290 dedit,
3282 5225 3335 5280 in
3389 5223 3704 5280 novissimis

2129 5316 2469 5386 temporibus
2511 5332 2612 5387 per
2649 5318 3005 5388 semetipsum
3048 5317 3258 5372 Novum
3291 5318 3703 5374 Testamcmum

2127 5407 2386 5472 sancivit,
2417 5409 2564 5465 velut
2617 5411 2796 5481 magni
2857 5409 3069 5466 consilii
3096 5408 3276 5467 Patris
3323 5411 3408 5467 sui
3439 5408 3701 5478 Angelus,

1647 5677 1852 5741 Variae
1903 5676 2209 5741 lectiones
2253 5683 2315 5741 et
2353 5683 2543 5741 noue.

529 5773 580 5807 ⁸³
615 5773 882 5843 ἀγγέλων.
