4082 6428
369 279 383 298 ’
429 324 533 390 915

1380 322 1962 386 THEOPIIYLACTI
2006 320 2419 383 BULGARUE
2461 322 2815 385 ARCHIEP.

3590 317 3697 385 916

428 458 525 498 seu
563 440 811 496 nuntius.
871 437 937 493 Et
985 438 1089 494 hoc
1134 446 1217 493 est
1266 436 1442 491 illud:
1483 457 1502 488 ι
1548 435 1830 504 Tanqmm
1900 448 2001 492 me1

2115 434 2435 504 δειγμένος,
2488 436 2583 488 καὶ
2633 436 2843 507 Καινῆς
2883 434 3161 503 Διαθήκης
3213 434 3606 505 χρηματίσας,
3668 439 3697 488 ὀ

429 550 625 605 nempe
688 532 1078 602 legislaturem.
1125 552 1143 583 ι
1212 530 1536 600 Proplietam
1611 538 1790 581 autem
1855 536 2010 579 vorat

428 627 606 695 ip'sum
652 623 1041 694 prophetarum
1093 622 1382 677 Dominum
1424 628 1643 690 propter
1691 616 2009 672 immanita-

429 727 561 773 tem.

1063 890 1294 948 'I‘EXTU
1305 891 1363 946 S.

507 986 620 1053 Vll,
656 988 743 1042 45.
799 987 862 1042 Et
916 985 1239 1056 suscepistis
1295 980 1711 1037 tabernaculum
1769 977 2006 1042 Moloch,

431 1087 481 1130 et
510 1077 661 1133 sidus
695 1076 787 1133 Dei
823 1078 989 1134 vestri
1014 1075 1335 1144 ilempham,
1366 1075 1588 1144 ﬁguras,
1619 1085 1758 1141 quas
1800 1069 2011 1125 fecistis

434 1168 667 1225 adorare
709 1184 824 1225 eas.
858 1169 921 1223 Et
952 1167 1283 1224 transferam
1316 1182 1414 1222 vos
1451 1174 1605 1220 trans
1641 1163 2007 1234 Babylonem.

928 1346 1499 1406 COMMENTARIUS.

505 1441 802 1510 Postquam
836 1443 890 1496 iu
944 1454 1187 1499 montem
1236 1442 1487 1497 ascendit
1536 1441 1735 1504 Moses,
1773 1440 2004 1494 vitulum

423 1532 733 1589 counaruut
784 1534 1063 1602 Israelita},
1110 1550 1344 1604 seseque
1392 1543 1667 1590 astrorum
1693 1534 1845 1589 cultu
1876 1549 2009 1589 con-

2117 526 2363 596 μεγάλης
2418 526 2617 596 βουλῆς
2678 527 2779 594 τῆς
2846 525 2942 579 τοῦ
2994 525 3210 597 Πατρὸς
3237 526 3527 595 Ἄγγελος.
3584 528 3698 580 Καὶ

2110 615 2268 669 τοῦτό
2294 618 2408 669 ἐστι
2439 617 2520 676 τὸ,
2547 636 2565 668 ι
2587 617 2679 679 Ὡς
2713 617 2834 686 ἐμέ,
2859 635 2876 667 ι
2917 617 3161 669 τουτέστι
3189 616 3515 688 νομοθέτην.
3552 618 3695 687 Προ-

2114 708 2291 779 φήτην
2331 709 2388 761 δὲ
2442 709 2600 763 καλεῖ
2648 707 2742 763 τὸν
2769 709 2881 762 τῶν
2921 708 3219 779 προφητῶν
3250 708 3478 779 Κύριον,
3516 709 3604 762 διὰ
3635 709 3699 763 τὸ

2114 800 2477 872 ἀνθρώπινον.

2718 889 3107 948 KEIMENON.

2080 944 2086 949 -
2179 983 2293 1036 Καὶ
2351 983 2643 1037 ἀνελάϐετε
2698 944 3060 1056 σκηνήν
3098 944 3203 1036 τοῦ
3267 983 3470 1055 Μολδχ,
3508 985 3603 1039 καὶ
3635 985 3697 1039 τὸ

2110 1076 2312 1147 ἄστρον
2346 1075 2442 1129 τοῦ
2486 1075 2622 1130 Θεοῦ
2679 1077 2835 1148 ὑμῶν
2863 1077 3136 1146 Ῥεμφὰν,
3177 1078 3305 1141 τοὺς
3330 1077 3558 1142 τύπους,
3600 1079 3696 1143 οὓς

2113 1168 2406 1239 ἐποιήσατε
2453 1171 2783 1238 προσκυνεῖν
2833 1171 3037 1228 αὐτοῖς.
3097 1168 3207 1222 Καὶ
3254 1172 3517 1240 μετοικιῶ
3549 1172 3696 1244 ὑμᾶς

2112 1260 2370 1313 ἐπέκεινα
2398 1259 2736 1324 Βαϐυλῶνος.

2714 1348 3099 1407 ΕΡΧῘΗΝΕΙΛ,

2194 1440 2535 1506 Ἀνελθὸντος
2570 1444 2649 1504 εἰς
2693 1442 2754 1494 τὸ
2784 1441 2909 1509 ὅρος
2942 1442 3243 1504 Μιυῦσέως,
3288 1444 3696 1511 μεμοτχοποιήο

2114 1532 2242 1586 κασί
2272 1550 2354 1596 τε,
2390 1535 2483 1586 καὶ
2548 1536 2670 1597 ταῖς
2728 1533 2839 1586 τῶν
2893 1534 3115 1605 ἄστρων
3180 1532 3690 1604 προσεκυλίσθησαν

424 1628 767 1680 raminarunt
805 1646 819 1682 :
855 1634 1017 1697 atque
1071 1628 1430 1695 tabernaculo
1473 1626 1646 1691 facto,
1705 1626 1909 1681 idolum
1952 1628 2001 1681 in

2111 1623 2389 1693 λατρείαις
2411 1640 2424 1654 ·
2458 1625 2554 1677 καὶ
2578 1624 3138 1694 σκηνοποιησάμενοι,
3173 1623 3411 1695 ἔστησαν
3442 1624 3696 1691 εἴδωλον,

422 1733 489 1772 ιεο
516 1725 853 1783 statuerunt,
884 1719 1027 1789 quod
1065 1720 1405 1789 appellarunt
1426 1718 1637 1774 Molocb
1671 1734 1685 1771 :
1713 1718 1853 1789 quod
1885 1718 2001 1788 qui-

2112 1715 2141 1768 6
2168 1715 2473 1784 κεκλήκασι
2504 1715 2708 1786 Μολόχ.
2742 1716 2916 1769 Τοῦτο
2943 1717 3001 1770 δὲ
3036 1718 3098 1770 τὸ
3132 1717 3351 1770 εἴδωλον
3386 1716 3699 1770 Μωαϐιτῶν

422 1812 546 1864 dem
608 1810 812 1865 idolum
866 1820 984 1865 erat
1027 1810 1411 1871 Moabitarum.
1466 1811 1675 1867 habens
1732 1812 1785 1865 in
1830 1810 2001 1865 fronte

2111 1795 2364 1872 ἦν,λίθον
2384 1801 2663 1873 ἐξαίρετον
2693 1803 2818 1873 ἔχον
2840 1804 2941 1858 καὶ
2970 1802 3211 1875 διαφανῆ
3269 1805 3362 1858 ἐπὶ
3415 1805 3510 1859 τοῦ
3569 1822 3700 1874 μετ-

422 1901 683 1953 eximium
727 1901 1167 1970 pellucidumquc
1228 1901 1456 1970 lapidem
1509 1901 1562 1957 in
1601 1909 1787 1973 typum
1839 1902 2001 1957 stellae

2113 1892 2287 1960 ώπου,
2322 1895 2405 1958 είς
2438 1895 2716 1963 ἑωσφόρον
2769 1896 2962 1950 τύπον.
3020 1899 3128 1950 Καὶ
3194 1897 3558 1968 ἑρμηνεύεται
3597 1897 3698 1968 μὲν

424 1988 682 2046 Luciferi.
705 1991 1005 2061 Exponitur
1026 2008 1157 2048 vero
1189 2008 1388 2048 nomen
1424 1993 1660 2059 Molocb,
1692 2013 1709 2044 ι
1753 2009 1842 2048 rex
1864 1993 2001 2064 ipso-

2110 1984 2312 2055 Μολδχ,
2345 2002 2364 2036 ι
2396 1985 2652 2055 βασιλεὺς
2682 1987 2862 2041 αὐτῶν
2882 2005 2896 2019 ’
2928 2007 2946 2041 ι
2970 1988 3215 2060 Ῥεμφὲν
3238 1990 3325 2054 δὲ,
3358 2009 3377 2042 ι
3402 1990 3696 2060 σκοτισμὸς

424 2097 578 2146 rum;
606 2081 901 2153 lteinpham
921 2092 1127 2149 autem,
1151 2104 1170 2137 ι
1191 2085 1568 2140 obteuchratio
1584 2093 1637 2138 ct
1653 2084 1966 2139 obczreatio.
1982 2103 2000 2135 ι

2110 2078 2209 2131 καὶ
2230 2077 2529 2146 τύφλωσις.
2563 2096 2582 2131 ι
2621 2109 2683 2119 -
2718 2099 2737 2130 ι
2775 2079 3093 2134 Ἀνελάϐετε
3134 2082 3317 2135 τοίνυν
3345 2080 3444 2153 τὴν
3492 2079 3697 2151 σκηνὴν

421 2202 491 2215 -—
513 2190 533 2224 ι
556 2172 885 2244 Suscepistis
917 2191 1049 2246 ergo
1083 2176 1739 2239 tabernaculumMoloch,
1769 2196 1786 2227 ι
1824 2176 1875 2231 id
1902 2186 2004 2244 est,

425 2265 570 2336 regis
588 2266 776 2321 vestri.
807 2285 827 2319 ι
858 2267 990 2332 Quis
1026 2277 1204 2323 autem
1234 2278 1315 2323 est
1341 2268 1489 2323 iste?
1521 2267 1686 2323 Sidus
1720 2266 1812 2323 Dei
1838 2268 2004 2323 vestri

368 2370 371 2373 ·
426 2353 729 2425 Rempham
758 2357 938 2424 :quod
960 2356 1159 2412 factum
1182 2358 1508 2414 estvobisiu
1529 2359 1954 2413 obcaecationem
1988 2377 2002 2413 :

426 2445 785 2501 obtenebrata
840 2464 1077 2519 namque
1125 2451 1445 2505 suntcorda
1490 2461 1694 2505 vestra.
1734 2449 2003 2515 Quoniam

422 2550 552 2592 vero
579 2537 961 2605 Moabitarum,
1008 2542 1102 2611 qui
1153 2557 1319 2611 prope
1369 2541 1695 2597 Damascum
1731 2542 2003 2607 habitant,

421 2629 587 2700 229
609 2631 873 2685 insaniam
890 2633 1087 2687 imitati
1108 2635 1263 2703 estis;
1283 2636 1490 2690 idcirco
1508 2643 1660 2690 trans
1682 2635 2003 2689 Damascum

424 2722 873 2793 proﬁciscemiui,
920 2725 1024 2780 hoc
1072 2735 1158 2783 est
1227 2727 1279 2781 iu
1342 2726 1697 2797 Babylonem.
1741 2726 2006 2794 Quamvis

2107 2167 2201 2221 τοῦ
2251 2169 2451 2239 Μολὺχ,
2479 2189 2497 2220 ι
2549 2171 2794 2224 τουτέστι
2828 2171 2922 2223 τοῦ
2974 2171 3240 2241 βασιλέως
3281 2170 3458 2242 ὑμῶν.
3494 2170 3591 2233 Τίς
3633 2169 3696 2225 δι

2108 2255 2302 2328 οῦτος;
2357 2263 2432 2315 Τὸ
2460 2247 2662 2334 ἄστρον
2701 2265 2799 2317 τοῦ
2839 2264 2976 2318 Θεοῦ
3036 2266 3190 2336 ὑμῶν
3238 2265 3502 2334 Ῥεμφὰν,
3542 2265 3570 2317 6
3599 2264 3697 2318 καὶ

2109 2353 2338 2423 γέγονεν
2369 2356 2500 2425 ὑμῖν
2548 2359 2630 2420 εἰς
2681 2355 2980 2426 τύφλωσιν.
3025 2357 3451 2426 Ἐσκοτίσθησαν
3493 2358 3602 2428 γὰρ
3636 2358 3695 2410 αἱ

2108 2446 2328 2518 καρδίαι
2356 2447 2530 2518 ὑμῶν.
2551 2449 2771 2520 Ἐπειδὴ
2796 2450 2850 2503 δὲ
2884 2449 2984 2518 τὴν
3010 2449 3118 2503 τῶν
3149 2448 3462 2504 Μωαὸιτῶν
3496 2449 3696 2518 μανίαν

2108 2537 2534 2608 πεπληρώκατε,
2585 2540 2706 2610 ἥτις
2754 2539 2874 2593 ἐστὶ
2935 2540 3134 2609 γείτων
3161 2532 3481 2610 Δαμασκοῦ,
3514 2538 3600 2592 διὰ
3629 2540 3694 2591 τδ

2110 2629 2442 2699 πορεύεσθαι
2499 2630 2579 2703 [f.
2629 2631 2719 2686 διὰ
2782 2632 2943 2685 τοῦτο
2998 2632 3344 2704 πορεύεσθε]
3395 2629 3693 2702 Δαμασκοῦ

2109 2723 2391 2788 ἐπέκεινα,
2427 2725 2707 2779 τουτέστιν
2731 2727 2811 2790 εἰς
2837 2725 3161 2780 Βαϐυλῶνα.
3194 2725 3255 2778 Εἰ
3278 2725 3333 2779 δὲ
3367 2725 3463 2777 καὶ
3493 2724 3522 2776 6
3555 2739 3696 2793 προ-

360 2838 367 2845 ·
418 2829 552 2869 vero
611 2815 875 2884 propheta
926 2836 944 2869 ι
977 2826 1131 2874 trans
1184 2819 1511 2874 Damascum
1553 2838 1571 2871 ι
1633 2819 1856 2880 dixerit.
1931 2819 2001 2871 ita

2113 2812 2313 2882 φήτης.
2364 2831 2383 2865 ι
2422 2812 2710 2870 Ἐπέκεινα
2740 2816 3057 2886 Δαμασκοῦ,
3084 2835 3103 2870 ι
3135 2817 3351 2889 εἰρήκει
3384 2816 3552 2887 (οὕτω
3579 2816 3693 2886 γὰρ

416 2905 564 2961 enim
603 2905 753 2975 ,LXX
828 2908 1193 2981 lntcrpretum
1246 2911 1428 2965 versio
1488 2910 1690 2977 habet,
1760 2916 1999 2964 attamen

420 2998 618 3054 beatus
640 2998 951 3070 Stephanus
971 3004 1080 3057 ait:
1111 3022 1129 3055 ι
1156 3003 1331 3059 Trans
1350 3003 1735 3076 Babylonem»
1766 3016 2003 3073 sequens

421 3086 777 3147 Hebraeorum
828 3093 1163 3150 lectionem:
1213 3096 1295 3149 vel
1348 3096 1477 3165 quia
1525 3096 1798 3151 terminus
1843 3104 2001 3150 terra:

341 3240 349 3255 μ
418 3177 886 3240 Damascenorum
921 3194 974 3241 ct
1011 3184 1274 3259 Syrorum
1309 3197 1392 3243 cst
1417 3187 1681 3259 Babylon.

1067 3277 1370 3336 TEXTUS.

491 3371 607 3438 VII,
639 3373 827 3428 64-46.
870 3371 1306 3429 Tabernaculum
1358 3370 1679 3429 Testimonii
1729 3373 1830 3427 fuit
1872 3390 1997 3428 cum

420 3465 678 3542 patribus
700 3463 907 3523 nostris
931 3464 985 3518 in
1012 3462 1407 3528 deserto,sicut
1424 3463 1693 3533 disposuit
1708 3466 1815 3519 illis
1833 3463 1999 3527 Deus,

420 3558 660 3629 loquens
694 3556 763 3612 ad
795 3554 1043 3628 Moysen,
1075 3568 1133 3611 ut
1159 3555 1366 3612 faceret
1394 3555 1527 3610 illud
1558 3556 1860 3612 secundum
1894 3555 2003 3608 for-

419 3666 566 3707 mam
594 3650 1008 3722 quamfviderat.
1028 3649 1182 3716 Quod
1203 3658 1255 3705 et
1274 3648 2004 3719 induxerunt,suscipientes

418 3750 603 3814 patres
638 3744 815 3799 nostri
854 3758 978 3798 cum
1013 3741 1142 3797 Jesu
1181 3743 1235 3797 in
1272 3745 1680 3812 possessionem
1716 3741 1997 3808 Gentium,

415 3847 556 3903 quas
589 3833 796 3903 expulit
824 3831 968 3888 Deus
999 3848 1029 3888 a
1063 3831 1202 3888 facie
1226 3840 1439 3902 patrum
1475 3841 1789 3887 nostrorum
1826 3848 2001 3902 usque

415 3925 473 3978 in
511 3924 704 3980 diebus
741 3923 931 3992 David,
989 3926 1081 3995 qui
1131 3925 1340 3980 invenit
1379 3925 1614 3996 gratiam
1647 3934 1771 3979 ante
1802 3924 1994 3992 Deum,

415 4027 472 4074 et
502 4019 654 4091 petiit
684 4027 742 4074 ut
764 4018 1035 4074 inveniret
1069 4019 1489 4073 tabernaculum
1534 4018 1641 4074 Deo
1676 4017 1868 4074 .lacob.

920 4107 1474 4164 COMMENTARIUS

490 4203 785 4258 Dicebatur
825 4201 1264 4256 Tabernaculum
1305 4200 1628 4258 Testimouii
1692 4217 1787 4258 seu
1842 4218 2010 4258 inan-

411 4295 668 4349 datorum
702 4291 821 4360 Dei,
856 4293 987 4347 illud
1015 4292 1161 4362 quod
1190 4293 1245 4347 in
1292 4298 1480 4349 monte
1512 4292 1640 4347 Sina
1670 4292 1806 4349 Mosi
1845 4308 2001 4348 mon-

415 4395 650 4445 Stratum
684 4402 711 4440 a
743 4384 853 4442 Deo
916 4392 1031 4452 est;
1064 4385 1191 4456 quia
1240 4385 1378 4440 Deus
1419 4385 1548 4440 illud
1616 4384 1909 4456 disposuit,
1945 4392 2005 4438 ut

419 4479 589 4533 Deum
621 4479 798 4548 ipsum
858 4485 1054 4535 testem
1096 4476 1543 4546 haberent,quod
1591 4476 1646 4530 in
1695 4484 1882 4529 monte
1916 4476 2004 4529 de-

416 4570 643 4625 lineatio
674 4571 795 4641 ejus
824 4570 967 4626 facta
1005 4568 1192 4637 fuerit,
1221 4551 1285 4624 ac
1322 4568 1465 4623 Deus
1524 4565 1661 4623 Mosi
1690 4566 1823 4621 illud
1855 4580 2001 4637 pra:-

415 4663 724 4738 scripserit.

1060 4751 1364 4810 TEXTUS.
1489 4817 1492 4822 _

488 4845 606 4913 VII,
633 4847 815 4903 47—59.
840 4847 1099 4903 Salomon
1119 4856 1296 4902 autem
1323 4843 1617 4900 aediﬁcavit
1647 4843 1721 4896 illi
1755 4842 1999 4896 domum.

417 4939 524 4996 Sed
562 4955 670 4995 non
694 4939 960 4996 Excelsus
986 4940 1039 4994 in
1070 4936 1402 4993 manufactis
1430 4936 1663 5000 habitat,
1701 4936 1844 4990 sicut
1872 4947 2003 5005 pro-

419 5035 587 5108 pheta
611 5032 744 5089 dicit
768 5032 1009 5088 :leum
1026 5031 1159 5086 mihi
1177 5029 1337 5086 sedes
1359 5035 1478 5095 cst;
1504 5038 1650 5082 terra
1671 5035 1850 5080 autem
1878 5040 2006 5079 sca-

416 5125 620 5182 bellum
667 5124 867 5195 pedum
898 5137 1170 5178 meorum.
1199 5121 1376 5186 Quam
1406 5119 1628 5176 domum
1657 5117 1998 5172 aedilicabitis

417 5217 572 5281 mihi,
605 5216 738 5271 dicit
783 5214 1087 5270 Dominus?
1131 5220 1224 5267 aut
1263 5211 1388 5282 quis
1441 5211 1597 5266 locus
1641 5208 1998 5278 requietiouis

416 5326 550 5365 mea:
605 5308 724 5365 est?
773 5307 966 5363 Nonne
1023 5320 1219 5362 manus
1273 5318 1393 5360 mea
1444 5302 1572 5359 iecit
1615 5301 1730 5356 hinc
1773 5300 1998 5354 omnia?

421 5402 563 5456 Dura
599 5400 813 5456 cervice
843 5408 898 5455 et
928 5397 1335 5455 iucircumcisis
1366 5396 1628 5452 cordibus
1664 5406 1717 5448 et
1743 5394 1993 5456 auribus,

417 5506 516 5547 vos
548 5507 763 5560 semper
801 5492 1033 5561 Spiritui
1080 5498 1274 5546 sancto
1322 5488 1604 5551 resistitis,
1641 5486 1779 5541 sicut
1812 5495 1995 5556 patres

420 5580 612 5645 vestri,
662 5580 738 5635 ita
788 5590 844 5637 et
896 5597 1014 5639 vos.
1055 5580 1229 5649 Que'n
1275 5580 1663 5651 prophetarum
1710 5594 1818 5633 non
1866 5587 1998 5632 sunt

422 5672 694 5740 persecuti
747 5680 928 5741 patres
985 5672 1192 5729 vestri?
1251 5672 1320 5726 Et
1368 5670 1691 5725 occiderunt
1740 5684 1855 5735 eos,
1901 5668 1996 5737 qui

416 5763 859 5834 prmuuutiabaut
893 5764 959 5820 de
1009 5764 1244 5820 adventu
1294 5760 1462 5829 Justi,
1490 5760 1656 5830 cujus
1700 5775 1794 5815 vos
1850 5775 1997 5815 nunc

2107 2905 2202 2957 καὶ
2227 2905 2260 2969 ἡ
2292 2905 2401 2957 τῶν
2430 2905 2836 2978 Ἐσδομήκοντα
2871 2908 3084 2973 ἔκδοσις
3109 2908 3271 2981 ἔχειὴ
3300 2910 3414 2963 ἀλλ’
3442 2912 3470 2964 6
3511 2911 3694 2980 μακά·-

2106 3014 2221 3067 ριος
2242 2998 2537 3067 Στέφανος,
2572 3017 2591 3050 ‹
2632 3000 2920 3054 Ἐπέκεινα
2950 3002 3293 3067 Βαϐυλῶνος,
3320 3022 3339 3055 ι
3357 3003 3546 3074 φησὶν,
3565 3004 3697 3056 ἀκο-

2103 3089 2374 3159 λουθήσας
2400 3094 2465 3162 τῇ
2507 3092 2775 3162 Ἐϐραίων
2797 3093 3046 3147 ἐκθέσει·
3075 3096 3108 3166 ἢ
3137 3096 3219 3148 ὅτι
3249 3096 3429 3166 τέρμα
3450 3096 3553 3164 τῆς
3591 3099 3695 3149 Δα-

2107 3184 2403 3255 μασκηνῶν
2431 3186 2525 3240 καὶ
2552 3186 2741 3254 Σύρων
2767 3187 2998 3259 χώραςή
3025 3187 3280 3243 Βαϐυλὼν
3304 3189 3582 3259 τυγχάνει.

2706 3281 3105 3337 ΚΕΙΜΕΝΟΝ.

2188 3367 2254 3421 Ἣ
2287 3369 2463 3440 σκηνή
2511 3370 2608 3423 τοῦ
2670 3372 3000 3443 Μαρτυρίου
3027 3369 3098 3445 ἦν
3120 3375 3179 3426 ἐν
3243 3376 3356 3438 τοῖς
3418 3374 3695 3444 πατράσιν

2104 3460 2163 3511 ἐν
2188 3462 2256 3530 τῇ
2290 3463 2507 3532 ἐρήμῳ,
2549 3463 2733 3527 καθὼς
2766 3464 3052 3530 διετάξατο
3083 3466 3110 3518 6
3143 3466 3320 3519 λαλῶν
3355 3465 3434 3536 τῷ
3460 3466 3690 3535 Μωῦσῇ,

2104 3553 2332 3623 ποιῆσαι
2366 3556 2539 3626 αὐτὴν
2566 3557 2708 3611 κατὰ
2740 3561 2832 3611 τὸν
2857 3558 3026 3612 τύπον
3068 3558 3128 3613 ὃν
3152 3560 3408 3631 ἑωράκει.
3459 3561 3562 3613 Ἢν
3596 3562 3694 3613 καὶ

2104 3646 2400 3717 εἰσήγαγον
2463 3649 2837 3722 διαδεξάμενοι
2864 3653 2915 3706 οἱ
2949 3654 3192 3723 πατέρες
3222 3655 3378 3723 ἡμῶν
3410 3653 3548 3723 μετὰ
3584 3654 3692 3721 Ἰη-

2106 3739 2201 3792 σοῦ
2233 3741 2290 3792 ὲν
2312 3743 2376 3811 τῇ
2418 3745 2751 3813 κατασχέσει
2783 3745 2893 3800 τῶν
2923 3740 3205 3812 ἐθνῶν,ῶν
3231 3745 3432 3813 ἕξωσεν
3470 3746 3497 3797 6
3535 3743 3688 3807 Θεὸς,

2103 3830 2213 3882 ἀπὸ
2242 3833 2536 3902 προσώπου
2569 3834 2679 3887 τῶν
2734 3840 2989 3905 πατέρων
3017 3836 3176 3906 ἡμῶν
3202 3836 3309 3898 ἕως
3331 3835 3438 3886 τῶν
3464 3832 3692 3904 ἡμερῶν

2104 3921 2293 3986 Δαίῖιδ,
2321 3922 2380 3984 ὃς
2406 3915 2535 3993 εὗρε
2566 3926 2729 3996 χάριν
2756 3926 2993 3980 ἐνώπιον
3018 3926 3110 3980 τοῦ
3134 3926 3294 3993 Θεοῦ,
3326 3927 3419 3980 καὶ
3445 3927 3693 3998 ᾐτήσατο

2104 4012 2285 4082 εὑρεῖν
2318 4016 2586 4086 σκήνωμα
2611 4016 2688 4088 τῷ
2716 4016 2837 4087 Θεῷ
2879 4017 3099 4071 Ἰακώϐ.
3446 4022 3461 4030 “

2668 4110 3057 4165 EPMHNEIA.

2175 4205 2358 4276 Σκηνή
2394 4202 2485 4257 τοῦ
2519 4203 2866 4275 Μαρτυρίου,
2892 4204 3143 4257 τουτέστι
3173 4203 3285 4257 τῶν
3321 4206 3688 4276 προσταγμά-

2100 4313 2211 4350 των
2239 4295 2334 4349 τοῦ
2351 4292 2512 4361 Θεοῦ,
2553 4298 2585 4364 ή
2623 4297 2680 4348 ἐν
2716 4296 2791 4365 τῷ
2821 4296 2938 4365 δρει
2974 4296 3103 4369 Σινᾷ
3148 4296 3226 4368 τῷ
3261 4298 3473 4369 Μωῠσῇ
3507 4315 3689 4367 παρα-

2102 4387 2379 4456 δειχθεῖσα
2410 4387 2510 4440 ὕπο
2539 4387 2676 4440 Θεοῦ
2712 4388 2955 4454 ἐλέγετο,
3004 4388 3094 4441 διὰ
3121 4388 3182 4441 τὸ
3214 4389 3320 4441 ὑπο
3343 4389 3481 4442 θεοῦ
3506 4390 3689 4443 διατε-

2102 4478 2300 4549 τάχθαι
2359 4480 2552 4551 αὒτὴν,
2617 4480 2704 4531 ἵνα
2747 4481 3003 4550 μάρτυρα
3051 4480 3144 4534 τὸν
3193 4481 3325 4534 Θεὸν
3356 4482 3573 4552 ἔχωσιν,
3603 4482 3687 4535 ὅτι

2103 4572 2161 4622 ἐν
2184 4569 2260 4640 τῷ
2309 4570 2426 4641 ὄρει
2453 4573 2485 4637 ἡ
2513 4570 2810 4640 ὑπογραφὴ
2868 4571 3077 4642 ταύτης
3134 4572 3351 4641 γέγονε,
3395 4573 3490 4626 καὶ
3522 4572 3687 4636 αὐτὸς

2102 4660 2278 4730 αὐτὴν
2306 4662 2597 4729 διετάξατο
2631 4662 2710 4733 τῷ
2742 4665 2969 4733 Μιυῡσῇ.

2705 4754 3091 4809 ΚΕΙΜΕΝΟΝ.

2176 4844 2429 4915 Σολομὼν
2459 4844 2515 4898 δὲ
2543 4844 2895 4916 ᾠκοδόμησεν
2939 4846 3091 4916 αὑτῷ
3138 4842 3309 4901 οἶκον.
3367 4847 3509 4901 Ἀλλ’
3537 4847 3634 4917 ούχ
3659 4852 3690 4901 ὁ

2110 4932 2378 5002 ’Υψιστος
2406 4934 2464 4986 ἐν
2513 4935 2916 5003 χειροποιήτοις
2956 4937 3107 4998 ναοῖς
3136 4937 3406 5001 κατοικεῖ,
3453 4936 3636 5000 καθὼς
3658 4939 3688 4990 6

2102 5026 2390 5097 προφήτης
2451 5025 2627 5093 λέγει·
2671 5027 2731 5078 ’0
2758 5026 2986 5093 οὐρανός
3033 5043 3127 5094 μοι
3176 5025 3389 5095 θρόνος,
3442 5026 3565 5098 ήδὲ
3611 5027 3687 5097 γῆ

2106 5119 2397 5171 ὑποπόδιον
2420 5117 2531 5171 τῶν
2562 5119 2739 5172 ποδῶν
2772 5136 2896 5187 μου.
2922 5119 3082 5173 Ποῖον
3111 5114 3259 5175 οἷκον
3292 5120 3682 5192 οἰκοδομήσετέ

2116 5226 2228 5279 μοι,
2247 5207 2611 5279 λέγειΚύριος
2639 5226 2653 5275 ;
2677 5210 2710 5278 ἢ
2730 5210 2811 5272 τίς
2835 5211 2998 5274 τόπος
3024 5212 3121 5280 τῆς
3139 5211 3538 5274 καταπαύσεώς
3556 5229 3681 5280 μους

2103 5302 2240 5371 Οὐχὶ
2270 5302 2301 5370 ἡ
2326 5300 2448 5371 χείρ
2481 5318 2583 5370 μου
2612 5301 2839 5369 ἐποίησε
2865 5301 3038 5355 ταῦτα
3071 5303 3248 5356 πάντα
3273 5320 3287 5369 ;
3324 5303 3680 5374 Σκληροτρά-

2105 5392 2257 5463 χηλοι
2307 5393 2402 5445 καὶ
2450 5391 2815 5463 ἀπερίτμητοι
2849 5395 2916 5464 τῇ
2958 5393 3156 5464 καρδίᾳ
3219 5394 3314 5447 καὶ
3373 5395 3488 5456 τοῖς
3514 5395 3675 5460 ὠσὶν,

2106 5483 2268 5551 ὑμεῖς
2314 5482 2402 5534 ἀεὶ
2437 5481 2516 5551 τῷ
2546 5482 2827 5552 Πνεύματι
2855 5482 2933 5554 τῷ
2958 5485 3099 5555 ἁγίῳ
3131 5484 3503 5538 ἀντιπίπτετε·
3533 5485 3609 5544 ὼς
3632 5487 3683 5539 οἱ
3765 5533 3777 5542 .

2107 5577 2340 5649 πατέρες
2367 5576 2541 5648 ὑμῶν,
2594 5575 2691 5629 καὶ
2720 5577 2900 5646 ὑμεῖς.
2933 5574 3068 5629 Τίνα
3118 5576 3227 5628 τῶν
3250 5575 3547 5646 προφητῶν
3580 5575 3683 5627 οὐκ

2099 5668 2330 5732 ἐδίωξαν
2377 5670 2424 5721 οἱ
2474 5668 2709 5738 πατέρες
2761 5668 2947 5737 ὑμῶν;
2999 5667 3110 5721 Καὶ
3162 5668 3493 5722 ἀπέκτειναν
3555 5670 3683 5731 τοὺς

2102 5761 2677 5833 προκαταγγείλαντας
2709 5763 2838 5839 περὶ
2874 5762 2972 5834 τῆς
3004 5760 3269 5825 ἐλεύσεως
3307 5760 3401 5815 τοῦ
3456 5759 3677 5815 Anteio»
