  <div class='ocr_page' id='page_1' title='image "/cluster/home/n/w/nwhite01/storage/ocr_20150623/125:no.3/coo.31924054870302/466.png"; bbox 0 0 4082 6418; ppageno 0'>
   <div class='ocr_carea' id='block_1_1' title="bbox 386 324 501 389">
    <p class='ocr_par' dir='ltr' id='par_1_1' title="bbox 386 324 501 389">
     <span class='ocr_line' id='line_1_1' title="bbox 386 324 501 389; baseline 0 0"><span class='ocrx_word' id='word_1_1' title='bbox 386 324 501 389; x_wconf 73' lang='lat'><strong>917</strong></span> 
     </span>
    </p>
   </div>
   <div class='ocr_carea' id='block_1_2' title="bbox 998 320 3109 390">
    <p class='ocr_par' dir='ltr' id='par_1_2' title="bbox 998 320 3109 390">
     <span class='ocr_line' id='line_1_2' title="bbox 998 320 3109 390; baseline 0 -3"><span class='ocrx_word' id='word_1_2' title='bbox 998 325 1533 389; x_wconf 77' lang='lat' dir='ltr'><strong>EXPOSI‘I‘IONIS</strong></span> <span class='ocrx_word' id='word_1_3' title='bbox 1576 328 1660 389; x_wconf 92' lang='lat' dir='ltr'>IN</span> <span class='ocrx_word' id='word_1_4' title='bbox 1697 327 1891 389; x_wconf 82' lang='lat' dir='ltr'><strong>ACTA</strong></span> <span class='ocrx_word' id='word_1_5' title='bbox 1927 328 2229 390; x_wconf 82' lang='lat' dir='ltr'><strong>TEXTUS</strong></span> <span class='ocrx_word' id='word_1_6' title='bbox 2266 326 2537 388; x_wconf 76' lang='lat' dir='ltr'><strong>ALTER.</strong></span> <span class='ocrx_word' id='word_1_7' title='bbox 2593 349 2666 361; x_wconf 54' lang='grc' dir='ltr'><strong>-θ</strong></span> <span class='ocrx_word' id='word_1_8' title='bbox 2695 326 2856 386; x_wconf 78' lang='lat' dir='ltr'><strong>CAP.</strong></span> <span class='ocrx_word' id='word_1_9' title='bbox 2899 325 3035 387; x_wconf 85' lang='lat' dir='ltr'><strong>VII.</strong></span> <span class='ocrx_word' id='word_1_10' title='bbox 3094 320 3109 331; x_wconf 75' lang='grc'><em>’</em></span> 
     </span>
    </p>
   </div>
   <div class='ocr_carea' id='block_1_3' title="bbox 3552 321 3658 386">
    <p class='ocr_par' dir='ltr' id='par_1_3' title="bbox 3552 321 3658 386">
     <span class='ocr_line' id='line_1_3' title="bbox 3552 321 3658 386; baseline -0.009 0"><span class='ocrx_word' id='word_1_11' title='bbox 3552 321 3658 386; x_wconf 82' lang='grc'><strong>918</strong></span> 
     </span>
    </p>
   </div>
   <div class='ocr_carea' id='block_1_4' title="bbox 386 430 1982 517">
    <p class='ocr_par' dir='ltr' id='par_1_4' title="bbox 386 430 1963 515">
     <span class='ocr_line' id='line_1_4' title="bbox 386 430 1963 515; baseline 0.002 -21"><span class='ocrx_word' id='word_1_12' title='bbox 386 437 604 505; x_wconf 73' lang='grc' dir='ltr'>τούτου,</span> <span class='ocrx_word' id='word_1_13' title='bbox 635 430 699 493; x_wconf 79' lang='grc' dir='ltr'>οὗ</span> <span class='ocrx_word' id='word_1_14' title='bbox 725 437 821 492; x_wconf 90' lang='grc' dir='ltr'>νῦν</span> <span class='ocrx_word' id='word_1_15' title='bbox 845 440 1006 510; x_wconf 75' lang='grc' dir='ltr'>ὑμεῖς</span> <span class='ocrx_word' id='word_1_16' title='bbox 1025 442 1284 512; x_wconf 77' lang='grc' dir='ltr'>προδόται</span> <span class='ocrx_word' id='word_1_17' title='bbox 1303 445 1400 497; x_wconf 73' lang='grc' dir='ltr'>καὶ</span> <span class='ocrx_word' id='word_1_18' title='bbox 1428 447 1612 511; x_wconf 78' lang='grc' dir='ltr'><strong>φονεῖς</strong></span> <span class='ocrx_word' id='word_1_19' title='bbox 1640 442 1963 515; x_wconf 80' lang='grc' dir='ltr'>γεγένησθε’</span> 
     </span>
    </p>
   </div>
   <div class='ocr_carea' id='block_1_5' title="bbox 2088 430 3659 517">
    <p class='ocr_par' dir='ltr' id='par_1_5' title="bbox 2088 436 3659 514">
     <span class='ocr_line' id='line_1_5' title="bbox 2088 436 3659 514; baseline -0.006 -14"><span class='ocrx_word' id='word_1_20' title='bbox 2088 439 2776 514; x_wconf 70' lang='grc' dir='ltr'>ποόίιοτοεζειιιοιυίεἰάω</span> <span class='ocrx_word' id='word_1_21' title='bbox 2823 439 3051 496; x_wconf 81' lang='lat' dir='ltr'><strong>fuistis:</strong></span> <span class='ocrx_word' id='word_1_22' title='bbox 3090 437 3196 504; x_wconf 81' lang='lat' dir='ltr'><strong>Qui</strong></span> <span class='ocrx_word' id='word_1_23' title='bbox 3251 436 3552 506; x_wconf 85' lang='lat' dir='ltr'><strong>accepistis</strong></span> <span class='ocrx_word' id='word_1_24' title='bbox 3579 439 3659 492; x_wconf 86' lang='lat' dir='ltr'><strong>le-</strong></span> 
     </span>
    </p>
   </div>
   <div class='ocr_carea' id='block_1_6' title="bbox 385 530 1962 605">
    <p class='ocr_par' dir='ltr' id='par_1_6' title="bbox 385 530 1962 605">
     <span class='ocr_line' id='line_1_6' title="bbox 385 530 1962 605; baseline 0.001 -18"><span class='ocrx_word' id='word_1_25' title='bbox 385 531 582 594; x_wconf 75' lang='grc' dir='ltr'>οἵτινες</span> <span class='ocrx_word' id='word_1_26' title='bbox 637 530 863 586; x_wconf 78' lang='grc' dir='ltr'>ἐλάϐετε</span> <span class='ocrx_word' id='word_1_27' title='bbox 913 532 1009 587; x_wconf 84' lang='grc' dir='ltr'>τόν</span> <span class='ocrx_word' id='word_1_28' title='bbox 1070 535 1235 604; x_wconf 83' lang='grc' dir='ltr'>νόμον</span> <span class='ocrx_word' id='word_1_29' title='bbox 1263 538 1345 599; x_wconf 86' lang='grc' dir='ltr'><strong>εἰς</strong></span> <span class='ocrx_word' id='word_1_30' title='bbox 1396 537 1663 604; x_wconf 79' lang='grc' dir='ltr'><strong>διαταγὰς</strong></span> <span class='ocrx_word' id='word_1_31' title='bbox 1689 537 1962 605; x_wconf 77' lang='grc' dir='ltr'>ἀγγέλων,</span> 
     </span>
    </p>
   </div>
   <div class='ocr_carea' id='block_1_7' title="bbox 387 620 1964 699">
    <p class='ocr_par' dir='ltr' id='par_1_7' title="bbox 387 620 1964 699">
     <span class='ocr_line' id='line_1_7' title="bbox 387 620 1964 699; baseline 0.006 -25"><span class='ocrx_word' id='word_1_32' title='bbox 387 620 484 675; x_wconf 80' lang='grc' dir='ltr'><strong>καὶ</strong></span> <span class='ocrx_word' id='word_1_33' title='bbox 501 620 603 675; x_wconf 81' lang='grc' dir='ltr'><strong>οῦκ</strong></span> <span class='ocrx_word' id='word_1_34' title='bbox 627 621 954 688; x_wconf 77' lang='grc' dir='ltr'>ἐφυλάξατε.</span> <span class='ocrx_word' id='word_1_35' title='bbox 1002 623 1324 690; x_wconf 79' lang='grc' dir='ltr'><strong>Ἀκούοντες</strong></span> <span class='ocrx_word' id='word_1_36' title='bbox 1352 626 1408 681; x_wconf 77' lang='grc' dir='ltr'><strong>δὲ</strong></span> <span class='ocrx_word' id='word_1_37' title='bbox 1427 629 1619 692; x_wconf 83' lang='grc' dir='ltr'><strong>ταῦτα¹</strong></span> <span class='ocrx_word' id='word_1_38' title='bbox 1652 624 1964 699; x_wconf 62' lang='grc' dir='ltr'>διεπρίοντο</span> 
     </span>
    </p>
   </div>
   <div class='ocr_carea' id='block_1_8' title="bbox 384 713 1963 788">
    <p class='ocr_par' dir='ltr' id='par_1_8' title="bbox 384 713 1963 788">
     <span class='ocr_line' id='line_1_8' title="bbox 384 713 1963 788; baseline 0.004 -22"><span class='ocrx_word' id='word_1_39' title='bbox 384 715 509 774; x_wconf 80' lang='grc' dir='ltr'>ταῖς</span> <span class='ocrx_word' id='word_1_40' title='bbox 543 713 798 784; x_wconf 76' lang='grc' dir='ltr'><strong>καρδίαις</strong></span> <span class='ocrx_word' id='word_1_41' title='bbox 825 714 1008 769; x_wconf 83' lang='grc' dir='ltr'>αὐτῶν</span> <span class='ocrx_word' id='word_1_42' title='bbox 1027 754 1043 780; x_wconf 86' lang='grc'><strong>,</strong></span> <span class='ocrx_word' id='word_1_43' title='bbox 1079 716 1176 770; x_wconf 77' lang='grc' dir='ltr'>καὶ</span> <span class='ocrx_word' id='word_1_44' title='bbox 1200 716 1433 788; x_wconf 74' lang='grc' dir='ltr'>ἔϐρυχον</span> <span class='ocrx_word' id='word_1_45' title='bbox 1466 719 1594 783; x_wconf 77' lang='grc' dir='ltr'>τοὺς</span> <span class='ocrx_word' id='word_1_46' title='bbox 1617 719 1837 784; x_wconf 81' lang='grc' dir='ltr'><strong>ὀδόντας</strong></span> <span class='ocrx_word' id='word_1_47' title='bbox 1874 719 1963 773; x_wconf 82' lang='grc' dir='ltr'>ἐπ’</span> 
     </span>
    </p>
   </div>
   <div class='ocr_carea' id='block_1_9' title="bbox 385 802 1968 878">
    <p class='ocr_par' dir='ltr' id='par_1_9' title="bbox 385 802 1968 878">
     <span class='ocr_line' id='line_1_9' title="bbox 385 802 1968 878; baseline 0.004 -22"><span class='ocrx_word' id='word_1_48' title='bbox 385 802 571 857; x_wconf 81' lang='grc' dir='ltr'>αὐτόν.</span> <span class='ocrx_word' id='word_1_49' title='bbox 627 803 920 875; x_wconf 78' lang='grc' dir='ltr'>Ύπάρχων</span> <span class='ocrx_word' id='word_1_50' title='bbox 945 805 1003 859; x_wconf 77' lang='grc' dir='ltr'><strong>δὲ</strong></span> <span class='ocrx_word' id='word_1_51' title='bbox 1048 805 1320 875; x_wconf 80' lang='grc' dir='ltr'>Στέφανος</span> <span class='ocrx_word' id='word_1_52' title='bbox 1350 808 1599 878; x_wconf 80' lang='grc' dir='ltr'>πλήρης</span> <span class='ocrx_word' id='word_1_53' title='bbox 1646 808 1968 877; x_wconf 68' lang='grc' dir='ltr'>Πνεῦμα-τος</span> 
     </span>
    </p>
   </div>
   <div class='ocr_carea' id='block_1_10' title="bbox 361 893 1960 969">
    <p class='ocr_par' dir='ltr' id='par_1_10' title="bbox 361 893 1960 969">
     <span class='ocr_line' id='line_1_10' title="bbox 361 893 1960 969; baseline 0.006 -22"><span class='ocrx_word' id='word_1_54' title='bbox 361 893 567 961; x_wconf 72' lang='grc' dir='ltr'>⁵·ἀγίου,</span> <span class='ocrx_word' id='word_1_55' title='bbox 626 895 880 959; x_wconf 81' lang='grc' dir='ltr'><strong>ἀτενίσας</strong></span> <span class='ocrx_word' id='word_1_56' title='bbox 902 897 983 958; x_wconf 88' lang='grc' dir='ltr'><strong>εἰς</strong></span> <span class='ocrx_word' id='word_1_57' title='bbox 1028 897 1120 952; x_wconf 82' lang='grc' dir='ltr'><strong>τὸν</strong></span> <span class='ocrx_word' id='word_1_58' title='bbox 1168 900 1419 967; x_wconf 80' lang='grc' dir='ltr'>οὐρανὸν,</span> <span class='ocrx_word' id='word_1_59' title='bbox 1466 897 1579 955; x_wconf 79' lang='grc' dir='ltr'>εἶδε</span> <span class='ocrx_word' id='word_1_60' title='bbox 1608 901 1772 968; x_wconf 77' lang='grc' dir='ltr'>δόξαν</span> <span class='ocrx_word' id='word_1_61' title='bbox 1799 902 1960 969; x_wconf 85' lang='grc' dir='ltr'>Θεοῦ,</span> 
     </span>
    </p>
   </div>
   <div class='ocr_carea' id='block_1_11' title="bbox 353 1420 362 1465">
    <p class='ocr_par' dir='ltr' id='par_1_11' title="bbox 353 1420 362 1465">
     <span class='ocr_line' id='line_1_11' title="bbox 353 1420 362 1465; baseline 0 0"><span class='ocrx_word' id='word_1_62' title='bbox 353 1420 362 1465; x_wconf 83' lang='grc' dir='ltr'>ι</span> 
     </span>
    </p>
   </div>
   <div class='ocr_carea' id='block_1_12' title="bbox 355 1479 363 1557">
    <p class='ocr_par' dir='ltr' id='par_1_12' title="bbox 355 1479 363 1557">
     <span class='ocr_line' id='line_1_12' title="bbox 355 1479 363 1557; baseline 0 0"><span class='ocrx_word' id='word_1_63' title='bbox 355 1479 363 1557; x_wconf 80' lang='lat' dir='ltr'><strong>l</strong></span> 
     </span>
    </p>
   </div>
   <div class='ocr_carea' id='block_1_13' title="bbox 386 983 1964 1058">
    <p class='ocr_par' dir='ltr' id='par_1_13' title="bbox 386 983 1964 1058">
     <span class='ocr_line' id='line_1_13' title="bbox 386 983 1964 1058; baseline 0.008 -21"><span class='ocrx_word' id='word_1_64' title='bbox 386 983 487 1039; x_wconf 72' lang='grc' dir='ltr'>καὶ</span> <span class='ocrx_word' id='word_1_65' title='bbox 525 985 735 1055; x_wconf 82' lang='grc' dir='ltr'><strong>Ἰησοῦν</strong></span> <span class='ocrx_word' id='word_1_66' title='bbox 795 989 1008 1043; x_wconf 84' lang='grc' dir='ltr'>ἐστῶτα</span> <span class='ocrx_word' id='word_1_67' title='bbox 1044 991 1108 1045; x_wconf 82' lang='grc' dir='ltr'><strong>ἐκ</strong></span> <span class='ocrx_word' id='word_1_68' title='bbox 1150 991 1343 1058; x_wconf 81' lang='grc' dir='ltr'>δεξιῶν</span> <span class='ocrx_word' id='word_1_69' title='bbox 1392 993 1582 1057; x_wconf 75' lang='grc' dir='ltr'>αὐτοῦ,</span> <span class='ocrx_word' id='word_1_70' title='bbox 1626 993 1722 1048; x_wconf 75' lang='grc' dir='ltr'><strong>καὶ</strong></span> <span class='ocrx_word' id='word_1_71' title='bbox 1775 990 1964 1049; x_wconf 74' lang='grc' dir='ltr'>εἵπενο</span> 
     </span>
    </p>
   </div>
   <div class='ocr_carea' id='block_1_14' title="bbox 399 1075 1969 1156">
    <p class='ocr_par' dir='ltr' id='par_1_14' title="bbox 399 1075 1969 1156">
     <span class='ocr_line' id='line_1_14' title="bbox 399 1075 1969 1156; baseline 0.007 -27"><span class='ocrx_word' id='word_1_72' title='bbox 399 1075 530 1130; x_wconf 83' lang='grc' dir='ltr'>Ἰδοὺ</span> <span class='ocrx_word' id='word_1_73' title='bbox 552 1076 665 1144; x_wconf 83' lang='grc' dir='ltr'>ἐγὼ</span> <span class='ocrx_word' id='word_1_74' title='bbox 712 1077 903 1147; x_wconf 85' lang='grc' dir='ltr'>θεωρῶ</span> <span class='ocrx_word' id='word_1_75' title='bbox 952 1083 1079 1145; x_wconf 83' lang='grc' dir='ltr'>τοὺς</span> <span class='ocrx_word' id='word_1_76' title='bbox 1129 1081 1394 1151; x_wconf 77' lang='grc' dir='ltr'>οὐρανοὺς</span> <span class='ocrx_word' id='word_1_77' title='bbox 1435 1085 1841 1156; x_wconf 80' lang='grc' dir='ltr'>ἀνεῳγμένους,</span> <span class='ocrx_word' id='word_1_78' title='bbox 1871 1090 1969 1142; x_wconf 80' lang='grc' dir='ltr'>καὶ</span> 
     </span>
    </p>
   </div>
   <div class='ocr_carea' id='block_1_15' title="bbox 384 1167 1965 1241">
    <p class='ocr_par' dir='ltr' id='par_1_15' title="bbox 384 1167 1965 1241">
     <span class='ocr_line' id='line_1_15' title="bbox 384 1167 1965 1241; baseline 0.008 -21"><span class='ocrx_word' id='word_1_79' title='bbox 384 1167 479 1220; x_wconf 86' lang='grc' dir='ltr'><strong>τὸν</strong></span> <span class='ocrx_word' id='word_1_80' title='bbox 512 1167 641 1221; x_wconf 86' lang='grc' dir='ltr'>Υίὸν</span> <span class='ocrx_word' id='word_1_81' title='bbox 665 1168 760 1223; x_wconf 88' lang='grc' dir='ltr'><strong>τοῦ</strong></span> <span class='ocrx_word' id='word_1_82' title='bbox 785 1169 1077 1241; x_wconf 85' lang='grc' dir='ltr'>ἀνθρώπου</span> <span class='ocrx_word' id='word_1_83' title='bbox 1111 1172 1177 1226; x_wconf 85' lang='grc' dir='ltr'><strong>ἐκ</strong></span> <span class='ocrx_word' id='word_1_84' title='bbox 1205 1171 1398 1237; x_wconf 82' lang='grc' dir='ltr'>δεξιῶν</span> <span class='ocrx_word' id='word_1_85' title='bbox 1426 1175 1639 1229; x_wconf 80' lang='grc' dir='ltr'>ἑστῶτα</span> <span class='ocrx_word' id='word_1_86' title='bbox 1670 1177 1766 1231; x_wconf 90' lang='grc' dir='ltr'><strong>τοῦ</strong></span> <span class='ocrx_word' id='word_1_87' title='bbox 1801 1178 1965 1234; x_wconf 83' lang='grc' dir='ltr'>Θεοῦ.</span> 
     </span>
    </p>
   </div>
   <div class='ocr_carea' id='block_1_16' title="bbox 388 1258 1968 1337">
    <p class='ocr_par' dir='ltr' id='par_1_16' title="bbox 388 1258 1968 1337">
     <span class='ocr_line' id='line_1_16' title="bbox 388 1258 1968 1337; baseline 0.008 -26"><span class='ocrx_word' id='word_1_88' title='bbox 388 1258 706 1329; x_wconf 75' lang='grc' dir='ltr'>Κράξαντες</span> <span class='ocrx_word' id='word_1_89' title='bbox 729 1261 784 1314; x_wconf 76' lang='grc' dir='ltr'>δὲ</span> <span class='ocrx_word' id='word_1_90' title='bbox 815 1265 966 1334; x_wconf 80' lang='grc' dir='ltr'>φωνῇ</span> <span class='ocrx_word' id='word_1_91' title='bbox 1005 1264 1220 1337; x_wconf 81' lang='grc' dir='ltr'><strong>μεγάλῃ</strong></span> <span class='ocrx_word' id='word_1_92' title='bbox 1251 1265 1511 1336; x_wconf 81' lang='grc' dir='ltr'><strong>συνέσχον</strong></span> <span class='ocrx_word' id='word_1_93' title='bbox 1526 1266 1596 1321; x_wconf 82' lang='grc' dir='ltr'><strong>τὰ</strong></span> <span class='ocrx_word' id='word_1_94' title='bbox 1625 1261 1742 1322; x_wconf 82' lang='grc' dir='ltr'>ὦτα</span> <span class='ocrx_word' id='word_1_95' title='bbox 1766 1269 1968 1337; x_wconf 82' lang='grc' dir='ltr'>αὐτῶν,</span> 
     </span>
    </p>
   </div>
   <div class='ocr_carea' id='block_1_17' title="bbox 388 1347 1969 1424">
    <p class='ocr_par' dir='ltr' id='par_1_17' title="bbox 388 1347 1969 1424">
     <span class='ocr_line' id='line_1_17' title="bbox 388 1347 1969 1424; baseline 0.007 -23"><span class='ocrx_word' id='word_1_96' title='bbox 388 1347 485 1402; x_wconf 73' lang='grc' dir='ltr'><strong>καί¹</strong></span> <span class='ocrx_word' id='word_1_97' title='bbox 521 1347 786 1419; x_wconf 78' lang='grc' dir='ltr'>ὥρμησαν</span> <span class='ocrx_word' id='word_1_98' title='bbox 811 1351 1156 1423; x_wconf 78' lang='grc' dir='ltr'><strong>ὁμοθυμαδὸν</strong></span> <span class='ocrx_word' id='word_1_99' title='bbox 1182 1357 1271 1408; x_wconf 84' lang='grc' dir='ltr'>ἐπ’</span> <span class='ocrx_word' id='word_1_100' title='bbox 1292 1356 1479 1410; x_wconf 82' lang='grc' dir='ltr'>αὐτόν.</span> <span class='ocrx_word' id='word_1_101' title='bbox 1504 1357 1613 1410; x_wconf 75' lang='grc' dir='ltr'><strong>Καὶ</strong></span> <span class='ocrx_word' id='word_1_102' title='bbox 1645 1358 1969 1424; x_wconf 83' lang='grc' dir='ltr'>ἐκϐαλόντες</span> 
     </span>
    </p>
   </div>
   <div class='ocr_carea' id='block_1_18' title="bbox 388 1441 1973 1519">
    <p class='ocr_par' dir='ltr' id='par_1_18' title="bbox 388 1441 1973 1519">
     <span class='ocr_line' id='line_1_18' title="bbox 388 1441 1973 1519; baseline 0.006 -27"><span class='ocrx_word' id='word_1_103' title='bbox 388 1441 555 1493; x_wconf 82' lang='grc' dir='ltr'>αὐτὸν</span> <span class='ocrx_word' id='word_1_104' title='bbox 582 1441 690 1507; x_wconf 72' lang='grc' dir='ltr'>ἔξω</span> <span class='ocrx_word' id='word_1_105' title='bbox 706 1442 806 1511; x_wconf 83' lang='grc' dir='ltr'>τῆς</span> <span class='ocrx_word' id='word_1_106' title='bbox 841 1444 1063 1508; x_wconf 74' lang='grc' dir='ltr'>πόλεως</span> <span class='ocrx_word' id='word_1_107' title='bbox 1087 1445 1449 1501; x_wconf 81' lang='grc' dir='ltr'>ἐλιθοϐόλουν.</span> <span class='ocrx_word' id='word_1_108' title='bbox 1477 1446 1588 1502; x_wconf 80' lang='grc' dir='ltr'><strong>Καὶ</strong></span> <span class='ocrx_word' id='word_1_109' title='bbox 1612 1449 1660 1500; x_wconf 89' lang='grc' dir='ltr'><strong>οἰ</strong></span> <span class='ocrx_word' id='word_1_110' title='bbox 1696 1448 1973 1519; x_wconf 81' lang='grc' dir='ltr'>μάρτυρες</span> 
     </span>
    </p>
   </div>
   <div class='ocr_carea' id='block_1_19' title="bbox 388 1532 1972 1608">
    <p class='ocr_par' dir='ltr' id='par_1_19' title="bbox 388 1532 1972 1608">
     <span class='ocr_line' id='line_1_19' title="bbox 388 1532 1972 1608; baseline 0.005 -22"><span class='ocrx_word' id='word_1_111' title='bbox 388 1532 660 1588; x_wconf 81' lang='grc' dir='ltr'><strong>ἀπέθεντο</strong></span> <span class='ocrx_word' id='word_1_112' title='bbox 684 1533 758 1586; x_wconf 80' lang='grc' dir='ltr'>τὰ</span> <span class='ocrx_word' id='word_1_113' title='bbox 790 1535 980 1606; x_wconf 79' lang='grc' dir='ltr'>ἱμάτια</span> <span class='ocrx_word' id='word_1_114' title='bbox 1010 1537 1193 1591; x_wconf 79' lang='grc' dir='ltr'>αὐτῶν</span> <span class='ocrx_word' id='word_1_115' title='bbox 1225 1538 1378 1608; x_wconf 86' lang='grc' dir='ltr'><strong>παρά</strong></span> <span class='ocrx_word' id='word_1_116' title='bbox 1407 1539 1536 1602; x_wconf 75' lang='grc' dir='ltr'>τοὺς</span> <span class='ocrx_word' id='word_1_117' title='bbox 1563 1539 1732 1603; x_wconf 81' lang='grc' dir='ltr'>πόδας</span> <span class='ocrx_word' id='word_1_118' title='bbox 1757 1542 1972 1594; x_wconf 77' lang='grc' dir='ltr'>νεανίου</span> 
     </span>
    </p>
   </div>
   <div class='ocr_carea' id='block_1_20' title="bbox 391 1625 1974 1702">
    <p class='ocr_par' dir='ltr' id='par_1_20' title="bbox 391 1625 1974 1702">
     <span class='ocr_line' id='line_1_20' title="bbox 391 1625 1974 1702; baseline 0.006 -25"><span class='ocrx_word' id='word_1_119' title='bbox 391 1625 732 1696; x_wconf 77' lang='grc' dir='ltr'><strong>καλουμένου</strong></span> <span class='ocrx_word' id='word_1_120' title='bbox 766 1627 997 1684; x_wconf 86' lang='grc' dir='ltr'>Σαύλου.</span> <span class='ocrx_word' id='word_1_121' title='bbox 1052 1629 1162 1682; x_wconf 76' lang='grc' dir='ltr'>Καὶ</span> <span class='ocrx_word' id='word_1_122' title='bbox 1207 1629 1546 1684; x_wconf 75' lang='grc' dir='ltr'>ἐλιθοϐόλουν</span> <span class='ocrx_word' id='word_1_123' title='bbox 1567 1632 1658 1686; x_wconf 86' lang='grc' dir='ltr'><strong>τὸν</strong></span> <span class='ocrx_word' id='word_1_124' title='bbox 1699 1631 1974 1702; x_wconf 78' lang='grc' dir='ltr'>Στέφανον</span> 
     </span>
    </p>
   </div>
   <div class='ocr_carea' id='block_1_21' title="bbox 389 1715 1971 1793">
    <p class='ocr_par' dir='ltr' id='par_1_21' title="bbox 389 1715 1971 1793">
     <span class='ocr_line' id='line_1_21' title="bbox 389 1715 1971 1793; baseline 0.007 -26"><span class='ocrx_word' id='word_1_125' title='bbox 389 1715 826 1787; x_wconf 79' lang='grc' dir='ltr'>ἐπικαλούμενον</span> <span class='ocrx_word' id='word_1_126' title='bbox 859 1720 955 1772; x_wconf 69' lang='grc' dir='ltr'><strong>καὶ⁸</strong></span> <span class='ocrx_word' id='word_1_127' title='bbox 980 1719 1210 1788; x_wconf 78' lang='grc' dir='ltr'>λέγοντα</span> <span class='ocrx_word' id='word_1_128' title='bbox 1231 1738 1244 1753; x_wconf 78' lang='grc'><em>’</em></span> <span class='ocrx_word' id='word_1_129' title='bbox 1287 1722 1462 1792; x_wconf 83' lang='grc' dir='ltr'>Κύριε</span> <span class='ocrx_word' id='word_1_130' title='bbox 1504 1722 1703 1793; x_wconf 80' lang='grc' dir='ltr'><strong>Ἰησοῦ,</strong></span> <span class='ocrx_word' id='word_1_131' title='bbox 1731 1723 1883 1788; x_wconf 78' lang='grc' dir='ltr'>δέξαι</span> <span class='ocrx_word' id='word_1_132' title='bbox 1909 1725 1971 1779; x_wconf 90' lang='grc' dir='ltr'><strong>τὸ</strong></span> 
     </span>
    </p>
   </div>
   <div class='ocr_carea' id='block_1_22' title="bbox 2076 527 3654 608">
    <p class='ocr_par' dir='ltr' id='par_1_22' title="bbox 2076 527 3654 608">
     <span class='ocr_line' id='line_1_22' title="bbox 2076 527 3654 608; baseline -0.008 -17"><span class='ocrx_word' id='word_1_133' title='bbox 2076 552 2198 608; x_wconf 74' lang='lat' dir='ltr'><strong>gem</strong></span> <span class='ocrx_word' id='word_1_134' title='bbox 2233 536 2288 590; x_wconf 88' lang='lat' dir='ltr'><strong>in</strong></span> <span class='ocrx_word' id='word_1_135' title='bbox 2317 533 2680 605; x_wconf 74' lang='lat' dir='ltr'><strong>dispositione</strong></span> <span class='ocrx_word' id='word_1_136' title='bbox 2710 533 3030 602; x_wconf 78' lang='lat' dir='ltr'><strong>angelorum</strong></span> <span class='ocrx_word' id='word_1_137' title='bbox 3071 537 3126 585; x_wconf 88' lang='lat' dir='ltr'><strong>et</strong></span> <span class='ocrx_word' id='word_1_138' title='bbox 3156 543 3267 587; x_wconf 92' lang='lat' dir='ltr'><strong>non</strong></span> <span class='ocrx_word' id='word_1_139' title='bbox 3307 527 3654 584; x_wconf 79' lang='lat' dir='ltr'><strong>custodistis.</strong></span> 
     </span>
    </p>
   </div>
   <div class='ocr_carea' id='block_1_23' title="bbox 2076 619 3658 684">
    <p class='ocr_par' dir='ltr' id='par_1_23' title="bbox 2076 619 3658 684">
     <span class='ocr_line' id='line_1_23' title="bbox 2076 619 3658 684; baseline -0.006 -2"><span class='ocrx_word' id='word_1_140' title='bbox 2076 627 2377 684; x_wconf 80' lang='lat' dir='ltr'><strong>Audientes</strong></span> <span class='ocrx_word' id='word_1_141' title='bbox 2399 635 2584 681; x_wconf 89' lang='lat' dir='ltr'><strong>autem</strong></span> <span class='ocrx_word' id='word_1_142' title='bbox 2627 624 2762 684; x_wconf 72' lang='lat' dir='ltr'><strong>iure.</strong></span> <span class='ocrx_word' id='word_1_143' title='bbox 2789 624 3213 679; x_wconf 85' lang='lat' dir='ltr'><strong>dissecahantur</strong></span> <span class='ocrx_word' id='word_1_144' title='bbox 3242 620 3506 677; x_wconf 85' lang='lat' dir='ltr'><strong>cordibus</strong></span> <span class='ocrx_word' id='word_1_145' title='bbox 3540 619 3658 674; x_wconf 83' lang='lat' dir='ltr'><strong>suis</strong></span> 
     </span>
    </p>
   </div>
   <div class='ocr_carea' id='block_1_24' title="bbox 2076 713 3659 777">
    <p class='ocr_par' dir='ltr' id='par_1_24' title="bbox 2076 713 3659 777">
     <span class='ocr_line' id='line_1_24' title="bbox 2076 713 3659 777; baseline -0.01 0"><span class='ocrx_word' id='word_1_146' title='bbox 2076 728 2132 777; x_wconf 89' lang='lat' dir='ltr'><strong>et</strong></span> <span class='ocrx_word' id='word_1_147' title='bbox 2175 720 2485 775; x_wconf 83' lang='lat' dir='ltr'><strong>stridebant</strong></span> <span class='ocrx_word' id='word_1_148' title='bbox 2513 717 2772 772; x_wconf 86' lang='lat' dir='ltr'><strong>dentibus</strong></span> <span class='ocrx_word' id='word_1_149' title='bbox 2817 715 2873 771; x_wconf 88' lang='lat' dir='ltr'><strong>in</strong></span> <span class='ocrx_word' id='word_1_150' title='bbox 2917 729 3066 771; x_wconf 90' lang='lat' dir='ltr'><strong>eum.</strong></span> <span class='ocrx_word' id='word_1_151' title='bbox 3114 713 3252 768; x_wconf 88' lang='lat' dir='ltr'><strong>Cum</strong></span> <span class='ocrx_word' id='word_1_152' title='bbox 3286 720 3471 766; x_wconf 87' lang='lat' dir='ltr'><strong>autem</strong></span> <span class='ocrx_word' id='word_1_153' title='bbox 3507 719 3659 767; x_wconf 91' lang='lat' dir='ltr'><strong>esset</strong></span> 
     </span>
    </p>
   </div>
   <div class='ocr_carea' id='block_1_25' title="bbox 2076 800 3659 883">
    <p class='ocr_par' dir='ltr' id='par_1_25' title="bbox 2076 800 3659 883">
     <span class='ocr_line' id='line_1_25' title="bbox 2076 800 3659 883; baseline -0.006 -19"><span class='ocrx_word' id='word_1_154' title='bbox 2076 812 2271 883; x_wconf 89' lang='lat' dir='ltr'><strong>plenus</strong></span> <span class='ocrx_word' id='word_1_155' title='bbox 2300 808 2507 879; x_wconf 82' lang='lat' dir='ltr'><strong>Spiritu</strong></span> <span class='ocrx_word' id='word_1_156' title='bbox 2565 815 2781 871; x_wconf 90' lang='lat' dir='ltr'><strong>sancto,</strong></span> <span class='ocrx_word' id='word_1_157' title='bbox 2831 806 3127 862; x_wconf 85' lang='lat' dir='ltr'><strong>intendens</strong></span> <span class='ocrx_word' id='word_1_158' title='bbox 3181 805 3234 859; x_wconf 90' lang='lat' dir='ltr'><strong>in</strong></span> <span class='ocrx_word' id='word_1_159' title='bbox 3267 803 3489 867; x_wconf 78' lang='lat' dir='ltr'><strong>cmlum,</strong></span> <span class='ocrx_word' id='word_1_160' title='bbox 3520 800 3659 855; x_wconf 90' lang='lat' dir='ltr'><strong>vidit</strong></span> 
     </span>
    </p>
   </div>
   <div class='ocr_carea' id='block_1_26' title="bbox 2070 892 3652 973">
    <p class='ocr_par' dir='ltr' id='par_1_26' title="bbox 2070 892 3652 973">
     <span class='ocr_line' id='line_1_26' title="bbox 2070 892 3652 973; baseline -0.009 -15"><span class='ocrx_word' id='word_1_161' title='bbox 2070 903 2301 973; x_wconf 82' lang='lat' dir='ltr'><strong>gloriam</strong></span> <span class='ocrx_word' id='word_1_162' title='bbox 2330 901 2444 967; x_wconf 86' lang='lat' dir='ltr'><strong>Dei,</strong></span> <span class='ocrx_word' id='word_1_163' title='bbox 2473 909 2529 956; x_wconf 91' lang='lat' dir='ltr'><strong>et</strong></span> <span class='ocrx_word' id='word_1_164' title='bbox 2556 899 2744 956; x_wconf 79' lang='lat' dir='ltr'><strong>Jesum</strong></span> <span class='ocrx_word' id='word_1_165' title='bbox 2772 900 3008 969; x_wconf 76' lang='lat' dir='ltr'><strong>stantetn</strong></span> <span class='ocrx_word' id='word_1_166' title='bbox 3026 896 3282 952; x_wconf 78' lang='lat' dir='ltr'><strong>adextris</strong></span> <span class='ocrx_word' id='word_1_167' title='bbox 3308 895 3423 949; x_wconf 91' lang='lat' dir='ltr'><strong>Dei.</strong></span> <span class='ocrx_word' id='word_1_168' title='bbox 3447 893 3515 948; x_wconf 87' lang='lat' dir='ltr'><strong>Et</strong></span> <span class='ocrx_word' id='word_1_169' title='bbox 3536 892 3613 948; x_wconf 89' lang='lat' dir='ltr'><strong>ait</strong></span> <span class='ocrx_word' id='word_1_170' title='bbox 3637 908 3652 944; x_wconf 90' lang='lat'><strong>:</strong></span> 
     </span>
    </p>
   </div>
   <div class='ocr_carea' id='block_1_27' title="bbox 2078 985 3660 1063">
    <p class='ocr_par' dir='ltr' id='par_1_27' title="bbox 2078 985 3660 1063">
     <span class='ocr_line' id='line_1_27' title="bbox 2078 985 3660 1063; baseline -0.007 -13"><span class='ocrx_word' id='word_1_171' title='bbox 2078 995 2216 1057; x_wconf 83' lang='lat' dir='ltr'><strong>Ecce</strong></span> <span class='ocrx_word' id='word_1_172' title='bbox 2238 993 2397 1051; x_wconf 86' lang='lat' dir='ltr'><strong>video</strong></span> <span class='ocrx_word' id='word_1_173' title='bbox 2426 994 2597 1049; x_wconf 70' lang='lat' dir='ltr'><strong>castos</strong></span> <span class='ocrx_word' id='word_1_174' title='bbox 2646 1002 2888 1063; x_wconf 87' lang='lat' dir='ltr'><strong>apertos,</strong></span> <span class='ocrx_word' id='word_1_175' title='bbox 2928 998 2985 1046; x_wconf 89' lang='lat' dir='ltr'><strong>et</strong></span> <span class='ocrx_word' id='word_1_176' title='bbox 3014 988 3209 1045; x_wconf 84' lang='lat' dir='ltr'><strong>Filium</strong></span> <span class='ocrx_word' id='word_1_177' title='bbox 3240 985 3660 1058; x_wconf 71' lang='lat' dir='ltr'><strong>230hominis</strong></span> 
     </span>
    </p>
   </div>
   <div class='ocr_carea' id='block_1_28' title="bbox 2078 1080 3662 1141">
    <p class='ocr_par' dir='ltr' id='par_1_28' title="bbox 2078 1080 3662 1141">
     <span class='ocr_line' id='line_1_28' title="bbox 2078 1080 3662 1141; baseline -0.007 0"><span class='ocrx_word' id='word_1_178' title='bbox 2078 1094 2316 1141; x_wconf 77' lang='lat' dir='ltr'><strong>stantem</strong></span> <span class='ocrx_word' id='word_1_179' title='bbox 2355 1098 2385 1137; x_wconf 87' lang='lat' dir='ltr'><strong>a</strong></span> <span class='ocrx_word' id='word_1_180' title='bbox 2416 1084 2622 1139; x_wconf 76' lang='lat' dir='ltr'><strong>dextris</strong></span> <span class='ocrx_word' id='word_1_181' title='bbox 2677 1081 2792 1137; x_wconf 89' lang='lat' dir='ltr'><strong>Dei.</strong></span> <span class='ocrx_word' id='word_1_182' title='bbox 2827 1080 3216 1137; x_wconf 77' lang='lat' dir='ltr'><strong>Exclamantes</strong></span> <span class='ocrx_word' id='word_1_183' title='bbox 3277 1088 3461 1139; x_wconf 82' lang='lat' dir='ltr'><strong>autem</strong></span> <span class='ocrx_word' id='word_1_184' title='bbox 3524 1090 3662 1131; x_wconf 87' lang='lat' dir='ltr'><strong>voce</strong></span> 
     </span>
    </p>
   </div>
   <div class='ocr_carea' id='block_1_29' title="bbox 2080 1169 3662 1248">
    <p class='ocr_par' dir='ltr' id='par_1_29' title="bbox 2080 1169 3662 1248">
     <span class='ocr_line' id='line_1_29' title="bbox 2080 1169 3662 1248; baseline -0.004 -16"><span class='ocrx_word' id='word_1_185' title='bbox 2080 1191 2274 1248; x_wconf 82' lang='lat' dir='ltr'><strong>magna</strong></span> <span class='ocrx_word' id='word_1_186' title='bbox 2314 1177 2712 1233; x_wconf 86' lang='lat' dir='ltr'><strong>continuerunt</strong></span> <span class='ocrx_word' id='word_1_187' title='bbox 2749 1189 2911 1231; x_wconf 86' lang='lat' dir='ltr'><strong>aures</strong></span> <span class='ocrx_word' id='word_1_188' title='bbox 2948 1188 3103 1237; x_wconf 89' lang='lat' dir='ltr'><strong>suas,</strong></span> <span class='ocrx_word' id='word_1_189' title='bbox 3130 1181 3186 1227; x_wconf 91' lang='lat' dir='ltr'><strong>et</strong></span> <span class='ocrx_word' id='word_1_190' title='bbox 3220 1172 3487 1242; x_wconf 85' lang='lat' dir='ltr'><strong>impetum</strong></span> <span class='ocrx_word' id='word_1_191' title='bbox 3514 1169 3662 1225; x_wconf 82' lang='lat' dir='ltr'><strong>fece-</strong></span> 
     </span>
    </p>
   </div>
   <div class='ocr_carea' id='block_1_30' title="bbox 2080 1264 3661 1334">
    <p class='ocr_par' dir='ltr' id='par_1_30' title="bbox 2080 1264 3661 1334">
     <span class='ocr_line' id='line_1_30' title="bbox 2080 1264 3661 1334; baseline -0.007 -9"><span class='ocrx_word' id='word_1_192' title='bbox 2080 1280 2209 1326; x_wconf 87' lang='lat' dir='ltr'><strong>runt</strong></span> <span class='ocrx_word' id='word_1_193' title='bbox 2243 1268 2577 1324; x_wconf 89' lang='lat' dir='ltr'><strong>unanimiter</strong></span> <span class='ocrx_word' id='word_1_194' title='bbox 2625 1268 2683 1322; x_wconf 89' lang='lat' dir='ltr'><strong>in</strong></span> <span class='ocrx_word' id='word_1_195' title='bbox 2702 1281 2851 1322; x_wconf 85' lang='lat' dir='ltr'><strong>eum.</strong></span> <span class='ocrx_word' id='word_1_196' title='bbox 2906 1265 2973 1320; x_wconf 87' lang='lat' dir='ltr'><strong>Et</strong></span> <span class='ocrx_word' id='word_1_197' title='bbox 3025 1264 3312 1334; x_wconf 84' lang='lat' dir='ltr'><strong>ejicientes</strong></span> <span class='ocrx_word' id='word_1_198' title='bbox 3351 1278 3478 1317; x_wconf 89' lang='lat' dir='ltr'><strong>cum</strong></span> <span class='ocrx_word' id='word_1_199' title='bbox 3506 1268 3661 1316; x_wconf 72' lang='lat' dir='ltr'><strong>extra</strong></span> 
     </span>
    </p>
   </div>
   <div class='ocr_carea' id='block_1_31' title="bbox 2080 1353 3662 1429">
    <p class='ocr_par' dir='ltr' id='par_1_31' title="bbox 2080 1353 3662 1429">
     <span class='ocr_line' id='line_1_31' title="bbox 2080 1353 3662 1429; baseline -0.008 -12"><span class='ocrx_word' id='word_1_200' title='bbox 2080 1361 2361 1417; x_wconf 86' lang='lat' dir='ltr'><strong>civitatem</strong></span> <span class='ocrx_word' id='word_1_201' title='bbox 2406 1357 2759 1429; x_wconf 85' lang='lat' dir='ltr'><strong>lapidabant;</strong></span> <span class='ocrx_word' id='word_1_202' title='bbox 2789 1368 2845 1414; x_wconf 88' lang='lat' dir='ltr'><strong>et</strong></span> <span class='ocrx_word' id='word_1_203' title='bbox 2872 1364 3051 1413; x_wconf 84' lang='lat' dir='ltr'><strong>testes</strong></span> <span class='ocrx_word' id='word_1_204' title='bbox 3087 1355 3465 1426; x_wconf 84' lang='lat' dir='ltr'><strong>deposuerunt</strong></span> <span class='ocrx_word' id='word_1_205' title='bbox 3490 1353 3662 1407; x_wconf 87' lang='lat' dir='ltr'><strong>vesti-</strong></span> 
     </span>
    </p>
   </div>
   <div class='ocr_carea' id='block_1_32' title="bbox 2082 1444 3665 1520">
    <p class='ocr_par' dir='ltr' id='par_1_32' title="bbox 2082 1444 3665 1520">
     <span class='ocr_line' id='line_1_32' title="bbox 2082 1444 3665 1520; baseline -0.008 -11"><span class='ocrx_word' id='word_1_206' title='bbox 2082 1464 2262 1509; x_wconf 89' lang='lat' dir='ltr'><strong>menta</strong></span> <span class='ocrx_word' id='word_1_207' title='bbox 2295 1468 2396 1508; x_wconf 86' lang='lat' dir='ltr'><strong>sua</strong></span> <span class='ocrx_word' id='word_1_208' title='bbox 2424 1465 2586 1507; x_wconf 88' lang='lat' dir='ltr'><strong>secus</strong></span> <span class='ocrx_word' id='word_1_209' title='bbox 2618 1451 2787 1520; x_wconf 88' lang='lat' dir='ltr'><strong>pedes</strong></span> <span class='ocrx_word' id='word_1_210' title='bbox 2807 1448 3196 1513; x_wconf 82' lang='lat' dir='ltr'><strong>adolescentis,</strong></span> <span class='ocrx_word' id='word_1_211' title='bbox 3235 1448 3332 1517; x_wconf 90' lang='lat' dir='ltr'><strong>qui</strong></span> <span class='ocrx_word' id='word_1_212' title='bbox 3367 1444 3665 1500; x_wconf 82' lang='lat' dir='ltr'><strong>vocabatur</strong></span> 
     </span>
    </p>
   </div>
   <div class='ocr_carea' id='block_1_33' title="bbox 2084 1528 3665 1613">
    <p class='ocr_par' dir='ltr' id='par_1_33' title="bbox 2084 1528 3665 1613">
     <span class='ocr_line' id='line_1_33' title="bbox 2084 1528 3665 1613; baseline -0.006 -15"><span class='ocrx_word' id='word_1_213' title='bbox 2084 1545 2305 1600; x_wconf 86' lang='lat' dir='ltr'><strong>Saulus.</strong></span> <span class='ocrx_word' id='word_1_214' title='bbox 2345 1545 2414 1599; x_wconf 85' lang='lat' dir='ltr'><strong>Et</strong></span> <span class='ocrx_word' id='word_1_215' title='bbox 2464 1528 2782 1613; x_wconf 85' lang='lat' dir='ltr'><strong>lapidabant</strong></span> <span class='ocrx_word' id='word_1_216' title='bbox 2828 1541 3170 1613; x_wconf 82' lang='lat' dir='ltr'><strong>Stephanum</strong></span> <span class='ocrx_word' id='word_1_217' title='bbox 3218 1541 3564 1594; x_wconf 83' lang='lat' dir='ltr'><strong>invocantem</strong></span> <span class='ocrx_word' id='word_1_218' title='bbox 3610 1545 3665 1589; x_wconf 75' lang='lat' dir='ltr'><strong>rt</strong></span> 
     </span>
    </p>
   </div>
   <div class='ocr_carea' id='block_1_34' title="bbox 2081 1630 3663 1703">
    <p class='ocr_par' dir='ltr' id='par_1_34' title="bbox 2081 1630 3663 1703">
     <span class='ocr_line' id='line_1_34' title="bbox 2081 1630 3663 1703; baseline -0.009 -10"><span class='ocrx_word' id='word_1_219' title='bbox 2081 1637 2353 1693; x_wconf 86' lang='lat' dir='ltr'><strong>dicentem</strong></span> <span class='ocrx_word' id='word_1_220' title='bbox 2391 1653 2405 1690; x_wconf 90' lang='lat'><strong>:</strong></span> <span class='ocrx_word' id='word_1_221' title='bbox 2443 1630 2856 1699; x_wconf 73' lang='lat' dir='ltr'><strong>Domine&#39;Jesu,</strong></span> <span class='ocrx_word' id='word_1_222' title='bbox 2891 1632 3115 1703; x_wconf 89' lang='lat' dir='ltr'><strong>suscipe</strong></span> <span class='ocrx_word' id='word_1_223' title='bbox 3171 1630 3432 1701; x_wconf 87' lang='lat' dir='ltr'><strong>spiritum</strong></span> <span class='ocrx_word' id='word_1_224' title='bbox 3461 1644 3663 1684; x_wconf 80' lang='lat' dir='ltr'><strong>meum.</strong></span> 
     </span>
    </p>
   </div>
   <div class='ocr_carea' id='block_1_35' title="bbox 2081 1722 3667 1797">
    <p class='ocr_par' dir='ltr' id='par_1_35' title="bbox 2081 1722 3667 1797">
     <span class='ocr_line' id='line_1_35' title="bbox 2081 1722 3667 1797; baseline -0.004 -17"><span class='ocrx_word' id='word_1_225' title='bbox 2081 1726 2290 1784; x_wconf 85' lang='lat' dir='ltr'><strong>Positis</strong></span> <span class='ocrx_word' id='word_1_226' title='bbox 2331 1734 2517 1781; x_wconf 88' lang='lat' dir='ltr'><strong>autem</strong></span> <span class='ocrx_word' id='word_1_227' title='bbox 2557 1724 2814 1797; x_wconf 77' lang='lat' dir='ltr'><strong>genibus,</strong></span> <span class='ocrx_word' id='word_1_228' title='bbox 2850 1724 3109 1779; x_wconf 84' lang='lat' dir='ltr'><strong>clamavit</strong></span> <span class='ocrx_word' id='word_1_229' title='bbox 3136 1737 3275 1779; x_wconf 87' lang='lat' dir='ltr'><strong>voce</strong></span> <span class='ocrx_word' id='word_1_230' title='bbox 3310 1738 3532 1794; x_wconf 76' lang='lat' dir='ltr'><strong>magna,</strong></span> <span class='ocrx_word' id='word_1_231' title='bbox 3583 1722 3667 1775; x_wconf 89' lang='lat' dir='ltr'><strong>di-</strong></span> 
     </span>
    </p>
   </div>
   <div class='ocr_carea' id='block_1_36' title="bbox 394 1801 1982 1885">
    <p class='ocr_par' dir='ltr' id='par_1_36' title="bbox 394 1808 1969 1884">
     <span class='ocr_line' id='line_1_36' title="bbox 394 1808 1969 1884; baseline 0.004 -23"><span class='ocrx_word' id='word_1_232' title='bbox 394 1808 615 1877; x_wconf 85' lang='grc' dir='ltr'>πνεῦμά</span> <span class='ocrx_word' id='word_1_233' title='bbox 667 1826 806 1875; x_wconf 85' lang='grc' dir='ltr'><strong>μου⁹</strong></span> <span class='ocrx_word' id='word_1_234' title='bbox 843 1808 957 1874; x_wconf 78' lang='grc' dir='ltr'>θεὶς</span> <span class='ocrx_word' id='word_1_235' title='bbox 986 1809 1042 1863; x_wconf 81' lang='grc' dir='ltr'><strong>δὲ</strong></span> <span class='ocrx_word' id='word_1_236' title='bbox 1067 1812 1136 1864; x_wconf 85' lang='grc' dir='ltr'><strong>τά</strong></span> <span class='ocrx_word' id='word_1_237' title='bbox 1175 1810 1395 1879; x_wconf 87' lang='grc' dir='ltr'>γόνατα,</span> <span class='ocrx_word' id='word_1_238' title='bbox 1457 1812 1659 1883; x_wconf 72' lang='grc' dir='ltr'>ἐκραξε</span> <span class='ocrx_word' id='word_1_239' title='bbox 1690 1816 1842 1884; x_wconf 78' lang='grc' dir='ltr'>φωνῇ</span> <span class='ocrx_word' id='word_1_240' title='bbox 1877 1830 1969 1884; x_wconf 84' lang='grc' dir='ltr'><strong>με·</strong></span> 
     </span>
    </p>
   </div>
   <div class='ocr_carea' id='block_1_37' title="bbox 2088 1801 3669 1885">
    <p class='ocr_par' dir='ltr' id='par_1_37' title="bbox 2088 1812 3669 1885">
     <span class='ocr_line' id='line_1_37' title="bbox 2088 1812 3669 1885; baseline -0.006 -10"><span class='ocrx_word' id='word_1_241' title='bbox 2088 1834 2204 1875; x_wconf 88' lang='lat' dir='ltr'><strong>:ens</strong></span> <span class='ocrx_word' id='word_1_242' title='bbox 2239 1836 2255 1875; x_wconf 89' lang='lat'><strong>:</strong></span> <span class='ocrx_word' id='word_1_243' title='bbox 2287 1818 2517 1875; x_wconf 88' lang='lat' dir='ltr'><strong>Domine</strong></span> <span class='ocrx_word' id='word_1_244' title='bbox 2565 1833 2634 1873; x_wconf 90' lang='lat' dir='ltr'><strong>ne</strong></span> <span class='ocrx_word' id='word_1_245' title='bbox 2664 1826 2877 1873; x_wconf 87' lang='lat' dir='ltr'><strong>statuas</strong></span> <span class='ocrx_word' id='word_1_246' title='bbox 2916 1817 3024 1872; x_wconf 85' lang='lat' dir='ltr'><strong>illis</strong></span> <span class='ocrx_word' id='word_1_247' title='bbox 3068 1817 3172 1871; x_wconf 92' lang='lat' dir='ltr'><strong>hoc</strong></span> <span class='ocrx_word' id='word_1_248' title='bbox 3224 1824 3532 1885; x_wconf 85' lang='lat' dir='ltr'><strong>peccatum.</strong></span> <span class='ocrx_word' id='word_1_249' title='bbox 3606 1812 3669 1867; x_wconf 85' lang='lat' dir='ltr'><strong>Et</strong></span> 
     </span>
    </p>
   </div>
   <div class='ocr_carea' id='block_1_38' title="bbox 391 1900 1977 1977">
    <p class='ocr_par' dir='ltr' id='par_1_38' title="bbox 391 1900 1977 1977">
     <span class='ocr_line' id='line_1_38' title="bbox 391 1900 1977 1977; baseline 0.004 -23"><span class='ocrx_word' id='word_1_250' title='bbox 391 1902 537 1973; x_wconf 81' lang='grc' dir='ltr'>γάλῃ</span> <span class='ocrx_word' id='word_1_251' title='bbox 562 1900 738 1969; x_wconf 80' lang='grc' dir='ltr'>λέγων</span> <span class='ocrx_word' id='word_1_252' title='bbox 756 1917 770 1932; x_wconf 84' lang='grc'><strong>·</strong></span> <span class='ocrx_word' id='word_1_253' title='bbox 792 1902 991 1971; x_wconf 84' lang='grc' dir='ltr'>Κύριε,</span> <span class='ocrx_word' id='word_1_254' title='bbox 1025 1905 1100 1972; x_wconf 84' lang='grc' dir='ltr'>μὴ</span> <span class='ocrx_word' id='word_1_255' title='bbox 1121 1904 1330 1976; x_wconf 81' lang='grc' dir='ltr'><strong>στήσῃς</strong></span> <span class='ocrx_word' id='word_1_256' title='bbox 1362 1904 1548 1969; x_wconf 81' lang='grc' dir='ltr'>αὐτοῖς</span> <span class='ocrx_word' id='word_1_257' title='bbox 1575 1904 1675 1977; x_wconf 77' lang='grc' dir='ltr'>τὴν</span> <span class='ocrx_word' id='word_1_258' title='bbox 1699 1906 1977 1977; x_wconf 84' lang='grc' dir='ltr'>ἁμαρτίαν</span> 
     </span>
    </p>
   </div>
   <div class='ocr_carea' id='block_1_39' title="bbox 390 1993 1468 2071">
    <p class='ocr_par' dir='ltr' id='par_1_39' title="bbox 390 1993 1468 2071">
     <span class='ocr_line' id='line_1_39' title="bbox 390 1993 1468 2071; baseline 0.007 -24"><span class='ocrx_word' id='word_1_259' title='bbox 390 1993 627 2065; x_wconf 75' lang='grc' dir='ltr'>ταύτην.</span> <span class='ocrx_word' id='word_1_260' title='bbox 657 1995 768 2049; x_wconf 73' lang='grc' dir='ltr'><strong>Καὶ</strong></span> <span class='ocrx_word' id='word_1_261' title='bbox 791 1995 952 2049; x_wconf 87' lang='grc' dir='ltr'>τοῦτο</span> <span class='ocrx_word' id='word_1_262' title='bbox 976 1996 1152 2050; x_wconf 83' lang='grc' dir='ltr'>εἰπὼν</span> <span class='ocrx_word' id='word_1_263' title='bbox 1175 1999 1468 2071; x_wconf 81' lang='grc' dir='ltr'><strong>ἐκοιμήθη.</strong></span> 
     </span>
    </p>
   </div>
   <div class='ocr_carea' id='block_1_40' title="bbox 976 2087 1363 2141">
    <p class='ocr_par' dir='ltr' id='par_1_40' title="bbox 976 2087 1363 2141">
     <span class='ocr_line' id='line_1_40' title="bbox 976 2087 1363 2141; baseline 0.003 -1"><span class='ocrx_word' id='word_1_264' title='bbox 976 2087 1363 2141; x_wconf 81' lang='lat' dir='ltr'><strong>EPMHNEIA.</strong></span> 
     </span>
    </p>
   </div>
   <div class='ocr_carea' id='block_1_41' title="bbox 472 2175 1978 2253">
    <p class='ocr_par' dir='ltr' id='par_1_41' title="bbox 472 2175 1978 2253">
     <span class='ocr_line' id='line_1_41' title="bbox 472 2175 1978 2253; baseline 0.007 -25"><span class='ocrx_word' id='word_1_265' title='bbox 472 2175 566 2246; x_wconf 89' lang='grc' dir='ltr'>Τῷ</span> <span class='ocrx_word' id='word_1_266' title='bbox 588 2178 1026 2248; x_wconf 78' lang='grc' dir='ltr'>τετρακοσιοστῷ</span> <span class='ocrx_word' id='word_1_267' title='bbox 1065 2180 1491 2253; x_wconf 78' lang='grc' dir='ltr'>τεσσαρακοστῷ</span> <span class='ocrx_word' id='word_1_268' title='bbox 1525 2183 1636 2236; x_wconf 70' lang='grc' dir='ltr'>ἔτει</span> <span class='ocrx_word' id='word_1_269' title='bbox 1661 2183 1761 2253; x_wconf 86' lang='grc' dir='ltr'>τῆς</span> <span class='ocrx_word' id='word_1_270' title='bbox 1792 2182 1978 2249; x_wconf 81' lang='grc' dir='ltr'>ἐξόδου</span> 
     </span>
    </p>
   </div>
   <div class='ocr_carea' id='block_1_42' title="bbox 394 2266 1980 2348">
    <p class='ocr_par' dir='ltr' id='par_1_42' title="bbox 394 2266 1980 2348">
     <span class='ocr_line' id='line_1_42' title="bbox 394 2266 1980 2348; baseline 0.009 -29"><span class='ocrx_word' id='word_1_271' title='bbox 394 2266 505 2321; x_wconf 85' lang='grc' dir='ltr'>τῶν</span> <span class='ocrx_word' id='word_1_272' title='bbox 536 2269 670 2322; x_wconf 83' lang='grc' dir='ltr'>υἱῶν</span> <span class='ocrx_word' id='word_1_273' title='bbox 714 2271 930 2341; x_wconf 83' lang='grc' dir='ltr'>Ἰσραὴλ</span> <span class='ocrx_word' id='word_1_274' title='bbox 977 2272 1037 2339; x_wconf 82' lang='grc' dir='ltr'>ἐξ</span> <span class='ocrx_word' id='word_1_275' title='bbox 1075 2271 1381 2341; x_wconf 72' lang='grc' dir='ltr'>Αἰγύπτου,</span> <span class='ocrx_word' id='word_1_276' title='bbox 1438 2274 1644 2346; x_wconf 65' lang='grc' dir='ltr'>ἤρξατο</span> <span class='ocrx_word' id='word_1_277' title='bbox 1669 2278 1698 2328; x_wconf 88' lang='lat'><strong>6</strong></span> <span class='ocrx_word' id='word_1_278' title='bbox 1722 2277 1980 2348; x_wconf 85' lang='grc' dir='ltr'>Σολομὼν</span> 
     </span>
    </p>
   </div>
   <div class='ocr_carea' id='block_1_43' title="bbox 402 2359 1979 2440">
    <p class='ocr_par' dir='ltr' id='par_1_43' title="bbox 402 2359 1979 2440">
     <span class='ocr_line' id='line_1_43' title="bbox 402 2359 1979 2440; baseline 0.01 -30"><span class='ocrx_word' id='word_1_279' title='bbox 402 2359 710 2430; x_wconf 74' lang='grc' dir='ltr'>οἰκοδομεῖν</span> <span class='ocrx_word' id='word_1_280' title='bbox 737 2361 832 2416; x_wconf 87' lang='grc' dir='ltr'><strong>τὸν</strong></span> <span class='ocrx_word' id='word_1_281' title='bbox 859 2364 987 2418; x_wconf 75' lang='grc' dir='ltr'>ναὸν</span> <span class='ocrx_word' id='word_1_282' title='bbox 1019 2365 1077 2418; x_wconf 85' lang='grc' dir='ltr'><strong>ἐν</strong></span> <span class='ocrx_word' id='word_1_283' title='bbox 1120 2364 1498 2437; x_wconf 82' lang='grc' dir='ltr'>Ἰερουσαλὴμ,</span> <span class='ocrx_word' id='word_1_284' title='bbox 1521 2366 1600 2432; x_wconf 84' lang='grc' dir='ltr'>ὡς</span> <span class='ocrx_word' id='word_1_285' title='bbox 1629 2370 1663 2438; x_wconf 74' lang='grc' dir='ltr'><strong>ἡ</strong></span> <span class='ocrx_word' id='word_1_286' title='bbox 1684 2369 1844 2440; x_wconf 88' lang='grc' dir='ltr'>τρίτη</span> <span class='ocrx_word' id='word_1_287' title='bbox 1870 2371 1979 2425; x_wconf 82' lang='grc' dir='ltr'>τῶν</span> 
     </span>
    </p>
   </div>
   <div class='ocr_carea' id='block_1_44' title="bbox 401 2451 1980 2532">
    <p class='ocr_par' dir='ltr' id='par_1_44' title="bbox 401 2451 1980 2532">
     <span class='ocr_line' id='line_1_44' title="bbox 401 2451 1980 2532; baseline 0.008 -26"><span class='ocrx_word' id='word_1_288' title='bbox 401 2451 696 2508; x_wconf 75' lang='grc' dir='ltr'>Βασιλειῶν</span> <span class='ocrx_word' id='word_1_289' title='bbox 750 2454 991 2510; x_wconf 83' lang='grc' dir='ltr'>διδάσκει</span> <span class='ocrx_word' id='word_1_290' title='bbox 1026 2456 1226 2527; x_wconf 81' lang='grc' dir='ltr'>βίϐλος.</span> <span class='ocrx_word' id='word_1_291' title='bbox 1263 2457 1362 2511; x_wconf 82' lang='grc' dir='ltr'>Διά</span> <span class='ocrx_word' id='word_1_292' title='bbox 1387 2458 1550 2513; x_wconf 84' lang='grc' dir='ltr'>τοῦτο</span> <span class='ocrx_word' id='word_1_293' title='bbox 1597 2460 1655 2513; x_wconf 80' lang='grc' dir='ltr'>δὲ</span> <span class='ocrx_word' id='word_1_294' title='bbox 1685 2463 1824 2532; x_wconf 70' lang='grc' dir='ltr'>μετὰ</span> <span class='ocrx_word' id='word_1_295' title='bbox 1856 2480 1980 2517; x_wconf 89' lang='grc' dir='ltr'>τοσ-</span> 
     </span>
    </p>
   </div>
   <div class='ocr_carea' id='block_1_45' title="bbox 402 2544 1981 2626">
    <p class='ocr_par' dir='ltr' id='par_1_45' title="bbox 402 2544 1981 2626">
     <span class='ocr_line' id='line_1_45' title="bbox 402 2544 1981 2626; baseline 0.008 -29"><span class='ocrx_word' id='word_1_296' title='bbox 402 2544 563 2599; x_wconf 84' lang='grc' dir='ltr'>οῦτον</span> <span class='ocrx_word' id='word_1_297' title='bbox 594 2547 787 2618; x_wconf 86' lang='grc' dir='ltr'>χρόνον</span> <span class='ocrx_word' id='word_1_298' title='bbox 824 2551 925 2617; x_wconf 83' lang='grc' dir='ltr'>τῆς</span> <span class='ocrx_word' id='word_1_299' title='bbox 954 2549 1050 2602; x_wconf 87' lang='grc' dir='ltr'>ἀπ’</span> <span class='ocrx_word' id='word_1_300' title='bbox 1080 2548 1360 2619; x_wconf 79' lang='grc' dir='ltr'>Αἰγύπτου</span> <span class='ocrx_word' id='word_1_301' title='bbox 1403 2550 1585 2616; x_wconf 74' lang='grc' dir='ltr'>ἐξόδου</span> <span class='ocrx_word' id='word_1_302' title='bbox 1621 2552 1717 2608; x_wconf 86' lang='grc' dir='ltr'><strong>τοῦ</strong></span> <span class='ocrx_word' id='word_1_303' title='bbox 1764 2553 1981 2626; x_wconf 81' lang='grc' dir='ltr'>Ἰσραὴλ</span> 
     </span>
    </p>
   </div>
   <div class='ocr_carea' id='block_1_46' title="bbox 401 2637 1980 2717">
    <p class='ocr_par' dir='ltr' id='par_1_46' title="bbox 401 2637 1980 2717">
     <span class='ocr_line' id='line_1_46' title="bbox 401 2637 1980 2717; baseline 0.008 -29"><span class='ocrx_word' id='word_1_304' title='bbox 401 2637 433 2689; x_wconf 98' lang='lat'><strong>6</strong></span> <span class='ocrx_word' id='word_1_305' title='bbox 463 2637 591 2701; x_wconf 86' lang='grc' dir='ltr'>ναὸς</span> <span class='ocrx_word' id='word_1_306' title='bbox 639 2637 985 2709; x_wconf 78' lang='grc' dir='ltr'>ᾠκοδομήθη,</span> <span class='ocrx_word' id='word_1_307' title='bbox 1045 2641 1128 2695; x_wconf 79' lang='grc' dir='ltr'>ἵνα</span> <span class='ocrx_word' id='word_1_308' title='bbox 1158 2644 1222 2713; x_wconf 87' lang='grc' dir='ltr'>τῇ</span> <span class='ocrx_word' id='word_1_309' title='bbox 1256 2642 1337 2705; x_wconf 87' lang='grc' dir='ltr'>εἰς</span> <span class='ocrx_word' id='word_1_310' title='bbox 1362 2641 1430 2695; x_wconf 81' lang='grc' dir='ltr'>τὰ</span> <span class='ocrx_word' id='word_1_311' title='bbox 1449 2642 1552 2715; x_wconf 79' lang='grc' dir='ltr'>ὅρη</span> <span class='ocrx_word' id='word_1_312' title='bbox 1599 2645 1980 2717; x_wconf 68' lang='grc' dir='ltr'>ἀποπλανῇσει</span> 
     </span>
    </p>
   </div>
   <div class='ocr_carea' id='block_1_47' title="bbox 399 2728 1982 2809">
    <p class='ocr_par' dir='ltr' id='par_1_47' title="bbox 399 2728 1982 2809">
     <span class='ocr_line' id='line_1_47' title="bbox 399 2728 1982 2809; baseline 0.008 -29"><span class='ocrx_word' id='word_1_313' title='bbox 399 2728 813 2799; x_wconf 79' lang='grc' dir='ltr'>ἀποκαμόντες,</span> <span class='ocrx_word' id='word_1_314' title='bbox 839 2731 935 2785; x_wconf 79' lang='grc' dir='ltr'><strong>τὸν</strong></span> <span class='ocrx_word' id='word_1_315' title='bbox 960 2731 1057 2784; x_wconf 73' lang='grc' dir='ltr'><strong>ἕνα</strong></span> <span class='ocrx_word' id='word_1_316' title='bbox 1074 2735 1241 2787; x_wconf 87' lang='grc' dir='ltr'>τόπον</span> <span class='ocrx_word' id='word_1_317' title='bbox 1272 2734 1363 2789; x_wconf 92' lang='grc' dir='ltr'><strong>τὸν</strong></span> <span class='ocrx_word' id='word_1_318' title='bbox 1389 2736 1447 2788; x_wconf 85' lang='grc' dir='ltr'>ἐν</span> <span class='ocrx_word' id='word_1_319' title='bbox 1462 2735 1821 2809; x_wconf 81' lang='grc' dir='ltr'>Ἰερουσαλὴμ</span> <span class='ocrx_word' id='word_1_320' title='bbox 1847 2739 1982 2807; x_wconf 78' lang='grc' dir='ltr'>ἀγαο</span> 
     </span>
    </p>
   </div>
   <div class='ocr_carea' id='block_1_48' title="bbox 400 2822 1982 2902">
    <p class='ocr_par' dir='ltr' id='par_1_48' title="bbox 400 2822 1982 2902">
     <span class='ocr_line' id='line_1_48' title="bbox 400 2822 1982 2902; baseline 0.009 -30"><span class='ocrx_word' id='word_1_321' title='bbox 400 2822 674 2891; x_wconf 77' lang='grc' dir='ltr'>πήσωσιν,</span> <span class='ocrx_word' id='word_1_322' title='bbox 701 2822 761 2876; x_wconf 79' lang='grc' dir='ltr'><strong>ὃν</strong></span> <span class='ocrx_word' id='word_1_323' title='bbox 789 2824 817 2876; x_wconf 90' lang='lat'><strong>6</strong></span> <span class='ocrx_word' id='word_1_324' title='bbox 840 2823 973 2888; x_wconf 87' lang='grc' dir='ltr'>Θεὸς</span> <span class='ocrx_word' id='word_1_325' title='bbox 1001 2825 1225 2897; x_wconf 82' lang='grc' dir='ltr'>ἐποίησε</span> <span class='ocrx_word' id='word_1_326' title='bbox 1253 2826 1455 2899; x_wconf 85' lang='grc' dir='ltr'>τίμιον.</span> <span class='ocrx_word' id='word_1_327' title='bbox 1485 2822 1646 2884; x_wconf 73' lang='grc' dir='ltr'>Οὗτοι</span> <span class='ocrx_word' id='word_1_328' title='bbox 1676 2830 1734 2885; x_wconf 85' lang='grc' dir='ltr'>δὲ</span> <span class='ocrx_word' id='word_1_329' title='bbox 1767 2831 1982 2902; x_wconf 84' lang='grc' dir='ltr'>βραδεῖς</span> 
     </span>
    </p>
   </div>
   <div class='ocr_carea' id='block_1_49' title="bbox 398 2913 1971 2991">
    <p class='ocr_par' dir='ltr' id='par_1_49' title="bbox 398 2913 1971 2991">
     <span class='ocr_line' id='line_1_49' title="bbox 398 2913 1971 2991; baseline 0.009 -26"><span class='ocrx_word' id='word_1_330' title='bbox 398 2913 556 2978; x_wconf 71' lang='grc' dir='ltr'>ὄντες</span> <span class='ocrx_word' id='word_1_331' title='bbox 585 2915 666 2978; x_wconf 86' lang='grc' dir='ltr'>εἰς</span> <span class='ocrx_word' id='word_1_332' title='bbox 718 2915 957 2981; x_wconf 83' lang='grc' dir='ltr'>σύνεσιν,</span> <span class='ocrx_word' id='word_1_333' title='bbox 994 2919 1087 2971; x_wconf 74' lang='grc' dir='ltr'>καὶ</span> <span class='ocrx_word' id='word_1_334' title='bbox 1113 2919 1222 2972; x_wconf 84' lang='grc' dir='ltr'><strong>τῶν</strong></span> <span class='ocrx_word' id='word_1_335' title='bbox 1257 2921 1387 2991; x_wconf 84' lang='grc' dir='ltr'><strong>περί</strong></span> <span class='ocrx_word' id='word_1_336' title='bbox 1411 2921 1548 2976; x_wconf 84' lang='grc' dir='ltr'>Θεοῦ</span> <span class='ocrx_word' id='word_1_337' title='bbox 1580 2923 1754 2991; x_wconf 84' lang='grc' dir='ltr'>λόγων</span> <span class='ocrx_word' id='word_1_338' title='bbox 1786 2925 1971 2979; x_wconf 86' lang='grc' dir='ltr'>ἀνεπι-</span> 
     </span>
    </p>
   </div>
   <div class='ocr_carea' id='block_1_50' title="bbox 405 3005 1983 3085">
    <p class='ocr_par' dir='ltr' id='par_1_50' title="bbox 405 3005 1983 3085">
     <span class='ocr_line' id='line_1_50' title="bbox 405 3005 1983 3085; baseline 0.009 -30"><span class='ocrx_word' id='word_1_339' title='bbox 405 3005 504 3073; x_wconf 89' lang='grc' dir='ltr'><strong>στή</strong></span> <span class='ocrx_word' id='word_1_340' title='bbox 514 3021 694 3072; x_wconf 86' lang='grc' dir='ltr'>μονες,</span> <span class='ocrx_word' id='word_1_341' title='bbox 728 3007 823 3059; x_wconf 80' lang='grc' dir='ltr'><strong>καὶ</strong></span> <span class='ocrx_word' id='word_1_342' title='bbox 843 3006 980 3060; x_wconf 81' lang='grc' dir='ltr'>Θεοῦ</span> <span class='ocrx_word' id='word_1_343' title='bbox 1015 3007 1171 3064; x_wconf 83' lang='grc' dir='ltr'>πόλιν</span> <span class='ocrx_word' id='word_1_344' title='bbox 1192 3010 1468 3083; x_wconf 83' lang='grc' dir='ltr'>οἰηθέντες</span> <span class='ocrx_word' id='word_1_345' title='bbox 1483 3008 1624 3067; x_wconf 76' lang='grc' dir='ltr'>εῖναι</span> <span class='ocrx_word' id='word_1_346' title='bbox 1646 3015 1747 3085; x_wconf 80' lang='grc' dir='ltr'><strong>τὴν</strong></span> <span class='ocrx_word' id='word_1_347' title='bbox 1782 3015 1983 3085; x_wconf 82' lang='grc' dir='ltr'>’ῐερου-</span> 
     </span>
    </p>
   </div>
   <div class='ocr_carea' id='block_1_51' title="bbox 405 3094 1976 3175">
    <p class='ocr_par' dir='ltr' id='par_1_51' title="bbox 405 3094 1976 3175">
     <span class='ocr_line' id='line_1_51' title="bbox 405 3094 1976 3175; baseline 0.008 -28"><span class='ocrx_word' id='word_1_348' title='bbox 405 3094 612 3164; x_wconf 81' lang='grc' dir='ltr'>σαλὴμ,</span> <span class='ocrx_word' id='word_1_349' title='bbox 640 3098 698 3150; x_wconf 83' lang='grc' dir='ltr'>ἐν</span> <span class='ocrx_word' id='word_1_350' title='bbox 729 3098 868 3170; x_wconf 82' lang='grc' dir='ltr'>αὐτῇ</span> <span class='ocrx_word' id='word_1_351' title='bbox 901 3098 966 3169; x_wconf 83' lang='grc' dir='ltr'><strong>δὴ</strong></span> <span class='ocrx_word' id='word_1_352' title='bbox 990 3100 1086 3153; x_wconf 77' lang='grc' dir='ltr'>καὶ</span> <span class='ocrx_word' id='word_1_353' title='bbox 1114 3100 1250 3174; x_wconf 89' lang='grc' dir='ltr'>μόνῃ</span> <span class='ocrx_word' id='word_1_354' title='bbox 1281 3106 1559 3158; x_wconf 84' lang='grc' dir='ltr'>κατοικεῖν</span> <span class='ocrx_word' id='word_1_355' title='bbox 1587 3106 1751 3160; x_wconf 86' lang='grc' dir='ltr'>αὐτὸν</span> <span class='ocrx_word' id='word_1_356' title='bbox 1770 3106 1976 3175; x_wconf 77' lang='grc' dir='ltr'>ἔλεγον.</span> 
     </span>
    </p>
   </div>
   <div class='ocr_carea' id='block_1_52' title="bbox 402 3174 2055 3267">
    <p class='ocr_par' dir='ltr' id='par_1_52' title="bbox 402 3174 2055 3267">
     <span class='ocr_line' id='line_1_52' title="bbox 402 3174 2055 3267; baseline 0.008 -31"><span class='ocrx_word' id='word_1_357' title='bbox 402 3183 623 3256; x_wconf 82' lang='grc' dir='ltr'>Σμικρά</span> <span class='ocrx_word' id='word_1_358' title='bbox 650 3187 829 3239; x_wconf 82' lang='grc' dir='ltr'>τοίνυν</span> <span class='ocrx_word' id='word_1_359' title='bbox 852 3186 1178 3253; x_wconf 74' lang='grc' dir='ltr'>δοξάζοντας</span> <span class='ocrx_word' id='word_1_360' title='bbox 1207 3192 1418 3263; x_wconf 76' lang='grc' dir='ltr'><strong>ἐλέγχει</strong></span> <span class='ocrx_word' id='word_1_361' title='bbox 1449 3195 1478 3247; x_wconf 88' lang='grc' dir='ltr'>ό</span> <span class='ocrx_word' id='word_1_362' title='bbox 1509 3194 1663 3262; x_wconf 73' lang='grc' dir='ltr'>Θεὸς,</span> <span class='ocrx_word' id='word_1_363' title='bbox 1700 3197 1793 3250; x_wconf 88' lang='grc' dir='ltr'><strong>καί</strong></span> <span class='ocrx_word' id='word_1_364' title='bbox 1827 3174 1982 3267; x_wconf 75' lang='grc' dir='ltr'>φησι·</span> <span class='ocrx_word' id='word_1_365' title='bbox 2011 3174 2055 3233; x_wconf 75' lang='lat' dir='ltr'>c</span> 
     </span>
    </p>
   </div>
   <div class='ocr_carea' id='block_1_53' title="bbox 405 3272 1984 3359">
    <p class='ocr_par' dir='ltr' id='par_1_53' title="bbox 405 3272 1984 3359">
     <span class='ocr_line' id='line_1_53' title="bbox 405 3272 1984 3359; baseline 0.008 -30"><span class='ocrx_word' id='word_1_366' title='bbox 405 3275 522 3329; x_wconf 80' lang='lat' dir='ltr'><strong>Kal.</strong></span> <span class='ocrx_word' id='word_1_367' title='bbox 549 3279 700 3329; x_wconf 88' lang='grc' dir='ltr'>ποῖον</span> <span class='ocrx_word' id='word_1_368' title='bbox 756 3272 907 3333; x_wconf 81' lang='grc' dir='ltr'>οἷκον</span> <span class='ocrx_word' id='word_1_369' title='bbox 955 3279 1346 3353; x_wconf 76' lang='grc' dir='ltr'>οἰκοδομήσετέ</span> <span class='ocrx_word' id='word_1_370' title='bbox 1405 3301 1522 3354; x_wconf 89' lang='grc' dir='ltr'>μοι,</span> <span class='ocrx_word' id='word_1_371' title='bbox 1585 3286 1775 3356; x_wconf 87' lang='grc' dir='ltr'>θρόνον</span> <span class='ocrx_word' id='word_1_372' title='bbox 1806 3287 1984 3359; x_wconf 80' lang='grc' dir='ltr'>ἔχοντι</span> 
     </span>
    </p>
   </div>
   <div class='ocr_carea' id='block_1_54' title="bbox 403 3369 1986 3449">
    <p class='ocr_par' dir='ltr' id='par_1_54' title="bbox 403 3369 1986 3449">
     <span class='ocr_line' id='line_1_54' title="bbox 403 3369 1986 3449; baseline 0.009 -29"><span class='ocrx_word' id='word_1_373' title='bbox 403 3370 497 3420; x_wconf 79' lang='grc' dir='ltr'><strong>τὸν</strong></span> <span class='ocrx_word' id='word_1_374' title='bbox 525 3369 777 3437; x_wconf 81' lang='grc' dir='ltr'>οὐρανὸν,</span> <span class='ocrx_word' id='word_1_375' title='bbox 829 3370 1119 3426; x_wconf 84' lang='grc' dir='ltr'>ὑποπόδιον</span> <span class='ocrx_word' id='word_1_376' title='bbox 1155 3373 1213 3428; x_wconf 81' lang='grc' dir='ltr'>δὲ</span> <span class='ocrx_word' id='word_1_377' title='bbox 1248 3374 1348 3444; x_wconf 82' lang='grc' dir='ltr'>τὴν</span> <span class='ocrx_word' id='word_1_378' title='bbox 1378 3375 1513 3444; x_wconf 80' lang='grc' dir='ltr'><strong>γῆν;</strong></span> <span class='ocrx_word' id='word_1_379' title='bbox 1554 3379 1701 3432; x_wconf 84' lang='grc' dir='ltr'>Ἔδει</span> <span class='ocrx_word' id='word_1_380' title='bbox 1734 3379 1845 3449; x_wconf 75' lang='grc' dir='ltr'>γὰρ</span> <span class='ocrx_word' id='word_1_381' title='bbox 1873 3382 1986 3444; x_wconf 84' lang='grc' dir='ltr'>τοῖς</span> 
     </span>
    </p>
   </div>
   <div class='ocr_carea' id='block_1_55' title="bbox 406 3458 1989 3540">
    <p class='ocr_par' dir='ltr' id='par_1_55' title="bbox 406 3458 1989 3540">
     <span class='ocr_line' id='line_1_55' title="bbox 406 3458 1989 3540; baseline 0.008 -28"><span class='ocrx_word' id='word_1_382' title='bbox 406 3458 769 3514; x_wconf 80' lang='grc' dir='ltr'>συνεστάλθαι</span> <span class='ocrx_word' id='word_1_383' title='bbox 799 3462 893 3514; x_wconf 77' lang='grc' dir='ltr'>καὶ</span> <span class='ocrx_word' id='word_1_384' title='bbox 932 3463 1298 3534; x_wconf 86' lang='grc' dir='ltr'>περιωρίσθαι</span> <span class='ocrx_word' id='word_1_385' title='bbox 1326 3467 1535 3534; x_wconf 86' lang='grc' dir='ltr'>τόποις,</span> <span class='ocrx_word' id='word_1_386' title='bbox 1568 3469 1666 3537; x_wconf 78' lang='grc' dir='ltr'><strong>τήν</strong></span> <span class='ocrx_word' id='word_1_387' title='bbox 1689 3471 1857 3524; x_wconf 79' lang='grc' dir='ltr'>αὐτοῦ</span> <span class='ocrx_word' id='word_1_388' title='bbox 1889 3471 1989 3540; x_wconf 79' lang='grc' dir='ltr'><strong>φύ-</strong></span> 
     </span>
    </p>
   </div>
   <div class='ocr_carea' id='block_1_56' title="bbox 402 3551 1985 3627">
    <p class='ocr_par' dir='ltr' id='par_1_56' title="bbox 402 3551 1985 3627">
     <span class='ocr_line' id='line_1_56' title="bbox 402 3551 1985 3627; baseline 0.009 -25"><span class='ocrx_word' id='word_1_389' title='bbox 402 3567 489 3604; x_wconf 91' lang='grc' dir='ltr'>σιν</span> <span class='ocrx_word' id='word_1_390' title='bbox 517 3551 874 3622; x_wconf 78' lang='grc' dir='ltr'>ὑπειληφόσιν</span> <span class='ocrx_word' id='word_1_391' title='bbox 905 3554 1219 3621; x_wconf 78' lang='grc' dir='ltr'>καταδεῖξαι</span> <span class='ocrx_word' id='word_1_392' title='bbox 1248 3557 1458 3627; x_wconf 81' lang='grc' dir='ltr'>σαφῶς,</span> <span class='ocrx_word' id='word_1_393' title='bbox 1484 3559 1567 3612; x_wconf 81' lang='grc' dir='ltr'><strong>ὅτι</strong></span> <span class='ocrx_word' id='word_1_394' title='bbox 1599 3564 1680 3624; x_wconf 83' lang='grc' dir='ltr'>εἰς</span> <span class='ocrx_word' id='word_1_395' title='bbox 1699 3563 1747 3594; x_wconf 67' lang='grc'><strong>⁸⁸</strong></span> <span class='ocrx_word' id='word_1_396' title='bbox 1775 3579 1985 3617; x_wconf 81' lang='grc' dir='ltr'>παντα-</span> 
     </span>
    </p>
   </div>
   <div class='ocr_carea' id='block_1_57' title="bbox 404 3640 1985 3725">
    <p class='ocr_par' dir='ltr' id='par_1_57' title="bbox 404 3640 1985 3725">
     <span class='ocr_line' id='line_1_57' title="bbox 404 3640 1985 3725; baseline 0.009 -31"><span class='ocrx_word' id='word_1_397' title='bbox 404 3640 502 3710; x_wconf 77' lang='grc' dir='ltr'><strong>χοῦ</strong></span> <span class='ocrx_word' id='word_1_398' title='bbox 535 3643 629 3696; x_wconf 79' lang='grc' dir='ltr'>καὶ</span> <span class='ocrx_word' id='word_1_399' title='bbox 665 3646 862 3713; x_wconf 85' lang='grc' dir='ltr'>χωρεῖν</span> <span class='ocrx_word' id='word_1_400' title='bbox 875 3646 922 3677; x_wconf 83' lang='grc'><strong>⁸⁵</strong></span> <span class='ocrx_word' id='word_1_401' title='bbox 952 3646 1051 3717; x_wconf 86' lang='grc' dir='ltr'>μὲν</span> <span class='ocrx_word' id='word_1_402' title='bbox 1098 3647 1264 3701; x_wconf 89' lang='grc' dir='ltr'>αὐτὸν</span> <span class='ocrx_word' id='word_1_403' title='bbox 1325 3649 1502 3714; x_wconf 83' lang='grc' dir='ltr'>οὐδὲν,</span> <span class='ocrx_word' id='word_1_404' title='bbox 1534 3652 1662 3722; x_wconf 82' lang='grc' dir='ltr'>ἥκει</span> <span class='ocrx_word' id='word_1_405' title='bbox 1693 3654 1750 3707; x_wconf 75' lang='grc' dir='ltr'><strong>δὲ</strong></span> <span class='ocrx_word' id='word_1_406' title='bbox 1781 3655 1985 3725; x_wconf 82' lang='grc' dir='ltr'>μᾶλλον</span> 
     </span>
    </p>
   </div>
   <div class='ocr_carea' id='block_1_58' title="bbox 401 3734 1983 3816">
    <p class='ocr_par' dir='ltr' id='par_1_58' title="bbox 401 3734 1983 3816">
     <span class='ocr_line' id='line_1_58' title="bbox 401 3734 1983 3816; baseline 0.008 -29"><span class='ocrx_word' id='word_1_407' title='bbox 401 3734 494 3788; x_wconf 85' lang='grc' dir='ltr'>διὰ</span> <span class='ocrx_word' id='word_1_408' title='bbox 520 3735 737 3790; x_wconf 84' lang='grc' dir='ltr'>πάντων</span> <span class='ocrx_word' id='word_1_409' title='bbox 767 3738 950 3803; x_wconf 80' lang='grc' dir='ltr'>αὐτὸς,</span> <span class='ocrx_word' id='word_1_410' title='bbox 979 3739 1072 3794; x_wconf 77' lang='grc' dir='ltr'>καὶ</span> <span class='ocrx_word' id='word_1_411' title='bbox 1096 3740 1316 3812; x_wconf 81' lang='grc' dir='ltr'>πλήρης</span> <span class='ocrx_word' id='word_1_412' title='bbox 1349 3742 1451 3811; x_wconf 80' lang='grc' dir='ltr'><strong>μὲν</strong></span> <span class='ocrx_word' id='word_1_413' title='bbox 1479 3743 1509 3794; x_wconf 84' lang='grc' dir='ltr'>ὁ</span> <span class='ocrx_word' id='word_1_414' title='bbox 1535 3744 1765 3816; x_wconf 78' lang='grc' dir='ltr'>οὐρανὸς</span> <span class='ocrx_word' id='word_1_415' title='bbox 1792 3747 1983 3809; x_wconf 80' lang='grc' dir='ltr'>αὑτοῦ,</span> 
     </span>
    </p>
   </div>
   <div class='ocr_carea' id='block_1_59' title="bbox 406 3828 1987 3909">
    <p class='ocr_par' dir='ltr' id='par_1_59' title="bbox 406 3828 1987 3909">
     <span class='ocr_line' id='line_1_59' title="bbox 406 3828 1987 3909; baseline 0.011 -34"><span class='ocrx_word' id='word_1_416' title='bbox 406 3828 580 3900; x_wconf 77' lang='grc' dir='ltr'>μεστὴ</span> <span class='ocrx_word' id='word_1_417' title='bbox 604 3829 660 3883; x_wconf 82' lang='grc' dir='ltr'>δὲ</span> <span class='ocrx_word' id='word_1_418' title='bbox 879 3851 898 3883; x_wconf 78' lang='grc' dir='ltr'>ι</span> <span class='ocrx_word' id='word_1_419' title='bbox 936 3831 1126 3902; x_wconf 68' lang='grc' dir='ltr'>Ὑμεῖς</span> <span class='ocrx_word' id='word_1_420' title='bbox 1179 3834 1284 3888; x_wconf 80' lang='grc' dir='ltr'>ἀεί.</span> <span class='ocrx_word' id='word_1_421' title='bbox 1312 3853 1330 3885; x_wconf 73' lang='grc' dir='ltr'>ι</span> <span class='ocrx_word' id='word_1_422' title='bbox 1369 3836 1480 3888; x_wconf 89' lang='grc' dir='ltr'>Ούκ</span> <span class='ocrx_word' id='word_1_423' title='bbox 1532 3836 1686 3903; x_wconf 84' lang='grc' dir='ltr'>εἷπε,</span> <span class='ocrx_word' id='word_1_424' title='bbox 1721 3838 1813 3909; x_wconf 84' lang='grc' dir='ltr'><strong>Τῷ</strong></span> <span class='ocrx_word' id='word_1_425' title='bbox 1866 3839 1987 3907; x_wconf 85' lang='grc' dir='ltr'><strong>Θεῷ</strong></span> 
     </span>
    </p>
   </div>
   <div class='ocr_carea' id='block_1_60' title="bbox 402 3923 1983 4002">
    <p class='ocr_par' dir='ltr' id='par_1_60' title="bbox 402 3923 1983 4002">
     <span class='ocr_line' id='line_1_60' title="bbox 402 3923 1983 4002; baseline 0.006 -27"><span class='ocrx_word' id='word_1_426' title='bbox 402 3923 780 3988; x_wconf 73' lang='grc' dir='ltr'>ἀντιπίπτετε,</span> <span class='ocrx_word' id='word_1_427' title='bbox 848 3924 1006 3991; x_wconf 84' lang='grc' dir='ltr'>ἀλλὰ,</span> <span class='ocrx_word' id='word_1_428' title='bbox 1047 3944 1066 3977; x_wconf 80' lang='grc' dir='ltr'>ι</span> <span class='ocrx_word' id='word_1_429' title='bbox 1088 3924 1180 3996; x_wconf 83' lang='grc' dir='ltr'><strong>Τῷ</strong></span> <span class='ocrx_word' id='word_1_430' title='bbox 1213 3925 1492 3997; x_wconf 85' lang='grc' dir='ltr'>Πνεύματι</span> <span class='ocrx_word' id='word_1_431' title='bbox 1525 3927 1606 4000; x_wconf 80' lang='grc' dir='ltr'>τῷ</span> <span class='ocrx_word' id='word_1_432' title='bbox 1646 3929 1789 4002; x_wconf 85' lang='grc' dir='ltr'>ἀγίῳ</span> <span class='ocrx_word' id='word_1_433' title='bbox 1811 3946 1824 3960; x_wconf 81' lang='grc'><strong>’</strong></span> <span class='ocrx_word' id='word_1_434' title='bbox 1852 3950 1871 3983; x_wconf 74' lang='grc' dir='ltr'>ι</span> <span class='ocrx_word' id='word_1_435' title='bbox 1894 3924 1983 3984; x_wconf 72' lang='grc' dir='ltr'>οῦ-</span> 
     </span>
    </p>
   </div>
   <div class='ocr_carea' id='block_1_61' title="bbox 401 4011 1986 4094">
    <p class='ocr_par' dir='ltr' id='par_1_61' title="bbox 401 4011 1986 4094">
     <span class='ocr_line' id='line_1_61' title="bbox 401 4011 1986 4094; baseline 0.008 -30"><span class='ocrx_word' id='word_1_436' title='bbox 401 4028 495 4076; x_wconf 91' lang='grc' dir='ltr'><strong>τος</strong></span> <span class='ocrx_word' id='word_1_437' title='bbox 509 4013 556 4046; x_wconf 79' lang='grc'><strong>⁸⁸</strong></span> <span class='ocrx_word' id='word_1_438' title='bbox 587 4013 848 4084; x_wconf 82' lang='grc' dir='ltr'>οὐδεμίαν</span> <span class='ocrx_word' id='word_1_439' title='bbox 902 4011 1014 4069; x_wconf 73' lang='grc' dir='ltr'>εἶδε</span> <span class='ocrx_word' id='word_1_440' title='bbox 1045 4055 1049 4059; x_wconf 56' lang='grc' dir='ltr'><strong>ι</strong></span> <span class='ocrx_word' id='word_1_441' title='bbox 1079 4015 1345 4087; x_wconf 80' lang='grc' dir='ltr'>διαφοράν</span> <span class='ocrx_word' id='word_1_442' title='bbox 1364 4034 1376 4048; x_wconf 93' lang='grc'><strong>·</strong></span> <span class='ocrx_word' id='word_1_443' title='bbox 1416 4018 1544 4072; x_wconf 84' lang='grc' dir='ltr'>ἐπεὶ</span> <span class='ocrx_word' id='word_1_444' title='bbox 1580 4021 1678 4075; x_wconf 73' lang='grc' dir='ltr'><strong>καὶ</strong></span> <span class='ocrx_word' id='word_1_445' title='bbox 1710 4021 1934 4094; x_wconf 83' lang='grc' dir='ltr'>Πνεῦμα</span> <span class='ocrx_word' id='word_1_446' title='bbox 1957 4026 1986 4076; x_wconf 91' lang='lat'><strong>6</strong></span> 
     </span>
    </p>
   </div>
   <div class='ocr_carea' id='block_1_62' title="bbox 402 4105 1985 4182">
    <p class='ocr_par' dir='ltr' id='par_1_62' title="bbox 402 4105 1985 4182">
     <span class='ocr_line' id='line_1_62' title="bbox 402 4105 1985 4182; baseline 0.004 -23"><span class='ocrx_word' id='word_1_447' title='bbox 402 4105 560 4172; x_wconf 85' lang='grc' dir='ltr'>Θεὸς,</span> <span class='ocrx_word' id='word_1_448' title='bbox 587 4107 690 4161; x_wconf 79' lang='grc' dir='ltr'>κᾶν</span> <span class='ocrx_word' id='word_1_449' title='bbox 715 4106 792 4179; x_wconf 85' lang='grc' dir='ltr'>μὴ</span> <span class='ocrx_word' id='word_1_450' title='bbox 839 4108 970 4179; x_wconf 77' lang='grc' dir='ltr'>δοκῇ</span> <span class='ocrx_word' id='word_1_451' title='bbox 1002 4111 1115 4171; x_wconf 88' lang='grc' dir='ltr'>τοῖς</span> <span class='ocrx_word' id='word_1_452' title='bbox 1144 4110 1347 4172; x_wconf 75' lang='grc' dir='ltr'>ἀθέοις.</span> <span class='ocrx_word' id='word_1_453' title='bbox 1380 4128 1398 4161; x_wconf 84' lang='grc' dir='ltr'>ι</span> <span class='ocrx_word' id='word_1_454' title='bbox 1442 4111 1633 4182; x_wconf 82' lang='grc' dir='ltr'>Ὑμεῖς</span> <span class='ocrx_word' id='word_1_455' title='bbox 1662 4112 1845 4168; x_wconf 84' lang='grc' dir='ltr'>τοίνυν</span> <span class='ocrx_word' id='word_1_456' title='bbox 1876 4114 1985 4181; x_wconf 68' lang='grc' dir='ltr'>ἀεὶ,</span> 
     </span>
    </p>
   </div>
   <div class='ocr_carea' id='block_1_63' title="bbox 404 4199 1988 4277">
    <p class='ocr_par' dir='ltr' id='par_1_63' title="bbox 404 4199 1988 4277">
     <span class='ocr_line' id='line_1_63' title="bbox 404 4199 1988 4277; baseline 0.005 -25"><span class='ocrx_word' id='word_1_457' title='bbox 404 4199 593 4268; x_wconf 77' lang='grc' dir='ltr'>φησὶν,</span> <span class='ocrx_word' id='word_1_458' title='bbox 640 4200 996 4254; x_wconf 84' lang='grc' dir='ltr'>ἀντιπίπτετε</span> <span class='ocrx_word' id='word_1_459' title='bbox 1041 4201 1120 4270; x_wconf 82' lang='grc' dir='ltr'>τῷ</span> <span class='ocrx_word' id='word_1_460' title='bbox 1174 4202 1313 4267; x_wconf 80' lang='grc' dir='ltr'><strong>Θεῷ.</strong></span> <span class='ocrx_word' id='word_1_461' title='bbox 1338 4220 1358 4256; x_wconf 68' lang='grc' dir='ltr'>ι</span> <span class='ocrx_word' id='word_1_462' title='bbox 1391 4205 1522 4257; x_wconf 88' lang='grc' dir='ltr'>Ὅτε</span> <span class='ocrx_word' id='word_1_463' title='bbox 1566 4205 1675 4277; x_wconf 85' lang='grc' dir='ltr'>γὰρ</span> <span class='ocrx_word' id='word_1_464' title='bbox 1727 4205 1988 4275; x_wconf 73' lang='grc' dir='ltr'>ἠϐούλετο</span> 
     </span>
    </p>
   </div>
   <div class='ocr_carea' id='block_1_64' title="bbox 404 4286 1984 4366">
    <p class='ocr_par' dir='ltr' id='par_1_64' title="bbox 404 4286 1984 4366">
     <span class='ocr_line' id='line_1_64' title="bbox 404 4286 1984 4366; baseline 0.006 -23"><span class='ocrx_word' id='word_1_465' title='bbox 404 4289 602 4354; x_wconf 82' lang='grc' dir='ltr'>θυσίας</span> <span class='ocrx_word' id='word_1_466' title='bbox 649 4286 813 4355; x_wconf 79' lang='grc' dir='ltr'>εῖναι,</span> <span class='ocrx_word' id='word_1_467' title='bbox 846 4292 949 4345; x_wconf 78' lang='grc' dir='ltr'>οὐκ</span> <span class='ocrx_word' id='word_1_468' title='bbox 995 4291 1185 4347; x_wconf 88' lang='grc' dir='ltr'>ἐθύετε</span> <span class='ocrx_word' id='word_1_469' title='bbox 1208 4295 1357 4365; x_wconf 83' lang='grc' dir='ltr'>αὐτῷ</span> <span class='ocrx_word' id='word_1_470' title='bbox 1382 4311 1394 4325; x_wconf 88' lang='grc'><strong>·</strong></span> <span class='ocrx_word' id='word_1_471' title='bbox 1421 4296 1509 4348; x_wconf 81' lang='grc' dir='ltr'>ὅτε</span> <span class='ocrx_word' id='word_1_472' title='bbox 1536 4296 1594 4349; x_wconf 80' lang='grc' dir='ltr'><strong>δὲ</strong></span> <span class='ocrx_word' id='word_1_473' title='bbox 1624 4296 1683 4349; x_wconf 83' lang='grc' dir='ltr'><strong>οὐ</strong></span> <span class='ocrx_word' id='word_1_474' title='bbox 1712 4296 1984 4366; x_wconf 83' lang='grc' dir='ltr'>βούλεται,</span> 
     </span>
    </p>
   </div>
   <div class='ocr_carea' id='block_1_65' title="bbox 403 4384 1984 4460">
    <p class='ocr_par' dir='ltr' id='par_1_65' title="bbox 403 4384 1984 4460">
     <span class='ocr_line' id='line_1_65' title="bbox 403 4384 1984 4460; baseline 0.006 -25"><span class='ocrx_word' id='word_1_475' title='bbox 403 4386 573 4439; x_wconf 75' lang='grc' dir='ltr'>πάλιν</span> <span class='ocrx_word' id='word_1_476' title='bbox 601 4384 780 4440; x_wconf 86' lang='grc' dir='ltr'>θύετε.</span> <span class='ocrx_word' id='word_1_477' title='bbox 811 4385 1017 4440; x_wconf 87' lang='grc' dir='ltr'>Ὅτεδέ</span> <span class='ocrx_word' id='word_1_478' title='bbox 1048 4387 1276 4457; x_wconf 75' lang='grc' dir='ltr'>ἑστήκει</span> <span class='ocrx_word' id='word_1_479' title='bbox 1302 4390 1331 4442; x_wconf 82' lang='grc' dir='ltr'>ό</span> <span class='ocrx_word' id='word_1_480' title='bbox 1361 4388 1512 4452; x_wconf 90' lang='grc' dir='ltr'>ναὸς,</span> <span class='ocrx_word' id='word_1_481' title='bbox 1545 4389 1742 4444; x_wconf 74' lang='grc' dir='ltr'>εἴδωλα</span> <span class='ocrx_word' id='word_1_482' title='bbox 1790 4389 1984 4460; x_wconf 85' lang='grc' dir='ltr'>ἐθερα-</span> 
     </span>
    </p>
   </div>
   <div class='ocr_carea' id='block_1_66' title="bbox 407 4476 2067 4567">
    <p class='ocr_par' dir='ltr' id='par_1_66' title="bbox 407 4476 2067 4567">
     <span class='ocr_line' id='line_1_66' title="bbox 407 4476 2067 4567; baseline 0.001 -34"><span class='ocrx_word' id='word_1_483' title='bbox 407 4476 607 4533; x_wconf 82' lang='grc' dir='ltr'>πεύετε</span> <span class='ocrx_word' id='word_1_484' title='bbox 628 4493 642 4508; x_wconf 80' lang='grc'><em>’</em></span> <span class='ocrx_word' id='word_1_485' title='bbox 673 4477 764 4531; x_wconf 77' lang='grc' dir='ltr'><strong>ὅτε</strong></span> <span class='ocrx_word' id='word_1_486' title='bbox 791 4476 1041 4545; x_wconf 78' lang='grc' dir='ltr'>βούλεται</span> <span class='ocrx_word' id='word_1_487' title='bbox 1076 4480 1248 4550; x_wconf 77' lang='grc' dir='ltr'>χωρὶς</span> <span class='ocrx_word' id='word_1_488' title='bbox 1278 4478 1410 4534; x_wconf 89' lang='grc' dir='ltr'>ναοῦ</span> <span class='ocrx_word' id='word_1_489' title='bbox 1455 4480 1891 4551; x_wconf 83' lang='grc' dir='ltr'>θεραπεύεσθαι,</span> <span class='ocrx_word' id='word_1_490' title='bbox 1920 4482 1984 4535; x_wconf 87' lang='grc' dir='ltr'><strong>τὸ</strong></span> <span class='ocrx_word' id='word_1_491' title='bbox 2012 4507 2067 4567; x_wconf 80' lang='lat' dir='ltr'><strong>D</strong></span> 
     </span>
    </p>
   </div>
   <div class='ocr_carea' id='block_1_67' title="bbox 405 4571 1986 4642">
    <p class='ocr_par' dir='ltr' id='par_1_67' title="bbox 405 4571 1986 4642">
     <span class='ocr_line' id='line_1_67' title="bbox 405 4571 1986 4642; baseline -0.002 -14"><span class='ocrx_word' id='word_1_492' title='bbox 405 4571 651 4628; x_wconf 65' lang='grc' dir='ltr'>ἐναντίον</span> <span class='ocrx_word' id='word_1_493' title='bbox 713 4571 957 4624; x_wconf 82' lang='grc' dir='ltr'>ποιεῖτε·</span> <span class='ocrx_word' id='word_1_494' title='bbox 987 4571 1151 4641; x_wconf 81' lang='grc' dir='ltr'>ὅμοια</span> <span class='ocrx_word' id='word_1_495' title='bbox 1192 4574 1307 4635; x_wconf 85' lang='grc' dir='ltr'>τοῖς</span> <span class='ocrx_word' id='word_1_496' title='bbox 1362 4571 1639 4642; x_wconf 82' lang='grc' dir='ltr'>πατράσιν</span> <span class='ocrx_word' id='word_1_497' title='bbox 1659 4573 1823 4642; x_wconf 78' lang='grc' dir='ltr'>,ὑμῶν</span> <span class='ocrx_word' id='word_1_498' title='bbox 1867 4573 1986 4626; x_wconf 76' lang='grc' dir='ltr'>δια·</span> 
     </span>
    </p>
   </div>
   <div class='ocr_carea' id='block_1_68' title="bbox 405 4659 1986 4733">
    <p class='ocr_par' dir='ltr' id='par_1_68' title="bbox 405 4659 1986 4733">
     <span class='ocr_line' id='line_1_68' title="bbox 405 4659 1986 4733; baseline 0.001 -18"><span class='ocrx_word' id='word_1_499' title='bbox 405 4661 799 4733; x_wconf 78' lang='grc' dir='ltr'>πραττόμενοι.</span> <span class='ocrx_word' id='word_1_500' title='bbox 861 4678 880 4711; x_wconf 80' lang='grc' dir='ltr'>ι</span> <span class='ocrx_word' id='word_1_501' title='bbox 908 4659 1047 4713; x_wconf 87' lang='grc' dir='ltr'>Τίνα</span> <span class='ocrx_word' id='word_1_502' title='bbox 1089 4659 1199 4715; x_wconf 84' lang='grc' dir='ltr'><strong>τῶν</strong></span> <span class='ocrx_word' id='word_1_503' title='bbox 1264 4660 1597 4732; x_wconf 82' lang='grc' dir='ltr'>προφητῶν;</span> <span class='ocrx_word' id='word_1_504' title='bbox 1624 4682 1642 4714; x_wconf 75' lang='grc' dir='ltr'><strong>ι</strong></span> <span class='ocrx_word' id='word_1_505' title='bbox 1679 4661 1867 4717; x_wconf 82' lang='grc' dir='ltr'>Ταῦτα</span> <span class='ocrx_word' id='word_1_506' title='bbox 1893 4663 1986 4717; x_wconf 81' lang='grc' dir='ltr'>λέ-</span> 
     </span>
    </p>
   </div>
   <div class='ocr_carea' id='block_1_69' title="bbox 405 4750 1988 4824">
    <p class='ocr_par' dir='ltr' id='par_1_69' title="bbox 405 4750 1988 4824">
     <span class='ocr_line' id='line_1_69' title="bbox 405 4750 1988 4824; baseline 0.001 -17"><span class='ocrx_word' id='word_1_507' title='bbox 405 4770 576 4824; x_wconf 83' lang='grc' dir='ltr'>γοντα</span> <span class='ocrx_word' id='word_1_508' title='bbox 588 4752 684 4806; x_wconf 85' lang='grc' dir='ltr'><strong>τὸν</strong></span> <span class='ocrx_word' id='word_1_509' title='bbox 715 4750 990 4823; x_wconf 80' lang='grc' dir='ltr'>μακάριον</span> <span class='ocrx_word' id='word_1_510' title='bbox 1021 4751 1316 4820; x_wconf 74' lang='grc' dir='ltr'>Στέφανον,</span> <span class='ocrx_word' id='word_1_511' title='bbox 1344 4752 1634 4824; x_wconf 84' lang='grc' dir='ltr'>ἀληθεύειν</span> <span class='ocrx_word' id='word_1_512' title='bbox 1652 4754 1815 4808; x_wconf 82' lang='grc' dir='ltr'>αὐτὸν</span> <span class='ocrx_word' id='word_1_513' title='bbox 1843 4755 1988 4808; x_wconf 79' lang='grc' dir='ltr'>οῖδα-</span> 
     </span>
    </p>
   </div>
   <div class='ocr_carea' id='block_1_70' title="bbox 408 4843 1991 4918">
    <p class='ocr_par' dir='ltr' id='par_1_70' title="bbox 408 4843 1991 4918">
     <span class='ocr_line' id='line_1_70' title="bbox 408 4843 1991 4918; baseline 0.001 -19"><span class='ocrx_word' id='word_1_514' title='bbox 408 4863 534 4918; x_wconf 79' lang='grc' dir='ltr'>μεν,</span> <span class='ocrx_word' id='word_1_515' title='bbox 561 4843 842 4915; x_wconf 86' lang='grc' dir='ltr'>Πνεύματι</span> <span class='ocrx_word' id='word_1_516' title='bbox 868 4843 1013 4913; x_wconf 82' lang='grc' dir='ltr'>ἁγίῳ</span> <span class='ocrx_word' id='word_1_517' title='bbox 1042 4843 1440 4915; x_wconf 86' lang='grc' dir='ltr'>φθεγγόμενον.</span> <span class='ocrx_word' id='word_1_518' title='bbox 1475 4843 1779 4910; x_wconf 79' lang='grc' dir='ltr'>Ἀποδεῖξαι</span> <span class='ocrx_word' id='word_1_519' title='bbox 1798 4845 1855 4899; x_wconf 71' lang='grc' dir='ltr'><strong>δέ</strong></span> <span class='ocrx_word' id='word_1_520' title='bbox 1882 4847 1991 4900; x_wconf 84' lang='grc' dir='ltr'><strong>ἀπὸ</strong></span> 
     </span>
    </p>
   </div>
   <div class='ocr_carea' id='block_1_71' title="bbox 403 4934 1987 5008">
    <p class='ocr_par' dir='ltr' id='par_1_71' title="bbox 403 4934 1987 5008">
     <span class='ocr_line' id='line_1_71' title="bbox 403 4934 1987 5008; baseline 0.001 -17"><span class='ocrx_word' id='word_1_521' title='bbox 403 4938 508 5008; x_wconf 85' lang='grc' dir='ltr'>τῆς</span> <span class='ocrx_word' id='word_1_522' title='bbox 554 4937 798 5001; x_wconf 78' lang='grc' dir='ltr'>Παλαιᾶς</span> <span class='ocrx_word' id='word_1_523' title='bbox 850 4934 1205 5007; x_wconf 79' lang='grc' dir='ltr'>[Διαθήκης],</span> <span class='ocrx_word' id='word_1_524' title='bbox 1264 4936 1383 5000; x_wconf 84' lang='grc' dir='ltr'><strong>πῶς</strong></span> <span class='ocrx_word' id='word_1_525' title='bbox 1432 4938 1713 5007; x_wconf 74' lang='grc' dir='ltr'>μέμφεται</span> <span class='ocrx_word' id='word_1_526' title='bbox 1737 4940 1852 5003; x_wconf 85' lang='grc' dir='ltr'>τοῖς</span> <span class='ocrx_word' id='word_1_527' title='bbox 1880 4957 1987 4993; x_wconf 79' lang='grc' dir='ltr'><strong>παο</strong></span> 
     </span>
    </p>
   </div>
   <div class='ocr_carea' id='block_1_72' title="bbox 404 5026 1988 5101">
    <p class='ocr_par' dir='ltr' id='par_1_72' title="bbox 404 5026 1988 5101">
     <span class='ocr_line' id='line_1_72' title="bbox 404 5026 1988 5101; baseline 0 -17"><span class='ocrx_word' id='word_1_528' title='bbox 404 5029 571 5101; x_wconf 81' lang='grc' dir='ltr'>τράσι</span> <span class='ocrx_word' id='word_1_529' title='bbox 603 5028 713 5081; x_wconf 81' lang='grc' dir='ltr'><strong>τῶν</strong></span> <span class='ocrx_word' id='word_1_530' title='bbox 744 5028 823 5092; x_wconf 86' lang='grc' dir='ltr'><strong>εἰς</strong></span> <span class='ocrx_word' id='word_1_531' title='bbox 851 5028 942 5081; x_wconf 89' lang='grc' dir='ltr'><strong>τὸν</strong></span> <span class='ocrx_word' id='word_1_532' title='bbox 984 5026 1194 5095; x_wconf 81' lang='grc' dir='ltr'>Ἰησοῦν</span> <span class='ocrx_word' id='word_1_533' title='bbox 1225 5027 1623 5095; x_wconf 59' lang='grc' dir='ltr'>ἀπιστούντων,</span> <span class='ocrx_word' id='word_1_534' title='bbox 1658 5027 1733 5093; x_wconf 84' lang='grc' dir='ltr'><strong>ὡς</strong></span> <span class='ocrx_word' id='word_1_535' title='bbox 1761 5029 1988 5097; x_wconf 80' lang='grc' dir='ltr'>διώξασι</span> 
     </span>
    </p>
   </div>
   <div class='ocr_carea' id='block_1_73' title="bbox 404 5119 1983 5191">
    <p class='ocr_par' dir='ltr' id='par_1_73' title="bbox 404 5119 1983 5191">
     <span class='ocr_line' id='line_1_73' title="bbox 404 5119 1983 5191; baseline 0 -16"><span class='ocrx_word' id='word_1_536' title='bbox 404 5122 537 5184; x_wconf 76' lang='grc' dir='ltr'>τοὺς</span> <span class='ocrx_word' id='word_1_537' title='bbox 563 5120 851 5191; x_wconf 67' lang='grc' dir='ltr'>προφήτας</span> <span class='ocrx_word' id='word_1_538' title='bbox 871 5120 966 5173; x_wconf 73' lang='grc' dir='ltr'><strong>καὶ</strong></span> <span class='ocrx_word' id='word_1_539' title='bbox 980 5121 1392 5185; x_wconf 82' lang='grc' dir='ltr'>ἀποκτείνασιν,</span> <span class='ocrx_word' id='word_1_540' title='bbox 1414 5120 1476 5174; x_wconf 85' lang='grc' dir='ltr'><strong>ού</strong></span> <span class='ocrx_word' id='word_1_541' title='bbox 1495 5119 1720 5174; x_wconf 83' lang='grc' dir='ltr'>δυνατὸν</span> <span class='ocrx_word' id='word_1_542' title='bbox 1745 5122 1854 5174; x_wconf 80' lang='grc' dir='ltr'><strong>ἀπὸ</strong></span> <span class='ocrx_word' id='word_1_543' title='bbox 1871 5121 1983 5175; x_wconf 85' lang='grc' dir='ltr'>τῶν</span> 
     </span>
    </p>
   </div>
   <div class='ocr_carea' id='block_1_74' title="bbox 408 5211 1984 5284">
    <p class='ocr_par' dir='ltr' id='par_1_74' title="bbox 408 5211 1984 5284">
     <span class='ocr_line' id='line_1_74' title="bbox 408 5211 1984 5284; baseline 0.003 -20"><span class='ocrx_word' id='word_1_544' title='bbox 408 5212 729 5283; x_wconf 68' lang='grc' dir='ltr'>φερομᾶνων</span> <span class='ocrx_word' id='word_1_545' title='bbox 759 5211 982 5283; x_wconf 82' lang='grc' dir='ltr'>βιϐλίων</span> <span class='ocrx_word' id='word_1_546' title='bbox 1019 5211 1119 5281; x_wconf 81' lang='grc' dir='ltr'>τῆς</span> <span class='ocrx_word' id='word_1_547' title='bbox 1142 5213 1353 5283; x_wconf 78' lang='grc' dir='ltr'>Καινῆς</span> <span class='ocrx_word' id='word_1_548' title='bbox 1368 5214 1664 5284; x_wconf 86' lang='grc' dir='ltr'>Διαθήκης.</span> <span class='ocrx_word' id='word_1_549' title='bbox 1696 5213 1984 5281; x_wconf 86' lang='grc' dir='ltr'>Εἰτοίνυν,</span> 
     </span>
    </p>
   </div>
   <div class='ocr_carea' id='block_1_75' title="bbox 406 5304 1988 5377">
    <p class='ocr_par' dir='ltr' id='par_1_75' title="bbox 406 5304 1988 5377">
     <span class='ocr_line' id='line_1_75' title="bbox 406 5304 1988 5377; baseline 0.002 -20"><span class='ocrx_word' id='word_1_550' title='bbox 406 5307 550 5376; x_wconf 76' lang='grc' dir='ltr'>φησὶ</span> <span class='ocrx_word' id='word_1_551' title='bbox 582 5305 712 5368; x_wconf 81' lang='grc' dir='ltr'>τοὺς</span> <span class='ocrx_word' id='word_1_552' title='bbox 764 5304 1350 5374; x_wconf 85' lang='grc' dir='ltr'>προκαταγγείλαντας</span> <span class='ocrx_word' id='word_1_553' title='bbox 1400 5307 1662 5377; x_wconf 76' lang='grc' dir='ltr'>περὶτῆς</span> <span class='ocrx_word' id='word_1_554' title='bbox 1715 5306 1988 5371; x_wconf 83' lang='grc' dir='ltr'>ἐλεύσεως</span> 
     </span>
    </p>
   </div>
   <div class='ocr_carea' id='block_1_76' title="bbox 408 5393 1993 5470">
    <p class='ocr_par' dir='ltr' id='par_1_76' title="bbox 408 5393 1993 5470">
     <span class='ocr_line' id='line_1_76' title="bbox 408 5393 1993 5470; baseline 0.003 -21"><span class='ocrx_word' id='word_1_555' title='bbox 408 5393 580 5449; x_wconf 83' lang='grc' dir='ltr'>αὐτοῦ</span> <span class='ocrx_word' id='word_1_556' title='bbox 610 5395 883 5470; x_wconf 79' lang='grc' dir='ltr'>ἀνείλατε,</span> <span class='ocrx_word' id='word_1_557' title='bbox 918 5395 1097 5465; x_wconf 77' lang='grc' dir='ltr'>πολλῷ</span> <span class='ocrx_word' id='word_1_558' title='bbox 1121 5396 1322 5465; x_wconf 80' lang='grc' dir='ltr'>μᾶλλον</span> <span class='ocrx_word' id='word_1_559' title='bbox 1349 5399 1533 5453; x_wconf 84' lang='grc' dir='ltr'>αὐτόν.</span> <span class='ocrx_word' id='word_1_560' title='bbox 1563 5399 1785 5455; x_wconf 83' lang='grc' dir='ltr'>Δίκαιον</span> <span class='ocrx_word' id='word_1_561' title='bbox 1809 5400 1867 5454; x_wconf 82' lang='grc' dir='ltr'>δὲ</span> <span class='ocrx_word' id='word_1_562' title='bbox 1900 5400 1993 5453; x_wconf 84' lang='grc' dir='ltr'><strong>τὸν</strong></span> 
     </span>
    </p>
   </div>
   <div class='ocr_carea' id='block_1_77' title="bbox 426 5484 1988 5560">
    <p class='ocr_par' dir='ltr' id='par_1_77' title="bbox 426 5484 1988 5560">
     <span class='ocr_line' id='line_1_77' title="bbox 426 5484 1988 5560; baseline 0.001 -19"><span class='ocrx_word' id='word_1_563' title='bbox 426 5484 641 5556; x_wconf 75' lang='grc' dir='ltr'>Ἰησοῦν</span> <span class='ocrx_word' id='word_1_564' title='bbox 691 5485 900 5549; x_wconf 73' lang='grc' dir='ltr'>ἐκάλει,</span> <span class='ocrx_word' id='word_1_565' title='bbox 949 5487 1363 5559; x_wconf 71' lang='grc' dir='ltr'>ἐπισπάσασθαι</span> <span class='ocrx_word' id='word_1_566' title='bbox 1386 5489 1584 5552; x_wconf 74' lang='grc' dir='ltr'>αὐτοὺς</span> <span class='ocrx_word' id='word_1_567' title='bbox 1613 5488 1939 5560; x_wconf 85' lang='grc' dir='ltr'>βουλόμενος</span> <span class='ocrx_word' id='word_1_568' title='bbox 1972 5505 1988 5522; x_wconf 78' lang='grc' dir='ltr'><strong>ο</strong></span> 
     </span>
    </p>
   </div>
   <div class='ocr_carea' id='block_1_78' title="bbox 2084 1906 3375 1976">
    <p class='ocr_par' dir='ltr' id='par_1_78' title="bbox 2084 1906 3375 1976">
     <span class='ocr_line' id='line_1_78' title="bbox 2084 1906 3375 1976; baseline -0.004 -9"><span class='ocrx_word' id='word_1_569' title='bbox 2084 1927 2210 1968; x_wconf 91' lang='lat' dir='ltr'><strong>eum</strong></span> <span class='ocrx_word' id='word_1_570' title='bbox 2248 1911 2353 1967; x_wconf 92' lang='lat' dir='ltr'><strong>hoc</strong></span> <span class='ocrx_word' id='word_1_571' title='bbox 2386 1910 2640 1976; x_wconf 77' lang='lat' dir='ltr'><strong>dixisset,</strong></span> <span class='ocrx_word' id='word_1_572' title='bbox 2674 1908 3010 1965; x_wconf 83' lang='lat' dir='ltr'><strong>obdormivit</strong></span> <span class='ocrx_word' id='word_1_573' title='bbox 3032 1909 3086 1963; x_wconf 89' lang='lat' dir='ltr'><strong>in</strong></span> <span class='ocrx_word' id='word_1_574' title='bbox 3121 1906 3375 1963; x_wconf 89' lang='lat' dir='ltr'><strong>Domino.</strong></span> 
     </span>
    </p>
   </div>
   <div class='ocr_carea' id='block_1_79' title="bbox 2600 2083 3171 2143">
    <p class='ocr_par' dir='ltr' id='par_1_79' title="bbox 2600 2083 3171 2143">
     <span class='ocr_line' id='line_1_79' title="bbox 2600 2083 3171 2143; baseline -0.007 -1"><span class='ocrx_word' id='word_1_575' title='bbox 2600 2083 3171 2143; x_wconf 78' lang='lat' dir='ltr'><strong>COMMENTARIUS.</strong></span> 
     </span>
    </p>
   </div>
   <div class='ocr_carea' id='block_1_80' title="bbox 2156 2174 3666 2251">
    <p class='ocr_par' dir='ltr' id='par_1_80' title="bbox 2156 2174 3666 2251">
     <span class='ocr_line' id='line_1_80' title="bbox 2156 2174 3666 2251; baseline -0.005 -17"><span class='ocrx_word' id='word_1_576' title='bbox 2156 2180 2706 2251; x_wconf 77' lang='lat' dir='ltr'><strong>Quadringentcsimo</strong></span> <span class='ocrx_word' id='word_1_577' title='bbox 2737 2177 3164 2249; x_wconf 80' lang='lat' dir='ltr'><strong>quadragesimo</strong></span> <span class='ocrx_word' id='word_1_578' title='bbox 3203 2190 3352 2232; x_wconf 88' lang='lat' dir='ltr'><strong>anno</strong></span> <span class='ocrx_word' id='word_1_579' title='bbox 3405 2176 3476 2230; x_wconf 90' lang='lat' dir='ltr'><strong>ab</strong></span> <span class='ocrx_word' id='word_1_580' title='bbox 3518 2174 3666 2229; x_wconf 76' lang='lat' dir='ltr'><strong>exitu</strong></span> 
     </span>
    </p>
   </div>
   <div class='ocr_carea' id='block_1_81' title="bbox 2088 2264 3670 2341">
    <p class='ocr_par' dir='ltr' id='par_1_81' title="bbox 2088 2264 3670 2341">
     <span class='ocr_line' id='line_1_81' title="bbox 2088 2264 3670 2341; baseline -0.005 -15"><span class='ocrx_word' id='word_1_581' title='bbox 2088 2271 2325 2327; x_wconf 85' lang='lat' dir='ltr'><strong>ﬁliorum</strong></span> <span class='ocrx_word' id='word_1_582' title='bbox 2355 2269 2523 2327; x_wconf 85' lang='lat' dir='ltr'><strong>lsrael</strong></span> <span class='ocrx_word' id='word_1_583' title='bbox 2545 2285 2610 2325; x_wconf 80' lang='lat' dir='ltr'><strong>ex</strong></span> <span class='ocrx_word' id='word_1_584' title='bbox 2636 2268 2895 2341; x_wconf 62' lang='lat' dir='ltr'><strong>Egypto,</strong></span> <span class='ocrx_word' id='word_1_585' title='bbox 2918 2269 3083 2338; x_wconf 71' lang='lat' dir='ltr'><strong>erepit</strong></span> <span class='ocrx_word' id='word_1_586' title='bbox 3107 2266 3368 2324; x_wconf 87' lang='lat' dir='ltr'><strong>Salomon</strong></span> <span class='ocrx_word' id='word_1_587' title='bbox 3395 2264 3670 2333; x_wconf 65' lang='lat' dir='ltr'><strong>aediﬁcare</strong></span> 
     </span>
    </p>
   </div>
   <div class='ocr_carea' id='block_1_82' title="bbox 2086 2359 3671 2435">
    <p class='ocr_par' dir='ltr' id='par_1_82' title="bbox 2086 2359 3671 2435">
     <span class='ocr_line' id='line_1_82' title="bbox 2086 2359 3671 2435; baseline -0.005 -17"><span class='ocrx_word' id='word_1_588' title='bbox 2086 2363 2350 2435; x_wconf 83' lang='lat' dir='ltr'><strong>templum</strong></span> <span class='ocrx_word' id='word_1_589' title='bbox 2384 2363 2438 2418; x_wconf 90' lang='lat' dir='ltr'><strong>in</strong></span> <span class='ocrx_word' id='word_1_590' title='bbox 2468 2360 2772 2418; x_wconf 83' lang='lat' dir='ltr'><strong>Jerusalem</strong></span> <span class='ocrx_word' id='word_1_591' title='bbox 2794 2401 2810 2427; x_wconf 96' lang='lat'><strong>,</strong></span> <span class='ocrx_word' id='word_1_592' title='bbox 2844 2370 2906 2417; x_wconf 88' lang='lat' dir='ltr'><strong>ut</strong></span> <span class='ocrx_word' id='word_1_593' title='bbox 2948 2361 3003 2415; x_wconf 91' lang='lat' dir='ltr'><strong>in</strong></span> <span class='ocrx_word' id='word_1_594' title='bbox 3045 2360 3205 2417; x_wconf 90' lang='lat' dir='ltr'><strong>tertio</strong></span> <span class='ocrx_word' id='word_1_595' title='bbox 3234 2359 3444 2430; x_wconf 80' lang='lat' dir='ltr'><strong>Regum</strong></span> <span class='ocrx_word' id='word_1_596' title='bbox 3477 2371 3671 2413; x_wconf 88' lang='lat' dir='ltr'><strong>narra-</strong></span> 
     </span>
    </p>
   </div>
   <div class='ocr_carea' id='block_1_83' title="bbox 2088 2450 3669 2525">
    <p class='ocr_par' dir='ltr' id='par_1_83' title="bbox 2088 2450 3669 2525">
     <span class='ocr_line' id='line_1_83' title="bbox 2088 2450 3669 2525; baseline -0.004 -14"><span class='ocrx_word' id='word_1_597' title='bbox 2088 2465 2197 2512; x_wconf 90' lang='lat' dir='ltr'><strong>tur.</strong></span> <span class='ocrx_word' id='word_1_598' title='bbox 2227 2456 2441 2511; x_wconf 88' lang='lat' dir='ltr'><strong>Idcirco</strong></span> <span class='ocrx_word' id='word_1_599' title='bbox 2475 2470 2604 2511; x_wconf 89' lang='lat' dir='ltr'><strong>vero</strong></span> <span class='ocrx_word' id='word_1_600' title='bbox 2635 2463 2760 2525; x_wconf 88' lang='lat' dir='ltr'><strong>post</strong></span> <span class='ocrx_word' id='word_1_601' title='bbox 2801 2461 3013 2509; x_wconf 89' lang='lat' dir='ltr'><strong>tantum</strong></span> <span class='ocrx_word' id='word_1_602' title='bbox 3050 2454 3119 2509; x_wconf 91' lang='lat' dir='ltr'><strong>ab</strong></span> <span class='ocrx_word' id='word_1_603' title='bbox 3162 2454 3312 2509; x_wconf 76' lang='lat' dir='ltr'><strong>exitu</strong></span> <span class='ocrx_word' id='word_1_604' title='bbox 3347 2450 3568 2507; x_wconf 84' lang='lat' dir='ltr'><strong>Israelis</strong></span> <span class='ocrx_word' id='word_1_605' title='bbox 3600 2464 3669 2504; x_wconf 75' lang='lat' dir='ltr'><strong>ex</strong></span> 
     </span>
    </p>
   </div>
   <div class='ocr_carea' id='block_1_84' title="bbox 2085 2546 3671 2620">
    <p class='ocr_par' dir='ltr' id='par_1_84' title="bbox 2085 2546 3671 2620">
     <span class='ocr_line' id='line_1_84' title="bbox 2085 2546 3671 2620; baseline -0.006 -15"><span class='ocrx_word' id='word_1_606' title='bbox 2085 2547 2319 2620; x_wconf 71' lang='lat' dir='ltr'><strong>Egypto</strong></span> <span class='ocrx_word' id='word_1_607' title='bbox 2349 2558 2563 2619; x_wconf 86' lang='lat' dir='ltr'><strong>tempus</strong></span> <span class='ocrx_word' id='word_1_608' title='bbox 2605 2547 2932 2603; x_wconf 65' lang='lat' dir='ltr'><strong>aediﬁcatum</strong></span> <span class='ocrx_word' id='word_1_609' title='bbox 2975 2554 3060 2603; x_wconf 89' lang='lat' dir='ltr'><strong>est</strong></span> <span class='ocrx_word' id='word_1_610' title='bbox 3094 2546 3381 2616; x_wconf 86' lang='lat' dir='ltr'><strong>templum,</strong></span> <span class='ocrx_word' id='word_1_611' title='bbox 3426 2552 3487 2599; x_wconf 91' lang='lat' dir='ltr'><strong>ut</strong></span> <span class='ocrx_word' id='word_1_612' title='bbox 3520 2550 3671 2614; x_wconf 81' lang='lat' dir='ltr'><strong>post-</strong></span> 
     </span>
    </p>
   </div>
   <div class='ocr_carea' id='block_1_85' title="bbox 2088 2624 3671 2710">
    <p class='ocr_par' dir='ltr' id='par_1_85' title="bbox 2088 2624 3671 2710">
     <span class='ocr_line' id='line_1_85' title="bbox 2088 2624 3671 2710; baseline -0.004 -15"><span class='ocrx_word' id='word_1_613' title='bbox 2088 2624 2249 2710; x_wconf 82' lang='lat' dir='ltr'><strong>quam</strong></span> <span class='ocrx_word' id='word_1_614' title='bbox 2274 2639 2559 2710; x_wconf 76' lang='lat' dir='ltr'><strong>defatigati</strong></span> <span class='ocrx_word' id='word_1_615' title='bbox 2592 2647 2782 2695; x_wconf 86' lang='lat' dir='ltr'><strong>essent</strong></span> <span class='ocrx_word' id='word_1_616' title='bbox 2825 2637 3332 2708; x_wconf 81' lang='lat' dir='ltr'><strong>circumvagatione</strong></span> <span class='ocrx_word' id='word_1_617' title='bbox 3379 2650 3476 2705; x_wconf 89' lang='lat' dir='ltr'><strong>per</strong></span> <span class='ocrx_word' id='word_1_618' title='bbox 3510 2649 3671 2689; x_wconf 91' lang='lat' dir='ltr'><strong>mon-</strong></span> 
     </span>
    </p>
   </div>
   <div class='ocr_carea' id='block_1_86' title="bbox 2091 2727 3665 2800">
    <p class='ocr_par' dir='ltr' id='par_1_86' title="bbox 2091 2727 3665 2800">
     <span class='ocr_line' id='line_1_86' title="bbox 2091 2727 3665 2800; baseline -0.002 -13"><span class='ocrx_word' id='word_1_619' title='bbox 2091 2741 2195 2798; x_wconf 85' lang='lat' dir='ltr'><strong>tes,</strong></span> <span class='ocrx_word' id='word_1_620' title='bbox 2237 2747 2347 2789; x_wconf 90' lang='lat' dir='ltr'><strong>uno</strong></span> <span class='ocrx_word' id='word_1_621' title='bbox 2393 2732 2610 2787; x_wconf 87' lang='lat' dir='ltr'><strong>tandem</strong></span> <span class='ocrx_word' id='word_1_622' title='bbox 2672 2730 2816 2794; x_wconf 86' lang='lat' dir='ltr'><strong>loco,</strong></span> <span class='ocrx_word' id='word_1_623' title='bbox 2866 2746 3029 2800; x_wconf 90' lang='lat' dir='ltr'><strong>quem</strong></span> <span class='ocrx_word' id='word_1_624' title='bbox 3086 2731 3140 2785; x_wconf 92' lang='lat' dir='ltr'><strong>in</strong></span> <span class='ocrx_word' id='word_1_625' title='bbox 3194 2731 3330 2786; x_wconf 88' lang='lat' dir='ltr'><strong>urbe</strong></span> <span class='ocrx_word' id='word_1_626' title='bbox 3361 2727 3665 2785; x_wconf 78' lang='lat' dir='ltr'><strong>Jerusalem</strong></span> 
     </span>
    </p>
   </div>
   <div class='ocr_carea' id='block_1_87' title="bbox 2089 2822 3668 2896">
    <p class='ocr_par' dir='ltr' id='par_1_87' title="bbox 2089 2822 3668 2896">
     <span class='ocr_line' id='line_1_87' title="bbox 2089 2822 3668 2896; baseline -0.001 -18"><span class='ocrx_word' id='word_1_627' title='bbox 2089 2823 2236 2881; x_wconf 87' lang='lat' dir='ltr'><strong>Deus</strong></span> <span class='ocrx_word' id='word_1_628' title='bbox 2265 2825 2419 2880; x_wconf 89' lang='lat' dir='ltr'><strong>omni</strong></span> <span class='ocrx_word' id='word_1_629' title='bbox 2471 2825 2679 2881; x_wconf 88' lang='lat' dir='ltr'><strong>honore</strong></span> <span class='ocrx_word' id='word_1_630' title='bbox 2720 2824 2947 2896; x_wconf 73' lang='lat' dir='ltr'><strong>dignum</strong></span> <span class='ocrx_word' id='word_1_631' title='bbox 2995 2822 3257 2891; x_wconf 72' lang='lat' dir='ltr'><strong>reddidit,</strong></span> <span class='ocrx_word' id='word_1_632' title='bbox 3305 2822 3547 2879; x_wconf 90' lang='lat' dir='ltr'><strong>contenti</strong></span> <span class='ocrx_word' id='word_1_633' title='bbox 3577 2837 3668 2878; x_wconf 85' lang='lat' dir='ltr'><strong>es-</strong></span> 
     </span>
    </p>
   </div>
   <div class='ocr_carea' id='block_1_88' title="bbox 2090 2911 3671 2984">
    <p class='ocr_par' dir='ltr' id='par_1_88' title="bbox 2090 2911 3671 2984">
     <span class='ocr_line' id='line_1_88' title="bbox 2090 2911 3671 2984; baseline -0.004 -11"><span class='ocrx_word' id='word_1_634' title='bbox 2090 2926 2233 2973; x_wconf 88' lang='lat' dir='ltr'><strong>sent.</strong></span> <span class='ocrx_word' id='word_1_635' title='bbox 2264 2917 2332 2970; x_wconf 85' lang='lat' dir='ltr'><strong>At</strong></span> <span class='ocrx_word' id='word_1_636' title='bbox 2363 2916 2439 2971; x_wconf 88' lang='lat' dir='ltr'><strong>illi</strong></span> <span class='ocrx_word' id='word_1_637' title='bbox 2480 2915 2622 2971; x_wconf 90' lang='lat' dir='ltr'><strong>tardi</strong></span> <span class='ocrx_word' id='word_1_638' title='bbox 2657 2915 2725 2971; x_wconf 87' lang='lat' dir='ltr'><strong>ad</strong></span> <span class='ocrx_word' id='word_1_639' title='bbox 2751 2914 3184 2984; x_wconf 77' lang='lat' dir='ltr'><strong>intelligendum,</strong></span> <span class='ocrx_word' id='word_1_640' title='bbox 3218 2923 3273 2969; x_wconf 90' lang='lat' dir='ltr'><strong>et</strong></span> <span class='ocrx_word' id='word_1_641' title='bbox 3304 2912 3396 2970; x_wconf 88' lang='lat' dir='ltr'><strong>Dei</strong></span> <span class='ocrx_word' id='word_1_642' title='bbox 3429 2911 3671 2970; x_wconf 82' lang='lat' dir='ltr'><strong>rationes</strong></span> 
     </span>
    </p>
   </div>
   <div class='ocr_carea' id='block_1_89' title="bbox 2091 3002 3668 3077">
    <p class='ocr_par' dir='ltr' id='par_1_89' title="bbox 2091 3002 3668 3077">
     <span class='ocr_line' id='line_1_89' title="bbox 2091 3002 3668 3077; baseline -0.006 -16"><span class='ocrx_word' id='word_1_643' title='bbox 2091 3006 2234 3061; x_wconf 89' lang='lat' dir='ltr'><strong>haud</strong></span> <span class='ocrx_word' id='word_1_644' title='bbox 2270 3015 2649 3077; x_wconf 89' lang='lat' dir='ltr'><strong>assequentes,</strong></span> <span class='ocrx_word' id='word_1_645' title='bbox 2706 3013 2961 3077; x_wconf 87' lang='lat' dir='ltr'><strong>putantes</strong></span> <span class='ocrx_word' id='word_1_646' title='bbox 3012 3005 3287 3074; x_wconf 85' lang='lat' dir='ltr'><strong>propriam</strong></span> <span class='ocrx_word' id='word_1_647' title='bbox 3342 3002 3437 3058; x_wconf 85' lang='lat' dir='ltr'><strong>Dei</strong></span> <span class='ocrx_word' id='word_1_648' title='bbox 3478 3002 3668 3058; x_wconf 85' lang='lat' dir='ltr'><strong>urbem</strong></span> 
     </span>
    </p>
   </div>
   <div class='ocr_carea' id='block_1_90' title="bbox 2090 3095 3673 3163">
    <p class='ocr_par' dir='ltr' id='par_1_90' title="bbox 2090 3095 3673 3163">
     <span class='ocr_line' id='line_1_90' title="bbox 2090 3095 3673 3163; baseline -0.003 -10"><span class='ocrx_word' id='word_1_649' title='bbox 2090 3113 2214 3154; x_wconf 85' lang='lat' dir='ltr'><strong>esse</strong></span> <span class='ocrx_word' id='word_1_650' title='bbox 2243 3096 2569 3163; x_wconf 87' lang='lat' dir='ltr'><strong>Jerusalem,</strong></span> <span class='ocrx_word' id='word_1_651' title='bbox 2596 3099 2650 3153; x_wconf 92' lang='lat' dir='ltr'><strong>in</strong></span> <span class='ocrx_word' id='word_1_652' title='bbox 2708 3114 2773 3154; x_wconf 88' lang='lat' dir='ltr'><strong>ea</strong></span> <span class='ocrx_word' id='word_1_653' title='bbox 2830 3099 2946 3154; x_wconf 91' lang='lat' dir='ltr'><strong>sola</strong></span> <span class='ocrx_word' id='word_1_654' title='bbox 2994 3114 3119 3154; x_wconf 88' lang='lat' dir='ltr'><strong>eum</strong></span> <span class='ocrx_word' id='word_1_655' title='bbox 3168 3096 3440 3159; x_wconf 67' lang='lat' dir='ltr'><strong>habitare,</strong></span> <span class='ocrx_word' id='word_1_656' title='bbox 3474 3095 3673 3152; x_wconf 77' lang='lat' dir='ltr'><strong>stolide</strong></span> 
     </span>
    </p>
   </div>
   <div class='ocr_carea' id='block_1_91' title="bbox 2090 3183 3673 3258">
    <p class='ocr_par' dir='ltr' id='par_1_91' title="bbox 2090 3183 3673 3258">
     <span class='ocr_line' id='line_1_91' title="bbox 2090 3183 3673 3258; baseline -0.003 -17"><span class='ocrx_word' id='word_1_657' title='bbox 2090 3186 2452 3243; x_wconf 82' lang='lat' dir='ltr'><strong>afﬁrmabant.</strong></span> <span class='ocrx_word' id='word_1_658' title='bbox 2482 3187 2639 3254; x_wconf 84' lang='lat' dir='ltr'><strong>Quod</strong></span> <span class='ocrx_word' id='word_1_659' title='bbox 2673 3189 2841 3258; x_wconf 79' lang='lat' dir='ltr'><strong>igitur</strong></span> <span class='ocrx_word' id='word_1_660' title='bbox 2867 3187 3006 3244; x_wconf 87' lang='lat' dir='ltr'><strong>adeo</strong></span> <span class='ocrx_word' id='word_1_661' title='bbox 3030 3202 3225 3258; x_wconf 85' lang='lat' dir='ltr'><strong>parum</strong></span> <span class='ocrx_word' id='word_1_662' title='bbox 3277 3185 3576 3241; x_wconf 86' lang='lat' dir='ltr'><strong>honoriﬁce</strong></span> <span class='ocrx_word' id='word_1_663' title='bbox 3606 3183 3673 3238; x_wconf 84' lang='lat' dir='ltr'><strong>du</strong></span> 
     </span>
    </p>
   </div>
   <div class='ocr_carea' id='block_1_92' title="bbox 2089 3275 3668 3349">
    <p class='ocr_par' dir='ltr' id='par_1_92' title="bbox 2089 3275 3668 3349">
     <span class='ocr_line' id='line_1_92' title="bbox 2089 3275 3668 3349; baseline -0.006 -14"><span class='ocrx_word' id='word_1_664' title='bbox 2089 3280 2199 3335; x_wconf 89' lang='lat' dir='ltr'><strong>Deo</strong></span> <span class='ocrx_word' id='word_1_665' title='bbox 2228 3279 2520 3344; x_wconf 88' lang='lat' dir='ltr'><strong>sentirent,</strong></span> <span class='ocrx_word' id='word_1_666' title='bbox 2552 3279 2667 3348; x_wconf 89' lang='lat' dir='ltr'><strong>ipse</strong></span> <span class='ocrx_word' id='word_1_667' title='bbox 2694 3293 2790 3334; x_wconf 89' lang='lat' dir='ltr'><strong>eos</strong></span> <span class='ocrx_word' id='word_1_668' title='bbox 2819 3277 3196 3349; x_wconf 85' lang='lat' dir='ltr'><strong>reprehendit,</strong></span> <span class='ocrx_word' id='word_1_669' title='bbox 3237 3283 3292 3332; x_wconf 90' lang='lat' dir='ltr'><strong>ct</strong></span> <span class='ocrx_word' id='word_1_670' title='bbox 3326 3276 3401 3330; x_wconf 89' lang='lat' dir='ltr'><strong>ait</strong></span> <span class='ocrx_word' id='word_1_671' title='bbox 3431 3293 3443 3330; x_wconf 91' lang='lat'><strong>:</strong></span> <span class='ocrx_word' id='word_1_672' title='bbox 3491 3275 3668 3340; x_wconf 85' lang='lat' dir='ltr'><strong>Quam</strong></span> 
     </span>
    </p>
   </div>
   <div class='ocr_carea' id='block_1_93' title="bbox 2088 3367 3674 3441">
    <p class='ocr_par' dir='ltr' id='par_1_93' title="bbox 2088 3367 3674 3441">
     <span class='ocr_line' id='line_1_93' title="bbox 2088 3367 3674 3441; baseline -0.005 -12"><span class='ocrx_word' id='word_1_673' title='bbox 2088 3374 2314 3430; x_wconf 88' lang='lat' dir='ltr'><strong>domum</strong></span> <span class='ocrx_word' id='word_1_674' title='bbox 2339 3372 2685 3430; x_wconf 61' lang='lat' dir='ltr'><strong>aediﬁcabitis</strong></span> <span class='ocrx_word' id='word_1_675' title='bbox 2713 3371 2871 3435; x_wconf 91' lang='lat' dir='ltr'><strong>mihi,</strong></span> <span class='ocrx_word' id='word_1_676' title='bbox 2901 3371 2994 3441; x_wconf 88' lang='lat' dir='ltr'><strong>qui</strong></span> <span class='ocrx_word' id='word_1_677' title='bbox 3029 3370 3291 3424; x_wconf 85' lang='lat' dir='ltr'><strong>thronum</strong></span> <span class='ocrx_word' id='word_1_678' title='bbox 3336 3367 3512 3423; x_wconf 82' lang='lat' dir='ltr'><strong>habeo</strong></span> <span class='ocrx_word' id='word_1_679' title='bbox 3557 3380 3674 3421; x_wconf 68' lang='lat' dir='ltr'><strong>cm-</strong></span> 
     </span>
    </p>
   </div>
   <div class='ocr_carea' id='block_1_94' title="bbox 2091 3456 3672 3535">
    <p class='ocr_par' dir='ltr' id='par_1_94' title="bbox 2091 3456 3672 3535">
     <span class='ocr_line' id='line_1_94' title="bbox 2091 3456 3672 3535; baseline -0.007 -14"><span class='ocrx_word' id='word_1_680' title='bbox 2091 3467 2225 3535; x_wconf 86' lang='lat' dir='ltr'><strong>lum,</strong></span> <span class='ocrx_word' id='word_1_681' title='bbox 2254 3475 2308 3521; x_wconf 88' lang='lat' dir='ltr'><strong>et</strong></span> <span class='ocrx_word' id='word_1_682' title='bbox 2338 3477 2540 3521; x_wconf 87' lang='lat' dir='ltr'><strong>terram</strong></span> <span class='ocrx_word' id='word_1_683' title='bbox 2591 3464 2892 3520; x_wconf 84' lang='lat' dir='ltr'><strong>scabellum</strong></span> <span class='ocrx_word' id='word_1_684' title='bbox 2933 3462 3129 3533; x_wconf 87' lang='lat' dir='ltr'><strong>pedum</strong></span> <span class='ocrx_word' id='word_1_685' title='bbox 3179 3459 3455 3516; x_wconf 73' lang='lat' dir='ltr'><strong>meorum?</strong></span> <span class='ocrx_word' id='word_1_686' title='bbox 3494 3456 3672 3530; x_wconf 57' lang='lat' dir='ltr'><strong>Oper.</strong></span> 
     </span>
    </p>
   </div>
   <div class='ocr_carea' id='block_1_95' title="bbox 2093 3552 3673 3629">
    <p class='ocr_par' dir='ltr' id='par_1_95' title="bbox 2093 3552 3673 3629">
     <span class='ocr_line' id='line_1_95' title="bbox 2093 3552 3673 3629; baseline -0.006 -16"><span class='ocrx_word' id='word_1_687' title='bbox 2093 3559 2406 3615; x_wconf 87' lang='lat' dir='ltr'><strong>tehatenim</strong></span> <span class='ocrx_word' id='word_1_688' title='bbox 2437 3559 2521 3615; x_wconf 86' lang='lat' dir='ltr'><strong>eis</strong></span> <span class='ocrx_word' id='word_1_689' title='bbox 2548 3559 2639 3629; x_wconf 85' lang='lat' dir='ltr'><strong>qui</strong></span> <span class='ocrx_word' id='word_1_690' title='bbox 2685 3565 2935 3612; x_wconf 87' lang='lat' dir='ltr'><strong>naturam</strong></span> <span class='ocrx_word' id='word_1_691' title='bbox 2974 3556 3094 3624; x_wconf 85' lang='lat' dir='ltr'><strong>ejus</strong></span> <span class='ocrx_word' id='word_1_692' title='bbox 3140 3555 3261 3610; x_wconf 90' lang='lat' dir='ltr'><strong>loco</strong></span> <span class='ocrx_word' id='word_1_693' title='bbox 3311 3552 3583 3609; x_wconf 82' lang='lat' dir='ltr'><strong>coarctari</strong></span> <span class='ocrx_word' id='word_1_694' title='bbox 3618 3563 3673 3605; x_wconf 84' lang='lat' dir='ltr'><strong>et</strong></span> 
     </span>
    </p>
   </div>
   <div class='ocr_carea' id='block_1_96' title="bbox 2091 3641 3674 3712">
    <p class='ocr_par' dir='ltr' id='par_1_96' title="bbox 2091 3641 3674 3712">
     <span class='ocr_line' id='line_1_96' title="bbox 2091 3641 3674 3712; baseline -0.009 -5"><span class='ocrx_word' id='word_1_695' title='bbox 2091 3650 2446 3707; x_wconf 90' lang='lat' dir='ltr'><strong>circumﬁniri</strong></span> <span class='ocrx_word' id='word_1_696' title='bbox 2490 3648 2900 3709; x_wconf 80' lang='lat' dir='ltr'><strong>existimabant,</strong></span> <span class='ocrx_word' id='word_1_697' title='bbox 2953 3642 3307 3701; x_wconf 82' lang='lat' dir='ltr'><strong>manifestum</strong></span> <span class='ocrx_word' id='word_1_698' title='bbox 3363 3657 3427 3697; x_wconf 87' lang='lat' dir='ltr'><strong>ac</strong></span> <span class='ocrx_word' id='word_1_699' title='bbox 3460 3641 3674 3712; x_wconf 81' lang='lat' dir='ltr'><strong>perspi-</strong></span> 
     </span>
    </p>
   </div>
   <div class='ocr_carea' id='block_1_97' title="bbox 2089 3732 3672 3809">
    <p class='ocr_par' dir='ltr' id='par_1_97' title="bbox 2089 3732 3672 3809">
     <span class='ocr_line' id='line_1_97' title="bbox 2089 3732 3672 3809; baseline -0.008 -10"><span class='ocrx_word' id='word_1_700' title='bbox 2089 3758 2251 3799; x_wconf 88' lang='lat' dir='ltr'><strong>cuum</strong></span> <span class='ocrx_word' id='word_1_701' title='bbox 2277 3741 2461 3797; x_wconf 85' lang='lat' dir='ltr'><strong>facere</strong></span> <span class='ocrx_word' id='word_1_702' title='bbox 2495 3739 2662 3796; x_wconf 87' lang='lat' dir='ltr'><strong>Deum</strong></span> <span class='ocrx_word' id='word_1_703' title='bbox 2690 3739 2891 3809; x_wconf 90' lang='lat' dir='ltr'><strong>ubique</strong></span> <span class='ocrx_word' id='word_1_704' title='bbox 2912 3752 3035 3793; x_wconf 88' lang='lat' dir='ltr'><strong>esse</strong></span> <span class='ocrx_word' id='word_1_705' title='bbox 3061 3744 3224 3806; x_wconf 88' lang='lat' dir='ltr'><strong>atque</strong></span> <span class='ocrx_word' id='word_1_706' title='bbox 3254 3734 3405 3789; x_wconf 86' lang='lat' dir='ltr'><strong>nullo</strong></span> <span class='ocrx_word' id='word_1_707' title='bbox 3438 3732 3672 3788; x_wconf 89' lang='lat' dir='ltr'><strong>termino</strong></span> 
     </span>
    </p>
   </div>
   <div class='ocr_carea' id='block_1_98' title="bbox 2090 3826 3671 3902">
    <p class='ocr_par' dir='ltr' id='par_1_98' title="bbox 2090 3826 3671 3902">
     <span class='ocr_line' id='line_1_98' title="bbox 2090 3826 3671 3902; baseline -0.006 -14"><span class='ocrx_word' id='word_1_708' title='bbox 2090 3833 2359 3889; x_wconf 89' lang='lat' dir='ltr'><strong>contineri</strong></span> <span class='ocrx_word' id='word_1_709' title='bbox 2383 3845 2578 3902; x_wconf 89' lang='lat' dir='ltr'><strong>posse;</strong></span> <span class='ocrx_word' id='word_1_710' title='bbox 2615 3830 2713 3886; x_wconf 89' lang='lat' dir='ltr'><strong>sed</strong></span> <span class='ocrx_word' id='word_1_711' title='bbox 2739 3829 2922 3885; x_wconf 83' lang='lat' dir='ltr'><strong>omnia</strong></span> <span class='ocrx_word' id='word_1_712' title='bbox 2953 3826 3278 3898; x_wconf 86' lang='lat' dir='ltr'><strong>pervadere,</strong></span> <span class='ocrx_word' id='word_1_713' title='bbox 3314 3833 3375 3880; x_wconf 92' lang='lat' dir='ltr'><strong>ut</strong></span> <span class='ocrx_word' id='word_1_714' title='bbox 3406 3826 3524 3894; x_wconf 87' lang='lat' dir='ltr'><strong>ipso</strong></span> <span class='ocrx_word' id='word_1_715' title='bbox 3557 3827 3671 3894; x_wconf 89' lang='lat' dir='ltr'><strong>ple-</strong></span> 
     </span>
    </p>
   </div>
   <div class='ocr_carea' id='block_1_99' title="bbox 2091 3912 3663 3995">
    <p class='ocr_par' dir='ltr' id='par_1_99' title="bbox 2091 3912 3663 3995">
     <span class='ocr_line' id='line_1_99' title="bbox 2091 3912 3663 3995; baseline -0.01 -17"><span class='ocrx_word' id='word_1_716' title='bbox 2091 3937 2219 3978; x_wconf 92' lang='lat' dir='ltr'><strong>num</strong></span> <span class='ocrx_word' id='word_1_717' title='bbox 2271 3921 2344 3977; x_wconf 90' lang='lat' dir='ltr'><strong>sit</strong></span> <span class='ocrx_word' id='word_1_718' title='bbox 2385 3920 2585 3995; x_wconf 78' lang='lat' dir='ltr'><strong>ctelum</strong></span> <span class='ocrx_word' id='word_1_719' title='bbox 2629 3933 2695 3973; x_wconf 88' lang='lat' dir='ltr'><strong>ac</strong></span> <span class='ocrx_word' id='word_1_720' title='bbox 2741 3918 2901 3988; x_wconf 88' lang='lat' dir='ltr'><strong>plena</strong></span> <span class='ocrx_word' id='word_1_721' title='bbox 2955 3923 3122 3970; x_wconf 89' lang='lat' dir='ltr'><strong>terra.</strong></span> <span class='ocrx_word' id='word_1_722' title='bbox 3163 3933 3180 3966; x_wconf 83' lang='grc' dir='ltr'>ι</span> <span class='ocrx_word' id='word_1_723' title='bbox 3223 3912 3326 3968; x_wconf 84' lang='lat' dir='ltr'><strong>Vos</strong></span> <span class='ocrx_word' id='word_1_724' title='bbox 3360 3928 3596 3983; x_wconf 80' lang='lat' dir='ltr'><strong>semper.</strong></span> <span class='ocrx_word' id='word_1_725' title='bbox 3644 3932 3663 3962; x_wconf 78' lang='grc' dir='ltr'>ι</span> 
     </span>
    </p>
   </div>
   <div class='ocr_carea' id='block_1_100' title="bbox 2089 4004 3664 4077">
    <p class='ocr_par' dir='ltr' id='par_1_100' title="bbox 2089 4004 3664 4077">
     <span class='ocr_line' id='line_1_100' title="bbox 2089 4004 3664 4077; baseline -0.009 -8"><span class='ocrx_word' id='word_1_726' title='bbox 2089 4011 2206 4069; x_wconf 86' lang='lat' dir='ltr'><strong>Non</strong></span> <span class='ocrx_word' id='word_1_727' title='bbox 2238 4012 2388 4077; x_wconf 92' lang='lat' dir='ltr'><strong>dicit,</strong></span> <span class='ocrx_word' id='word_1_728' title='bbox 2420 4011 2550 4076; x_wconf 91' lang='lat' dir='ltr'><strong>Deo,</strong></span> <span class='ocrx_word' id='word_1_729' title='bbox 2583 4009 2679 4065; x_wconf 88' lang='lat' dir='ltr'><strong>sed</strong></span> <span class='ocrx_word' id='word_1_730' title='bbox 2724 4028 2743 4062; x_wconf 75' lang='grc' dir='ltr'>ι</span> <span class='ocrx_word' id='word_1_731' title='bbox 2796 4006 3032 4077; x_wconf 91' lang='lat' dir='ltr'><strong>Spiritui</strong></span> <span class='ocrx_word' id='word_1_732' title='bbox 3067 4013 3260 4062; x_wconf 89' lang='lat' dir='ltr'><strong>sancto</strong></span> <span class='ocrx_word' id='word_1_733' title='bbox 3296 4004 3599 4069; x_wconf 77' lang='lat' dir='ltr'><strong>resisﬁtis;</strong></span> <span class='ocrx_word' id='word_1_734' title='bbox 3644 4022 3664 4055; x_wconf 75' lang='grc' dir='ltr'>ι</span> 
     </span>
    </p>
   </div>
   <div class='ocr_carea' id='block_1_101' title="bbox 2088 4097 3670 4174">
    <p class='ocr_par' dir='ltr' id='par_1_101' title="bbox 2088 4097 3670 4174">
     <span class='ocr_line' id='line_1_101' title="bbox 2088 4097 3670 4174; baseline -0.006 -15"><span class='ocrx_word' id='word_1_735' title='bbox 2088 4105 2218 4174; x_wconf 87' lang='lat' dir='ltr'><strong>quia</strong></span> <span class='ocrx_word' id='word_1_736' title='bbox 2252 4102 2460 4158; x_wconf 88' lang='lat' dir='ltr'><strong>nullum</strong></span> <span class='ocrx_word' id='word_1_737' title='bbox 2497 4101 2650 4157; x_wconf 91' lang='lat' dir='ltr'><strong>novit</strong></span> <span class='ocrx_word' id='word_1_738' title='bbox 2673 4101 2814 4156; x_wconf 87' lang='lat' dir='ltr'><strong>inter</strong></span> <span class='ocrx_word' id='word_1_739' title='bbox 2844 4099 3012 4154; x_wconf 90' lang='lat' dir='ltr'><strong>Deum</strong></span> <span class='ocrx_word' id='word_1_740' title='bbox 3040 4110 3093 4153; x_wconf 90' lang='lat' dir='ltr'><strong>et</strong></span> <span class='ocrx_word' id='word_1_741' title='bbox 3118 4097 3385 4168; x_wconf 88' lang='lat' dir='ltr'><strong>Spiritum</strong></span> <span class='ocrx_word' id='word_1_742' title='bbox 3419 4104 3670 4152; x_wconf 88' lang='lat' dir='ltr'><strong>sanctum</strong></span> 
     </span>
    </p>
   </div>
   <div class='ocr_carea' id='block_1_102' title="bbox 2092 4190 3672 4263">
    <p class='ocr_par' dir='ltr' id='par_1_102' title="bbox 2092 4190 3672 4263">
     <span class='ocr_line' id='line_1_102' title="bbox 2092 4190 3672 4263; baseline -0.006 -9"><span class='ocrx_word' id='word_1_743' title='bbox 2092 4197 2430 4254; x_wconf 88' lang='lat' dir='ltr'><strong>discrimen:</strong></span> <span class='ocrx_word' id='word_1_744' title='bbox 2495 4210 2618 4250; x_wconf 88' lang='lat' dir='ltr'><strong>nam</strong></span> <span class='ocrx_word' id='word_1_745' title='bbox 2674 4202 2729 4249; x_wconf 89' lang='lat' dir='ltr'><strong>et</strong></span> <span class='ocrx_word' id='word_1_746' title='bbox 2781 4193 3022 4263; x_wconf 86' lang='lat' dir='ltr'><strong>Spiritus</strong></span> <span class='ocrx_word' id='word_1_747' title='bbox 3082 4201 3313 4248; x_wconf 82' lang='lat' dir='ltr'><strong>sanctus</strong></span> <span class='ocrx_word' id='word_1_748' title='bbox 3361 4201 3444 4246; x_wconf 89' lang='lat' dir='ltr'><strong>est</strong></span> <span class='ocrx_word' id='word_1_749' title='bbox 3506 4190 3672 4252; x_wconf 87' lang='lat' dir='ltr'><strong>Deus,</strong></span> 
     </span>
    </p>
   </div>
   <div class='ocr_carea' id='block_1_103' title="bbox 2090 4284 3673 4364">
    <p class='ocr_par' dir='ltr' id='par_1_103' title="bbox 2090 4284 3673 4364">
     <span class='ocr_line' id='line_1_103' title="bbox 2090 4284 3673 4364; baseline -0.006 -17"><span class='ocrx_word' id='word_1_750' title='bbox 2090 4305 2404 4364; x_wconf 88' lang='lat' dir='ltr'><strong>quanquam</strong></span> <span class='ocrx_word' id='word_1_751' title='bbox 2474 4289 2659 4360; x_wconf 88' lang='lat' dir='ltr'><strong>impiis</strong></span> <span class='ocrx_word' id='word_1_752' title='bbox 2726 4287 2885 4342; x_wconf 89' lang='lat' dir='ltr'><strong>aliter</strong></span> <span class='ocrx_word' id='word_1_753' title='bbox 2956 4286 3237 4342; x_wconf 87' lang='lat' dir='ltr'><strong>videatur.</strong></span> <span class='ocrx_word' id='word_1_754' title='bbox 3274 4303 3293 4337; x_wconf 82' lang='grc' dir='ltr'>ι</span> <span class='ocrx_word' id='word_1_755' title='bbox 3333 4284 3447 4340; x_wconf 83' lang='lat' dir='ltr'><strong>Vos</strong></span> <span class='ocrx_word' id='word_1_756' title='bbox 3503 4284 3673 4356; x_wconf 77' lang='lat' dir='ltr'><strong>igitur</strong></span> 
     </span>
    </p>
   </div>
   <div class='ocr_carea' id='block_1_104' title="bbox 2092 4379 3677 4456">
    <p class='ocr_par' dir='ltr' id='par_1_104' title="bbox 2092 4379 3677 4456">
     <span class='ocr_line' id='line_1_104' title="bbox 2092 4379 3677 4456; baseline -0.007 -13"><span class='ocrx_word' id='word_1_757' title='bbox 2092 4401 2306 4456; x_wconf 84' lang='lat' dir='ltr'><strong>semper</strong></span> <span class='ocrx_word' id='word_1_758' title='bbox 2344 4382 2547 4452; x_wconf 84' lang='lat' dir='ltr'><strong>inquit,</strong></span> <span class='ocrx_word' id='word_1_759' title='bbox 2595 4383 2858 4439; x_wconf 87' lang='lat' dir='ltr'><strong>resistitis</strong></span> <span class='ocrx_word' id='word_1_760' title='bbox 2886 4381 3017 4437; x_wconf 90' lang='lat' dir='ltr'><strong>Deo.</strong></span> <span class='ocrx_word' id='word_1_761' title='bbox 3054 4400 3074 4433; x_wconf 75' lang='grc' dir='ltr'>ι</span> <span class='ocrx_word' id='word_1_762' title='bbox 3118 4380 3250 4435; x_wconf 81' lang='lat' dir='ltr'><strong>Nam</strong></span> <span class='ocrx_word' id='word_1_763' title='bbox 3291 4379 3516 4449; x_wconf 88' lang='lat' dir='ltr'><strong>quando</strong></span> <span class='ocrx_word' id='word_1_764' title='bbox 3558 4380 3677 4450; x_wconf 85' lang='lat' dir='ltr'><strong>ipse</strong></span> 
     </span>
    </p>
   </div>
   <div class='ocr_carea' id='block_1_105' title="bbox 2092 4471 3679 4540">
    <p class='ocr_par' dir='ltr' id='par_1_105' title="bbox 2092 4471 3679 4540">
     <span class='ocr_line' id='line_1_105' title="bbox 2092 4471 3679 4540; baseline -0.004 -9"><span class='ocrx_word' id='word_1_765' title='bbox 2092 4475 2311 4533; x_wconf 79' lang='lat' dir='ltr'><strong>volebat</strong></span> <span class='ocrx_word' id='word_1_766' title='bbox 2358 4474 2650 4539; x_wconf 87' lang='lat' dir='ltr'><strong>sacriﬁcia,</strong></span> <span class='ocrx_word' id='word_1_767' title='bbox 2696 4486 2796 4529; x_wconf 89' lang='lat' dir='ltr'><strong>vos</strong></span> <span class='ocrx_word' id='word_1_768' title='bbox 2842 4486 2951 4528; x_wconf 89' lang='lat' dir='ltr'><strong>non</strong></span> <span class='ocrx_word' id='word_1_769' title='bbox 2999 4471 3344 4537; x_wconf 78' lang='lat' dir='ltr'><strong>oﬁ‘erebatis;</strong></span> <span class='ocrx_word' id='word_1_770' title='bbox 3382 4485 3506 4525; x_wconf 89' lang='lat' dir='ltr'><strong>cum</strong></span> <span class='ocrx_word' id='word_1_771' title='bbox 3547 4485 3679 4540; x_wconf 83' lang='lat' dir='ltr'><strong>vero</strong></span> 
     </span>
    </p>
   </div>
   <div class='ocr_carea' id='block_1_106' title="bbox 2093 4559 3677 4631">
    <p class='ocr_par' dir='ltr' id='par_1_106' title="bbox 2093 4559 3677 4631">
     <span class='ocr_line' id='line_1_106' title="bbox 2093 4559 3677 4631; baseline -0.005 -8"><span class='ocrx_word' id='word_1_772' title='bbox 2093 4582 2203 4623; x_wconf 91' lang='lat' dir='ltr'><strong>non</strong></span> <span class='ocrx_word' id='word_1_773' title='bbox 2239 4566 2376 4631; x_wconf 86' lang='lat' dir='ltr'><strong>vult,</strong></span> <span class='ocrx_word' id='word_1_774' title='bbox 2414 4580 2513 4621; x_wconf 91' lang='lat' dir='ltr'><strong>vos</strong></span> <span class='ocrx_word' id='word_1_775' title='bbox 2544 4563 2732 4619; x_wconf 88' lang='lat' dir='ltr'><strong>eadem</strong></span> <span class='ocrx_word' id='word_1_776' title='bbox 2776 4561 3005 4619; x_wconf 84' lang='lat' dir='ltr'><strong>oﬂ&#39;ertis.</strong></span> <span class='ocrx_word' id='word_1_777' title='bbox 3056 4560 3287 4628; x_wconf 86' lang='lat' dir='ltr'><strong>Quando</strong></span> <span class='ocrx_word' id='word_1_778' title='bbox 3338 4559 3677 4616; x_wconf 88' lang='lat' dir='ltr'><strong>subsistebat</strong></span> 
     </span>
    </p>
   </div>
   <div class='ocr_carea' id='block_1_107' title="bbox 2093 4651 3676 4729">
    <p class='ocr_par' dir='ltr' id='par_1_107' title="bbox 2093 4651 3676 4729">
     <span class='ocr_line' id='line_1_107' title="bbox 2093 4651 3676 4729; baseline -0.004 -17"><span class='ocrx_word' id='word_1_779' title='bbox 2093 4658 2381 4729; x_wconf 87' lang='lat' dir='ltr'><strong>templum,</strong></span> <span class='ocrx_word' id='word_1_780' title='bbox 2408 4670 2510 4712; x_wconf 91' lang='lat' dir='ltr'><strong>vos</strong></span> <span class='ocrx_word' id='word_1_781' title='bbox 2550 4654 2697 4710; x_wconf 88' lang='lat' dir='ltr'><strong>idola</strong></span> <span class='ocrx_word' id='word_1_782' title='bbox 2731 4652 2998 4710; x_wconf 88' lang='lat' dir='ltr'><strong>colebatis</strong></span> <span class='ocrx_word' id='word_1_783' title='bbox 3025 4668 3041 4719; x_wconf 88' lang='lat'><strong>;</strong></span> <span class='ocrx_word' id='word_1_784' title='bbox 3073 4667 3198 4707; x_wconf 91' lang='lat' dir='ltr'><strong>cum</strong></span> <span class='ocrx_word' id='word_1_785' title='bbox 3237 4666 3368 4706; x_wconf 90' lang='lat' dir='ltr'><strong>vero</strong></span> <span class='ocrx_word' id='word_1_786' title='bbox 3398 4651 3515 4705; x_wconf 84' lang='lat' dir='ltr'><strong>vult</strong></span> <span class='ocrx_word' id='word_1_787' title='bbox 3542 4652 3676 4706; x_wconf 88' lang='lat' dir='ltr'><strong>abs-</strong></span> 
     </span>
    </p>
   </div>
   <div class='ocr_carea' id='block_1_108' title="bbox 2094 4742 3674 4823">
    <p class='ocr_par' dir='ltr' id='par_1_108' title="bbox 2094 4742 3674 4823">
     <span class='ocr_line' id='line_1_108' title="bbox 2094 4742 3674 4823; baseline -0.005 -18"><span class='ocrx_word' id='word_1_788' title='bbox 2094 4767 2205 4823; x_wconf 86' lang='lat' dir='ltr'><strong>que</strong></span> <span class='ocrx_word' id='word_1_789' title='bbox 2264 4750 2469 4823; x_wconf 89' lang='lat' dir='ltr'><strong>templo</strong></span> <span class='ocrx_word' id='word_1_790' title='bbox 2504 4749 2634 4811; x_wconf 91' lang='lat' dir='ltr'><strong>coli,</strong></span> <span class='ocrx_word' id='word_1_791' title='bbox 2666 4761 2768 4803; x_wconf 86' lang='lat' dir='ltr'><strong>vos</strong></span> <span class='ocrx_word' id='word_1_792' title='bbox 2815 4745 3158 4802; x_wconf 87' lang='lat' dir='ltr'><strong>contrarium</strong></span> <span class='ocrx_word' id='word_1_793' title='bbox 3189 4742 3372 4799; x_wconf 81' lang='lat' dir='ltr'><strong>facitis</strong></span> <span class='ocrx_word' id='word_1_794' title='bbox 3408 4761 3421 4798; x_wconf 90' lang='lat'><strong>:</strong></span> <span class='ocrx_word' id='word_1_795' title='bbox 3472 4743 3674 4798; x_wconf 85' lang='lat' dir='ltr'><strong>similia</strong></span> 
     </span>
    </p>
   </div>
   <div class='ocr_carea' id='block_1_109' title="bbox 2096 4838 3672 4914">
    <p class='ocr_par' dir='ltr' id='par_1_109' title="bbox 2096 4838 3672 4914">
     <span class='ocr_line' id='line_1_109' title="bbox 2096 4838 3672 4914; baseline -0.004 -14"><span class='ocrx_word' id='word_1_796' title='bbox 2096 4845 2308 4901; x_wconf 90' lang='lat' dir='ltr'><strong>scilicet</strong></span> <span class='ocrx_word' id='word_1_797' title='bbox 2333 4844 2588 4914; x_wconf 88' lang='lat' dir='ltr'><strong>patrihus</strong></span> <span class='ocrx_word' id='word_1_798' title='bbox 2610 4843 2809 4898; x_wconf 88' lang='lat' dir='ltr'><strong>vestris</strong></span> <span class='ocrx_word' id='word_1_799' title='bbox 2834 4851 3080 4910; x_wconf 81' lang='lat' dir='ltr'><strong>agentes.</strong></span> <span class='ocrx_word' id='word_1_800' title='bbox 3118 4859 3141 4892; x_wconf 76' lang='grc' dir='ltr'>ι</span> <span class='ocrx_word' id='word_1_801' title='bbox 3175 4838 3348 4903; x_wconf 78' lang='lat' dir='ltr'><strong>Quem</strong></span> <span class='ocrx_word' id='word_1_802' title='bbox 3382 4839 3672 4910; x_wconf 84' lang='lat' dir='ltr'><strong>propheta-</strong></span> 
     </span>
    </p>
   </div>
   <div class='ocr_carea' id='block_1_110' title="bbox 2097 4932 3674 5003">
    <p class='ocr_par' dir='ltr' id='par_1_110' title="bbox 2097 4932 3674 5003">
     <span class='ocr_line' id='line_1_110' title="bbox 2097 4932 3674 5003; baseline -0.004 -11"><span class='ocrx_word' id='word_1_803' title='bbox 2097 4950 2243 4992; x_wconf 89' lang='lat' dir='ltr'><strong>rum.</strong></span> <span class='ocrx_word' id='word_1_804' title='bbox 2258 4934 2414 4991; x_wconf 68' lang='lat' dir='ltr'><strong>iHazc</strong></span> <span class='ocrx_word' id='word_1_805' title='bbox 2431 4934 2720 4992; x_wconf 86' lang='lat' dir='ltr'><strong>verissime</strong></span> <span class='ocrx_word' id='word_1_806' title='bbox 2737 4933 2944 4990; x_wconf 81' lang='lat' dir='ltr'><strong>dixisse</strong></span> <span class='ocrx_word' id='word_1_807' title='bbox 2958 4933 3177 4989; x_wconf 86' lang='lat' dir='ltr'><strong>beatum</strong></span> <span class='ocrx_word' id='word_1_808' title='bbox 3201 4932 3536 5003; x_wconf 84' lang='lat' dir='ltr'><strong>Stephanum</strong></span> <span class='ocrx_word' id='word_1_809' title='bbox 3566 4946 3674 4987; x_wconf 91' lang='lat' dir='ltr'><strong>non</strong></span> 
     </span>
    </p>
   </div>
   <div class='ocr_carea' id='block_1_111' title="bbox 2097 5023 3678 5098">
    <p class='ocr_par' dir='ltr' id='par_1_111' title="bbox 2097 5023 3678 5098">
     <span class='ocr_line' id='line_1_111' title="bbox 2097 5023 3678 5098; baseline -0.004 -12"><span class='ocrx_word' id='word_1_810' title='bbox 2097 5029 2434 5091; x_wconf 85' lang='lat' dir='ltr'><strong>dubitamus,</strong></span> <span class='ocrx_word' id='word_1_811' title='bbox 2494 5028 2698 5098; x_wconf 80' lang='lat' dir='ltr'><strong>quippe</strong></span> <span class='ocrx_word' id='word_1_812' title='bbox 2736 5027 2828 5097; x_wconf 91' lang='lat' dir='ltr'><strong>qui</strong></span> <span class='ocrx_word' id='word_1_813' title='bbox 2871 5025 3080 5095; x_wconf 88' lang='lat' dir='ltr'><strong>Spiritu</strong></span> <span class='ocrx_word' id='word_1_814' title='bbox 3122 5033 3317 5082; x_wconf 87' lang='lat' dir='ltr'><strong>sancto</strong></span> <span class='ocrx_word' id='word_1_815' title='bbox 3351 5023 3566 5079; x_wconf 81' lang='lat' dir='ltr'><strong>aﬂlante</strong></span> <span class='ocrx_word' id='word_1_816' title='bbox 3596 5024 3678 5080; x_wconf 90' lang='lat' dir='ltr'><strong>lo-</strong></span> 
     </span>
    </p>
   </div>
   <div class='ocr_carea' id='block_1_112' title="bbox 2095 5114 3676 5194">
    <p class='ocr_par' dir='ltr' id='par_1_112' title="bbox 2095 5114 3676 5194">
     <span class='ocr_line' id='line_1_112' title="bbox 2095 5114 3676 5194; baseline -0.004 -18"><span class='ocrx_word' id='word_1_817' title='bbox 2095 5121 2390 5194; x_wconf 89' lang='lat' dir='ltr'><strong>quebatur.</strong></span> <span class='ocrx_word' id='word_1_818' title='bbox 2406 5118 2472 5173; x_wconf 86' lang='lat' dir='ltr'><strong>Et</strong></span> <span class='ocrx_word' id='word_1_819' title='bbox 2489 5117 2709 5188; x_wconf 89' lang='lat' dir='ltr'><strong>quidem</strong></span> <span class='ocrx_word' id='word_1_820' title='bbox 2728 5124 2940 5188; x_wconf 90' lang='lat' dir='ltr'><strong>poterat</strong></span> <span class='ocrx_word' id='word_1_821' title='bbox 2960 5116 3052 5172; x_wconf 89' lang='lat' dir='ltr'><strong>ille</strong></span> <span class='ocrx_word' id='word_1_822' title='bbox 3066 5114 3676 5172; x_wconf 75' lang='lat' dir='ltr'><strong>exVeteriTestamento</strong></span> 
     </span>
    </p>
   </div>
   <div class='ocr_carea' id='block_1_113' title="bbox 2095 5205 3676 5281">
    <p class='ocr_par' dir='ltr' id='par_1_113' title="bbox 2095 5205 3676 5281">
     <span class='ocr_line' id='line_1_113' title="bbox 2095 5205 3676 5281; baseline -0.006 -11"><span class='ocrx_word' id='word_1_823' title='bbox 2095 5213 2496 5277; x_wconf 86' lang='lat' dir='ltr'><strong>demonstrare,</strong></span> <span class='ocrx_word' id='word_1_824' title='bbox 2521 5225 2630 5281; x_wconf 89' lang='lat' dir='ltr'><strong>quo</strong></span> <span class='ocrx_word' id='word_1_825' title='bbox 2647 5210 2774 5280; x_wconf 87' lang='lat' dir='ltr'><strong>jure</strong></span> <span class='ocrx_word' id='word_1_826' title='bbox 2797 5208 3049 5280; x_wconf 87' lang='lat' dir='ltr'><strong>patribus</strong></span> <span class='ocrx_word' id='word_1_827' title='bbox 3074 5208 3290 5264; x_wconf 88' lang='lat' dir='ltr'><strong>illorum</strong></span> <span class='ocrx_word' id='word_1_828' title='bbox 3323 5206 3417 5277; x_wconf 90' lang='lat' dir='ltr'><strong>qui</strong></span> <span class='ocrx_word' id='word_1_829' title='bbox 3444 5206 3499 5260; x_wconf 88' lang='lat' dir='ltr'><strong>in</strong></span> <span class='ocrx_word' id='word_1_830' title='bbox 3516 5205 3676 5261; x_wconf 86' lang='lat' dir='ltr'><strong>Chri-</strong></span> 
     </span>
    </p>
   </div>
   <div class='ocr_carea' id='block_1_114' title="bbox 2099 5299 3664 5377">
    <p class='ocr_par' dir='ltr' id='par_1_114' title="bbox 2099 5299 3664 5377">
     <span class='ocr_line' id='line_1_114' title="bbox 2099 5299 3664 5377; baseline -0.005 -16"><span class='ocrx_word' id='word_1_831' title='bbox 2099 5314 2245 5362; x_wconf 89' lang='lat' dir='ltr'><strong>stum</strong></span> <span class='ocrx_word' id='word_1_832' title='bbox 2287 5303 2445 5377; x_wconf 70' lang='lat'><strong>231</strong></span> <span class='ocrx_word' id='word_1_833' title='bbox 2488 5317 2599 5358; x_wconf 86' lang='lat' dir='ltr'><strong>non</strong></span> <span class='ocrx_word' id='word_1_834' title='bbox 2652 5301 3025 5365; x_wconf 84' lang='lat' dir='ltr'><strong>crediderant,</strong></span> <span class='ocrx_word' id='word_1_835' title='bbox 3082 5299 3462 5370; x_wconf 83' lang='lat' dir='ltr'><strong>exprobraret,</strong></span> <span class='ocrx_word' id='word_1_836' title='bbox 3517 5299 3664 5369; x_wconf 84' lang='lat' dir='ltr'><strong>quod</strong></span> 
     </span>
    </p>
   </div>
   <div class='ocr_carea' id='block_1_115' title="bbox 2100 5388 3674 5470">
    <p class='ocr_par' dir='ltr' id='par_1_115' title="bbox 2100 5388 3674 5470">
     <span class='ocr_line' id='line_1_115' title="bbox 2100 5388 3674 5470; baseline -0.006 -16"><span class='ocrx_word' id='word_1_837' title='bbox 2100 5397 2403 5470; x_wconf 88' lang='lat' dir='ltr'><strong>prophetas</strong></span> <span class='ocrx_word' id='word_1_838' title='bbox 2463 5397 2736 5467; x_wconf 86' lang='lat' dir='ltr'><strong>persecuti</strong></span> <span class='ocrx_word' id='word_1_839' title='bbox 2798 5409 3014 5465; x_wconf 90' lang='lat' dir='ltr'><strong>semper</strong></span> <span class='ocrx_word' id='word_1_840' title='bbox 3042 5391 3251 5448; x_wconf 74' lang='lat' dir='ltr'><strong>fuerint</strong></span> <span class='ocrx_word' id='word_1_841' title='bbox 3289 5400 3343 5446; x_wconf 82' lang='lat' dir='ltr'><strong>et</strong></span> <span class='ocrx_word' id='word_1_842' title='bbox 3383 5388 3674 5445; x_wconf 79' lang='lat' dir='ltr'><strong>interiece-</strong></span> 
     </span>
    </p>
   </div>
   <div class='ocr_carea' id='block_1_116' title="bbox 2104 5482 3671 5551">
    <p class='ocr_par' dir='ltr' id='par_1_116' title="bbox 2104 5482 3671 5551">
     <span class='ocr_line' id='line_1_116' title="bbox 2104 5482 3671 5551; baseline -0.006 -5"><span class='ocrx_word' id='word_1_843' title='bbox 2104 5491 2251 5551; x_wconf 81' lang='lat' dir='ltr'><strong>rint:</strong></span> <span class='ocrx_word' id='word_1_844' title='bbox 2294 5490 2400 5549; x_wconf 88' lang='lat' dir='ltr'><strong>hoc</strong></span> <span class='ocrx_word' id='word_1_845' title='bbox 2441 5499 2623 5547; x_wconf 86' lang='lat' dir='ltr'><strong>autem</strong></span> <span class='ocrx_word' id='word_1_846' title='bbox 2647 5505 2716 5546; x_wconf 78' lang='lat' dir='ltr'><strong>ex</strong></span> <span class='ocrx_word' id='word_1_847' title='bbox 2747 5487 2906 5545; x_wconf 91' lang='lat' dir='ltr'><strong>libris</strong></span> <span class='ocrx_word' id='word_1_848' title='bbox 2932 5486 3067 5543; x_wconf 83' lang='lat' dir='ltr'><strong>Novi</strong></span> <span class='ocrx_word' id='word_1_849' title='bbox 3094 5482 3436 5542; x_wconf 82' lang='lat' dir='ltr'><strong>Testamenti</strong></span> <span class='ocrx_word' id='word_1_850' title='bbox 3459 5483 3671 5539; x_wconf 83' lang='lat' dir='ltr'><strong>ostendi</strong></span> 
     </span>
    </p>
   </div>
   <div class='ocr_carea' id='block_1_117' title="bbox 1623 5662 2510 5733">
    <p class='ocr_par' dir='ltr' id='par_1_117' title="bbox 1623 5662 2510 5733">
     <span class='ocr_line' id='line_1_117' title="bbox 1623 5662 2510 5733; baseline -0.002 -8"><span class='ocrx_word' id='word_1_851' title='bbox 1623 5662 1821 5729; x_wconf 82' lang='lat' dir='ltr'><strong>Variae</strong></span> <span class='ocrx_word' id='word_1_852' title='bbox 1860 5663 2169 5733; x_wconf 80' lang='lat' dir='ltr'><strong>lectiones</strong></span> <span class='ocrx_word' id='word_1_853' title='bbox 2210 5667 2272 5726; x_wconf 87' lang='lat' dir='ltr'><strong>et</strong></span> <span class='ocrx_word' id='word_1_854' title='bbox 2319 5667 2510 5727; x_wconf 82' lang='lat' dir='ltr'><strong>notae.</strong></span> 
     </span>
    </p>
   </div>
   <div class='ocr_carea' id='block_1_118' title="bbox 483 5759 1483 5832">
    <p class='ocr_par' dir='ltr' id='par_1_118' title="bbox 483 5759 1483 5832">
     <span class='ocr_line' id='line_1_118' title="bbox 483 5759 1483 5832; baseline 0 -15"><span class='ocrx_word' id='word_1_855' title='bbox 483 5759 625 5817; x_wconf 66' lang='lat'><strong>&quot;1::</strong></span> <span class='ocrx_word' id='word_1_856' title='bbox 682 5761 789 5831; x_wconf 70' lang='grc' dir='ltr'>εἴη.</span> <span class='ocrx_word' id='word_1_857' title='bbox 866 5762 911 5795; x_wconf 83' lang='grc'><strong>⁸⁸</strong></span> <span class='ocrx_word' id='word_1_858' title='bbox 945 5763 1132 5832; x_wconf 88' lang='grc' dir='ltr'>χωρεῖ.</span> <span class='ocrx_word' id='word_1_859' title='bbox 1210 5760 1257 5794; x_wconf 82' lang='grc'><strong>⁸⁸</strong></span> <span class='ocrx_word' id='word_1_860' title='bbox 1289 5760 1483 5827; x_wconf 85' lang='grc' dir='ltr'>οῦτως.</span> 
     </span>
    </p>
   </div>
  </div>
