4082 6454
380 343 486 410 923

1231 334 1812 399 THEOPHYLACTI
1853 336 2264 400 BULGABI/E
2302 335 2664 400 ARCHIEP.

3535 329 3646 396 99.5

379 460 524 512 ritus
586 453 761 510 sancti
821 453 1053 523 gratiazn
1118 449 1323 504 eisdem
1371 450 1587 504 darent.
1640 447 1954 516 Baptizabat

2079 448 2339 519 παρέσχον
2380 450 2562 521 χάριν.
2621 443 2792 531 Οὗτος
2849 445 2945 504 οὖν
3023 448 3276 519 βαπτίζει
3345 446 3504 516 μόνον
3581 447 3658 512 ὼς

383 551 553 620 igitur
630 548 734 603 iste
795 543 1209 607 tantummodo,
1270 534 1528 612 tanquam
1606 539 1951 609 discipulus;

2061 539 2330 611 μαθητὴς,
2362 542 2629 596 τελειοῦσι
2673 541 2732 596 δὲ
2777 541 2878 613 τὴν
2914 542 3075 614 χάριν
3112 542 3163 594 οἱ
3201 539 3512 605 ἀπόστολοι,
3573 536 3658 600 οἷς

388 638 748 711 perliclebant
779 645 961 693 autem
1021 636 1249 704 gratiam
1296 634 1554 703 apostoli,
1605 633 1810 702 quibus
1840 632 1957 688 ltaae

2079 632 2093 701 ᾖ
2138 633 2239 702 τῆς
2286 633 2542 705 τοιαύτης
2585 634 2784 699 δόσεως
2826 634 3083 688 αὐθεντία
3126 633 3354 688 ἐδέδοτο.
3412 653 3432 686 ι
3487 633 3655 703 Ἀνὴρ

385 732 620 788 facultas
642 729 843 787 collata
878 727 1077 785 fuerat.
1115 748 1132 778 ι
1173 727 1299 781 Erat
1325 734 1502 781 autem
1526 724 1613 780 vir
1647 724 1889 795 quidam.
1933 743 1952 777 ι

2079 719 2120 775 ἱέ
2151 740 2254 787 τις.
2296 742 2314 775 ι
2351 725 2715 794 Σημειωτὲον,
2753 725 2836 779 ὅτι
2869 726 2930 779 οὗ
2948 726 3029 779 δεῖ
3061 722 3381 794 πλησιάζειν
3416 723 3615 793 μάγοις
3637 737 3654 751 ·

387 824 624 890 Adnota,
644 818 1192 893 appropinquandum
1227 833 1333 872 non
1366 832 1491 872 esse
1509 818 1705 886 magis.
1736 816 1892 882 Quod
1913 816 1959 873 si

2079 815 2109 867 εί
2147 815 2205 869 δέ
2236 833 2319 879 τις
2359 816 2661 887 ἀπατηθεὶς
2683 818 3037 890 ἐπλησίασεν,
3067 818 3389 888 ἀφιστάσθω
3414 817 3657 886 ταχέως.

384 915 509 983 quis
545 915 811 984 deceptus
838 914 904 968 ad
941 912 1091 983 ipsos
1123 909 1440 972 accesserit,
1462 906 1758 963 confestim
1779 909 1961 963 disce-

382 1006 499 1061 dat.
530 1005 780 1079 Ipsorum
813 1005 958 1060 enim
994 1000 1338 1055 familiaritas
1384 999 1771 1055 alienationem
1805 1014 1962 1055 meu-

386 1095 463 1150 tis
490 1095 714 1165 ingerit,
747 1109 855 1165 qua
910 1093 1115 1148 veritas
1149 1092 1392 1148 discerni
1444 1108 1550 1148 non
1591 1100 1792 1164 potest.
1855 1092 1964 1147 Iste

387 1186 557 1256 igitur
598 1186 787 1241 Simon
833 1182 1232 1241 subblandiens
1294 1184 1584 1254 apostolis,
1647 1198 1962 1254 quanquam

389 1293 582 1349 magus
609 1285 777 1345 esset,
804 1277 1119 1347 baptizatus
1148 1284 1234 1331 est
1265 1276 1411 1330 sicut
1442 1285 1496 1330 et
1527 1275 1618 1331 alii
1653 1290 1681 1328 a
1713 1275 1964 1345 Philippo

387 1385 500 1423 uno
531 1385 593 1424 ex
625 1377 860 1439 septem,
884 1369 976 1439 qui
1009 1384 1136 1423 cum
1163 1376 1310 1424 esset
1339 1368 1631 1432 diaconus,
1664 1382 1769 1420 non
1802 1368 1966 1422 liabe-

391 1456 483 1513 bat
511 1469 835 1529 potestatem
884 1457 1047 1513 dandi
1089 1473 1185 1528 per
1238 1473 1504 1512 manuum
1559 1457 1966 1528 itnpositionem

387 1552 659 1622 Spiritum
698 1563 976 1606 sanetum.
1031 1548 1190 1618 Quod
1246 1560 1428 1605 autem
1488 1552 1591 1606 hoc
1625 1566 1814 1605 verum
1870 1549 1968 1617 sit,

387 1642 615 1712 etquod
669 1657 769 1697 nec
819 1642 1210 1696 miraculorum
1248 1641 1453 1695 donum
1497 1639 1687 1695 Simon
1736 1655 1969 1710 accepe-

392 1736 488 1798 rit,
511 1733 711 1788 exinde
739 1733 993 1804 colligere
1018 1731 1177 1788 facile
1204 1740 1309 1798 est,
1343 1733 1487 1802 quod
1521 1747 1679 1787 sacer
1733 1734 1972 1802 scriptor

2076 907 2141 960 Ἦ
2193 905 2301 977 γὰρ
2352 908 2586 980 ἐπιμονὴ
2640 911 2673 980 ή
2721 911 2779 963 ὲν
2827 910 3032 974 αὐτοῖς,
3083 911 3163 973 είς
3192 908 3478 962 ’ἔκστασιν
3529 907 3658 974 ἄγει

2066 999 2302 1070 φρενῶν,
2327 999 2469 1052 ὥστε
2504 999 2580 1071 μὴ
2627 1001 2866 1056 συνιέναι
2910 1002 3202 1072 διακρῖναι.
3259 991 3432 1063 Οὗτος
3481 998 3663 1052 τοίνυν

2064 1094 2092 1146 6
2124 1093 2305 1163 Σίμων
2333 1092 2773 1164 ύποκρισάμενος
2796 1094 2919 1126 ⁶⁰·⁸¹
2942 1094 3069 1156 τοὺς
3099 1092 3453 1154 ἀποστόλους,
3485 1090 3662 1161 μάγος

2066 1183 2348 1256 ὑπάρχων,
2372 1185 2465 1238 καὶ
2494 1186 2656 1248 αὐτὸς
2686 1184 2888 1255 ὁμοίως
2919 1188 3033 1248 τοῖς
3057 1184 3237 1247 ἄλλοις
3255 1184 3362 1237 ὑπὸ
3388 1184 3662 1237 Φιλίππου

2067 1276 2367 1345 ἐϐαπτίσθη
2396 1276 2490 1353 τοῦ
2530 1276 2647 1340 ἐνὸς
2670 1276 2781 1329 τῶν
2825 1277 2966 1330 ἑπτά
2989 1291 3004 1307 ’
3038 1275 3096 1340 δς
3141 1275 3390 1339 διάκονος
3421 1274 3517 1339 ὢν,
3559 1274 3661 1327 οὐκ

2068 1363 2213 1438 εἶχεν
2248 1368 2498 1434 ἐξουσίαν
2539 1369 2628 1423 διὰ
2684 1370 2784 1436 τῆς
2842 1368 3183 1440 χειροθεσίας
3233 1367 3401 1422 αὐτοῦ
3457 1365 3665 1419 διδόναι

2069 1463 2128 1515 τὸ
2172 1462 2480 1531 Πνεῦματὸ
2518 1460 2691 1529 ἅγιον.
2735 1460 2859 1514 ’Ότι
2899 1476 2961 1513 τε
2997 1459 3054 1512 δὲ
3091 1459 3253 1512 τοῦτο
3300 1456 3523 1527 ἀληθὲς,
3569 1457 3666 1510 καὶ

2070 1552 2131 1606 τὸ
2145 1552 2253 1606 τῶν
2281 1553 2521 1623 σημείων
2556 1551 2778 1622 Πνεῦμα
2809 1551 2911 1604 οὐκ
2936 1549 3153 1614 ἔλαϐεν,
3197 1552 3299 1622 ὅρα
3323 1550 3438 1612 πῶς
3472 1565 3661 1618 φησιν,

2071 1645 2155 1699 ὅτι
2190 1645 2423 1715 Θεωρῶν
2452 1644 2708 1714 δυνάμεις
2731 1645 2826 1697 καὶ
2848 1644 3051 1713 σημεῖα
3081 1641 3363 1710 γινόμενα,
3390 1638 3659 1704 ἐξίστατο,

2075 1738 2171 1791 καὶ
2204 1737 2476 1807 προσῆλθε
2511 1735 2666 1791 τοῦτο
2708 1736 2936 1789 αἰτῶν.‹
2994 1733 3405 1795 Ἀκούσαντες.»
3448 1731 3659 1803 Πρόδηο

390 1828 538 1881 dicat
586 1845 600 1879 :
640 1823 847 1880 Videns
874 1800 1058 1878 vctiam
1108 1826 1261 1895 signa
1302 1800 1422 1894 qua:
1475 1824 1700 1890 fiebant,
1744 1800 1973 1895 stupens

2079 1830 2185 1895 λον,
2205 1800 2286 1882 ὅτι
2312 1800 2380 1882 oi,
2404 1828 2508 1880 ὑπὸ
2540 1827 2804 1884 Φιλίππου
2830 1825 3217 1897 βαπτισθέντες
3253 1825 3312 1878 ὲν
3344 1800 3650 1895 Σαμαρείᾳ,

392 1917 787 1972 ιιιιιιείςιιιιιιευν.
836 1915 988 1973 Unde
1056 1917 1323 1981 accessit,
1379 1926 1437 1970 ut
1515 1917 1684 1971 hocce
1766 1916 1971 1972 donum

394 2010 727 2079 postularet.
768 2028 785 2058 ι
818 2007 953 2062 Cum
993 2016 1177 2062 autem
1211 2007 1516 2063 audissent.
1559 2026 1579 2060 ι
1613 2006 1969 2064 Manifestum

391 2108 500 2165 est,
531 2116 626 2154 eos
661 2100 750 2168 qui
780 2114 809 2152 a
852 2097 1104 2169 Philippo
1141 2098 1561 2168 baptizabantur
1608 2098 1669 2153 in
1702 2099 1972 2167 Samaria,

391 2207 502 2247 non
538 2191 814 2262 recepisse
841 2190 1110 2262 Spiritum
1143 2198 1421 2256 sanctum,
1460 2194 1606 2259 quod
1641 2207 1766 2247 eum
1796 2191 1964 2248 dandi

394 2285 660 2342 facultate
697 2288 816 2357 ipse
844 2294 1080 2354 careret,
1112 2301 1179 2340 eo
1212 2287 1384 2355 quod,
1430 2295 1490 2340 ut
1531 2287 1796 2354 diximus,
1829 2304 1976 2344 unus

392 2386 514 2433 erat
535 2393 603 2434 ex
626 2386 838 2448 septem
890 2378 1178 2434 diaeohis:
1222 2379 1310 2448 qui
1339 2379 1504 2452 234
1546 2379 1767 2450 quidem
1800 2380 1977 2435 virtu-

395 2480 504 2524 tem
541 2480 874 2540 acceperant
910 2470 1140 2525 faciendi
1175 2471 1462 2536 miracula,
1512 2487 1619 2526 non
1660 2473 1786 2527 item
1810 2473 1975 2528 dandi

401 2560 671 2629 Spiritum
729 2568 1013 2615 sanctum.
1050 2560 1175 2615 llaec
1232 2562 1379 2615 enim
1435 2570 1555 2615 erat
1602 2564 1977 2631 apostolorum

396 2651 783 2720 praerogativa.
819 2651 914 2706 Vel
949 2651 1150 2707 aliter:
1186 2652 1465 2722 Philippus
1495 2650 1827 2707 descendere
1869 2669 1979 2708 non

399 2743 646 2799 faciebat
680 2742 944 2812 Spiritum
976 2753 1230 2799 sanetum
1273 2759 1440 2813 supra
1493 2759 1591 2799 eos
1632 2760 1773 2812 quos
1800 2745 1980 2816 bapti-

400 2835 583 2899 zabat,
611 2852 719 2890 non
746 2836 818 2891 ob
848 2836 1320 2906 imperfectionem
1354 2850 1529 2901 suam,
1565 2844 1661 2890 aut
1687 2836 1836 2906 quod
1880 2837 1981 2890 hoc

396 2927 724 2995 impetrandi
789 2925 931 2983 foret
987 2927 1246 2998 indignus
1318 2926 1465 2996 (cum
1517 2929 1654 2981 alias
1715 2928 1981 2982 miracula

396 3018 602 3073 faceret
632 3027 686 3073 et
743 3022 964 3075 morbos
1009 3027 1228 3074 curaret
1275 3027 1332 3075 et
1363 3020 1589 3087 ejiceret
1642 3020 1970 3090 daemones),

399 3110 496 3166 Sed
557 3113 710 3180 quia,
746 3119 809 3166 ut
859 3113 1127 3181 apostolis
1181 3113 1328 3168 hunc
1394 3112 1636 3167 deferret
1689 3113 1977 3176 honorem,

2076 1917 2328 1991 ούκῆσαν
2344 1919 2598 1982 λαϐόντες
2621 1918 2841 1986 Πνεῦμα
2858 1918 3030 1985 ἅγιον,
3051 1918 3137 1971 διὰ
3159 1917 3220 1968 τὸ
3237 1916 3310 1985 μὴ
3335 1915 3360 1968 ἐ
3365 1932 3478 1985 χειν
3494 1916 3656 1986 χάρι-

2077 2030 2191 2082 σμα
2213 2013 2451 2066 τοιοῦτον
2471 2029 2485 2043 ·
2504 2011 2625 2064 ἐπεὶ
2641 2006 2816 2074 οὗτος,
2835 2009 2938 2081 ἔφη
2960 2010 3056 2079 μὲν
3070 2011 3134 2075 ⁸³,
3162 2003 3241 2072 εἷς
3257 2005 3324 2076 ἦν
3344 2008 3452 2061 τῶν
3479 2008 3619 2061 ἑπτά
3638 2023 3652 2037 ·

2075 2096 2222 2159 οὗτοι
2263 2104 2372 2174 γὰρ
2419 2104 2676 2173 δυνάμεις
2727 2101 2918 2157 ἔλαϐον
2968 2102 3141 2154 ποιεῖν
3173 2101 3395 2172 σημεῖα,
3448 2099 3569 2169 οὐχὶ
3601 2097 3659 2152 δὲ

2078 2194 2303 2267 Πνεῦμα
2334 2194 2532 2248 διδόναι
2566 2195 2796 2264 ἑτέροις.
2821 2193 2991 2246 Τοῦτο
3024 2192 3132 2261 γάρ
3181 2187 3249 2261 ἦν
3278 2191 3338 2246 τὸ
3365 2191 3472 2243 τῶν
3524 2190 3661 2242 ἀπο-

2079 2286 2280 2340 στόλων
2338 2286 2633 2357 ὲξαίρετον.
2692 2285 2904 2347 ’Ἄλλως
2943 2302 3004 2337 τε
3039 2283 3118 2349 δὲ,
3160 2282 3221 2337 ού
3269 2283 3548 2353 κατήγαγε
3599 2280 3662 2332 τδ

2079 2379 2305 2448 Πνεῦμα
2334 2381 2364 2432 6
2383 2378 2648 2441 Φίλιππος
2674 2380 2765 2430 ἐπὶ
2786 2378 2911 2439 τοὺς
2936 2378 3027 2430 ὑπ’
3053 2376 3216 2431 αὐτοῦ
3245 2374 3660 2446 βαπτισθέντας,

2079 2470 2196 2541 ἦτοι
2227 2469 2403 2539 τιμῶν
2430 2470 2557 2534 τοὺς
2593 2469 2927 2533 ἀποστόλους
2955 2469 3035 2539 (οὐ
3077 2470 3182 2539 γὰρ
3219 2468 3294 2528 ὡς
3320 2463 3539 2534 εὐτελὴς
3569 2464 3666 2516 καὶ

2079 2562 2316 2627 ἀνάξιος,
2350 2562 2510 2614 ὁπότε
2566 2563 2665 2615 καὶ
2701 2561 2864 2625 αὐτὸς
2889 2560 3173 2630 ἀνεγράφη
3209 2560 3412 2627 σημεῖα
3435 2571 3662 2623 πεποιη-

2083 2653 2214 2717 κὼς,
2272 2656 2366 2708 καὶ
2428 2654 2599 2716 ἰάσεις
2647 2655 2838 2719 νόσων,
2887 2654 2980 2706 καὶ
3042 2651 3267 2713 ἐκϐολὰς
3322 2646 3660 2718 δαιμόνων),

2081 2746 2196 2799 ἀλλ’
2247 2749 2327 2800 ὅτι
2379 2748 2480 2800 οὐκ
2509 2745 2713 2816 ηὔξατο
2775 2745 2934 2798 τοῦτο
2986 2746 3170 2805 αὐτοῖς
3223 2742 3485 2811 ὑπάρξαι.
3542 2739 3660 2793 ἀλλ’

2081 2839 2159 2901 ὡς
2219 2838 2403 2909 ἀκμὴν
2457 2838 2531 2909 μὴ
2587 2834 2737 2891 οὖσιν
2808 2836 3134 2908 ἐπιτηδείοις
3213 2835 3348 2905 πρὸς
3401 2832 3500 2903 τὴν
3571 2829 3664 2884 τοῦ

2084 2929 2404 2999 Πνεύματος
2439 2930 2728 3001 ὑποδοχὴν,
2757 2931 2920 2984 ὁπότε
2956 2930 3049 2983 καὶ
3081 2929 3108 2981 6
3138 2929 3320 2998 Σίμων
3351 2924 3668 2997 βαπτισθές

2085 3022 2177 3075 ὑπ’
2217 3022 2406 3085 αὐτοῦ,
2452 3023 2637 3094 ἀκμὴν
2699 3023 2767 3076 τά
2815 3022 2916 3091 τῆς
2981 3019 3185 3090 σαρκὸς
3250 3019 3484 3090 φρονῶν,
3544 3017 3662 3088 ᾔτει

2083 3116 2199 3176 τοῖς
2270 3112 2593 3178 ἀποστόλοις
2662 3113 2753 3166 διὰ
2828 3113 3124 3183 χρημάτων
3204 3112 3403 3173 δόσεως
3485 3109 3672 3162 λαϐεῖν

399 3218 512 3258 non
547 3201 799 3272 rogabat,
837 3211 895 3257 ut
935 3202 987 3256 id
1020 3217 1050 3256 a
1082 3219 1144 3258 se
1174 3203 1466 3273 baptizatis
1513 3204 1892 3273 contingeret;
1924 3213 1973 3257 et

2088 3206 2358 3273 ἐξουσίαν,
2384 3198 2427 3271 ᾧ
2459 3205 2526 3259 ἂν
2563 3205 2714 3278 θέλῃ,
2742 3205 2830 3259 διὰ
2856 3210 2952 3276 τῆς
2982 3204 3090 3257 τῶν
3127 3204 3326 3274 χειρῶν
3372 3201 3673 3263 ἐπιθέσεως

397 3293 634 3348 fortasse
669 3294 797 3362 quia
830 3293 866 3348 ii
901 3293 968 3348 ad
999 3292 1265 3363 Spiritum
1299 3302 1551 3348 sanetqu
1592 3295 1968 3364 recipiendum

2078 3297 2260 3351 δοῦναι
2293 3298 2518 3368 Πνεῦμα
2551 3298 2724 3366 ἅγιον.

398 3386 641 3441 nondum
698 3395 859 3440 erant
908 3385 1129 3444 idonei:
1162 3385 1605 3455 quandoquidem
1664 3394 1719 3439 et
1757 3384 1952 3440 Simon
1982 3386 2291 3458 baptizatus
2359 3406 2448 3456 ea,
2485 3406 2606 3460 quae
2640 3391 2826 3444 carnis
2866 3399 2994 3446 sunt
3043 3389 3279 3456 sapiens,
3306 3387 3373 3441 ab
3407 3382 3675 3455 apostolis

399 3480 622 3551 petebat
676 3488 896 3550 erogata
954 3483 1188 3551 pecunia
1219 3523 1235 3544 ,

400 3578 676 3626 sanctum.

750 3663 907 3719 Feria
959 3662 1378 3721 iltelidomadre
1431 3664 1629 3718 tertiae.

1038 3754 1346 3810 TEXTUS.

473 3848 614 3912 Vlll,
652 3850 738 3915 18,
772 3849 861 3905 19.
895 3849 1030 3905 Cum
1093 3851 1322 3907 vidisset
1354 3857 1535 3904 autem
1569 3848 1786 3914 Simon,
1833 3850 1981 3918 quod

400 3961 497 4014 per
557 3942 964 4014 impositioncm
1020 3958 1284 3997 manuum
1333 3940 1711 4011 apostolorum
1759 3939 1983 3994 daretur

404 4034 900 4104 Spiritussattctus,
921 4031 1122 4086 obtulit
1147 4030 1227 4085 eis
1249 4030 1563 4099 pecuniam,
1595 4027 1820 4081 dicens:
1850 4025 1981 4082 Date

1328 3489 1386 3534 ut
1442 3487 1764 3549 potestatem
1806 3483 2077 3553 acciperet
2107 3485 2271 3541 dandi
2313 3489 2398 3542 eui
2461 3489 2643 3554 vellet,
2701 3503 2963 3541 rnanuum
3013 3486 3363 3553 tmpus-itione
3403 3483 3608 3554 Spir'tu
3642 3499 3671 3534 η

2483 3672 2560 3742 Τῇ
2614 3668 2669 3726 δ’
2702 3672 2801 3741 τῆς
2865 3677 2924 3740 γ’
2973 3668 3287 3741 ἑϐδομάδος.

2688 3757 3080 3814 ΚΕῙΜΕΝΟΝ.

2159 3852 2508 3923 Θεασάμενος
2549 3852 2604 3906 δὲ
2651 3854 2679 3906 6
2733 3853 2935 3922 Σίμων,
2981 3853 3062 3905 ὅτι
3102 3852 3192 3907 διὰ
3240 3853 3339 3923 τῆς
3386 3850 3684 3918 ἐπιθέσεως

2087 3944 2195 3999 τῶν
2240 3944 2437 4016 χειρῶν
2477 3945 2585 3998 τῶν
2635 3944 2951 3998 ἀποστόλων
3001 3944 3202 3999 δίδοται
3245 3945 3307 3997 τὸ
3358 3944 3581 4014 Πνεῦμα
3622 3946 3684 3998 ’τὸ

2090 4020 2265 4104 ἅγιον,
2326 4037 2704 4108 προσήνεγκεν
2765 4037 2948 4099 αὐτοῖς
2998 4035 3254 4104 χρήματα
3306 4034 3515 4104 λέγων’
3555 4036 3685 4088 Δότε

401 4136 458 4182 et
487 4128 617 4180 mihi
653 4126 797 4179 hanc.
828 4134 1178 4194 potestatem,
1211 4132 1271 4178 ut
1297 4121 1616 4190 cuicunque
1663 4120 1973 4190 imposuere

2087 4125 2255 4196 κάμοὶ
2295 4127 2394 4197 τὴν
2443 4124 2691 4191 ἐξουσίαν
2723 4124 2947 4192 ταύτην,
2975 4125 3085 4188 ἵνα,
3128 4117 3172 4193 ᾧ
3227 4124 3323 4178 ἐὰν
3371 4123 3543 4177 ὲπιοῶ
3585 4124 3687 4186 τὰς

403 4231 624 4281 manus,
646 4214 886 4283 accipiat
919 4213 1186 4283 Spiritum
1219 4220 1495 4268 sanetum.

1030 4302 1260 4360 CAPUT
1294 4302 1365 4358 Χ.

406 4396 562 4463 Quod
618 4413 723 4452 non
785 4397 848 4452 ob
913 4398 1233 4467 pecuniam,
1292 4413 1456 4461 neque
1524 4397 1839 4468 Itypocritis,
1896 4399 1987 4451 sed

2088 4219 2300 4288 χεῖρας,
2346 4215 2597 4287 λαμϐάνῃ
2634 4214 2857 4285 Πνεῦμα
2908 4214 3082 4282 ἅγιον.

2693 4307 2957 4361 ΚΕΦΑΛ.’
3003 4308 3038 4359 l'
3060 4346 3074 4361 .

2095 4405 2225 4459 Ὀτι
2281 4404 2354 4456 οὐ
2436 4400 2512 4455 δι’
2556 4398 2864 4469 ἀργυρίου,
2916 4398 3059 4453 οὐδὲ
3115 4397 3490 4468 ὑποκριταῖς,
3549 4400 3689 4455 ἀλλ’

476 4493 680 4548 sanctis
726 4508 818 4562 per
864 4492 1023 4564 ﬁdem
1081 4492 1236 4548 detur
1289 4493 1697 4548 communicatio
1755 4492 1973 4561 Spiritu:

2165 4494 2359 4564 ἁγίοις
2410 4491 2508 4546 διὰ
2579 4493 2842 4557 πίστεως
2902 4492 2941 4558 ἡ
3011 4491 3239 4560 μετοχὴ
3339 4490 3442 4546 τοῦ
3515 4492 3693 4560 ἁγίου

478 4583 675 4638 sancti.

481 4673 611 4742 Vlll,
645 4675 709 4731 t9
737 4673 828 4730 25.
861 4677 1058 4732 Petrus
1091 4684 1276 4731 autem
1341 4676 1480 4731 dixit
1510 4675 1577 4730 ad
1612 4691 1737 4731 eum
1774 4695 1788 4732 :
1822 4675 1996 4731 Pecu-

2171 4586 2520 4653 Πνεύματος
2572 4582 2820 4637 δίδοται.

2176 4672 2313 4730 Εἷπε
2341 4676 2398 4730 δὲ
2425 4675 2576 4746 αὐτῷ
2607 4678 2637 4728 6
2667 4676 2871 4746 Πέτρος
2897 4691 2910 4707 ’
2941 4675 3017 4728 Τὸ
3057 4674 3325 4744 ἀργύριόν
3356 4690 3449 4726 σου
3482 4673 3580 4726 σὺν
3611 4674 3695 4726 σοὶ

411 4760 498 4815 nia
540 4771 629 4814 tua
652 4770 834 4816 tecum
869 4762 944 4819 sit
973 4763 1029 4816 in
1075 4764 1474 4832 perditionem,
1497 4764 1760 4833 quoniam
1786 4764 1973 4819 donun

2101 4767 2186 4837 εἴη
2213 4768 2295 4832 είς
2318 4765 2617 4831 ἀπώλειαν,
2667 4765 2748 4819 ὅτι
2776 4764 2875 4836 τὴν
2906 4764 3116 4835 δωρεὰν
3143 4763 3238 4817 τοῦ
3265 4763 3402 4816 Θεοῦ
3436 4763 3696 4833 ἐνόμισας

410 4852 506 4908 Dei
531 4855 858 4910 existimasti
887 4856 1116 4925 pecunia
1136 4856 1429 4926 possideri.
1451 4856 1570 4911 Non
1598 4865 1685 4912 est
1713 4857 1812 4913 tibi
1844 4872 1994 4926 pars,

2102 4857 2190 4911 διὰ
2249 4858 2549 4929 χρημάτων
2587 4855 2839 4910 κτᾶσθαι.
2896 4856 3011 4909 Οὐκ
3066 4855 3183 4909 ἐστι
3235 4870 3318 4908 σοι
3369 4854 3526 4924 μερὶς
3573 4852 3698 4907 οὐδὲ

365 4954 381 4969 ‘
411 4959 591 5013 neque
621 4960 745 5000 sors
777 4946 829 5000 in
887 4961 1145 5003 sermone
1181 4948 1313 5003 isto.
1366 4947 1475 5002 Cor
1500 4948 1647 5002 enim
1695 4956 1851 5003 tuum
1883 4963 1973 5003 net

2104 4948 2305 5018 κλῆρος
2333 4949 2390 5000 ὲν
2425 4946 2501 5016 τῷ
2538 4945 2683 5017 λόγῳ
2727 4944 2931 5015 τούτῳ.
2974 4946 3040 4999 Ἠ
3065 4944 3175 5015 γὰρ
3215 4943 3416 5014 καρδία
3463 4961 3554 4996 σου
3594 4943 3699 4997 οὐκ

411 5046 496 5092 est
516 5047 720 5092 rectum
738 5054 922 5095 coram
945 5039 1193 5096 Domiuo.
1211 5039 1599 5097 Paenitentiam
1617 5040 1803 5111 itaque
1814 5054 1915 5112 age
1928 5040 1973 5094 al

2081 5040 2257 5103 ,ἐστιν
2308 5039 2496 5093 εὐθεῖα
2549 5038 2781 5093 ἐνώπιον
2838 5038 2934 5091 τοῦ
2982 5037 3139 5091 Θεοῦ.
3206 5037 3556 5105 Μετανόησον
3602 5033 3699 5088 οὖν

416 5129 522 5183 hac
547 5130 793 5198 nequitia
829 5138 921 5186 tua
942 5140 1028 5198 ;et
1055 5146 1182 5202 roga
1203 5130 1400 5197 Deum,
1430 5132 1477 5186 si
1508 5130 1650 5188 forte
1679 5132 1964 5187 remittatur

2107 5131 2218 5184 ἀπὸ
2242 5129 2341 5199 τῆς
2380 5128 2580 5192 κακίας
2610 5144 2703 5182 σου
2746 5127 2972 5197 ταύτης,
3008 5127 3104 5180 καὶ
3143 5126 3368 5198 δεήθητι
3412 5125 3508 5179 τοῦ
3529 5122 3696 5191 Θεοῦ,

414 5221 514 5277 tibi
552 5222 666 5277 haec
694 5223 951 5291 cogitatio
975 5224 1156 5280 cordis
1184 5224 1284 5279 tui.
1316 5222 1372 5278 In
1421 5224 1548 5280 felle
1594 5226 1740 5279 enim
1793 5224 1994 5279 amari.

416 5314 628 5371 tudinis
684 5323 739 5370 et
771 5315 1114 5386 obligatione
1170 5315 1482 5385 iniquitatis
1539 5314 1703 5370 rideo
1735 5324 1790 5369 te.
1845 5329 1994 5371 esse.

2107 5224 2157 5276 εἰ
2192 5223 2301 5292 ἄρα
2329 5220 2664 5291 ἀφεθήσεταί
2704 5236 2786 5273 σοι
2828 5222 2863 5289 ή
2904 5219 3118 5273 ἐπίνοια
3163 5218 3264 5288 τῆς
3309 5218 3537 5290 καρδίας
3579 5233 3699 5272 σου.

2102 5314 2200 5377 Εἰς
2225 5311 2335 5382 γὰρ
2374 5311 2536 5383 χολὴν
2569 5310 2819 5381 πικρίας,
2872 5311 2967 5364 καὶ
3005 5310 3305 5380 σύνδεσμον
3333 5310 3550 5371 ἀδικίας
3585 5307 3699 5378 ὁρῶ

419 5404 788 5474 Respondcns
843 5413 1027 5460 autem
1063 5404 1282 5472 Simon,
1323 5406 1496 5460 dixit:
1558 5403 1869 5461 Precamini
1902 5420 1969 5460 ro

2107 5422 2165 5460 σε
2188 5402 2688 5474 δντα.Ἀποκριθεὶς
2716 5403 2830 5457 δὲ⁴ό
2857 5401 3042 5472 Σίμων
3068 5399 3219 5456 εἶπεν
3249 5401 3496 5473 Δεήθητε
3537 5402 3696 5470 ὑμεῖς

422 5508 527 5564 pro
550 5510 639 5552 me
698 5494 768 5550 ad
827 5494 1142 5565 Dominum,
1172 5505 1230 5552 ut
1256 5496 1396 5552 nihil
1447 5496 1634 5553 veniat
1684 5511 1853 5568 super
1907 5512 1973 5551 ﬂlt

2105 5494 2248 5565 ὑπὲρ
2303 5493 2439 5565 ἐμοῦ
2474 5493 2610 5564 πρὸς
2650 5492 2873 5564 Κύριον,
2934 5491 3087 5556 ὅπως
3139 5490 3307 5563 μηδὲν
3356 5490 3558 5562 ἐπέλθῃ
3610 5487 3699 5543 ἐπ’

1608 5629 1809 5693 Varia:
1854 5628 2159 5692 lectiones
2202 5633 2266 5689 et
2312 5632 2476 5689 nota)

515 5776 1141 5852 ι⁶·⁶¹ὑποκορισάμενος.
1216 5780 1260 5811 θ’
1282 5779 1369 5834 ισ.
1404 5779 1480 5844 ὠς
1514 5780 1749 5852 ἔφημεν.
