4082 6416
358 303 466 369 925
984 307 1521 369 ΕΧΡΟΞΙῚἹΟΝῘΞ
1559 306 1643 367 ΙΝ
1681 308 1874 367 ACTA
1911 308 1958 368 Τ

2069 310 2216 371 TUS
2253 310 2524 372 ALTER.
2567 335 2635 350 --
2667 313 2827 373 CAP.
2870 312 3041 374 VIII.
3534 305 3643 372 9%

361 420 462 489 ἐμὲ
512 411 593 474 ὧν
650 418 935 489 εἰρήκατε.
994 421 1059 473 Oi
1124 422 1222 489 μὲν
1282 415 1376 473 οῦν
1426 419 1956 491 διαμαρτυράμενοι,

2069 423 2257 476 laurum
2310 437 2432 492 quze
2486 423 2726 479 dixistis.
2759 424 2823 477 Et
2879 422 2955 475 illi
3013 419 3231 490 quidem
3278 418 3639 474 testilicatict

363 512 462 567 καὶ
491 512 828 581 λαλήσαντες
866 511 963 564 τὸν
1010 512 1166 577 λόγον
1196 512 1289 565 τοῦ
1337 512 1564 582 Κυρίου,
1610 511 1958 582 ὑπέστρεψαν

2069 513 2226 568 locuti
2268 516 2495 569 verbum
2533 514 2771 579 Domini,
2824 513 3078 567 redibant
3131 509 3553 580 Jerosolymam,
3581 520 3639 564 et

364 607 447 666 είς
516 603 895 674 Ἰερουσαλὴμ.
940 603 1143 666 πολλάς
1184 621 1245 656 τε
1296 604 1492 673 κώμας
1534 603 1643 657 τῶν
1685 603 1961 675 Σαμαρει-

363 696 474 750 τῶν
519 696 973 765 εὑηγγελίσαντο.

940 803 1325 859 EPMHNEIA.

449 891 509 947 Ὀ
540 891 733 963 μιαρὸς
770 883 927 955 οὗτος
966 891 1168 962 Σίμων,
1201 893 1262 946 οὑ
1296 892 1532 957 πίστεως
1561 892 1746 946 ἕνεκεν
1788 907 1959 963 προσ-

363 984 546 1054 φέρων
570 984 637 1037 τὰ
664 983 939 1054 χρήματα,
968 983 1085 1055 ᾔτει
1105 983 1268 1037 τοῦτο
1316 985 1572 1054 γενέσθαι
1608 984 1778 1053 αὐτῷ,
1833 985 1962 1038 ἀλλ’

363 1077 505 1131 ὥστε
541 1076 811 1146 πορισμὸν
857 1075 1011 1145 αὑτῷ
1055 1078 1358 1147 χρημάτων
1404 1078 1648 1149 οἰόμενος
1703 1079 1961 1150 ἀφορμὴν

362 1167 526 1222 τοῦτο
564 1167 837 1236 γενέσθαι.
889 1167 1167 1239 Προσῆλθε
1207 1169 1317 1238 γάρ
1348 1168 1491 1222 ὥστε
1546 1169 1844 1239 πλουτῆσαι
1872 1172 1960 1226 διὰ

362 1260 473 1312 τῶν
501 1258 765 1328 σημείων,
796 1258 1051 1328 τοιαύτην
1101 1259 1259 1330 χάριν
1288 1259 1605 1328 δεξάμενος,
1652 1260 1835 1323 καθὼς
1865 1261 1960 1314 καὶ

364 1353 559 1424 πρώην
590 1352 890 1421 φαντασίας
923 1352 1160 1421 ἐνεργῶν
1195 1350 1283 1404 διὰ
1311 1351 1419 1405 τῶν
1461 1352 1758 1422 δαιμόνων.
1798 1351 1958 1407 ’Ίίτοι

368 1441 648 1511 πειράζων
672 1441 799 1504 τοὺς
834 1441 1164 1503 ἀποστόλους
1194 1440 1351 1494 τοῦτο
1385 1441 1582 1503 ἐποίει,
1636 1441 1962 1510 βουλόμενος

363 1532 702 1602 κατηγορίαν
736 1530 1072 1602 περιϐαλεῖν.
1116 1532 1207 1584 Διὸ
1248 1533 1343 1586 καὶ
1374 1532 1591 1586 ἀκούειθ
1630 1550 1649 1583 ι
1691 1533 1807 1587 Οὐκ
1844 1532 1959 1585 ἔστι

364 1642 449 1678 σοι
483 1625 641 1696 μερὶς
669 1626 728 1677 ἐν
758 1625 835 1695 τῷ
861 1624 1002 1693 λόγῳ
1040 1623 1249 1694 rmiqu
1284 1626 1316 1693 ἡ
1350 1623 1461 1694 γὰρ
1511 1623 1707 1692 καρδία
1742 1641 1835 1677 σου
1861 1625 1961 1677 οὑκ

363 1714 513 1767 ἔστιν
561 1713 747 1767 εὐθεῖα
812 1711 1042 1765 ἐνώπιον
1095 1713 1189 1766 τοῦ
1224 1713 1385 1766 Θεοῦ.
1442 1713 1793 1780 Μετανὸησον
1843 1708 1958 1775 οῦν,

363 1808 414 1860 εί
440 1807 545 1876 ἄρα
570 1805 900 1874 ἀφεθήσεταί
938 1823 1019 1858 σοι
1055 1824 1073 1857 ι
1119 1804 1181 1857 τὸ
1234 1806 1563 1875 ἁμάρτημα.
1649 1803 1823 1858 Τοῦτο
1874 1805 1954 1865 δὲ,

361 1899 670 1960 δεικνύντος
694 1900 861 1961 ἐστὶν,
890 1899 966 1961 ὡς
992 1897 1437 1971 δυσκατόρθωτον
1483 1898 1540 1950 τὸ
1574 1881 1828 1967 πρᾶγμα,
1866 1898 1962 1951 καὶ

363 1990 569 2060 πολλῆς
602 1990 853 2060 δεόμενον
885 1990 1193 2061 μετανοίας,
1230 1992 1346 2052 τοῖς
1392 1990 1473 2049 εἰς
1516 1989 1648 2041 αὑτὸ
1706 1989 1766 2042 τὸ
1821 1989 1962 2042 θεῖον

365 2081 850 2151 ἐξαμαρτάνουσιν,
882 2084 962 2144 εἰς
989 2081 1017 2134 ὃ
1047 2083 1141 2134 καὶ
1160 2081 1362 2151 Σίμων,
1383 2080 1647 2150 ἀργυρίου
1666 2080 1964 2133 ὑπακούειν

363 2169 455 2236 εἰς’
482 2172 583 2236 τὰς
613 2174 893 2243 ἐνεργείας
929 2173 989 2225 τὸ
1030 2171 1254 2242 Πνεῦμα
1286 2172 1348 2224 τὸ
1399 2171 1551 2238 ἅγιον
1591 2170 1964 2240 ὴγησάμενοςέ

365 2263 482 2318 Καὶ
535 2263 730 2327 ἄλλωςο
795 2282 814 2315 ι
865 2263 940 2316 Τὸ
992 2262 1254 2334 ἀργύριόν
1315 2280 1409 2316 σου
1469 2262 1566 2315 σὺν
1618 2262 1701 2315 σοὶ
1745 2264 1831 2332 εἴη
1882 2263 1963 2325 είς

363 2354 639 2409 ἀπώλειαν
659 2370 673 2385 ’
714 2374 733 2407 ι
767 2356 865 2409 οὑκ
894 2353 1008 2408 ἔστι
1034 2354 1208 2408 ταῦτα
1249 2353 1527 2425 ἀραμένου
1557 2355 1621 2417 ⁸³,
1674 2354 1812 2408 ἀλλὰ
1834 2372 1962 2408 παι-

366 2442 646 2506 δεῦοντος,
691 2443 768 2501 ὡς
796 2444 861 2498 ἄν
899 2460 980 2507 τις
1036 2444 1200 2514 είπῃο
1258 2443 1331 2496 Τὸ
1386 2443 1651 2514 ἀργύριόν
1698 2461 1791 2497 σου
1842 2462 1965 2499 συν-

369 2521 629 2588 απόλοιτό
656 2552 739 2587 σοι
764 2535 904 2604 μετὰ
931 2535 1030 2603 τῆς
1058 2535 1448 2605 προαιρέσεως.
1486 2554 1504 2586 ι
1540 2536 1597 2597 Ἀ
1610 2535 1907 2605 ποκριθείς.
1938 2555 1961 2587 ›

366 2626 444 2678 θὺ
501 2625 722 2691 κολάζει
783 2627 880 2679 νῦν
926 2626 1017 2680 τὸν
1081 2627 1320 2695 Σίμωνα,
1379 2626 1563 2691 καθὼς
1624 2627 1814 2697 πρώην
1866 2629 1960 2681 τὸν

379 2717 651 2781 Ἀνανίαν,
680 2718 767 2770 ἶνα
792 2718 940 2789 δείξῃ
971 2718 1055 2770 ὅτι
1090 2718 1190 2771 οὑκ
1219 2717 1466 2786 ἀνάγκης
1506 2721 1538 2789 ἡ
1598 2720 1802 2784 πίστις,
1848 2719 1965 2772 ἀλλ’

367 2796 460 2860 ἵνα
485 2806 580 2860 καὶ
612 2807 678 2861 τά
712 2806 811 2872 τῆς
842 2807 1130 2873 μετανοίας
1157 2808 1449 2879 εἰσαγάγῃ.
1480 2809 1664 2879 Ἀρκεῖ
1691 2808 1801 2879 γὰρ
1829 2810 1969 2878 πρὸς

366 2895 657 2966 διόρθωσιν
688 2896 751 2949 τὸ
777 2895 1014 2964 ἐλέγξαι,
1056 2897 1150 2951 καὶ
1176 2897 1236 2948 τὸ
1263 2898 1331 2950 τά
1351 2899 1408 2950 ὲν
1438 2900 1504 2966 τῇ
1534 2897 1732 2968 καρδίᾳ
1758 2900 1964 2981 εἰπεῖν,

369 2986 553 3040 καὶτὸ
575 2988 779 3040 ἐκεῖνον
806 2987 1140 3057 ὁμολογῆσαι
1178 2988 1259 3041 ὅτι
1305 2988 1465 3042 ἑάλω.
1508 2989 1580 3041 Τὸ
1617 2989 1724 3058 γὰρ
1768 2991 1967 3052 εἰπεῖν,

2063 606 2249 662 multis
2332 606 2652 678 regionibus
2728 606 3202 661 Samaritanorum
3294 603 3641 676 evangeliaa-

2059 697 2211 752 bant.
2954 728 2959 731 τ

2561 782 3132 842 COMMENTARIUS.

2133 875 2412 934 Scelestus
2446 878 2539 933 bic
2574 878 2789 944 Simon,
2850 878 3063 948 prolata
3122 872 3376 943 pecunia,
3416 869 3639 940 petebat

2061 969 2225 1036 hujus
2257 970 2387 1025 doni
2419 986 2648 1040 compos
2694 969 2833 1031 ﬁeri,
2867 983 2976 1022 non
3020 966 3166 1030 ﬁdei,
3198 965 3291 1021 sed
3348 963 3487 1017 lucri
3519 975 3643 1031 gra-

2064 1062 2161 1116 tia.
2197 1060 2431 1118 Putabat
2486 1063 2719 1127 scilicet,
2776 1060 2938 1131 235
2991 1059 3037 1114 si
3084 1055 3359 1127 ejusmodi
3409 1053 3639 1124 gratiam

2063 1156 2353 1226 reciperet,
2418 1153 2689 1218 futurum,
2751 1160 2833 1218 ut,
2906 1147 3367 1217 quemadmodum
3428 1147 3640 1215 pridem

2061 1245 2417 1302 dannoniacis
2448 1244 2765 1314 praestigiis,
2797 1242 2869 1315 ita
2930 1240 3191 1309 deinceps
3242 1236 3638 1292 miraculorum

2060 1337 2371 1408 patratione
2392 1334 2715 1390 ditesceret.
2754 1332 2873 1395 Vel,
2906 1346 3005 1402 per
3039 1332 3143 1386 hoc
3184 1329 3468 1399 apostolos
3520 1334 3641 1380 ten-

2063 1441 2183 1486 tare
2238 1427 2437 1490 voluit,
2497 1440 2754 1494 quaerens
2820 1425 3152 1480 calumniam
3214 1423 3455 1490 aliquam
3508 1419 3642 1491 ipsis

2062 1519 2338 1589 aﬂingere.
2384 1518 2452 1573 Et
2480 1518 2687 1573 idcirco
2733 1517 2921 1573 audit:
2957 1536 2976 1567 ι
3009 1514 3131 1571 Non
3180 1525 3266 1570 est
3301 1513 3398 1567 tibi
3428 1527 3557 1583 pars
3585 1511 3639 1564 iu

2063 1626 2322 1668 sermone
2378 1610 2522 1674 isto;
2579 1625 2677 1665 cor
2719 1609 2866 1664 enim
2935 1618 3230 1663 tuumnon
3285 1615 3376 1660 est
3429 1611 3641 1658 rectum

2063 1719 2248 1759 coram
2279 1702 2414 1757 Deo.
2444 1700 2831 1757 Ptenitentiam
2860 1701 3044 1767 itaque
3073 1712 3173 1769 age
3197 1697 3267 1751 ab
3310 1696 3416 1749 hac
3451 1694 3642 1762 nequi-

2064 1796 2162 1859 tia,
2186 1797 2231 1850 si
2260 1794 2402 1850 forte
2430 1795 2746 1848 remittatur
2782 1792 2880 1846 tibi
2920 1811 2939 1842 ι
2972 1793 3078 1847 hoc
3100 1797 3408 1860 peccatum.
3432 1785 3644 1852 Quibus

2062 1887 2244 1941 verbis
2283 1885 2769 1947 ostenditPetrns,
2794 1882 3031 1937 dilﬁcilis
3079 1879 3482 1936 emendationis
3529 1892 3642 1930 rem

2061 1990 2184 2032 esse
2236 1974 2612 2044 sacrilegium,
2672 1985 2728 2028 et
2784 1972 2851 2026 iis
2899 1971 2993 2041 qui
3044 1971 3103 2025 in
3153 1968 3289 2024 illud
3356 1968 3641 2031 labuntur,

2063 2067 2234 2120 multa
2271 2081 2412 2135 opus
2434 2079 2560 2120 esse
2586 2063 2930 2134 paenitentia.
2984 2060 3130 2114 Sane
3173 2060 3227 2113 in
3281 2073 3396 2112 rem
3430 2071 3643 2112 sacram

2063 2156 2310 2227 peccavit
2342 2169 2407 2210 ac
2457 2153 2747 2222 sacrilegio
2797 2167 2857 2207 se
2907 2150 3208 2207 obstrinxit
3270 2149 3481 2211 Simon,
3514 2144 3643 2197 dum

2061 2246 2421 2311 existimavit,
2478 2244 2743 2315 Spiritum
2805 2257 3059 2298 sanctum
3103 2242 3158 2296 in
3222 2238 3647 2308 operationibus

2069 2339 2185 2395 suis
2210 2339 2455 2407 pecunia!
2469 2336 3001 2405 obtemperaturum.
3032 2333 3206 2388 Aliter
3231 2350 3247 2387 :
3271 2331 3387 2386 Hoc
3412 2330 3644 2390 ίιί‹·ιιιηι,

2070 2451 2090 2483 ι
2121 2431 2359 2486 Pecunia
2378 2440 2467 2485 tua
2483 2437 2663 2485 tecum
2684 2428 2757 2483 sit
2777 2428 2832 2481 in
2852 2426 3238 2497 perditionem.
3265 2444 3282 2476 ι
3305 2439 3413 2478 non
3429 2420 3650 2476 maledi-

2071 2521 2250 2575 centis
2280 2526 2385 2583 est,
2415 2517 2509 2573 sed
2527 2517 2910 2585 corripientis,
2929 2530 2993 2571 ac
3022 2516 3067 2570 si
3099 2514 3329 2569 disisset
3366 2532 3381 2569 :
3412 2512 3649 2567 Pecunia

2067 2616 2162 2671 tibi
2205 2625 2410 2685 pereat,
2438 2629 2545 2668 una
2578 2628 2701 2668 cum
2728 2595 2892 2681 prava
2923 2612 3025 2666 bac
3049 2620 3144 2665 tua
3178 2611 3479 2665 voluntate.
3501 2626 3519 2656 ι
3545 2606 3650 2659 Re-

2067 2709 2363 2778 spondens.
2392 2726 2413 2760 ι
2450 2708 2718 2763 Caeterum
2746 2704 2942 2760 Petrus
2965 2705 3213 2774 increpat
3241 2701 3459 2772 quidem
3480 2715 3601 2777 eum
3629 2716 3646 2766 ;

2070 2817 2180 2855 non
2214 2810 2395 2856 tamen
2420 2799 2712 2855 coulestitn
2747 2799 2929 2868 punit,
2965 2796 3041 2851 uti
3069 2803 3230 2849 antea
3254 2792 3521 2848 Ananiam
3545 2807 3613 2858 pu
3638 2820 3650 2831 ς

2080 2895 2236 2957 nivit,
2258 2902 2313 2947 et
2343 2900 2402 2946 ut
2424 2894 2679 2948 ostendat
2708 2892 2864 2946 ﬁdem
2889 2898 3135 2945 coactam
3155 2901 3279 2943 esse
3301 2900 3410 2940 non
3429 2883 3648 2947 debere,

2071 2996 2120 3040 et
2147 2996 2202 3040 ut
2225 2987 2400 3056 ipsum
2421 2987 2487 3039 ad
2510 2984 2890 3056 paenitentiam
2910 2982 2992 3038 sic
3016 2968 3269 3036 inducat.
3293 2976 3372 3032 Ad
3390 2976 3651 3031 emenda-

367 3074 488 3172 Dn-
520 3092 539 3126 ι
596 3075 835 3172 [δεήθητε
911 3076 1068 3143 ὑμεῖς
1136 3076 1277 3148 ὑπὲρ
1321 3076 1479 3145 ἐμοῦ,
1529 3097 1548 3130 ι
1612 3078 1769 3132 τοῦτό
1820 3082 1962 3133 ἐστιν

2074 3080 2278 3134 lionem
2308 3079 2452 3134 enim
2484 3077 2808 3141 sulliciebat,
2844 3074 2992 3146 quod
3037 3082 3282 3145 gesserat
3313 3070 3651 3140 improbare,

366 3163 775 3233 ὁμολογοῦντος,
832 3165 879 3217 εί
907 3168 1001 3218 καὶ
1050 3164 1127 3237 μὴ
1189 3166 1300 3219 ἀπὸ
1350 3165 1518 3236 ὀρθῆς
1571 3168 1667 3220 καὶ
1725 3166 1966 3237 σφοδρᾶς

366 3255 661 3319 διαθέσεως
712 3256 947 3325 ἐλέγετο.

2075 3188 2199 3242 qua:
2238 3173 2292 3225 in
2330 3172 2498 3226 corde
2527 3179 2687 3224 erant
2743 3168 2995 3239 proferre
3032 3174 3088 3221 et
3131 3164 3385 3222 confiteri
3414 3178 3475 3220 se
3525 3177 3654 3231 cap.

2061 3272 2176 3317 tum
2216 3278 2380 3330 esse;
2415 3271 2472 3319 et
2494 3279 2628 3318 sane
2658 3262 2831 3316 illud:
2888 3279 2908 3312 ι
2945 3259 3252 3315 Precamini
3309 3272 3406 3311 vos
3437 3269 3535 3324 pro
3565 3269 3651 3307 ιιιο

368 3345 437 3408 ad
466 3347 776 3408 Dominum,
808 3366 826 3397 ι
856 3357 1139 3417 peccatum
1175 3349 1520 3418 agnoscentis
1574 3359 1632 3404 ct
1690 3350 2005 3409 conﬁtentis
2043 3364 2182 3421 erat,
2221 3370 2538 3427 quanquam
2579 3371 2688 3412 non
2726 3354 2864 3410 adeo
2908 3352 3127 3407 sincero
3158 3358 3240 3407 .et
3288 3348 3465 3404 valido
3526 3345 3656 3401 aﬂ‘e‘

368 3446 484 3502 (ἔω,
512 3446 569 3490 ιιι
598 3438 907 3506 oportebat,
940 3440 1213 3508 prolatum
1248 3439 1317 3493 ab
1343 3454 1407 3493 eo
1437 3437 1625 3493 fuerit.

961 3529 1208 3584 ΚΕΦΔΛ.
1244 3527 1347 3582 ιον.

2681 3526 2912 3585 CAPUT
2938 3526 3054 3583 XII.

374 3621 506 3675 Ὀτι
533 3621 657 3688 τοῖς
689 3622 936 3692 ἀγαθοῖς
961 3622 1061 3675 καὶ
1082 3623 1325 3690 πιστοῖς
1350 3623 1558 3678 εἰ)οὸοῖ
1579 3627 1612 3678 ὁ
1661 3626 1805 3692 Θεὸς
1836 3625 1953 3693 τὴν·

2069 3624 2198 3691 2uod
2258 3624 2398 3678 Deus
2456 3622 2619 3678 bona:
2685 3630 2737 3675 et
2783 3621 2965 3691 ﬁdeles
3011 3620 3082 3673 ad
3133 3617 3363 3673 salutem
3406 3629 3657 3685 prospere

442 3717 768 3784 σωτηρίαν,
800 3714 998 3785 δῆλον
1037 3716 1108 3771 ἐκ
1150 3716 1265 3786 τῆς
1329 3717 1481 3772 κατὰ
1520 3718 1629 3773 τὸν
1653 3719 1954 3787 εὐνοῦχον

442 3808 815 3875 ὑποθέσεως.

802 3899 882 3971 Τῇ
929 3905 972 3952 ε’
993 3900 1092 3971 τῆς
1124 3898 1172 3969 γ’
1202 3900 1524 3972 ἑϐδομάδος.

374 3990 613 4061 Λᾶγεται
664 3992 762 4047 καὶ
819 3994 901 4057 είς
952 3993 1052 4062 τὴν
1103 3993 1300 4063 ἑορτὴν
1332 3993 1429 4048 τοῦ
1465 3994 1622 4064 ἁγίου
1652 3994 1950 4051 Φιλίππου.

964 4083 1358 4140 ΚΕΙΜΕΝΟΝ.
1801 4131 1814 4141 .

450 4175 720 4245 Ἀγγελος
760 4175 819 4229 δὲ
865 4177 1075 4249 Κυρίου
1110 4177 1344 4246 ὲλάλησε
1392 4180 1531 4251 πρὸς
1577 4180 1843 4234 Φίλιππον
1870 4180 1957 4235 λέ-

2118 3716 2280 3769 ducat
2312 3731 2332 3770 .'
2361 3715 2521 3785 idque
2548 3713 2892 3783 manifestum
2913 3726 2981 3766 ea:
3007 3726 3069 3766 eo
3099 3708 3239 3781 quod
3287 3708 3517 3777 contigit.
3555 3723 3652 3762 eu-

2119 3806 2309 3860 ttuclto.

2440 3893 2600 3950 Fcria
2625 3893 2658 3948 5
2685 3890 3042 3947 bebdomada:
3074 3890 3269 3945 tertiae.

2330 3987 2542 4043 Dicitur
2570 3986 2736 4041 etiam
2768 3985 2822 4039 in
2856 3983 2996 4039 festo
3019 3981 3079 4037 S.
3108 3981 3365 4051 Philippi.

2709 4074 3009 4131 TEXTUS.

2132 4172 2468 4239 νιοβε-59.
2494 4170 2735 4242 Angelus
2768 4177 2950 4224 autem
2987 4166 3205 4222 Domini
3235 4166 3449 4220 locutus
3472 4170 3558 4218 cst
3586 4162 3654 4217 ad

375 4283 510 4337 γων·
558 4267 852 4339 ’Δνάστηθι
883 4270 978 4323 καὶ
1004 4270 1241 4340 πορεύου
1272 4272 1416 4326 κατὰ
1458 4273 1831 4345 μεσημϐρίαν,
1863 4274 1957 4328 ἐπὶ

2069 4269 2374 4340 Philippum
2400 4266 2590 4320 dicens
2614 4282 2629 4318 :
2681 4263 2855 4332 Surge
2887 4270 2943 4316 et
2970 4260 3109 4316 vade
3136 4267 3328 4314 contra
3350 4254 3655 4318 meridiem,

372 4360 478 4432 τὴν
505 4360 625 4414 ὁδὸν
656 4361 776 4431 τὴν
811 4361 1250 4416 καταϐαίνουσαν
1306 4364 1417 4416 ἀπὸ
1461 4365 1822 4436 Ἰερουσαλὴμ
1877 4367 1959 4428 εἰς

374 4453 582 4518 Γάζαν·
618 4453 762 4522 αῦτη
794 4456 942 4507 ἐστὶν
973 4454 1199 4526 ἕρημος.
1246 4456 1353 4510 Καὶ
1387 4456 1629 4521 ἀναστὰς
1656 4457 1959 4529 ἐπορεύθη·

375 4547 476 4601 καὶ
519 4547 628 4600 ἰδοὺ
657 4546 798 4619 ἀνὴρ
828 4544 1024 4614 Αἰθίοψ
1058 4546 1311 4616 εὐνοῦχος
1358 4546 1629 4611 δυνάστης
1678 4545 1968 4617 Κανδάκης

372 4639 487 4708 ,τῆς
546 4637 870 4709 βασιλίσσης
903 4636 1199 4701 Λίοιόπων,
1241 4637 1301 4701 ὃς
1353 4633 1424 4709 ἦν
1480 4637 1576 4691 ἐπὶ
1627 4637 1813 4709 πάσης
1867 4639 1968 4709 τῆς

376 4730 558 4801 γάζης
585 4729 781 4799 αὑτῆς,
831 4729 890 4793 ὃς
935 4728 1187 4797 ἐληλύθει
1224 4732 1625 4801 προσκυνήσων
1659 4731 1739 4794 εἰς
1768 4730 1966 4800 Ἰερου-

381 4822 591 4893 σαλήμ·
620 4816 693 4893 ἦν
719 4839 779 4875 τε
811 4820 1199 4892 ὑποστρέφων,
1251 4822 1344 4875 καὶ
1381 4821 1690 4892 καθήμενος
1728 4822 1822 4879 cui
1870 4820 1965 4874 τοῦ

378 4913 631 4984 ἅρματος
700 4914 870 4967 αὑτοῦ
902 4952 918 4978 ,
971 4913 1068 4967 καὶ
1128 4913 1464 4981 ἀνεγίνωσκε
1523 4915 1616 4967 τὸν
1673 4914 1965 4984 προφήτην

389 5007 642 5060 Ἡσαΐαν.
659 5002 793 5061 Eine
826 5005 885 5059 δὲ
912 5006 973 5059 τὸ
990 5005 1216 5075 Πνεῦμα
1238 5005 1317 5077 τῷ
1333 5005 1586 5076 Φιλίππῳ
1610 5021 1623 5034 ·
1656 5004 1964 5078 Πρόσελθε,

377 5099 475 5152 καὶ
492 5099 783 5169 κολλήθητι
809 5098 886 5169 τῷ
905 5098 1109 5168 ἅρματι
1136 5097 1328 5168 τούτῳ.
1352 5097 1395 5150 Π
1403 5095 1723 5169 ροσδραμὼν
1742 5095 1801 5149 δὲ
1823 5097 1853 5148 ὁ
1881 5097 1973 5149 Φί-

377 5187 601 5251 λιππος,
623 5187 855 5258 ἤκουσεν
882 5186 1053 5241 αὑτοῦ
1077 5187 1545 5255 ἀναγινώσκοντος
1565 5185 1658 5239 τὸν
1682 5187 1967 5259 προφήτην

391 5277 642 5343 Ἡσαΐαν,
658 5279 754 5332 καὶ
789 5275 966 5334 εἶπεν·
1003 5275 1159 5351 Ἀρά
1198 5296 1263 5347 γε
1304 5278 1595 5345 γινώσκεις
1628 5277 1665 5333 ἃ
1696 5280 1967 5348 ἀναγινώ-

380 5384 564 5435 σκεις;
582 5368 643 5424 '0
659 5370 716 5422 δὲ
734 5366 877 5424 εἷπε·
899 5369 1022 5435 Πῶς
1048 5371 1158 5442 γὰρ
1179 5372 1246 5426 ἂν
1261 5370 1551 5443 δυναίμην,
1570 5372 1668 5425 ὲάν
1693 5374 1765 5441 μή
1781 5388 1865 5434 τις
1883 5373 1970 5425 ὀδ-

378 5459 572 5532 ηγήσῃ
608 5476 715 5529 ps;
767 5460 1114 5532 παρεκάλεσέ
1144 5478 1208 5518 τε
1252 5463 1343 5520 τὸν
1383 5463 1651 5518 ⁴ιιίλιπιιιον
1683 5463 1963 5518 ἀναϐάντα

2073 4361 2141 4414 ad
2186 4361 2326 4413 viam
2350 4372 2473 4428 quae
2492 4355 2780 4412 descendit
2798 4354 2866 4408 ab
2885 4350 3189 4408 Jerusalem
3210 4349 3264 4403 in
3281 4348 3483 4404 Gazam
3509 4364 3523 4400 :
3544 4345 3659 4400 haec

2070 4458 2155 4506 est
2180 4453 2421 4506 deserta.
2452 4446 2519 4502 Et
2547 4460 2779 4515 surgens
2804 4443 2962 4499 abiit.
2997 4442 3062 4496 Et
3090 4454 3220 4496 ecce
3256 4439 3341 4494 vir
3373 4436 3653 4505 Ethiops,

2075 4542 2386 4607 eunuchus,
2425 4547 2623 4610 potens
2655 4535 2926 4591 Candacis
2951 4532 3156 4603 regina
3185 4529 3529 4599 Etliiopum,
3559 4527 3655 4596 qui

2073 4643 2193 4691 erat
2224 4649 2388 4704 super
2412 4645 2606 4687 omnes
2635 4644 2803 4700 gazas
2837 4627 2982 4697 ejus,
3018 4632 3245 4679 venerat
3305 4622 3542 4677 adorare
3595 4621 3652 4674 in

2073 4724 2410 4780 Jerusalem:
2451 4732 2507 4778 et
2541 4722 2921 4777 revertebatur
2976 4717 3175 4773 sedens
3211 4729 3377 4784 super
3432 4727 3654 4768 currum

2081 4835 2265 4886 suum,
2318 4818 2614 4886 legensque
2671 4814 2866 4869 Isaiam
2909 4810 3252 4883 prophetam.
3283 4805 3431 4860 Dixit
3471 4812 3653 4858 autem

2074 4910 2315 4981 Spiritus
2344 4907 2629 4978 Philippo:
2655 4904 2866 4961 Accede
2911 4909 2968 4957 et
2993 4900 3231 4972 adjunge
3258 4906 3311 4954 te
3333 4896 3402 4952 ad
3428 4909 3654 4952 currum

2074 5002 2268 5058 istum.
2327 5001 2640 5056 Accurrens
2685 5004 2870 5052 autem
2904 4993 3217 5063 Philippus,
3269 4989 3479 5045 audivit
3528 5001 3654 5042 eum

2073 5095 2342 5166 legentem
2376 5092 2572 5149 Isaiam
2607 5087 2949 5159 prophetam,
2979 5093 3034 5140 et
3078 5084 3262 5139 dixit:
3290 5081 3531 5137 Putasne
3575 5078 3662 5131 in-

2077 5185 2276 5257 telligis
2306 5200 2431 5255 quae
2450 5181 2630 5252 legis?
2659 5180 2762 5248 Qui
2793 5178 2870 5233 ait
2895 5195 2910 5231 :
2945 5176 3010 5233 Et
3029 5175 3308 5248 quomodo
3331 5186 3580 5243 possum,
3612 5172 3658 5225 si

2076 5293 2184 5333 non
2236 5276 2438 5346 aliquis
2487 5273 2652 5343 236
2692 5270 2997 5327 ostenderit
3065 5264 3247 5321 mihi?
3311 5262 3659 5334 Rogavitquc

2073 5367 2390 5438 Philippum
2419 5375 2477 5421 ut
2513 5362 2858 5428 ascenderet,
2893 5368 2949 5416 et
2978 5359 3193 5431 sederet
3228 5368 3442 5411 secum.
3476 5352 3655 5406 Locus

2076 5469 2261 5515 autem
2295 5459 2597 5528 Scriptura:
2616 5471 2779 5528 quam
2805 5452 3016 5526 legebat
3044 5459 3166 5508 erat
3204 5449 3332 5505 hic:
3374 5444 3663 5514 Tanquam

1577 5620 1778 5682 Variae
1807 5619 2113 5687 lectiones
2157 5626 2219 5682 et
2263 5625 2452 5682 noue.

455 5737 507 5772 ⁸⁸
536 5737 845 5811 ἀρωμίνου.
