4082 6416
456 481 561 546 931

1388 474 1690 536 ΤΗΕΟΡΗ
1701 473 1964 534 YI.ACT[
2003 472 2415 534 BULGARIzE
2456 473 2661 535 ΜΠ]Ιί
2675 473 2815 536 lEP.

3604 475 3712 540 932

446 612 582 669 gas:
612 602 671 648 ut
694 593 737 647 si
773 606 912 661 quos
947 589 1249 645 invenisset
1285 587 1450 656 hujus
1501 587 1601 639 via:
1633 585 1777 638 viros
1817 597 1881 637 ac
1913 597 2036 636 mu-

2148 583 2286 646 ὅπως
2311 583 2408 635 ἐάν
2448 601 2602 647 τινας
2629 584 2767 656 εὓρῃ
2809 584 2909 653 τῆς
2943 582 3066 636 ὁδοῦ
3089 585 3271 649 ὄντας,
3307 585 3506 654 ἄνδρας
3540 605 3596 640 τε
3626 591 3724 642 καὶ

451 692 632 749 heres,
659 687 869 740 vinctos
891 683 1216 752 perduceret
1251 680 1304 732 in
1327 677 1656 732 Jerusalem.
1691 675 1757 728 Et
1784 689 1906 728 cum
1936 674 2040 727 iter

449 781 678 837 laceret,
733 771 965 843 contigit
1015 779 1073 824 ut
1111 768 1578 839 appropinquaret
1659 765 1925 819 Damasco
1984 774 2041 818 et

448 869 632 922 subito
693 863 1061 918 circumlulsit
1095 876 1218 915 eum
1277 861 1364 911 lux
1415 857 1482 910 de
1522 857 1685 910 ccelo.
1735 857 1798 908 Et
1836 854 2041 908 cadens

450 963 503 1014 iu
557 969 762 1013 terram
821 955 1032 1009 audivit
1089 967 1277 1006 vocem
1330 951 1603 1005 dicentem
1653 948 1759 1002 sibi
1806 945 2038 1010 :Saule,

449 1058 630 1119 Saule,
669 1053 798 1122 quid
850 1067 933 1104 me
980 1048 1370 1120 persequeris?
1419 1045 1521 1110 Qui
1577 1043 1746 1114 dicit:
1785 1039 1920 1106 Quis
1957 1053 2039 1103 es,

451 1145 714 1200 Domine?
746 1142 809 1196 Et
841 1143 975 1196 ille:
1021 1141 1133 1209 Ego
1190 1155 1312 1193 sum
1365 1136 1526 1192 Jesus
1587 1151 1749 1204 quem
1809 1143 1866 1186 tu
1918 1147 2042 1200 pcr-

448 1238 740 1306 scqucris;
798 1235 995 1288 durum
1039 1242 1124 1286 est
1179 1231 1277 1284 tibi
1333 1239 1525 1284 contra
1589 1226 1875 1280 stimulum
1935 1224 2045 1277 eal-

447 1331 669 1381 citrare.
733 1326 798 1378 Et
893 1339 1134 1378 tremens
1203 1337 1268 1374 ac
1347 1328 1580 1390 stupens
1657 1317 1855 1370 dixit:
1933 1315 2045 1370 D0-

449 1421 616 1483 mine,
651 1419 779 1486 quid
817 1433 903 1470 me
953 1416 1032 1469 vis
1082 1412 1299 1468 facere?
1338 1411 1403 1464 Et
1453 1410 1716 1463 Dominus
1755 1408 1822 1461 ad
1865 1422 1987 1461 eum
2025 1425 2040 1463 :

454 1509 629 1578 Surge
681 1520 735 1562 et
781 1507 1071 1577 ingredere
1123 1504 1425 1563 civitatem,
1455 1509 1509 1555 et
1545 1500 1618 1553 ibi
1673 1499 1890 1552 dicetur
1944 1497 2042 1550 tibi

450 1603 581 1672 quid
623 1611 678 1653 te
747 1606 994 1668 Oporleat
1038 1596 1239 1650 facere.
1274 1592 1390 1645 Viri
1450 1602 1631 1644 autem
1679 1590 1778 1655 illi,
1817 1589 1909 1658 qui
1952 1603 2045 1642 co-

450 1691 794 1746 mitabantur
825 1705 949 1740 rum
997 1703 1084 1753 eo,
1129 1686 1348 1739 stabant
1384 1683 1704 1752 stupefacti,
1756 1681 2045 1735 audientes

454 1787 675 1854 quidem
715 1797 927 1845 vorem,
967 1783 1240 1833 neminem
1272 1785 1454 1830 autent
1490 1776 1759 1828 videntes.
1797 1772 2042 1826 Surrexit

454 1884 634 1928 autem
665 1872 863 1925 Saulus
888 1870 954 1924 de
987 1877 1154 1930 terra,
1191 1867 1504 1935 apertisque
1539 1863 1716 1917 oculis
1771 1861 2041 1915 neminem

2142 679 2442 744 γυναῖκας,
2495 676 2814 744 δεδεμένους
2863 677 3049 747 ἀγάγῃ
3091 679 3172 740 είς
3210 677 3587 749 Ἰερουσαλήμ.
3634 681 3724 733 Ἐν

2141 769 2198 821 δέ
2231 768 2310 838 τῷ
2342 769 2672 838 πορεύεσθαι
2697 770 2882 832 αὑτὸν,
2924 771 3143 837 ἐγένετο
3170 772 3415 838 ἐγγίζειν
3443 777 3508 842 τῇ
3541 775 3726 843 Δαμαο

2145 860 2281 928 σκῷ,
2317 862 2413 912 καὶ
2443 859 2704 929 ἐξαίφνης
2753 861 3164 931 περιήστραψεν
3194 862 3358 915 αὐτόν
3392 863 3509 931 φῶς
3537 867 3600 918 ἐκ
3628 865 3726 918 τοῦ

2143 953 2396 1022 ούρανοῦ,
2429 953 2523 1004 καὶ
2579 953 2760 1004 πεσὼν
2814 953 2910 1005 ἐπὶ
2951 954 3048 1022 τὴν
3097 954 3233 1024 γῆν,
3283 956 3485 1024 ἥκουσε
3542 941 3728 1028 φωνὴν

2144 1047 2410 1114 λέγουσαν
2443 1046 2612 1115 αὐτῷ·
2649 1047 2842 1110 Σαοὶολ,
2878 1047 3083 1110 Σαοὺλ,
3115 1048 3170 1099 τί
3208 1065 3274 1118 με
3307 1049 3527 1111 διώκεις
3555 1068 3569 1115 ;
3603 1049 3727 1104 εἷπε

2144 1139 2224 1191 δέ’
2257 1139 2352 1202 Τίς
2380 1135 2449 1204 εἴ,
2495 1138 2705 1208 Κύριε;
2759 1139 2817 1190 '0
2864 1139 2920 1191 δὲ
2973 1138 3183 1210 Κύριος
3220 1139 3394 1194 εἶπεν·
3433 1143 3576 1210 Ἐγώ
3609 1145 3728 1213 εἰμι

2159 1229 2364 1300 Ἰησοῦς
2414 1230 2472 1282 ὃν
2527 1230 2590 1280 σὺ
2632 1229 2886 1291 διώκεις’
2924 1230 3159 1299 σκληρόν
3207 1249 3288 1284 σοι
3333 1234 3472 1302 πρὸς
3526 1235 3729 1304 κέντρα

2143 1321 2438 1384 λακτίζειν.
2477 1321 2710 1390 Τρέμων
2740 1338 2821 1384 τε,
2855 1323 2950 1374 καὶ
2982 1323 3230 1392 θαμὸῶν,
3263 1320 3406 1378 εἷπε·
3445 1325 3640 1395 Κύριε,
3675 1328 3728 1378 τί

2146 1427 2214 1479 με
2274 1410 2450 1472 Θέλεις
2491 1409 2757 1478 ποιῆσαις
2817 1411 2928 1463 Καὶ
2993 1413 3022 1463 ό
3081 1412 3286 1481 Κύριος
3348 1415 3487 1484 πρδς
3539 1414 3725 1467 αὐτόν’

2144 1502 2457 1571 Ἀνάσθητι,
2492 1504 2586 1555 καὶ
2613 1503 2822 1557 εἴσελθε
2853 1507 2931 1567 είς
2954 1505 3051 1576 τὴν
3081 1507 3258 1570 πόλιν,
3291 1509 3453 1560 κὶκεί
3492 1509 3731 1579 λαληθή-

2148 1591 2302 1641 σεταί
2338 1607 2418 1642 σοι
2443 1591 2496 1643 τί
2523 1609 2580 1644 σε
2604 1593 2686 1646 δεῖ
2710 1597 2906 1647 ποιεῖν.
2931 1594 2993 1646 Οἱ
3037 1594 3092 1646 δέ
3126 1595 3319 1666 ἀνδρες
3341 1598 3390 1648 οἱ
3417 1597 3731 1650 συνοδεύον-

2144 1698 2236 1741 τες
2276 1682 2424 1751 αὑτῷ
2486 1684 2829 1752 είστήκεισαν
2870 1683 3032 1750 ἐνεοί,
3059 1686 3348 1750 ἀκούοντες
3371 1687 3469 1755 μὲν
3495 1690 3592 1756 τῆς
3615 1687 3730 1754 φω-

2147 1773 2264 1842 νῆς,
2303 1774 2510 1843 μηδένα
2564 1776 2622 1828 δὲ
2681 1774 3037 1845 θεωροῦντες.
3079 1777 3322 1847 Ἠγέρθη
3355 1776 3411 1830 δὲ
3444 1777 3472 1828 ὁ
3525 1777 3731 1842 Σαῦλος

2146 1866 2254 1918 ἀπὸ
2301 1867 2397 1936 τῆς
2429 1866 2552 1936 γῆς,
2579 1867 2945 1937 ἀνεῳγμένων
2975 1883 3035 1919 τε
3063 1866 3172 1920 τῶν
3204 1867 3502 1938 ὀφθαλμῶν
3532 1869 3725 1933 αὐτοῦ,

455 1967 703 2018 videbat.
734 1963 813 2015 Ad
846 1976 1039 2013 manus
1083 1967 1265 2011 autem
1307 1958 1460 2009 illum
1507 1954 1806 2018 trahentes,
1871 1951 2041 2006 intro.

2149 1933 2588 2010 οὐδένα-ἔϐλεπε.
2620 1933 3110 2025 Χεῂιραγωγοῦντες
3143 1955 3200 2008 δὲ
3233 1933 3400 2008 αὑτὸν
3425 1957 3731 2024 εἰσήγαγον

452 2057 734 2109 duxerunt
769 2053 1119 2105 Damascum.
1149 2047 1346 2103 Eteiat
1372 2047 1446 2100 ibi
1468 2061 1498 2098 a
1519 2045 1694 2100 tribus
1718 2045 1913 2099 diebus
1932 2058 2040 2097 non

459 2147 677 2207 videns,
711 2153 765 2197 et
801 2159 906 2196 non
970 2141 1344 2204 manducavit,
1377 2154 1552 2207 neque
1586 2137 1741 2191 bibit.
1786 2134 1912 2187 Erat
1947 2148 2044 2185 au-

456 2245 564 2291 tem
601 2236 820 2304 quidam
858 2234 1166 2303 discipulus
1205 2231 1480 2295 Damasci,
1508 2228 1728 2283 nomine
1757 2227 1998 2280 Ananias
2025 2240 2040 2288 ;

450 2338 507 2382 et
537 2329 675 2381 dixit
708 2329 773 2380 ad
805 2327 957 2380 illum
991 2326 1046 2378 in
1081 2324 1198 2378 visu
1235 2323 1497 2376 Dominus
1531 2340 1544 2374 :
1580 2321 1815 2374 Anania.
1850 2317 1918 2370 At
1951 2317 2041 2370 ille

454 2424 563 2476 ait:
593 2422 732 2475 Ecce
762 2435 884 2488 ego,
913 2417 1160 2472 Domine.
1189 2415 1254 2469 Et
1279 2414 1545 2470 Dominus
1571 2417 1637 2466 ad
1663 2427 1823 2468 eum:
1847 2411 2042 2482 Surge,

457 2522 511 2564 et
545 2511 676 2564 vade
701 2511 755 2562 in
786 2511 990 2574 vicum,
1023 2510 1115 2576 qui
1148 2516 1373 2576 vocatur
1403 2505 1640 2560 Rectus:
1675 2511 1730 2558 et
1757 2518 1943 2573 quaere
1982 2505 2036 2555 in

454 2604 618 2656 domo
637 2599 788 2655 Juda:
815 2600 1042 2654 Saulum
1076 2575 1318 2664 nomine,
1345 2599 1674 2652 'l'arsensem
1697 2614 1710 2650 :
1736 2610 1864 2650 ecce
1895 2593 2041 2648 enim

459 2700 602 2744 orat.
640 2690 727 2760 (Et
771 2691 908 2746 vidit
939 2690 1116 2742 virum
1148 2689 1416 2742 Ananiam
1451 2687 1695 2748 nomine,
1754 2687 2041 2740 introeun-

459 2794 566 2835 tem
599 2791 652 2836 et
685 2785 1055 2850 imponcutem
1085 2780 1189 2833 sibi
1217 2794 1436 2841 manus,
1465 2792 1525 2830 ut
1554 2777 1729 2831 visum
1766 2775 2043 2843 recipiat.)

451 2872 758 2941 Respondit
790 2885 972 2926 autem
1011 2873 1291 2925 Ananias:
1330 2869 1584 2934 Domine,
1617 2867 1806 2922 audivi
1838 2882 1867 2919 a
1899 2867 2044 2920 mul-

450 2967 523 3020 tis
548 2966 616 3019 de
651 2967 768 3019 viro
824 2967 948 3025 hoc.
1015 2976 1220 3033 quanta
1274 2963 1413 3015 mala
1468 2961 1660 3015 lcccrit
1699 2959 1904 3014 sanctis
1939 2958 2046 3012 tuis

454 3058 506 3107 in
540 3054 870 3110 Jerusalem:
905 3063 957 3108 et
985 3054 1073 3107 hic
1116 3054 1279 3106 habet
1312 3061 1636 3122 potestatem
1688 3066 1716 3103 a
1771 3048 2039 3120 principi-

454 3148 560 3202 bus
591 3147 937 3201 sacerdotum
967 3145 1228 3215 alligandi
1282 3160 1474 3199 omnes
1515 3146 1610 3213 qui
1653 3145 1912 3199 invocant
1942 3159 2043 3197 no-

2149 2051 2228 2110 εἰς
2255 2049 2566 2117 Δαμασκόν.
2601 2048 2712 2100 Καὶ
2742 2043 2811 2116 ἦν
2840 2047 3055 2118 ἡμέρας
3085 2049 3233 2117 τρεῖς
3266 2046 3341 2117 μὴ
3368 2046 3604 2116 βλέπων,
3639 2048 3732 2099 καὶ

2147 2139 2247 2190 οὐκ
2292 2137 2500 2205 ἐιραγεν
2531 2138 2652 2190 οὐδὲ
2705 2137 2878 2189 ἔπιεν.
2907 2132 3016 2189 Ἦν
3042 2136 3099 2188 δέ
3130 2153 3212 2199 τις
3247 2135 3498 2206 μαθητὴς
3529 2138 3587 2188 ἐν
3621 2139 3731 2188 Δα-

2153 2229 2348 2300 μασκῷ
2386 2231 2614 2301 ὀνόματι
2661 2230 2942 2292 Ἀνανίας.
2995 2230 3104 2282 Καὶ
3143 2223 3267 2280 εἷπε
3325 2229 3462 2297 πρὸς
3511 2227 3676 2280 αύτδν
3705 2229 3734 2280 ό

2151 2321 2358 2390 Κύριος
2389 2322 2447 2372 ἐν
2478 2321 2736 2391 ὁράματι·
2764 2320 3012 2374 Ἀνανία.
3059 2319 3116 2373 '0
3146 2319 3203 2371 δέ
3231 2316 3404 2372 εἷπεν·
3441 2319 3571 2373 Ἰδοὺ
3597 2318 3730 2388 ἐγὼ,

2150 2412 2350 2480 Κύριε.
2403 2412 2462 2464 ’0
2487 2411 2542 2464 δέ
2580 2410 2786 2481 Κύριος
2829 2410 2966 2479 πρὸς
2999 2408 3182 2462 αὐτόν’
3229 2409 3495 2472 Ἀναστὰς
3529 2407 3732 2478 πορεύ-

2149 2506 2268 2573 θητι
2305 2503 2398 2556 ἐπὶ
2447 2503 2545 2574 τὴν
2598 2503 2776 2574 ῥύμην
2826 2504 2924 2574 τὴν
2967 2503 3308 2574 καλουμένην
3339 2503 3589 2568 Εὐθεῖαν,
3632 2505 3732 2557 καὶ

2154 2596 2392 2667 ζήτησον
2429 2599 2486 2649 ἐν
2518 2597 2668 2667 οίκίςι
2718 2596 2891 2650 Ἰούδα
2945 2597 3149 2650 Σαῦλον
3189 2596 3414 2665 δνοματι
3439 2637 3452 2660 ,
3483 2597 3732 2666 Ταρσέα.

2163 2689 2294 2741 Ἰδοὺ
2323 2689 2432 2756 γὰρ
2487 2688 2870 2758 προσεύχεται,
2913 2690 3008 2742 καὶ
3041 2685 3182 2742 εἶδεν
3209 2691 3266 2741 ἐν
3293 2689 3532 2758 ὁράματι
3564 2689 3735 2759 ἀνδρα

2150 2780 2406 2832 Ἀνανίαν
2461 2779 2686 2846 ὀνόματι
2755 2779 3068 2832 εἰσελθόντα
3120 2779 3216 2832 καὶ
3273 2779 3531 2832 ἐπιθέντα
3582 2779 3734 2848 αὐτῷ

2149 2872 2304 2940 χεῖρα
2332 2870 2481 2932 ὅπως
2511 2869 2810 2939 ἀναϐλέψῃ.
2860 2869 3158 2940 Ἀπεκρίθη
3198 2870 3256 2922 δὲ
3297 2871 3586 2934 Ἀνανίαςο
3618 2871 3737 2925 Κύ-

2154 2979 2260 3032 ριε,
2303 2963 2519 3032 ἀκήκοα
2555 2964 2682 3031 περὶ
2711 2964 2801 3014 τοῦ
2835 2962 3028 3032 ἀνδρίας
3060 2963 3253 3016 τούτου
3303 2965 3452 3034 παρὰ
3499 2965 3732 3031 πολλῶν,

2147 3055 2248 3107 ὅσα
2293 3055 2436 3108 κακά
2491 3054 2714 3123 ἐποίησε
2744 3056 2854 3117 τοῖς
2907 3054 3080 3122 ἁγίοις
3123 3072 3218 3108 σου
3262 3057 3319 3108 ἐν
3355 3056 3730 3128 Ἰερουσαλήμ.

2147 3146 2259 3198 Καὶ
2300 3138 2401 3198 ὧδε
2446 3144 2558 3216 ἔχει
2620 3144 2864 3208 ἐξουσίαν
2895 3146 3046 3215 παρᾶ
3073 3148 3180 3198 τῶν
3225 3149 3526 3219 ἀρχιερέων
3573 3149 3735 3218 δῆσαι

456 3257 578 3294 men
627 3250 801 3294 tuum.
834 3239 980 3294 Dixit
1022 3250 1201 3294 autem
1237 3240 1301 3294 ad
1361 3255 1485 3294 eum
1525 3239 1834 3295 Dominus:
1871 3240 2039 3305 Vade,

2151 3238 2362 3300 πάντας
2410 3238 2536 3299 τοὺς
2569 3237 3038 3308 ἐπικαλουμένους
3071 3240 3132 3291 τὺ
3161 3239 3334 3309 δνομά
3360 3258 3476 3294 σου.
3509 3239 3644 3294 Eine
3675 3241 3734 3294 δὲ

454 3333 717 3402 quoniam
753 3346 848 3385 vas
909 3331 1196 3385 electionis
1225 3339 1310 3386 est
1332 3331 1463 3384 mihi
1495 3332 1618 3394 iste,
1654 3339 1712 3384 ut
1745 3338 1921 3401 portet
1943 3345 2044 3384 no-

456 3441 580 3479 men
638 3441 818 3481 meum
874 3441 1055 3480 coram
1108 3427 1363 3496 gentibus
1416 3436 1471 3481 et
1531 3428 1755 3498 regibus
1815 3437 1870 3482 et
1918 3428 2047 3482 liliis

457 3513 645 3569 Israel.
668 3514 784 3584 Ego
815 3516 958 3569 enim
989 3516 1274 3569 ostendam
1297 3517 1397 3578 illi,
1422 3525 1624 3586 quanta
1649 3525 1897 3585 Oporteat
1924 3531 2048 3570 eum

454 3620 554 3677 pro
579 3608 799 3660 nomine
828 3621 946 3659 meo
971 3607 1101 3675 pati.
1131 3605 1194 3658 Et
1215 3608 1351 3662 abiit
1381 3609 1623 3665 Ananias
1652 3609 1969 3664 etintroivit
1993 3611 2050 3664 in

455 3699 709 3765 domum;
736 3711 787 3754 et
815 3701 1101 3770 imponens
1124 3701 1170 3755 ei
1207 3718 1425 3768 manus,
1459 3703 1620 3757 dixit:
1657 3701 1824 3757 Saule
1856 3702 2049 3769 frater,

455 3788 718 3854 Dominus
759 3791 906 3846 misit
951 3807 1035 3846 me
1059 3790 1223 3846 Jesus
1259 3793 1423 3863 239
1458 3795 1550 3862 qui
1585 3795 1836 3864 apparuit
1867 3795 1966 3849 tibi
1997 3795 2048 3848 in

461 3881 566 3943 via,
609 3896 711 3948 qua
741 3883 1022 3948 veniebas,
1059 3892 1118 3938 ut
1161 3884 1350 3940 videas
1390 3894 1446 3938 et
1503 3887 1784 3956 implearis
1841 3886 2050 3955 Spiritu

454 3979 673 4039 saucto.
711 3969 772 4022 Et
806 3974 1093 4025 confestim
1122 3973 1439 4028 ceciderunt
1465 3975 1534 4028 ah
1559 3976 1730 4031 oculis
1769 3975 1890 4044 ejus
1924 3984 2052 4030 tan-

452 4074 617 4129 quam
664 4077 923 4130 squamae,
951 4071 1005 4118 et
1027 4065 1198 4119 visum
1231 4069 1456 4137 recepit:
1481 4079 1533 4124 et
1553 4070 2048 4140 surgensgbaptiza-

450 4145 538 4209 tus
568 4163 676 4222 est,
701 4165 755 4208 et
792 4169 917 4209 cum
951 4162 1250 4229 accepisset
1279 4165 1487 4231 cibum,
1536 4165 1874 4222 confortatus
1913 4175 2017 4222 est.

952 4333 1532 4396 COMMENTARIUS.

522 4421 722 4479 Vocem
759 4424 910 4480 Pauli
953 4430 1247 4485 audierunt
1275 4433 1368 4501 qui
1421 4449 1547 4488 cum
1591 4451 1656 4490 eo
1699 4447 1890 4506 erant,
1932 4456 2039 4496 non

450 4523 634 4575 autem
680 4530 909 4581 vocem,
951 4534 1071 4588 quae
1109 4520 1177 4576 de
1221 4522 1360 4577 caalo
1401 4524 1622 4594 delapsa
1669 4527 1736 4580 ad
1772 4545 1896 4583 eum
1933 4539 2039 4585 est.

448 4603 711 4660 Interiora
746 4607 892 4660 enim
929 4616 1141 4663 tantum
1201 4612 1395 4668 audire
1424 4614 1536 4669 illis
1567 4629 1897 4672 concessum
1933 4629 2038 4676 cst.

446 4699 730 4769 Alioquin,
764 4702 808 4754 si
838 4703 1119 4758 caelestem
1155 4705 1302 4760 illam
1337 4707 1644 4762 audiissent
1673 4725 1886 4776 vocem,
1930 4728 2037 4768 non

2155 3331 2295 3400 πρὸς
2325 3330 2488 3383 αὐτὸν
2527 3331 2554 3382 ὁ
2592 3331 2816 3400 Κύριος·
2854 3330 3117 3400 Πορεύου,
3149 3333 3230 3384 ὅτι
3266 3332 3463 3396 σκεῦος
3492 3333 3731 3401 ἐκλογῆς

2157 3422 2246 3489 μοί
2284 3423 2434 3474 ἐστιν
2451 3416 2626 3485 οὗτος,
2656 3422 2752 3474 τοῦ
2785 3422 3054 3491 βαστάσαι
3081 3423 3143 3475 τὺ
3165 3422 3338 3493 δνομά
3370 3442 3472 3494 μου
3502 3425 3736 3478 ἐνώπιον

2154 3512 2327 3566 ἐθνῶν
2355 3529 2412 3565 τε
2445 3512 2541 3565 καὶ
2585 3512 2872 3581 βασιλέων,
2910 3514 3040 3568 υίῶν
3072 3531 3129 3566 τε
3158 3514 3399 3585 Ἰσραήλ.
3443 3515 3586 3584 Ἐγὼ
3624 3517 3738 3588 γὰρ

2155 3604 2423 3671 ὑποδείξω
2454 3605 2606 3676 αὐτῷ
2631 3606 2730 3657 ὅσα
2775 3606 2856 3658 δεῖ
2883 3607 3051 3660 αὑτὸν
3082 3608 3276 3662 παθεῖν
3306 3610 3449 3678 ὑπὲρ
3495 3609 3591 3663 τοῦ
3619 3610 3738 3664 ὀνό-

2158 3698 2328 3771 ματός
2367 3714 2489 3768 μου.
2523 3697 2762 3766 Ἀπῆλθε
2811 3699 2868 3750 δέ
2913 3699 3188 3764 Ἀνανίας,
3219 3700 3318 3754 καὶ
3362 3688 3608 3770 είσῆλθιν
3656 3703 3738 3766 είς

2153 3790 2253 3861 τὴν
2277 3788 2480 3844 οἰκίαν·
2507 3791 2603 3843 καὶ
2653 3788 2861 3851 ἐπιθεὶς
2893 3790 2980 3842 ἐπ’
3009 3791 3174 3844 αὑτὸν
3215 3792 3316 3856 τὰς
3341 3795 3555 3863 χεῖρας,
3589 3791 3737 3847 εἶπε·

2156 3883 2330 3937 Σαοὺλ
2368 3883 2586 3951 ἀδελφέ,
2618 3883 2646 3936 δ
2676 3880 2882 3952 Κύριος
2914 3883 3224 3937 ἀπέσταλκε
3258 3902 3325 3956 με
3360 3887 3390 3937 δ
3436 3885 3624 3956 ὀφθείς
3653 3902 3738 3941 σοι

2160 3977 2216 4028 ἐν
2247 3976 2312 4044 τῇ
2341 3973 2445 4045 δδῷ
2574 3975 2767 4046 ἤρχου,
2804 3974 2957 4037 ὅπως
2989 3975 3318 4047 ἀναϐλέψῃς,
3348 3978 3447 4031 καὶ
3489 3977 3738 4049 πλησθῇς

2147 4069 2288 4123 Πνεύ
2299 4085 2468 4138 ματος
2495 4071 2678 4137 ἁγίου.
2711 4071 2819 4122 Καὶ
2852 4070 3056 4132 εὐθέως
3090 4071 3366 4124 ἀπέτεσον
3386 4072 3495 4125 ἀπδ
3515 4073 3627 4126 τῶν
3641 4072 3738 4142 ὀφ-

2128 4165 2354 4236 θαλμῶν
2379 4165 2546 4218 αὑτοῦ
2565 4165 2696 4218 ὡσεὶ
2719 4165 2955 4232 λεπίδες,
2972 4167 3328 4238 ἀνέὸλεψέητε
3368 4169 3735 4240 παραχρῆμα,

2152 4261 2249 4314 καὶ
2273 4259 2512 4322 ἀναστὰς
2534 4261 2858 4328 ἐϐαπτίσθη,
2887 4263 2981 4315 καὶ
3009 4263 3188 4344 λαϐέσν
3209 4265 3415 4344 τροιρὴν
3431 4267 3735 4327 ἐνίσγυσεν.

2738 4353 3124 4408 ΕΡΜΠΝΕΙΑ.

2226 4441 2336 4512 Τὴν
2369 4441 2552 4512 φωνὴν
2579 4441 2674 4494 τοῦ
2706 4440 2921 4494 Παύλου
2943 4443 3183 4512 ἥκουσαν
3206 4446 3254 4498 oi
3285 4449 3535 4512 συνόντες
3561 4447 3734 4520 αὐτῷ,

2151 4531 2342 4585 οὐδένα
2371 4530 2427 4584 δὲ
2451 4531 2723 4602 ἐθεώρουν
2768 4533 2906 4602 πρὸς
2969 4533 3028 4585 ὂν
3083 4535 3440 4606 ἀπεκρίνατο.
3475 4538 3596 4593 Τῶν
3621 4542 3734 4612 γὰρ

2148 4624 2451 4676 ἐλαττόνων
2490 4624 2746 4693 ἐποίησεν
2800 4625 2996 4688 αὐτοὺς
3054 4625 3353 4696 ἀκροατάς.
3397 4631 3461 4682 Εί
3498 4631 3607 4702 γὰρ
3630 4631 3733 4701 τῆς

2148 4716 2334 4784 φωνῆς
2378 4716 2619 4785 ἥκουσαν
2662 4714 2900 4785 ἐκείνης,
2935 4718 3039 4770 κᾶν
3086 4717 3132 4750 ⁷⁵
3163 4719 3495 4791 ἠπίστησαν.
3533 4722 3638 4777 Τὸν
3675 4725 3734 4777 δὲ

449 4801 606 4858 puto,
631 4791 900 4846 increduli
927 4797 1342 4852 remansissent.
1401 4796 1592 4869 Neque
1616 4815 1738 4854 eum
1766 4775 2041 4869 viderunt,

2149 4775 2354 4860 έαῦλον
2401 4775 2649 4875 ’ὁρῶντες
2720 4775 3153 4878 ἀποκρινόμενον
3173 4775 3198 4874 ,'
3235 4775 3566 4881 ἐθαύμαζονῖ

449 4882 516 4934 ad
559 4898 718 4951 quem
769 4882 974 4939 Paulus
1022 4889 1432 4959 respondebat:
1490 4893 1911 4961 respondentem
1958 4905 2043 4952 ta-

448 4988 570 5027 men
613 4990 736 5028 cnm
771 4992 895 5030 cum
931 4980 1210 5047 audirent,
1243 4983 1616 5057 mirabantur.
1660 4985 1870 5042 Idcirco
1911 5005 2040 5046 vero

446 5062 648 5118 factum
687 5069 826 5122 istud
855 5071 1011 5124 initio
1040 5088 1147 5126 non
1174 5075 1440 5145 contigit,
1475 5085 1532 5130 ut
1558 5078 1874 5136 evidentius
1906 5096 2039 5136 con-

445 5164 614 5208 staret
651 5161 986 5213 resurreetio
1021 5160 1247 5216 Christi.
1294 5163 1589 5228 Quomodo
1631 5170 1776 5223 enim
1808 5169 2035 5237 Paulus,

442 5247 535 5315 qui
567 5248 744 5316 ipsum
797 5251 1109 5320 rejiciebat,
1142 5255 1236 5322 qui
1268 5260 1731 5314 resurrectionem
1777 5263 2031 5332 negabat.

444 5340 534 5403 qui
589 5341 892 5410 discipulos
947 5347 1386 5414 persequebatur
1446 5350 1660 5419 ipsius,
1711 5353 2040 5410 credidisset

446 5444 710 5497 unquam.
745 5434 850 5488 nisi
884 5450 1080 5505 magna
1113 5438 1308 5492 fuisset
1361 5441 1640 5495 evidentia
1675 5446 2036 5500 resurrectio-

445 5521 568 5572 nis?
609 5539 626 5570 ι
673 5521 788 5577 Viri
821 5536 1026 5580 autetu.
1063 5546 1081 5578 ι
1118 5529 1231 5582 Cur
1261 5531 1408 5586 Deus
1433 5547 1542 5586 non
1567 5535 1801 5602 aliquem
1832 5553 2039 5607 magna

445 5611 791 5668 auctoritatis
860 5631 923 5672 ac
969 5617 1259 5688 dignitatis
1304 5623 1482 5677 virum
1552 5625 1616 5677 ad
1668 5625 1899 5680 Paulum
1951 5630 2038 5682 in-

439 5704 762 5759 etruendum
799 5707 1132 5789 destinavit,
1175 5715 1267 5768 scd
1319 5724 1530 5774 tantum
1580 5716 1854 5771 Ananiam
1882 5760 1896 5784 ,
1941 5722 2030 5790 qui

2143 4897 2306 4950 τοῦτο
2353 4897 2408 4950 δέ
2452 4898 2553 4950 οὐκ
2608 4898 2666 4964 ἐξ
2735 4899 2908 4968 ἀρχῆς
2944 4899 3103 4952 τοῦτο
3141 4899 3386 4968 γέγονεν,
3420 4903 3508 4957 ἵνα
3543 4903 3730 4974 δειχθῇ

2143 4989 2338 5052 δντως,
2371 4989 2454 5042 ὅτι
2486 4989 2686 5060 ἀνέστη
2711 4991 2739 5042 ὁ
2768 4990 3031 5060 Χριστός.
3067 4993 3128 5045 Ὀ
3156 4993 3265 5064 γάρ
3283 4995 3525 5050 ἐλαύνων
3542 4997 3728 5060 αὑτὸν,

2146 5080 2242 5134 κοιλ⁹
2273 5080 2520 5134 ἀπιστῶν
2543 5080 2708 5134 αὑτοῦ
2742 5084 2808 5152 τῇ
2841 5083 3159 5148 ἀναστάσει,
3188 5084 3290 5138 καὶ
3316 5087 3444 5150 τοὺς
3478 5088 3730 5158 μαθητὰς

2145 5171 2312 5224 αὐτοῦ
2347 5173 2581 5238 διώκων,
2615 5172 2780 5226 πόθεν
2801 5172 2865 5226 ἂν
2897 5175 3241 5242 ἐπίστευσεν,
3262 5180 3311 5230 εί
3345 5179 3420 5248 μὴ
3456 5181 3626 5250 πολλὴ
3659 5177 3730 5252 ἦν

2141 5265 2240 5333 τῆς
2273 5265 2623 5328 ἀναστάσεως
2659 5264 2850 5334 ίσχύς;
2893 5285 2910 5317 ι
2938 5268 3000 5320 Οἱ
3021 5268 3078 5321 δὲ
3112 5267 3322 5339 ἄνδρες.
3361 5288 3380 5322 ι
3409 5271 3474 5323 Τί
3497 5273 3559 5342 δή
3597 5291 3729 5326 ποτε

2140 5357 2333 5409 οὐδένα
2371 5357 2480 5410 τῶν
2515 5355 2848 5422 ἀξιοπίστων
2886 5359 2983 5411 καὶ
3019 5361 3271 5430 μεγάλων
3313 5362 3582 5427 εἵλκυσεν,
3607 5365 3730 5419 οὐδὲ

2147 5448 2450 5517 μετέστησε
2502 5451 2640 5518 πρὸς
2693 5449 2791 5519 τὴν
2823 5451 2918 5502 τοῦ
2964 5451 3180 5505 Παύλου
3217 5455 3546 5526 κατήχησιν,
3589 5458 3729 5514 ἀλλά

2159 5540 2432 5601 Ἀνανίαν,
2466 5539 2562 5591 ἕνα
2594 5541 2724 5592 δντα
2767 5541 2876 5594 τῶν
2930 5542 3339 5614 ἐϐδομήκοντα;
3387 5546 3602 5618 Ἐπειδὴ
3623 5549 3728 5604 οὐκ

2144 5628 2334 5694 ἔμελλε
2367 5630 2433 5681 δι’
2465 5631 2563 5682 ἀνθ
2573 5630 2772 5698 ρώπων
2804 5632 3115 5699 ἐνάγεσοαι,
3165 5635 3302 5688 ἀλλὰ
3327 5637 3393 5689 δι’
3425 5639 3589 5690 αὐτοῦ
3629 5639 3726 5694 τοῦ

2137 5722 2397 5790 Χριστοῦ.
2447 5723 2604 5774 Ἐπεὶ
2642 5724 2699 5776 δέ
2738 5717 2894 5788 οὗτος
2955 5725 3161 5789 ἐδίδαξε
3207 5729 3305 5797 μὲν
3345 5731 3509 5783 αὑτὸν
3543 5732 3720 5799 οὐδὲν,

1641 5833 1842 5895 Varia:
1880 5835 2184 5898 lectiones
2230 5845 2287 5897 et
2335 5843 2525 5897 notae.

515 5889 559 5920 η
588 5897 686 5944 ουκ
718 5893 801 5948 ἂν.
