4082 6436
394 491 503 557 93-3
1062 480 1598 544 EXPOSITIONIS
1638 478 1660 539 1
1672 477 1720 538 Ν
1746 476 1939 537 ACTA
1970 474 2004 534 Ἰ

2109 471 2273 533 LTUS
2309 469 2584 531 ALTER.
2617 494 2685 507 --
2716 470 2870 531 CAP.
2899 471 3006 532 IX.
3274 508 3277 523 ι
3552 470 3661 535 934

395 602 661 656 main-stas
711 598 767 652 δὲ
814 600 1007 669 μόνον·
1056 599 1173 670 ἃμα
1226 600 1336 667 γὰρ
1384 598 1698 670 φωτισθεὶς,
1747 597 2004 668 ἔμελλεν,

2109 604 2224 643 mus
2257 598 2377 643 erat
2407 602 2475 642 ex
2511 587 2855 657 septuaginta
2891 585 3179 657 discipulis
3211 587 3277 641 ad
3316 601 3441 641 eum
3471 589 3665 643 misit?

395 691 735 753 ἐπισπᾶσθαι
774 692 977 763 πολλὴν
1025 695 1120 747 τοῦ
1179 691 1497 761 Πνεύματος
1544 691 1708 761 χάριν
1744 688 1856 743 ἀπὸ
1880 687 1976 741 τοῦ

2109 681 2225 748 ξιιία
2253 680 2508 735 videlicet
2538 695 2648 735 non
2665 695 2767 749 per
2792 681 3062 742 homines,
3092 681 3186 737 sed
3213 681 3280 735 ab
3302 682 3423 751 ipso
3443 682 3665 738 Christo

396 786 560 855 ζήλου
587 787 682 839 καὶ
713 784 814 853 τῆς
862 784 1064 855 πολλῆς
1095 783 1428 855 προθυμίας.
1481 780 1769 837 Ἐντεῦθεν
1792 780 1849 833 δὲ
1883 795 1981 849 ση-

2112 771 2396 828 docendus
2442 772 2537 826 ille
2575 780 2716 826 erat.
2759 769 2944 836 Quare
2985 774 3229 828 Ananias
3260 788 3481 842 quoque
3527 775 3665 828 nihil

399 875 682 946 μιωτέον,
725 875 806 927 ὅτι
834 875 1017 928 ἐκεῖνα
1039 873 1107 927 τὰ
1135 872 1323 943 ὄνειρα
1350 873 1394 903 ⁷⁶
1422 870 1502 924 δεῖ
1526 868 1805 938 λέγεσθαι,
1835 867 1979 938 ἅπερ

2115 877 2207 915 um
2262 861 2486 928 docuit,
2528 862 2623 918 sed
2669 862 2971 930 baptizavit
3023 863 3402 917 tantummodo
3436 880 3449 916 :
3482 865 3666 917 statim

398 966 704 1034 κοινωξελῆ
744 967 861 1018 ἐστι
889 965 985 1018 καὶ
1010 964 1382 1034 συμϐάλλεται
1409 964 1488 1025 εἰς
1520 961 1859 1026 Θεοσέόειαν,
1881 960 1982 1013 ὅσα

2109 955 2228 1008 :nitn
2260 969 2326 1008 ac
2355 955 2664 1024 baptizatus
2690 965 2855 1016 esset,
2882 954 2974 1010 ille
3001 955 3293 1008 maximam
3328 965 3669 1010 attractnrus

400 1060 518 1128 ἔχει
565 1057 659 1111 τοῦ
705 1059 909 1127 Κυρίου
961 1058 1061 1127 τὴν
1125 1059 1493 1127 παρᾶστασιν,
1551 1054 1584 1125 ἢ
1633 1053 1867 1122 ἀγγέλου
1910 1052 1979 1105 ⁷⁷.

2109 1053 2205 1100 erat
2244 1046 2475 1117 gratiam
2509 1045 2754 1116 Spiritus
2784 1062 2850 1101 ex
2881 1047 3020 1109 zelo,
3050 1047 3333 1115 multaque
3360 1047 3668 1101 alacritate.

407 1150 565 1202 Ἐστι
603 1148 659 1201 εέ
684 1149 780 1201 καὶ
819 1149 939 1200 κατ’
970 1146 1104 1218 ὄναρ
1139 1148 1306 1210 ἰδικὰ,
1356 1146 1393 1201 ἃ.
1435 1144 1534 1198 οὐκ
1572 1145 1778 1213 ὀφείλει
1806 1142 1983 1195 λαλεῖ-

2109 1138 2226 1192 iinc
2268 1152 2400 1193 vero
2450 1137 2860 1203 adnotandum,
2912 1153 3008 1193 eas
3059 1136 3279 1208 quidem
3330 1141 3670 1193 enarrandas

408 1240 556 1293 σθαι⁸
591 1238 731 1308 πλὴν
775 1240 826 1291 εἰ
867 1239 962 1292 καὶ
1017 1237 1163 1306 ἰδικὴ
1198 1236 1293 1290 τοῦ
1332 1236 1539 1289 Σαύλου
1561 1231 1627 1306 ἦν
1657 1237 1691 1305 ἡ
1722 1232 1983 1302 ὠφέλεια,

2109 1232 2356 1296 risiones,
2387 1247 2509 1302 qua:
2541 1231 2821 1302 quidpiam
2854 1232 3164 1287 communis
3195 1231 3485 1285 continent
3526 1231 3672 1284 utili-

404 1330 519 1385 ἀλλ’
558 1329 652 1384 οὖν
683 1327 1006 1399 παραδόξως
1024 1328 1305 1400 συμϐᾶσα,
1346 1327 1506 1381 πάλιν
1547 1329 1629 1389 εἰς
1671 1324 1985 1379 θεοσέϐειαν

2114 1325 2253 1387 atis,
2297 1331 2353 1378 et
2399 1323 2466 1378 ad
2508 1325 2765 1393 pietatem
2813 1323 3141 1389 conferunt,
3184 1338 3416 1393 qumque
3457 1321 3551 1377 Dei
3587 1322 3671 1376 vel

415 1423 509 1474 τὸν
538 1420 826 1491 ἄνθρωπον
850 1420 1268 1489 προσκαλεῖται,
1304 1420 1399 1472 καὶ
1425 1419 1513 1473 διὰ
1543 1416 1815 1483 τοῦτο,ὡς
1843 1430 1988 1468 κοιν-

2109 1415 2408 1486 angelorum
2447 1415 2821 1470 assistentiam
2859 1413 3062 1469 habent
3094 1431 3109 1469 :
3149 1414 3388 1483 privatas
3422 1428 3552 1467 vero
3576 1455 3591 1478 ,
3624 1414 3669 1467 si

403 1511 589 1578 ω’ρελῆ
648 1510 993 1563 ἐκλαλεῖσθαι
1037 1510 1169 1564 ἔδει.
1225 1529 1245 1561 ι
1286 1505 1396 1561 Ἦν
1430 1509 1489 1561 δέ
1524 1525 1609 1569 τις
1653 1505 1926 1578 μαθητής.
1962 1523 1982 1557 ι

2109 1522 2211 1577 luat
2237 1506 2516 1571 accidunt,
2548 1506 2812 1570 visiones,
2842 1521 2936 1561 cas
2968 1521 3075 1560 non
3108 1513 3325 1576 oportet
3351 1505 3674 1560 manifestas

404 1602 591 1657 Ταῦτά
613 1619 779 1673 φησιν
804 1604 832 1656 6
860 1603 1135 1666 Ἀνανίας,
1160 1603 1258 1673 οὐχ
1296 1602 1373 1664 ὡς
1420 1600 1665 1654 ἀπιστῶν
1692 1601 1805 1662 τοῖς
1833 1599 1990 1666 λεγο-

2109 1598 2296 1653 Taeerc.
2329 1596 2581 1651 Attamen
2617 1598 2764 1662 licet,
2807 1598 2955 1667 quod
2995 1596 3085 1651 hic
3117 1605 3396 1662 narratur,
3435 1589 3675 1667 pecoli'a-

408 1696 615 1765 μένοις.
663 1694 783 1747 οὐδὲ
836 1693 1155 1764 ὴπατῆσθαι
1186 1695 1278 1747 τὸν
1309 1693 1549 1765 Χριστόν
1606 1690 1867 1760 νομίζων,
1913 1690 1988 1762 μὴ

2109 1703 2209 1745 rem
2240 1697 2517 1758 spectaret
2550 1688 2700 1743 Sauli
2742 1690 3068 1753 utilitatem,
3108 1689 3471 1744 nihilominus
3512 1691 3679 1743 mira-

404 1785 614 1850 γένοιτο
640 1785 651 1835 l
678 1784 814 1836 ἀλλὰ
840 1783 1175 1854 φοϐούμενος
1202 1785 1298 1837 καὶ
1329 1782 1569 1854 τρέμων.
1601 1783 1762 1844 Εἰκὸς
1786 1781 1898 1851 γὰρ
1923 1778 1992 1851 ἦν

2109 1780 2222 1836 silis
2264 1779 2386 1850 ejus
2435 1782 2652 1835 sanatio
2697 1780 3032 1851 quemquan’t
3085 1789 3266 1852 potest
3309 1781 3374 1835 ad
3420 1783 3677 1850 pietatem

406 1875 626 1936 αὐτοὺς.
651 1875 709 1927 ὲν
746 1873 898 1944 φόϐῳ
932 1874 1116 1941 ὄντας,
1146 1872 1611 1944 περιεργάζεσθαι
1645 1872 1740 1925 καὶ
1788 1872 1989 1939 λέγειν,

2109 1873 2366 1938 ascitare;
2401 1880 2454 1927 et
2487 1871 2714 1938 idcirco,
2756 1882 2817 1927 ut
2844 1872 2976 1942 quid
3009 1871 3074 1926 ad
3112 1886 3459 1927 communem
3494 1870 3682 1925 confe-

404 1966 489 2019 ὅτι
519 1964 740 2018 Τούτων
770 1965 964 2028 ὄντων,
1000 1964 1121 2028 πῶς
1153 1965 1400 2029 δύναται,
1425 1963 1581 2033 φησι,
1612 1961 1789 2018 ταῦτα
1827 1963 1981 2030 γενέ-

2109 1979 2221 2019 -cns
2255 1965 2569 2029 utilitatem,
2606 1981 2725 2020 eam
2761 1965 3008 2020 enarrari
3042 1965 3307 2035 oportuit.
3349 1983 3368 2016 r
3410 1965 3539 2018 Erat
3573 1979 3679 2017 au-

409 2057 535 2109 σθαι
559 2074 572 2121 ;
607 2057 649 2109 Τ
657 2057 671 2108 ί
702 2053 797 2110 οὖν
819 2058 848 2110 6
878 2057 1109 2128 Κύριος,
1135 2059 1163 2110 6
1190 2060 1311 2120 ταῖς
1355 2055 1611 2125 καρδίαις
1634 2056 1742 2109 τῶν
1770 2054 1985 2126 ἀνθρώ-

2116 2070 2200 2109 em
2230 2055 2455 2127 quidam
2480 2055 2808 2125 discipulus.
2846 2074 2864 2107 ι
2896 2054 2975 2109 Ita
3011 2056 3249 2125 loquitur
3272 2055 3536 2117 Ananiae,
3565 2066 3678 2107 non

405 2165 525 2203 πων
548 2147 893 2219 ἐμϐατεύων,
946 2150 1089 2203 κατὰ
1149 2148 1364 2203 Παύλου
1419 2148 1808 2218 susp-stiones;
1863 2147 1985 2200 Δεί-

2109 2147 2240 2215 [llud
2290 2141 2553 2217 ea,'quae
2595 2146 2644 2200 ei
2695 2146 3048 2210 dicebantur,
3100 2160 3209 2198 non
3260 2143 3680 2219 crederet_,’ivel

407 2253 597 2289 κνυσιν
630 2236 713 2288 ὅτι
738 2236 839 2289 οὐκ
872 2236 990 2289 ἔστι
1024 2235 1229 2306 φυσικὴ
1259 2234 1480 2305 ἡκακία
1510 2233 1680 2304 αὐτῷ.
1706 2251 1725 2284 t
1761 2231 1983 2294 Σκεῦας,

408 2325 597 2395 φησὶν,
630 2324 862 2391 ἐκλογῆς
892 2325 1064 2377 ἐστιν.
1111 2342 1130 2374 ›
1171 2323 1412 2386 Ἐδειξεν
1465 2320 1550 2374 ὅτι
1589 2318 1811 2389 Μκιμός
1846 2318 1984 2370 ἐστι.

407 2417 484 2470 Ἰὸ
511 2417 734 2485 δόκιμον
764 2419 873 2489 γάρ
904 2433 987 2481 τις
1026 2406 1315 2484 ἐκλέγεται
1350 2412 1564 2476 σκεῦος.
1597 2410 1709 2466 Καὶ
1736 2412 1797 2464 ού
1829 2408 1991 2479 μόνον

408 2508 600 2571 πιστὸς
628 2508 807 2574 ἔσται,
840 2509 1028 2580 φησὶν,
1064 2508 1201 2562 ἀλλὰ
1227 2508 1323 2561 καὶ
1344 2504 1664 2568 διδάσκαλος
1700 2504 1796 2557 καὶ
1817 2500 1995 2573 κῆρυξ

407 2600 508 2668 τῆς
530 2600 876 2670 οἰκουμένης,
907 2598 1044 2653 ἀλλὰ
1075 2598 1169 2652 καλ⁹
1198 2596 1447 2651 πείσεται
1474 2595 1645 2651 πολλὰ
1666 2595 1807 2666 ὑπὲρ
1836 2595 1995 2665 ἐμοῦ.

2093 2213 2242 2301 quod
2273 2213 2555 2290 Christum
2581 2235 2756 2304 decipi
2790 2249 2956 2305 posse
2978 2233 3340 2299 existimaret,
3371 2213 3520 2287 absit
3532 2232 3546 2285 l
3571 2214 3680 2286 sed

2094 2341 2158 2379 ex
2196 2326 2395 2380 timore
2437 2336 2493 2382 et
2530 2335 2771 2382 tremore
2805 2341 2917 2396 quo
2954 2326 3395 2381 concutiehatur.
3438 2323 3681 2378 Pronum

2094 2415 2240 2469 enim
2279 2424 2419 2481 erat,
2452 2426 2512 2472 ut
2556 2418 2593 2472 ii
2616 2456 2630 2480 ,
2663 2418 2756 2487 qui
2806 2417 3004 2471 timore
3034 2416 3273 2487 perculsi
3311 2425 3489 2477 erant,
3520 2414 3684 2468 anxie

2096 2508 2443 2577 inquirerent
2498 2525 2562 2564 ac
2616 2509 2885 2586 dicerent,
2941 2509 3231 2577 Quomodo
3294 2516 3527 2579 possunt
3576 2510 3683 2560 ista

2098 2598 2248 2652 lteri?
2288 2599 2429 2665 Quid
2464 2601 2630 2672 igitur
2664 2601 2951 2669 Dominus,
3008 2601 3254 2657 cordium
3303 2599 3679 2669 investigator,

409 2692 481 2748 de
500 2694 670 2749 Paulo
694 2695 1106 2767 pronuntiavit?
1127 2693 1380 2751 Ostendit
1401 2707 1510 2749 non
1532 2691 1860 2747 naturaliter
1882 2690 2103 2745 insitam
2129 2694 2205 2747 illi
2231 2711 2355 2751 esse
2378 2699 2701 2767 nequitiam.
2728 2694 2867 2751 «Vas
2890 2715 2910 2749 ι
2933 2698 3099 2761 enim,
3118 2696 3315 2766 inquit,
3343 2714 3361 2745 ι
3394 2694 3682 2750 electionis

410 2798 497 2845 est
525 2791 698 2845 mihi:
731 2809 751 2842 ι
785 2791 984 2860 quibus
1017 2791 1198 2846 verbis
1232 2789 1498 2855 declarat,
1553 2787 1734 2857 ipsum
1770 2786 1948 2841 virum
1989 2789 2278 2856 probatum
2332 2807 2498 2849 esse:
2542 2809 2687 2860 nam,
2725 2793 2874 2864 quod
2911 2792 3202 2862 probatum
3256 2800 3361 2855 est,
3398 2807 3515 2854 vas,
3552 2789 3683 2860 eligi

413 2887 580 2943 solet.
609 2884 774 2958 240
792 2886 973 2953 Quare
1004 2901 1117 2940 non
1160 2886 1338 2941 solum
1371 2883 1570 2950 ﬁdelis,
1602 2883 1803 2953 inquit,
1837 2882 1976 2949 erit;
2007 2882 2101 2939 sed
2128 2886 2292 2941 etiam
2331 2887 2551 2956 doctor,
2590 2897 2644 2945 et
2685 2905 2865 2960 praeco
2891 2890 3105 2956 mundi,
3135 2888 3267 2961 quin
3291 2897 3345 2943 et
3383 2889 3551 2942 multa
3585 2902 3684 2958 pro

412 2978 643 3034 nomine
681 2993 806 3032 meo
834 2977 1093 3047 patietur.

714 3065 805 3138 Τῷ
845 3066 1110 3138 Σαϐϐάτῳ
1149 3068 1250 3138 τῆς
1278 3064 1327 3135 γ’
1361 3065 1684 3136 ἑϐδομάδος.

998 3157 1387 3214 KEIMENON.

485 3252 738 3321 Ἐγένετο
758 3251 815 3305 δὲ
835 3253 864 3305 6
895 3250 1095 3314 Σαῦλος
1130 3251 1272 3321 μετὰ
1307 3250 1415 3304 τῶν
1436 3249 1608 3303 ὄντων
1630 3250 1691 3302 ἐν
1719 3248 1998 3319 Δαμασκῷ

419 3343 683 3413 μαθητῶν
738 3341 955 3413 ἡμέρας
1007 3341 1182 3405 τινάς.
1224 3342 1337 3395 Καὶ
1376 3342 1577 3404 εὐθέως
1614 3342 1674 3392 ὲν
1711 3342 1833 3404 ταῖς
1868 3357 1996 3393 συν-

417 3435 664 3501 αγωγαῖς
688 3432 963 3502 ἐκήρυσσε
993 3432 1086 3485 τὸν
1132 3432 1175 3484 Χ
1187 3431 1398 3502 ριστὸν,
1457 3431 1541 3483 ὅτι
1585 3421 1755 3491 Οὗτός
1783 3428 1933 3481 ἐστιν
1969 3429 1998 3480 6

417 3526 656 3597 Χριστὸς
687 3528 716 3580 6
749 3525 875 3588 Υἱὸς
926 3525 1020 3577 τοῦ
1070 3523 1229 3578 θεοῦ.
1274 3522 1586 3588 Ἐξίσταντο
1632 3521 1689 3574 δὲ
1718 3522 1920 3584 πάντες
1949 3522 2000 3574 οἱ

419 3616 734 3680 ἀκούοντες,
767 3616 864 3668 καὶ
891 3612 1079 3683 ελεγον
1101 3630 1115 3646 ·
1145 3616 1261 3669 Οέικ
1304 3606 1460 3677 οὗτός
1490 3616 1637 3666 ἐστιν
1666 3617 1694 3667 ὁ
1720 3612 2002 3684 πορθήσας

420 3710 481 3761 ἐν
554 3707 918 3780 Ἰερουσαλὴμ
976 3706 1186 3770 πάντας
1236 3705 1363 3769 τοὺς
1429 3704 1897 3775 ἐπικαλουμένους
1940 3703 2003 3756 τὸ

420 3801 597 3870 ὖνομα
620 3801 804 3866 τοῦτο,
833 3799 930 3854 καὶ
974 3795 1081 3854 ὦδε
1117 3800 1200 3862 εἰς
1235 3798 1397 3852 τοῦτο
1424 3796 1708 3865 ἐλήλυθεν,
1745 3796 1832 3849 ἵνα
1859 3795 2004 3848 δεδε-

426 3894 623 3965 μένους
651 3893 849 3955 αὐτοὺς
877 3892 1063 3961 ἀγάγῃ
1090 3893 1170 3954 εἰς
1201 3889 1557 3961 Ἰερουσαλὴμ
1592 3888 1685 3942 ἐπὶ
1714 3890 1836 3951 τοὺς
1864 3890 2002 3957 ἁρχ-

426 3983 593 4050 ιερείς
614 3998 630 4013 ⁸
660 3980 861 4044 Σαῦλος
883 3979 941 4032 δὲ
968 3979 1168 4050 μᾶλλον
1206 3978 1607 4049 ἐνεδυναμοῦτο
1652 3978 1747 4031 καὶ
1782 3977 2002 4047 συνέχεε

423 4073 554 4137 τοὺς
604 4072 889 4135 Ἰουδαίους
944 4071 1071 4135 τοὺς
1142 4069 1533 4133 κατοικοῦντας
1591 4072 1651 4124 ἐν
1687 4068 2001 4140 Δαμασκῷ,

428 4163 804 4235 συμϐιϐάζων,
840 4164 923 4217 ὅτι
984 4155 1158 4225 Οὗτός
1199 4165 1353 4216 ἐστιν
1413 4163 1442 4215 6
1498 4162 1757 4233 Χριστός.
1805 4160 1897 4223 Ὠς
1946 4160 2004 4212 δὲ

427 4253 765 4325 ἐπληροῦντο
788 4253 996 4325 ἡμέραι
1023 4253 1233 4319 ἱκαναὶ,
1275 4252 1772 4306 συνεϐουλεύσαντο
1800 4253 1850 4305 οἱ
1871 4250 2006 4305 Ἰου-

428 4346 572 4399 δαίοι
599 4345 810 4399 ἀνελεῖν
865 4344 1052 4399 αὐτόν.
1085 4342 1369 4413 Ἐγνώσθη
1413 4343 1466 4397 δὲ
1504 4344 1582 4415 τῷ
1610 4344 1800 4414 Σαύλῳ
1828 4345 1860 4413 ἡ
1892 4344 2008 4396 ἐπι-

430 4436 599 4507 ϐουλὴ
623 4436 804 4491 αὐτῶν
830 4451 843 4464 ·
871 4436 1219 4506 παρετήρουν
1258 4452 1316 4488 τε
1347 4437 1446 4498 τὰς
1472 4433 1646 4499 πύλας
1671 4435 1771 4505 τῆς
1798 4434 2009 4496 πόλεως

2458 3066 2698 3123 Sablialo
2736 3066 3099 3123 hebdomadas
3138 3065 3331 3120 tertiae.

2743 3158 3046 3215 TEXTUS.

2173 3249 2480 3316 1Χ,19-51.
2514 3251 2639 3307 Fuit
2682 3262 2859 3307 autem
2897 3251 3144 3324 (Saulus)
3189 3266 3313 3305 cum
3364 3248 3683 3320 discipulis,

2104 3341 2197 3409 qui
2238 3349 2396 3395 erant
2431 3341 2679 3396 Damasci
2704 3357 2801 3413 per
2832 3343 2951 3397 dies
2973 3343 3206 3411 aliquot.
3236 3340 3300 3394 Et
3332 3339 3593 3395 continuo
3631 3341 3690 3395 in

2101 3435 2388 3503 synagogis
2416 3434 2746 3504 prazdicabat
2772 3433 2985 3501 Jesum,
3012 3435 3270 3504 quoniam
3298 3431 3396 3487 llic
3414 3442 3500 3488 est
3519 3430 3691 3488 Filius

2107 3524 2222 3578 Dei.
2246 3525 2749 3594 Stupebantantem
2776 3542 2969 3583 omnes
2995 3528 3086 3596 qui
3121 3525 3440 3590 audiebant,
3471 3532 3525 3579 et
3545 3523 3694 3579 dice-

2105 3615 2238 3670 bant
2255 3634 2269 3671 :
2286 3616 2480 3672 Nonne
2494 3619 2583 3672 hic
2599 3627 2706 3681 est,
2727 3620 2819 3690 qui
2835 3618 3183 3688 expugnabat
3204 3617 3256 3670 in
3280 3616 3581 3672 Jerusalem
3600 3629 3694 3670 cos

2104 3705 2198 3773 qui
2222 3707 2556 3761 invocabant
2579 3723 2777 3762 nomen
2810 3708 2981 3773 istud,
3009 3717 3062 3762 et
3091 3708 3199 3761 huc
3219 3706 3284 3761 ad
3309 3707 3413 3761 hoc
3444 3708 3614 3772 venit,
3635 3716 3695 3760 ut

2104 3795 2320 3849 vinctos
2382 3796 2506 3849 illos
2553 3796 2781 3850 duceret
2835 3795 2902 3849 ad
2959 3795 3239 3871 principes
3294 3793 3694 3849 sacerdotum?

2108 3884 2312 3940 Saulus
2357 3893 2539 3939 autem
2582 3886 2757 3940 multo
2798 3884 2974 3955 magis
3018 3886 3440 3949 convalescebat
3467 3895 3522 3939 et
3556 3899 3694 3938 con-

2109 3976 2374 4032 fundebat
2419 3977 2638 4032 Judasos
2684 3979 2776 4047 qui
2828 3979 3149 4034 habitabant
3205 3976 3488 4045 Damasci,
3541 3980 3693 4033 alllr-

2108 4084 2266 4121 tnans
2293 4073 2551 4138 quoniam
2578 4067 2678 4122 Hic
2700 4080 2783 4125 est
2812 4067 3085 4124 Christus.
3118 4068 3255 4122 Cum
3283 4077 3463 4123 autem
3497 4068 3691 4140 imple-

2111 4168 2304 4212 t‘entur
2350 4160 2469 4212 dies
2520 4160 2711 4223 multi,
2760 4161 3051 4214 consilium
3107 4161 3358 4216 fecerunt
3411 4161 3465 4216 in
3524 4178 3694 4216 unum

2107 4249 2304 4314 Juda‘i,
2332 4260 2388 4304 ut
2413 4266 2538 4305 eum
2568 4250 2960 4307 interﬁcerent.
2993 4252 3147 4306 Nota:
3179 4266 3358 4308 autem
3386 4253 3542 4309 facta:
3566 4265 3697 4310 sunt

2114 4341 2288 4396 Saulo
2355 4343 2573 4398 insidiae
2607 4359 2821 4400 eorum.
2862 4342 3260 4401 Custodiebant
3318 4355 3500 4401 autem
3564 4364 3696 4418 por-

2113 4445 2197 4490 tas
2229 4437 2316 4491 die
2338 4451 2404 4492 et
2439 4447 2626 4502 nocte,
2662 4445 2718 4489 ut
2759 4453 2884 4492 eum
2926 4438 3321 4494 interﬁcerent.
3350 4440 3695 4509 Accipieutes

432 4528 646 4600 ἡμέρας
668 4544 727 4580 τε
759 4527 853 4580 καὶ
880 4527 1101 4592 νυκτὸς,
1129 4528 1281 4589 ὅπως
1305 4526 1469 4579 αὐτὸν
1507 4524 1762 4580 ἀνέλωσι.
1803 4526 2004 4579 Λαϐόν-

2116 4535 2298 4581 autem
2330 4542 2454 4582 cum
2491 4527 2745 4597 discipuli
2777 4538 2956 4593 nocte,
2990 4543 3089 4597 per
3114 4543 3332 4583 murum
3365 4529 3698 4585 dimiserunt

429 4636 523 4682 τες
554 4620 609 4672 δέ
638 4618 803 4672 αὐτὸν
859 4618 910 4671 οἱ
951 4617 1193 4688 μαθηταὶ
1254 4617 1472 4683 νυκτὸς,
1499 4618 1752 4686 καθῆκαν
1794 4616 1882 4670 διὰ
1914 4617 2004 4670 τοῦ

2115 4632 2274 4681 eunt,
2318 4618 2709 4672 submittentes
2745 4618 2799 4671 in
2832 4630 3037 4687 sporta.
3074 4620 3208 4673 Cum
3246 4627 3426 4674 autem
3459 4621 3699 4678 venisset

430 4708 643 4779 τείχους
663 4709 998 4779 χαλάσαντες
1030 4709 1088 4760 ἐν
1122 4706 1357 4778 σπυρίδι.
1398 4707 1852 4778 Παραγενόμενος
1882 4707 1939 4760 δὲ
1983 4708 2004 4760 ὀ

2116 4710 2171 4763 in
2211 4707 2538 4774 Jerusalem,
2591 4710 2843 4763 tentabat
2891 4724 2953 4764 se
2999 4710 3228 4780 jnngere
3271 4709 3597 4782 discipulis,
3644 4724 3699 4767 et

435 4801 639 4864 Σαῦζ.υς
682 4803 761 4864 είς
811 4798 1194 4871 Ἰερουσαλὴμ,
1253 4798 1518 4869 ἐπειρᾶτο
1571 4797 1867 4852 κολλᾶσθαι
1899 4800 2004 4859 τοῖς

2118 4813 2311 4853 omnes
2354 4798 2622 4853 timebant
2658 4812 2807 4861 eum,
2847 4813 2956 4852 non
3004 4800 3322 4865 credentes,
3372 4799 3517 4869 quod
3552 4810 3701 4856 esset

439 4894 712 4964 μαθηταῖς
729 4906 742 4920 ·
769 4893 863 4946 καὶ
894 4893 1094 4956 πάντες
1118 4889 1414 4961 ἐφοϐοῦντο
1427 4891 1610 4956 αὑτὸν,
1629 4890 1706 4962 μὴ
1730 4889 2004 4943 πιστεύον-

2124 4891 2448 4959 discipulus.
2506 4889 2790 4947 Barnabas
2849 4900 3028 4945 autem
3086 4892 3488 4962 apprehensum
3544 4893 3696 4949 illunt

435 5003 527 5049 τες
561 4985 643 5039 ὃτι
675 4985 789 5038 ἐστι
845 4983 1112 5054 μαθητής.
1174 4981 1464 5053 Βαρνάϐας
1504 4983 1564 5036 δὲ
1615 4970 2004 5051 ἐπιλαϐόμενος

2117 4984 2280 5038 duxit
2302 4982 2370 5037 ad
2395 4984 2696 5054 apostolos,
2729 4992 2783 5039 et
2820 4985 3065 5038 narrat-it
3098 4985 3207 5040 illis
3237 4983 3510 5055 quomodo
3537 4985 3589 5040 in
3612 4987 3699 5039 via

438 5077 624 5143 αὐτὸν,
655 5077 833 5147 ἤγαγε
872 5076 1010 5145 πρὸς
1039 5075 1165 5138 τοὺς
1199 5074 1556 5138 ἀποστόλους,
1586 5076 1682 5127 καὶ
1717 5074 2018 5145 διηγήσατο

438 5169 645 5233 αὐτοῖς,
676 5166 792 5230 πῶς
818 5168 877 5219 ἐν
905 5168 972 5237 τῇ
1003 5165 1110 5235 όδῷ
1143 5162 1248 5219 εἶδε
1282 5167 1372 5218 τὸν
1401 5165 1628 5236 Κύριον,
1664 5167 1759 5218 καὶ
1786 5166 1868 5219 ὅτι
1894 5165 2020 5219 ἐλά-

436 5262 606 5329 λησεν
637 5257 809 5328 αὐτῷ,
866 5259 962 5311 καὶ
999 5258 1120 5333 πῶς
1154 5260 1212 5310 ἐν
1243 5257 1526 5328 Δαμασκῷ
1569 5259 2019 5330 ἐπαρρησιάσατο

440 5352 501 5400 ἐν
548 5348 625 5418 τῷ
673 5350 898 5419 όνόματι
931 5348 1025 5402 τοῦ
1060 5349 1260 5421 Ἰησοῦ.
1294 5351 1404 5403 Καὶ
1433 5345 1502 5421 ἦν
1550 5350 1667 5421 μετ’
1692 5350 1875 5405 αὐτῶν
1899 5353 2018 5405 εἱσ-

442 5440 808 5509 πορευόμενος
845 5441 940 5493 καὶ
961 5441 1394 5510 ἐκπορευόμενος
1424 5444 1504 5504 εἰς
1545 5442 1905 5513 Ἰερουσαλὴμ
1924 5443 2022 5497 καὶ

441 5528 963 5601 παρρησιαζόμενος
995 5530 1053 5581 ἐν
1086 5530 1165 5598 τῷ
1196 5526 1532 5600 όνόματιτοῦ
1570 5532 1775 5603 Κυρίου
1818 5533 2016 5602 Ἰησοῦ,

442 5620 627 5674 ἐλάλει
656 5638 714 5674 τε
742 5623 837 5675 καὶ
884 5620 1168 5692 συνεζήτει
1200 5625 1336 5694 πρὸς
1375 5624 1497 5687 τοὺς
1550 5625 1917 5695 Ἑλληνιστάς.
1952 5628 2017 5680 Οἱ

2123 5077 2355 5132 vidisset
2388 5077 2677 5132 Dominum
2703 5118 2718 5143 ,
2751 5087 2805 5130 et
2837 5078 2966 5147 quia
3003 5077 3220 5133 locutus
3251 5087 3337 5132 est
3365 5078 3437 5140 ei,
3469 5090 3524 5131 et
3557 5090 3698 5146 quo-

2125 5168 2289 5224 modo
2342 5168 2398 5223 in
2453 5169 2723 5224 Damasco
2776 5168 3110 5225 ﬁducialiter
3154 5171 3327 5240 egerit
3376 5169 3430 5222 in
3481 5167 3703 5223 nomine

2124 5258 2276 5317 Jesu.
2312 5260 2377 5314 Et
2410 5269 2682 5316 eratcum
2713 5260 2822 5316 illis
2848 5261 3061 5314 intrans
3085 5270 3140 5314 et
3164 5260 3357 5315 exiens
3388 5259 3441 5313 in
3473 5256 3699 5314 Jerusa-

2124 5352 2261 5419 lem,
2295 5360 2352 5407 et
2394 5352 2723 5407 tlducialiter
2761 5352 3020 5422 agens_in
3052 5349 3278 5405 nomine
3320 5349 3562 5405 Domini.
3598 5347 3704 5404 Lo-

2124 5447 2397 5515 quehatur
2419 5459 2635 5514 quoque
2659 5444 2935 5515 gentibus,
2975 5452 3030 5498 et
3054 5442 3371 5512 disputabat
3403 5456 3526 5497 cum
3551 5439 3703 5496 Grae-

2123 5539 2204 5592 cis
2228 5555 2242 5590 :
2267 5537 2342 5591 illi
2375 5545 2555 5591 autem
2582 5536 2901 5606 quarebant
2928 5534 3182 5590 occidere
3209 5548 3356 5590 eum.
3386 5532 3543 5600 Quod
3573 5548 3699 5589 cum

2121 5631 2509 5700 cognovissent
2538 5629 2758 5696 fratres,
2786 5629 3135 5685 deduxerunt
3158 5642 3284 5685 eum
3313 5627 3618 5686 Caesaream
3642 5634 3701 5683 et

1636 5781 1838 5843 Variae
1878 5782 2184 5847 lectiones
2226 5792 2289 5847 et
2331 5795 2521 5849 notat.

520 5900 566 5952 τ’
596 5897 871 5968 ὀνείρατα.
951 5898 994 5931 ⁷⁷
1022 5895 1290 5963 ἀγγέλων.
