4082 6418
348 310 354 316 ·
416 310 519 374 931
1016 299 1551 385 Exposmoms
1593 297 1675 358 IN
1704 295 1897 356 ACTA
1926 294 2228 358 TEXTUS
2248 297 2519 360 ALTER.
2557 326 2625 339 —-
2662 303 2825 366 CAP.
2858 278 2966 366 1x.
3551 311 3654 374 938

410 426 460 478 οἱ
496 421 603 493 γὰρ
660 420 831 485 ἄλλοι,
887 418 1166 473 τουτέστιν
1220 417 1267 470 οξ
1308 413 1490 485 βαθεῖς
1548 410 1813 479 Ἑϐραῖοι,
1862 406 2012 468 οὐδὲ,

2117 422 2258 476 nare
2286 409 2354 466 ad
2385 411 2561 483 ipsum
2597 413 2812 470 facilem
2848 429 3131 485 accessum
3163 415 3400 474 habebat
3429 415 3650 477 Paulus.

415 515 543 570 ἰδεῖν
567 513 728 569 αὐτὸν
749 511 959 584 ἤθελον.
1058 494 1075 501 δ

2117 517 2118 522 π
2155 494 2507 570 Loquebatur
2538 518 2775 574 quoque.
2815 522 2835 558 ο
2873 506 3199 563 llelleuistas
3237 508 3328 564 hic
3360 519 3517 565 vocat
3549 509 3655 566 lle-

412 612 615 672 braaos.
659 607 750 679 qui
804 608 992 660 Graece
1024 603 1405 675 loquebantur.
1455 601 1520 656 Et
1562 598 1782 670 quidem
1827 590 1986 649 valde
2023 592 2299 662 sapienter
2328 595 2426 663 ait,
2452 596 2678 653 Paulum
2706 599 2774 655 ad
2806 599 2929 658 illos
2955 601 3195 659 locutum
3259 604 3466 663 fuisse:
3531 622 3655 662 nam

410 705 546 761 meri
578 700 787 759 Hebraei
808 714 878 755 ne
905 699 1121 769 quidem
1146 700 1295 753 illum
1325 697 1506 754 videre
1535 694 1899 750 sustinebant.
2437 687 2441 691 ’

366 787 378 817 ¹
1005 793 1256 847 meum.
1285 793 1379 844 lA'.

2670 782 2898 839 CAPUT
2934 783 3071 839 XIV.

411 890 550 960 Περὶ
586 888 766 944 Αἰνέα
792 882 1206 956 παραλυτικοῦ
1236 881 1507 947 ίαθέντος
1555 880 1624 932 ἐν
1651 875 1853 943 Λύδδῃ
1888 872 1985 926 διὰ

2117 873 2166 928 )ε
2182 873 2350 929 (Elaea
2377 885 2564 929 sanato
2585 892 2617 929 τι
2646 875 2807 931 Petro
2844 876 3044 947 Lyddw
3065 894 3084 931 :
3116 877 3204 932 ubi
3239 878 3303 934 de
3333 879 3554 934 Thabita
3575 880 3660 935 di-

486 979 715 1047 Πέτρου
742 994 758 1011 ο
795 978 864 1032 ἐν
900 969 950 1042 ᾧ
973 974 1045 1029 τὰ
1080 973 1212 1042 περὶ
1255 968 1364 1041 τῆς
1409 969 1627 1025 Ταϐιθίί
1645 966 1756 1034 τῆς
1813 965 1986 1033 φιλο-

2163 964 2298 1020 lecta
2330 965 2506 1032 vidua,
2536 982 2692 1033 quam
2726 967 2918 1023 Petrus
2956 970 3197 1026 oratione
3234 988 3263 1026 e
3298 984 3464 1029 morte
3487 973 3657 1030 susci-

482 1068 693 1139 κήρου,
750 1066 829 1136 ἦν
872 1067 1105 1138 ἤγειρεν
1152 1063 1221 1117 ἐκ
1261 1058 1489 1131 νεκρῶν
1539 1062 1572 1113 ὁ
1619 1055 1840 1124 Πέτρος
1888 1050 1987 1106 διὰ

2164 1057 2292 1110 tavit
2318 1054 2500 1126 lappa.

483 1159 835 1230 προσευχῆς
867 1159 937 1212 ἐν
967 1157 1204 1226 Ἰόππῃ.
1688 1140 1691 1143 ἰ

717 1247 797 1318 Τῇ
849 1245 1101 1316 κυριακῇ
1134 1241 1234 1312 τῆς
1270 1246 1317 1308 γ’
1366 1236 1681 1310 ἑϐδομάδος.

2423 1232 2702 1292 Dominica
2737 1237 3091 1295 hebdomadam
3128 1238 3322 1296 tertiae.

1005 1333 1391 1391 KEIMENON.

2720 1330 3024 1388 TEXTUS.

501 1431 753 1501 Ἐγένετο
804 1429 899 1494 δέ,
950 1428 1155 1500 Πέτρον
1184 1424 1563 1506 ’διερχόμενον
1614 1421 1701 1476 διὰ
1751 1420 1989 1481 πάντων,

2163 1416 2255 1484 IX,
2286 1416 2468 1475 52-43.
2493 1417 2717 1475 Factum
2735 1430 2819 1477 est
2844 1431 3057 1488 autem,
3094 1431 3154 1478 ut
3172 1422 3368 1481 Petrus
3383 1425 3513 1481 dum
3543 1440 3665 1497 pcr-

415 1520 698 1577 κατελθεῖν
727 1519 820 1573 καὶ
849 1515 987 1588 πρὸς
1019 1515 1156 1579 τοὺς
1189 1514 1382 1583 ἁγίους
1425 1512 1550 1575 τοὺς
1600 1507 1995 1571 κατοικοῦντας

2120 1511 2353 1565 ransiret
2379 1511 2663 1568 universos
2682 1552 2697 1578 ,
2733 1513 3011 1569 deveniret
3042 1514 3108 1569 ad
3132 1514 3294 1588 242
3313 1525 3539 1574 sanctos
3570 1518 3666 1589 qui

416 1613 646 1667 Λύδδαν.
668 1604 885 1679 Εὖρεδὲ
902 1608 1018 1661 ἐκεῖ
1038 1604 1325 1678 ἄνθρωπόν
1353 1620 1498 1669 τινα,
1529 1600 1751 1672 ὀνόματι
1774 1599 1991 1665 Αἰνέαν,

2117 1601 2413 1658 nabitabant
2452 1601 2671 1675 Lyddze.
2722 1604 2929 1662 Invenit
2998 1614 3179 1662 autem
3246 1606 3321 1663 ibi
3387 1609 3666 1665 hominem

415 1705 478 1770 ἐξ
508 1704 645 1758 ἐτῶν
682 1700 829 1757 ὀκτὼ
888 1698 1284 1771 κατακείμενον
1342 1695 1436 1749 ἐπὶ
1466 1693 1785 1765 κραύὸάτῳ,
1828 1691 1888 1756 ὃς
1924 1686 1994 1761 ἦν

2117 1692 2383 1762 ιυρῐηιίαπι
2415 1694 2637 1750 nomine
2669 1693 2921 1761 Eneam,
2956 1696 3024 1751 ab
3055 1696 3214 1753 annis
3231 1705 3358 1754 octo
3397 1700 3667 1768 iacentem

416 1794 883 1869 παραλελυμένος.
917 1795 1027 1848 Καὶ
1056 1788 1210 1847 εἶπεν
1261 1789 1413 1861 αύτῷ
1436 1790 1464 1844 ὁ
1503 1788 1713 1860 Πέτρος
1743 1800 1759 1817 °
1799 1785 1985 1847 Αἰνέα,

2117 1799 2157 1871 ιι
2179 1785 2427 1855 grabato,
2457 1787 2550 1856 qui
2585 1794 2701 1842 erat
2722 1788 3076 1859 paralyticus.
3123 1788 3192 1844 Et
3225 1789 3404 1862 aitlilli
3433 1788 3669 1846 Petrus:

421 1889 569 1945 ἰᾶταί
627 1905 686 1941 σε
726 1889 755 1941 ό
814 1885 1019 1956 Κύριος
1048 1882 1258 1954 Ἰησοῦς
1290 1881 1525 1953 Χριστός
1549 1898 1563 1914 ο
1598 1879 1863 1947 ἀνάστηθι
1894 1876 1989 1930 καὶ

2117 1869 2303 1938 Enea,
2342 1881 2503 1929 sanat
2543 1882 2595 1929 te
2626 1873 2890 1933 Dominus
2926 1875 3090 1933 Jesus
3128 1878 3384 1934 Christus
3426 1895 3442 1933 :
3484 1894 3672 1949 surge,

420 1980 663 2052 στρῶσον
704 1977 936 2047 σεαυτῷ.
983 1976 1093 2031 Καὶ
1150 1974 1354 2039 εὐθέως
1400 1973 1604 2045 ἀνέστη
1635 1990 1648 2004 ο
1714 1971 1807 2024 καί
1850 1965 1990 2024 εἶδον

2117 1969 2365 2039 :tsterne
2409 1963 2530 2020 tibi.
2592 1964 2657 2019 Et
2694 1966 2958 2022 continuo
3006 1970 3269 2024 surrexit.
3315 1969 3382 2023 Et
3417 1970 3672 2026 viderunt

420 2071 583 2126 αὐτὸν
640 2070 836 2133 πάντες
866 2070 914 2123 οἱ
954 2065 1335 2130 κατοικοῦντες
1384 2064 1592 2119 Λύδδαν
1631 2062 1725 2117 καὶ
1757 2062 1851 2115 τὸν
1887 2061 1992 2115 Σάοο

2117 2070 2217 2109 :um
2255 2070 2449 2112 omnes
2480 2057 2575 2127 qui
2609 2057 2932 2114 habitabant
2965 2058 3166 2131 Lydda:
3196 2068 3251 2115 et
3286 2060 3538 2130 Saronae,
3569 2063 3667 2133 qui

425 2177 599 2236 ρωνα·
626 2161 824 2226 οἵτινες
849 2159 1190 2232 ἐπέστρεψαν
1212 2156 1304 2212 ἐπὶ
1322 2157 1413 2211 τὸν
1434 2144 1661 2226 Κύριον.
1693 2154 1781 2208 Ἐν
1803 2152 1994 2224 Ἰόππῃ

2117 2148 2344 2203 :onversi
2388 2157 2519 2204 sunt
2560 2148 2629 2203 ad
2670 2147 2985 2205 Dominum.
3023 2150 3083 2206 In
3128 2150 3301 2224 Joppe
3342 2161 3527 2209 autem
3570 2153 3673 2208 fuit

419 2256 477 2309 δέ
505 2272 590 2318 τις
620 2250 688 2326 ἦν
721 2253 998 2324 μαθήτρια
1026 2251 1250 2321 ὀνόματι
1283 2247 1516 2313 Ταϐιθὰ,
1550 2247 1585 2318 ἣ
1639 2245 1997 2316 διερμηνευο-

2098 2237 2345 2306 quaedam
2375 2238 2667 2309 discipula,
2702 2242 2926 2299 nomine
2958 2240 3216 2307 Tabitba,
3245 2259 3366 2315 qua:
3403 2246 3676 2315 interpre-

424 2346 561 2417 μένη
588 2346 806 2415 λέγεται
849 2362 867 2396 ι
903 2343 1136 2415 Δορκάς.
1174 2361 1192 2394 ι
1229 2339 1377 2409 Α’ύτη
1410 2335 1480 2411 ἦν
1517 2338 1734 2410 πλήρης
1777 2335 1999 2404 ἀγαθῶν

2117 2336 2210 2382 .ata
2237 2328 2440 2383 dicitur
2472 2328 2698 2387 Dorcas.
2734 2330 2858 2387 Haec
2886 2342 3005 2388 erat
3034 2333 3194 2404 plena
3221 2335 3482 2405 operibus
3515 2336 3675 2392 bonis

423 2439 600 2513 ἔργων
653 2439 749 2492 καὶ
796 2434 1179 2507 ἐλεημοσυνῶν
1212 2427 1287 2487 ὧν
1340 2432 1536 2486 ἐποίει.
1568 2424 1820 2500 Ἐγένετο
1847 2430 1902 2482 δὲ
1942 2431 2001 2482 ἐν

422 2534 543 2594 ταῖς
570 2531 809 2602 ἡμέραις
873 2528 1136 2591 ἐκείναις,
1170 2525 1548 2597 ἀσθενήσασαν
1589 2522 1758 2594 αὐτὴν
1800 2521 2004 2576 ἀποθα-

426 2623 556 2673 νεῖν.
612 2619 919 2682 Λούσαντες
958 2617 1016 2673 δὲ
1071 2616 1243 2689 αὐτὴν
1279 2615 1486 2687 ἔθηκαν
1536 2617 1594 2669 ἐν
1627 2615 1707 2686 τῷ
1748 2611 2000 2684 ὑπερῴῳ.

439 2714 634 2782 Ἐγγὺς
687 2713 743 2765 δὲ
788 2710 954 2783 οὔσης
1014 2710 1225 2781 Λύδδης
1284 2711 1352 2782 τῇ
1403 2710 1619 2780 Ἰόππῃ,
1666 2709 1716 2764 οἱ
1763 2705 2006 2778 μαθηταὶ

430 2788 793 2872 ἀκούσαντες,
820 2805 901 2859 ὅτι
954 2803 1162 2874 Πέτρος
1199 2801 1347 2855 ἐστὶν
1373 2803 1432 2855 ἐν
1473 2801 1640 2871 αὐτῇ,
1675 2797 2007 2853 ἀπέστειλαν

430 2897 526 2952 δύο
544 2898 746 2968 ἄνδρας
775 2895 911 2968 πρὸς
941 2895 1126 2959 αὐτὸν,
1175 2892 1619 2966 παρακαλοῦντες
1667 2893 1741 2963 μὴ
1779 2890 2007 2959 ὀκνῆσαι

428 2989 657 3044 διελθεῖν
682 2988 789 3052 ἕως
815 2987 1020 3041 αὐτῶν.
1051 2987 1317 3048 Ἀναστὰς
1363 2983 1420 3038 δὲ
1480 2982 1686 3053 Πέτρος
1743 2979 2007 3051 συνῆλθεν

431 3080 615 3144 αὐτοῖς
635 3096 649 3111 ·
673 3079 733 3132 ὃν
750 3077 1496 3151 παραγενόμενονηανήγαγον
1531 3076 1609 3138 εἰς
1639 3073 1702 3127 τὸ
1737 3071 2007 3146 ὑπερῷον,

2102 2428 2156 2474 et
2188 2420 2556 2494 eleemosynis
2586 2438 2724 2494 quas
2754 2423 3013 2481 faciebat.
3042 2424 3270 2482 Factum
3304 2437 3387 2483 est
3408 2438 3589 2484 autem
3619 2428 3675 2484 in

2103 2511 2300 2570 diebus
2331 2514 2461 2582 illis,
2496 2524 2555 2570 ut
2585 2515 2859 2573 inﬁrmata
2884 2530 3212 2575 moreretur.
3249 2518 3422 2587 Quam
3446 2536 3570 2576 cum
3599 2522 3681 2575 la--

2104 2604 2318 2661 vissent
2366 2617 2664 2675 posuerunt
2711 2602 2829 2663 eam
2873 2610 2928 2664 in
2972 2612 3280 2667 caenaculo.
3322 2613 3458 2669 Cum
3495 2623 3678 2668 autem

2104 2712 2278 2767 prope
2314 2705 2462 2754 esset
2499 2697 2683 2767 Lydda
2710 2701 2778 2755 ad
2812 2698 3021 2774 Joppen
3043 2742 3058 2769 ,
3092 2703 3349 2775 discipuli
3385 2706 3677 2762 audientes

2105 2787 2232 2856 quia
2272 2789 2472 2844 Petrus
2503 2798 2651 2846 esset
2695 2792 2751 2845 in
2796 2807 2890 2859 ea,
2937 2794 3210 2850 miserunt
3248 2797 3390 2852 duos
3431 2796 3578 2853 viros
3607 2799 3673 2852 ad

2106 2893 2256 2944 eum,
2288 2890 2548 2951 rogantes
2573 2900 2588 2936 :
2615 2881 2698 2939 Ne
2724 2883 3001 2955 pigriteris
3030 2888 3218 2942 venire
3247 2903 3419 2958 usque
3449 2890 3516 2944 ad
3556 2903 3678 2944 nos.

2107 2972 2421 3044 Exsurgens
2461 2982 2641 3030 autem
2686 2975 2882 3034 Petrus
2924 2980 3074 3034 venit
3116 2997 3239 3036 cum
3282 2982 3415 3037 illis.
3450 2984 3515 3037 Et
3555 2997 3681 3038 cum

2109 3063 2454 3128 advenisset,
2497 3063 2948 3138 duxeruntjllum
2985 3070 3040 3125 in
3082 3073 3449 3140 cmnaculum,
3482 3081 3538 3128 et
3567 3075 3683 3129 cir-

431 3171 527 3224 xa‘t
554 3150 908 3241 παρέστησαν
948 3167 1097 3239 αύτῷ
1139 3170 1312 3221 πᾶσαι
1373 3166 1430 3220 αἱ
1480 3167 1645 3238 χῆραι
1698 3164 2007 3229 κλαίουσαι,

2117 3164 2515 3211 eumsteterunt
2558 3157 2710 3212 illum
2754 3173 2946 3218 omnes
2974 3162 3150 3218 vidua:
3175 3150 3381 3221 ﬁentes.
3408 3176 3461 3221 et
3502 3176 3685 3223 osten.

431 3261 527 3316 καὶ
559 3261 1003 3331 ἐπιδεικνύμεναι
1038 3260 1272 3331 χιτῶνας
1334 3259 1424 3314 καὶ
1472 3260 1660 3330 ἱμάτια
1687 3259 1788 3312 ὅσα
1836 3258 2009 3313 ἐποίει

436 3355 555 3424 μετ’
586 3352 766 3408 αὐτῶν
794 3349 930 3407 οὖσα
963 3354 998 3425 ἡ
1029 3352 1260 3423 Δορκάς.
1291 3349 1572 3405 Ἐκϐαλὼν
1602 3351 1658 3405 δέ
1684 3350 1785 3416 ἔξω
1804 3351 2012 3415 πάντας

432 3449 462 3500 ό
495 3446 721 3518 Πέτρος,
754 3449 849 3499 καὶ
872 3445 986 3507 θεὶς
1013 3443 1083 3497 τὰ
1113 3443 1315 3513 γόνατα
1343 3442 1694 3515 προσηύξατο
1714 3459 1729 3476 °
1762 3444 1857 3498 καὶ
1887 3445 2010 3496 ἐπι-

434 3538 673 3608 στρέψας
727 3537 867 3607 πρδς
905 3535 968 3589 τὸ
1011 3536 1207 3607 σῶμα,
1245 3531 1401 3590 εἷπε·
1443 3534 1678 3602 Ταὸιθὰ,
1718 3534 2008 3606 ἀνάστηθι.

447 3629 513 3681 Ἦ
541 3628 599 3681 δὲ
620 3627 824 3699 ἠνέῳξε
862 3628 988 3690 τοὺς
1021 3626 1332 3698 ὀφθαλμοὺς
1359 3626 1554 3696 αὐτῆς,
1579 3626 1672 3679 καὶ
1711 3625 1893 3679 ἰδοῦσα
1919 3627 2013 3679 τὸν

437 3721 673 3792 Πέτρον,
711 3719 1024 3774 ἁνεκάθισε.
1059 3719 1193 3782 Δοὺς
1227 3718 1283 3772 δὲ
1331 3719 1470 3789 αὐτῇ
1511 3721 1670 3789 χεῖρα
1715 3717 2012 3787 ἀνέστησεν

436 3812 606 3884 αὐτὴν
629 3812 832 3876 ζῶσαν.
896 3810 1141 3863 Γνωστὸν
1193 3809 1249 3862 δὲ
1297 3809 1539 3877 ἐγένετο.
1577 3807 1700 3861 καθ’
1739 3807 1868 3877 ὅλης
1909 3806 2012 3874 τῆς

449 3905 707 3975 Ἰόππης·
741 3904 837 3956 καὶ
899 3901 1086 3956 πολλοὶ
1141 3900 1472 3954 ἐπίστευσαν
1512 3899 1603 3953 ἐπὶ
1643 3899 1734 3951 τὸν
1783 3896 2008 3967 Κύριον.

449 3996 697 4065 Ἐγένετο
726 3995 783 4048 δέ
808 3995 1021 4065 ἡμέρας
1059 3992 1252 4056 ἱκανὰς
1293 3994 1476 4063 μεῖναι
1527 3990 1693 4046 αὐτὸν
1734 3990 1795 4046 ἐν
1816 3988 2011 4060 Ἰόππῃ

439 4087 593 4154 παρὰ
616 4102 721 4139 τινι
752 4084 956 4155 Σίμωνι
993 4082 1201 4154 βυρσεῖ.

1036 4172 1414 4227 ΕΡΜΗΝΕΙΑ.
1542 4165 1577 4189 ⁸

515 4268 632 4325 Οὐκ
663 4268 916 4339 ἀνέμεινε
946 4266 1046 4340 τὴν
1073 4266 1256 4319 πίστιν
1284 4263 1380 4318 τοῦ
1407 4263 1619 4334 ἀνδρὸς,
1648 4264 1767 4316 οὐδὲ
1790 4261 2014 4335 ἠρώτη-

444 4379 562 4427 σεν,
621 4361 672 4413 εί
719 4358 965 4430 βούλοιτο
1022 4354 1466 4428 θεραπευθῆναι⁹
1523 4352 1675 4407 οὔπω
1712 4352 1820 4425 γὰρ
1875 4348 2016 4424 ἦσαν

439 4452 720 4524 τεκμήρια
754 4453 854 4521 τῆς
888 4447 1093 4512 οἰκείας
1139 4445 1518 4517 παρασχόντες
1576 4445 1879 4516 δυνάμεως.
1925 4444 2018 4496 Εἰ-

2113 3244 2308 3301 dentes
2345 3246 2393 3301 ei
2427 3246 2642 3303 tunicas
2672 3257 2728 3305 et
2760 3258 2942 3307 vestes
2971 3267 3109 3321 quas
3139 3253 3372 3310 faciebat
3407 3256 3513 3313 illis
3551 3257 3686 3313 Dor-

2113 3352 2229 3393 eas.
2268 3334 2470 3408 Ejectis
2506 3347 2688 3395 autem
2727 3344 2984 3401 omnibus
3020 3343 3201 3410 foras,
3238 3346 3432 3404 Petrus
3473 3364 3684 3420 ponens

2112 3444 2289 3501 genua
2325 3434 2539 3487 oravit:
2572 3440 2626 3489 et
2651 3448 2954 3493 conversus
2986 3438 3053 3493 ad
3084 3452 3286 3511 corpus
3310 3441 3486 3498 dixit:
3517 3440 3688 3498 Tabi-

2112 3522 2245 3590 tba,
2287 3538 2473 3596 surge.
2525 3524 2595 3580 At
2643 3526 2734 3580 illa
2783 3531 2997 3599 aperuit
3040 3532 3233 3588 oculos
3274 3549 3442 3603 suos,
3483 3542 3538 3590 et
3570 3536 3688 3592 viso

2114 3614 2298 3683 Petro,
2323 3618 2552 3673 resedit.
2583 3620 2729 3675 Dans
2755 3633 2939 3676 autem
2971 3622 3050 3676 illi
3076 3640 3317 3691 manum,
3349 3628 3521 3681 erexit
3542 3642 3684 3683 eam.

2114 3707 2333 3763 Etcum
2370 3719 2625 3764 vocasset
2656 3720 2883 3766 sanctos
2906 3719 2960 3767 et
2985 3713 3200 3779 viduas,
3238 3718 3538 3787 assignavit
3563 3734 3685 3774 eam

2113 3797 2315 3852 vivam.
2363 3797 2564 3854 Notum
2612 3812 2795 3856 autem
2849 3803 3054 3859 faenum
3096 3818 3182 3863 est
3227 3824 3325 3878 per
3373 3811 3685 3867 universam

2111 3888 2359 3961 Joppen;
2407 3898 2461 3946 et
2491 3892 2847 3950 crediderunt
2893 3897 3049 3951 multi
3085 3898 3140 3952 in
3168 3899 3420 3959 Domino.
3459 3903 3687 3960 Factum

2114 3993 2199 4039 est
2222 3991 2427 4052 autem,
2457 3993 2517 4039 ut
2546 3985 2662 4041 dies
2689 3987 2892 4043 multos
2916 3999 3223 4047 moraretur
3246 3993 3299 4047 in
3322 3991 3514 4067 Joppe,
3545 3998 3687 4068 apud

2119 4073 2398 4129 SimOnem
2428 4075 2720 4146 quemdam
2753 4078 3073 4135 coriarium.

2621 4164 3196 4227 COMMENTARIUS.

2192 4258 2385 4314 Petrus
2416 4259 2564 4315 haud
2599 4261 2937 4330 exspectavit
2967 4260 3125 4318 ﬁdem
3160 4264 3472 4337 paralytiei,
3513 4282 3692 4340 neque

2122 4349 2498 4420 interrogavit,
2524 4364 2653 4403 num
2679 4365 2849 4407 sanus
2880 4351 2995 4407 ﬁeri
3024 4352 3216 4422 vellet;
3248 4357 3690 4428 quandoquidem

2123 4455 2190 4497 eo
2210 4441 2314 4495 loci
2358 4439 2506 4494 nulla
2548 4440 2727 4494 adhuc
2763 4440 3051 4495 ediderant
3095 4446 3329 4511 apostoli
3369 4458 3691 4516 argumenta

443 4504 823 4609 κότίοέτοίνυν
850 4543 953 4595 οὐκ
997 4504 1262 4612 ἀπῃτεῖτο
1413 4539 1596 4591 πίστιν
1626 4540 1654 4590 ό
1689 4538 1828 4608 ἁνήρ
1856 4553 1869 4565 ·
1893 4537 2012 4590 οὐδὲ

2122 4533 2410 4603 petestatis
2458 4545 2562 4601 qua
2614 4530 2800 4586 donati
2846 4541 3023 4586 erant.
3064 4531 3317 4603 Congrue
3368 4504 3537 4606 igitur
3582 4554 3694 4594 non

444 4639 557 4711 γὰρ
585 4637 675 4691 τὸν
703 4636 873 4707 χωλὸν
895 4634 1204 4705 ἀπῄτησαν.
1231 4631 1483 4685 Μάλιστα
1512 4630 1608 4700 μὲν
1638 4628 1729 4683 οὖν
1757 4630 1854 4683 καὶ
1878 4629 2017 4700 πρὸς

445 4730 657 4785 πολλῶν
711 4725 1060 4799 παράκλησιν
1112 4724 1331 4792 ἐγένετο
1381 4723 1441 4775 τὸ
1495 4721 1714 4792 θαῦμα⁶
1748 4720 2018 4791 ἐπίσημος

445 4823 559 4894 γὰρ
581 4818 649 4892 ἦν
684 4824 713 4875 ὁ
741 4823 903 4892 ἁνήρ.
934 4818 1199 4889 Καθάπερ
1231 4811 1324 4870 οὖν
1358 4818 1387 4869 ὁ
1420 4816 1675 4883 Χριστὸς,
1713 4812 2019 4884 ἀρχόμενος

442 4916 558 4970 τῶν
586 4915 846 4984 σημείων,
883 4913 983 4965 οὐκ
1022 4908 1219 4980 ἀπῄτει
1250 4908 1432 4960 πίστιν
1453 4922 1464 4936 ⁸
1497 4906 1670 4969 οὕτως
1699 4906 1822 4959 οὐδὲ
1847 4901 2014 4960 οὗτοι.

459 5005 550 5058 Ἐν
586 5001 980 5073 Ἰεροσολύμοις
1014 5000 1112 5071 μὲν
1142 4999 1249 5066 γὰρ
1281 4997 1503 5059 εἰκότως
1542 4998 1575 5065 ή
1617 4994 1798 5059 πίστις
1835 4996 2016 5048 αὐτῶν

376 5162 381 5163 ν
446 5098 791 5166 προετείνετο,
850 5094 939 5146 ἶνα
971 5111 989 5143 ι
1025 5091 1354 5161 Ἐρχομένου
1421 5089 1515 5141 τοῦ
1572 5087 1798 5155 Πέτρου,
1835 5088 1941 5140 κᾶν
1982 5088 2017 5157 ἠ

449 5183 581 5237 σκιὰ
636 5181 803 5236 αὐτοῦ
849 5181 1147 5250 ἐπισκιάσῃ
1199 5180 1307 5232 τινὶ
1361 5178 1560 5233 αὐτῶν.
1615 5196 1633 5229 ι
1678 5177 1859 5231 Πολλὰ
1905 5176 2017 5248 γὰρ

447 5274 670 5340 ἐγένετο
711 5274 829 5325 ἐκεῖ
880 5274 1116 5342 σημεῖα·
1171 5268 1411 5324 ἐνταῦθα
1463 5269 1542 5333 δὲ,
1597 5267 1757 5322 τοῦτο
1803 5270 2020 5340 πρῶτον

446 5364 723 5419 ἐπιϐαίνει
765 5363 832 5435 [ι’.
864 5362 1197 5434 συμϐαίνει].
1229 5362 1310 5414 Τὰ
1344 5361 1442 5431 μὲν
1473 5362 1582 5430 γὰρ
1608 5359 1715 5413 τῶν
1755 5361 2020 5432 σημείων,

451 5456 596 5529 ὑπὲρ
631 5455 726 5509 τοῦ
761 5456 890 5518 τοὺς
913 5454 1104 5517 ἄλλους
1132 5451 1536 5507 ἐπισπάσασθαι
1569 5452 1784 5519 ἐγένετο
1803 5469 1816 5482 ·
1846 5452 1915 5506 τὰ
1943 5453 2022 5522 δὲ,

450 5550 549 5606 καὶ
579 5549 719 5620 ὑπὲρ
742 5549 839 5618 τῆς
870 5549 981 5601 τῶν
1031 5547 1398 5600 πιστευόντων
1439 5546 1857 5618 παρακλήσεως.
1884 5566 1903 5599 ι
1935 5548 2024 5602 Ἐν

463 5643 659 5711 Ἰόππῃ
675 5640 754 5692 δέ.
789 5657 807 5691 ι
845 5638 1128 5691 Δείκνυσιν
1159 5638 1241 5690 ὅτι
1265 5638 1603 5707 φερωνύμως
1647 5638 1787 5709 αὐτὴ
1821 5635 1889 5709 ἦν
1930 5642 2026 5693 καὶ

449 5727 792 5801 ὲγρηγορυῖα
825 5726 920 5779 καὶ
943 5725 1192 5794 νήφουσα
1226 5724 1414 5783 ὥσπερ
1443 5726 1639 5804 δορκας
1666 5744 1677 5756 ⁸
1723 5729 1890 5781 πολλὰ
1914 5731 2021 5803 γὰρ

774 5823 1040 5882 ιἈτιιοι..
1072 5819 1187 5882 Gn.
1226 5821 1467 5884 CXXV.

2122 4621 2292 4695 exigit
2322 4624 2479 4678 ﬁdem
2517 4625 2586 4678 ab
2628 4624 2722 4679 illo
2746 4624 2884 4687 viro,
2909 4623 3051 4679 sicut
3084 4638 3261 4694 neque
3292 4640 3324 4680 a
3358 4629 3554 4684 claudo
3592 4648 3687 4685 an-

2124 4726 2208 4773 tea
2238 4730 2511 4789 exegerat.
2545 4717 2897 4772 Potissimum
2931 4716 3099 4788 igitur
3131 4717 3199 4772 ad
3231 4718 3461 4774 aliorum
3491 4737 3691 4778 conso-

2125 4809 2385 4866 lationem
2434 4808 2639 4864 factum
2687 4820 2771 4864 est
2813 4809 3137 4864 miraculum
3189 4809 3324 4866 illud
3363 4830 3376 4866 :
3421 4813 3692 4882 siquidem

2128 4901 2366 4957 celebris
2390 4907 2508 4953 erat
2545 4900 2628 4953 vir
2657 4899 2767 4954 ille.
2800 4896 3007 4969 Itaque,
3043 4901 3503 4970 quemadmodum
3536 4900 3696 4958 Chri-

2128 5002 2247 5047 stus
2270 4991 2556 5058 Dominus,
2583 5004 2705 5046 cum
2737 4993 2890 5058 signa
2918 4990 3101 5048 facere
3131 4994 3364 5064 occepit,
3396 4994 3555 5050 ﬁdem
3586 5012 3695 5050 non

2129 5085 2511 5156 praeexigebat,
2546 5086 2627 5141 sic
2666 5098 2767 5138 nec
2799 5084 3049 5152 apostoli.
3080 5084 3150 5139 At
3186 5084 3540 5157 Jerosolymis
3568 5103 3701 5143 con-
3750 5096 3759 5099 “

2132 5195 2268 5252 grue
2305 5179 2440 5235 ﬁdes
2470 5178 2829 5250 praecedebat,
2860 5183 2922 5230 ut
2959 5195 2979 5229 ι
3016 5178 3340 5233 adveniente
3370 5178 3556 5244 Petro,
3591 5180 3702 5233 sal-

2136 5281 2240 5328 tem
2267 5272 2459 5327 umbra
2482 5269 2632 5326 illius
2653 5268 3010 5325 obumbraret
3032 5281 3359 5338 quemquam
3384 5267 3602 5322 illorum
3628 5284 3641 5322 :
3674 5288 3694 5320 ι

2132 5364 2303 5418 multa
2339 5363 2483 5418 enim
2524 5361 2658 5418 inibi
2700 5359 2857 5429 signa
2899 5358 3042 5414 facta
3071 5359 3184 5429 jam
3216 5356 3467 5422 fuerant;
3506 5366 3563 5413 at
3594 5358 3702 5411 isto

2133 5455 2187 5508 in
2222 5454 2341 5508 loco
2358 5454 2603 5521 primum
2631 5458 2770 5508 erat.
2810 5449 3069 5516 Quaedam
3099 5450 3244 5505 enim
3279 5448 3435 5519 signa
3474 5449 3540 5504 ad
3573 5447 3698 5503 inﬁ—

2130 5545 2283 5600 deles
2317 5545 2383 5598 ad
2424 5542 2579 5597 ﬁdem
2613 5541 2953 5607 trahendos;
2986 5540 3091 5594 alia
3128 5540 3194 5594 ad
3235 5539 3473 5594 ﬁdelium
3506 5555 3699 5595 conso-

2130 5638 2390 5690 lationem
2423 5634 2643 5689 ﬁcbant.
2685 5654 2703 5684 ι
2742 5633 2798 5687 In
2828 5631 2999 5702 Joppe
3024 5641 3231 5685 autem.
3272 5651 3291 5683 ι
3337 5632 3516 5687 lnnuit
3547 5634 3702 5703 puel-

2128 5732 2232 5785 lam
2280 5729 2427 5786 illam
2469 5727 2622 5798 juxta
2669 5726 2753 5781 sui
2807 5724 3046 5781 nominis
3095 5724 3237 5789 vim,
3287 5724 3593 5793 vigilantem
3644 5734 3699 5779 et.

3285 5820 3360 5877 3U
