  <div class='ocr_page' id='page_1' title='image "/cluster/home/n/w/nwhite01/storage/ocr_20150623/125:no.3/coo.31924054870302/477.png"; bbox 0 0 4082 6412; ppageno 0'>
   <div class='ocr_carea' id='block_1_1' title="bbox 470 331 574 394">
    <p class='ocr_par' dir='ltr' id='par_1_1' title="bbox 470 331 574 394">
     <span class='ocr_line' id='line_1_1' title="bbox 470 331 574 394; baseline 0.01 -2"><span class='ocrx_word' id='word_1_1' title='bbox 470 331 574 394; x_wconf 76' lang='grc'><strong>039</strong></span> 
     </span>
    </p>
   </div>
   <div class='ocr_carea' id='block_1_2' title="bbox 1392 319 2800 390">
    <p class='ocr_par' dir='ltr' id='par_1_2' title="bbox 1392 319 2800 390">
     <span class='ocr_line' id='line_1_2' title="bbox 1392 319 2800 390; baseline -0.007 0"><span class='ocrx_word' id='word_1_2' title='bbox 1392 324 1965 390; x_wconf 76' lang='lat' dir='ltr'><strong>TIIEOPHYI.ACTI</strong></span> <span class='ocrx_word' id='word_1_3' title='bbox 2008 319 2416 385; x_wconf 70' lang='lat' dir='ltr'><strong>BUI.GAR13§</strong></span> <span class='ocrx_word' id='word_1_4' title='bbox 2447 320 2644 380; x_wconf 77' lang='lat' dir='ltr'><strong>ARCH</strong></span> <span class='ocrx_word' id='word_1_5' title='bbox 2662 323 2674 379; x_wconf 90' lang='lat' dir='ltr'><strong>l</strong></span> <span class='ocrx_word' id='word_1_6' title='bbox 2693 319 2800 380; x_wconf 85' lang='lat' dir='ltr'><strong>EP.</strong></span> 
     </span>
    </p>
   </div>
   <div class='ocr_carea' id='block_1_3' title="bbox 3622 322 3729 383">
    <p class='ocr_par' dir='ltr' id='par_1_3' title="bbox 3622 322 3729 383">
     <span class='ocr_line' id='line_1_3' title="bbox 3622 322 3729 383; baseline -0.009 0"><span class='ocrx_word' id='word_1_7' title='bbox 3622 322 3685 383; x_wconf 53' lang='lat'><strong>9.5</strong></span> <span class='ocrx_word' id='word_1_8' title='bbox 3696 328 3729 382; x_wconf 74' lang='lat'>0</span> 
     </span>
    </p>
   </div>
   <div class='ocr_carea' id='block_1_4' title="bbox 466 429 2026 511">
    <p class='ocr_par' dir='ltr' id='par_1_4' title="bbox 466 436 2026 511">
     <span class='ocr_line' id='line_1_4' title="bbox 466 436 2026 511; baseline -0.006 -14"><span class='ocrx_word' id='word_1_9' title='bbox 466 442 709 499; x_wconf 81' lang='lat' dir='ltr'><strong>sobriam</strong></span> <span class='ocrx_word' id='word_1_10' title='bbox 753 437 960 504; x_wconf 84' lang='lat' dir='ltr'><strong>fuisse,</strong></span> <span class='ocrx_word' id='word_1_11' title='bbox 1006 437 1164 496; x_wconf 90' lang='lat' dir='ltr'><strong>sicuti</strong></span> <span class='ocrx_word' id='word_1_12' title='bbox 1210 454 1466 511; x_wconf 83' lang='lat' dir='ltr'><strong>capream</strong></span> <span class='ocrx_word' id='word_1_13' title='bbox 1507 437 1661 509; x_wconf 85' lang='lat' dir='ltr'><strong>(l7):</strong></span> <span class='ocrx_word' id='word_1_14' title='bbox 1714 445 1841 492; x_wconf 92' lang='lat' dir='ltr'><strong>sunt</strong></span> <span class='ocrx_word' id='word_1_15' title='bbox 1888 436 2026 490; x_wconf 86' lang='lat' dir='ltr'><strong>enim</strong></span> 
     </span>
    </p>
   </div>
   <div class='ocr_carea' id='block_1_5' title="bbox 2130 429 3725 511">
    <p class='ocr_par' dir='ltr' id='par_1_5' title="bbox 2141 429 3725 503">
     <span class='ocr_line' id='line_1_5' title="bbox 2141 429 3725 503; baseline -0.001 -16"><span class='ocrx_word' id='word_1_16' title='bbox 2141 433 2235 487; x_wconf 65' lang='grc' dir='ltr'><strong>καὶ</strong></span> <span class='ocrx_word' id='word_1_17' title='bbox 2310 431 2668 503; x_wconf 75' lang='grc' dir='ltr'><strong>οἰκονομικῶς</strong></span> <span class='ocrx_word' id='word_1_18' title='bbox 2719 431 2957 502; x_wconf 68' lang='grc' dir='ltr'>ὀνόματα</span> <span class='ocrx_word' id='word_1_19' title='bbox 3020 429 3266 497; x_wconf 77' lang='grc' dir='ltr'><strong>τίθεται,</strong></span> <span class='ocrx_word' id='word_1_20' title='bbox 3327 430 3589 502; x_wconf 80' lang='grc' dir='ltr'>δηλοῦντα</span> <span class='ocrx_word' id='word_1_21' title='bbox 3660 437 3725 503; x_wconf 80' lang='grc' dir='ltr'>τῇ</span> 
     </span>
    </p>
   </div>
   <div class='ocr_carea' id='block_1_6' title="bbox 466 527 2045 604">
    <p class='ocr_par' dir='ltr' id='par_1_6' title="bbox 466 527 2045 604">
     <span class='ocr_line' id='line_1_6' title="bbox 466 527 2045 604; baseline -0.004 -16"><span class='ocrx_word' id='word_1_22' title='bbox 466 533 635 589; x_wconf 87' lang='lat' dir='ltr'><strong>multa</strong></span> <span class='ocrx_word' id='word_1_23' title='bbox 705 534 925 588; x_wconf 89' lang='lat' dir='ltr'><strong>nomina</strong></span> <span class='ocrx_word' id='word_1_24' title='bbox 983 534 1058 587; x_wconf 88' lang='lat' dir='ltr'><strong>ita</strong></span> <span class='ocrx_word' id='word_1_25' title='bbox 1120 533 1346 604; x_wconf 87' lang='lat' dir='ltr'><strong>provide</strong></span> <span class='ocrx_word' id='word_1_26' title='bbox 1401 531 1698 601; x_wconf 86' lang='lat' dir='ltr'><strong>imposita,</strong></span> <span class='ocrx_word' id='word_1_27' title='bbox 1766 537 1825 583; x_wconf 91' lang='lat' dir='ltr'><strong>ut</strong></span> <span class='ocrx_word' id='word_1_28' title='bbox 1875 527 2045 583; x_wconf 78' lang='lat' dir='ltr'><strong>deno-</strong></span> 
     </span>
    </p>
   </div>
   <div class='ocr_carea' id='block_1_7' title="bbox 468 622 2043 698">
    <p class='ocr_par' dir='ltr' id='par_1_7' title="bbox 468 622 2043 698">
     <span class='ocr_line' id='line_1_7' title="bbox 468 622 2043 698; baseline -0.004 -19"><span class='ocrx_word' id='word_1_29' title='bbox 468 626 694 681; x_wconf 87' lang='lat' dir='ltr'><strong>minatio</strong></span> <span class='ocrx_word' id='word_1_30' title='bbox 759 624 919 698; x_wconf 59' lang='lat'><strong>243</strong></span> <span class='ocrx_word' id='word_1_31' title='bbox 980 641 1226 697; x_wconf 74' lang='lat' dir='ltr'><strong>personae</strong></span> <span class='ocrx_word' id='word_1_32' title='bbox 1298 625 1681 697; x_wconf 88' lang='lat' dir='ltr'><strong>proprietatem</strong></span> <span class='ocrx_word' id='word_1_33' title='bbox 1734 622 2043 691; x_wconf 86' lang='lat' dir='ltr'><strong>subsequa-</strong></span> 
     </span>
    </p>
   </div>
   <div class='ocr_carea' id='block_1_8' title="bbox 467 714 2039 789">
    <p class='ocr_par' dir='ltr' id='par_1_8' title="bbox 467 714 2039 789">
     <span class='ocr_line' id='line_1_8' title="bbox 467 714 2039 789; baseline -0.004 -18"><span class='ocrx_word' id='word_1_34' title='bbox 467 728 578 774; x_wconf 90' lang='lat' dir='ltr'><strong>tur.</strong></span> <span class='ocrx_word' id='word_1_35' title='bbox 621 736 639 769; x_wconf 79' lang='grc' dir='ltr'><strong>ι</strong></span> <span class='ocrx_word' id='word_1_36' title='bbox 684 716 931 789; x_wconf 75' lang='lat' dir='ltr'><strong>Contigit</strong></span> <span class='ocrx_word' id='word_1_37' title='bbox 956 727 1136 773; x_wconf 84' lang='lat' dir='ltr'><strong>autem</strong></span> <span class='ocrx_word' id='word_1_38' title='bbox 1180 725 1241 772; x_wconf 91' lang='lat' dir='ltr'><strong>ut</strong></span> <span class='ocrx_word' id='word_1_39' title='bbox 1296 732 1361 772; x_wconf 85' lang='lat' dir='ltr'><strong>ca</strong></span> <span class='ocrx_word' id='word_1_40' title='bbox 1402 714 1675 770; x_wconf 85' lang='lat' dir='ltr'><strong>infirmata</strong></span> <span class='ocrx_word' id='word_1_41' title='bbox 1714 719 2039 770; x_wconf 73' lang='lat' dir='ltr'><strong>moreretur.</strong></span> 
     </span>
    </p>
   </div>
   <div class='ocr_carea' id='block_1_9' title="bbox 466 805 2043 879">
    <p class='ocr_par' dir='ltr' id='par_1_9' title="bbox 466 805 2043 879">
     <span class='ocr_line' id='line_1_9' title="bbox 466 805 2043 879; baseline -0.005 -16"><span class='ocrx_word' id='word_1_42' title='bbox 466 809 638 874; x_wconf 82' lang='lat' dir='ltr'><strong>Quam</strong></span> <span class='ocrx_word' id='word_1_43' title='bbox 670 824 795 865; x_wconf 90' lang='lat' dir='ltr'><strong>eum</strong></span> <span class='ocrx_word' id='word_1_44' title='bbox 826 809 1109 864; x_wconf 86' lang='lat' dir='ltr'><strong>lavissent.</strong></span> <span class='ocrx_word' id='word_1_45' title='bbox 1135 828 1153 861; x_wconf 73' lang='grc' dir='ltr'><strong>ι</strong></span> <span class='ocrx_word' id='word_1_46' title='bbox 1175 808 1388 872; x_wconf 81' lang='lat' dir='ltr'><strong>Omnia,</strong></span> <span class='ocrx_word' id='word_1_47' title='bbox 1415 821 1533 878; x_wconf 66' lang='lat' dir='ltr'><strong>quae</strong></span> <span class='ocrx_word' id='word_1_48' title='bbox 1560 806 1624 860; x_wconf 89' lang='lat' dir='ltr'><strong>ad</strong></span> <span class='ocrx_word' id='word_1_49' title='bbox 1652 805 1816 860; x_wconf 89' lang='lat' dir='ltr'><strong>funus</strong></span> <span class='ocrx_word' id='word_1_50' title='bbox 1843 818 2043 879; x_wconf 81' lang='lat' dir='ltr'><strong>curan—</strong></span> 
     </span>
    </p>
   </div>
   <div class='ocr_carea' id='block_1_10' title="bbox 464 895 2041 971">
    <p class='ocr_par' dir='ltr' id='par_1_10' title="bbox 464 895 2041 971">
     <span class='ocr_line' id='line_1_10' title="bbox 464 895 2041 971; baseline -0.004 -16"><span class='ocrx_word' id='word_1_51' title='bbox 464 901 594 957; x_wconf 91' lang='lat' dir='ltr'><strong>dum</strong></span> <span class='ocrx_word' id='word_1_52' title='bbox 618 900 953 971; x_wconf 83' lang='lat' dir='ltr'><strong>spectabant,</strong></span> <span class='ocrx_word' id='word_1_53' title='bbox 973 901 1204 971; x_wconf 90' lang='lat' dir='ltr'><strong>primum</strong></span> <span class='ocrx_word' id='word_1_54' title='bbox 1234 898 1482 955; x_wconf 87' lang='lat' dir='ltr'><strong>fecerunt</strong></span> <span class='ocrx_word' id='word_1_55' title='bbox 1522 916 1534 951; x_wconf 88' lang='lat'>:</span> <span class='ocrx_word' id='word_1_56' title='bbox 1569 906 1682 951; x_wconf 91' lang='lat' dir='ltr'><strong>tum</strong></span> <span class='ocrx_word' id='word_1_57' title='bbox 1718 910 1845 951; x_wconf 85' lang='lat' dir='ltr'><strong>vero</strong></span> <span class='ocrx_word' id='word_1_58' title='bbox 1870 895 2041 950; x_wconf 81' lang='lat' dir='ltr'><strong>misso</strong></span> 
     </span>
    </p>
   </div>
   <div class='ocr_carea' id='block_1_11' title="bbox 463 990 2040 1060">
    <p class='ocr_par' dir='ltr' id='par_1_11' title="bbox 463 990 2040 1060">
     <span class='ocr_line' id='line_1_11' title="bbox 463 990 2040 1060; baseline -0.004 -13"><span class='ocrx_word' id='word_1_59' title='bbox 463 993 677 1057; x_wconf 88' lang='lat' dir='ltr'><strong>nuntio,</strong></span> <span class='ocrx_word' id='word_1_60' title='bbox 729 990 945 1047; x_wconf 83' lang='lat' dir='ltr'><strong>Petrum</strong></span> <span class='ocrx_word' id='word_1_61' title='bbox 975 1000 1264 1047; x_wconf 82' lang='lat' dir='ltr'><strong>accersunt</strong></span> <span class='ocrx_word' id='word_1_62' title='bbox 1306 1009 1318 1044; x_wconf 92' lang='lat'><strong>:</strong></span> <span class='ocrx_word' id='word_1_63' title='bbox 1348 990 1493 1060; x_wconf 78' lang='lat' dir='ltr'><strong>quod</strong></span> <span class='ocrx_word' id='word_1_64' title='bbox 1527 997 1820 1059; x_wconf 79' lang='lat' dir='ltr'><strong>antequam</strong></span> <span class='ocrx_word' id='word_1_65' title='bbox 1858 1000 2040 1041; x_wconf 89' lang='lat' dir='ltr'><strong>more-</strong></span> 
     </span>
    </p>
   </div>
   <div class='ocr_carea' id='block_1_12' title="bbox 464 1080 2042 1151">
    <p class='ocr_par' dir='ltr' id='par_1_12' title="bbox 464 1080 2042 1151">
     <span class='ocr_line' id='line_1_12' title="bbox 464 1080 2042 1151; baseline -0.004 -17"><span class='ocrx_word' id='word_1_66' title='bbox 464 1091 615 1136; x_wconf 81' lang='lat' dir='ltr'><strong>retur</strong></span> <span class='ocrx_word' id='word_1_67' title='bbox 634 1080 809 1137; x_wconf 84' lang='lat' dir='ltr'><strong>l‘acere</strong></span> <span class='ocrx_word' id='word_1_68' title='bbox 822 1081 1135 1148; x_wconf 87' lang='lat' dir='ltr'><strong>noluerunt,</strong></span> <span class='ocrx_word' id='word_1_69' title='bbox 1154 1080 1296 1134; x_wconf 88' lang='lat' dir='ltr'><strong>haud</strong></span> <span class='ocrx_word' id='word_1_70' title='bbox 1311 1094 1527 1151; x_wconf 81' lang='lat' dir='ltr'><strong>:equum</strong></span> <span class='ocrx_word' id='word_1_71' title='bbox 1544 1086 1797 1148; x_wconf 87' lang='lat' dir='ltr'><strong>putantes</strong></span> <span class='ocrx_word' id='word_1_72' title='bbox 1819 1082 2042 1146; x_wconf 82' lang='lat' dir='ltr'><strong>propter</strong></span> 
     </span>
    </p>
   </div>
   <div class='ocr_carea' id='block_1_13' title="bbox 463 1170 2037 1241">
    <p class='ocr_par' dir='ltr' id='par_1_13' title="bbox 463 1170 2037 1241">
     <span class='ocr_line' id='line_1_13' title="bbox 463 1170 2037 1241; baseline -0.005 -15"><span class='ocrx_word' id='word_1_73' title='bbox 463 1170 779 1241; x_wconf 75' lang='lat' dir='ltr'><strong>liujusmodi</strong></span> <span class='ocrx_word' id='word_1_74' title='bbox 820 1170 1111 1241; x_wconf 77' lang='lat' dir='ltr'><strong>discipulis</strong></span> <span class='ocrx_word' id='word_1_75' title='bbox 1148 1170 1460 1226; x_wconf 86' lang='lat' dir='ltr'><strong>molestiam</strong></span> <span class='ocrx_word' id='word_1_76' title='bbox 1503 1183 1713 1234; x_wconf 89' lang='lat' dir='ltr'><strong>creare,</strong></span> <span class='ocrx_word' id='word_1_77' title='bbox 1771 1179 1978 1235; x_wconf 87' lang='lat' dir='ltr'><strong>eosque</strong></span> <span class='ocrx_word' id='word_1_78' title='bbox 2008 1180 2037 1218; x_wconf 91' lang='lat' dir='ltr'><strong>a</strong></span> 
     </span>
    </p>
   </div>
   <div class='ocr_carea' id='block_1_14' title="bbox 461 1256 2036 1334">
    <p class='ocr_par' dir='ltr' id='par_1_14' title="bbox 461 1256 2036 1334">
     <span class='ocr_line' id='line_1_14' title="bbox 461 1256 2036 1334; baseline -0.004 -19"><span class='ocrx_word' id='word_1_79' title='bbox 461 1262 857 1334; x_wconf 66' lang='lat' dir='ltr'><strong>praedicatione</strong></span> <span class='ocrx_word' id='word_1_80' title='bbox 910 1277 1163 1317; x_wconf 81' lang='lat' dir='ltr'><strong>avocare.</strong></span> <span class='ocrx_word' id='word_1_81' title='bbox 1219 1262 1284 1315; x_wconf 80' lang='lat' dir='ltr'><strong>Et</strong></span> <span class='ocrx_word' id='word_1_82' title='bbox 1319 1260 1526 1315; x_wconf 90' lang='lat' dir='ltr'><strong>idcirco</strong></span> <span class='ocrx_word' id='word_1_83' title='bbox 1582 1258 1748 1314; x_wconf 88' lang='lat' dir='ltr'><strong>etiam</strong></span> <span class='ocrx_word' id='word_1_84' title='bbox 1790 1256 2036 1319; x_wconf 89' lang='lat' dir='ltr'><strong>adnotat,</strong></span> 
     </span>
    </p>
   </div>
   <div class='ocr_carea' id='block_1_15' title="bbox 374 1349 2038 1427">
    <p class='ocr_par' dir='ltr' id='par_1_15' title="bbox 374 1349 2038 1427">
     <span class='ocr_line' id='line_1_15' title="bbox 374 1349 2038 1427; baseline -0.008 -12"><span class='ocrx_word' id='word_1_85' title='bbox 374 1402 392 1415; x_wconf 73' lang='grc'><strong>.</strong></span> <span class='ocrx_word' id='word_1_86' title='bbox 460 1354 607 1426; x_wconf 89' lang='lat' dir='ltr'><strong>quod</strong></span> <span class='ocrx_word' id='word_1_87' title='bbox 648 1374 666 1406; x_wconf 76' lang='grc' dir='ltr'><strong>ι</strong></span> <span class='ocrx_word' id='word_1_88' title='bbox 693 1370 861 1425; x_wconf 87' lang='lat' dir='ltr'><strong>prope</strong></span> <span class='ocrx_word' id='word_1_89' title='bbox 884 1363 1004 1411; x_wconf 87' lang='lat' dir='ltr'><strong>erat</strong></span> <span class='ocrx_word' id='word_1_90' title='bbox 1046 1352 1232 1427; x_wconf 87' lang='lat' dir='ltr'><strong>Lydda</strong></span> <span class='ocrx_word' id='word_1_91' title='bbox 1273 1352 1340 1407; x_wconf 90' lang='lat' dir='ltr'><strong>ad</strong></span> <span class='ocrx_word' id='word_1_92' title='bbox 1372 1351 1583 1423; x_wconf 86' lang='lat' dir='ltr'><strong>Joppen</strong></span> <span class='ocrx_word' id='word_1_93' title='bbox 1620 1367 1632 1403; x_wconf 92' lang='lat'><strong>:</strong></span> <span class='ocrx_word' id='word_1_94' title='bbox 1670 1369 1688 1403; x_wconf 74' lang='grc' dir='ltr'><strong>ι</strong></span> <span class='ocrx_word' id='word_1_95' title='bbox 1721 1362 1892 1421; x_wconf 89' lang='lat' dir='ltr'><strong>quare</strong></span> <span class='ocrx_word' id='word_1_96' title='bbox 1926 1349 2038 1402; x_wconf 88' lang='lat' dir='ltr'><strong>vel-</strong></span> 
     </span>
    </p>
   </div>
   <div class='ocr_carea' id='block_1_16' title="bbox 461 1440 2032 1516">
    <p class='ocr_par' dir='ltr' id='par_1_16' title="bbox 461 1440 2032 1516">
     <span class='ocr_line' id='line_1_16' title="bbox 461 1440 2032 1516; baseline -0.006 -15"><span class='ocrx_word' id='word_1_97' title='bbox 461 1457 522 1503; x_wconf 93' lang='lat' dir='ltr'><strong>ut</strong></span> <span class='ocrx_word' id='word_1_98' title='bbox 579 1446 871 1516; x_wconf 82' lang='lat' dir='ltr'><strong>quamdam</strong></span> <span class='ocrx_word' id='word_1_99' title='bbox 931 1448 1119 1516; x_wconf 90' lang='lat' dir='ltr'><strong>operis</strong></span> <span class='ocrx_word' id='word_1_100' title='bbox 1152 1443 1509 1514; x_wconf 81' lang='lat' dir='ltr'><strong>appendicem</strong></span> <span class='ocrx_word' id='word_1_101' title='bbox 1557 1440 1607 1497; x_wconf 89' lang='lat' dir='ltr'><strong>id</strong></span> <span class='ocrx_word' id='word_1_102' title='bbox 1632 1440 2032 1512; x_wconf 83' lang='lat' dir='ltr'><strong>postulabant:</strong></span> 
     </span>
    </p>
   </div>
   <div class='ocr_carea' id='block_1_17' title="bbox 454 1529 2037 1608">
    <p class='ocr_par' dir='ltr' id='par_1_17' title="bbox 454 1529 2037 1608">
     <span class='ocr_line' id='line_1_17' title="bbox 454 1529 2037 1608; baseline -0.006 -15"><span class='ocrx_word' id='word_1_103' title='bbox 454 1549 576 1594; x_wconf 86' lang='lat' dir='ltr'><strong>erat</strong></span> <span class='ocrx_word' id='word_1_104' title='bbox 633 1539 779 1592; x_wconf 90' lang='lat' dir='ltr'><strong>enim</strong></span> <span class='ocrx_word' id='word_1_105' title='bbox 826 1537 1118 1608; x_wconf 87' lang='lat' dir='ltr'><strong>discipula.</strong></span> <span class='ocrx_word' id='word_1_106' title='bbox 1178 1535 1321 1602; x_wconf 83' lang='lat' dir='ltr'><strong>Quid</strong></span> <span class='ocrx_word' id='word_1_107' title='bbox 1382 1535 1551 1605; x_wconf 80' lang='lat' dir='ltr'><strong>igitur</strong></span> <span class='ocrx_word' id='word_1_108' title='bbox 1608 1529 1852 1587; x_wconf 79' lang='lat' dir='ltr'><strong>Petrus?</strong></span> <span class='ocrx_word' id='word_1_109' title='bbox 1888 1530 2037 1585; x_wconf 85' lang='lat' dir='ltr'><strong>Cun-</strong></span> 
     </span>
    </p>
   </div>
   <div class='ocr_carea' id='block_1_18' title="bbox 456 1624 2032 1697">
    <p class='ocr_par' dir='ltr' id='par_1_18' title="bbox 456 1624 2032 1697">
     <span class='ocr_line' id='line_1_18' title="bbox 456 1624 2032 1697; baseline -0.004 -13"><span class='ocrx_word' id='word_1_110' title='bbox 456 1638 577 1685; x_wconf 86' lang='lat' dir='ltr'><strong>ctos</strong></span> <span class='ocrx_word' id='word_1_111' title='bbox 602 1629 749 1683; x_wconf 78' lang='lat' dir='ltr'><strong>foras</strong></span> <span class='ocrx_word' id='word_1_112' title='bbox 783 1628 954 1697; x_wconf 79' lang='lat' dir='ltr'><strong>ejicit,</strong></span> <span class='ocrx_word' id='word_1_113' title='bbox 985 1643 1051 1682; x_wconf 87' lang='lat' dir='ltr'><strong>ne</strong></span> <span class='ocrx_word' id='word_1_114' title='bbox 1082 1626 1327 1682; x_wconf 84' lang='lat' dir='ltr'><strong>ﬂentium</strong></span> <span class='ocrx_word' id='word_1_115' title='bbox 1358 1624 1616 1696; x_wconf 73' lang='lat' dir='ltr'><strong>lacrymis</strong></span> <span class='ocrx_word' id='word_1_116' title='bbox 1639 1637 1704 1678; x_wconf 87' lang='lat' dir='ltr'><strong>ac</strong></span> <span class='ocrx_word' id='word_1_117' title='bbox 1740 1624 2032 1694; x_wconf 76' lang='lat' dir='ltr'><strong>gemitibus</strong></span> 
     </span>
    </p>
   </div>
   <div class='ocr_carea' id='block_1_19' title="bbox 456 1713 2026 1789">
    <p class='ocr_par' dir='ltr' id='par_1_19' title="bbox 456 1713 2026 1789">
     <span class='ocr_line' id='line_1_19' title="bbox 456 1713 2026 1789; baseline -0.006 -14"><span class='ocrx_word' id='word_1_118' title='bbox 456 1720 894 1789; x_wconf 85' lang='lat' dir='ltr'><strong>pertmbaretur.</strong></span> <span class='ocrx_word' id='word_1_119' title='bbox 960 1737 979 1769; x_wconf 75' lang='grc' dir='ltr'><strong>ι</strong></span> <span class='ocrx_word' id='word_1_120' title='bbox 1026 1717 1243 1773; x_wconf 82' lang='lat' dir='ltr'><strong>Ponens</strong></span> <span class='ocrx_word' id='word_1_121' title='bbox 1292 1723 1474 1771; x_wconf 91' lang='lat' dir='ltr'><strong>autem</strong></span> <span class='ocrx_word' id='word_1_122' title='bbox 1522 1729 1699 1785; x_wconf 85' lang='lat' dir='ltr'><strong>genua</strong></span> <span class='ocrx_word' id='word_1_123' title='bbox 1751 1713 1965 1777; x_wconf 87' lang='lat' dir='ltr'><strong>oravit;</strong></span> <span class='ocrx_word' id='word_1_124' title='bbox 2006 1732 2026 1765; x_wconf 73' lang='grc' dir='ltr'><strong>ι</strong></span> 
     </span>
    </p>
   </div>
   <div class='ocr_carea' id='block_1_20' title="bbox 3701 482 3727 503">
    <p class='ocr_par' dir='ltr' id='par_1_20' title="bbox 3701 482 3727 503">
     <span class='ocr_line' id='line_1_20' title="bbox 3701 482 3727 503; baseline 0 0"><span class='ocrx_word' id='word_1_125' title='bbox 3701 482 3727 503; x_wconf 63' lang='grc' dir='ltr'><strong>ιι</strong></span> 
     </span>
    </p>
   </div>
   <div class='ocr_carea' id='block_1_21' title="bbox 2148 519 3731 596">
    <p class='ocr_par' dir='ltr' id='par_1_21' title="bbox 2148 519 3731 596">
     <span class='ocr_line' id='line_1_21' title="bbox 2148 519 3731 596; baseline 0 -19"><span class='ocrx_word' id='word_1_126' title='bbox 2148 523 2399 596; x_wconf 51' lang='grc' dir='ltr'><strong>ἐνεργείᾳ⁴</strong></span> <span class='ocrx_word' id='word_1_127' title='bbox 2439 524 2538 593; x_wconf 77' lang='grc' dir='ltr'><strong>τὴν</strong></span> <span class='ocrx_word' id='word_1_128' title='bbox 2584 524 2958 593; x_wconf 77' lang='grc' dir='ltr'><strong>προσηγορίαν</strong></span> <span class='ocrx_word' id='word_1_129' title='bbox 3005 519 3428 579; x_wconf 84' lang='grc' dir='ltr'>ἀκολουθοῦσαν.</span> <span class='ocrx_word' id='word_1_130' title='bbox 3465 542 3485 575; x_wconf 71' lang='grc' dir='ltr'>ί</span> <span class='ocrx_word' id='word_1_131' title='bbox 3521 524 3731 592; x_wconf 72' lang='grc' dir='ltr'>Συνέϐη</span> 
     </span>
    </p>
   </div>
   <div class='ocr_carea' id='block_1_22' title="bbox 2144 617 3727 689">
    <p class='ocr_par' dir='ltr' id='par_1_22' title="bbox 2144 617 3727 689">
     <span class='ocr_line' id='line_1_22' title="bbox 2144 617 3727 689; baseline -0.001 -17"><span class='ocrx_word' id='word_1_132' title='bbox 2144 620 2366 685; x_wconf 83' lang='grc' dir='ltr'>τοίνυν,</span> <span class='ocrx_word' id='word_1_133' title='bbox 2428 617 2634 687; x_wconf 81' lang='grc' dir='ltr'>ταύτην</span> <span class='ocrx_word' id='word_1_134' title='bbox 2703 621 3140 689; x_wconf 71' lang='grc' dir='ltr'>ἀρῤωστήσασαν</span> <span class='ocrx_word' id='word_1_135' title='bbox 3222 618 3535 672; x_wconf 81' lang='grc' dir='ltr'><strong>ἀποθανεῖν.</strong></span> <span class='ocrx_word' id='word_1_136' title='bbox 3587 619 3727 673; x_wconf 85' lang='grc' dir='ltr'>Δού-</span> 
     </span>
    </p>
   </div>
   <div class='ocr_carea' id='block_1_23' title="bbox 2147 710 3722 782">
    <p class='ocr_par' dir='ltr' id='par_1_23' title="bbox 2147 710 3722 782">
     <span class='ocr_line' id='line_1_23' title="bbox 2147 710 3722 782; baseline -0.002 -17"><span class='ocrx_word' id='word_1_137' title='bbox 2147 727 2336 774; x_wconf 81' lang='grc' dir='ltr'>σαντες</span> <span class='ocrx_word' id='word_1_138' title='bbox 2379 710 2436 763; x_wconf 76' lang='grc' dir='ltr'>δὲ</span> <span class='ocrx_word' id='word_1_139' title='bbox 2470 711 2660 781; x_wconf 79' lang='grc' dir='ltr'>αὑτήν.</span> <span class='ocrx_word' id='word_1_140' title='bbox 2697 729 2715 762; x_wconf 78' lang='grc' dir='ltr'><strong>ι</strong></span> <span class='ocrx_word' id='word_1_141' title='bbox 2749 710 2830 763; x_wconf 80' lang='grc' dir='ltr'><strong>Τὰ</strong></span> <span class='ocrx_word' id='word_1_142' title='bbox 2876 712 2965 763; x_wconf 74' lang='grc' dir='ltr'><strong>ἐπὶ</strong></span> <span class='ocrx_word' id='word_1_143' title='bbox 2995 710 3176 782; x_wconf 83' lang='grc' dir='ltr'>νεκρῷ</span> <span class='ocrx_word' id='word_1_144' title='bbox 3228 711 3407 765; x_wconf 85' lang='grc' dir='ltr'>πάντα</span> <span class='ocrx_word' id='word_1_145' title='bbox 3437 712 3722 780; x_wconf 73' lang='grc' dir='ltr'>ἐποίησαν,</span> 
     </span>
    </p>
   </div>
   <div class='ocr_carea' id='block_1_24' title="bbox 2145 802 3727 875">
    <p class='ocr_par' dir='ltr' id='par_1_24' title="bbox 2145 802 3727 875">
     <span class='ocr_line' id='line_1_24' title="bbox 2145 802 3727 875; baseline 0.001 -18"><span class='ocrx_word' id='word_1_146' title='bbox 2145 803 2240 857; x_wconf 74' lang='grc' dir='ltr'><strong>καὶ</strong></span> <span class='ocrx_word' id='word_1_147' title='bbox 2258 804 2378 856; x_wconf 68' lang='grc' dir='ltr'>τότε</span> <span class='ocrx_word' id='word_1_148' title='bbox 2409 802 2854 866; x_wconf 79' lang='grc' dir='ltr'><strong>ἀποστείλαντες,</strong></span> <span class='ocrx_word' id='word_1_149' title='bbox 2894 803 3331 872; x_wconf 85' lang='grc' dir='ltr'>μετακαλοῦνται</span> <span class='ocrx_word' id='word_1_150' title='bbox 3357 804 3582 875; x_wconf 80' lang='grc' dir='ltr'>Πέτρον.</span> <span class='ocrx_word' id='word_1_151' title='bbox 3611 806 3727 858; x_wconf 74' lang='grc' dir='ltr'>Οὐκ</span> 
     </span>
    </p>
   </div>
   <div class='ocr_carea' id='block_1_25' title="bbox 2144 895 3727 968">
    <p class='ocr_par' dir='ltr' id='par_1_25' title="bbox 2144 895 3727 968">
     <span class='ocr_line' id='line_1_25' title="bbox 2144 895 3727 968; baseline 0.001 -21"><span class='ocrx_word' id='word_1_152' title='bbox 2144 895 2409 965; x_wconf 79' lang='grc' dir='ltr'>ἐποίησαν</span> <span class='ocrx_word' id='word_1_153' title='bbox 2434 896 2490 950; x_wconf 80' lang='grc' dir='ltr'>δὲ</span> <span class='ocrx_word' id='word_1_154' title='bbox 2520 895 2677 948; x_wconf 89' lang='grc' dir='ltr'>τοῦτο</span> <span class='ocrx_word' id='word_1_155' title='bbox 2707 895 2814 966; x_wconf 81' lang='grc' dir='ltr'><strong>πρὸ</strong></span> <span class='ocrx_word' id='word_1_156' title='bbox 2842 896 2935 948; x_wconf 86' lang='grc' dir='ltr'><strong>τοῦ</strong></span> <span class='ocrx_word' id='word_1_157' title='bbox 2961 895 3277 960; x_wconf 78' lang='grc' dir='ltr'>ἀποθανεῖν,</span> <span class='ocrx_word' id='word_1_158' title='bbox 3309 896 3529 964; x_wconf 81' lang='grc' dir='ltr'>ἀνάξιον</span> <span class='ocrx_word' id='word_1_159' title='bbox 3559 896 3727 968; x_wconf 82' lang='grc' dir='ltr'>ἡγού-</span> 
     </span>
    </p>
   </div>
   <div class='ocr_carea' id='block_1_26' title="bbox 2145 986 3723 1059">
    <p class='ocr_par' dir='ltr' id='par_1_26' title="bbox 2145 986 3723 1059">
     <span class='ocr_line' id='line_1_26' title="bbox 2145 986 3723 1059; baseline 0.001 -20"><span class='ocrx_word' id='word_1_160' title='bbox 2145 1003 2299 1058; x_wconf 86' lang='grc' dir='ltr'>μενοι</span> <span class='ocrx_word' id='word_1_161' title='bbox 2340 987 2480 1058; x_wconf 77' lang='grc' dir='ltr'>ὑπὲρ</span> <span class='ocrx_word' id='word_1_162' title='bbox 2534 987 2643 1040; x_wconf 84' lang='grc' dir='ltr'>τῶν</span> <span class='ocrx_word' id='word_1_163' title='bbox 2682 986 2955 1040; x_wconf 77' lang='grc' dir='ltr'>’τοιούτων</span> <span class='ocrx_word' id='word_1_164' title='bbox 2992 987 3244 1040; x_wconf 86' lang='grc' dir='ltr'>σκύλλειν</span> <span class='ocrx_word' id='word_1_165' title='bbox 3274 990 3403 1052; x_wconf 82' lang='grc' dir='ltr'>τοὺς</span> <span class='ocrx_word' id='word_1_166' title='bbox 3445 988 3723 1059; x_wconf 75' lang='grc' dir='ltr'>μαθητὰς,</span> 
     </span>
    </p>
   </div>
   <div class='ocr_carea' id='block_1_27' title="bbox 2141 1077 3727 1150">
    <p class='ocr_par' dir='ltr' id='par_1_27' title="bbox 2141 1077 3727 1150">
     <span class='ocr_line' id='line_1_27' title="bbox 2141 1077 3727 1150; baseline 0.001 -20"><span class='ocrx_word' id='word_1_167' title='bbox 2141 1079 2235 1132; x_wconf 72' lang='grc' dir='ltr'><strong>καὶ</strong></span> <span class='ocrx_word' id='word_1_168' title='bbox 2268 1077 2361 1132; x_wconf 91' lang='grc' dir='ltr'><strong>τοῦ</strong></span> <span class='ocrx_word' id='word_1_169' title='bbox 2410 1078 2768 1149; x_wconf 73' lang='grc' dir='ltr'><strong>κηρύγματος</strong></span> <span class='ocrx_word' id='word_1_170' title='bbox 2809 1081 3109 1150; x_wconf 77' lang='grc' dir='ltr'>παρασπᾷν</span> <span class='ocrx_word' id='word_1_171' title='bbox 3133 1096 3147 1111; x_wconf 78' lang='grc' dir='ltr'><strong>ο</strong></span> <span class='ocrx_word' id='word_1_172' title='bbox 3178 1080 3302 1132; x_wconf 71' lang='grc' dir='ltr'>ἐπεὶ</span> <span class='ocrx_word' id='word_1_173' title='bbox 3326 1081 3429 1133; x_wconf 78' lang='grc' dir='ltr'>καὶ</span> <span class='ocrx_word' id='word_1_174' title='bbox 3455 1080 3544 1134; x_wconf 82' lang='grc' dir='ltr'>διὰ</span> <span class='ocrx_word' id='word_1_175' title='bbox 3565 1081 3727 1133; x_wconf 85' lang='grc' dir='ltr'>τοῦτο</span> 
     </span>
    </p>
   </div>
   <div class='ocr_carea' id='block_1_28' title="bbox 2138 1166 3724 1245">
    <p class='ocr_par' dir='ltr' id='par_1_28' title="bbox 2138 1166 3724 1245">
     <span class='ocr_line' id='line_1_28' title="bbox 2138 1166 3724 1245; baseline 0.004 -24"><span class='ocrx_word' id='word_1_176' title='bbox 2138 1169 2311 1235; x_wconf 86' lang='grc' dir='ltr'>λέγει,</span> <span class='ocrx_word' id='word_1_177' title='bbox 2350 1170 2432 1222; x_wconf 79' lang='grc' dir='ltr'>ὅτι</span> <span class='ocrx_word' id='word_1_178' title='bbox 2469 1189 2487 1222; x_wconf 78' lang='grc' dir='ltr'><strong>ι</strong></span> <span class='ocrx_word' id='word_1_179' title='bbox 2524 1171 2724 1239; x_wconf 72' lang='grc' dir='ltr'>Ἐγγὺς</span> <span class='ocrx_word' id='word_1_180' title='bbox 2772 1166 2861 1241; x_wconf 73' lang='grc' dir='ltr'><strong>ἦν.</strong></span> <span class='ocrx_word' id='word_1_181' title='bbox 2898 1190 2915 1223; x_wconf 77' lang='grc' dir='ltr'><strong>ι</strong></span> <span class='ocrx_word' id='word_1_182' title='bbox 2950 1171 3038 1224; x_wconf 81' lang='grc' dir='ltr'>Ἑν</span> <span class='ocrx_word' id='word_1_183' title='bbox 3091 1172 3241 1239; x_wconf 81' lang='grc' dir='ltr'>τάξει</span> <span class='ocrx_word' id='word_1_184' title='bbox 3284 1172 3396 1244; x_wconf 73' lang='grc' dir='ltr'><strong>γὰρ</strong></span> <span class='ocrx_word' id='word_1_185' title='bbox 3442 1174 3724 1245; x_wconf 78' lang='grc' dir='ltr'>παρέργου</span> 
     </span>
    </p>
   </div>
   <div class='ocr_carea' id='block_1_29' title="bbox 2138 1258 3722 1337">
    <p class='ocr_par' dir='ltr' id='par_1_29' title="bbox 2138 1258 3722 1337">
     <span class='ocr_line' id='line_1_29' title="bbox 2138 1258 3722 1337; baseline 0.006 -25"><span class='ocrx_word' id='word_1_186' title='bbox 2138 1258 2297 1313; x_wconf 82' lang='grc' dir='ltr'>τοῦτο</span> <span class='ocrx_word' id='word_1_187' title='bbox 2326 1260 2445 1330; x_wconf 77' lang='grc' dir='ltr'>ἤτοι</span> <span class='ocrx_word' id='word_1_188' title='bbox 2486 1261 2531 1293; x_wconf 72' lang='grc' dir='ltr'>θ’</span> <span class='ocrx_word' id='word_1_189' title='bbox 2552 1278 2566 1291; x_wconf 81' lang='grc'><em>’</em></span> <span class='ocrx_word' id='word_1_190' title='bbox 2600 1262 2879 1333; x_wconf 73' lang='grc' dir='ltr'>μαθήτρια</span> <span class='ocrx_word' id='word_1_191' title='bbox 2910 1263 3017 1337; x_wconf 77' lang='grc' dir='ltr'>γὰρ</span> <span class='ocrx_word' id='word_1_192' title='bbox 3054 1259 3144 1333; x_wconf 72' lang='grc' dir='ltr'><strong>ἦν.</strong></span> <span class='ocrx_word' id='word_1_193' title='bbox 3187 1264 3252 1317; x_wconf 87' lang='grc' dir='ltr'><strong>Τί</strong></span> <span class='ocrx_word' id='word_1_194' title='bbox 3281 1260 3375 1318; x_wconf 78' lang='grc' dir='ltr'><strong>οὖν</strong></span> <span class='ocrx_word' id='word_1_195' title='bbox 3400 1267 3427 1318; x_wconf 81' lang='grc' dir='ltr'><strong>ὁ</strong></span> <span class='ocrx_word' id='word_1_196' title='bbox 3469 1266 3676 1337; x_wconf 74' lang='grc' dir='ltr'>Πέτρος</span> <span class='ocrx_word' id='word_1_197' title='bbox 3707 1285 3722 1330; x_wconf 89' lang='lat'><strong>;</strong></span> 
     </span>
    </p>
   </div>
   <div class='ocr_carea' id='block_1_30' title="bbox 2139 1349 3724 1424">
    <p class='ocr_par' dir='ltr' id='par_1_30' title="bbox 2139 1349 3724 1424">
     <span class='ocr_line' id='line_1_30' title="bbox 2139 1349 3724 1424; baseline 0.004 -23"><span class='ocrx_word' id='word_1_198' title='bbox 2139 1349 2355 1413; x_wconf 80' lang='grc' dir='ltr'>Πάντας</span> <span class='ocrx_word' id='word_1_199' title='bbox 2415 1350 2668 1404; x_wconf 79' lang='grc' dir='ltr'>ἐκϐάλλει</span> <span class='ocrx_word' id='word_1_200' title='bbox 2713 1351 2818 1415; x_wconf 76' lang='grc' dir='ltr'><strong>ἔξω</strong></span> <span class='ocrx_word' id='word_1_201' title='bbox 2888 1352 3030 1405; x_wconf 78' lang='grc' dir='ltr'>ὥστε</span> <span class='ocrx_word' id='word_1_202' title='bbox 3094 1352 3170 1423; x_wconf 82' lang='grc' dir='ltr'><strong>μὴ</strong></span> <span class='ocrx_word' id='word_1_203' title='bbox 3223 1353 3561 1424; x_wconf 74' lang='grc' dir='ltr'>συγχυθῆναι</span> <span class='ocrx_word' id='word_1_204' title='bbox 3609 1360 3724 1419; x_wconf 80' lang='grc' dir='ltr'>τοῖς</span> 
     </span>
    </p>
   </div>
   <div class='ocr_carea' id='block_1_31' title="bbox 2136 1440 3720 1515">
    <p class='ocr_par' dir='ltr' id='par_1_31' title="bbox 2136 1440 3720 1515">
     <span class='ocr_line' id='line_1_31' title="bbox 2136 1440 3720 1515; baseline 0.004 -22"><span class='ocrx_word' id='word_1_205' title='bbox 2136 1440 2388 1513; x_wconf 80' lang='grc' dir='ltr'>δάκρυσι,</span> <span class='ocrx_word' id='word_1_206' title='bbox 2424 1442 2561 1514; x_wconf 79' lang='grc' dir='ltr'>μηδὲ</span> <span class='ocrx_word' id='word_1_207' title='bbox 2605 1442 3057 1515; x_wconf 80' lang='grc' dir='ltr'>διαταραχθῆναι,</span> <span class='ocrx_word' id='word_1_208' title='bbox 3098 1464 3114 1495; x_wconf 78' lang='grc' dir='ltr'><strong>ι</strong></span> <span class='ocrx_word' id='word_1_209' title='bbox 3140 1445 3278 1509; x_wconf 74' lang='grc' dir='ltr'>’θεὶς</span> <span class='ocrx_word' id='word_1_210' title='bbox 3306 1446 3362 1500; x_wconf 80' lang='grc' dir='ltr'>δὲ</span> <span class='ocrx_word' id='word_1_211' title='bbox 3390 1448 3458 1500; x_wconf 69' lang='grc' dir='ltr'>τὰ</span> <span class='ocrx_word' id='word_1_212' title='bbox 3490 1447 3720 1515; x_wconf 71' lang='grc' dir='ltr'>γόνατα.</span> 
     </span>
    </p>
   </div>
   <div class='ocr_carea' id='block_1_32' title="bbox 2137 1533 3720 1609">
    <p class='ocr_par' dir='ltr' id='par_1_32' title="bbox 2137 1533 3720 1609">
     <span class='ocr_line' id='line_1_32' title="bbox 2137 1533 3720 1609; baseline 0.004 -23"><span class='ocrx_word' id='word_1_213' title='bbox 2137 1533 2504 1606; x_wconf 71' lang='grc' dir='ltr'>προσηύξατο.</span> <span class='ocrx_word' id='word_1_214' title='bbox 2553 1554 2571 1588; x_wconf 71' lang='grc' dir='ltr'><strong>ι</strong></span> <span class='ocrx_word' id='word_1_215' title='bbox 2617 1536 2689 1588; x_wconf 82' lang='grc' dir='ltr'><strong>Οὐ</strong></span> <span class='ocrx_word' id='word_1_216' title='bbox 2748 1536 2926 1590; x_wconf 79' lang='grc' dir='ltr'>πάντα</span> <span class='ocrx_word' id='word_1_217' title='bbox 2961 1537 3071 1608; x_wconf 77' lang='grc' dir='ltr'>γὰρ</span> <span class='ocrx_word' id='word_1_218' title='bbox 3107 1536 3244 1607; x_wconf 79' lang='grc' dir='ltr'><strong>μετὰ</strong></span> <span class='ocrx_word' id='word_1_219' title='bbox 3282 1538 3382 1607; x_wconf 74' lang='grc' dir='ltr'><strong>τῆς</strong></span> <span class='ocrx_word' id='word_1_220' title='bbox 3426 1540 3596 1609; x_wconf 76' lang='grc' dir='ltr'>αὐτῆς</span> <span class='ocrx_word' id='word_1_221' title='bbox 3628 1541 3720 1592; x_wconf 81' lang='grc' dir='ltr'><strong>εὖ-</strong></span> 
     </span>
    </p>
   </div>
   <div class='ocr_carea' id='block_1_33' title="bbox 2136 1623 3722 1698">
    <p class='ocr_par' dir='ltr' id='par_1_33' title="bbox 2136 1623 3722 1698">
     <span class='ocr_line' id='line_1_33' title="bbox 2136 1623 3722 1698; baseline 0.003 -23"><span class='ocrx_word' id='word_1_222' title='bbox 2136 1623 2322 1686; x_wconf 82' lang='grc' dir='ltr'>κολίας</span> <span class='ocrx_word' id='word_1_223' title='bbox 2369 1625 2437 1678; x_wconf 72' lang='grc' dir='ltr'><strong>τὰ</strong></span> <span class='ocrx_word' id='word_1_224' title='bbox 2493 1627 2692 1696; x_wconf 78' lang='grc' dir='ltr'>σημεῖα</span> <span class='ocrx_word' id='word_1_225' title='bbox 2740 1626 2958 1680; x_wconf 75' lang='grc' dir='ltr'>ἐποίουν</span> <span class='ocrx_word' id='word_1_226' title='bbox 2993 1643 3007 1656; x_wconf 87' lang='grc'><strong>·</strong></span> <span class='ocrx_word' id='word_1_227' title='bbox 3054 1623 3175 1680; x_wconf 81' lang='grc' dir='ltr'>εἶτα</span> <span class='ocrx_word' id='word_1_228' title='bbox 3227 1629 3483 1698; x_wconf 80' lang='grc' dir='ltr'><strong>φωνήσας</strong></span> <span class='ocrx_word' id='word_1_229' title='bbox 3514 1630 3722 1695; x_wconf 72' lang='grc' dir='ltr'>αὐτὴν,</span> 
     </span>
    </p>
   </div>
   <div class='ocr_carea' id='block_1_34' title="bbox 2137 1715 3722 1791">
    <p class='ocr_par' dir='ltr' id='par_1_34' title="bbox 2137 1715 3722 1791">
     <span class='ocr_line' id='line_1_34' title="bbox 2137 1715 3722 1791; baseline 0.002 -24"><span class='ocrx_word' id='word_1_230' title='bbox 2137 1715 2235 1769; x_wconf 74' lang='grc' dir='ltr'><strong>καὶ</strong></span> <span class='ocrx_word' id='word_1_231' title='bbox 2287 1716 2410 1777; x_wconf 70' lang='grc' dir='ltr'>δοὺς</span> <span class='ocrx_word' id='word_1_232' title='bbox 2464 1716 2604 1787; x_wconf 78' lang='grc' dir='ltr'>αὐτῇ</span> <span class='ocrx_word' id='word_1_233' title='bbox 2664 1719 2843 1787; x_wconf 84' lang='grc' dir='ltr'>χεῖρα,</span> <span class='ocrx_word' id='word_1_234' title='bbox 2891 1717 3191 1788; x_wconf 77' lang='grc' dir='ltr'>ἀνέστησεν</span> <span class='ocrx_word' id='word_1_235' title='bbox 3234 1720 3444 1791; x_wconf 73' lang='grc' dir='ltr'>αὑτήν*</span> <span class='ocrx_word' id='word_1_236' title='bbox 3505 1719 3592 1773; x_wconf 68' lang='grc' dir='ltr'>διὰ</span> <span class='ocrx_word' id='word_1_237' title='bbox 3621 1721 3722 1784; x_wconf 79' lang='grc' dir='ltr'>μὲν</span> 
     </span>
    </p>
   </div>
   <div class='ocr_carea' id='block_1_35' title="bbox 456 1794 2026 1881">
    <p class='ocr_par' dir='ltr' id='par_1_35' title="bbox 456 1804 2026 1880">
     <span class='ocr_line' id='line_1_35' title="bbox 456 1804 2026 1880; baseline -0.005 -14"><span class='ocrx_word' id='word_1_238' title='bbox 456 1826 565 1866; x_wconf 89' lang='lat' dir='ltr'><strong>non</strong></span> <span class='ocrx_word' id='word_1_239' title='bbox 622 1811 768 1865; x_wconf 85' lang='lat' dir='ltr'><strong>enim</strong></span> <span class='ocrx_word' id='word_1_240' title='bbox 821 1823 1162 1880; x_wconf 70' lang='lat' dir='ltr'><strong>quaecunque</strong></span> <span class='ocrx_word' id='word_1_241' title='bbox 1205 1807 1363 1878; x_wconf 79' lang='lat' dir='ltr'><strong>signa</strong></span> <span class='ocrx_word' id='word_1_242' title='bbox 1418 1804 1607 1860; x_wconf 87' lang='lat' dir='ltr'><strong>eadem</strong></span> <span class='ocrx_word' id='word_1_243' title='bbox 1636 1804 1899 1859; x_wconf 79' lang='lat' dir='ltr'><strong>facilitate</strong></span> <span class='ocrx_word' id='word_1_244' title='bbox 1934 1819 2026 1875; x_wconf 89' lang='lat' dir='ltr'><strong>pa-</strong></span> 
     </span>
    </p>
   </div>
   <div class='ocr_carea' id='block_1_36' title="bbox 2130 1794 3721 1881">
    <p class='ocr_par' dir='ltr' id='par_1_36' title="bbox 2136 1805 3721 1881">
     <span class='ocr_line' id='line_1_36' title="bbox 2136 1805 3721 1881; baseline 0.003 -23"><span class='ocrx_word' id='word_1_245' title='bbox 2136 1805 2227 1859; x_wconf 90' lang='grc' dir='ltr'><strong>τοῦ</strong></span> <span class='ocrx_word' id='word_1_246' title='bbox 2286 1807 2534 1876; x_wconf 72' lang='grc' dir='ltr'>ῥήματος</span> <span class='ocrx_word' id='word_1_247' title='bbox 2577 1807 2676 1877; x_wconf 72' lang='grc' dir='ltr'><strong>τὴν</strong></span> <span class='ocrx_word' id='word_1_248' title='bbox 2730 1808 2875 1880; x_wconf 74' lang='grc' dir='ltr'>ζωὴν</span> <span class='ocrx_word' id='word_1_249' title='bbox 2933 1810 3068 1879; x_wconf 69' lang='grc' dir='ltr'>αὐτῇ</span> <span class='ocrx_word' id='word_1_250' title='bbox 3104 1810 3468 1880; x_wconf 76' lang='grc' dir='ltr'>δωρούμενος,</span> <span class='ocrx_word' id='word_1_251' title='bbox 3521 1810 3620 1881; x_wconf 77' lang='grc' dir='ltr'>τὴν</span> <span class='ocrx_word' id='word_1_252' title='bbox 3664 1811 3721 1864; x_wconf 77' lang='grc' dir='ltr'><strong>δὲ</strong></span> 
     </span>
    </p>
   </div>
   <div class='ocr_carea' id='block_1_37' title="bbox 453 1896 2028 1967">
    <p class='ocr_par' dir='ltr' id='par_1_37' title="bbox 453 1896 2028 1967">
     <span class='ocr_line' id='line_1_37' title="bbox 453 1896 2028 1967; baseline -0.006 -10"><span class='ocrx_word' id='word_1_253' title='bbox 453 1902 673 1957; x_wconf 77' lang='lat' dir='ltr'><strong>trahant</strong></span> <span class='ocrx_word' id='word_1_254' title='bbox 708 1916 722 1952; x_wconf 87' lang='lat'><strong>:</strong></span> <span class='ocrx_word' id='word_1_255' title='bbox 754 1899 951 1954; x_wconf 83' lang='lat' dir='ltr'><strong>deinde</strong></span> <span class='ocrx_word' id='word_1_256' title='bbox 996 1915 1117 1955; x_wconf 87' lang='lat' dir='ltr'><strong>eam</strong></span> <span class='ocrx_word' id='word_1_257' title='bbox 1142 1912 1372 1964; x_wconf 86' lang='lat' dir='ltr'><strong>vocans,</strong></span> <span class='ocrx_word' id='word_1_258' title='bbox 1411 1896 1661 1967; x_wconf 87' lang='lat' dir='ltr'><strong>dansque</strong></span> <span class='ocrx_word' id='word_1_259' title='bbox 1705 1897 1782 1951; x_wconf 90' lang='lat' dir='ltr'><strong>illi</strong></span> <span class='ocrx_word' id='word_1_260' title='bbox 1810 1911 2028 1950; x_wconf 89' lang='lat' dir='ltr'><strong>manum</strong></span> 
     </span>
    </p>
   </div>
   <div class='ocr_carea' id='block_1_38' title="bbox 452 1987 2030 2059">
    <p class='ocr_par' dir='ltr' id='par_1_38' title="bbox 452 1987 2030 2059">
     <span class='ocr_line' id='line_1_38' title="bbox 452 1987 2030 2059; baseline -0.003 -12"><span class='ocrx_word' id='word_1_261' title='bbox 452 2009 575 2048; x_wconf 80' lang='lat' dir='ltr'><strong>eam</strong></span> <span class='ocrx_word' id='word_1_262' title='bbox 627 1991 967 2059; x_wconf 84' lang='lat' dir='ltr'><strong>suscitavit;</strong></span> <span class='ocrx_word' id='word_1_263' title='bbox 1020 1989 1187 2044; x_wconf 83' lang='lat' dir='ltr'><strong>verbo</strong></span> <span class='ocrx_word' id='word_1_264' title='bbox 1244 1989 1430 2054; x_wconf 85' lang='lat' dir='ltr'><strong>vitam,</strong></span> <span class='ocrx_word' id='word_1_265' title='bbox 1474 2003 1751 2058; x_wconf 90' lang='lat' dir='ltr'><strong>manuque</strong></span> <span class='ocrx_word' id='word_1_266' title='bbox 1804 1987 2030 2043; x_wconf 84' lang='lat' dir='ltr'><strong>idoneas</strong></span> 
     </span>
    </p>
   </div>
   <div class='ocr_carea' id='block_1_39' title="bbox 448 2079 2028 2155">
    <p class='ocr_par' dir='ltr' id='par_1_39' title="bbox 448 2079 2028 2155">
     <span class='ocr_line' id='line_1_39' title="bbox 448 2079 2028 2155; baseline -0.003 -16"><span class='ocrx_word' id='word_1_267' title='bbox 448 2086 528 2141; x_wconf 93' lang='lat' dir='ltr'><strong>illi</strong></span> <span class='ocrx_word' id='word_1_268' title='bbox 564 2086 709 2141; x_wconf 91' lang='lat' dir='ltr'><strong>vires</strong></span> <span class='ocrx_word' id='word_1_269' title='bbox 769 2082 1109 2155; x_wconf 87' lang='lat' dir='ltr'><strong>impertiens.</strong></span> <span class='ocrx_word' id='word_1_270' title='bbox 1141 2079 1530 2137; x_wconf 83' lang='lat' dir='ltr'><strong>Adnotandum</strong></span> <span class='ocrx_word' id='word_1_271' title='bbox 1569 2092 1718 2147; x_wconf 84' lang='lat' dir='ltr'><strong>vero,</strong></span> <span class='ocrx_word' id='word_1_272' title='bbox 1741 2082 1884 2150; x_wconf 90' lang='lat' dir='ltr'><strong>quod</strong></span> <span class='ocrx_word' id='word_1_273' title='bbox 1918 2095 2028 2134; x_wconf 92' lang='lat' dir='ltr'><strong>non</strong></span> 
     </span>
    </p>
   </div>
   <div class='ocr_carea' id='block_1_40' title="bbox 447 2172 2031 2243">
    <p class='ocr_par' dir='ltr' id='par_1_40' title="bbox 447 2172 2031 2243">
     <span class='ocr_line' id='line_1_40' title="bbox 447 2172 2031 2243; baseline -0.004 -11"><span class='ocrx_word' id='word_1_274' title='bbox 447 2179 503 2234; x_wconf 91' lang='lat' dir='ltr'><strong>in</strong></span> <span class='ocrx_word' id='word_1_275' title='bbox 543 2178 722 2232; x_wconf 87' lang='lat' dir='ltr'><strong>solum</strong></span> <span class='ocrx_word' id='word_1_276' title='bbox 782 2175 1119 2239; x_wconf 81' lang='lat' dir='ltr'><strong>infidelibus,</strong></span> <span class='ocrx_word' id='word_1_277' title='bbox 1151 2176 1248 2229; x_wconf 90' lang='lat' dir='ltr'><strong>sed</strong></span> <span class='ocrx_word' id='word_1_278' title='bbox 1282 2174 1448 2228; x_wconf 89' lang='lat' dir='ltr'><strong>etiam</strong></span> <span class='ocrx_word' id='word_1_279' title='bbox 1483 2173 1537 2228; x_wconf 92' lang='lat' dir='ltr'><strong>in</strong></span> <span class='ocrx_word' id='word_1_280' title='bbox 1561 2173 1771 2228; x_wconf 88' lang='lat' dir='ltr'><strong>sanctis</strong></span> <span class='ocrx_word' id='word_1_281' title='bbox 1794 2173 1945 2243; x_wconf 77' lang='lat' dir='ltr'><strong>signa</strong></span> <span class='ocrx_word' id='word_1_282' title='bbox 1962 2172 2031 2226; x_wconf 87' lang='lat' dir='ltr'><strong>ab</strong></span> 
     </span>
    </p>
   </div>
   <div class='ocr_carea' id='block_1_41' title="bbox 447 2258 2029 2337">
    <p class='ocr_par' dir='ltr' id='par_1_41' title="bbox 447 2258 2029 2337">
     <span class='ocr_line' id='line_1_41' title="bbox 447 2258 2029 2337; baseline -0.004 -16"><span class='ocrx_word' id='word_1_283' title='bbox 447 2266 709 2337; x_wconf 80' lang='lat' dir='ltr'><strong>apostolis</strong></span> <span class='ocrx_word' id='word_1_284' title='bbox 739 2265 965 2329; x_wconf 81' lang='lat' dir='ltr'><strong>fiebant,</strong></span> <span class='ocrx_word' id='word_1_285' title='bbox 995 2271 1053 2317; x_wconf 89' lang='lat' dir='ltr'><strong>ut</strong></span> <span class='ocrx_word' id='word_1_286' title='bbox 1085 2258 1188 2317; x_wconf 77' lang='lat' dir='ltr'><strong>alii</strong></span> <span class='ocrx_word' id='word_1_287' title='bbox 1213 2264 1340 2317; x_wconf 89' lang='lat' dir='ltr'><strong>item</strong></span> <span class='ocrx_word' id='word_1_288' title='bbox 1370 2262 1680 2318; x_wconf 81' lang='lat' dir='ltr'><strong>crederent.</strong></span> <span class='ocrx_word' id='word_1_289' title='bbox 1713 2263 1780 2315; x_wconf 82' lang='lat' dir='ltr'><strong>Et</strong></span> <span class='ocrx_word' id='word_1_290' title='bbox 1813 2278 1871 2316; x_wconf 91' lang='lat' dir='ltr'><strong>re</strong></span> <span class='ocrx_word' id='word_1_291' title='bbox 1911 2262 2029 2332; x_wconf 83' lang='lat' dir='ltr'><strong>ipsa</strong></span> 
     </span>
    </p>
   </div>
   <div class='ocr_carea' id='block_1_42' title="bbox 445 2359 2029 2431">
    <p class='ocr_par' dir='ltr' id='par_1_42' title="bbox 445 2359 2029 2431">
     <span class='ocr_line' id='line_1_42' title="bbox 445 2359 2029 2431; baseline 0.001 -19"><span class='ocrx_word' id='word_1_292' title='bbox 445 2360 634 2429; x_wconf 83' lang='lat' dir='ltr'><strong>plures</strong></span> <span class='ocrx_word' id='word_1_293' title='bbox 693 2359 910 2431; x_wconf 76' lang='lat' dir='ltr'><strong>signum</strong></span> <span class='ocrx_word' id='word_1_294' title='bbox 991 2360 1141 2416; x_wconf 85' lang='lat' dir='ltr'><strong>istud</strong></span> <span class='ocrx_word' id='word_1_295' title='bbox 1195 2360 1446 2416; x_wconf 79' lang='lat' dir='ltr'><strong>videntes</strong></span> <span class='ocrx_word' id='word_1_296' title='bbox 1502 2362 1854 2415; x_wconf 86' lang='lat' dir='ltr'><strong>crediderunt</strong></span> <span class='ocrx_word' id='word_1_297' title='bbox 1904 2378 1917 2414; x_wconf 92' lang='lat'>:</span> <span class='ocrx_word' id='word_1_298' title='bbox 1971 2373 2029 2415; x_wconf 91' lang='lat' dir='ltr'><strong>ut</strong></span> 
     </span>
    </p>
   </div>
   <div class='ocr_carea' id='block_1_43' title="bbox 446 2447 2023 2519">
    <p class='ocr_par' dir='ltr' id='par_1_43' title="bbox 446 2447 2023 2519">
     <span class='ocr_line' id='line_1_43' title="bbox 446 2447 2023 2519; baseline -0.001 -16"><span class='ocrx_word' id='word_1_299' title='bbox 446 2464 644 2504; x_wconf 87' lang='lat' dir='ltr'><strong>rursus</strong></span> <span class='ocrx_word' id='word_1_300' title='bbox 681 2463 870 2503; x_wconf 89' lang='lat' dir='ltr'><strong>verum</strong></span> <span class='ocrx_word' id='word_1_301' title='bbox 915 2449 1008 2513; x_wconf 90' lang='lat' dir='ltr'><strong>sit,</strong></span> <span class='ocrx_word' id='word_1_302' title='bbox 1046 2466 1066 2499; x_wconf 74' lang='grc' dir='ltr'><strong>ι</strong></span> <span class='ocrx_word' id='word_1_303' title='bbox 1108 2447 1263 2519; x_wconf 75' lang='lat' dir='ltr'><strong>signa</strong></span> <span class='ocrx_word' id='word_1_304' title='bbox 1330 2464 1451 2505; x_wconf 89' lang='lat' dir='ltr'><strong>esse</strong></span> <span class='ocrx_word' id='word_1_305' title='bbox 1506 2449 1819 2505; x_wconf 75' lang='lat' dir='ltr'><strong>inﬁdelibus</strong></span> <span class='ocrx_word' id='word_1_306' title='bbox 1849 2450 1895 2483; x_wconf 82' lang='lat'><strong>”</strong></span> <span class='ocrx_word' id='word_1_307' title='bbox 1949 2467 1960 2503; x_wconf 91' lang='lat'><strong>:</strong></span> <span class='ocrx_word' id='word_1_308' title='bbox 2005 2469 2023 2502; x_wconf 75' lang='grc' dir='ltr'><strong>ι</strong></span> 
     </span>
    </p>
   </div>
   <div class='ocr_carea' id='block_1_44' title="bbox 447 2537 2027 2607">
    <p class='ocr_par' dir='ltr' id='par_1_44' title="bbox 447 2537 2027 2607">
     <span class='ocr_line' id='line_1_44' title="bbox 447 2537 2027 2607; baseline -0.002 -13"><span class='ocrx_word' id='word_1_309' title='bbox 447 2554 556 2594; x_wconf 88' lang='lat' dir='ltr'><strong>non</strong></span> <span class='ocrx_word' id='word_1_310' title='bbox 584 2540 731 2594; x_wconf 91' lang='lat' dir='ltr'><strong>enim</strong></span> <span class='ocrx_word' id='word_1_311' title='bbox 764 2539 923 2594; x_wconf 82' lang='lat' dir='ltr'><strong>aliter</strong></span> <span class='ocrx_word' id='word_1_312' title='bbox 949 2538 1027 2593; x_wconf 91' lang='lat' dir='ltr'><strong>illi</strong></span> <span class='ocrx_word' id='word_1_313' title='bbox 1069 2538 1463 2603; x_wconf 87' lang='lat' dir='ltr'><strong>credidissent,</strong></span> <span class='ocrx_word' id='word_1_314' title='bbox 1492 2539 1600 2593; x_wconf 88' lang='lat' dir='ltr'><strong>nisi</strong></span> <span class='ocrx_word' id='word_1_315' title='bbox 1632 2537 1815 2594; x_wconf 88' lang='lat' dir='ltr'><strong>denuo</strong></span> <span class='ocrx_word' id='word_1_316' title='bbox 1873 2539 2027 2607; x_wconf 73' lang='lat' dir='ltr'><strong>signa</strong></span> 
     </span>
    </p>
   </div>
   <div class='ocr_carea' id='block_1_45' title="bbox 446 2625 2029 2700">
    <p class='ocr_par' dir='ltr' id='par_1_45' title="bbox 446 2625 2029 2700">
     <span class='ocr_line' id='line_1_45' title="bbox 446 2625 2029 2700; baseline 0.002 -18"><span class='ocrx_word' id='word_1_317' title='bbox 446 2630 713 2684; x_wconf 85' lang='lat' dir='ltr'><strong>vidissent</strong></span> <span class='ocrx_word' id='word_1_318' title='bbox 739 2625 904 2684; x_wconf 68' lang='lat' dir='ltr'><strong>:&#39;cum</strong></span> <span class='ocrx_word' id='word_1_319' title='bbox 941 2628 1183 2699; x_wconf 86' lang='lat' dir='ltr'><strong>alioquin</strong></span> <span class='ocrx_word' id='word_1_320' title='bbox 1212 2630 1388 2684; x_wconf 88' lang='lat' dir='ltr'><strong>sancti</strong></span> <span class='ocrx_word' id='word_1_321' title='bbox 1423 2630 1588 2684; x_wconf 85' lang='lat' dir='ltr'><strong>etiam</strong></span> <span class='ocrx_word' id='word_1_322' title='bbox 1621 2629 1829 2699; x_wconf 86' lang='lat' dir='ltr'><strong>absque</strong></span> <span class='ocrx_word' id='word_1_323' title='bbox 1872 2630 2029 2700; x_wconf 74' lang='lat' dir='ltr'><strong>signo</strong></span> 
     </span>
    </p>
   </div>
   <div class='ocr_carea' id='block_1_46' title="bbox 444 2723 2027 2794">
    <p class='ocr_par' dir='ltr' id='par_1_46' title="bbox 444 2723 2027 2794">
     <span class='ocr_line' id='line_1_46' title="bbox 444 2723 2027 2794; baseline 0.001 -17"><span class='ocrx_word' id='word_1_324' title='bbox 444 2723 806 2791; x_wconf 85' lang='lat' dir='ltr'><strong>crediderint,</strong></span> <span class='ocrx_word' id='word_1_325' title='bbox 836 2723 1058 2779; x_wconf 86' lang='lat' dir='ltr'><strong>Petrum</strong></span> <span class='ocrx_word' id='word_1_326' title='bbox 1087 2734 1250 2794; x_wconf 83' lang='lat' dir='ltr'><strong>posSe</strong></span> <span class='ocrx_word' id='word_1_327' title='bbox 1289 2738 1408 2778; x_wconf 86' lang='lat' dir='ltr'><strong>eam</strong></span> <span class='ocrx_word' id='word_1_328' title='bbox 1429 2724 1739 2780; x_wconf 82' lang='lat' dir='ltr'><strong>defunctam</strong></span> <span class='ocrx_word' id='word_1_329' title='bbox 1773 2725 1828 2779; x_wconf 89' lang='lat' dir='ltr'><strong>in</strong></span> <span class='ocrx_word' id='word_1_330' title='bbox 1861 2727 2027 2779; x_wconf 86' lang='lat' dir='ltr'><strong>vitam</strong></span> 
     </span>
    </p>
   </div>
   <div class='ocr_carea' id='block_1_47' title="bbox 444 2817 2024 2884">
    <p class='ocr_par' dir='ltr' id='par_1_47' title="bbox 444 2817 2024 2884">
     <span class='ocr_line' id='line_1_47' title="bbox 444 2817 2024 2884; baseline 0.003 -15"><span class='ocrx_word' id='word_1_331' title='bbox 444 2830 703 2872; x_wconf 88' lang='lat' dir='ltr'><strong>revocare</strong></span> <span class='ocrx_word' id='word_1_332' title='bbox 734 2833 749 2884; x_wconf 91' lang='lat'><strong>;</strong></span> <span class='ocrx_word' id='word_1_333' title='bbox 781 2832 942 2874; x_wconf 87' lang='lat' dir='ltr'><strong>secus</strong></span> <span class='ocrx_word' id='word_1_334' title='bbox 969 2818 1141 2881; x_wconf 86' lang='lat' dir='ltr'><strong>enim,</strong></span> <span class='ocrx_word' id='word_1_335' title='bbox 1168 2817 1236 2873; x_wconf 88' lang='lat' dir='ltr'><strong>ad</strong></span> <span class='ocrx_word' id='word_1_336' title='bbox 1278 2817 1431 2873; x_wconf 90' lang='lat' dir='ltr'><strong>illum</strong></span> <span class='ocrx_word' id='word_1_337' title='bbox 1483 2818 1875 2874; x_wconf 85' lang='lat' dir='ltr'><strong>accersendum</strong></span> <span class='ocrx_word' id='word_1_338' title='bbox 1918 2835 2024 2873; x_wconf 92' lang='lat' dir='ltr'><strong>non</strong></span> 
     </span>
    </p>
   </div>
   <div class='ocr_carea' id='block_1_48' title="bbox 443 2907 2026 2981">
    <p class='ocr_par' dir='ltr' id='par_1_48' title="bbox 443 2907 2026 2981">
     <span class='ocr_line' id='line_1_48' title="bbox 443 2907 2026 2981; baseline 0.003 -20"><span class='ocrx_word' id='word_1_339' title='bbox 443 2907 745 2962; x_wconf 85' lang='lat' dir='ltr'><strong>misissent.</strong></span> <span class='ocrx_word' id='word_1_340' title='bbox 789 2908 955 2963; x_wconf 67' lang='lat' dir='ltr'><strong>«Cum</strong></span> <span class='ocrx_word' id='word_1_341' title='bbox 988 2915 1169 2963; x_wconf 88' lang='lat' dir='ltr'><strong>autem</strong></span> <span class='ocrx_word' id='word_1_342' title='bbox 1212 2923 1381 2980; x_wconf 88' lang='lat' dir='ltr'><strong>prope</strong></span> <span class='ocrx_word' id='word_1_343' title='bbox 1404 2917 1552 2965; x_wconf 87' lang='lat' dir='ltr'><strong>esset</strong></span> <span class='ocrx_word' id='word_1_344' title='bbox 1583 2907 1793 2981; x_wconf 83' lang='lat' dir='ltr'><strong>Lydda.</strong></span> <span class='ocrx_word' id='word_1_345' title='bbox 1831 2929 1851 2960; x_wconf 86' lang='grc'><strong>›</strong></span> <span class='ocrx_word' id='word_1_346' title='bbox 1883 2908 2026 2965; x_wconf 89' lang='lat' dir='ltr'><strong>Urbs</strong></span> 
     </span>
    </p>
   </div>
   <div class='ocr_carea' id='block_1_49' title="bbox 444 2999 2026 3072">
    <p class='ocr_par' dir='ltr' id='par_1_49' title="bbox 444 2999 2026 3072">
     <span class='ocr_line' id='line_1_49' title="bbox 444 2999 2026 3072; baseline 0.002 -20"><span class='ocrx_word' id='word_1_347' title='bbox 444 3000 553 3053; x_wconf 88' lang='lat' dir='ltr'><strong>ista</strong></span> <span class='ocrx_word' id='word_1_348' title='bbox 608 3015 757 3055; x_wconf 88' lang='lat' dir='ltr'><strong>nunc</strong></span> <span class='ocrx_word' id='word_1_349' title='bbox 806 2999 1110 3071; x_wconf 85' lang='lat' dir='ltr'><strong>appellatur</strong></span> <span class='ocrx_word' id='word_1_350' title='bbox 1174 3000 1485 3071; x_wconf 87' lang='lat' dir='ltr'><strong>Diospolis,</strong></span> <span class='ocrx_word' id='word_1_351' title='bbox 1536 3000 1817 3072; x_wconf 84' lang='lat' dir='ltr'><strong>distatque</strong></span> <span class='ocrx_word' id='word_1_352' title='bbox 1869 2999 2026 3055; x_wconf 70' lang='lat' dir='ltr'><strong>Jcro-</strong></span> 
     </span>
    </p>
   </div>
   <div class='ocr_carea' id='block_1_50' title="bbox 2131 1896 3718 1973">
    <p class='ocr_par' dir='ltr' id='par_1_50' title="bbox 2131 1896 3718 1973">
     <span class='ocr_line' id='line_1_50' title="bbox 2131 1896 3718 1973; baseline 0.004 -24"><span class='ocrx_word' id='word_1_353' title='bbox 2131 1896 2361 1968; x_wconf 83' lang='grc' dir='ltr'>δύναμιν</span> <span class='ocrx_word' id='word_1_354' title='bbox 2428 1899 2514 1953; x_wconf 75' lang='grc' dir='ltr'><strong>διὰ</strong></span> <span class='ocrx_word' id='word_1_355' title='bbox 2535 1900 2636 1969; x_wconf 82' lang='grc' dir='ltr'>τῆς</span> <span class='ocrx_word' id='word_1_356' title='bbox 2670 1901 2850 1972; x_wconf 69' lang='grc' dir='ltr'>χειρὸς</span> <span class='ocrx_word' id='word_1_357' title='bbox 2899 1903 3218 1972; x_wconf 75' lang='grc' dir='ltr'>παρασχών.</span> <span class='ocrx_word' id='word_1_358' title='bbox 3258 1903 3604 1973; x_wconf 84' lang='grc' dir='ltr'>Σημειωτέον</span> <span class='ocrx_word' id='word_1_359' title='bbox 3633 1903 3718 1966; x_wconf 82' lang='grc' dir='ltr'>δὲ,</span> 
     </span>
    </p>
   </div>
   <div class='ocr_carea' id='block_1_51' title="bbox 2076 1989 3718 2062">
    <p class='ocr_par' dir='ltr' id='par_1_51' title="bbox 2076 1989 3718 2062">
     <span class='ocr_line' id='line_1_51' title="bbox 2076 1989 3718 2062; baseline 0.004 -23"><span class='ocrx_word' id='word_1_360' title='bbox 2076 2006 2091 2013; x_wconf 62' lang='grc' dir='ltr'><strong>ι</strong></span> <span class='ocrx_word' id='word_1_361' title='bbox 2132 1989 2211 2040; x_wconf 80' lang='grc' dir='ltr'><strong>δτι</strong></span> <span class='ocrx_word' id='word_1_362' title='bbox 2233 1989 2291 2041; x_wconf 76' lang='grc' dir='ltr'>οὐ</span> <span class='ocrx_word' id='word_1_363' title='bbox 2320 1989 2504 2059; x_wconf 73' lang='grc' dir='ltr'>μόνοις</span> <span class='ocrx_word' id='word_1_364' title='bbox 2532 1993 2642 2054; x_wconf 87' lang='grc' dir='ltr'>τοῖς</span> <span class='ocrx_word' id='word_1_365' title='bbox 2673 1992 2992 2056; x_wconf 73' lang='grc' dir='ltr'>ἀποστόλοις</span> <span class='ocrx_word' id='word_1_366' title='bbox 3012 1990 3079 2058; x_wconf 72' lang='grc'><strong>⁸³,</strong></span> <span class='ocrx_word' id='word_1_367' title='bbox 3114 1993 3251 2047; x_wconf 76' lang='grc' dir='ltr'>ἀλλὰ</span> <span class='ocrx_word' id='word_1_368' title='bbox 3274 1994 3368 2047; x_wconf 73' lang='grc' dir='ltr'>καὶ</span> <span class='ocrx_word' id='word_1_369' title='bbox 3399 1995 3511 2058; x_wconf 81' lang='grc' dir='ltr'>τοῖς</span> <span class='ocrx_word' id='word_1_370' title='bbox 3542 1993 3718 2062; x_wconf 72' lang='grc' dir='ltr'>ἁγίοις</span> 
     </span>
    </p>
   </div>
   <div class='ocr_carea' id='block_1_52' title="bbox 2133 2079 3713 2150">
    <p class='ocr_par' dir='ltr' id='par_1_52' title="bbox 2133 2079 3713 2150">
     <span class='ocr_line' id='line_1_52' title="bbox 2133 2079 3713 2150; baseline 0.004 -20"><span class='ocrx_word' id='word_1_371' title='bbox 2133 2079 2349 2145; x_wconf 81' lang='grc' dir='ltr'>ἐγένετο</span> <span class='ocrx_word' id='word_1_372' title='bbox 2378 2082 2605 2150; x_wconf 82' lang='grc' dir='ltr'>σημεῖα,</span> <span class='ocrx_word' id='word_1_373' title='bbox 2629 2082 3012 2150; x_wconf 76' lang='grc' dir='ltr'>οἰκονομικῶς,</span> <span class='ocrx_word' id='word_1_374' title='bbox 3053 2083 3141 2136; x_wconf 80' lang='grc' dir='ltr'><strong>ἵνα</strong></span> <span class='ocrx_word' id='word_1_375' title='bbox 3181 2084 3272 2136; x_wconf 72' lang='grc' dir='ltr'><strong>καὶ</strong></span> <span class='ocrx_word' id='word_1_376' title='bbox 3305 2082 3456 2138; x_wconf 74' lang='grc' dir='ltr'>ἄλλοι</span> <span class='ocrx_word' id='word_1_377' title='bbox 3487 2082 3713 2137; x_wconf 82' lang='grc' dir='ltr'>πιστεύ-</span> 
     </span>
    </p>
   </div>
   <div class='ocr_carea' id='block_1_53' title="bbox 2133 2173 3717 2246">
    <p class='ocr_par' dir='ltr' id='par_1_53' title="bbox 2133 2173 3717 2246">
     <span class='ocr_line' id='line_1_53' title="bbox 2133 2173 3717 2246; baseline 0.003 -23"><span class='ocrx_word' id='word_1_378' title='bbox 2133 2188 2320 2224; x_wconf 85' lang='grc' dir='ltr'>σωσιν.</span> <span class='ocrx_word' id='word_1_379' title='bbox 2357 2173 2584 2236; x_wconf 75' lang='grc' dir='ltr'>Ἰδόντες</span> <span class='ocrx_word' id='word_1_380' title='bbox 2610 2175 2719 2245; x_wconf 81' lang='grc' dir='ltr'>γὰρ</span> <span class='ocrx_word' id='word_1_381' title='bbox 2735 2175 2790 2227; x_wconf 68' lang='grc' dir='ltr'>τὸ</span> <span class='ocrx_word' id='word_1_382' title='bbox 2808 2180 3032 2246; x_wconf 77' lang='grc' dir='ltr'>σημεῖον</span> <span class='ocrx_word' id='word_1_383' title='bbox 3058 2175 3217 2229; x_wconf 84' lang='grc' dir='ltr'>τοῦτο</span> <span class='ocrx_word' id='word_1_384' title='bbox 3253 2176 3434 2229; x_wconf 67' lang='grc' dir='ltr'>πολλοὶ</span> <span class='ocrx_word' id='word_1_385' title='bbox 3464 2176 3717 2229; x_wconf 77' lang='grc' dir='ltr'>ἐπίστευ-</span> 
     </span>
    </p>
   </div>
   <div class='ocr_carea' id='block_1_54' title="bbox 2134 2259 3719 2336">
    <p class='ocr_par' dir='ltr' id='par_1_54' title="bbox 2134 2259 3719 2336">
     <span class='ocr_line' id='line_1_54' title="bbox 2134 2259 3719 2336; baseline 0.003 -23"><span class='ocrx_word' id='word_1_386' title='bbox 2134 2277 2252 2327; x_wconf 84' lang='grc' dir='ltr'>σαν,</span> <span class='ocrx_word' id='word_1_387' title='bbox 2282 2262 2357 2327; x_wconf 85' lang='grc' dir='ltr'>ὡς</span> <span class='ocrx_word' id='word_1_388' title='bbox 2388 2259 2531 2316; x_wconf 79' lang='grc' dir='ltr'>εἶναι</span> <span class='ocrx_word' id='word_1_389' title='bbox 2554 2264 2717 2319; x_wconf 80' lang='grc' dir='ltr'>πάλιν</span> <span class='ocrx_word' id='word_1_390' title='bbox 2750 2265 2815 2317; x_wconf 71' lang='grc' dir='ltr'><strong>τὰ</strong></span> <span class='ocrx_word' id='word_1_391' title='bbox 2843 2270 3043 2335; x_wconf 71' lang='grc' dir='ltr'>σημεῖα</span> <span class='ocrx_word' id='word_1_392' title='bbox 3075 2269 3187 2329; x_wconf 76' lang='grc' dir='ltr'>τοῖς</span> <span class='ocrx_word' id='word_1_393' title='bbox 3210 2267 3476 2326; x_wconf 75' lang='grc' dir='ltr'>ἀπίστοις.</span> <span class='ocrx_word' id='word_1_394' title='bbox 3502 2267 3576 2320; x_wconf 83' lang='grc' dir='ltr'>Ού</span> <span class='ocrx_word' id='word_1_395' title='bbox 3610 2267 3719 2336; x_wconf 79' lang='grc' dir='ltr'>γὰρ</span> 
     </span>
    </p>
   </div>
   <div class='ocr_carea' id='block_1_55' title="bbox 2132 2355 3716 2430">
    <p class='ocr_par' dir='ltr' id='par_1_55' title="bbox 2132 2355 3716 2430">
     <span class='ocr_line' id='line_1_55' title="bbox 2132 2355 3716 2430; baseline 0.001 -20"><span class='ocrx_word' id='word_1_396' title='bbox 2132 2355 2310 2419; x_wconf 78' lang='grc' dir='ltr'>ἄλλως</span> <span class='ocrx_word' id='word_1_397' title='bbox 2350 2355 2706 2425; x_wconf 81' lang='grc' dir='ltr'>ἐπίστευσαν,</span> <span class='ocrx_word' id='word_1_398' title='bbox 2740 2359 2786 2411; x_wconf 86' lang='grc' dir='ltr'><strong>εί</strong></span> <span class='ocrx_word' id='word_1_399' title='bbox 2845 2361 2919 2429; x_wconf 75' lang='grc' dir='ltr'><strong>μὴ</strong></span> <span class='ocrx_word' id='word_1_400' title='bbox 2959 2358 3127 2413; x_wconf 85' lang='grc' dir='ltr'>πάλιν</span> <span class='ocrx_word' id='word_1_401' title='bbox 3157 2357 3295 2412; x_wconf 74' lang='grc' dir='ltr'>εἶδον</span> <span class='ocrx_word' id='word_1_402' title='bbox 3338 2361 3574 2430; x_wconf 81' lang='grc' dir='ltr'>σημεῖα·</span> <span class='ocrx_word' id='word_1_403' title='bbox 3606 2359 3716 2412; x_wconf 85' lang='grc' dir='ltr'><strong>τῶν</strong></span> 
     </span>
    </p>
   </div>
   <div class='ocr_carea' id='block_1_56' title="bbox 2132 2447 3720 2523">
    <p class='ocr_par' dir='ltr' id='par_1_56' title="bbox 2132 2447 3720 2523">
     <span class='ocr_line' id='line_1_56' title="bbox 2132 2447 3720 2523; baseline 0.003 -24"><span class='ocrx_word' id='word_1_404' title='bbox 2132 2447 2322 2515; x_wconf 81' lang='grc' dir='ltr'>ἁγίων,</span> <span class='ocrx_word' id='word_1_405' title='bbox 2351 2448 2446 2501; x_wconf 71' lang='grc' dir='ltr'><strong>καὶ</strong></span> <span class='ocrx_word' id='word_1_406' title='bbox 2481 2448 2605 2520; x_wconf 82' lang='grc' dir='ltr'>δίχα</span> <span class='ocrx_word' id='word_1_407' title='bbox 2629 2449 2737 2502; x_wconf 84' lang='grc' dir='ltr'>τῶν</span> <span class='ocrx_word' id='word_1_408' title='bbox 2773 2450 3018 2523; x_wconf 74' lang='grc' dir='ltr'>σημείων</span> <span class='ocrx_word' id='word_1_409' title='bbox 3051 2451 3487 2515; x_wconf 84' lang='grc' dir='ltr'>πιστευσάντων,</span> <span class='ocrx_word' id='word_1_410' title='bbox 3516 2451 3597 2504; x_wconf 82' lang='grc' dir='ltr'>ὅτι</span> <span class='ocrx_word' id='word_1_411' title='bbox 3624 2451 3720 2503; x_wconf 85' lang='grc' dir='ltr'>δυ·-</span> 
     </span>
    </p>
   </div>
   <div class='ocr_carea' id='block_1_57' title="bbox 2132 2541 3718 2614">
    <p class='ocr_par' dir='ltr' id='par_1_57' title="bbox 2132 2541 3718 2614">
     <span class='ocr_line' id='line_1_57' title="bbox 2132 2541 3718 2614; baseline 0.002 -22"><span class='ocrx_word' id='word_1_412' title='bbox 2132 2541 2289 2593; x_wconf 72' lang='grc' dir='ltr'>νατᾶν</span> <span class='ocrx_word' id='word_1_413' title='bbox 2308 2543 2455 2593; x_wconf 75' lang='grc' dir='ltr'>ἐστιν</span> <span class='ocrx_word' id='word_1_414' title='bbox 2478 2543 2781 2612; x_wconf 78' lang='grc' dir='ltr'>ἀναστῆσαι</span> <span class='ocrx_word' id='word_1_415' title='bbox 2800 2545 2991 2614; x_wconf 77' lang='grc' dir='ltr'>αὑτήν·</span> <span class='ocrx_word' id='word_1_416' title='bbox 3017 2544 3138 2596; x_wconf 72' lang='grc' dir='ltr'>ἐπεὶ</span> <span class='ocrx_word' id='word_1_417' title='bbox 3158 2543 3270 2605; x_wconf 81' lang='grc' dir='ltr'><strong>πῶς</strong></span> <span class='ocrx_word' id='word_1_418' title='bbox 3294 2542 3359 2597; x_wconf 79' lang='grc' dir='ltr'>ἂν</span> <span class='ocrx_word' id='word_1_419' title='bbox 3386 2542 3718 2611; x_wconf 75' lang='grc' dir='ltr'>αὐτὸνμετε·</span> 
     </span>
    </p>
   </div>
   <div class='ocr_carea' id='block_1_58' title="bbox 2133 2632 3713 2705">
    <p class='ocr_par' dir='ltr' id='par_1_58' title="bbox 2133 2632 3713 2705">
     <span class='ocr_line' id='line_1_58' title="bbox 2133 2632 3713 2705; baseline 0.001 -21"><span class='ocrx_word' id='word_1_420' title='bbox 2133 2635 2249 2687; x_wconf 88' lang='grc' dir='ltr'>στεί</span> <span class='ocrx_word' id='word_1_421' title='bbox 2273 2649 2448 2699; x_wconf 88' lang='grc' dir='ltr'>.αντο;</span> <span class='ocrx_word' id='word_1_422' title='bbox 2478 2651 2496 2684; x_wconf 80' lang='grc' dir='ltr'><strong>ι</strong></span> <span class='ocrx_word' id='word_1_423' title='bbox 2525 2632 2723 2701; x_wconf 74' lang='grc' dir='ltr'>Ἐγγὺς</span> <span class='ocrx_word' id='word_1_424' title='bbox 2749 2634 2807 2688; x_wconf 76' lang='grc' dir='ltr'>δὲ</span> <span class='ocrx_word' id='word_1_425' title='bbox 2829 2634 2994 2704; x_wconf 72' lang='grc' dir='ltr'>οὔσης</span> <span class='ocrx_word' id='word_1_426' title='bbox 3013 2634 3239 2705; x_wconf 85' lang='grc' dir='ltr'>Λύδδης.</span> <span class='ocrx_word' id='word_1_427' title='bbox 3273 2653 3290 2687; x_wconf 71' lang='grc' dir='ltr'>δ</span> <span class='ocrx_word' id='word_1_428' title='bbox 3312 2633 3486 2687; x_wconf 85' lang='grc' dir='ltr'>Λύδδα</span> <span class='ocrx_word' id='word_1_429' title='bbox 3512 2634 3713 2702; x_wconf 75' lang='grc' dir='ltr'>ὲστὶνή</span> 
     </span>
    </p>
   </div>
   <div class='ocr_carea' id='block_1_59' title="bbox 2131 2722 3715 2797">
    <p class='ocr_par' dir='ltr' id='par_1_59' title="bbox 2131 2722 3715 2797">
     <span class='ocr_line' id='line_1_59' title="bbox 2131 2722 3715 2797; baseline -0.003 -19"><span class='ocrx_word' id='word_1_430' title='bbox 2131 2724 2225 2778; x_wconf 90' lang='grc' dir='ltr'><strong>νῦν</strong></span> <span class='ocrx_word' id='word_1_431' title='bbox 2255 2725 2571 2797; x_wconf 75' lang='grc' dir='ltr'>καλουμένη</span> <span class='ocrx_word' id='word_1_432' title='bbox 2602 2725 2911 2789; x_wconf 81' lang='grc' dir='ltr'>Διόσπολις,</span> <span class='ocrx_word' id='word_1_433' title='bbox 2945 2726 3228 2793; x_wconf 62' lang='grc' dir='ltr'>ἀπέχουσα</span> <span class='ocrx_word' id='word_1_434' title='bbox 3264 2724 3371 2777; x_wconf 79' lang='grc' dir='ltr'><strong>ἀπὸ</strong></span> <span class='ocrx_word' id='word_1_435' title='bbox 3416 2722 3715 2796; x_wconf 43' lang='grc' dir='ltr'>Ἰερζσολύ-</span> 
     </span>
    </p>
   </div>
   <div class='ocr_carea' id='block_1_60' title="bbox 2134 2816 3708 2888">
    <p class='ocr_par' dir='ltr' id='par_1_60' title="bbox 2134 2816 3708 2888">
     <span class='ocr_line' id='line_1_60' title="bbox 2134 2816 3708 2888; baseline -0.004 -17"><span class='ocrx_word' id='word_1_436' title='bbox 2134 2835 2251 2887; x_wconf 86' lang='grc' dir='ltr'><strong>μων</strong></span> <span class='ocrx_word' id='word_1_437' title='bbox 2280 2817 2430 2888; x_wconf 83' lang='grc' dir='ltr'>μίλια</span> <span class='ocrx_word' id='word_1_438' title='bbox 2462 2818 2762 2872; x_wconf 81' lang='grc' dir='ltr'>δεκαοκτώ.</span> <span class='ocrx_word' id='word_1_439' title='bbox 2805 2836 2824 2869; x_wconf 79' lang='grc' dir='ltr'><strong>ι</strong></span> <span class='ocrx_word' id='word_1_440' title='bbox 2863 2818 3015 2888; x_wconf 83' lang='grc' dir='ltr'><strong>Παρά</strong></span> <span class='ocrx_word' id='word_1_441' title='bbox 3043 2834 3149 2869; x_wconf 85' lang='grc' dir='ltr'>τινι</span> <span class='ocrx_word' id='word_1_442' title='bbox 3200 2817 3406 2887; x_wconf 79' lang='grc' dir='ltr'>Σίμωνι</span> <span class='ocrx_word' id='word_1_443' title='bbox 3438 2816 3644 2886; x_wconf 84' lang='grc' dir='ltr'>βυρσεῖ.</span> <span class='ocrx_word' id='word_1_444' title='bbox 3689 2832 3708 2865; x_wconf 70' lang='grc' dir='ltr'><strong>ι</strong></span> 
     </span>
    </p>
   </div>
   <div class='ocr_carea' id='block_1_61' title="bbox 2129 2907 3712 2981">
    <p class='ocr_par' dir='ltr' id='par_1_61' title="bbox 2129 2907 3712 2981">
     <span class='ocr_line' id='line_1_61' title="bbox 2129 2907 3712 2981; baseline -0.003 -17"><span class='ocrx_word' id='word_1_445' title='bbox 2129 2911 2203 2964; x_wconf 84' lang='grc' dir='ltr'>Ού</span> <span class='ocrx_word' id='word_1_446' title='bbox 2264 2912 2394 2981; x_wconf 84' lang='grc' dir='ltr'>παρ’</span> <span class='ocrx_word' id='word_1_447' title='bbox 2433 2910 2577 2979; x_wconf 81' lang='grc' dir='ltr'>ἄλλῳ</span> <span class='ocrx_word' id='word_1_448' title='bbox 2623 2911 2726 2964; x_wconf 83' lang='grc' dir='ltr'><strong>τινί</strong></span> <span class='ocrx_word' id='word_1_449' title='bbox 2766 2909 2874 2963; x_wconf 75' lang='grc' dir='ltr'>τῶν</span> <span class='ocrx_word' id='word_1_450' title='bbox 2949 2911 3231 2979; x_wconf 69' lang='grc' dir='ltr'>ἐπισήμων</span> <span class='ocrx_word' id='word_1_451' title='bbox 3293 2910 3445 2977; x_wconf 82' lang='grc' dir='ltr'>μένει</span> <span class='ocrx_word' id='word_1_452' title='bbox 3486 2907 3712 2978; x_wconf 87' lang='grc' dir='ltr'>Πέτρος,</span> 
     </span>
    </p>
   </div>
   <div class='ocr_carea' id='block_1_62' title="bbox 2128 3000 3715 3075">
    <p class='ocr_par' dir='ltr' id='par_1_62' title="bbox 2128 3000 3715 3075">
     <span class='ocr_line' id='line_1_62' title="bbox 2128 3000 3715 3075; baseline -0.003 -19"><span class='ocrx_word' id='word_1_453' title='bbox 2128 3003 2265 3057; x_wconf 85' lang='grc' dir='ltr'>ἀλλὰ</span> <span class='ocrx_word' id='word_1_454' title='bbox 2296 3002 2445 3073; x_wconf 73' lang='grc' dir='ltr'>παρὰ</span> <span class='ocrx_word' id='word_1_455' title='bbox 2473 3002 2683 3075; x_wconf 82' lang='grc' dir='ltr'>βυρσεῖ,</span> <span class='ocrx_word' id='word_1_456' title='bbox 2716 3001 2804 3055; x_wconf 70' lang='grc' dir='ltr'><strong>διὰ</strong></span> <span class='ocrx_word' id='word_1_457' title='bbox 2835 3003 3051 3055; x_wconf 75' lang='grc' dir='ltr'>πάντων</span> <span class='ocrx_word' id='word_1_458' title='bbox 3086 3004 3167 3066; x_wconf 79' lang='grc' dir='ltr'>εἰς</span> <span class='ocrx_word' id='word_1_459' title='bbox 3213 3000 3715 3072; x_wconf 81' lang='grc' dir='ltr'>ταπεινοφροσύνην</span> 
     </span>
    </p>
   </div>
   <div class='ocr_carea' id='block_1_63' title="bbox 447 3090 2026 3192">
    <p class='ocr_par' dir='ltr' id='par_1_63' title="bbox 447 3090 2021 3161">
     <span class='ocr_line' id='line_1_63' title="bbox 447 3090 2021 3161; baseline 0.002 -18"><span class='ocrx_word' id='word_1_460' title='bbox 447 3090 670 3160; x_wconf 83' lang='lat' dir='ltr'><strong>solymis</strong></span> <span class='ocrx_word' id='word_1_461' title='bbox 689 3104 950 3159; x_wconf 87' lang='lat' dir='ltr'><strong>passuum</strong></span> <span class='ocrx_word' id='word_1_462' title='bbox 978 3090 1149 3144; x_wconf 90' lang='lat' dir='ltr'><strong>millia</strong></span> <span class='ocrx_word' id='word_1_463' title='bbox 1173 3091 1499 3145; x_wconf 90' lang='lat' dir='ltr'><strong>octodecim.</strong></span> <span class='ocrx_word' id='word_1_464' title='bbox 1521 3110 1539 3143; x_wconf 81' lang='grc' dir='ltr'><strong>ι</strong></span> <span class='ocrx_word' id='word_1_465' title='bbox 1563 3091 1720 3161; x_wconf 82' lang='lat' dir='ltr'><strong>Apud</strong></span> <span class='ocrx_word' id='word_1_466' title='bbox 1742 3093 2021 3147; x_wconf 84' lang='lat' dir='ltr'><strong>Simonem</strong></span> 
     </span>
    </p>
   </div>
   <div class='ocr_carea' id='block_1_64' title="bbox 2130 3090 3708 3192">
    <p class='ocr_par' dir='ltr' id='par_1_64' title="bbox 2130 3093 3708 3168">
     <span class='ocr_line' id='line_1_64' title="bbox 2130 3093 3708 3168; baseline -0.004 -16"><span class='ocrx_word' id='word_1_467' title='bbox 2130 3099 2276 3168; x_wconf 72' lang='grc' dir='ltr'>ἡμᾶς</span> <span class='ocrx_word' id='word_1_468' title='bbox 2314 3098 2524 3164; x_wconf 80' lang='grc' dir='ltr'>ὲνάγων</span> <span class='ocrx_word' id='word_1_469' title='bbox 2544 3113 2556 3126; x_wconf 89' lang='grc'><strong>·</strong></span> <span class='ocrx_word' id='word_1_470' title='bbox 2582 3096 2705 3150; x_wconf 74' lang='grc' dir='ltr'>οὒτε</span> <span class='ocrx_word' id='word_1_471' title='bbox 2727 3098 2850 3160; x_wconf 82' lang='grc' dir='ltr'>τοὺς</span> <span class='ocrx_word' id='word_1_472' title='bbox 2880 3097 3117 3160; x_wconf 79' lang='grc' dir='ltr'>εὐτελεῖς</span> <span class='ocrx_word' id='word_1_473' title='bbox 3146 3094 3498 3166; x_wconf 82' lang='grc' dir='ltr'>αἰσχύνεσθαι</span> <span class='ocrx_word' id='word_1_474' title='bbox 3524 3093 3708 3161; x_wconf 65' lang='grc' dir='ltr'>ἀρεις,</span> 
     </span>
    </p>
   </div>
   <div class='ocr_carea' id='block_1_65' title="bbox 448 3180 2017 3255">
    <p class='ocr_par' dir='ltr' id='par_1_65' title="bbox 448 3180 2017 3255">
     <span class='ocr_line' id='line_1_65' title="bbox 448 3180 2017 3255; baseline 0.005 -21"><span class='ocrx_word' id='word_1_475' title='bbox 448 3180 743 3251; x_wconf 85' lang='lat' dir='ltr'><strong>quemdam</strong></span> <span class='ocrx_word' id='word_1_476' title='bbox 822 3181 1156 3239; x_wconf 89' lang='lat' dir='ltr'><strong>Coriarium.</strong></span> <span class='ocrx_word' id='word_1_477' title='bbox 1226 3202 1244 3235; x_wconf 74' lang='grc' dir='ltr'><strong>ι</strong></span> <span class='ocrx_word' id='word_1_478' title='bbox 1297 3183 1416 3239; x_wconf 86' lang='lat' dir='ltr'><strong>Non</strong></span> <span class='ocrx_word' id='word_1_479' title='bbox 1465 3183 1608 3255; x_wconf 89' lang='lat' dir='ltr'><strong>apud</strong></span> <span class='ocrx_word' id='word_1_480' title='bbox 1661 3186 1895 3255; x_wconf 87' lang='lat' dir='ltr'><strong>aliquem</strong></span> <span class='ocrx_word' id='word_1_481' title='bbox 1950 3203 2017 3242; x_wconf 80' lang='lat' dir='ltr'><strong>cx</strong></span> 
     </span>
    </p>
   </div>
   <div class='ocr_carea' id='block_1_66' title="bbox 441 3274 2018 3349">
    <p class='ocr_par' dir='ltr' id='par_1_66' title="bbox 441 3274 2018 3349">
     <span class='ocr_line' id='line_1_66' title="bbox 441 3274 2018 3349; baseline 0.004 -21"><span class='ocrx_word' id='word_1_482' title='bbox 441 3274 752 3331; x_wconf 86' lang='lat' dir='ltr'><strong>illustribus</strong></span> <span class='ocrx_word' id='word_1_483' title='bbox 780 3275 919 3331; x_wconf 86' lang='lat' dir='ltr'><strong>viris</strong></span> <span class='ocrx_word' id='word_1_484' title='bbox 967 3285 1151 3332; x_wconf 86' lang='lat' dir='ltr'><strong>manet</strong></span> <span class='ocrx_word' id='word_1_485' title='bbox 1202 3276 1421 3342; x_wconf 85' lang='lat' dir='ltr'><strong>Petrus,</strong></span> <span class='ocrx_word' id='word_1_486' title='bbox 1482 3278 1577 3332; x_wconf 90' lang='lat' dir='ltr'><strong>sed</strong></span> <span class='ocrx_word' id='word_1_487' title='bbox 1642 3278 1785 3349; x_wconf 82' lang='lat' dir='ltr'><strong>apud</strong></span> <span class='ocrx_word' id='word_1_488' title='bbox 1836 3279 2018 3333; x_wconf 89' lang='lat' dir='ltr'><strong>coria-</strong></span> 
     </span>
    </p>
   </div>
   <div class='ocr_carea' id='block_1_67' title="bbox 439 3365 2016 3440">
    <p class='ocr_par' dir='ltr' id='par_1_67' title="bbox 439 3365 2016 3440">
     <span class='ocr_line' id='line_1_67' title="bbox 439 3365 2016 3440; baseline 0.005 -20"><span class='ocrx_word' id='word_1_489' title='bbox 439 3365 607 3431; x_wconf 86' lang='lat' dir='ltr'><strong>rium,</strong></span> <span class='ocrx_word' id='word_1_490' title='bbox 666 3366 722 3420; x_wconf 89' lang='lat' dir='ltr'><strong>in</strong></span> <span class='ocrx_word' id='word_1_491' title='bbox 757 3365 1010 3423; x_wconf 89' lang='lat' dir='ltr'><strong>omnibus</strong></span> <span class='ocrx_word' id='word_1_492' title='bbox 1062 3383 1164 3423; x_wconf 86' lang='lat' dir='ltr'><strong>nos</strong></span> <span class='ocrx_word' id='word_1_493' title='bbox 1193 3369 1260 3422; x_wconf 89' lang='lat' dir='ltr'><strong>ad</strong></span> <span class='ocrx_word' id='word_1_494' title='bbox 1323 3369 1613 3424; x_wconf 85' lang='lat' dir='ltr'><strong>utilitatem</strong></span> <span class='ocrx_word' id='word_1_495' title='bbox 1653 3385 1960 3440; x_wconf 84' lang='lat' dir='ltr'><strong>provocans</strong></span> <span class='ocrx_word' id='word_1_496' title='bbox 2002 3391 2016 3427; x_wconf 92' lang='lat'><strong>:</strong></span> 
     </span>
    </p>
   </div>
   <div class='ocr_carea' id='block_1_68' title="bbox 439 3458 2017 3529">
    <p class='ocr_par' dir='ltr' id='par_1_68' title="bbox 439 3458 2017 3529">
     <span class='ocr_line' id='line_1_68' title="bbox 439 3458 2017 3529; baseline 0.004 -18"><span class='ocrx_word' id='word_1_497' title='bbox 439 3471 613 3527; x_wconf 89' lang='lat' dir='ltr'><strong>quare</strong></span> <span class='ocrx_word' id='word_1_498' title='bbox 642 3472 743 3514; x_wconf 91' lang='lat' dir='ltr'><strong>nec</strong></span> <span class='ocrx_word' id='word_1_499' title='bbox 776 3458 915 3515; x_wconf 85' lang='lat' dir='ltr'><strong>viles</strong></span> <span class='ocrx_word' id='word_1_500' title='bbox 949 3459 1184 3529; x_wconf 87' lang='lat' dir='ltr'><strong>despici,</strong></span> <span class='ocrx_word' id='word_1_501' title='bbox 1237 3474 1338 3515; x_wconf 93' lang='lat' dir='ltr'><strong>ncc</strong></span> <span class='ocrx_word' id='word_1_502' title='bbox 1372 3460 1584 3517; x_wconf 69' lang='lat' dir='ltr'><strong>nobiles</strong></span> <span class='ocrx_word' id='word_1_503' title='bbox 1633 3461 1838 3528; x_wconf 84' lang='lat' dir='ltr'><strong>eﬂ&#39;erri,</strong></span> <span class='ocrx_word' id='word_1_504' title='bbox 1866 3465 2017 3518; x_wconf 88' lang='lat' dir='ltr'><strong>sinit.</strong></span> 
     </span>
    </p>
   </div>
   <div class='ocr_carea' id='block_1_69' title="bbox 2130 3185 3712 3261">
    <p class='ocr_par' dir='ltr' id='par_1_69' title="bbox 2130 3185 3712 3261">
     <span class='ocr_line' id='line_1_69' title="bbox 2130 3185 3712 3261; baseline -0.004 -16"><span class='ocrx_word' id='word_1_505' title='bbox 2130 3191 2254 3245; x_wconf 73' lang='grc' dir='ltr'>οὕτε</span> <span class='ocrx_word' id='word_1_506' title='bbox 2296 3191 2423 3255; x_wconf 82' lang='grc' dir='ltr'>τοὺς</span> <span class='ocrx_word' id='word_1_507' title='bbox 2454 3189 2720 3261; x_wconf 78' lang='grc' dir='ltr'>μεγάλους</span> <span class='ocrx_word' id='word_1_508' title='bbox 2754 3189 3100 3260; x_wconf 74' lang='grc' dir='ltr'>ἐπαίρεσθαι.</span> <span class='ocrx_word' id='word_1_509' title='bbox 3138 3188 3381 3241; x_wconf 85' lang='grc' dir='ltr'>Ἐδέοντο</span> <span class='ocrx_word' id='word_1_510' title='bbox 3408 3187 3514 3256; x_wconf 75' lang='grc' dir='ltr'><strong>γὰρ</strong></span> <span class='ocrx_word' id='word_1_511' title='bbox 3545 3185 3712 3239; x_wconf 84' lang='grc' dir='ltr'>αὐτοῦ</span> 
     </span>
    </p>
   </div>
   <div class='ocr_carea' id='block_1_70' title="bbox 2126 3278 3713 3354">
    <p class='ocr_par' dir='ltr' id='par_1_70' title="bbox 2126 3278 3713 3354">
     <span class='ocr_line' id='line_1_70' title="bbox 2126 3278 3713 3354; baseline -0.005 -18"><span class='ocrx_word' id='word_1_512' title='bbox 2126 3283 2227 3354; x_wconf 81' lang='grc' dir='ltr'><strong>τῆς</strong></span> <span class='ocrx_word' id='word_1_513' title='bbox 2257 3282 2629 3346; x_wconf 80' lang='grc' dir='ltr'>διδασκαλίας,</span> <span class='ocrx_word' id='word_1_514' title='bbox 2662 3283 2722 3336; x_wconf 82' lang='grc' dir='ltr'><strong>οὐ</strong></span> <span class='ocrx_word' id='word_1_515' title='bbox 2757 3282 2803 3315; x_wconf 60' lang='grc'><strong>’⁸</strong></span> <span class='ocrx_word' id='word_1_516' title='bbox 2832 3282 2919 3334; x_wconf 77' lang='grc' dir='ltr'>διὰ</span> <span class='ocrx_word' id='word_1_517' title='bbox 2953 3281 3023 3333; x_wconf 76' lang='grc' dir='ltr'>τὰ</span> <span class='ocrx_word' id='word_1_518' title='bbox 3067 3282 3271 3351; x_wconf 82' lang='grc' dir='ltr'>σημεῖα</span> <span class='ocrx_word' id='word_1_519' title='bbox 3319 3278 3713 3339; x_wconf 81' lang='grc' dir='ltr'>πιστεύσαντες</span> 
     </span>
    </p>
   </div>
   <div class='ocr_carea' id='block_1_71' title="bbox 2126 3369 3712 3445">
    <p class='ocr_par' dir='ltr' id='par_1_71' title="bbox 2126 3369 3712 3445">
     <span class='ocr_line' id='line_1_71' title="bbox 2126 3369 3712 3445; baseline -0.004 -18"><span class='ocrx_word' id='word_1_520' title='bbox 2126 3374 2218 3427; x_wconf 73' lang='grc' dir='ltr'>τὸν</span> <span class='ocrx_word' id='word_1_521' title='bbox 2242 3374 2333 3427; x_wconf 77' lang='grc' dir='ltr'>ὑπ’</span> <span class='ocrx_word' id='word_1_522' title='bbox 2366 3374 2550 3429; x_wconf 78' lang='grc' dir='ltr'>αὐτῶν</span> <span class='ocrx_word' id='word_1_523' title='bbox 2590 3373 2997 3445; x_wconf 76' lang='grc' dir='ltr'>κηρυττόμενον</span> <span class='ocrx_word' id='word_1_524' title='bbox 3030 3372 3163 3426; x_wconf 70' lang='grc' dir='ltr'>Θεὸν</span> <span class='ocrx_word' id='word_1_525' title='bbox 3199 3369 3413 3443; x_wconf 81' lang='grc' dir='ltr'>Ἰησοῦν</span> <span class='ocrx_word' id='word_1_526' title='bbox 3449 3370 3538 3423; x_wconf 77' lang='grc' dir='ltr'><strong>τὸν</strong></span> <span class='ocrx_word' id='word_1_527' title='bbox 3571 3369 3712 3439; x_wconf 87' lang='grc' dir='ltr'>Χρι-</span> 
     </span>
    </p>
   </div>
   <div class='ocr_carea' id='block_1_72' title="bbox 2133 3466 2279 3519">
    <p class='ocr_par' dir='ltr' id='par_1_72' title="bbox 2133 3466 2279 3519">
     <span class='ocr_line' id='line_1_72' title="bbox 2133 3466 2279 3519; baseline 0 0"><span class='ocrx_word' id='word_1_528' title='bbox 2133 3466 2279 3519; x_wconf 85' lang='grc' dir='ltr'>στόν.</span> 
     </span>
    </p>
   </div>
   <div class='ocr_carea' id='block_1_73' title="bbox 439 3550 3709 3630">
    <p class='ocr_par' dir='ltr' id='par_1_73' title="bbox 439 3550 3709 3630">
     <span class='ocr_line' id='line_1_73' title="bbox 439 3550 3709 3630; baseline 0.002 -25"><span class='ocrx_word' id='word_1_529' title='bbox 439 3550 759 3619; x_wconf 69' lang='lat' dir='ltr'><strong>lndigebant</strong></span> <span class='ocrx_word' id='word_1_530' title='bbox 784 3552 928 3607; x_wconf 89' lang='lat' dir='ltr'><strong>enim</strong></span> <span class='ocrx_word' id='word_1_531' title='bbox 961 3552 1082 3623; x_wconf 86' lang='lat' dir='ltr'><strong>ejus</strong></span> <span class='ocrx_word' id='word_1_532' title='bbox 1113 3553 1495 3611; x_wconf 87' lang='lat' dir='ltr'><strong>instructionis</strong></span> <span class='ocrx_word' id='word_1_533' title='bbox 1535 3554 1635 3623; x_wconf 87' lang='lat' dir='ltr'><strong>illi,</strong></span> <span class='ocrx_word' id='word_1_534' title='bbox 1667 3555 1761 3626; x_wconf 86' lang='lat' dir='ltr'><strong>qui</strong></span> <span class='ocrx_word' id='word_1_535' title='bbox 1792 3565 2017 3626; x_wconf 83' lang='lat' dir='ltr'><strong>prapter</strong></span> <span class='ocrx_word' id='word_1_536' title='bbox 2056 3557 2212 3630; x_wconf 79' lang='lat' dir='ltr'><strong>signa</strong></span> <span class='ocrx_word' id='word_1_537' title='bbox 2237 3559 2291 3614; x_wconf 93' lang='lat' dir='ltr'><strong>in</strong></span> <span class='ocrx_word' id='word_1_538' title='bbox 2318 3558 2607 3614; x_wconf 87' lang='lat' dir='ltr'><strong>Dominmn</strong></span> <span class='ocrx_word' id='word_1_539' title='bbox 2636 3574 2700 3614; x_wconf 90' lang='lat' dir='ltr'><strong>ac</strong></span> <span class='ocrx_word' id='word_1_540' title='bbox 2732 3558 2903 3613; x_wconf 90' lang='lat' dir='ltr'><strong>Deum</strong></span> <span class='ocrx_word' id='word_1_541' title='bbox 2937 3556 3121 3613; x_wconf 73' lang='lat' dir='ltr'><strong>Jesum</strong></span> <span class='ocrx_word' id='word_1_542' title='bbox 3186 3555 3490 3620; x_wconf 86' lang='lat' dir='ltr'><strong>Christum,</strong></span> <span class='ocrx_word' id='word_1_543' title='bbox 3546 3564 3709 3622; x_wconf 71' lang='lat' dir='ltr'><strong>quem</strong></span> 
     </span>
    </p>
   </div>
   <div class='ocr_carea' id='block_1_74' title="bbox 440 3639 1333 3724">
    <p class='ocr_par' dir='ltr' id='par_1_74' title="bbox 440 3639 1333 3724">
     <span class='ocr_line' id='line_1_74' title="bbox 440 3639 1333 3724; baseline 0.003 -29"><span class='ocrx_word' id='word_1_544' title='bbox 440 3642 559 3710; x_wconf 88' lang='lat' dir='ltr'><strong>ipse</strong></span> <span class='ocrx_word' id='word_1_545' title='bbox 588 3639 942 3724; x_wconf 69' lang='lat' dir='ltr'><strong>praedicabat,</strong></span> <span class='ocrx_word' id='word_1_546' title='bbox 965 3641 1333 3698; x_wconf 86' lang='lat' dir='ltr'><strong>crediderant.</strong></span> 
     </span>
    </p>
   </div>
   <div class='ocr_carea' id='block_1_75' title="bbox 1043 3732 1435 3790">
    <p class='ocr_par' dir='ltr' id='par_1_75' title="bbox 1043 3732 1435 3790">
     <span class='ocr_line' id='line_1_75' title="bbox 1043 3732 1435 3790; baseline -0.005 0"><span class='ocrx_word' id='word_1_547' title='bbox 1043 3732 1273 3790; x_wconf 85' lang='lat' dir='ltr'><strong>CAPUT</strong></span> <span class='ocrx_word' id='word_1_548' title='bbox 1316 3732 1435 3789; x_wconf 81' lang='lat' dir='ltr'><strong>XV.</strong></span> 
     </span>
    </p>
   </div>
   <div class='ocr_carea' id='block_1_76' title="bbox 439 3824 2014 3898">
    <p class='ocr_par' dir='ltr' id='par_1_76' title="bbox 439 3824 2014 3898">
     <span class='ocr_line' id='line_1_76' title="bbox 439 3824 2014 3898; baseline 0.002 -18"><span class='ocrx_word' id='word_1_549' title='bbox 439 3824 518 3881; x_wconf 79' lang='lat' dir='ltr'><strong>De</strong></span> <span class='ocrx_word' id='word_1_550' title='bbox 548 3825 811 3893; x_wconf 80' lang='lat' dir='ltr'><strong>Cornelio,</strong></span> <span class='ocrx_word' id='word_1_551' title='bbox 838 3827 963 3882; x_wconf 82' lang='lat' dir='ltr'><strong>etde</strong></span> <span class='ocrx_word' id='word_1_552' title='bbox 981 3826 1047 3881; x_wconf 77' lang='lat' dir='ltr'><strong>iis</strong></span> <span class='ocrx_word' id='word_1_553' title='bbox 1071 3844 1188 3897; x_wconf 73' lang='lat' dir='ltr'><strong>qum</strong></span> <span class='ocrx_word' id='word_1_554' title='bbox 1212 3827 1282 3881; x_wconf 83' lang='lat' dir='ltr'><strong>ad</strong></span> <span class='ocrx_word' id='word_1_555' title='bbox 1306 3830 1482 3898; x_wconf 78' lang='lat' dir='ltr'><strong>ipsum</strong></span> <span class='ocrx_word' id='word_1_556' title='bbox 1500 3828 1563 3882; x_wconf 84' lang='lat' dir='ltr'><strong>ab</strong></span> <span class='ocrx_word' id='word_1_557' title='bbox 1578 3827 1794 3897; x_wconf 85' lang='lat' dir='ltr'><strong>angelo,</strong></span> <span class='ocrx_word' id='word_1_558' title='bbox 1824 3836 1873 3883; x_wconf 81' lang='lat' dir='ltr'><strong>et</strong></span> <span class='ocrx_word' id='word_1_559' title='bbox 1894 3844 2014 3883; x_wconf 86' lang='lat' dir='ltr'><strong>rur-</strong></span> 
     </span>
    </p>
   </div>
   <div class='ocr_carea' id='block_1_77' title="bbox 507 3916 2018 3990">
    <p class='ocr_par' dir='ltr' id='par_1_77' title="bbox 507 3916 2018 3990">
     <span class='ocr_line' id='line_1_77' title="bbox 507 3916 2018 3990; baseline 0.002 -19"><span class='ocrx_word' id='word_1_560' title='bbox 507 3917 756 3974; x_wconf 76' lang='lat' dir='ltr'><strong>susdeiis</strong></span> <span class='ocrx_word' id='word_1_561' title='bbox 788 3934 905 3990; x_wconf 64' lang='lat' dir='ltr'><strong>quia</strong></span> <span class='ocrx_word' id='word_1_562' title='bbox 921 3917 989 3973; x_wconf 81' lang='lat' dir='ltr'><strong>ad</strong></span> <span class='ocrx_word' id='word_1_563' title='bbox 1010 3916 1243 3984; x_wconf 29' lang='lat' dir='ltr'><strong>,I’etrum</strong></span> <span class='ocrx_word' id='word_1_564' title='bbox 1266 3935 1293 3973; x_wconf 77' lang='grc' dir='ltr'><strong>ε</strong></span> <span class='ocrx_word' id='word_1_565' title='bbox 1348 3918 1477 3974; x_wconf 70' lang='lat' dir='ltr'><strong>caelo</strong></span> <span class='ocrx_word' id='word_1_566' title='bbox 1525 3918 1667 3973; x_wconf 80' lang='lat' dir='ltr'><strong>circa</strong></span> <span class='ocrx_word' id='word_1_567' title='bbox 1697 3920 2018 3975; x_wconf 71' lang='lat' dir='ltr'><strong>vocationem</strong></span> 
     </span>
    </p>
   </div>
   <div class='ocr_carea' id='block_1_78' title="bbox 510 4012 1087 4083">
    <p class='ocr_par' dir='ltr' id='par_1_78' title="bbox 510 4012 1087 4083">
     <span class='ocr_line' id='line_1_78' title="bbox 510 4012 1087 4083; baseline 0 -17"><span class='ocrx_word' id='word_1_568' title='bbox 510 4013 741 4083; x_wconf 70' lang='lat' dir='ltr'><strong>gentium</strong></span> <span class='ocrx_word' id='word_1_569' title='bbox 779 4012 923 4067; x_wconf 84' lang='lat' dir='ltr'><strong>dicta</strong></span> <span class='ocrx_word' id='word_1_570' title='bbox 944 4021 1087 4074; x_wconf 73' lang='lat' dir='ltr'><strong>sunt,</strong></span> 
     </span>
    </p>
   </div>
   <div class='ocr_carea' id='block_1_79' title="bbox 726 4187 1686 4262">
    <p class='ocr_par' dir='ltr' id='par_1_79' title="bbox 726 4187 1686 4262">
     <span class='ocr_line' id='line_1_79' title="bbox 726 4187 1686 4262; baseline 0.001 -17"><span class='ocrx_word' id='word_1_571' title='bbox 726 4188 884 4246; x_wconf 86' lang='lat' dir='ltr'><strong>Feria</strong></span> <span class='ocrx_word' id='word_1_572' title='bbox 938 4187 977 4242; x_wconf 74' lang='grc'>2</span> <span class='ocrx_word' id='word_1_573' title='bbox 1034 4187 1385 4245; x_wconf 74' lang='lat' dir='ltr'><strong>hebdomadas</strong></span> <span class='ocrx_word' id='word_1_574' title='bbox 1456 4198 1686 4262; x_wconf 71' lang='lat' dir='ltr'><strong>quartae.</strong></span> 
     </span>
    </p>
   </div>
   <div class='ocr_carea' id='block_1_80' title="bbox 1061 4280 1362 4340">
    <p class='ocr_par' dir='ltr' id='par_1_80' title="bbox 1061 4280 1362 4340">
     <span class='ocr_line' id='line_1_80' title="bbox 1061 4280 1362 4340; baseline 0.003 -4"><span class='ocrx_word' id='word_1_575' title='bbox 1061 4280 1362 4340; x_wconf 78' lang='lat' dir='ltr'><strong>TEXTUS.</strong></span> 
     </span>
    </p>
   </div>
   <div class='ocr_carea' id='block_1_81' title="bbox 507 4373 2014 4446">
    <p class='ocr_par' dir='ltr' id='par_1_81' title="bbox 507 4373 2014 4446">
     <span class='ocr_line' id='line_1_81' title="bbox 507 4373 2014 4446; baseline 0.003 -15"><span class='ocrx_word' id='word_1_576' title='bbox 507 4374 761 4445; x_wconf 47' lang='grc' dir='ltr'>χλι-αθ.</span> <span class='ocrx_word' id='word_1_577' title='bbox 783 4373 881 4430; x_wconf 69' lang='lat' dir='ltr'><strong>Vir</strong></span> <span class='ocrx_word' id='word_1_578' title='bbox 908 4381 1089 4430; x_wconf 89' lang='lat' dir='ltr'><strong>autem</strong></span> <span class='ocrx_word' id='word_1_579' title='bbox 1125 4374 1346 4446; x_wconf 88' lang='lat' dir='ltr'><strong>quidam</strong></span> <span class='ocrx_word' id='word_1_580' title='bbox 1381 4383 1498 4430; x_wconf 85' lang='lat' dir='ltr'><strong>erat</strong></span> <span class='ocrx_word' id='word_1_581' title='bbox 1535 4377 1591 4431; x_wconf 91' lang='lat' dir='ltr'><strong>in</strong></span> <span class='ocrx_word' id='word_1_582' title='bbox 1630 4376 1877 4434; x_wconf 83' lang='lat' dir='ltr'><strong>Caesarea</strong></span> <span class='ocrx_word' id='word_1_583' title='bbox 1913 4394 2014 4435; x_wconf 91' lang='lat' dir='ltr'><strong>no-</strong></span> 
     </span>
    </p>
   </div>
   <div class='ocr_carea' id='block_1_82' title="bbox 2730 3730 3123 3787">
    <p class='ocr_par' dir='ltr' id='par_1_82' title="bbox 2730 3730 3123 3787">
     <span class='ocr_line' id='line_1_82' title="bbox 2730 3730 3123 3787; baseline 0 0"><span class='ocrx_word' id='word_1_584' title='bbox 2730 3733 2981 3787; x_wconf 81' lang='grc' dir='ltr'><strong>ΚΕΦΑΛ.</strong></span> <span class='ocrx_word' id='word_1_585' title='bbox 3021 3730 3123 3787; x_wconf 83' lang='grc' dir='ltr'><strong>1Ε’.</strong></span> 
     </span>
    </p>
   </div>
   <div class='ocr_carea' id='block_1_83' title="bbox 2127 3824 3704 3898">
    <p class='ocr_par' dir='ltr' id='par_1_83' title="bbox 2127 3824 3704 3898">
     <span class='ocr_line' id='line_1_83' title="bbox 2127 3824 3704 3898; baseline -0.001 -16"><span class='ocrx_word' id='word_1_586' title='bbox 2127 3828 2264 3898; x_wconf 75' lang='grc' dir='ltr'>Περὶ</span> <span class='ocrx_word' id='word_1_587' title='bbox 2290 3827 2653 3897; x_wconf 75' lang='grc' dir='ltr'>Κορνηλίου,</span> <span class='ocrx_word' id='word_1_588' title='bbox 2690 3825 2809 3881; x_wconf 81' lang='grc' dir='ltr'>ὅσα</span> <span class='ocrx_word' id='word_1_589' title='bbox 2856 3843 2920 3880; x_wconf 85' lang='grc' dir='ltr'><strong>τε</strong></span> <span class='ocrx_word' id='word_1_590' title='bbox 2952 3824 3102 3894; x_wconf 83' lang='grc' dir='ltr'>πρὸς</span> <span class='ocrx_word' id='word_1_591' title='bbox 3134 3825 3322 3880; x_wconf 82' lang='grc' dir='ltr'>αὑτὸν</span> <span class='ocrx_word' id='word_1_592' title='bbox 3350 3828 3384 3879; x_wconf 85' lang='grc' dir='ltr'><em>ὁ</em></span> <span class='ocrx_word' id='word_1_593' title='bbox 3428 3825 3704 3895; x_wconf 63' lang='grc' dir='ltr'>ἄγγελος,</span> 
     </span>
    </p>
   </div>
   <div class='ocr_carea' id='block_1_84' title="bbox 2197 3915 3708 3985">
    <p class='ocr_par' dir='ltr' id='par_1_84' title="bbox 2197 3915 3708 3985">
     <span class='ocr_line' id='line_1_84' title="bbox 2197 3915 3708 3985; baseline -0.003 -11"><span class='ocrx_word' id='word_1_594' title='bbox 2197 3918 2297 3974; x_wconf 78' lang='grc' dir='ltr'><strong>καί</strong></span> <span class='ocrx_word' id='word_1_595' title='bbox 2348 3918 2465 3973; x_wconf 82' lang='grc' dir='ltr'>ὅσα</span> <span class='ocrx_word' id='word_1_596' title='bbox 2510 3916 2696 3971; x_wconf 74' lang='grc' dir='ltr'>πάλιν</span> <span class='ocrx_word' id='word_1_597' title='bbox 2734 3916 2885 3985; x_wconf 80' lang='grc' dir='ltr'>πρὸς</span> <span class='ocrx_word' id='word_1_598' title='bbox 2930 3916 3158 3984; x_wconf 76' lang='grc' dir='ltr'>Πέτρον</span> <span class='ocrx_word' id='word_1_599' title='bbox 3206 3915 3534 3983; x_wconf 76' lang='grc' dir='ltr'>οὐρανόθεν</span> <span class='ocrx_word' id='word_1_600' title='bbox 3574 3919 3708 3985; x_wconf 77' lang='grc' dir='ltr'>περι</span> 
     </span>
    </p>
   </div>
   <div class='ocr_carea' id='block_1_85' title="bbox 2200 3999 3707 4075">
    <p class='ocr_par' dir='ltr' id='par_1_85' title="bbox 2200 3999 3707 4075">
     <span class='ocr_line' id='line_1_85' title="bbox 2200 3999 3707 4075; baseline 0.001 -14"><span class='ocrx_word' id='word_1_601' title='bbox 2200 4007 2480 4075; x_wconf 70' lang='grc' dir='ltr'>κλήσεως</span> <span class='ocrx_word' id='word_1_602' title='bbox 2517 4005 2709 4061; x_wconf 79' lang='grc' dir='ltr'>ἐθνῶν</span> <span class='ocrx_word' id='word_1_603' title='bbox 2750 4006 2961 4075; x_wconf 72' lang='grc' dir='ltr'>ἐρρέθη</span> <span class='ocrx_word' id='word_1_604' title='bbox 2983 4022 2997 4037; x_wconf 91' lang='grc'><strong>·</strong></span> <span class='ocrx_word' id='word_1_605' title='bbox 3025 4006 3096 4059; x_wconf 80' lang='grc' dir='ltr'>ἐν</span> <span class='ocrx_word' id='word_1_606' title='bbox 3130 3999 3178 4072; x_wconf 84' lang='grc' dir='ltr'>ᾧ</span> <span class='ocrx_word' id='word_1_607' title='bbox 3219 4008 3627 4075; x_wconf 71' lang='grc' dir='ltr'>μετασταλεὶς</span> <span class='ocrx_word' id='word_1_608' title='bbox 3672 4010 3707 4062; x_wconf 79' lang='grc' dir='ltr'><em>ὁ</em></span> 
     </span>
    </p>
   </div>
   <div class='ocr_carea' id='block_1_86' title="bbox 2196 4096 3186 4175">
    <p class='ocr_par' dir='ltr' id='par_1_86' title="bbox 2196 4096 3186 4175">
     <span class='ocr_line' id='line_1_86' title="bbox 2196 4096 3186 4175; baseline -0.006 -19"><span class='ocrx_word' id='word_1_609' title='bbox 2196 4100 2421 4175; x_wconf 72' lang='grc' dir='ltr'>Πέτρος</span> <span class='ocrx_word' id='word_1_610' title='bbox 2457 4096 2609 4171; x_wconf 61' lang='grc' dir='ltr'>ἦλθε</span> <span class='ocrx_word' id='word_1_611' title='bbox 2645 4098 2796 4167; x_wconf 82' lang='grc' dir='ltr'>πρὸς</span> <span class='ocrx_word' id='word_1_612' title='bbox 2824 4098 3186 4169; x_wconf 75' lang='grc' dir='ltr'>Κορνήλιον.</span> 
     </span>
    </p>
   </div>
   <div class='ocr_carea' id='block_1_87' title="bbox 2551 4191 3275 4262">
    <p class='ocr_par' dir='ltr' id='par_1_87' title="bbox 2551 4191 3275 4262">
     <span class='ocr_line' id='line_1_87' title="bbox 2551 4191 3275 4262; baseline 0.003 -18"><span class='ocrx_word' id='word_1_613' title='bbox 2551 4192 2630 4262; x_wconf 84' lang='grc' dir='ltr'><strong>Τῇ</strong></span> <span class='ocrx_word' id='word_1_614' title='bbox 2664 4192 2710 4262; x_wconf 82' lang='grc' dir='ltr'><strong>β’</strong></span> <span class='ocrx_word' id='word_1_615' title='bbox 2752 4192 2849 4261; x_wconf 85' lang='grc' dir='ltr'>τῆς</span> <span class='ocrx_word' id='word_1_616' title='bbox 2882 4193 2923 4244; x_wconf 83' lang='grc' dir='ltr'>δ’</span> <span class='ocrx_word' id='word_1_617' title='bbox 2960 4191 3275 4261; x_wconf 77' lang='grc' dir='ltr'>ἑϐδομάδος.</span> 
     </span>
    </p>
   </div>
   <div class='ocr_carea' id='block_1_88' title="bbox 2708 4280 3099 4334">
    <p class='ocr_par' dir='ltr' id='par_1_88' title="bbox 2708 4280 3099 4334">
     <span class='ocr_line' id='line_1_88' title="bbox 2708 4280 3099 4334; baseline 0 -1"><span class='ocrx_word' id='word_1_618' title='bbox 2708 4280 3099 4334; x_wconf 78' lang='lat' dir='ltr'><strong>KEIMENON.</strong></span> 
     </span>
    </p>
   </div>
   <div class='ocr_carea' id='block_1_89' title="bbox 2205 4369 3699 4448">
    <p class='ocr_par' dir='ltr' id='par_1_89' title="bbox 2205 4369 3699 4448">
     <span class='ocr_line' id='line_1_89' title="bbox 2205 4369 3699 4448; baseline 0.004 -21"><span class='ocrx_word' id='word_1_619' title='bbox 2205 4374 2367 4446; x_wconf 75' lang='grc' dir='ltr'>’Λνὴρ</span> <span class='ocrx_word' id='word_1_620' title='bbox 2398 4372 2453 4427; x_wconf 86' lang='grc' dir='ltr'><strong>δέ</strong></span> <span class='ocrx_word' id='word_1_621' title='bbox 2469 4392 2551 4438; x_wconf 87' lang='grc' dir='ltr'><strong>τις</strong></span> <span class='ocrx_word' id='word_1_622' title='bbox 2569 4369 2636 4446; x_wconf 76' lang='grc' dir='ltr'><strong>ἢν</strong></span> <span class='ocrx_word' id='word_1_623' title='bbox 2661 4375 2718 4426; x_wconf 80' lang='grc' dir='ltr'>ὲν</span> <span class='ocrx_word' id='word_1_624' title='bbox 2742 4375 3072 4445; x_wconf 75' lang='grc' dir='ltr'>Καισαρείᾳ,</span> <span class='ocrx_word' id='word_1_625' title='bbox 3106 4375 3335 4445; x_wconf 77' lang='grc' dir='ltr'>ὀνόματι</span> <span class='ocrx_word' id='word_1_626' title='bbox 3375 4378 3699 4448; x_wconf 73' lang='grc' dir='ltr'>Κορνήλιος,</span> 
     </span>
    </p>
   </div>
   <div class='ocr_carea' id='block_1_90' title="bbox 437 4466 2026 4542">
    <p class='ocr_par' dir='ltr' id='par_1_90' title="bbox 437 4468 2019 4539">
     <span class='ocr_line' id='line_1_90' title="bbox 437 4468 2019 4539; baseline -0.001 -12"><span class='ocrx_word' id='word_1_627' title='bbox 437 4472 585 4527; x_wconf 89' lang='lat' dir='ltr'><strong>mine</strong></span> <span class='ocrx_word' id='word_1_628' title='bbox 614 4468 925 4534; x_wconf 87' lang='lat' dir='ltr'><strong>Cornelius,</strong></span> <span class='ocrx_word' id='word_1_629' title='bbox 950 4468 1201 4523; x_wconf 87' lang='lat' dir='ltr'><strong>centurio</strong></span> <span class='ocrx_word' id='word_1_630' title='bbox 1228 4468 1473 4525; x_wconf 81' lang='lat' dir='ltr'><strong>cohortis</strong></span> <span class='ocrx_word' id='word_1_631' title='bbox 1497 4484 1618 4539; x_wconf 74' lang='lat' dir='ltr'><strong>qua:</strong></span> <span class='ocrx_word' id='word_1_632' title='bbox 1647 4471 1848 4525; x_wconf 90' lang='lat' dir='ltr'><strong>dicitur</strong></span> <span class='ocrx_word' id='word_1_633' title='bbox 1870 4470 2019 4525; x_wconf 79' lang='lat' dir='ltr'><strong>Itali-</strong></span> 
     </span>
    </p>
   </div>
   <div class='ocr_carea' id='block_1_91' title="bbox 2130 4466 3701 4542">
    <p class='ocr_par' dir='ltr' id='par_1_91' title="bbox 2130 4466 3701 4542">
     <span class='ocr_line' id='line_1_91' title="bbox 2130 4466 3701 4542; baseline 0.01 -23"><span class='ocrx_word' id='word_1_634' title='bbox 2130 4467 2548 4537; x_wconf 77' lang='grc' dir='ltr'>ἑκατοντάρχης,</span> <span class='ocrx_word' id='word_1_635' title='bbox 2572 4470 2634 4520; x_wconf 78' lang='grc' dir='ltr'>ἐκ</span> <span class='ocrx_word' id='word_1_636' title='bbox 2661 4467 2893 4536; x_wconf 83' lang='grc' dir='ltr'>σπείρης</span> <span class='ocrx_word' id='word_1_637' title='bbox 2914 4466 3011 4536; x_wconf 79' lang='grc' dir='ltr'>τῆς</span> <span class='ocrx_word' id='word_1_638' title='bbox 3039 4467 3382 4538; x_wconf 77' lang='grc' dir='ltr'>καλουμένης</span> <span class='ocrx_word' id='word_1_639' title='bbox 3411 4471 3701 4542; x_wconf 72' lang='grc' dir='ltr'>Ἰταλικῆς.</span> 
     </span>
    </p>
   </div>
   <div class='ocr_carea' id='block_1_92' title="bbox 437 4561 2010 4633">
    <p class='ocr_par' dir='ltr' id='par_1_92' title="bbox 437 4561 2010 4633">
     <span class='ocr_line' id='line_1_92' title="bbox 437 4561 2010 4633; baseline -0.003 -14"><span class='ocrx_word' id='word_1_640' title='bbox 437 4580 522 4629; x_wconf 88' lang='lat' dir='ltr'><strong>ca,</strong></span> <span class='ocrx_word' id='word_1_641' title='bbox 550 4563 841 4633; x_wconf 75' lang='lat' dir='ltr'><strong>religiosus</strong></span> <span class='ocrx_word' id='word_1_642' title='bbox 871 4577 934 4617; x_wconf 89' lang='lat' dir='ltr'><strong>ac</strong></span> <span class='ocrx_word' id='word_1_643' title='bbox 963 4563 1161 4619; x_wconf 91' lang='lat' dir='ltr'><strong>timens</strong></span> <span class='ocrx_word' id='word_1_644' title='bbox 1192 4561 1360 4617; x_wconf 90' lang='lat' dir='ltr'><strong>Deum</strong></span> <span class='ocrx_word' id='word_1_645' title='bbox 1380 4577 1504 4616; x_wconf 88' lang='lat' dir='ltr'><strong>cum</strong></span> <span class='ocrx_word' id='word_1_646' title='bbox 1523 4562 1671 4616; x_wconf 91' lang='lat' dir='ltr'><strong>omni</strong></span> <span class='ocrx_word' id='word_1_647' title='bbox 1697 4563 1860 4617; x_wconf 92' lang='lat' dir='ltr'><strong>domo</strong></span> <span class='ocrx_word' id='word_1_648' title='bbox 1887 4579 2010 4628; x_wconf 89' lang='lat' dir='ltr'><strong>sua,</strong></span> 
     </span>
    </p>
   </div>
   <div class='ocr_carea' id='block_1_93' title="bbox 435 4654 2010 4725">
    <p class='ocr_par' dir='ltr' id='par_1_93' title="bbox 435 4654 2010 4725">
     <span class='ocr_line' id='line_1_93' title="bbox 435 4654 2010 4725; baseline -0.003 -14"><span class='ocrx_word' id='word_1_649' title='bbox 435 4657 647 4712; x_wconf 83' lang='lat' dir='ltr'><strong>faciens</strong></span> <span class='ocrx_word' id='word_1_650' title='bbox 659 4655 1037 4725; x_wconf 83' lang='lat' dir='ltr'><strong>eleemosynas</strong></span> <span class='ocrx_word' id='word_1_651' title='bbox 1052 4654 1252 4709; x_wconf 85' lang='lat' dir='ltr'><strong>multas</strong></span> <span class='ocrx_word' id='word_1_652' title='bbox 1264 4654 1489 4724; x_wconf 84' lang='lat' dir='ltr'><strong>plebi,et</strong></span> <span class='ocrx_word' id='word_1_653' title='bbox 1513 4656 1817 4723; x_wconf 81' lang='lat' dir='ltr'><strong>deprecans</strong></span> <span class='ocrx_word' id='word_1_654' title='bbox 1841 4654 2010 4708; x_wconf 88' lang='lat' dir='ltr'><strong>Deum</strong></span> 
     </span>
    </p>
   </div>
   <div class='ocr_carea' id='block_1_94' title="bbox 434 4744 2009 4817">
    <p class='ocr_par' dir='ltr' id='par_1_94' title="bbox 434 4744 2009 4817">
     <span class='ocr_line' id='line_1_94' title="bbox 434 4744 2009 4817; baseline -0.001 -15"><span class='ocrx_word' id='word_1_655' title='bbox 434 4763 671 4817; x_wconf 72' lang='lat' dir='ltr'><strong>semper.</strong></span> <span class='ocrx_word' id='word_1_656' title='bbox 715 4746 766 4803; x_wconf 87' lang='lat' dir='ltr'><strong>Is</strong></span> <span class='ocrx_word' id='word_1_657' title='bbox 798 4745 933 4801; x_wconf 83' lang='lat' dir='ltr'><strong>vidit</strong></span> <span class='ocrx_word' id='word_1_658' title='bbox 965 4747 1019 4799; x_wconf 92' lang='lat' dir='ltr'><strong>in</strong></span> <span class='ocrx_word' id='word_1_659' title='bbox 1060 4744 1178 4799; x_wconf 84' lang='lat' dir='ltr'><strong>visu</strong></span> <span class='ocrx_word' id='word_1_660' title='bbox 1212 4744 1523 4810; x_wconf 80' lang='lat' dir='ltr'><strong>manifeste,</strong></span> <span class='ocrx_word' id='word_1_661' title='bbox 1546 4746 1703 4816; x_wconf 77' lang='lat' dir='ltr'><strong>quasi</strong></span> <span class='ocrx_word' id='word_1_662' title='bbox 1745 4747 1878 4800; x_wconf 87' lang='lat' dir='ltr'><strong>hora</strong></span> <span class='ocrx_word' id='word_1_663' title='bbox 1904 4746 2009 4800; x_wconf 86' lang='lat' dir='ltr'><strong>dici</strong></span> 
     </span>
    </p>
   </div>
   <div class='ocr_carea' id='block_1_95' title="bbox 436 4826 2006 4907">
    <p class='ocr_par' dir='ltr' id='par_1_95' title="bbox 436 4826 2006 4907">
     <span class='ocr_line' id='line_1_95' title="bbox 436 4826 2006 4907; baseline -0.001 -14"><span class='ocrx_word' id='word_1_664' title='bbox 436 4853 608 4903; x_wconf 80' lang='lat' dir='ltr'><strong>nona,</strong></span> <span class='ocrx_word' id='word_1_665' title='bbox 635 4838 887 4907; x_wconf 79' lang='lat' dir='ltr'><strong>angelum</strong></span> <span class='ocrx_word' id='word_1_666' title='bbox 921 4835 1015 4891; x_wconf 89' lang='lat' dir='ltr'><strong>Dei</strong></span> <span class='ocrx_word' id='word_1_667' title='bbox 1054 4836 1421 4892; x_wconf 87' lang='lat' dir='ltr'><strong>introeuntem</strong></span> <span class='ocrx_word' id='word_1_668' title='bbox 1455 4826 1525 4891; x_wconf 83' lang='lat' dir='ltr'><strong>ad</strong></span> <span class='ocrx_word' id='word_1_669' title='bbox 1559 4853 1617 4892; x_wconf 86' lang='lat' dir='ltr'><strong>se</strong></span> <span class='ocrx_word' id='word_1_670' title='bbox 1635 4846 1690 4893; x_wconf 88' lang='lat' dir='ltr'><strong>et</strong></span> <span class='ocrx_word' id='word_1_671' title='bbox 1734 4838 2006 4892; x_wconf 90' lang='lat' dir='ltr'><strong>dicentem</strong></span> 
     </span>
    </p>
   </div>
   <div class='ocr_carea' id='block_1_96' title="bbox 434 4914 2011 4999">
    <p class='ocr_par' dir='ltr' id='par_1_96' title="bbox 434 4914 2011 4999">
     <span class='ocr_line' id='line_1_96' title="bbox 434 4914 2011 4999; baseline 0.001 -17"><span class='ocrx_word' id='word_1_672' title='bbox 434 4930 538 4983; x_wconf 85' lang='lat' dir='ltr'><strong>sibi</strong></span> <span class='ocrx_word' id='word_1_673' title='bbox 576 4945 590 4981; x_wconf 89' lang='lat'><strong>:</strong></span> <span class='ocrx_word' id='word_1_674' title='bbox 629 4926 869 4982; x_wconf 83' lang='lat' dir='ltr'><strong>Corneli.</strong></span> <span class='ocrx_word' id='word_1_675' title='bbox 900 4926 1088 4981; x_wconf 82' lang='lat' dir='ltr'><strong>Atille</strong></span> <span class='ocrx_word' id='word_1_676' title='bbox 1145 4928 1367 4981; x_wconf 85' lang='lat' dir='ltr'><strong>intuens</strong></span> <span class='ocrx_word' id='word_1_677' title='bbox 1396 4942 1540 4991; x_wconf 87' lang='lat' dir='ltr'><strong>eum,</strong></span> <span class='ocrx_word' id='word_1_678' title='bbox 1582 4914 1772 4999; x_wconf 61' lang='grc'><strong>’244</strong></span> <span class='ocrx_word' id='word_1_679' title='bbox 1812 4929 2011 4984; x_wconf 53' lang='lat' dir='ltr'><strong>timore</strong></span> 
     </span>
    </p>
   </div>
   <div class='ocr_carea' id='block_1_97' title="bbox 432 5020 2007 5092">
    <p class='ocr_par' dir='ltr' id='par_1_97' title="bbox 432 5020 2007 5092">
     <span class='ocr_line' id='line_1_97' title="bbox 432 5020 2007 5092; baseline -0.001 -16"><span class='ocrx_word' id='word_1_680' title='bbox 432 5032 723 5092; x_wconf 68' lang='lat' dir='ltr'><strong>correptus</strong></span> <span class='ocrx_word' id='word_1_681' title='bbox 782 5022 959 5077; x_wconf 72' lang='lat' dir='ltr'><strong>dixit:</strong></span> <span class='ocrx_word' id='word_1_682' title='bbox 997 5022 1142 5088; x_wconf 83' lang='lat' dir='ltr'><strong>Quid</strong></span> <span class='ocrx_word' id='word_1_683' title='bbox 1175 5030 1279 5087; x_wconf 87' lang='lat' dir='ltr'><strong>est,</strong></span> <span class='ocrx_word' id='word_1_684' title='bbox 1328 5020 1605 5076; x_wconf 83' lang='lat' dir='ltr'><strong>Domine?</strong></span> <span class='ocrx_word' id='word_1_685' title='bbox 1656 5023 2007 5075; x_wconf 68' lang='lat' dir='ltr'><strong>Dixitautem</strong></span> 
     </span>
    </p>
   </div>
   <div class='ocr_carea' id='block_1_98' title="bbox 429 5111 2007 5182">
    <p class='ocr_par' dir='ltr' id='par_1_98' title="bbox 429 5111 2007 5182">
     <span class='ocr_line' id='line_1_98' title="bbox 429 5111 2007 5182; baseline -0.001 -13"><span class='ocrx_word' id='word_1_686' title='bbox 429 5117 505 5169; x_wconf 89' lang='lat' dir='ltr'><strong>illi</strong></span> <span class='ocrx_word' id='word_1_687' title='bbox 545 5114 873 5169; x_wconf 81' lang='lat' dir='ltr'><strong>:Urationes</strong></span> <span class='ocrx_word' id='word_1_688' title='bbox 907 5124 1011 5168; x_wconf 64' lang='lat' dir='ltr'><strong>tum</strong></span> <span class='ocrx_word' id='word_1_689' title='bbox 1028 5122 1083 5167; x_wconf 89' lang='lat' dir='ltr'><strong>et</strong></span> <span class='ocrx_word' id='word_1_690' title='bbox 1107 5112 1468 5182; x_wconf 74' lang='lat' dir='ltr'><strong>eleemosynae</strong></span> <span class='ocrx_word' id='word_1_691' title='bbox 1499 5121 1606 5167; x_wconf 74' lang='lat' dir='ltr'><strong>tuae</strong></span> <span class='ocrx_word' id='word_1_692' title='bbox 1641 5111 2007 5168; x_wconf 84' lang='lat' dir='ltr'><strong>ascenderunt</strong></span> 
     </span>
    </p>
   </div>
   <div class='ocr_carea' id='block_1_99' title="bbox 2124 4558 3702 4635">
    <p class='ocr_par' dir='ltr' id='par_1_99' title="bbox 2124 4558 3702 4635">
     <span class='ocr_line' id='line_1_99' title="bbox 2124 4558 3702 4635; baseline 0.003 -24"><span class='ocrx_word' id='word_1_693' title='bbox 2124 4559 2355 4629; x_wconf 77' lang='grc' dir='ltr'>εὐσεϐὴς</span> <span class='ocrx_word' id='word_1_694' title='bbox 2378 4560 2475 4613; x_wconf 73' lang='grc' dir='ltr'>καὶ</span> <span class='ocrx_word' id='word_1_695' title='bbox 2505 4558 2671 4630; x_wconf 80' lang='grc' dir='ltr'>φοϐοῦ</span> <span class='ocrx_word' id='word_1_696' title='bbox 2681 4574 2840 4628; x_wconf 90' lang='grc' dir='ltr'>μενος</span> <span class='ocrx_word' id='word_1_697' title='bbox 2863 4558 2955 4610; x_wconf 75' lang='grc' dir='ltr'>τὸν</span> <span class='ocrx_word' id='word_1_698' title='bbox 2985 4560 3137 4625; x_wconf 75' lang='grc' dir='ltr'>Θεὸν,</span> <span class='ocrx_word' id='word_1_699' title='bbox 3163 4561 3258 4613; x_wconf 81' lang='grc' dir='ltr'><strong>σὺν</strong></span> <span class='ocrx_word' id='word_1_700' title='bbox 3288 4563 3445 4614; x_wconf 73' lang='grc' dir='ltr'>παντὶ</span> <span class='ocrx_word' id='word_1_701' title='bbox 3470 4563 3547 4633; x_wconf 82' lang='grc' dir='ltr'><strong>τῷ</strong></span> <span class='ocrx_word' id='word_1_702' title='bbox 3568 4568 3702 4635; x_wconf 73' lang='grc' dir='ltr'>οἴκῳ</span> 
     </span>
    </p>
   </div>
   <div class='ocr_carea' id='block_1_100' title="bbox 2123 4646 3701 4721">
    <p class='ocr_par' dir='ltr' id='par_1_100' title="bbox 2123 4646 3701 4721">
     <span class='ocr_line' id='line_1_100' title="bbox 2123 4646 3701 4721; baseline 0.002 -19"><span class='ocrx_word' id='word_1_703' title='bbox 2123 4648 2313 4715; x_wconf 82' lang='grc' dir='ltr'>αὑτοῦ,</span> <span class='ocrx_word' id='word_1_704' title='bbox 2346 4651 2517 4702; x_wconf 83' lang='grc' dir='ltr'>ποιῶν</span> <span class='ocrx_word' id='word_1_705' title='bbox 2550 4666 2609 4701; x_wconf 88' lang='grc' dir='ltr'><strong>τε</strong></span> <span class='ocrx_word' id='word_1_706' title='bbox 2655 4646 3022 4718; x_wconf 76' lang='grc' dir='ltr'>ἐλεημοσύνας</span> <span class='ocrx_word' id='word_1_707' title='bbox 3070 4648 3271 4712; x_wconf 75' lang='grc' dir='ltr'>πολλὰς</span> <span class='ocrx_word' id='word_1_708' title='bbox 3321 4651 3399 4721; x_wconf 78' lang='grc' dir='ltr'>τῷ</span> <span class='ocrx_word' id='word_1_709' title='bbox 3442 4651 3575 4721; x_wconf 84' lang='grc' dir='ltr'>λαῷ,</span> <span class='ocrx_word' id='word_1_710' title='bbox 3607 4662 3701 4705; x_wconf 75' lang='grc' dir='ltr'>καὶ</span> 
     </span>
    </p>
   </div>
   <div class='ocr_carea' id='block_1_101' title="bbox 2121 4735 3700 4815">
    <p class='ocr_par' dir='ltr' id='par_1_101' title="bbox 2121 4735 3700 4815">
     <span class='ocr_line' id='line_1_101' title="bbox 2121 4735 3700 4815; baseline 0.002 -23"><span class='ocrx_word' id='word_1_711' title='bbox 2121 4740 2375 4811; x_wconf 81' lang='grc' dir='ltr'>δεόμενος</span> <span class='ocrx_word' id='word_1_712' title='bbox 2414 4738 2510 4794; x_wconf 89' lang='grc' dir='ltr'><strong>τοῦ</strong></span> <span class='ocrx_word' id='word_1_713' title='bbox 2556 4738 2695 4793; x_wconf 82' lang='grc' dir='ltr'>Θεοῦ</span> <span class='ocrx_word' id='word_1_714' title='bbox 2743 4738 2830 4792; x_wconf 72' lang='grc' dir='ltr'><strong>διὰ</strong></span> <span class='ocrx_word' id='word_1_715' title='bbox 2874 4739 3095 4801; x_wconf 80' lang='grc' dir='ltr'>παντός.</span> <span class='ocrx_word' id='word_1_716' title='bbox 3151 4735 3305 4794; x_wconf 73' lang='grc' dir='ltr'>Εἶδεν</span> <span class='ocrx_word' id='word_1_717' title='bbox 3356 4745 3413 4794; x_wconf 79' lang='grc' dir='ltr'>ὲν</span> <span class='ocrx_word' id='word_1_718' title='bbox 3462 4745 3700 4815; x_wconf 76' lang='grc' dir='ltr'>ὁράματι</span> 
     </span>
    </p>
   </div>
   <div class='ocr_carea' id='block_1_102' title="bbox 2122 4830 3705 4905">
    <p class='ocr_par' dir='ltr' id='par_1_102' title="bbox 2122 4830 3705 4905">
     <span class='ocr_line' id='line_1_102' title="bbox 2122 4830 3705 4905; baseline -0.006 -19"><span class='ocrx_word' id='word_1_719' title='bbox 2122 4831 2392 4905; x_wconf 82' lang='grc' dir='ltr'>φανερῶς,</span> <span class='ocrx_word' id='word_1_720' title='bbox 2414 4832 2489 4896; x_wconf 85' lang='grc' dir='ltr'>ὡς</span> <span class='ocrx_word' id='word_1_721' title='bbox 2517 4832 2645 4902; x_wconf 76' lang='grc' dir='ltr'>περὶ</span> <span class='ocrx_word' id='word_1_722' title='bbox 2675 4830 2824 4902; x_wconf 83' lang='grc' dir='ltr'>ὤραν</span> <span class='ocrx_word' id='word_1_723' title='bbox 2852 4832 3084 4901; x_wconf 78' lang='grc' dir='ltr'>ὲννὰτην</span> <span class='ocrx_word' id='word_1_724' title='bbox 3121 4832 3223 4901; x_wconf 81' lang='grc' dir='ltr'>τῆς</span> <span class='ocrx_word' id='word_1_725' title='bbox 3258 4834 3493 4905; x_wconf 70' lang='grc' dir='ltr'>ἡμέρας,</span> <span class='ocrx_word' id='word_1_726' title='bbox 3528 4836 3705 4904; x_wconf 72' lang='grc' dir='ltr'>ἄγγε-</span> 
     </span>
    </p>
   </div>
   <div class='ocr_carea' id='block_1_103' title="bbox 2114 4924 3701 5001">
    <p class='ocr_par' dir='ltr' id='par_1_103' title="bbox 2114 4924 3701 5001">
     <span class='ocr_line' id='line_1_103' title="bbox 2114 4924 3701 5001; baseline 0 -22"><span class='ocrx_word' id='word_1_727' title='bbox 2114 4925 2207 5001; x_wconf 63' lang='grc' dir='ltr'><strong>λον</strong></span> <span class='ocrx_word' id='word_1_728' title='bbox 2228 4926 2322 4979; x_wconf 89' lang='grc' dir='ltr'><strong>τοῦ</strong></span> <span class='ocrx_word' id='word_1_729' title='bbox 2354 4924 2489 4978; x_wconf 81' lang='grc' dir='ltr'>Θεοῦ</span> <span class='ocrx_word' id='word_1_730' title='bbox 2529 4924 2861 4988; x_wconf 78' lang='grc' dir='ltr'>εἰσελθόντα,</span> <span class='ocrx_word' id='word_1_731' title='bbox 2892 4924 2988 4977; x_wconf 77' lang='grc' dir='ltr'><strong>καὶ</strong></span> <span class='ocrx_word' id='word_1_732' title='bbox 3019 4924 3246 4979; x_wconf 76' lang='grc' dir='ltr'>εἰπόντα</span> <span class='ocrx_word' id='word_1_733' title='bbox 3272 4926 3453 4997; x_wconf 81' lang='grc' dir='ltr'>αὐτῷ·</span> <span class='ocrx_word' id='word_1_734' title='bbox 3492 4929 3701 4999; x_wconf 76' lang='grc' dir='ltr'>Κορνή-</span> 
     </span>
    </p>
   </div>
   <div class='ocr_carea' id='block_1_104' title="bbox 2116 5015 3695 5088">
    <p class='ocr_par' dir='ltr' id='par_1_104' title="bbox 2116 5015 3695 5088">
     <span class='ocr_line' id='line_1_104' title="bbox 2116 5015 3695 5088; baseline -0.001 -16"><span class='ocrx_word' id='word_1_735' title='bbox 2116 5018 2219 5073; x_wconf 84' lang='grc' dir='ltr'>λιε,</span> <span class='ocrx_word' id='word_1_736' title='bbox 2258 5019 2316 5071; x_wconf 91' lang='lat'>&#39;0</span> <span class='ocrx_word' id='word_1_737' title='bbox 2344 5017 2400 5071; x_wconf 79' lang='grc' dir='ltr'><strong>δὲ</strong></span> <span class='ocrx_word' id='word_1_738' title='bbox 2448 5017 2700 5080; x_wconf 86' lang='grc' dir='ltr'>ἀτενίσας</span> <span class='ocrx_word' id='word_1_739' title='bbox 2758 5015 2932 5087; x_wconf 83' lang='grc' dir='ltr'>αὐτῷ,</span> <span class='ocrx_word' id='word_1_740' title='bbox 2964 5017 3055 5068; x_wconf 73' lang='grc' dir='ltr'><strong>καὶ</strong></span> <span class='ocrx_word' id='word_1_741' title='bbox 3098 5016 3336 5086; x_wconf 71' lang='grc' dir='ltr'>ἔμφοϐος</span> <span class='ocrx_word' id='word_1_742' title='bbox 3381 5020 3695 5088; x_wconf 84' lang='grc' dir='ltr'>γενόμενος,</span> 
     </span>
    </p>
   </div>
   <div class='ocr_carea' id='block_1_105' title="bbox 2114 5105 3698 5181">
    <p class='ocr_par' dir='ltr' id='par_1_105' title="bbox 2114 5105 3698 5181">
     <span class='ocr_line' id='line_1_105' title="bbox 2114 5105 3698 5181; baseline 0 -18"><span class='ocrx_word' id='word_1_743' title='bbox 2114 5107 2270 5164; x_wconf 76' lang='grc' dir='ltr'>εἷπε’</span> <span class='ocrx_word' id='word_1_744' title='bbox 2304 5111 2369 5163; x_wconf 84' lang='grc' dir='ltr'>Τί</span> <span class='ocrx_word' id='word_1_745' title='bbox 2402 5112 2538 5174; x_wconf 73' lang='grc' dir='ltr'>ἐστι,</span> <span class='ocrx_word' id='word_1_746' title='bbox 2572 5110 2781 5181; x_wconf 74' lang='grc' dir='ltr'>Κύριες</span> <span class='ocrx_word' id='word_1_747' title='bbox 2830 5110 2889 5163; x_wconf 80' lang='lat'>&#39;0</span> <span class='ocrx_word' id='word_1_748' title='bbox 2914 5109 2970 5162; x_wconf 83' lang='grc' dir='ltr'>δὲ</span> <span class='ocrx_word' id='word_1_749' title='bbox 3012 5105 3168 5161; x_wconf 80' lang='grc' dir='ltr'>εἶπεν</span> <span class='ocrx_word' id='word_1_750' title='bbox 3206 5110 3384 5179; x_wconf 81' lang='grc' dir='ltr'>αὐτῷ·</span> <span class='ocrx_word' id='word_1_751' title='bbox 3418 5112 3488 5173; x_wconf 76' lang='grc' dir='ltr'>Δί</span> <span class='ocrx_word' id='word_1_752' title='bbox 3526 5127 3698 5181; x_wconf 57' lang='grc' dir='ltr'>προσ.</span> 
     </span>
    </p>
   </div>
   <div class='ocr_carea' id='block_1_106' title="bbox 429 5201 2026 5276">
    <p class='ocr_par' dir='ltr' id='par_1_106' title="bbox 429 5203 2007 5276">
     <span class='ocr_line' id='line_1_106' title="bbox 429 5203 2007 5276; baseline -0.001 -16"><span class='ocrx_word' id='word_1_753' title='bbox 429 5208 483 5260; x_wconf 90' lang='lat' dir='ltr'><strong>in</strong></span> <span class='ocrx_word' id='word_1_754' title='bbox 516 5206 833 5261; x_wconf 85' lang='lat' dir='ltr'><strong>memoriam</strong></span> <span class='ocrx_word' id='word_1_755' title='bbox 860 5206 915 5263; x_wconf 85' lang='lat' dir='ltr'><strong>in</strong></span> <span class='ocrx_word' id='word_1_756' title='bbox 950 5214 1249 5276; x_wconf 84' lang='lat' dir='ltr'><strong>conspectu</strong></span> <span class='ocrx_word' id='word_1_757' title='bbox 1266 5203 1383 5262; x_wconf 83' lang='lat' dir='ltr'><strong>Dei.</strong></span> <span class='ocrx_word' id='word_1_758' title='bbox 1404 5206 1469 5260; x_wconf 79' lang='lat' dir='ltr'><strong>Et</strong></span> <span class='ocrx_word' id='word_1_759' title='bbox 1499 5221 1645 5260; x_wconf 87' lang='lat' dir='ltr'><strong>nunc</strong></span> <span class='ocrx_word' id='word_1_760' title='bbox 1678 5204 1834 5260; x_wconf 85' lang='lat' dir='ltr'><strong>mitte</strong></span> <span class='ocrx_word' id='word_1_761' title='bbox 1861 5207 2007 5259; x_wconf 78' lang='lat' dir='ltr'><strong>viros</strong></span> 
     </span>
    </p>
   </div>
   <div class='ocr_carea' id='block_1_107' title="bbox 2130 5201 3697 5276">
    <p class='ocr_par' dir='ltr' id='par_1_107' title="bbox 2130 5201 3697 5274">
     <span class='ocr_line' id='line_1_107' title="bbox 2130 5201 3697 5274; baseline -0.001 -19"><span class='ocrx_word' id='word_1_762' title='bbox 2130 5203 2271 5274; x_wconf 74' lang='grc' dir='ltr'>ευχαί</span> <span class='ocrx_word' id='word_1_763' title='bbox 2320 5220 2413 5255; x_wconf 83' lang='grc' dir='ltr'><strong>σου</strong></span> <span class='ocrx_word' id='word_1_764' title='bbox 2466 5202 2555 5255; x_wconf 71' lang='grc' dir='ltr'><strong>καί</strong></span> <span class='ocrx_word' id='word_1_765' title='bbox 2608 5206 2661 5255; x_wconf 85' lang='grc' dir='ltr'>αἱ</span> <span class='ocrx_word' id='word_1_766' title='bbox 2720 5201 3085 5272; x_wconf 74' lang='grc' dir='ltr'>ἐλεημοσύναι</span> <span class='ocrx_word' id='word_1_767' title='bbox 3142 5217 3233 5254; x_wconf 87' lang='grc' dir='ltr'><strong>σου</strong></span> <span class='ocrx_word' id='word_1_768' title='bbox 3286 5201 3561 5272; x_wconf 59' lang='grc' dir='ltr'>ἀνέδησαν</span> <span class='ocrx_word' id='word_1_769' title='bbox 3615 5204 3697 5267; x_wconf 71' lang='grc' dir='ltr'><strong>εἷς</strong></span> 
     </span>
    </p>
   </div>
   <div class='ocr_carea' id='block_1_108' title="bbox 502 5357 1017 5425">
    <p class='ocr_par' dir='ltr' id='par_1_108' title="bbox 502 5357 1017 5425">
     <span class='ocr_line' id='line_1_108' title="bbox 502 5357 1017 5425; baseline -0.002 -11"><span class='ocrx_word' id='word_1_770' title='bbox 502 5361 547 5392; x_wconf 76' lang='grc'><strong><em>⁸⁸</em></strong></span> <span class='ocrx_word' id='word_1_771' title='bbox 581 5361 597 5414; x_wconf 95' lang='lat' dir='ltr'><strong>l</strong></span> <span class='ocrx_word' id='word_1_772' title='bbox 628 5361 755 5416; x_wconf 81' lang='lat' dir='ltr'><strong>Cor.</strong></span> <span class='ocrx_word' id='word_1_773' title='bbox 788 5375 897 5425; x_wconf 76' lang='lat' dir='ltr'><strong>xiv,</strong></span> <span class='ocrx_word' id='word_1_774' title='bbox 923 5357 1017 5413; x_wconf 75' lang='lat'><strong>22.</strong></span> 
     </span>
    </p>
   </div>
   <div class='ocr_carea' id='block_1_109' title="bbox 1620 5470 2508 5536">
    <p class='ocr_par' dir='ltr' id='par_1_109' title="bbox 1620 5470 2508 5536">
     <span class='ocr_line' id='line_1_109' title="bbox 1620 5470 2508 5536; baseline -0.003 0"><span class='ocrx_word' id='word_1_775' title='bbox 1620 5471 1819 5536; x_wconf 63' lang='lat' dir='ltr'><strong>Varia)</strong></span> <span class='ocrx_word' id='word_1_776' title='bbox 1858 5470 2164 5533; x_wconf 85' lang='lat' dir='ltr'><strong>lectiones</strong></span> <span class='ocrx_word' id='word_1_777' title='bbox 2209 5482 2268 5532; x_wconf 85' lang='lat' dir='ltr'><strong>et</strong></span> <span class='ocrx_word' id='word_1_778' title='bbox 2316 5479 2508 5533; x_wconf 60' lang='lat' dir='ltr'><strong>notos.</strong></span> 
     </span>
    </p>
   </div>
   <div class='ocr_carea' id='block_1_110' title="bbox 501 5599 1399 5678">
    <p class='ocr_par' dir='ltr' id='par_1_110' title="bbox 501 5599 1399 5678">
     <span class='ocr_line' id='line_1_110' title="bbox 501 5599 1399 5678; baseline -0.006 -20"><span class='ocrx_word' id='word_1_779' title='bbox 501 5607 749 5678; x_wconf 65' lang='grc' dir='ltr'>υῆτουν.</span> <span class='ocrx_word' id='word_1_780' title='bbox 824 5603 871 5635; x_wconf 81' lang='grc'><strong>⁸³</strong></span> <span class='ocrx_word' id='word_1_781' title='bbox 893 5602 1168 5666; x_wconf 76' lang='grc' dir='ltr'>ἀπίστοις.</span> <span class='ocrx_word' id='word_1_782' title='bbox 1244 5601 1293 5632; x_wconf 70' lang='grc'>⁸⁸</span> <span class='ocrx_word' id='word_1_783' title='bbox 1328 5599 1399 5653; x_wconf 75' lang='lat' dir='ltr'><strong>ot.</strong></span> 
     </span>
    </p>
   </div>
   <div class='ocr_carea' id='block_1_111' title="bbox 502 5760 2923 5841">
    <p class='ocr_par' dir='ltr' id='par_1_111' title="bbox 502 5760 2923 5841">
     <span class='ocr_line' id='line_1_111' title="bbox 502 5760 2923 5841; baseline -0.001 -17"><span class='ocrx_word' id='word_1_784' title='bbox 502 5768 611 5839; x_wconf 75' lang='grc' dir='ltr'><strong>(Π)</strong></span> <span class='ocrx_word' id='word_1_785' title='bbox 650 5766 873 5823; x_wconf 67' lang='lat' dir='ltr'><strong>Tabitbq</strong></span> <span class='ocrx_word' id='word_1_786' title='bbox 916 5767 1139 5841; x_wconf 81' lang='lat' dir='ltr'><strong>Syriaco</strong></span> <span class='ocrx_word' id='word_1_787' title='bbox 1169 5778 1224 5828; x_wconf 91' lang='lat' dir='ltr'><strong>et</strong></span> <span class='ocrx_word' id='word_1_788' title='bbox 1266 5768 1464 5825; x_wconf 76' lang='lat' dir='ltr'><strong>Dorcas</strong></span> <span class='ocrx_word' id='word_1_789' title='bbox 1498 5768 1684 5827; x_wconf 73' lang='lat' dir='ltr'><strong>Grzeec</strong></span> <span class='ocrx_word' id='word_1_790' title='bbox 1730 5768 1871 5826; x_wconf 90' lang='lat' dir='ltr'><strong>idem</strong></span> <span class='ocrx_word' id='word_1_791' title='bbox 1911 5776 1994 5825; x_wconf 90' lang='lat' dir='ltr'><strong>est</strong></span> <span class='ocrx_word' id='word_1_792' title='bbox 2034 5782 2095 5823; x_wconf 89' lang='lat' dir='ltr'><strong>ac</strong></span> <span class='ocrx_word' id='word_1_793' title='bbox 2130 5760 2319 5823; x_wconf 79' lang='lat' dir='ltr'><strong>Latine</strong></span> <span class='ocrx_word' id='word_1_794' title='bbox 2358 5783 2572 5836; x_wconf 78' lang='lat' dir='ltr'><strong>caprea,</strong></span> <span class='ocrx_word' id='word_1_795' title='bbox 2615 5782 2710 5824; x_wconf 81' lang='lat' dir='ltr'><strong>seu</strong></span> <span class='ocrx_word' id='word_1_796' title='bbox 2739 5770 2923 5822; x_wconf 74' lang='lat' dir='ltr'><strong>Jama.</strong></span> 
     </span>
    </p>
   </div>
  </div>
