4082 6416
331 910 343 949 l

384 457 488 521 941

1020 451 1559 515 EXPOSITIONIS
1602 454 1683 515 IN
1738 452 1929 514 ACTA
1957 448 2256 509 TEXTUS
2295 446 2565 504 ALTER.
2602 470 2670 480 -
2706 444 2865 504 CAP.
2906 445 3000 506 Χ..

3517 444 3624 507 9έὲ

383 573 729 644 μνημόσυνον
768 571 1000 625 ἐνώπιον
1028 572 1122 624 τοῦ
1152 569 1310 624 Θεοῦ.
1341 570 1451 623 Καὶ
1497 568 1593 623 νῦν
1623 569 1839 639 πέμψον
1867 569 1945 630 εἱς

2064 583 2104 617 ιι
2136 564 2366 633 .loppeu,
2394 572 2447 616 et
2484 561 2689 615 accersi
2724 559 3001 615 Simonem
3047 559 3364 630 quemdam,
3414 562 3507 630 qui
3530 577 3626 616 co-

392 666 616 735 Ίότιπην
643 663 863 733 ἄνδρας,
897 664 990 716 καὶ
1026 662 1393 732 μετακάλεσαι
1426 662 1666 733 Σίμωνα,
1703 661 1793 714 τόν
1828 662 1952 712 ἑπι-

381 754 717 825 καλούμενον
740 753 969 825 Πέτρον,
988 754 1082 805 καὶ
1117 752 1280 815 αὐτὸς
1309 753 1426 805 ἐστι
1454 751 1791 820 ξενιζόμενος
1813 748 1953 821 πρὸς

378 849 471 902 τὸν
505 849 725 918 Σίμωνα
752 847 843 900 τὸν
888 847 1112 917 βυρσέα,
1142 838 1187 913 ᾧ
1211 846 1361 897 ἔστιν
1386 844 1536 898 οίκία
1572 843 1726 914 παρά
1754 842 1956 896 θάλασ-

381 958 503 993 σαν.
562 934 732 1003 Οὗτος
752 939 979 1010 λαλήσει
1038 956 1121 991 σοι
1174 937 1229 990 τί
1278 954 1338 990 σε
1389 936 1468 989 δεῖ
1521 938 1718 991 ποιεῖν.
1763 935 1852 998 Ὠς
1900 935 1956 989 δὲ

380 1032 627 1102 ἀπῆλθεν
658 1035 685 1084 6
713 1031 945 1099 ἄγγελος
977 1034 1004 1084 6
1035 1030 1215 1084 λαλῶν
1244 1029 1321 1100 τῷ
1361 1029 1669 1100 Κορνηλίῳ,
1699 1029 1957 1098 φωνήσας

380 1125 476 1179 δύο
497 1123 606 1179 τῶν
634 1123 863 1177 οἰκετῶν
889 1121 1076 1185 αὑτοῦ,
1109 1122 1205 1175 καὶ
1239 1120 1584 1191 στρατιώτην
1620 1119 1819 1191 εὐσεϐῆ
1848 1118 1957 1171 τῶν

383 1215 944 1287 προσκαρτερούντων
991 1214 1163 1286 αύτῷ,
1191 1214 1286 1269 καὶ
1331 1214 1744 1284 ἐξηγησάμενος
1774 1212 1958 1276 αὐτοῖς

385 1309 625 1376 ἅπαντα,
657 1308 979 1363 ἀπέστειλεν
1022 1309 1218 1372 αὐτοὺς
1246 1309 1327 1372 είς
1364 1309 1464 1381 τὴν
1503 1307 1745 1378 Ἰόππην.
1783 1308 1864 1377 Τῇ
1899 1307 1958 1361 δὲ

385 1402 673 1473 ἐπαύριον,
698 1399 1124 1472 ὁδοιπορούντων
1153 1398 1399 1462 ἐκείνων,
1418 1399 1510 1452 κῶι
1533 1400 1599 1470 τῇ
1627 1398 1781 1451 πόλει
1811 1398 1962 1465 ἐγγι-

384 1491 609 1554 ζόντων,
647 1490 812 1561 ἀνέϐη
865 1491 1073 1563 Πέτρος
1116 1491 1209 1544 ἐπὶ
1247 1489 1309 1544 τὺ
1351 1489 1509 1560 δῶμα
1554 1488 1958 1557 προσεύξασθαι

385 1600 453 1635 πε
465 1583 516 1652 ρὶ
542 1582 693 1654 ὤραν
730 1582 919 1654 ἓκτην.
957 1582 1206 1652 Ἐγένετο
1236 1581 1292 1635 δὲ
1320 1581 1666 1655 πρόσπεινος,
1687 1582 1778 1635 καὶ
1801 1580 1958 1651 ἧθελε

389 1674 716 1740 γεύσασθαι.
747 1671 1287 1744 Παρασκευαζόντων
1318 1673 1375 1727 δὲ
1417 1672 1664 1736 ἐκείνων,
1693 1672 1960 1725 ἐπέπεσεν

385 1766 475 1818 ἐπ’
502 1765 665 1819 αὐτὴν
699 1764 974 1829 ἔκστασις,
1015 1763 1111 1817 καὶ
1145 1763 1345 1836 θεωρεῖ
1379 1764 1472 1816 τὸν
1508 1763 1736 1835 οὖρανὺν
1789 1764 1959 1834 ἀνεῳ-

384 1857 607 1926 γμένον,
644 1860 739 1910 καὶ
772 1856 1071 1928 τέσσαρσιν
1102 1857 1301 1926 ἀργαῖς
1344 1855 1631 1926 δεδεμένον
1678 1856 1871 1919 σκεῦός
1907 1874 1960 1910 τι

384 1948 458 2014 ὼς
491 1948 683 2020 ὀθόνην
716 1949 980 2020 μεγάλην,
1014 1948 1342 2003 καταϐαῖνον
1385 1949 1479 2002 καὶ
1510 1947 1837 2019 καθιέμενον
1868 1948 1959 2000 ἐπὶ

385 2038 485 2107 τῆς
526 2038 652 2106 γῆς,
714 2040 773 2091 ἐν
821 2031 864 2105 ᾧ
915 2038 1127 2109 ὑπῆρχε
1180 2038 1362 2092 πάντα
1405 2036 1473 2091 τὰ
1521 2038 1828 2110 τετράποδα
1859 2038 1960 2107 τῆς

384 2130 509 2196 γῆς,
546 2130 639 2183 καὶ
673 2129 743 2182 τὰ
771 2129 956 2202 θηρία,
996 2131 1088 2183 καὶ
1116 2128 1183 2183 τά
1224 2130 1451 2200 ἑρπετὰ,
1492 2130 1587 2182 καὶ
1618 2128 1688 2184 τὰ
1740 2128 1961 2182 πετεινά

384 2220 481 2274 τοῦ
509 2220 761 2292 οὐρανοῦ.
805 2223 916 2276 Καὶ
948 2221 1163 2290 ἐγένετο
1197 2219 1348 2291 φωνὴ
1381 2220 1519 2291 πρὸς
1554 2221 1717 2276 αὐτόν
1744 2234 1760 2250 '
1801 2221 1958 2274 Ἀνα-

387 2313 541 2378 στὰς,
572 2314 770 2385 Πέτρε,
813 2312 998 2377 θῦσον,
1044 2313 1141 2367 xa‘t
1170 2315 1329 2383 φάγε.
1370 2316 1429 2368 '0
1461 2315 1517 2369 δὲ
1555 2317 1759 2386 Πέτρος
1799 2311 1918 2369 εἷπε
1943 2333 1957 2348 ·

387 2402 693 2473 Μηδαμῶς,
734 2403 931 2476 Κύριε,
960 2405 1042 2460 ὅτι
1068 2405 1322 2459 οὐδέποτε
1352 2406 1554 2476 ἔφαγον
1583 2408 1691 2461 πᾶν
1722 2407 1901 2461 κοινὸν
1926 2407 1958 2479 ἦ

388 2494 724 2565 ἀκάθαρτον.
761 2496 871 2549 Καὶ
899 2495 1053 2566 φωνὴ
1081 2497 1245 2550 πάλιν
1286 2498 1350 2550 ὲκ
1391 2496 1649 2568 δευτέρου
1684 2498 1825 2569 πρὸς
1866 2500 1963 2552 αὖε

386 2585 509 2638 τόν·
548 2588 616 2638 Ἀ
664 2588 697 2640 6
748 2584 880 2650 Θεὸς
927 2587 1190 2658 ἐκάθηρε,
1226 2587 1292 2641 σὺ
1338 2586 1415 2659 μὴ
1454 2585 1657 2642 κοίνου.
1690 2589 1865 2642 Τοῦτο
1906 2589 1962 2643 δὲ

388 2676 606 2745 ἐγένετο
632 2676 723 2730 ἐπὶ
760 2678 903 2748 τρὶς,
940 2678 1037 2732 καὶ
1066 2677 1231 2733 πάλιν
1259 2678 1538 2751 ἀνελήφθη
1568 2680 1630 2733 τὸ
1661 2679 1852 2744 σκεῦος
1884 2683 1963 2745 εἰς

389 2768 484 2822 τδν
512 2769 766 2841 οὐρανόν.
803 2769 892 2833 Ὠς
935 2770 993 2823 δὲ
1021 2771 1079 2822 ὲν
1102 2770 1279 2843 ἑαυτῷ
1304 2771 1554 2843 διηπόρει
1587 2772 1615 2824 6
1648 2773 1876 2844 Πέτρος,
1910 2774 1964 2826 τί

391 2859 459 2912 ἂν
482 2860 565 2929 εῖη
596 2860 658 2913 τὸ
686 2861 892 2932 ὅραμα,
915 2859 943 2913 ὃ
974 2858 1102 2924 εἶδε,
1149 2862 1242 2916 καὶ
1294 2862 1402 2916 ἰδοὺ
1432 2864 1480 2916 οἱ
1524 2862 1717 2934 ἄνδρες
1749 2865 1798 2918 oi
1825 2865 1963 2918 ἀπε-

393 2950 686 3021 σταλμένοι
751 2952 903 3024 παρά
969 2953 1275 3023 Κορνηλίου
1308 2994 1322 3017 ,
1365 2952 1799 3026 διερωτήσαντες
1862 2956 1965 3027 τὴν

390 3041 569 3094 οίκίαν
597 3039 692 3093 τοῦ
727 3041 991 3112 Σίμωνος,
1020 3044 1329 3113 ἐπέστησαν
1354 3042 1449 3096 ἐπὶ
1475 3043 1567 3096 τὸν
1588 3042 1839 3099 πυλῶνα’
1869 3045 1965 3099 καὶ

391 3131 767 3202 φωνήσαντες,
792 3129 1179 3196 ἐπυνθάνοντο,
1206 3133 1255 3185 εί
1277 3131 1459 3201 Σίμων
1481 3134 1510 3185 ὁ
1535 3131 1965 3201 ἐπικαλούμενος

2057 653 2409 720 gnominatur
2446 646 2642 704 Petrus
2668 664 2680 701 :
2716 649 2808 704 hic
2831 649 3141 718 hospitatur
3165 650 3310 719 apud
3337 651 3616 708 Simonem

2057 742 2345 813 quemdam
2378 743 2692 807 coriarium,
2727 742 2886 811 cujus
2912 750 2996 796 est
3037 743 3231 797 domus
3255 743 3410 813 juxta
3443 758 3626 800 mare:

2061 838 2148 891 hic
2179 836 2325 891 dicet
2368 836 2490 901 tibi,
2533 835 2662 906 quid
2699 842 2752 891 te
2793 842 3043 904 oporteat
3121 834 3319 891 facere.
3383 836 3448 891 Et
3497 852 3624 892 cum

2058 929 2400 985 discessisset
2446 930 2672 1000 aagelus
2736 929 2827 1001 qui
2876 928 3202 997 loquebatur
3266 928 3365 995 illi,
3419 931 3628 983 vocavit

2058 1019 2198 1076 duos
2219 1020 2551 1075 domesticos
2581 1035 2730 1086 suos,
2760 1027 2814 1075 et
2868 1021 3097 1075 militem
3132 1028 3468 1076 metuentem
3528 1020 3629 1077 do-

2061 1112 2294 1174 minum,
2346 1128 2409 1166 ex
2479 1114 2566 1167 his
2622 1114 2715 1184 qui
2768 1114 2842 1167 illi
2898 1113 3181 1183 parebant.
3244 1112 3456 1179 Quibus
3505 1129 3631 1169 cum

2060 1212 2340 1258 narrasset
2402 1206 2603 1269 omnia,
2667 1204 2816 1260 misit
2859 1204 2981 1261 illos
3025 1204 3080 1258 in
3134 1202 3365 1277 Joppen.
3402 1204 3630 1259 Postera

2059 1307 2237 1349 autem
2263 1295 2372 1361 die,
2416 1297 2518 1349 iter
2546 1296 2651 1350 illis
2680 1296 3013 1351 facientibus
3051 1304 3104 1351 et
3132 1297 3627 1367 appropinquanti-

2059 1387 2164 1443 bus
2190 1389 2419 1453 civitati,
2469 1389 2714 1443 ascendit
2768 1389 2963 1444 Petrus
2999 1389 3054 1443 in
3091 1389 3393 1459 superiora,
3417 1402 3468 1444 ut
3503 1405 3632 1446 ora-

2062 1490 2143 1533 ret
2175 1480 2322 1533 eircu
2355 1481 2542 1533 horam
2576 1489 2807 1537 sextam.
2873 1482 2940 1536 Et
2988 1498 3111 1536 (‘ttttl
3175 1487 3431 1551 esuriret,
3462 1484 3632 1540 voluit

2060 1574 2303 1633 gustare.
2340 1565 2669 1623 Paranttbus
2692 1578 2872 1625 autem
2908 1571 3035 1639 illis,
3065 1575 3263 1629 cecidit
3312 1592 3477 1647 super
3505 1592 3631 1632 eum

2065 1658 2266 1711 mentis
2314 1674 2578 1714 excessus
2636 1677 2649 1711 :
2696 1671 2749 1714 et
2792 1662 2925 1717 vidit
2950 1664 3146 1717 malum
3173 1673 3442 1736 apertum,
3472 1675 3525 1723 et
3543 1667 3637 1722 dc-

2061 1746 2330 1801 scendens
2383 1763 2476 1802 vas
2527 1750 2822 1818 quoddam,
2882 1753 3029 1805 velut
3076 1753 3306 1810 linteum
3354 1771 3634 1827 magnum,

2064 1844 2303 1905 quatuor
2341 1838 2514 1892 initiis
2563 1840 2811 1896 submitti
2843 1842 2911 1897 de
2972 1845 3112 1898 cmlo
3181 1845 3234 1900 in
3302 1853 3529 1903 terram.
3574 1848 3632 1902 in

2060 1941 2170 1997 quo
2220 1938 2376 1983 erant
2408 1932 2588 1984 omnia
2625 1932 2998 2003 quadrupedia
3046 1943 3099 1988 et
3157 1938 3631 2006 serpentiatcrrae.

2060 2027 2116 2073 et
2148 2021 2388 2075 volatilia
2424 2024 2571 2077 caeli.
2609 2022 2673 2077 Et
2730 2023 2871 2079 facta
2895 2035 2978 2081 est
3004 2042 3106 2082 vox
3146 2029 3212 2082 ad
3245 2045 3368 2083 eum
3401 2029 3633 2103 :Surge,

2061 2108 2238 2169 Petre.
2270 2114 2460 2169 occide
2491 2125 2543 2168 et
2576 2116 2864 2171 manduca.
2898 2117 2986 2172 Ait
3014 2127 3197 2175 autem
3237 2118 3434 2177 Petrus
3468 2138 3481 2174 :
3524 2123 3634 2177 Ah-

2061 2204 2153 2266 sit,
2222 2201 2472 2269 Domine,
2547 2207 2676 2274 quia
2738 2222 3019 2277 nunquam
3076 2209 3402 2266 manducavi
3471 2227 3635 2268 omne

2062 2310 2357 2352 commune
2387 2306 2443 2352 et
2482 2297 2840 2353 immundum.
2877 2300 2941 2355 Et
2976 2315 3079 2357 vox
3129 2303 3324 2359 iterum
3393 2304 3636 2360 secundo

2063 2391 2130 2445 ad
2162 2407 2287 2446 eum
2324 2390 2521 2459 :Quod
2551 2391 2693 2447 Deus
2726 2390 3058 2462 puriﬁeavit.
3124 2401 3179 2448 tu
3224 2409 3519 2450 commune
3566 2412 3635 2449 ne

2062 2485 2287 2540 dixeris.
2323 2483 2437 2539 lloc
2460 2494 2643 2540 autem
2704 2485 2907 2538 factum
2941 2494 3022 2539 est
3049 2500 3147 2555 per
3171 2494 3255 2539 ter
3285 2501 3301 2540 :
3357 2492 3411 2539 et
3447 2487 3635 2542 statim

2064 2587 2341 2646 receptum
2402 2587 2485 2635 est
2528 2592 2624 2632 vas
2676 2574 2738 2633 in'
2775 2576 2994 2637 coelum.
3028 2573 3093 2643 Et
3122 2576 3420 2647 dumjntra
3441 2593 3501 2633 se
3530 2580 3637 2633 hae-

2064 2674 2254 2727 sitaret
2297 2669 2793 2741 Petrus,quidnam
2823 2683 2970 2730 esset
2998 2674 3155 2737 visio,
3194 2691 3356 2746 quam
3393 2676 3634 2742 vidisset,

2064 2780 2192 2820 ecce
2222 2764 2320 2819 viri
2350 2763 2441 2835 qui
2484 2764 2637 2820 missi
2681 2774 2839 2820 erant
2879 2780 2910 2820 a
2964 2765 3239 2834 Cornelio,
3297 2768 3638 2839 inquirentes

2065 2859 2287 2911 domum
2325 2855 2587 2922 Simonis,
2621 2857 2911 2913 astiterunt
2974 2860 3039 2913 ad
3088 2859 3337 2930 januam.
3380 2859 3449 2916 Et
3509 2877 3635 2917 cum

2066 2956 2380 3011 vocassent,
2414 2949 2852 3021 interrogabant,
2891 2950 2936 3005 si
2984 2951 3175 3007 Simon
3228 2953 3321 3024 qui
3352 2955 3637 3025 cognomi-

2069 3048 2231 3095 natur
2275 3038 2493 3100 Petrus.
2556 3040 2668 3095 iilie
2717 3041 2944 3097 haberet
2986 3042 3305 3114 hospitium.
3344 3043 3509 3101 Petro
3539 3061 3638 3100 au-

2067 3143 2175 3188 tem
2246 3133 2520 3203 cogitante
2590 3132 2660 3189 de
2724 3134 2956 3199 visione,
3016 3135 3151 3190 dixit
3225 3134 3465 3206 Spiritus
3516 3139 3567 3193 ei
3622 3157 3636 3194 :

393 3223 603 3293 Πέτρος
633 3222 819 3278 ἐνθάδε
852 3222 1144 3288 ξενίζεται.
1177 3223 1282 3277 Τοῦ
1314 3224 1371 3277 δὲ
1404 3224 1613 3292 Πέτρου
1646 3224 1963 3296 διενθυμου-

2071 3226 2209 3282 Ecce
2256 3226 2362 3280 viri
2424 3234 2538 3281 tres
2598 3235 2851 3297 quarunt
2914 3234 2987 3282 te.
3036 3226 3243 3297 Surge.
3278 3230 3487 3301 itaque,
3548 3231 3644 3288 de-

398 3316 563 3387 μένου
598 3316 728 3387 περὶ
756 3317 850 3369 τοῦ
882 3318 1183 3387 ὁράματος,
1213 3312 1367 3369 εἶπεν
1402 3316 1552 3388 αὐτῷ
1597 3317 1675 3370 τὸ»
1706 3317 1963 3387 Πνεῦμα⁶

404 3407 538 3461 Ἰδοὺ
568 3408 761 3479 ἄνδρες
785 3410 935 3480 τρεῖς
973 3406 1199 3480 ζητοῦσι
1232 3424 1291 3461 σε
1316 3423 1330 3439 ο
1359 3407 1497 3462 ἀλλά
1527 3409 1769 3472 ἀναστὰς
1800 3409 1967 3463 κατά·

384 3499 524 3569 »ϐηθι
558 3501 655 3552 καὶ
681 3501 919 3570 πορεύου
955 3499 1054 3554 σὺν
1088 3501 1296 3565 αὐτοῖς,
1335 3500 1505 3573 μηδὲν
1530 3500 1964 3573 διακρινόμενος,

391 3591 530 3645 διότι
559 3590 669 3659 ἐγὼ
700 3591 1020 3646 ἀπέσταλκα
1045 3591 1264 3656 αὐτούς.

980 3684 1365 3739 EPMHNEIA.

466 3763 777 3839 Οὗτοςόύκ
830 3776 977 3829 ἔστιν
1008 3776 1284 3842 Ἰουδαῖος,
1319 3776 1438 3832 οὐδὲ⁵
1482 3776 1592 3831 τῶν
1626 3776 1734 3843 ὑπὸ
1780 3778 1964 3848 νόμον,

394 3865 512 3929 ἀλλ’
545 3866 647 3937 ἤδη
674 3867 997 3938 προειλήφει
1020 3865 1115 3938 τὴν
1136 3868 1413 3938 ἡμετέραν
1440 3867 1739 3923 πολιτείαν.
1764 3866 1967 3921 Τοῦτον

396 3956 521 4011 ἰδὼν
552 3958 580 4010 6
628 3957 727 4025 τῆς
774 3957 1034 4029 ἀ)ηθείας
1059 3956 1106 3989 ⁸⁸
1134 3956 1437 4028 ὀφθαλμὸς,
1480 3958 1563 4011 ὃτι
1595 3957 1737 4012 καλὰ
1776 3958 1876 4028 μὲν
1898 3959 1969 4011 τὰ

393 4050 551 4121 ἔργα,
585 4050 756 4120 νεκρὰ
791 4050 849 4105 δέ
880 4052 1018 4115 ἐστι,
1050 4049 1234 4103 πίστιν
1265 4050 1366 4104 οὐκ
1403 4048 1614 4120 ἔχοντα,
1649 4048 1966 4104 ἀποστέλλει

396 4140 733 4212 βραδεύοντα
753 4141 799 4173 ⁸⁸
825 4143 936 4204 τοῖς
955 4141 1138 4212 ἔργοις
1162 4141 1417 4210 ἄγγελον,
1435 4142 1511 4207 ὡς
1537 4142 1719 4207 καλῶς
1744 4142 1969 4197 ἀθλοῦν-

393 4251 462 4286 τα
499 4232 846 4301 στεφανῶσαι
881 4234 946 4303 τῇ
976 4230 1197 4303 (πίστει.
1231 4230 1406 4284 Τοῦτο
1438 4229 1496 4284 δὲ
1548 4233 1712 4297 ποιεῖ,
1765 4231 1859 4285 καὶ
1887 4232 1968 4294 είς

395 4325 773 4396 πληροφορίαν
794 4322 1035 4394 Πέτρου,
1071 4323 1274 4395 μᾶλλον
1310 4322 1368 4377 δὲ
1399 4323 1508 4377 τῶν
1542 4323 1964 4396 ἀσθενεστέρων.

408 4415 656 4484 Ἐννὰτῃ
676 4415 733 4469 δὲ
759 4415 902 4485 ὥρᾳ,
927 4416 1013 4469 ὅτε
1040 4415 1338 4486 φροντίδων
1359 4415 1550 4487 ἠφίετο
1571 4415 1664 4469 καὶ
1687 4416 1745 4469 ὲν
1767 4414 1969 4487 ἠσυχίᾳ

393 4503 464 4579 ἦν
494 4509 588 4561 καὶ
617 4507 784 4579 πολλῇ
821 4507 1134 4573 κατανύξει.
1170 4507 1270 4562 Διά
1305 4507 1463 4562 τοῦτο
1489 4507 1547 4562 δὲ
1576 4511 1723 4561 ποιεῖ
1749 4507 1844 4562 καὶ
1874 4507 1967 4561 τὸν

2071 3317 2272 3373 scendo
2300 3324 2354 3372 et
2374 3316 2509 3373 vade
2540 3332 2663 3372 cum
2694 3317 2794 3385 eis,
2828 3317 2962 3373 nihil
3000 3317 3300 3387 dubitans,
3352 3321 3483 3390 quia
3538 3337 3642 3396 ego

2070 3410 2194 3465 misi
2224 3410 2369 3466 illos.

2578 3676 3141 3739 COMMENTARIUS.

2141 3768 2435 3826 Cornelius
2467 3784 2577 3825 non
2637 3780 2753 3825 erat
2796 3768 3038 3835 Iudaeus,
3074 3773 3519 3844 nequeMosaieae
3537 3780 3640 3836 ob-

2069 3863 2270 3916 noxius
2312 3862 2415 3932 legi
2456 3879 2471 3916 :
2504 3869 2752 3916 nostrum
2801 3869 2983 3931 tamen
3025 3863 3241 3918 vivendi
3277 3867 3501 3937 modum
3522 3872 3636 3940 jam

2070 3961 2463 4022 assumpserat.
2493 3952 2651 4019 Eum,
2680 3968 2804 4007 cum
2834 3953 3266 4024 benignissimus
3312 3955 3406 4014 Dei
3440 3960 3637 4018 oculus

2070 4044 2300 4109 videret,
2333 4046 2535 4101 habere
2587 4045 2806 4115 quidem
2867 4044 3014 4100 bona
3075 4060 3243 4116 opera
3281 4088 3297 4114 ,
3328 4064 3393 4105 ea
3456 4059 3636 4108 tamen

2069 4144 2294 4207 propter
2347 4137 2649 4191 carentiam
2674 4135 2839 4202 ﬁdei,
2874 4139 3327 4204 mortua;mittit
3384 4144 3637 4216 angelum

2070 4229 2232 4285 bonis
2262 4228 2520 4300 operibus
2555 4228 2865 4299 praesidem,
2906 4229 2997 4300 qui
3043 4245 3169 4287 eum
3220 4233 3480 4305 praeclare
3522 4254 3642 4295 cer-

2070 4328 2277 4376 tantem
2315 4328 2606 4376 coronaret
2650 4319 2755 4376 {ide
2792 4337 2806 4373 :
2838 4320 2983 4401 quod
3014 4330 3071 4377 et
3121 4306 3267 4380 fecit.
3292 4307 3361 4381 ad
3423 4328 3647 4398 plenam

2069 4411 2241 4478 Petri,
2276 4427 2373 4468 seu
2409 4412 2596 4483 p0tius
2629 4410 2989 4469 inlirmiorum
3023 4414 3461 4473 instructionem.
3487 4419 3640 4476 Hora

2070 4518 2204 4560 vero
2251 4519 2416 4569 nona,
2456 4518 2579 4558 cum
2640 4503 2853 4558 scilicet
2889 4502 3001 4570 ille,
3041 4504 3284 4563 dimissis
3344 4510 3530 4574 curis,
3580 4513 3638 4568 in

395 4574 562 4667 ἀνδρα
593 4574 871 4672 γνώριμον
898 4602 988 4655 καὶ
1014 4601 1174 4670 δῆλον
1200 4604 1228 4656 6
1258 4601 1630 4672 συγγραφεὺς,
1663 4600 1748 4654 ἵνα
1782 4600 1856 4671 μή
1884 4616 1963 4662 τις

2074 4593 2244 4649 multa
2279 4592 2439 4664 245
2475 4592 2894 4662 compunctione
2924 4594 3263 4665 quiescebat.
3282 4595 3638 4656 Idcircovero

397 4692 547 4762 εἴπῃ,
578 4692 657 4745 ὅτι
681 4692 942 4762 ψεύδεται
957 4708 972 4724 ⁸
995 4692 1075 4746 διὸ
1097 4693 1193 4746 καὶ
1220 4678 1321 4763 τὴν
1337 4690 1492 4757 ἀξίαν
1515 4690 1803 4762 ἐδήλωσεν,
1836 4707 1857 4740 t
1877 4688 1971 4741 Ἐκ

395 4784 652 4854 σπείρης,
680 4782 873 4849 εἰπὼν,
917 4783 1268 4856 καλουμένης
1294 4783 1586 4854 Ἰταλικῆς.
1623 4800 1641 4833 ι
1676 4782 1881 4851 Σπεῖρα
1913 4778 1971 4833 δέ

394 4876 543 4927 ἐστιν
572 4874 601 4928 ὂ
630 4874 904 4946 καλοῦμεν
939 4875 1033 4930 νῦν
1054 4875 1361 4947 Νούμερον.
1391 4892 1412 4927 ι
1443 4871 1970 4946 Παρασκευαζόντων

370 4967 473 5021 δέ.
504 4986 522 5020 ι
576 4968 641 5021 Ἦ
693 4967 952 5032 ἔκστασις
1005 4969 1176 5040 δηλοῖ,
1232 4969 1327 5023 καὶ
1365 4969 1465 5036 τὴν
1512 4968 1604 5022 ἐπὶ
1660 4963 1970 5036 θαυμασμῷ

398 5059 684 5127 ἔκπληξιν,
729 5061 822 5113 καὶ
868 5061 929 5115 τὸ
959 5060 1063 5126 ἔξω
1095 5061 1203 5115 τῶν
1232 5059 1507 5129 αἰσθητῶν
1545 5058 1843 5132 [γενέσθαι]
1875 5059 1971 5112 ἐπὶ

396 5147 469 5200 τά
504 5149 854 5218 πνευματικά
896 5149 1305 5220 ποδηγούμενον
1320 5148 1389 5202 ⁸⁷.
1418 5148 1525 5201 Ἕκ
1573 5145 1764 5200 τούτου
1789 5146 1969 5216 δῆλον,

395 5237 480 5289 ὃτι
512 5237 902 5308 πνευματικῶς
945 5239 1148 5292 ὡσανεὶ
1200 5238 1424 5306 γέγονεν
1480 5239 1513 5306 ἡ
1546 5235 1747 5307 θεωρία
1797 5233 1967 5306 αὐτῷ.

394 5326 507 5378 Τοῦ
544 5326 817 5397 σώματος,
846 5329 998 5382 ὼσάν
1040 5330 1183 5382 εῖποι
1220 5346 1327 5393 τις,
1363 5327 1555 5397 ὶξέστη
1589 5328 1623 5398 η
1670 5326 1835 5399 ψυχὴ,
1874 5326 1970 5380 καὶ

395 5416 596 5488 θεωρεῖ
625 5418 894 5487 σύμῦᾠιον
920 5420 1020 5489 τῆς
1060 5420 1388 5490 οἰκουμένης
1421 5421 1604 5490 πάσης
1638 5420 1961 5495 ἀκρότατον,

396 5508 498 5574 τὴν
527 5509 720 5575 ὀθόνην
748 5511 983 5580 εκείνην.
1015 5513 1081 5565 At
1113 5511 1384 5582 τέσσαρες
1412 5510 1578 5582 ἀρχαὶ
1620 5510 1689 5563 τὰ
1722 5510 1967 5585 τέσσαρα

396 5606 641 5673 στοιχεῖα
666 5604 883 5673 δηλοῦσι
904 5623 919 5636 ·
944 5604 1004 5657 τὸ
1028 5604 1083 5656 δὲ
1105 5603 1272 5674 φανὲν
1291 5602 1485 5666 σκεῦος
1518 5602 1610 5656 τὶν
1662 5602 1968 5674 παχύτερον

2069 4695 2259 4741 notum
2291 4685 2563 4745 hominem
2592 4685 2742 4740 illum
2767 4684 2895 4740 facit
2934 4701 3090 4745 sacer
3115 4688 3370 4761 scriptor,
3404 4708 3473 4748 ne
3514 4696 3639 4765 quis

2067 4775 2247 4847 ipsum
2270 4776 2491 4830 mentiri
2514 4781 2750 4846 putaret.
2794 4773 2926 4831 lude
2948 4776 3112 4831 etiam
3154 4778 3301 4836 illius
3318 4780 3638 4853 dignitatem

2066 4865 2404 4933 manifestat,
2440 4865 2654 4932 dicens,
2690 4865 2836 4947 quod
2862 4876 3008 4923 esset
3043 4887 3062 4921 ι
3099 4868 3364 4928 Centurio
3394 4856 3640 4937 cohortis

2067 4974 2189 5029 qua:
2204 4957 2406 5015 dicitur
2436 4958 2645 5016 Italica.
2681 4977 2702 5011 ι
2737 4960 2945 5015 Cohors
2966 4968 3148 5018 autem
3177 4972 3284 5031 est,
3310 4978 3641 5039 quamnunc

2067 5049 2366 5106 Numerum
2397 5064 2679 5106 vocamus.
2723 5070 2742 5102 ι
2777 5050 3104 5111 Pax-antibus
3130 5066 3353 5121 autem.
3391 5074 3409 5107 ι
3432 5056 3641 5123 ,Μειιιίε

2068 5156 2352 5208 excessus,
2383 5157 2481 5199 seu
2509 5142 2715 5203 extasis
2748 5142 3018 5215 signiﬁcat
3047 5153 3160 5200 tum
3212 5154 3493 5216 stuporem
3543 5149 3638 5217 qui

2067 5250 2131 5290 ex
2159 5235 2522 5291 admiratione
2553 5235 2847 5309 contingit,
2866 5244 2977 5295 tum
3011 5246 3225 5311 raptum
3269 5224 3424 5294 extra
3455 5242 3640 5296 sensi-

2068 5325 2199 5381 biiia
2234 5336 2289 5382 et
2325 5327 2394 5382 ad
2431 5327 2739 5397 spiritualia
2772 5318 3216 5385 translationem.
3243 5328 3320 5385 Ει
3367 5346 3477 5401 quo
3510 5346 3639 5402 per-

2069 5418 2323 5489 spieuum
2354 5418 2434 5485 tit,
2482 5418 2823 5490 spirituslem
2878 5420 2953 5475 illi
2998 5420 3295 5491 contigisse
3352 5421 3639 5487 visionem,

2073 5517 2236 5582 atque
2267 5510 2403 5565 adeo
2436 5511 2673 5566 animam
2712 5512 2832 5583 ejus
2885 5512 3288 5581 quodammodo
3342 5528 3373 5569 e
3410 5527 3641 5585 corpore

2075 5604 2396 5660 excessisse.
2434 5622 2453 5657 ι
2484 5603 2547 5662 Et
2568 5604 2724 5662 vidit.
2757 5624 2777 5660 ο
2805 5604 3056 5673 Linteum
3116 5603 3251 5661 illud
3313 5608 3484 5669 totius
3523 5607 3645 5663 uni-

1584 5762 1782 5826 \'arite
1816 5761 2121 5826 lectiones
2165 5772 2224 5827 et
2270 5771 2462 5826 noue.

471 5886 519 5920 ⁸⁸
541 5885 818 5960 εὐηθείας.
896 5886 944 5920 ⁸⁸
978 5885 1372 5959 βραϐεύσοντα.
1449 5891 1495 5922 ⁸⁷
1531 5888 1916 5961 ὁδηγούμενοι.
