4082 6460
447 396 555 461 945

1081 395 1618 458 EXPOSITIONIS
1658 396 1741 455 IN
1776 396 1964 458 ACTA
2004 394 2306 455 TEXTUS
2338 394 2609 456 ALTER.
2637 418 2707 432 -
2746 398 2901 458 CAP.
2939 396 3013 456 X.

3603 376 3715 460 tua~

450 498 547 565 καί
576 513 702 575 τοὺς
727 511 1058 580 ἀναγκαίους
1084 512 1295 580 φίλους.
1335 510 1513 575 Ὠςίδὲ
1551 511 1768 576 ἐγένετο
1798 512 1890 563 τοῦ
1922 512 2007 563 εἰσ

2133 511 2354 565 troisset
2374 507 2591 575 Petrus,
2631 510 2823 566 obvius
2858 511 2907 567 ei
2933 509 3082 567 venit
3113 510 3421 579 Cornelius,
3441 524 3493 570 et
3526 518 3705 586 proci-

448 603 629 656 ελθεῖν
672 602 765 657 τὸν
805 602 1034 671 Πέτρον,
1068 603 1406 673 συναντήσας
1455 602 1607 673 αύτῷ
1643 603 1671 655 6
1702 602 2027 674 Κορνήλιος,

448 696 635 749 πεσὼν
667 696 761 749 ἐπὶ
812 696 939 758 τοὺς
982 694 1152 757 πόδας
1195 694 1361 748 αὐτοῦ
1409 693 1839 764 προσεκύνησεν.
1879 695 1939 747 '0
1970 694 2028 747 δὲ

447 791 656 859 Πέτρος
690 790 910 860 ἤγειρεν
941 789 1104 843 αὑτὸν
1155 789 1373 857 λέγων·
1424 789 1744 860 Ἀνάστηθι·
1781 787 1877 841 καὶ
1921 787 2029 859 γὰρ

450 882 612 944 αὐτὸς
657 880 768 951 ἐγὼ
824 881 1111 950 ἄνθρωπός
1162 883 1298 952 εἰμι.
1356 881 1466 935 Καὶ
1521 880 1825 951 συνομιλῶν
1878 879 2029 951 αὐτῷ

446 974 691 1042 εἰσῆλθε,
730 976 828 1028 καὶ
855 975 1100 1045 εὑρίσκει
1146 973 1578 1043 συνεληλυθότας
1612 973 1878 1037 πολλούς·
1920 972 2027 1045 ἔφη

444 1082 506 1117 τε
538 1066 674 1134 πρὸς
701 1065 895 1128 αὐτούς
913 1082 928 1097 ο
955 1066 1482 1135 ’1⁵μεῖςὲπίστασθε,
1505 1066 1580 1130 ὡς
1598 1067 1856 1136 ἀθέμιτόν
1881 1066 2027 1120 ἐστιν

446 1155 607 1226 ἀνδρὶ
638 1157 876 1227 Ἰουδαίῳ
900 1157 1193 1211 κολλᾶσθαι
1218 1157 1250 1228 ἢ
1280 1157 1681 1230 προσέρχεσθαι
1709 1156 1989 1227 ἀλλοφύλῳ
2009 1172 2022 1185 ⁸

446 1249 544 1302 καὶ
571 1249 697 1317 ἐμοὶ
727 1248 755 1299 6
781 1248 913 1313 Θεὸς
954 1249 1143 1313 ἔδειξε,
1176 1248 1384 1319 μηδένα
1419 1247 1597 1301 κοινὸν
1632 1247 1664 1317 ἢ
1716 1247 2027 1318 ἀκάθαρτον

444 1337 628 1406 λέγειν
653 1337 940 1409 ἄνθρωπον
957 1354 970 1368 ·
1004 1338 1085 1390 διὸ
1106 1340 1202 1391 καὶ
1231 1337 1644 1408 ἀναντιρῤἡτως
1664 1331 1828 1406 ἦλθον
1857 1353 2024 1405 μετα-

445 1431 741 1500 πεμφθείς.
775 1431 1123 1501 Πυνθάνομαι
1152 1426 1266 1497 οὖν,
1292 1432 1398 1484 τίνι
1428 1430 1571 1501 λόγῳ
1603 1427 2026 1499 μετεπέμψασθέ

447 1540 548 1588 με;
582 1521 696 1574 Καὶ
728 1523 757 1574 6
808 1522 1108 1592 Κορνήλιος
1138 1522 1272 1592 ἔφη·
1312 1521 1445 1576 Ἀπὸ
1500 1522 1769 1591 τετάρτης
1809 1520 2025 1592 ἡμέρας

444 1613 608 1685 μέχρι
632 1613 833 1683 ταύτης
848 1618 947 1684 τῆς
972 1614 1122 1686 ὥρας
1140 1616 1289 1686 ήμην
1313 1614 1612 1682 νηστεύων,
1640 1614 1731 1668 καὶ
1751 1613 1849 1686 τὴν
1870 1614 2026 1667 ἐννά-

440 1724 542 1772 την
566 1705 720 1772 ὤραν
754 1707 1193 1778 προσευχόμενος
1230 1708 1289 1760 ἐν
1325 1705 1406 1776 τῷ
1436 1705 1572 1776 οἴκῳ
1614 1722 1715 1776 μου
1743 1722 1757 1736 '
1790 1705 1886 1758 καὶ
1912 1704 2023 1759 ίδοῦ

438 1796 581 1866 ἀνὴρ
609 1796 736 1866 έστη
763 1796 996 1851 ἐνώπιόν
1036 1815 1138 1868 μου
1162 1799 1219 1851 ὲν
1244 1796 1431 1869 ἐσθῆτι
1458 1797 1709 1867 λαμπρᾷ,
1732 1796 1827 1850 καί
1855 1812 2020 1866 φησιο

443 1889 738 1959 Κορνήλιε,
763 1889 1091 1961 εἰσηκούσθη
1123 1906 1218 1944 σου
1247 1890 1281 1961 ἡ
1307 1889 1603 1961 προσευχὴ,
1625 1888 1721 1943 καὶ
1746 1888 1801 1942 at
1859 1886 2016 1957 ἐλεη-

444 1979 676 2049 μοσύναι
701 1996 795 2033 σου
834 1982 1190 2052 ἐμνήσθησαν
1216 1981 1447 2036 ἐνώπιον
1475 1980 1569 2035 τοῦ
1603 1980 1763 2034 Θεοῦ.
1792 1978 2017 2049 Πέμψον

438 2067 532 2121 οῦν
557 2070 638 2134 είς
684 2070 927 2138 Ἰόππην,
982 2071 1079 2125 καὶ
1134 2071 1506 2143 μετακάλεσαι
1546 2071 1787 2140 Σίμωνα,
1817 2069 1876 2132 ὃς
1900 2071 2021 2120 ἐπι-

441 2160 693 2214 καλεῖται
719 2162 930 2231 Ιέτρος
949 2179 965 2195 ο
996 2156 1152 2228 οὗτος
1193 2163 1463 2230 ξενίζεται
1494 2164 1551 2216 ἐν
1584 2162 1732 2233 οἰκίᾳ
1777 2160 2017 2230 Σίμωνος

445 2250 693 2322 βυρσέως
715 2255 867 2324 παρὰ
893 2254 1192 2319 θάλασσαν,
1224 2254 1283 2319 δς
1319 2240 1766 2325 παραγενόμενος
1793 2252 2019 2321 λαλήσει

441 2355 551 2393 σοι.
594 2339 685 2406 Ἐξ
713 2341 884 2410 αὐτῆς
911 2341 1004 2396 οῦν
1041 2342 1265 2414 ἔπεμψα
1310 2343 1447 2414 πρὸς
1477 2343 1573 2396 σέο
1619 2341 1685 2395 σύ
1730 2359 1790 2394 τε
1838 2338 2019 2404 καλῶς

2130 600 2268 656 deus
2300 601 2366 654 ad
2396 601 2563 670 pedes
2590 601 2712 670 ejus
2754 603 3026 658 adoravit.
3081 602 3278 660 Petrus
3315 622 3447 661 vero
3476 608 3707 662 elevavit

2130 708 2281 759 eum,
2313 693 2504 747 dicens
2531 711 2545 748 :
2580 692 2776 764 Surge,
2802 697 3100 766 ctegoipse
3126 697 3291 751 homo
3321 714 3467 754 sum.
3525 701 3589 754 Et
3625 701 3706 755 lo-

2130 800 2308 855 quens
2350 799 2474 840 cum
2505 785 2598 841 illo
2646 786 2894 850 intravit,
2921 790 3195 844 etinvenit
3221 791 3425 847 multos
3449 793 3539 860 qui
3575 808 3710 847 con-

2127 886 2409 941 venerant,
2442 877 2695 950 Dixitque
2752 881 2817 935 ad
2870 881 3039 936 illos:
3075 881 3187 939 Vos
3227 884 3380 940 scitis
3430 886 3706 956 quomodo

2127 969 2503 1025 abominatum
2543 971 2616 1027 sit
2657 971 2772 1026 viro
2789 970 3001 1040 Iudaeo,
3041 974 3300 1045 conjungi
3322 985 3416 1031 aut
3443 978 3704 1032 accedere

2126 1061 2194 1116 ad
2224 1061 2587 1133 alienigenam
2616 1080 2630 1115 :
2662 1064 2757 1119 sed
2790 1065 2920 1119 mihi
2965 1066 3205 1122 ostendit
3228 1067 3376 1124 Deus
3432 1068 3702 1123 neminem
3737 1129 3753 1141 _

2126 1168 2505 1219 communem,
2527 1165 2620 1209 aut
2644 1156 2987 1211 immundum
3026 1157 3211 1214 dicere
3245 1158 3544 1214 hominem.
3571 1160 3707 1214 Pro-

2125 1255 2243 1316 pter
2263 1247 2407 1316 quod
2427 1246 2544 1303 sine
2561 1247 2902 1304 dubitatione
2924 1249 3044 1303 veni
3072 1250 3397 1304 accersitus.
3424 1248 3704 1321 interrogo

2124 1353 2275 1410 ergo,
2301 1354 2463 1409 quam
2490 1339 2561 1395 ob
2578 1354 2798 1395 causam
2825 1341 3141 1396 accersistis
3176 1357 3263 1396 mc
3301 1341 3326 1395 ?
3372 1341 3438 1395 Et
3495 1341 3705 1397 Corne-

2128 1431 2237 1486 lius
2276 1431 2385 1485 ait:
2426 1433 2470 1486 A
2520 1431 2919 1502 nudiusquarta
2936 1433 3019 1488 die
3045 1448 3214 1504 usque
3234 1433 3302 1487 ad
3335 1421 3471 1491 hanc
3489 1436 3701 1501 horam,

2124 1539 2292 1579 orans
2329 1538 2480 1578 eram
2535 1524 2671 1580 hora
2710 1540 2866 1595 nona.
2895 1525 2950 1579 in
2993 1525 3156 1582 domo
3189 1541 3330 1592 mea,
3366 1535 3419 1580 et
3463 1541 3592 1581 ecce
3620 1528 3703 1581 vir

2124 1616 2278 1669 stetit
2306 1624 2433 1670 ante
2485 1631 2571 1670 me
2610 1615 2665 1671 in
2700 1625 2849 1672 veste
2878 1617 3133 1681 candida,
3170 1624 3227 1674 et
3265 1618 3342 1672 ait
3400 1634 3416 1672 :
3456 1615 3700 1681 Corneli,

2129 1705 2385 1761 exaudita
2419 1719 2506 1762 est
2544 1708 2720 1762 oratio
2759 1716 2873 1773 tua,
2914 1715 2967 1763 et
3005 1708 3368 1781 eleemosynaz
3399 1716 3507 1764 tua:
3543 1724 3699 1764 com-

2125 1784 2439 1851 memoratae
2458 1797 2657 1852 suntin
2688 1808 2987 1869 conspectu
3016 1798 3132 1854 Dei.
3166 1797 3319 1854 Mitte
3347 1798 3548 1871 ergoin
3569 1797 3703 1867 Jop-

2052 1868 2094 1923 B
2121 1900 2246 1954 pen,
2276 1893 2329 1940 et
2361 1886 2570 1942 accersi
2609 1868 2890 1945 Simonem
2914 1890 3007 1961 qui
3038 1868 3460 1960 cognominatur
3478 1888 3699 1948 Petrus:

2122 1979 2209 2031 hic
2239 1978 2619 2049 hospitaturin
2641 1981 2803 2036 domo
2820 1980 3058 2038 Simonis
3082 1982 3319 2038 Coriarii
3345 1983 3503 2053 juxta
3523 1998 3696 2040 mare.

2120 2070 2417 2126 Contfestim
2451 2086 2582 2142 ergo
2619 2073 2745 2127 misi
2780 2073 2845 2128 ad
2891 2082 2943 2129 te
2979 2092 2993 2129 :
3027 2081 3082 2130 et
3142 2082 3201 2129 tu
3253 2075 3558 2131 beneﬂcisti
3602 2092 3701 2131 ve-

2121 2159 2343 2214 niendo.
2366 2160 2524 2216 Nunc
2553 2177 2682 2231 ergo
2698 2176 2891 2220 omnes
2907 2180 3006 2219 nos
3026 2163 3084 2219 in
3117 2172 3415 2235 conspectu
3465 2174 3557 2221 tuo
3605 2166 3701 2219 ad-

2121 2265 2335 2318 sumus,
2365 2252 2556 2308 audire
2583 2253 2768 2307 omnia
2787 2268 3131 2325 quaecunque
3162 2254 3262 2310 tibi
3285 2265 3555 2326 prmeepta
3568 2263 3699 2311 sunt

2121 2358 2150 2396 a
2186 2342 2439 2400 Domino.

436 2435 704 2505 ἐποίησας
761 2436 1227 2507 παραγενόμενος.
1282 2435 1398 2491 Νῦν
1451 2436 1544 2492 οῦν
1597 2436 1800 2500 πάντες
1852 2437 2017 2506 ἡμεῖς
2054 2435 2286 2491 ἐνώπιον
2311 2436 2406 2493 τοῦ
2429 2436 2565 2492 Θεοῦ
2590 2437 2897 2511 πάρεσμεν,
2915 2436 3148 2494 ἀκοῦσαι
3170 2440 3347 2496 πάντα
3403 2441 3474 2494 τά
3535 2456 3698 2512 προσ.

434 2525 751 2595 τεταγμένα
782 2542 864 2579 σοι
895 2525 1001 2578 ὑπὸ
1026 2526 1121 2579 τοῦ
1149 2526 1309 2582 Θεοῦ.

1030 2681 1415 2737 EPMHNEIA.
1478 2676 1483 2687 ’

510 2793 727 2848 Ἔοικεν
755 2789 912 2858 οὗτος
941 2801 1169 2865 καιροὺς
1210 2797 1475 2868 ὡρικέναι
1511 2795 1662 2865 αὐτῷ
1707 2795 1822 2866 βίου
1854 2797 2013 2866 ἀκρι-

435 2886 595 2939 ϐεστέ
605 2904 723 2957 pou,
745 2887 840 2941 κα)⁸
864 2887 922 2940 έν
946 2905 1088 2943 τισιν
1111 2889 1371 2959 ἡμέραις.
1397 2887 1494 2942 Διὰ
1516 2887 1625 2958 γὰρ
1645 2887 1804 2940 τοῦτο
1826 2883 1979 2940 εἶπεν
1997 2903 2009 2915 ·

441 2998 459 3030 ι
502 2978 636 3031 Ἀπὸ
665 2978 937 3050 τετάρτης
962 2978 1196 3049 ἡμέρας.
1235 2998 1253 3029 ι
1295 2979 1424 3033 Ὅτε
1455 2974 1548 3032 οὖν
1580 2979 1830 3046 φαίνεται
1864 2976 2012 3046 αὐτῷ

431 3070 462 3123 6
514 3069 766 3138 ἄγγελος,
818 3070 957 3142 αὕτη
998 3072 1099 3141 μία
1158 3072 1378 3142 ἡμέρα*
1422 3070 1517 3124 καὶ
1559 3071 1627 3142 ἢν
1677 3068 1921 3138 ἀπῆλθον
1965 3070 2013 3121 οἱ

435 3162 781 3231 πεμφθέντες
840 3164 992 3235 παρὰ
1051 3165 1375 3233 Κορνηλίου,
1413 3165 1544 3234 μίαο
1582 3164 1675 3216 καὶ
1712 3162 1780 3233 ἣν
1822 3157 2009 3232 ἦλθον,

2617 2648 3182 2736 COMMENTARIUS.

2193 2793 2419 2848 Videtur
2445 2792 2737 2848 Cornelius
2782 2778 3022 2863 tempora
3084 2793 3333 2863 quaedam
3401 2793 3694 2849 severioris

2120 2882 2242 2934 vine
2287 2881 2393 2936 sibi
2424 2882 2825 2951 prmstituisse:
2863 2884 2985 2937 ideo
3013 2883 3175 2955 247
3210 2884 3357 2939 enim
3389 2884 3527 2939 dixit
3565 2899 3578 2934 :
3621 2887 3693 2940 «Α

2118 2972 2524 3043 nudiusquarta
2553 2973 2664 3029 die.
2694 2992 2712 3025 ι
2752 2973 2977 3030 Scilicet
3002 2976 3179 3044 prima
3209 2974 3300 3030 die
3339 2976 3593 3044 apparuit
3640 2979 3692 3031 ei

2121 3063 2379 3132 angelus;
2413 3064 2607 3127 altera,
2632 3076 2996 3133 perrexerunt
3021 3066 3201 3121 nuntii
3232 3065 3472 3123 Cornelii
3494 3084 3508 3133 ;
3530 3069 3692 3123 tertia

2120 3154 2437 3219 redierunt;
2473 3162 2527 3209 et
2560 3165 2757 3225 quarta
2781 3163 2887 3221 est,
2909 3171 3018 3226 qua
3041 3156 3279 3212 accessit
3313 3155 3381 3209 ad
3409 3170 3533 3211 eum
3590 3156 3692 3213 Pe-

439 3252 572 3322 μία·
632 3254 729 3307 καὶ
765 3256 1024 3326 τετάρτη,
1156 3256 1333 3324 ὲφάνη
1372 3255 1503 3307 ὡσεὶ
1537 3254 1729 3325 τρίτην
1755 3255 1927 3323 ὥραν,
1958 3254 2016 3305 ὲν

2120 3252 2239 3300 trus
2270 3246 2418 3302 circa
2440 3246 2631 3302 horam
2672 3248 2913 3315 tertiam,
2959 3250 3184 3318 quando
3249 3253 3465 3309 orabat.
3515 3253 3695 3321 Atque

436 3337 471 3414 ᾖ
498 3342 863 3413 προσηύξατο.
897 3345 1043 3417 Ὅρα
1069 3344 1161 3400 οῦν
1189 3346 1248 3399 τὸ
1277 3344 1510 3415 μέγεθος
1546 3344 1649 3416 τῆς
1677 3345 1841 3414 εὐχῆς
1863 3361 1877 3376 ·
1919 3345 2008 3398 ὅτε

434 3434 712 3489 ἐπέδωκεν
744 3436 825 3500 εἰς
856 3436 1167 3505 εὐλάϐειαν,
1194 3439 1315 3492 τότε
1341 3438 1591 3507 φαίνεται
1613 3437 1763 3507 αὐτῷ
1788 3438 1817 3491 6
1845 3437 2011 3505 ἄγγε-

434 3523 548 3590 λος.

854 3641 932 3712 Τῇ
964 3639 1007 3694 δ’
1039 3640 1137 3712 τῆς
1169 3640 1209 3693 δ’
1240 3638 1558 3711 ἑϐδομάδος.

1001 3776 1392 3831 KEIMENON.

501 3885 749 3950 Ἀνοίξας
778 3885 836 3938 δὲ
869 3885 1072 3956 Πέτρος
1106 3886 1167 3939 τὸ
1213 3887 1391 3954 στόμα
1426 3882 1599 3937 αὑτοῦ
1643 3877 1798 3938 εἶπεν
1824 3898 1837 3914 ·
1889 3880 2008 3935 Ἐπ’

437 3979 703 4048 ἀληθείας
734 3978 1266 4050 καταλαμϐάνομαι,
1319 3978 1404 4031 ὅτι
1457 3977 1558 4030 οὐκ
1623 3975 1739 4029 ἔστι
1789 3990 2006 4046 προσω-

436 4074 721 4144 πολήπτης
751 4073 780 4125 6
811 4073 966 4137 Θεὸς,
1004 4072 1119 4124 ἀλλ’
1151 4074 1210 4126 ὲν
1250 4071 1414 4126 παντὶ
1443 4070 1587 4124 ἔθνει
1613 4072 1642 4124 6
1671 4068 2009 4139 φοϐούμενος

431 4165 621 4229 αὐτὸν,
658 4166 753 4218 καὶ
790 4164 1160 4237 ἐργαζόμενος
1208 4162 1590 4233 δικαιοσύνην,
1621 4162 1809 4226 δεκτὸς
1856 4162 2008 4233 αὐτῷ

435 4257 572 4309 ἐστι.
602 4255 709 4309 Τὸν
738 4256 910 4324 Λόγον
938 4254 998 4309 ὃν
1016 4253 1308 4310 ἀπέστειλε
1326 4256 1437 4317 τοῖς
1457 4255 1590 4316 υἱοῖς
1607 4253 1824 4325 Ἰσραὴλ
1843 4251 2009 4321 εὐαγ-

433 4347 783 4419 γελιζόμενος
816 4350 1041 4421 εἰρήνην
1071 4348 1157 4401 διὰ
1189 4346 1366 4415 Ἰησοῦ
1397 4346 1657 4417 Χριστοῦ
1688 4339 1840 4406 οὗτός
1890 4345 2007 4397 ἐστι

433 4438 651 4494 πάντων
694 4440 916 4508 Κύριος.
952 4439 1141 4511 Ὑμεῖς
1175 4441 1352 4494 οἴδατε
1402 4439 1464 4493 τὸ
1501 4438 1794 4509 γενόμενον
1853 4437 2007 4507 ῥῆμα

434 4531 561 4585 καθ’
597 4531 727 4600 ὅλης
758 4532 857 4601 τῆς
879 4530 1166 4596 Ἰουδαίας,
1208 4530 1517 4601 ἀρξάμενον
1550 4529 1659 4582 ἀπὸ
1708 4529 1809 4596 τῆς
1850 4527 2007 4581 Γαλι-

2118 3336 2256 3392 adeo
2285 3338 2522 3395 observa
2547 3339 2815 3394 orationis
2843 3340 2966 3410 ejus
2985 3340 3429 3410 diuturnitatem,
3454 3343 3691 3412 etquod,

2119 3442 2246 3482 cum
2280 3427 2371 3483 ille
2395 3442 2456 3483 se
2490 3427 2680 3498 pietati
2729 3426 3039 3500 impensius
3060 3431 3234 3499 dedit,
3261 3441 3394 3490 tunc
3424 3434 3503 3490 illi
3536 3450 3696 3507 ange-

2116 3518 2204 3576 lus
2238 3521 2575 3592 apparuerit.

2471 3635 2630 3693 Feria
2655 3639 2690 3693 4
2717 3638 3071 3696 hebdomade
3097 3626 3334 3712 quartte:

2755 3770 2798 3827 Τ
2809 3771 3064 3829 EXTUS.

2187 3879 2256 3945 Χ,
2280 3879 2467 3937 34-45.
2488 3882 2755 3953 Aperiens
2782 3893 2966 3942 autem
2996 3886 3194 3944 Petrus
3224 3899 3287 3944 os
3310 3903 3468 3945 suum
3499 3889 3639 3946 dixit
3671 3910 3689 3949 :

2115 3970 2174 4026 lu
2201 3971 2430 4027 veritate
2464 3975 2726 4044 comperi,
2777 3975 2906 4046 quia
2939 3992 3046 4033 non
3071 3987 3157 4034 est
3186 3993 3548 4050 personarum
3587 3997 3686 4037 ac-

2115 4070 2306 4130 ceptor
2335 4060 2480 4118 Deus
2509 4077 2524 4117 :
2554 4063 2648 4118 sed
2682 4064 2736 4118 in
2790 4066 2941 4120 onmi
2988 4074 3150 4138 gente
3180 4069 3270 4138 qui
3303 4069 3458 4125 timet
3486 4086 3610 4127 cum
3636 4080 3692 4127 et

2115 4154 2685 4224 operaturjustitiam,
2722 4168 2980 4228 acceptus
3013 4167 3100 4215 est
3132 4159 3231 4216 illi.
3267 4158 3511 4218 Verbum
3538 4162 3688 4232 quod

2116 4244 2264 4300 misit
2292 4242 2435 4300 Deus
2481 4246 2606 4302 [iliis
2646 4245 2836 4314 Israel,
2870 4251 3207 4309 annuntians
3241 4267 3428 4323 pacem
3476 4269 3572 4325 per
3602 4253 3692 4311 Je—

2116 4350 2237 4390 sum
2258 4335 2538 4391 Christum
2562 4357 2574 4392 :
2594 4339 2708 4405 (hic
2720 4349 2803 4396 est
2822 4341 3066 4398 omnium
3086 4343 3393 4415 Dominus.)
3411 4343 3523 4403 Vos
3538 4347 3693 4402 scitis

2119 4427 2265 4497 quod
2307 4427 2511 4483 factum
2547 4438 2633 4485 est
2667 4432 2895 4489 verbum
2930 4451 3028 4506 per
3057 4439 3372 4493 universam
3395 4436 3640 4495 Iudaeam
3672 4458 3686 4493 :

2125 4517 2395 4588 incipiens
2423 4522 2567 4575 enim
2596 4537 2625 4574 a
2683 4520 2928 4587 Galilaea,
2984 4536 3109 4594 post
3163 4526 3493 4597 baptismum
3540 4529 3689 4598 quod

430 4622 593 4686 λαίας
639 4621 776 4693 μετὰ
839 4623 902 4675 τὸ
960 4621 1270 4693 βάπτισμα,
1335 4620 1364 4673 ὃ
1401 4619 1665 4690 ἐκήρυξεν
1734 4617 2006 4689 Ἰωάννης·

2120 4610 2431 4679 praedicavit
2478 4609 2721 4668 Joannes
2770 4611 2999 4670 :Jesunt
3032 4631 3060 4667 a
3091 4612 3392 4682 Nazareth,
3415 4620 3690 4689 quomodo

430 4708 642 4781 Ἰησοῦν
703 4713 795 4765 τὸν
833 4711 942 4766 άπὸ
1006 4711 1290 4777 Ναζαρὲτ,
1358 4710 1434 4774 ὡς
1490 4709 1707 4778 ἔχρισεν
1779 4706 1941 4760 αὐτὸν
1988 4707 2017 4759 6

2120 4701 2275 4755 unxit
2312 4716 2436 4757 eum
2468 4702 2610 4759 Deus
2638 4702 2845 4775 Spiritu
2877 4714 3070 4761 sancto
3100 4718 3152 4763 et
3184 4709 3403 4775 virtute,
3435 4710 3530 4778 qui
3566 4726 3689 4779 per-

430 4801 565 4865 Θεὸς
629 4803 689 4856 ἐν
743 4802 1026 4872 Πνεύματι
1078 4802 1221 4871 ἁγίῳ
1283 4801 1381 4856 καὶ
1437 4800 1710 4871 δυνάμει,
1769 4798 1847 4863 ὡς
1928 4798 2010 4852 δι-

2122 4795 2342 4849 transiit
2374 4794 2766 4852 benefaciendo
2797 4806 2853 4851 et
2901 4798 3151 4854 sanando
3176 4814 3366 4856 omnes
3394 4816 3688 4871 oppressus

428 4890 596 4962 ἦλθεν
650 4892 954 4963 εὐεργετῶν
1016 4894 1111 4947 καὶ
1140 4893 1368 4964 ἰώμενος
1425 4892 1633 4956 πάντας
1676 4892 1802 4954 τοὺς
1848 4908 2017 4945 καττ-

2120 4900 2149 4940 a
2180 4885 2416 4951 diabolo,
2449 4888 2707 4958 quoniam
2734 4886 2879 4944 Deus
2910 4898 3175 4946 eratcum
3206 4891 3321 4946 illo.
3347 4891 3412 4948 Et
3440 4909 3539 4949 nos
3569 4903 3683 4951 tes-

427 4984 921 5056 δυναστευομένους
996 4985 1102 5039 ὑπὸ
1162 4985 1256 5040 τοῦ
1309 4985 1556 5040 διαϐόλου
1590 5026 1604 5050 ,
1666 4985 1747 5039 ὅτι
1798 4985 1827 5037 6
1885 4983 2017 5047 Θεὸς

2120 4984 2201 5032 tes
2239 4991 2432 5033 sumus
2469 4981 2715 5034 omnium
2763 4994 2885 5050 qua:
2914 4978 3046 5035 fecit
3106 4980 3161 5036 in
3194 4983 3417 5055 regione
3469 4983 3687 5040 Iudaeo-

426 5067 498 5142 ἦν
553 5072 669 5143 μετ’
714 5073 902 5128 αὐτοῦ.
938 5074 1048 5128 Καὶ
1099 5075 1264 5144 ἡμεῖς
1319 5075 1486 5144 ἐσμεν
1544 5074 1826 5146 μάρτυρες
1876 5071 2005 5126 τού-

2120 5085 2238 5124 rum
2275 5078 2331 5125 et
2377 5069 2706 5137 Jerusalem,
2746 5086 2906 5142 quem
2929 5073 3256 5130 occiderunt
3288 5079 3686 5147 suspendentes

426 5178 547 5224 του,
582 5161 677 5215 καὶ
717 5162 936 5216 πάντων
970 5157 1045 5216 ὧν
1077 5163 1332 5234 ἐποίησεν
1363 5163 1420 5216 έν
1465 5181 1524 5216 τε
1574 5167 1640 5235 τῇ
1701 5163 1857 5235 χώρει⁴
1889 5164 2000 5217 τῶν

2120 5159 2171 5214 in
2206 5159 2372 5230 ligno.
2428 5159 2587 5216 Hunc
2622 5160 2767 5218 Deus
2799 5164 3093 5221 suscitavit
3120 5167 3281 5222 tertia
3312 5167 3402 5223 die
3448 5175 3503 5222 ct
3537 5168 3687 5224 dedit

426 5252 703 5307 Ἰουδαίων
724 5255 828 5307 -καὶ
849 5257 907 5308 ὲν
953 5254 1314 5329 Ἰερουσαλήμ
1344 5272 1359 5288 ο
1395 5255 1454 5309 ὃν
1481 5257 1573 5309 καὶ
1617 5256 1849 5319 ἀνεῖλον,
1882 5272 2007 5327 κρε-

436 5342 710 5412 μάσαντες
748 5344 842 5395 ἐπὶ
880 5343 1064 5410 ξύλου.
1102 5345 1305 5399 Τοῦτον
1328 5347 1357 5400 6
1383 5346 1513 5410 Θεὸς
1536 5347 1728 5418 ἤγειρε
1778 5350 1843 5416 τῇ
1876 5346 2001 5417 τρί-

2120 5346 2217 5401 bus
2250 5347 2631 5409 nrzcordinatis
2690 5362 2720 5402 a
2769 5347 2901 5413 Deo,
2966 5352 3148 5416 nobis,
3184 5350 3277 5421 qui
3331 5350 3685 5406 manducavi-

425 5436 494 5505 τῇ
528 5435 734 5508 ἡμέρᾳ,
768 5438 865 5490 καὶ
905 5437 1108 5492 ἔδωκεν
1165 5439 1330 5493 αὑτὸν
1357 5441 1577 5511 ἐμφανῆ
1625 5440 1905 5508 γενέσθαι,
1937 5441 1999 5494 οὐ

2120 5453 2237 5495 mus
2289 5446 2345 5495 et
2378 5440 2615 5496 bibimus
2659 5455 2784 5495 cum
2846 5443 2962 5505 illo,
2991 5452 3286 5513 postquam
3318 5443 3621 5498 resurrexit
3653 5459 3679 5497 ε

426 5525 593 5579 παντὶ
631 5525 709 5597 τῷ
739 5527 878 5598 λαῷ,
908 5529 1045 5582 ἀλλὰ
1077 5530 1315 5602 μάρτυσι
1356 5534 1468 5596 τοῖς
1520 5547 2008 5602 προκεχειροτονηο

2120 5531 2361 5585 mortuis.
2421 5528 2488 5585 Et
2537 5533 2799 5602 praecepit
2838 5533 3001 5588 nobis
3053 5530 3351 5602 praedicare
3398 5531 3601 5602 populo
3629 5541 3685 5589 et

430 5623 616 5691 μένοις
666 5621 772 5674 ὑπὸ
809 5621 903 5675 τοῦ
955 5620 1115 5687 Θεοῦ,
1149 5625 1325 5695 ἡμῖν,
1377 5624 1574 5687 οἵτινες
1625 5625 2004 5694 συνεφάγομεν

2120 5622 2418 5687 testiﬁcari,
2456 5624 2586 5695 quia
2638 5625 2756 5699 ipse
2788 5634 2873 5681 est
2900 5624 2993 5695 qui
3034 5624 3371 5680 constitutus
3395 5633 3482 5679 est
3511 5639 3540 5677 a
3573 5625 3684 5680 Deo

423 5710 576 5780 αὐτῷ
605 5712 699 5766 καὶ
734 5714 1084 5785 συνεπίομεν,
1124 5715 1265 5786 μετὰ
1310 5716 1369 5770 τὸ
1397 5716 1697 5787 ἀναστῆναι
1744 5718 1907 5772 αὐτὸν
1933 5719 1997 5771 ἐκ

2120 5713 2276 5780 iudex
2308 5714 2560 5770 vivorum
2615 5726 2669 5771 et
2715 5726 3082 5771 mortuorum.
3140 5712 3281 5770 Huic
3323 5730 3516 5771 omnes
3559 5731 3683 5785 pro-

426 5804 664 5875 νεκρῶν.
701 5806 811 5860 Καὶ
838 5807 1210 5890 παρήγγειλεν
1245 5809 1377 5880 ἡμῖν
1405 5809 1637 5880 κηρύξαι
1669 5809 1748 5878 τῷ
1775 5809 1887 5880 λαῷ
1902 5810 1998 5865 καὶ

2120 5807 2290 5876 phetae
2330 5808 2707 5864 testimonium
2766 5808 3083 5879 perhibent,
3120 5806 3504 5881 remissionem
3550 5801 3680 5878 pec-

2112 5269 2236 5308 eum
2264 5253 2618 5310 manifestum
2650 5254 2793 5322 ﬁeri,
2836 5271 2948 5312 non
2971 5259 3119 5314 omni
3150 5260 3373 5330 populo,
3401 5258 3497 5313 sed
3528 5260 3684 5313 testi-
3774 5301 3783 5309 .
