4082 6416
453 513 557 583 951

1334 498 1909 565 THEOPHYLAC’I‘I
1944 492 2354 557 BULGABIE
2396 488 2754 550 ARCHIEP.

3610 465 3718 531 9‘52

457 633 647 697 verba,
678 630 734 686 in
765 628 967 699 quibus
999 625 1185 683 salvus
1215 622 1325 678 eris
1353 631 1436 687 ttt,
1466 628 1521 675 et
1554 617 1810 673 universa
1834 613 2033 669 domus

2166 626 2296 663 ιωνα
2326 609 2417 663 τὸν
2449 602 2880 672 ἐπικαλούμενον
2911 596 3140 667 Πέτρον,
3161 591 3220 656 ὃς
3246 588 3472 659 λαλήσει
3492 587 3712 658 ῥήματα

462 737 579 782 tua.
633 724 770 780 Cum
805 731 986 777 autem
1025 717 1313 789 cmpissem
1354 713 1528 783 loqui,
1561 708 1760 765 cecidit
1796 705 2035 775 Spiritus

463 824 692 872 sanctus
716 828 883 885 super
910 827 1027 877 cos,
1063 812 1207 865 sicut
1232 815 1286 863 et
1310 807 1364 861 in
1398 819 1498 858 nos
1532 803 1587 857 in
1622 802 1804 856 initio.
1837 798 2037 853 Recor-

463 909 629 963 datus
666 922 788 965 sum
840 913 1020 960 autem
1066 901 1220 956 verbi
1274 897 1532 958 Domini,
1586 895 1732 949 sicut
1773 891 2035 947 dicebat:

464 1002 710 1058 Joannes
742 998 961 1069 quidem
995 994 1297 1066 baptizavit
1325 1005 1489 1061 aqua,
1524 1003 1624 1044 vos
1654 993 1835 1040 autem
1861 981 2039 1052 bapti-

467 1092 723 1148 zabimini
746 1092 802 1159 in
832 1089 1039 1159 Spiritu
1069 1095 1283 1143 saneto.
1303 1085 1359 1140 Si
1381 1097 1512 1154 ergo
1541 1079 1786 1137 eamdem
1809 1075 2038 1147 gratiam

467 1183 618 1240 dedit
657 1183 767 1238 illis
812 1181 974 1245 Deus,
1010 1182 1155 1236 sicut
1181 1186 1236 1233 et
1270 1176 1455 1240 nobis,
1499 1173 1592 1244 qui
1621 1168 1959 1225 credidimus
1984 1166 2039 1219 in

466 1273 754 1329 Dominum
784 1271 972 1329 Jesum
1005 1272 1289 1335 Christum
1327 1287 1340 1322 :
1406 1281 1508 1335 ego
1552 1264 1679 1334 quis
1732 1275 1904 1324 eram,
1947 1257 2039 1325 qui

467 1379 687 1437 possem
722 1366 1012 1435 prohibere
1071 1359 1408 1418 Deum'Hlis
1441 1356 1647 1412 auditis
1680 1355 1969 1408 tacuerunt
1989 1355 2044 1403 et

467 1456 920 1529 gloriﬁcaverunt
946 1455 1139 1520 Deum,
1173 1453 1420 1508 dicentes
1451 1468 1465 1503 :
1519 1446 1662 1518 Ergo
1691 1452 1744 1501 et
1791 1441 2044 1515 gentibus

468 1546 850 1627 paenitentiam
877 1545 1029 1602 dedit
1060 1544 1206 1601 Deus
1231 1542 1296 1597 ad
1320 1543 1512 1597 vitam.

782 1750 1064 1804 Dotninica
1090 1746 1453 1802 hebdomade:
1485 1742 1712 1816 quintae.

1092 1839 1136 1894 Τ
1143 1837 1396 1895 EXTUS.

541 1933 632 2000 XI,
655 1935 840 1990 19-50.
859 1932 926 1988 Et
946 1933 1253 2003 illiqnidem
1268 1931 1363 2003 qui
1386 1929 1626 2000 dispersi
1655 1928 1875 1984 fuerant
1895 1942 1922 1980 a
1950 1926 2049 1980 tri-

470 2027 750 2084 bulatione
765 2043 886 2098 qua:
905 2026 1044 2082 facta
1062 2025 1084 2079 l'
1085 2034 1240 2083 uerat
1257 2024 1361 2081 sub
1381 2024 1685 2095 Stephano,
1708 2021 2051 2092 perambula-

470 2130 668 2177 verunt
687 2134 861 2190 usque
881 2118 1218 2182 Phoenicem,
1240 2125 1296 2171 et
1319 2117 1582 2188 Cyprum,
1601 2123 1655 2170 et
1678 2112 2049 2178 Antiochiam,

471 2211 970 2282 neminiloqnentes
987 2211 1236 2275 verbum,
1256 2208 1359 2264 nisi
1382 2204 1750 2263 solisJudaeis.
1777 2204 2056 2258 Erantau-

472 2312 581 2357 tem
618 2302 839 2372 quidam
869 2318 933 2357 ex
966 2301 1057 2370 eis
1089 2301 1190 2355 viri
1218 2299 1400 2371 Cyprii
1424 2306 1479 2353 et
1497 2297 1767 2368 Cyrenmi,
1800 2295 1893 2364 qui
1925 2308 2051 2348 cum

475 2394 795 2451 introissent
831 2394 1198 2457 Antiochiam,
1226 2392 1591 2462 loquebantur
1617 2396 1670 2444 et
1707 2389 1774 2443 ad
1810 2386 2051 2449 Graecos,

477 2488 868 2544 annuntiantes
893 2486 1187 2541 Dominum
1215 2482 1425 2539 Jesum.
1471 2481 1540 2538 Et
1572 2492 1691 2537 erat
1721 2496 1920 2536 manus
1951 2479 2056 2534 Do-

480 2579 613 2636 mini
657 2593 783 2636 cum
827 2579 911 2634 eis
958 2597 971 2632 :
1031 2577 1353 2647 multusque
1397 2587 1667 2632 numerus
1712 2571 2054 2628 credentium

479 2687 784 2729 conversus
818 2682 897 2727 est
921 2670 987 2725 ad
1016 2669 1330 2724 Dominum.
1363 2665 1625 2722 Pervenit
1657 2672 1840 2720 autem
1873 2676 2057 2718 sermo

481 2763 549 2818 ad
584 2777 746 2818 aures
791 2760 1074 2823 Ecclesiae,
1124 2774 1246 2829 quae
1282 2767 1405 2814 erat
1444 2754 1803 2826 Jerosolymis
1827 2794 1842 2815 .
1890 2768 2059 2824 super

481 2853 637 2910 istis:
668 2860 723 2910 et
747 2851 1014 2907 miserunt
1042 2849 1348 2904 Barnabam
1385 2861 1562 2919 usque
1590 2846 1659 2900 ad
1685 2843 2055 2901 Antiochiam.

482 2944 587 3013 Qui
619 2960 745 3000 cum
794 2943 1138 3015 pervenisset
1167 2953 1222 2997 et
1260 2940 1489 2997 vidisset
1536 2938 1772 3010 gratiam
1812 2937 1930 3004 Dei,
1964 2953 2059 3009 ga-

481 3039 638 3093 visus
667 3046 781 3094 est:
801 3044 857 3091 et
889 3034 1218 3089 hortabatur
1238 3047 1434 3088 omnes
1464 3032 1519 3086 in
1553 3030 1841 3101 proposito
1872 3029 2059 3085 cordis

487 3143 817 3200 permanere
842 3131 894 3183 in
925 3128 1180 3183 Domino.
1233 3125 1370 3192 Quia
1393 3134 1515 3181 erat
1547 3125 1630 3178 vir
1655 3125 1835 3179 bonus
1864 3130 1919 3179 et
1941 3123 2059 3193 ple—

488 3235 594 3277 nus
642 3219 852 3291 Spiritu
900 3228 1093 3275 sancto
1130 3227 1185 3274 et
1224 3218 1352 3274 lide.
1391 3215 1458 3271 Et
1489 3217 1740 3288 apposita
1768 3224 1855 3272 est
1888 3216 2061 3270 multa

486 3315 646 3370 turba
682 3315 929 3372 Domino.
967 3312 1258 3370 Profectus
1291 3318 1376 3368 est
1399 3318 1583 3367 autem
1615 3309 1900 3365 Barnabas
1920 3306 2062 3362 Tar-

488 3422 634 3472 sum,
680 3415 741 3461 ut
772 3417 1042 3478 quaereret
1085 3405 1354 3469 Saulum;
1387 3416 1548 3473 quem
1575 3416 1700 3457 cum
1734 3399 2061 3464 invenisset,

489 3499 745 3570 perduxit
780 3498 1154 3554 Antiochiam.
1191 3496 1255 3551 Et
1294 3510 1499 3551 annum
1531 3502 1708 3549 totum
1756 3490 2065 3548 conversati

490 3600 622 3647 sunt
662 3591 735 3647 ibi
775 3592 827 3646 in
865 3590 1106 3647 Ecclesia
1139 3599 1193 3646 et
1221 3590 1533 3645 docuerunt
1561 3586 1778 3641 turbam
1814 3585 2064 3650 multam,

489 3686 563 3740 ita
588 3691 647 3739 ut
665 3683 1190 3756 cognominarentur
1214 3682 1452 3753 primum
1475 3678 1784 3734 Antiochia:
1810 3676 2067 3747 discipuli

488 3772 807 3830 Christiani.
835 3772 895 3856 In
933 3772 1020 3830 his
1071 3781 1253 3828 autem
1294 3771 1490 3828 diebus
1525 3775 1971 3841 supervenerunt
1998 3766 2068 3822 ab

487 3865 844 3938 Jcrosolymis
895 3865 1174 3937 prophetae
1241 3861 1595 3918 Antiochiam
1648 3876 1664 3915 :
1735 3866 1791 3915 et
1836 3871 2068 3929 surgens

494 3974 635 4014 unus
661 3973 727 4013 ex
754 3957 835 4014 eis
867 3944 1371 4026 nomine'Agahus,
1396 3952 1746 4025 signiﬁcabat
1771 3964 1868 4021 per
1891 3947 2061 4020 Spiri-

496 4060 607 4102 tum
645 4047 844 4103 famem
870 4061 1124 4119 magnam
1159 4045 1401 4100 futuram
1431 4044 1485 4099 in
1512 4042 1771 4098 universo
1801 4038 1935 4095 orbe
1962 4047 2072 4093 ter-

493 4155 705 4212 rarum,
741 4155 861 4210 quae
891 4139 1034 4195 facta
1061 4146 1147 4194 est
1166 4139 1271 4195 sub
1290 4135 1542 4192 Claudio.
1566 4132 1831 4205 Discipuli
1863 4138 2070 4195 autem,

497 4240 661 4304 prout
687 4232 813 4302 quis
845 4231 1101 4296 habebat,
1144 4234 1551 4301 proposuerunt
1583 4226 1784 4297 singuli
1827 4225 1883 4280 in
1910 4223 2074 4279 mini-

501 4324 733 4380 sterium
778 4323 1000 4380 mittere
1047 4322 1424 4378 habitantibus
1451 4321 1508 4375 in
1549 4318 1737 4375 Iudaea
1767 4316 2070 4373 fratribus:

500 4416 657 4487 25],
708 4416 852 4488 quod
888 4422 943 4472 et
1004 4413 1274 4475 fecerunt.
1303 4413 1581 4470 mittentes
1604 4411 1674 4468 ad
1706 4409 1953 4468 seniores
1978 4422 2077 4479 per

503 4526 697 4567 manus
726 4510 988 4568 Barnabas
1020 4517 1075 4566 et
1109 4508 1282 4564 Sauli.

1006 4769 1572 4838 COMMENTARIUS.

577 4867 835 4923 Fortasse
869 4873 1159 4936 propterea
1193 4865 1341 4936 quod
1372 4861 1641 4919 Hebraice
1678 4856 1830 4931 loqui
1862 4855 2081 4915 nescie-

507 4960 677 5025 bant,
721 4956 1034 5012 Hellenistre
1073 4955 1437 5012 vocabantur.
1486 4951 1879 5023 Loquebantur
1923 4947 2089 5019 igitur

510 5049 897 5106 annuntiantes
944 5048 1056 5105 illis
1097 5046 1287 5104 Jesum
1336 5044 1652 5109 Christum,
1699 5054 1756 5099 et
1791 5039 2090 5096 credebant

510 5157 721 5209 omnes,
761 5140 1023 5212 quoniam
1053 5158 1074 5192 ι
1106 5150 1244 5205 erat,
1274 5137 1470 5208 inquit,
1501 5149 1700 5191 manus
1724 5130 1936 5188 Domini
1962 5147 2086 5188 cum

511 5237 612 5303 eis,
651 5254 671 5288 ι
706 5238 808 5290 hoc
835 5243 940 5300 est,
979 5233 1241 5288 miracula
1271 5232 1600 5303 patrabant:
1632 5243 1753 5300 quae
1778 5226 2088 5283 necessaria

514 5327 624 5382 illis
662 5334 851 5387 erant,
887 5331 946 5379 ut
977 5321 1285 5377 crederent.
1321 5339 1341 5373 ι
1386 5319 1525 5385 Quia
1557 5325 1675 5373 erat
1704 5316 1787 5370 vir
1818 5314 2015 5369 bonus.
2065 5330 2083 5362 ι

518 5416 730 5470 Dictum
765 5414 871 5469 hoc
892 5409 1228 5468 contrarium
1259 5423 1366 5464 non
1399 5413 1486 5462 est
1522 5405 1600 5460 illi
1624 5403 1711 5458 ἐι
1743 5419 1760 5453 ‹
1788 5400 1962 5454 Nemo
1984 5397 2089 5453 bo-

518 5524 645 5572 ntts,
679 5507 783 5562 nisi
815 5521 960 5561 unus
997 5503 1166 5559 Deus.
1209 5521 1229 5554 ›
1261 5499 1379 5555 Non
1413 5499 1558 5554 enim
1591 5495 1779 5550 eodem
1815 5491 1977 5546 modo
2009 5489 2095 5543 di-

519 5603 683 5665 citur,
711 5598 852 5654 Deus
881 5613 1026 5653 unus
1062 5597 1258 5660 bonus,
1295 5608 1380 5659 ac,
1418 5593 1594 5645 Homo
1649 5588 1828 5642 bonus
1880 5604 1892 5638 :
1952 5583 2093 5637 Deus

520 5706 666 5748 entm
697 5699 781 5746 est
817 5705 914 5760 per
952 5687 1248 5746 essentiam
1287 5686 1499 5751 bonus;
1533 5688 1719 5752 ulpote
1762 5676 2091 5749 principium

522 5791 577 5839 ct
607 5780 729 5837 fons
759 5781 1003 5837 omnium
1033 5781 1302 5836 bonorum
1328 5797 1340 5835 :
1376 5785 1431 5832 at
1459 5776 1623 5830 homo
1649 5771 1870 5829 nonnisi
1906 5759 2097 5825 exsu-

644 5959 690 5994 ⁸⁸
721 5958 854 6015 Luc.
885 5973 1037 6024 xvttt,
1074 5957 1161 6013 19.

2140 705 2277 777 πρὸς
2310 703 2391 767 σὲ,
2423 703 2480 754 ἐν
2512 695 2591 762 οἷς
2621 695 2841 765 σωθήσῃ
2868 690 2932 744 σὺ
2959 688 3054 743 καὶ
3099 687 3207 748 πᾶς
3244 686 3272 737 ὁ
3300 677 3446 742 οἶκός
3482 696 3598 732 σου.
3623 676 3715 730 Ἐν
3784 716 3793 717 κ

2141 767 2199 851 δέ
2220 796 2299 866 τῷ
2335 790 2606 864 ἄρξασθαί
2639 805 2704 859 με
2756 784 2961 847 λαλεῖν,
2992 780 3228 836 ἐπέπεσε
3288 773 3349 827 τὸ
3376 770 3604 838 Πνεῦμα
3655 767 3718 820 τὸ

2140 858 2294 956 ἅγιον
2315 858 2402 938 ἐπ’
2429 858 2648 944 αὐτοὺς,
2673 878 2861 947 ὥσπερ
2894 874 2989 929 καὶ
3017 870 3103 940 ἐφ’
3133 869 3281 939 ἡμᾶς
3304 866 3362 917 ἐν
3380 862 3545 933 ἀρχῇ.
3567 858 3714 956 "Ep.-

2140 950 2346 1051 νησθην
2376 977 2434 1029 δέ
2455 974 2546 1028 τοῦ
2584 975 2824 1043 ῥήματος
2847 964 3050 1036 Κυρίου
3082 961 3157 1024 ὡς
3187 958 3370 1025 ἔλεγεν
3399 973 3414 988 ο
3465 950 3717 1020 Ἰωάννης

2148 1043 2247 1145 μέν
2302 1043 2600 1123 ἐὸάπτισεν
2639 1064 2815 1125 ὕδατι,
2860 1059 3016 1128 ὑμεῖς
3069 1053 3126 1107 δὲ
3173 1046 3609 1122 βαπτισθήσεσθε
3657 1043 3718 1094 ἐν

2145 1134 2420 1231 ίῐνεύματι
2463 1156 2623 1227 ἁγίῳ.
2649 1154 2713 1206 Ei
2746 1146 2840 1204 οὖν
2865 1149 2962 1219 τὴν
3000 1145 3123 1213 τσην
3152 1142 3360 1212 δωρεὰν
3381 1138 3579 1190 ἔδωκεν
3617 1134 3717 1186 αύ-

2143 1260 2256 1319 τοῖς
2287 1257 2315 1308 ὁ
2343 1253 2474 1314 Θεὸς
2523 1225 2713 1316 ὥσπερ
2768 1242 2863 1296 καὶ
2917 1240 3072 1309 ἡμῖν,
3105 1233 3461 1288 πιστεύσασιν
3485 1228 3580 1279 ἐπὶ
3628 1225 3720 1278 τὶν

2144 1317 2349 1415 Κύριον
2404 1336 2617 1408 Ἰησοῦν
2669 1329 2926 1402 Χριστὸν,
2986 1325 3096 1394 ἐγὼ
3150 1324 3233 1386 τίς
3286 1322 3438 1392 ήμην
3499 1317 3720 1379 δυνατὸς

2145 1433 2386 1489 κωλύσαι
2416 1429 2507 1482 τὸν
2536 1426 2668 1479 Θεὸν
2694 1441 2709 1490 ;
2746 1419 3108 1480 ’Δκούσαντες
3132 1414 3188 1468 δέ
3219 1412 3389 1467 ταῦτα
3415 1408 3720 1479 ἡσύχασαν,

2147 1527 2239 1580 καὶ
2292 1520 2550 1587 ἐδόξασαν
2595 1518 2686 1570 τὸν
2723 1514 2854 1567 Θεὸν
2898 1510 3149 1578 λέγοντες
3172 1522 3186 1538 ·
3222 1506 3431 1570 ’Δραγε
3467 1501 3561 1553 καὶ
3612 1499 3724 1560 τοῖς

2149 1618 2356 1672 ἔθνεσιν
2382 1614 2552 1667 ἔδωκε
2574 1609 2671 1678 τὴν
2701 1606 2996 1679 μετάνοιαν
3018 1602 3046 1653 ὀ
3069 1599 3203 1662 Θεὸς
3223 1599 3304 1661 εἰς
3334 1594 3504 1663 ζωήν.

2294 1692 2297 1695 Ι
2495 1706 2575 1774 Τῇ
2597 1702 2851 1774 Κυριακῇ
2876 1698 2973 1767 τῆς
2989 1702 3029 1748 ε’
3052 1691 3364 1761 ἑϐδομάδος.

2460 1816 2467 1823 -
2785 1783 3175 1843 KEIMENON.
3444 1850 3459 1859 Α

2221 1894 2286 1947 Οἱ
2345 1890 2446 1960 μέν
2489 1882 2582 1941 οὖν
2621 1879 3016 1952 διασπαρέντες
3046 1874 3154 1930 ἀπὸ
3207 1875 3306 1945 τῆς
3364 1869 3596 1939 θλίψεως
3627 1865 3728 1935 τῆς

2086 1986 2128 2041 Β
2157 1957 2458 2060 γενομένης
2483 1982 2576 2036 ἐπὶ
2616 1977 2900 2048 Στεφάνῳ,
2935 1969 3151 2040 διῆλθον
3179 1967 3284 2029 ἕως
3318 1962 3592 2028 Φοινίκης,
3633 1957 3730 2012 καὶ

2152 2050 2525 2152 Κύπρουξκαὶ
2568 2067 2925 2140 Ἀντιοχείας,
2964 2059 3154 2135 μηδενὶ
3187 2056 3473 2117 λαλοῦντες
3509 2053 3602 2107 τὸν
3636 2050 3729 2104 λό-

2152 2193 2270 2249 γον,
2287 2145 2355 2227 ἐί
2396 2171 2471 2243 μὴ
2500 2168 2661 2240 μόνον
2688 2160 2984 2220 Ἰουδαίοις.
3004 2153 3183 2209 Ἦσαν
3211 2152 3269 2206 δέ
3291 2166 3436 2213 τινες
3461 2146 3520 2213 ἐξ
3546 2145 3731 2200 αὐτῶν

2153 2234 2346 2340 ἀνδρες
2396 2234 2656 2333 ’Κύπριοι
2722 2256 2818 2311 καὶ
2892 2249 3232 2322 Κυρηναῖοι·
3294 2242 3493 2304 οἵτινες
3545 2234 3733 2340 ἐἰσελ-

2156 2327 2341 2424 θόντες
2394 2358 2474 2419 είς
2517 2327 2853 2419 ’Ᾱντιόχειαν
2882 2342 3103 2398 ἐλάλουν
3159 2335 3298 2407 πρὸς
3354 2332 3480 2393 τοὺς
3504 2327 3736 2424 -Ἑλληι

2156 2421 2362 2516 νιστὰς,
2416 2441 2895 2517 εὐαγγελιζόμενοι
2937 2434 3030 2489 τὸν
3094 2429 3301 2501 Κύριον
3352 2421 3584 2493 Ἰησοῦν.
3619 2421 3733 2473 Ka‘t

2153 2542 2223 2618 ἦν
2272 2511 2395 2615 χείρ
2451 2511 2657 2609 Κυρίου
2721 2511 2849 2604 μετ’
2900 2525 3121 2584 αὐτῶν·
3178 2519 3346 2581 πολύς
3391 2533 3453 2570 τε
3503 2511 3737 2586 ἀριθμὸς

2158 2605 2476 2698 πιστεύσας,
2525 2605 2862 2699 ἐπέστρεψεν
2889 2622 2983 2677 ἐπὶ
3011 2619 3101 2672 τὸν
3130 2614 3369 2681 Κύριον·
3408 2606 3649 2682 ἠκούσθη
3678 2605 3738 2659 δέ

2157 2734 2186 2786 ὀ
2206 2731 2363 2799 λόγος
2395 2728 2473 2790 είς
2499 2725 2567 2778 τὰ
2595 2717 2710 2777 ὦτα
2743 2721 2842 2791 τῆς
2898 2710 3227 2781 Ἐκκλησίας
3256 2706 3356 2776 τῆς
3386 2705 3457 2799 ἐνΔ
3480 2701 3740 2799 ΔἸερρσο-

2157 2790 2357 2895 λύμοις
2389 2819 2516 2888 περὶ
2552 2814 2733 2870 αὐτῶν
2758 2830 2772 2844 ·
2802 2790 2896 2865 οιαὶ
2921 2801 3249 2861 ἀπέστειλαν
3282 2794 3569 2870 Βαρνάϐαν
3597 2790 3746 2845 διελ-

2161 2882 2276 2972 θείν
2297 2882 2402 2977 ἕως
2432 2882 2783 2979 Ἀντιοχείας.
2831 2902 2931 2964 Ὃς
2972 2891 3436 2967 παραγενόμενος,
3472 2886 3565 2941 καὶ
3590 2882 3745 2979 Δἰδὼν

2162 3011 2263 3084 τὴν
2296 3007 2460 3080 χάριν
2488 3001 2585 3056 τού
2613 2977 2797 3064 -Θεοῦ,
2838 2992 3010 3064 ἐχάρη
3041 3006 3058 3020 ο
3082 2983 3386 3057 παρεκάλει
3416 2996 3475 3083 τε
3532 2977 3749 3084 πάντας

2161 3065 2231 3175 cf:
2268 3065 2526 3172 ⁸προθέσει
2574 3090 2671 3160 τῆς
2722 3084 2950 3157 καρδίας
2998 3076 3326 3151 προσμένειν
3383 3070 3463 3141 τῷ
3510 3065 3745 3175 Rupit}:-

2164 3159 2247 3250 ὅτι
2404 3187 2542 3256 ἀνὴρ
2593 3159 2798 3251 ἀγαθὸς
2824 3177 2919 3231 καὶ
2972 3173 3186 3242 πλήρης
3226 3159 3753 3264 Πνεύματρςυάγίου

2166 3249 2261 3342 παὶ
2292 3249 2545 3340 πίστεως.
2570 3249 2682 3330 Καὶ¹
2711 3264 3014 3342 προσετέθη
3043 3261 3198 3333 ὄχλος
3222 3256 3403 3318 ἱκανὸς
3436 3251 3512 3322 τῷ
3532 3249 3753 3342 Κυρίιέ).

2091 3342 2134 3403 (³
2169 3340 2408 3448 Fame.
2431 3372 2487 3425 δι
2514 3372 2593 3433 εις
2620 3340 2836 3437 Ταρσὸν
2870 3361 2898 3414 δ
2925 3354 3213 3428 Βαρνάϐας
3242 3346 3578 3419 ἀναζητῆσαι
3606 3340 3759 3395 Σαῦο

2172 3437 2314 3527 10v"-
2336 3469 2432 3522 καὶ
2461 3461 2635 3535 εὑρὼν
2657 3456 2846 3517 αὑτὸν,
2865 3455 3072 3523 ἢγαγεν
3094 3445 3256 3521 αὐτὸν
3291 3443 3371 3505 είς
3389 3437 3755 3508 Ἀντιόχειαν.

2175 3561 2435 3631 Ἐγένετο
2469 3531 2542 3611 δέ⁷
2562 3551 2762 3613 αὐτοὺς
2788 3544 3034 3601 ἐνιαυτὸν
3064 3541 3184 3595 ὅλον
3220 3532 3552 3607 συναχθῆναι
3598 3532 3655 3583 ἐν
3683 3531 3757 3599 ’τῇ

2186 3623 2507 3721 Ἐπκλησίᾳ,
2531 3645 2627 3700 καὶ
2655 3641 2864 3707 διδάξαι
2892 3635 3054 3706 ὄχλον
3085 3629 3294 3695 ἱκανὸν,
3328 3623 3671 3699 χρηματίσαι
3693 3637 3761 3673 τε

2176 3712 2394 3819 πρῶτον
2428 3712 2486 3795 ἐν
2530 3731 2837 3805 Ἀντιοχείᾳ
2869 3729 2998 3792 τοὺς
3062 3722 3309 3797 μαθητὰς
3368 3712 3760 3819 Χριστιανούς.

2188 3803 2278 3891 ’ἐν
2309 3832 2534 3892 ταύταις
2571 3827 2629 3880 δέ
2673 3803 2820 3885 ταῖς
2847 3819 3086 3891 ἡμέραις
3129 3811 3400 3883 κατῆλθον
3440 3807 3548 3862 ἀπὸ
3591 3803 3762 3892 Ἰερο-

2181 3928 2435 4000 σολύμων
2465 3891 2546 3986 είς
2584 3916 2923 3987 Ἀντιόχειαν
2960 3909 3258 3982 προφῆται.
3296 3898 3561 3961 ’Λναστὰς
3587 3894 3644 3948 δέ
3675 3891 3766 3968 εξ

2177 4024 2241 4089 ἐξ
2276 3987 2456 4076 αύτῶν
2487 4015 2711 4085 ὀνόματι
2739 4006 3007 4078 Ἄγαϐος,
3044 4002 3288 4089 ἐσήμανε
3319 3994 3408 4089 διά
3583 3987 3769 4089 Ilvati-

2184 4076 2377 4187 ματος,
2411 4076 2771 4178 λιμὸν-μέγαν
2826 4076 3047 4169 μέλλειν
3088 4087 3309 4144 ἔσεσθαι
3364 4083 3462 4151 ἐφ’
3493 4080 3622 4149 ὃλην
3660 4076 3769 4147 τὴν

2180 4170 2507 4274 δίκουμένην
2530 4215 2545 4231 ο
2578 4170 2725 4256 δστις
2745 4192 2841 4245 καὶ
2866 4187 3087 4256 ἐγένετο
3120 4180 3214 4236 ἐπὶ
3232 4174 3503 4234 Κλαυδίου
3550 4170 3770 4226 Καίσα-

2186 4319 2296 4376 ρος.
2328 4268 2533 4353 ’λ’ὦνδέ
2560 4288 2826 4364 μαθητῶν
2862 4282 3047 4347 καθὼς
3074 4274 3370 4352 ηὕπορεῖτό
3427 4290 3510 4335 τις
3549 4268 3769 4341 ὥρισαν

2181 4362 2417 4456 ἕκαστος
2445 4386 2629 4443 αὐτῶν
2663 4385 2744 4446 είς
2774 4377 3055 4434 διακονίαν
3085 4370 3303 4442 πέμψαι
3335 4368 3449 4431 τοῖς
3478 4362 3772 4418 κατοικοῦ-

2187 4500 2275 4537 σιν
2307 4481 2365 4534 ἐν
2395 4453 2462 4550 τῇ
2497 4473 2740 4545 Ἰουδαίᾳ
2769 4468 3054 4535 ἀδελφοίςο
3091 4463 3122 4516 ὃ
3169 4461 3264 4516 καὶ
3300 4456 3583 4527 ἐποίησαν,
3629 4453 3774 4506 ἀπυ-

2188 4545 2497 4635 στείλαντες
2527 4566 2662 4640 πρὸς
2693 4565 2825 4627 τοὺς
2869 4554 3278 4630 πρεσϐυτέρους
3296 4548 3388 4605 διὰ
3412 4547 3592 4621 χειρὸς
3621 4545 3775 4615 Βαρ-

2107 4692 2163 4752 D
2188 4666 2328 4726 νάὸα
2357 4667 2452 4720 καὶ
2479 4659 2707 4717 Σαύλου.

2805 4736 3186 4799 ΕΡΜΗΝΕΙΑ.

2262 4850 2426 4911 Ἴσως
2452 4843 2543 4900 διὰ
2563 4841 2626 4896 τδ
2654 4838 2729 4907 μὴ
2759 4835 2957 4891 εἰδέναι
2986 4826 3267 4902 Ἐϐραϊστὶ
3292 4823 3495 4889 λαλεῖν,
3527 4819 3779 4889 Έλληνιο

2191 4940 2322 5004 στὰς
2343 4910 2591 4993 ἐκάλουν.
2608 4928 2865 4985 Ἐλάλουν
2893 4924 3073 4978 τοίνυν
3098 4918 3193 4974 καὶ
3219 4916 3356 4988 πρὸς
3383 4913 3581 4977 αὐτοὺς
3607 4910 3780 4979 εὐαγ-

2190 5029 2532 5105 γελιζόμενοι
2553 5025 2645 5079 τὸν
2673 5020 2878 5090 Κύριον
2909 5012 3140 5085 Ἰησοῦν,
3167 5005 3571 5105 καὶ-ἐπίστευον
3596 5003 3779 5057 ᾶπαν-

2192 5093 2571 5190 τες,ἐπειδὴ,
2605 5112 2761 5184 φησι,
2801 5127 2820 5163 t
2856 5109 2981 5179 χεὶρ
3011 5102 3221 5175 Κυρίου
3252 5096 3320 5170 ἧν
3354 5097 3475 5170 μετ’
3508 5093 3713 5157 αὐτῶν,
3753 5110 3773 5144 ι

2195 5186 2443 5271 τουτέστι
2489 5186 2692 5278 σημεῖα
2735 5201 3049 5273 ἐργάζοντο.
3090 5196 3192 5249 Διὰ
3235 5192 3393 5247 τοῦτο
3434 5189 3545 5260 γὰρ
3586 5188 3621 5254 ἡ
3662 5186 3777 5278 τίὲν

2199 5307 2441 5379 σημείων
2463 5272 2676 5369 ἀνάγκη
2716 5272 2961 5366 γέγονεν,
2982 5291 3071 5344 ἵνα
3094 5284 3482 5343 πιστεύσωσιν.
3509 5299 3528 5333 ι
3554 5280 3680 5333 Ὅτι
3705 5272 3781 5347 ἦν

2197 5371 2343 5472 ath
2361 5394 2585 5465 ἀγαθός.
2601 5413 2620 5446 ι
2642 5391 2756 5445 Οὐκ
2780 5384 3087 5441 ἀντίκειται
3102 5378 3261 5434 τοῦτο
3284 5375 3415 5446 τῷ,ι
3438 5372 3627 5434 Οὐδεὶς
3639 5371 3781 5472 dixi:-

2205 5456 2326 5554 οδέξ
2351 5456 2507 5556 είμὴ
2543 5456 2701 5553 μόνος
2728 5481 2756 5533 ό
2786 5476 2940 5538 Θεός.
2982 5493 3001 5527 ι
3027 5473 3100 5526 Οὐ
3119 5471 3228 5540 γὰρ
3253 5464 3448 5520 ταύτόν
3478 5465 3615 5527 ἐστι,
3644 5456 3781 5511 Θεὸν

2207 5582 2367 5653 μόνον
2414 5553 2616 5645 άγαθδν
2662 5570 2832 5637 εἶναι,
2889 5567 2983 5621 καὶ
3030 5565 3197 5633 ἄνδρα
3220 5557 3422 5628 ἀγαθὸν
3489 5553 3777 5653 ὑπάρχειν.

2217 5641 2278 5727 ίΟ
2312 5670 2411 5743 μὲν
2441 5641 2550 5739 γὰρ
2585 5656 2919 5720 κατόύσίαν
2948 5655 3152 5727 ἀγαθὸς
3185 5652 3420 5725 ὑπάρχει
3441 5665 3456 5680 ·
3492 5645 3634 5716 ἁρχὴ
3666 5641 3781 5743 γὰρ

2205 5734 2489 5832 καῖ’πηγῆ
2522 5734 2631 5811 τῶν
2666 5751 2884 5825 ἀγαθῶν
2912 5765 2926 5779 ·
2975 5750 3005 5803 ὀ
3043 5747 3099 5803 δέ
3141 5744 3279 5817 ἀνὴρ
3318 5741 3379 5796 ού
3420 5734 3779 5793 κατόύσίσν,
