4082 6414
355 444 424 507 57
946 442 1483 504 EXPOSITIONIS
1507 444 1589 505 IN
1621 441 1812 505 ACTA
1851 443 2154 507 TEXTUS
2180 446 2528 509 ALTER.—
2555 447 2718 511 CAP.
2754 448 2895 511 ΧΠ.

3466 445 3571 513 958

321 558 518 620 εἰπεῖν,
555 552 638 608 ὅτι
676 551 773 607 καὶ
808 549 996 622 ἕτερον
1032 554 1134 606 οὐκ
1171 548 1315 624 εἶχεν
1348 553 1382 624 ἢ
1420 553 1479 606 ὃν
1516 554 1723 622 ἐφόρει.
1751 550 1894 624 ’Λρα

2003 556 2264 625 neglexit,
2298 555 2507 612 habens
2563 563 2619 611 et
2652 556 2994 617 vestimenta,
3026 564 3081 612 et
3116 569 3335 620 zonam,
3371 564 3426 612 et
3459 559 3573 610 cal-

320 650 640 718 παρήκουσε
682 642 776 698 τοῦ
821 643 1094 714 Χριστοῦ;
1138 644 1203 698 Τί
1242 640 1335 698 οὖν
1376 646 1529 708 ἐστι;
1573 645 1654 697 Τὰ
1700 631 1893 697 ἐπιτά-

318 753 537 807 γματα,
573 734 737 804 φησιν
761 736 805 799 ¹,
839 734 1050 796 ἐκεῖνα,
1086 734 1219 803 πρὸς
1247 735 1435 804 καιρὸν
1460 729 1560 805 ἦν,
1592 735 1688 786 καὶ
1718 735 1776 787 οὐ
1807 734 1897 787 διὰ

321 827 547 890 παντός.
576 826 697 879 Ὅτι
726 821 783 879 δὲ
813 825 1011 894 ἀληθές
1039 826 1176 888 ἐστι,
1203 825 1416 887 Λουκᾶς
1445 825 1473 876 ὁ
1502 824 1896 894 εὐαγγελιστὴς

324 918 635 987 μαρτυρεῖο
680 915 814 985 φησὶ
861 918 971 986 γὰρ
1017 916 1295 986 εἰρηκέναι
1334 918 1447 979 τοῖς
1495 916 1762 985 μαθηταῖς
1806 915 1895 967 τὸν

321 1007 595 1078 Χριστόν
646 1027 665 1059 ι
700 1009 828 1060 Ὀτε
875 1007 1171 1061 ἀπέστειλα
1214 1008 1358 1077 ὑμᾶς
1402 1006 1536 1076 ἄτερ
1582 1006 1896 1076 βαλαντίου,

318 1101 417 1152 καὶ
445 1104 649 1171 πήρας,
677 1100 773 1152 και⁵
803 1097 1000 1169 ζώνης,
1026 1100 1119 1152 καὶ
1147 1099 1533 1168 ὑποδημάτων,
1563 1100 1637 1170 μή
1665 1115 1714 1152 τι
1744 1098 1897 1151 ὑστέ-

323 1207 488 1261 ρησεν
533 1192 692 1259 ὑμῖν;
737 1190 998 1258 Λέγουσιν
1044 1185 1229 1259 αὐτῷ’
1281 1187 1381 1241 0³3.
1435 1209 1453 1240 ι
1512 1185 1644 1243 Εἷτά
1691 1204 1893 1261 φησιν·

327 1300 348 1333 ι
389 1282 550 1336 Ἀλλὰ
580 1282 675 1335 νῦν
702 1282 845 1349 λέγω
869 1281 998 1349 ὑμῖν
1019 1298 1032 1312 ο
1069 1280 1126 1333 Ὀ
1152 1284 1290 1351 ἔχων
1319 1278 1604 1351 βαλάντιον
1624 1320 1639 1344 ,
1708 1281 1897 1351 ἀράτω

316 1375 519 1443 ὁμοίως
551 1374 644 1426 καὶ
678 1375 881 1442 πήραν.
920 1390 941 1425 ›
975 1372 1130 1434 Τίνος
1159 1371 1215 1424 δὲ
1248 1371 1432 1424 ἕνεκεν
1462 1370 1621 1425 τοῦτο
1649 1369 1770 1425 τότε
1799 1374 1894 1424 ἐπε

319 1464 512 1531 ἐταξε;
540 1464 651 1534 Τὴν
673 1462 904 1533 δύναμιν
930 1462 1095 1515 αὐτοῦ
1125 1462 1296 1527 δεῖξαι
1325 1461 1667 1531 βουλόμενος.
1697 1462 1759 1514 El
1788 1459 1898 1514 τοί-

316 1573 414 1608 νυν
453 1554 548 1609 ἕνα
593 1554 699 1608 ἔδει
741 1553 944 1625 χιτῶνα
990 1554 1134 1624 ἔχειν
1172 1555 1262 1607 τὸν
1304 1554 1538 1619 Παῦλον,
1583 1557 1633 1608 εἰ
1678 1553 1898 1608 πλύνειν

316 1644 482 1697 αὐτὸν
520 1644 646 1710 ἔδει,
689 1643 896 1714 γυμνὸν
938 1644 1099 1697 αὐτὸν
1138 1644 1306 1714 ἐχρῆν
1348 1644 1486 1697 οἴκοι
1531 1645 1821 1712 καθῆσθαι,
1862 1642 1894 1713 ἢ

316 1735 527 1804 γυμνὸν
560 1736 721 1789 αὑτὸν
752 1738 1046 1807 περιιέναι,
1078 1740 1170 1791 καὶ
1201 1740 1553 1807 ἀσχημονεῖν,
1581 1738 1769 1809 χρείας
1799 1755 1897 1790 κα-

315 1824 549 1896 latio-qq;
596 1826 707 1879 Οὐκ
752 1826 858 1880 ἔδει
896 1827 1183 1898 τοιγαροῦν
1227 1829 1315 1880 τὸν
1360 1828 1592 1895 Παῦλον,
1636 1831 1728 1883 ἐπὶ
1772 1846 1890 1882 τοσο

1999 649 2324 703 Ccamenta?
2369 648 2430 702 Et
2460 648 2732 719 quomodo
2762 649 2926 703 etiam
2966 650 3202 715 Paulus,
3245 648 3337 718 qui
3382 648 3569 703 Timo-

1998 742 2124 795 theo
2154 741 2431 795 scribebat
2455 742 2500 773 ⁵⁹
2533 759 2546 793 :
2586 759 2604 791 ι
2638 740 2898 794 Pcuulam
2932 755 3094 809 quam
3130 740 3326 808 reliqui
3353 738 3571 794 Troade

1997 836 2147 904 apud
2176 834 2435 902 Carpum,
2471 833 2691 887 veniens
2724 831 2854 886 aﬂ'cr
2885 840 3089 897 tecum,
3135 851 3154 883 ›
3186 834 3437 900 penulam
3470 833 3569 886 ha-

1996 925 2197 981 bebat?
2233 924 2420 994 Neque
2448 938 2576 978 vero
2604 923 2785 978 dicere
2816 923 2938 992 quis
2978 929 3177 993 potest,
3208 938 3333 978 eum
3366 923 3569 976 nullam

1998 1018 2184 1082 aliam,
2211 1027 2406 1085 praeter
2444 1030 2563 1070 eam
2594 1030 2757 1082 quam
2789 1013 2994 1070 ferebat
3020 1018 3259 1069 tunicam
3288 1014 3570 1070 habuisse.

1998 1107 2215 1175 Ergone
2259 1106 2579 1161 iuobediens
2610 1104 2709 1159 fuit
2733 1104 2996 1161 Christo?
3021 1104 3159 1172 Quid
3190 1105 3358 1174 igitur
3385 1104 3575 1160 dicen-

1997 1199 2163 1251 dum?
2206 1197 2412 1265 Nempe
2458 1197 2726 1266 ejusmodi
2779 1204 3045 1266 praecepta
3091 1195 3156 1249 ad
3199 1205 3413 1264 tempus
3448 1194 3571 1249 data

1999 1286 2193 1353 fuisse,
2227 1303 2333 1340 non
2360 1296 2419 1341 ut
2444 1298 2706 1356 perpetuo
2729 1294 3099 1341 servarentur.
3128 1283 3283 1350 Quod
3321 1288 3392 1338 ita
3423 1300 3569 1349 esse,

1998 1378 2315 1439 testimonio
2345 1386 2428 1432 est
2456 1377 2653 1443 Lucas,
2687 1394 2812 1432 cum
2851 1375 3019 1431 refert
3049 1376 3331 1432 Christum
3363 1375 3573 1431 dixisse

1997 1469 2285 1538 discipulis
2310 1469 2397 1523 ὀι
2434 1485 2453 1519 ι
2490 1467 2722 1533 Quando
2769 1468 2890 1523 misi
2937 1482 3034 1522 vos
3074 1468 3192 1522 sine
3243 1467 3485 1528 sacculo,
3520 1474 3574 1519 ct

1999 1576 2148 1631 pera.
2174 1569 2229 1615 et
2246 1560 2654 1623 calceamentis,
2676 1558 2940 1629 numquid
2966 1559 3170 1628 aliquid
3199 1559 3372 1612 defuit
3395 1557 3577 1611 vobis?

1999 1655 2068 1706 At
2104 1652 2180 1705 illi
2226 1652 2518 1706 dixerunt:
2554 1651 2719 1705 Nihil.
2766 1669 2786 1702 ι
2828 1650 3030 1705 Deinde
3080 1650 3193 1703 ait:
3232 1670 3250 1701 ι
3285 1649 3391 1705 Sed
3427 1666 3576 1705 nunc

1999 1745 2089 1815 qui
2120 1743 2280 1798 habet
2307 1743 2611 1809 sacculum,
2638 1743 2792 1797 tollat
2815 1742 3067 1796 similiter
3088 1750 3141 1795 et
3176 1757 3385 1810 peram.
3419 1760 3438 1791 ι
3466 1741 3577 1796 Cur

1999 1850 2128 1890 vero
2168 1841 2300 1888 tunc
2351 1834 2457 1887 hoc
2509 1832 2804 1904 prmcepit?
2854 1830 3117 1885 Videlicet
3166 1836 3227 1884 ut
3278 1829 3575 1900 potentiam

316 1916 497 1980 ούτοις
522 1916 908 1988 κατορθώμασι
948 1919 1233 1990 περιιόντα
1263 1918 1361 1991 τὴν
1394 1921 1747 1993 οἰκουμένην,
1802 1922 1891 1974 διὰ

1998 1941 2148 1980 suam
2186 1925 2584 1979 manifestaret.
2644 1924 2794 1978 Alias
2838 1938 2997 1988 vero,
3059 1923 3106 1977 si
3151 1921 3321 1976 Paulo
3360 1923 3576 1977 nonnisi

320 2008 539 2077 ἱματίου
597 2009 801 2063 ἔνδειαν
853 2008 992 2064 οἴκοι
1045 2009 1360 2079 καθῆσθαι,
1415 2011 1509 2064 καὶ
1556 2011 1892 2083 τηλικούτοις

316 2097 639 2168 πράγμασιν
685 2098 1019 2166 ἐμποδίζειν.
1063 2099 1128 2151 Τί
1177 2099 1256 2162 δὲ,
1300 2101 1349 2150 εί
1398 2100 1608 2167 κρυμὸς
1657 2100 1890 2171 ἐπετέθη

319 2190 570 2261 σφοδρὸς,
604 2190 696 2243 καὶ
730 2190 1079 2261 κατέϐρεξεν,
1108 2190 1141 2260 ἢ
1173 2192 1478 2259 ὲπὰγωσεν,
1506 2189 1564 2244 ὂν
1590 2192 1774 2262 ἐφόρει
1807 2210 1891 2261 χι-

318 2280 500 2348 τῶνας
536 2280 658 2343 Πῶς
691 2280 1045 2352 ξηραίνεσθαι
1079 2282 1236 2351 ἐνῆνς
1266 2284 1338 2336 ’ll
1372 2283 1535 2336 πάλιν
1565 2283 1772 2352 γυμνὸν
1800 2286 1862 2355 ἐχ
1881 2314 1893 2325 -

321 2372 425 2439 ρῆν
458 2372 751 2442 καθῆσθαι.
786 2372 850 2425 Τί
884 2372 965 2438 δέ,
999 2375 1047 2426 εί
1081 2368 1255 2444 ψύχος.
1285 2374 1566 2428 κατέτεινε
1603 2375 1662 2427 τὸ
1698 2375 1892 2445 σῶμα;

318 2461 597 2532 Τὴκεσθαι
617 2462 723 2516 ἔδει
751 2464 843 2517 καὶ
871 2465 949 2533 μὴ
976 2464 1337 2534 φθέγγεσθαις
1365 2466 1474 2519 Καὶ
1501 2465 1552 2518 τί
1577 2465 1642 2518 ἂν
1666 2466 1750 2537 είη
1780 2466 1895 2518 τούς

318 2571 412 2607 του
441 2554 849 2625 χαλεπώτερονς
874 2555 1007 2609 Οὐδὲ
1040 2556 1149 2625 γὰρ
1180 2557 1517 2625 ἁδαμάντινα
1550 2554 1779 2626 σώματα
1807 2557 1899 2609 αῦ-

316 2646 430 2711 τοίς
460 2645 1458 2717 κατεσκεύαστο.Τίοῦν;⁹Λπόλλυσοαι
1490 2651 1690 2720 ἐχρῆνς
1718 2650 1891 2703 Οὐδα-

323 2739 462 2808 μῶς.
496 2739 666 2793 Τοῦτο
707 2740 763 2795 δὲ
835 2740 1018 2805 καθὼς
1056 2739 1292 2811 εἴρηται,
1334 2741 1455 2796 τότε
1498 2743 1750 2807 ἐπέταξε,
1793 2744 1890 2813 τὴν

317 2831 547 2902 δύναμιν
590 2833 756 2886 αὐτοῦ
802 2832 971 2898 δεῖξαι
1019 2833 1363 2904 βουλόμενος,
1404 2833 1486 2887 ὅτι
1528 2834 1739 2897 οὐδενὸς
1781 2835 1889 2888 τῶν

317 2921 640 2993 ἐπιτηδείων
675 2925 1089 2996 ὑστερήσουσιν.

1996 2031 2159 2070 uuam
2190 2017 2431 2070 tunicam
2465 2015 2666 2072 habere
2696 2015 2965 2078 licuisset,
2998 2014 3221 2083 quando
3254 2028 3318 2067 ea
3348 2013 3578 2067 lavanda

1995 2118 2132 2170 erat,
2165 2108 2520 2177 Oportuissct,
2549 2109 2752 2159 nmium
2774 2105 2923 2160 domi
2950 2104 3164 2168 sedere,
3195 2112 3310 2170 aut,
3335 2105 3581 2158 necessi-

1998 2206 2107 2252 tate
2135 2207 2386 2267 urgente,
2408 2198 2611 2253 nudum
2636 2213 2847 2253 summa
2874 2212 2997 2251 cum
3018 2195 3576 2266 iguominiacircum-

1999 2292 2112 2344 ire:
2142 2289 2307 2361 254
2333 2299 2383 2343 ιιι
2408 2290 2652 2361 profecto
2675 2304 2782 2343 non
2806 2288 3052 2351 decebat,
3099 2286 3352 2351 Paulum,
3384 2289 3477 2357 qui
3509 2286 3579 2340 ob

2000 2384 2133 2436 tanti
2180 2384 2441 2437 umnieuti
2494 2384 2710 2454 negotia
2755 2391 2928 2435 totum
2985 2381 3247 2434 mundum
3289 2392 3581 2450 peragrare

2000 2474 2253 2536 debebat,
2274 2477 2597 2545 operimemi
2621 2474 2863 2527 carentia
2888 2472 3034 2526 dumi
3059 2473 3295 2528 otiosum
3320 2469 3578 2533 detineri,

1999 2573 2051 2619 et
2084 2582 2110 2619 a
2144 2576 2222 2619 tot
2259 2567 2536 2634 prmclaris
2565 2566 2902 2620 facinoribus
2933 2565 3248 2624 necessario
3281 2562 3577 2633 prohiberi.

2000 2658 2148 2725 Quid
2170 2673 2317 2719 vero,
2348 2659 2391 2712 si
2423 2660 2713 2711 vehemens
2742 2654 3040 2725 ingruisset
3065 2654 3258 2723 frigus,
3284 2667 3347 2705 ac
3371 2650 3578 2716 tunica,

1999 2760 2160 2817 quam
2231 2752 2513 2817 gestabat,
2579 2746 2916 2807 madefacta,
2976 2744 3208 2813 geluque
3279 2740 3581 2797 ιτοιιειιίςιιι

1998 2839 2230 2895 fuisset?
2278 2840 2560 2905 Quomodo
2603 2854 2722 2891 eam
2758 2838 3037 2891 exsiccare
3063 2833 3346 2891 licuisset?
3372 2833 3582 2886 llursus

1996 2946 2223 2985 necesse
2254 2930 2469 2993 fuisset,
2495 2940 2551 2981 ut
2576 2928 2756 2980 nudus
2794 2927 2847 2978 in
2877 2925 3077 2994 angulo
3100 2925 3335 2979 sederet.
3360 2924 3427 2974 At
3450 2922 3582 2990 quid

318 3016 366 3069 si
406 3013 579 3086 frigus
604 3032 805 3084 corpus
831 3019 1001 3087 ipsius
1046 3018 1228 3071 acrius
1259 3014 1613 3074 divexasset?‘
1650 3017 1840 3076 Nonne
1869 3022 2205 3091 oportuisset
2257 3037 2381 3076 eum
2443 3020 2507 3074 ad
2559 3029 2800 3072 extrema
2855 3032 2978 3071 cum
3029 3016 3248 3071 silentio
3286 3012 3584 3067 devenire?

318 3105 502 3171 Quare
554 3108 682 3177 quid
717 3108 912 3163 fuisset
941 3111 1193 3162 aeui-hius
1216 3110 1240 3162 ?
1267 3109 1452 3180 Neque
1477 3113 1625 3166 enim
1659 3128 1891 3184 corpora

2041 3115 2329 3168 adamante
2374 3112 2643 3167 fabricata
2690 3112 2800 3165 illis
2849 3110 3081 3164 fuerant.

3163 3105 3305 3174 Quid
3397 3106 3581 3175 igitur,

321 3198 503 3269 perire
538 3198 817 3267 oportebat
837 3196 865 3253 ?'
889 3199 1002 3252 Non
1038 3203 1245 3269 utique.
1277 3198 1385 3255 Sed
1425 3201 1503 3271 id,
1537 3212 1596 3257 ut
1645 3205 1757 3274 jam
1824 3205 2085 3271 diximus,
2154 3214 2286 3260 tunc
2351 3204 2607 3275 prmeepit
2634 3203 2908 3267 Christus,
2943 3211 3001 3255 ut
3037 3207 3219 3253 notaui
3251 3198 3452 3252 faceret
3488 3212 3586 3268 po-

321 3295 548 3349 tentiam
575 3308 751 3352 suam,
786 3297 1042 3359 quoniam
1091 3295 1332 3348 futurum
1365 3305 1505 3360 erat,
1535 3305 1595 3352 ut
1625 3299 1759 3353 nihil
1790 3315 1855 3354 ex
1890 3302 2218 3357 necessariis
2245 3302 2350 3356 illis
2376 3301 2605 3354 deesset.

743 3380 821 3452 Τῇ
864 3381 910 3452 β’
942 3382 1038 3451 τῆς
1072 3389 1112 3434 ε’
1160 3383 1473 3455 ἑϐδομάδος.

919 3473 1309 3528 KEIMENON.

392 3564 629 3620 Συνιδών
679 3580 739 3617 τε
795 3558 958 3635 ἢλθεν
1014 3564 1106 3618 ἐπὶ
1157 3566 1255 3636 τὴν
1310 3568 1488 3620 οἰκίαν
1532 3567 1753 3639 Μαρίας
1798 3569 1901 3640 τῆς

327 3659 532 3730 μητρὸς
596 3657 842 3711 Ἰωάννου
893 3655 987 3709 τοῦ
1046 3658 1483 3727 ἐπικαλουμένου
1542 3661 1794 3731 Μάρκου,
1837 3657 1898 3717 οῦ

321 3747 463 3820 ἦσαν
534 3751 713 3804 ἱκανοὶ
779 3750 1235 3820 συνηθροισμένοι
1295 3753 1387 3805 καὶ
1447 3756 1897 3826 προσευχόμενοι.

324 3841 672 3914 Κροῦσαντος
695 3841 751 3895 δέ
784 3841 950 3894 αὐτοῦ
992 3842 1092 3912 τὴν
1124 3841 1296 3912 θύραν
1324 3841 1417 3895 τοῦ
1448 3843 1691 3907 πυλῶνος
1725 3862 1897 3914 προσ-

319 3935 452 4006 ῆλθε
481 3935 741 4003 παιδίσκη
771 3933 1104 3999 ὑπακοῦσαι,
1154 3936 1381 4006 ὀνόματι
1426 3936 1580 4008 Ῥόδη
1607 3955 1620 3969 ·
1655 3942 1748 3990 καὶ
1782 3942 1901 3993 ἐπι-

320 4027 527 4093 γνοῦσα
565 4024 664 4097 τὴν
698 4026 881 4096 φωνὴν
918 4025 1012 4080 τοῦ
1048 4025 1282 4097 Πέτρου,
1331 4029 1439 4081 ἀπὸ
1462 4029 1561 4097 τῆς
1594 4030 1767 4099 χαρᾶς
1800 4031 1898 4083 οὐκ

317 4119 499 4190 ἤνοιξε
553 4119 646 4172 τὸν
695 4117 917 4171 πυλῶνα
961 4136 974 4150 ·
1030 4120 1405 4190 εἰσδραμοῦσα
1454 4120 1512 4174 δὲ
1571 4123 1893 4191 ἀπήγγειλε,

317 4209 412 4263 τὸν
447 4210 655 4281 Πέτρον
709 4211 933 4265 ἑστάναι
982 4211 1089 4282 πρὸ
1132 4211 1228 4265 τοῦ
1275 4211 1541 4277 πυλῶνος.
1579 4216 1642 4269 Οἱ
1672 4216 1729 4268 δὲ
1762 4216 1898 4285 πρὸς

317 4298 489 4371 αὐτὴν
536 4293 690 4352 εἶπον
734 4314 750 4329 ο
790 4301 995 4371 Μαίνῃ.
1066 4298 1135 4354 Ἢ
1189 4301 1246 4354 δέ
1303 4301 1672 4373 διισχυρίζετο
1727 4303 1898 4369 οὕτως

317 4389 485 4459 ἔχειν.
535 4390 600 4443 Οἱ
639 4390 694 4442 δὲ
734 4390 925 4457 ἔλεγον
953 4406 969 4421 ⁶
1039 4389 1098 4445 ⁸0
1141 4391 1371 4459 ἄγγελος
1420 4393 1586 4445 αὐτοῦ
1625 4397 1793 4449 ἐστιν.
1840 4396 1898 4448 '0

314 4482 377 4534 δὲ
404 4482 612 4553 Πέτρος
656 4483 892 4551 ἐπέμενε
936 4482 1170 4555 κρούων.
1244 4484 1581 4549 ’Λνοίξαντες
1641 4486 1718 4551 δὲ,
1757 4483 1897 4541 εἶδον

318 4572 509 4632 αὑτὸν.
553 4575 649 4627 καὶ
704 4574 1024 4643 ἐξέστησαν.
1091 4574 1441 4639 Κατασείσας
1496 4577 1553 4629 δέ
1594 4578 1778 4641 αὐτοῖς
1829 4581 1894 4650 τῇ

314 4665 465 4735 χειρὶ
506 4665 686 4735 σγᾷν,
722 4665 1023 4734 διηγήσατο
1057 4665 1240 4729 αὐτοῖς
1276 4665 1393 4729 πῶς
1444 4666 1472 4718 ὁ
1516 4667 1719 4738 Κύριος
1769 4669 1896 4736 ἐξὴ-

314 4772 487 4824 γαγεν
514 4756 677 4808 αὐτὸν
708 4757 773 4809 ἐκ
809 4756 908 4826 τῆς
940 4756 1211 4826 φυλακῆς.
1249 4753 1387 4811 Εἶπε
1439 4757 1494 4812 δέ
1520 4775 1535 4789 ο
1604 4761 1893 4829 Ἀπαγγεέ-

313 4848 444 4900 λατε
482 4846 726 4919 Ἰακώϐῳ
768 4848 994 4911 καὶτοῖς
1026 4848 1272 4917 ἀδελφοῖς
1295 4849 1490 4904 ταῦτα.
1524 4850 1634 4911 Καὶ
1660 4852 1894 4916 ἐξελθὼν

312 4939 593 5011 ἐπορεύθη
631 4942 711 5004 είς
750 4940 942 5010 ἕτερον
973 4941 1160 4996 τόπον.

906 5033 1291 5090 EPMHNEIA.

391 5118 509 5175 ’Ίνα
537 5121 685 5194 δείξῃ
716 5123 797 5176 ὅτι
819 5123 979 5179 τοῦτο
1008 5125 1029 5157 ³
1068 5126 1158 5179 ἀεὶ
1200 5125 1451 5191 συνόντος
1482 5129 1666 5194 αὐτοῖς
1707 5131 1887 5186 Ἰωάν-

309 5231 410 5267 νου
443 5214 541 5283 τὴν
576 5216 788 5288 μητέρα
825 5217 981 5286 φησὶ,
1009 5217 1102 5271 καὶ
1133 5217 1195 5270 τὸ
1230 5218 1564 5289 παράσημον
1600 5222 1765 5276 αὑτοῦ
1798 5225 1890 5278 τέο

313 5305 466 5357 οεικε
497 5321 512 5337 ·
544 5307 678 5375 φησι
705 5307 836 5378 γὰρ,
899 5325 918 5359 ι
956 5306 1063 5361 Τοῦ
1103 5310 1534 5380 ἐπικαλουμένου
1564 5314 1813 5384 Μάρκου.
1865 5336 1884 5372 ι

308 5390 482 5460 Οὖτίς
509 5396 566 5451 δέ
596 5392 664 5469 ἦν
696 5399 725 5451 ὁ
779 5400 873 5453 καὶ
903 5399 963 5453 τὸ
1003 5400 1145 5453 κατὰ
1177 5402 1405 5473 Μάρκον
1431 5407 1888 5477 συγγραψάμενος

382 5534 499 5590 "ll
533 5536 676 5590 Tim.
739 5554 817 5605 tv,
871 5538 955 5594 l5.
1053 5539 1099 5572 '°
1141 5540 1271 5596 Luc.
1300 5541 1560 5611 xxn,35.

1674 5588 1714 5612 φ

2367 3390 2524 3445 Feria
2552 3391 2586 3444 2
2620 3389 2973 3445 hebdomadm
3004 3387 3229 3458 quintae.

2649 3481 2949 3538 TEXTUS.

2072 3576 2187 3643 Xll,
2216 3578 2332 3633 l2-l
2346 3580 2396 3632 7.
2416 3578 2893 3647 Cimsideransque
2908 3576 3056 3631 venit
3078 3574 3143 3629 ad
3162 3572 3380 3628 domum
3404 3569 3588 3626 Maria:

2002 3673 2192 3723 maliis
2224 3671 2468 3738 Joannis,
2514 3671 2607 3741 qui
2648 3669 3066 3739 cognominatus
3099 3676 3182 3720 est
3216 3665 3449 3730 Marcus,
3494 3663 3586 3718 ubi

2001 3772 2155 3815 cruat
2188 3765 2347 3816 multi
2381 3764 2693 3833 congregati
2722 3769 2775 3814 et
2815 3769 3060 3815 orantes.
3109 3757 3371 3811 Pulsanle
3403 3765 3584 3810 autem

1999 3871 2064 3910 eo
2112 3856 2310 3909 ostium
2344 3855 2543 3925 janune,
2590 3854 2853 3923 processit
2903 3853 3080 3922 puella
3118 3852 3183 3905 ad
3228 3848 3582 3907 audiendum,

2001 3949 2219 4001 nomine
2269 3947 2478 4004 lihmlc.
2513 3946 2577 4000 Et
2622 3958 2679 3998 ut
2728 3947 2983 4016 cognovit
3028 3959 3212 3999 vocem
3269 3942 3436 4004 Petri,
3475 3956 3586 4010 prae

1999 4037 2201 4107 gaudio
2233 4052 2340 4089 non
2368 4040 2583 4105 aperuit
2611 4037 2858 4104 jannam,
2890 4035 3152 4091 Sedititro
3184 4047 3415 4087 currens
3441 4047 3583 4085 nuu-

2002 4129 2155 4181 liavit
2187 4139 2334 4181 stare
2368 4127 2583 4181 Petrum
2608 4127 2995 4195 antejanuam.
3028 4128 3094 4179 At
3117 4124 3197 4178 illi
3229 4123 3489 4178 dixerunt
3515 4119 3583 4175 ad

2000 4235 2118 4274 eam
2157 4237 2173 4277 :
2205 4221 2439 4275 Insanis.
2466 4220 2560 4274 llla
2599 4228 2780 4273 autem
2814 4218 3117 4273 afﬁrmabat
3154 4217 3234 4272 sic
3268 4233 3325 4273 se
3360 4216 3584 4271 habere.

1998 4313 2076 4367 llli
2137 4322 2317 4367 autem
2388 4313 2703 4367 dicebant:
2750 4312 2992 4383 Angelus
3061 4311 3179 4380 ejus
3226 4317 3331 4365 est.
3393 4309 3587 4364 Petrus

2001 4412 2179 4458 autem
2242 4407 2626 4474 perseverabat
2688 4404 2937 4473 pulsans.
3014 4401 3152 4456 Cum
3228 4410 3411 4454 autem
3455 4414 3588 4468 ape-

1999 4497 2262 4558 ruissent,
2298 4497 2554 4551 viderunt
2594 4511 2718 4550 eum
2752 4505 2805 4548 et
2856 4496 3281 4561 obstupuerunt.
3318 4491 3583 4545 Annuens

1988 4582 2179 4642 autem
2217 4588 2300 4642 eis
2350 4594 2549 4652 manu,
2593 4595 2652 4639 ut
2697 4593 2965 4648 tacerent,
3016 4583 3264 4637 narravit
3307 4581 3583 4649 quomodo

1999 4679 2263 4733 Dominus
2321 4680 2602 4733 eduxisset
2658 4693 2781 4730 eum
2846 4676 2915 4731 de
2976 4690 3227 4733 carcere,
3289 4673 3578 4741 dixitque:

2003 4769 2262 4824 Nuntiate
2287 4770 2493 4824 Jaeobo
2513 4777 2567 4823 et
2615 4767 2879 4822 fratribus
2908 4767 3042 4820 haec.
3071 4764 3136 4818 Et
3166 4779 3418 4835 egressus
3450 4762 3585 4817 abiit

2002 4861 2057 4914 in
2094 4863 2262 4915 aiiutu
2295 4863 2495 4915 locum.

2509 5039 3081 5100 COMMENTARIUS.

2075 5135 2143 5191 Ut
2184 5146 2372 5191 notum
2415 5136 2637 5201 faceret,
2673 5151 2732 5190 se
2769 5149 2874 5187 non
2918 5132 3064 5202 loqui
3113 5131 3177 5185 de
3216 5138 3390 5184 matre
3429 5128 3579 5184 illius

1996 5228 2249 5291 Joannis,
2300 5229 2393 5298 qui
2431 5242 2646 5296 semper
2681 5233 2800 5281 erat
2833 5240 2955 5279 cum
2994 5222 3128 5292 ipsis
3153 5220 3290 5292 (19),
3332 5229 3582 5288 prapter-

1997 5336 2059 5376 ea
2107 5336 2409 5393 cognomen
2454 5321 2575 5388 ejus
2614 5321 2807 5381 addit,
2843 5316 3032 5371 dicens
3067 5333 3080 5368 :
3121 5332 3138 5364 ι
3169 5311 3271 5378 Qui
3304 5310 3583 5380 cognomi-

1995 5421 2159 5468 natus
2186 5424 2271 5470 est
2306 5414 2543 5470 Marcus.
2575 5431 2594 5464 ι
2628 5411 2725 5467 llic
2750 5421 2931 5466 autem
2967 5417 3069 5471 est,
3101 5408 3192 5475 qui
3226 5402 3577 5473 Evangelium

1503 5632 1706 5696 Varias
1734 5634 2043 5698 lectiones
2087 5641 2152 5697 et
2196 5643 2390 5700 nota.

709 5728 729 5759 ³
760 5728 822 5782 οὗ
857 5729 974 5783 τοῦ.

385 5728 406 5758 ¹
445 5726 610 5797 φημὶ

393 5843 501 5917 (l9)
534 5842 664 5915 Seu,
693 5843 921 5903 Joannis
960 5849 1208 5917 apostoli.
