4082 6418
437 374 544 434 059

1367 387 1945 449 ΤΗΕΟΡΙῙΥῘΛΟΤΙ
2002 392 2416 452 BUI.G.'\RI:E
2454 394 2813 456 ARCIIIEI‘.

3590 395 3694 457 960

438 485 583 553 quod
617 488 915 544 secundum
947 491 1186 549 Marcum
1214 497 1434 559 dicitur,
1461 501 1814 571 conscripsit,
1850 518 2019 571 nepos

2126 503 2474 571 Εὐαγγέλιον,
2500 506 2527 556 ὁ
2557 504 2774 574 avexi/io;
2803 505 3056 575 Βαρνάϐα
3084 520 3095 532 ·
3122 507 3248 573 περὶ
3275 498 3337 560 οὗ
3369 505 3459 558 καὶ
3492 506 3697 569 Παῦλος
3754 574 3759 579 Ι

440 578 723 643 Ιῖτιιιῑιιτιῑιιῑι,
750 584 817 637 de
850 599 959 652 quo
981 589 1143 641 etiam
1177 589 1372 644 Paulus
1390 592 1581 646 scribit
1614 592 1899 648 Timotheo
1927 596 1970 627 ⁶¹
1998 611 2011 645 :

446 686 465 718 ι
509 667 748 722 Marcum
806 687 1048 739 assume,
1100 685 1154 730 et
1202 678 1380 732 adduc
1433 688 1612 733 tecum
1663 699 1676 734 :
1738 695 1823 737 est
1867 686 2013 739 enim

443 759 575 811 inihi
636 760 783 816 utilis
836 763 889 816 in
937 767 1325 823 ministerium.
1372 789 1390 821 ι
1426 801 1496 809 —
1546 791 1563 823 (
1604 774 1843 844 Angelus
1890 777 2015 846 ejus

441 861 543 903 est.
584 869 602 903 ι
637 852 716 905 Ex
749 854 849 907 hoc
891 856 1010 909 loco
1060 859 1406 915 manifestum
1453 862 1531 926 lit,
1572 854 2018 937 uuuinqueiiuiue

443 950 695 997 uestium
721 947 971 1015 angelum
1005 949 1225 1005 habere.

1001 1038 1229 1097 CAPUT
1268 1045 1454 1102 XVIII.

440 1128 601 1200 255
647 1131 719 1185 De
753 1136 1027 1190 custodum
1063 1142 1371 1207 punitione,
1420 1162 1482 1198 ac
1519 1145 1707 1200 deinde
1757 1150 1821 1203 de
1872 1133 2021 1217 {inpii

701 1223 929 1282 Herodis
958 1231 1146 1284 acerbo
1177 1235 1469 1307 miseroque
1507 1240 1748 1295 interitu.

1077 1412 1378 1473 TEXTUS.

508 1496 629 1564 XII,
658 1497 844 1555 18-24.
870 1502 1032 1558 Facta
1057 1516 1236 1561 autem
1256 1510 1366 1577 die,
1385 1522 1622 1569 eratnon
1647 1531 1808 1584 parva
1830 1521 1986 1574 turba
2007 1550 2020 1561 -

444 1586 520 1642 tio
544 1588 688 1644 inter
707 1591 928 1658 milites,
948 1597 1211 1664 quidnam
1240 1600 1438 1656 factum
1458 1606 1685 1661 essetde
1708 1606 1885 1664 Petro.
1914 1610 2019 1667 lle-

442 1679 606 1734 rodes
628 1689 809 1737 autem
841 1700 965 1741 cum
992 1690 1313 1759 requisisset
1335 1710 1481 1762 eum,
1496 1709 1547 1751 et
1566 1712 1673 1752 non
1694 1700 2017 1772 invenisset,

443 1771 803 1842 inquisitione
849 1777 987 1834 facta
1022 1781 1090 1836 de
1130 1787 1476 1852 custodibus,
1509 1790 1674 1858 jussit
1717 1808 1814 1849 eos
1845 1794 1967 1849 duci

2118 593 2320 662 γράφει
2361 593 2607 662 Τιμοθέῳ
2637 611 2651 625 ο
2700 616 2717 645 ι
2751 597 2974 664 Μάρκον
3018 594 3305 648 ἀναλαϐὼν
3348 596 3519 662 ἄγαγε
3559 597 3697 663 μετά

2121 700 2286 736 σεουτ
2303 684 2386 736 οῦ.
2424 685 2578 736 Ἔστι
2614 685 2721 755 γάρ
2758 703 2847 752 μοι
2889 684 3186 754 εὔχρηστος
3216 686 3296 748 εἰς
3328 685 3627 738 διακονίαν.
3674 703 3691 735 ι

2118 793 2214 825 -ι
2265 777 2324 828 ’0
2368 776 2600 843 ἄγγελος
2639 776 2804 829 αὑτοῦ
2852 779 3019 830 ἐστιν.
3063 796 3080 829 t
3157 778 3253 830 Ἐκ
3301 777 3491 829 τούτου
3544 776 3700 842 δῆλον

2119 868 2200 921 ὅτι
2241 867 2470 930 ἕκαστος
2497 868 2657 937 ήμῶν
2687 866 2920 936 ἄγγελον
2961 868 3096 937 ἔχει.

2702 1048 2953 1101 ΚΕΦΛΑ.
2996 1046 3130 1101 NII'.

2124 1139 2259 1208 Περὶ
2289 1139 2394 1207 τῆς
2420 1138 2537 1192 τῶν
2569 1138 2859 1207 φυλάκων
2885 1136 3215 1204 κολάσεως,
3252 1137 3350 1193 καὶ
3381 1136 3702 1206 μετέπειτα

2192 1230 2327 1298 περὶ
2363 1230 2473 1297 τῆς
2506 1230 2612 1283 τοῦ
2645 1229 2904 1295 ἀσεϐοῦς
2957 1229 3214 1298 Ἡρώδου
3245 1228 3460 1298 πικρᾶς
3498 1245 3563 1283 τε
3600 1230 3699 1284 καὶ

2193 1324 2470 1391 ὀλεθρίου
2512 1323 2957 1391 καταστροφῆς.

2711 1414 3103 1469 ΚΕΙΜΕΝΟΝ.

2191 1507 2496 1577 Γενομένης
2521 1505 2577 1558 δὲ
2616 1504 2830 1576 ἡμέρας
2880 1500 2948 1575 ἦν
2990 1506 3228 1577 τάραχος
3276 1505 3378 1559 οὐκ
3424 1504 3607 1575 ὀλίγος
3644 1506 3704 1558 ἐν

2121 1601 2232 1662 τοῖς
2269 1596 2651 1667 στρατιώταις,
2695 1597 2748 1650 τί
2774 1598 2883 1667 ἄρα
2917 1599 2943 1650 ὁ
2985 1597 3195 1669 Πέτρος
3226 1595 3464 1666 ἐγένετο.
3522 1597 3703 1663 Ἥρώ·

2121 1689 2218 1759 δης
2248 1688 2302 1741 δὲ
2334 1689 2669 1759 ἐπιζητήσας
2706 1687 2891 1753 αὑτὸν,
2928 1688 3021 1741 καὶ
3054 1689 3128 1759 μὴ
3171 1687 3366 1759 εὑρὼν,
3400 1687 3703 1758 ἀνακρίνας

2120 1782 2249 1845 τοὺς
2276 1781 2543 1849 φύλακας,
2579 1781 2864 1833 ἐκέλευσεν
2906 1779 3222 1851 ἀπαχθῆναι
3254 1795 3267 1811 '
3300 1780 3395 1834 καὶ
3427 1779 3704 1834 κατελθὼν

442 1854 893 1932 descendensque
933 1881 959 1918 a
990 1865 1176 1923 Iudam
1224 1871 1275 1925 in
1313 1874 1639 1944 Cmsaream,
1677 1881 1747 1935 ibi
1780 1898 2021 1937 commo-

2126 1869 2233 1922 ἀπὸ
2274 1870 2373 1938 τῆς
2431 1868 2693 1931 Ἰουδαίας
2726 1868 2803 1932 είς
2849 1867 2947 1939 τὴν
2995 1870 3355 1938 Καισάρειαν,
3408 1868 3701 1941 διέτριϐεν.

443 1956 595 2003 ratos
623 1959 729 2006 est.
757 1951 886 2006 Erat
936 1968 1115 2012 autem
1157 1960 1330 2016 iratus
1362 1962 1542 2034 Tyriis
1574 1976 1626 2021 et
1659 1969 1924 2027 Sidoniis.
1953 1974 2022 2028 At

443 2037 520 2092 illi
553 2043 840 2098 unanimes
876 2060 1143 2106 venerunt
1170 2054 1235 2109 ad
1268 2073 1414 2123 eum,
1443 2069 1497 2114 et
1528 2077 1790 2129 persuaso
1815 2066 2022 2133 Blasio,

440 2128 532 2195 qui
559 2143 673 2184 erat
709 2148 875 2204 super
903 2138 1214 2196 cubiculum
1244 2147 1407 2215 regis,
1428 2128 1779 2217 postulabant
1812 2172 2021 2226 pacein,

441 2228 508 2266 eo
540 2219 685 2283 quod
718 2221 998 2279 alerentur
1037 2230 1289 2298 regiones
1320 2250 1509 2291 eorum
1549 2241 1617 2296 ab
1654 2243 1767 2299 illo.
1804 2219 2023 2304 Statuto

443 2315 623 2361 autem
671 2311 780 2375 die,
814 2314 1059 2372 Herodes
1100 2324 1333 2380 vestitus
1376 2340 1525 2385 veste
1556 2335 1725 2405 regia,
1756 2340 1897 2393 sedit
1927 2356 2021 2409 pro

446 2399 726 2467 tribunali,
759 2415 813 2458 et
859 2411 1296 2469 coneionabatur
1330 2418 1394 2471 ad
1420 2437 1538 2477 eos.
1574 2423 1815 2495 Populus
1843 2440 2019 2485 autem

447 2492 788 2548 acclamahat
826 2516 839 2552 :
873 2499 961 2555 Dei
999 2519 1158 2559 voces
1185 2516 1237 2561 et
1271 2525 1375 2565 non
1427 2514 1685 2572 hominis.
1720 2520 2020 2577 Confestim

446 2589 626 2636 autem
656 2591 932 2653 percussit
960 2607 1082 2646 eum
1111 2599 1334 2664 angelus
1366 2601 1596 2669 Domini,
1641 2624 1705 2663 eo
1731 2612 1877 2680 quod
1915 2628 2019 2668 non

443 2668 685 2729 dedisset
717 2676 978 2733 honorem
1010 2684 1157 2743 Deo:
1190 2699 1239 2741 et
1269 2705 1627 2762 consumptus
1660 2714 1688 2752 a
1724 2702 2019 2769 vermibus,

444 2764 731 2830 expiravit.
755 2767 992 2827 Verbum
1028 2786 1206 2831 auten;
1235 2780 1449 2839 Domini
1485 2791 1769 2847 crescebat
1798 2802 1851 2848 et
1877 2796 2020 2849 mul-

444 2853 809 2923 tiplieahatur.

904 3014 907 3019 ’
956 3045 1522 3115 COMMENTARIUS.

518 3127 813 3200 Postquam
847 3139 1074 3207 angelus
1109 3142 1328 3199 Petrum
1368 3165 1429 3204 ex
1452 3166 1672 3209 carcere
1699 3163 1752 3210 et
1785 3158 2019 3217 vinculis

2123 1958 2231 2013 Ἦν
2288 1962 2341 2015 δὲ
2380 1963 2407 2014 ὁ
2452 1958 2700 2029 Ἡρώδης
2738 1958 3073 2030 θυμομαχῶν
3120 1959 3361 2030 Τυρίοις,
3404 1962 3498 2014 καὶ
3537 1960 3704 2013 Σιδω-

2121 2055 2278 2116 νίοις.
2337 2052 2714 2124 Ὀμοθυμαδδν
2768 2052 2824 2106 δὲ
2868 2053 3121 2121 παρῆσαν
3180 2052 3316 2122 πρδς
3375 2052 3559 2116 αὐτὸν,
3608 2052 3705 2105 καὶ

2122 2143 2413 2207 πείσαντες
2444 2144 2686 2197 Βλάστον
2724 2143 2815 2197 τὸν
2854 2144 2946 2197 ἐπὶ
2990 2142 3082 2197 τοῦ
3115 2144 3374 2207 κοιτῶνος
3415 2143 3511 2197 τοῦ
3552 2143 3706 2214 βασι-

2122 2235 2282 2299 λὲως,
2316 2233 2546 2307 ᾐτοῦντο
2579 2236 2807 2308 εἰρήνην
2854 2236 2942 2292 διὰ
2969 2235 3031 2290 τὸ
3058 2236 3359 2307 τρέφεσθαι
3391 2237 3575 2290 αὐτῶν
3604 2237 3705 2307 τὴν

2121 2328 2306 2401 χώραν
2336 2327 2445 2381 ἀπὸ
2464 2328 2561 2399 τῆς
2595 2327 2906 2398 βασιλικῆς.
2941 2328 3126 2399 Τακτῇ
3159 2326 3217 2380 δὲ
3251 2328 3435 2399 ἡμέρα
3457 2331 3485 2381 ὀ
3527 2327 3707 2399 Ἦρὼ-

2120 2418 2218 2489 δης
2272 2418 2636 2490 ἐνδυσάμενος
2696 2417 2904 2489 ἐσθῆτα
2964 2417 3276 2488 βασιλικὴν,
3327 2419 3420 2472 καὶ
3471 2419 3705 2482 καθίσας

2122 2511 2221 2564 ἐπὶ⁵
2274 2510 2369 2563 τοῦ
2420 2510 2685 2580 βήματος,
2725 2510 3061 2582 ἐδημηγόρει
3112 2510 3250 2581 πρὸς
3292 2508 3511 2574 αὐτούς.
3551 2508 3612 2563 '0
3649 2511 3711 2565 δέ

2122 2602 2296 2670 δῆμος
2355 2602 2626 2670 ἐπεφώνει
2660 2618 2676 2633 ·
2729 2601 2866 2654 Θεοῦ
2909 2600 3082 2671 φωνὴ,
3115 2602 3211 2654 καὶ
3243 2600 3342 2655 οὐκ
3390 2601 3706 2671 ἀνθρώπου.

2125 2694 2474 2765 Παραχρῆμα
2498 2693 2556 2746 δὲ
2590 2693 2750 2746 αὑτὸν
2775 2692 3045 2757 ἐπάταξεν
3072 2691 3301 2761 ἄγγελος
3329 2694 3556 2764 Κυρίου,
3589 2693 3710 2747 ἀνθ’

2121 2782 2196 2838 ὧν
2234 2786 2334 2838 οὐκ
2372 2784 2541 2839 ἔδωκε
2582 2784 2740 2851 δόξαν
2768 2785 2846 2854 τῷ
2880 2783 2999 2854 Θεῷ
3024 2801 3038 2815 ο
3084 2785 3179 2838 καὶ
3218 2784 3508 2855 γενόμενος
3561 2800 3710 2838 σκω-

2121 2876 2470 2947 ληκόϐρωτος
2514 2875 2792 2945 ἐξέψυξεν.
2846 2875 2902 2929 Ὀ
2932 2875 2990 2929 δέ
3016 2875 3171 2944 λόγος
3206 2874 3299 2929 τοῦ
3333 2876 3468 2929 Θεοῦ
3504 2875 3712 2946 ηὔξανε

2123 2969 2218 3022 καὶ
2256 2967 2609 3040 ἐπληθύνετο.

2715 3058 3101 3113 ΕΡΜΗΝΕΙᾹ.

2194 3149 2300 3202 Τὸν
2360 3149 2569 3221 Πέτρον
2604 3148 2699 3202 τοῦ
2753 3149 3129 3221 δεσμωτηρίου
3174 3149 3411 3205 καὶτῶν
3460 3149 3715 3206 ἁλύσεων

446 3222 716 3288 liberavit,
747 3242 871 3282 enin
905 3230 1149 3289 Herodes
1190 3253 1310 3291 eum
1348 3245 1677 3312 «iuresiisset,
1703 3258 1755 3302 et
1788 3267 1894 3305 non
1928 3253 2016 3307 in-

2126 3238 2527 3302 ἁπαλλάξαντος
2564 3238 2658 3292 τοῦ
2695 3238 2950 3308 ἀγγέλου,
2996 3238 3238 3309 ζητήσας
3290 3240 3455 3293 αὐτὸν
3484 3242 3511 3293 ὁ
3533 3240 3720 3311 ἸΙρὼ-

447 3317 707 3383 venisset,
751 3323 976 3390 milites,
1009 3328 1102 3396 qui
1142 3328 1287 3384 illiiiii
1320 3338 1720 3405 custodiebant,
1756 3342 1873 3410 ejus
1905 3343 2025 3398 loco

448 3407 743 3467 interfecit.
783 3415 943 3469 Anno
1000 3435 1127 3474 vero
1174 3425 1334 3478 tertio
1390 3431 1564 3495 regni,
1598 3407 1831 3504 Agrippa
1880 3438 2027 3491 venit

448 3498 779 3571 Cmsaream,
812 3522 933 3576 quae
960 3511 1110 3578 prius
1144 3512 1338 3571 Turris
1373 3518 1650 3578 Stratonis
1688 3525 2022 3581 vocabatur:

450 3591 637 3659 ibique
667 3602 1005 3667 spectacula,
1047 3605 1213 3659 veluti
1244 3607 1598 3667 festivitatem
1625 3617 1936 3684 qnannlam,
1971 3619 2023 3673 in

446 3682 678 3767 Ca'saris
716 3689 977 3747 honorem
1016 3697 1331 3754 celebravit.
1372 3701 1467 3757 Die
1516 3714 1697 3759 autem
1734 3716 2025 3777 spectacu-

448 3777 623 3830 lorum
655 3784 917 3850 secunda,
951 3798 1102 3844 veste
1141 3790 1367 3846 indutus
1400 3803 1511 3848 tota
1536 3813 1597 3849 ex
1635 3808 1884 3864 argento,
1921 3802 2045 3854 ini~

448 3868 607 3923 rabili
639 3880 850 3927 textura
894 3876 1054 3945 facta,
1100 3883 1246 3936 venit
1285 3883 1527 3937 diluculo
1575 3888 1641 3942 ad
1698 3891 1971 3944 theatrum
2010 3912 2022 3946 :

448 3962 538 4015 ubi
573 3966 763 4032 primis
789 3969 923 4026 solis
946 3974 1175 4029 orientis
1202 3979 1370 4034 radiis
1397 3996 1716 4049 percussum
1739 3996 2024 4056 argentum

449 4053 649 4108 mirum
684 4058 739 4111 in
790 4062 1007 4116 modum
1059 4067 1401 4136 splendebat,
1442 4080 1500 4125 ut
1544 4053 1874 4130 intuentium
1910 4094 2015 4132 non

449 4143 623 4197 solum
665 4149 860 4205 oculos
884 4158 1309 4233 \perstringeret,
1347 4163 1438 4217 sed
1474 4166 1634 4218 etiam
1685 4169 1885 4225 animis
1916 4179 2027 4225 ter-

450 4247 631 4286 i'orein
668 4236 959 4296 incuteret.
1011 4245 1315 4304 Confestim
1374 4270 1503 4308 vero
1550 4258 1883 4325 adulatores,
1934 4264 2025 4332 qui

449 4325 880 4387 circumstabant
921 4343 975 4390 et
1009 4339 1168 4393 deum
1217 4359 1341 4395 eum
1383 4348 1728 4417 appellabant
1778 4363 1834 4406 ct
1896 4369 2027 4424 pro-

456 4416 646 4484 pitium
701 4437 823 4477 esse
884 4430 1200 4495 exorabant,
1253 4442 1325 4501 et,
1380 4435 1527 4493 [ἔοι-ι
1587 4441 1889 4513 hucusque,
1947 4448 2028 4499 iii-

2126 3331 2243 3401 δης,
2280 3330 2376 3386 καὶ
2399 3332 2501 3400 οὐχ
2525 3330 2724 3403 εὑρὼν,
2760 3333 2884 3394 τοὺς
2915 3330 3218 3403 τηροῦντας
3256 3332 3418 3388 αὐτὸν
3443 3332 3718 3405 στρατιώ-

2127 3440 2225 3484 τας
2262 3412 2586 3475 ἀπέκτεινεν
2617 3421 2732 3475 ἀντ’
2766 3420 2999 3475 ἐκείνου.
3037 3421 3234 3493 Τρίτον
3262 3421 3385 3486 ἔτος
3428 3422 3721 3495 Ἀγρίππᾳ

2131 3512 2469 3583 βασιλεύοντι
2496 3514 2676 3583 παρῆν
2701 3512 2757 3565 ἐν
2779 3511 3117 3581 Καισαρείᾳ,
3145 3513 3213 3582 τῇ
3241 3512 3503 3581 πρότερον
3532 3511 3714 3579 Στρά-

2129 3623 2298 3668 τωνος
2346 3606 2562 3677 Πύργος
2626 3604 2959 3675 καλουμένῃ.
3021 3603 3303 3658 Συνετέλει
3363 3604 3421 3657 δὲ
3474 3603 3718 3658 ἐνταῦθα

2131 3694 2368 3765 θεωρίας
2400 3697 2478 3757 εἰς
2518 3694 2799 3763 Καίσαρος
2850 3693 3037 3764 τιμὴν,
3079 3694 3276 3763 ἐορτήν
3331 3709 3453 3746 τινα
3504 3694 3720 3764 ταύτην

2129 3785 2519 3854 ἐπιστάμενος.
2565 3783 2806 3853 Δευτέρᾳ
2848 3782 2906 3835 δὲ
2935 3781 3042 3835 τῶν
3074 3781 3319 3852 θεωριῶν
3347 3783 3550 3853 ἡμέρᾳ,
3590 3799 3721 3836 στο-

2128 3877 2226 3946 λὴν
2282 3877 2457 3942 ἐνδὺς,
2516 3876 2575 3939 ἐξ
2636 3875 2881 3946 ἀργύρου
2934 3875 3317 3945 πεποιημένην
3371 3876 3575 3935 πᾶσαν,
3634 3876 3715 3936 ὡς

2130 3970 2432 4036 θαυμάσιον
2458 3968 2598 4036 ὑφὴν
2622 3961 2785 4034 εἶναι,
2818 3965 3098 4038 παρῆλθεν
3124 3967 3202 4029 εἰς
3234 3966 3466 4036 θέατρον
3494 3965 3719 4036 ἡμέρας

2129 4059 2463 4131 ἀρχομένης.
2503 4057 2674 4111 Ἔνθα
2706 4060 2825 4120 ταῖς
2862 4057 3109 4129 πρώταις
3135 4056 3245 4109 τῶν
3282 4057 3522 4125 ἡλιακῶν
3557 4057 3720 4109 ἀκτέο-

2139 4172 2248 4208 νων
2277 4153 2559 4212 ἐπιϐολαῖς
2595 4151 2623 4202 ὁ
2652 4151 2894 4222 ἄργυρος
2922 4151 3347 4219 καταυγασθεὶς,
3392 4150 3720 4219 θαυμασίως

2133 4246 2452 4303 ἀπέστιλϐε.
2485 4244 2799 4314 μαρμαίρὸν
2828 4261 2880 4295 τι
2908 4242 3092 4314 φέρων
3125 4245 3235 4306 τοῖς
3278 4246 3357 4305 εἰς
3397 4244 3557 4295 αὑτὸν
3593 4244 3721 4296 ἀτε-

2130 4339 2313 4391 νίσασι
2352 4336 2447 4390 καλ⁸
2489 4335 2782 4405 φρικῶδες.
2836 4333 3009 4395 Εὐθὺς
3040 4334 3096 4386 δὲ
3146 4335 3196 4387 οἱ
3249 4335 3499 4398 κόλακες,
3553 4335 3721 4399 ἄλλος

2130 4430 2352 4486 ἄλλοθεν
2384 4429 2566 4499 φωνάς
2590 4427 2931 4492 ἐϐόων,Θεὸν
2971 4428 3494 4498 προσαγορεύοντες,
3544 4428 3719 4496 εὐμε·

449 4510 733 4578 θηίυίηῐης
790 4525 843 4570 te.
896 4528 1151 4591 tanquam
1200 4526 1474 4584 hominem
1528 4536 1932 4603 periiuiiuiiuns,
1970 4539 2022 4591 in

2133 4526 2235 4586 vii“);
2254 4521 2431 4577 “sim
2458 4520 2785 4594 [ἀξιοῦντες,
2810 4518 2928 4591 καὶ]
2960 4520 3323 4588 ἐπιλέγοντες
3352 4523 3411 4574 Εἰ
3435 4523 3525 4572 καὶ
3551 4521 3718 4590 μέχρι

454 4612 732 4669 rosterum
776 4611 922 4665 velut
976 4615 1213 4672 humana
1256 4622 1591 4690 superiorem
1639 4637 1830 4679 natura
1858 4646 2021 4682 vene-

448 4697 711 4752 rabimur.
741 4699 849 4755 Rex
878 4704 979 4758 ista
1004 4709 1252 4775 audiens,
1288 4729 1461 4781 neque
1492 4716 1636 4777 illos,
1666 4726 1723 4769 nt
1757 4735 1855 4787 par
1881 4730 2018 4783 erat,

447 4790 820 4858 reprehendit,
850 4810 1030 4864 neque
1058 4800 1278 4869 impiam
1313 4804 1680 4860 adulationem
1717 4809 1813 4863 abs
1844 4826 1902 4864 se
1936 4827 2023 4864 rc-

444 4874 598 4944 jecit.
628 4878 694 4931 At
726 4898 854 4935 vero
895 4890 1057 4952 paulo
1113 4903 1257 4960 post,
1310 4910 1433 4947 cuni
1486 4899 1845 4966 suspexisset,
1893 4902 2022 4955 vidit

449 4967 722 5025 bubonem
769 4978 934 5045 capiti
986 4996 1087 5035 suo
1129 4984 1524 5049 imminentem,
1576 5004 1638 5040 ac
1696 4990 1811 5043 funi
1861 4993 2020 5046 alicui

449 5057 797 5117 insidentem.
858 5066 992 5123 Enni
1045 5074 1229 5127 statim
1283 5080 1507 5146 agnovit
1554 5083 1775 5136 nonnisi
1818 5084 2026 5153 impen-

446 5149 690 5205 dentium
728 5158 993 5214 malorum
1032 5164 1281 5219 nuntium
1305 5183 1427 5223 esse
1460 5187 1472 5221 :
1506 5186 1569 5224 ac
1596 5174 1881 5240 repentino
1939 5175 2019 5229 ili-

450 5256 622 5311 i'oque
674 5246 943 5302 viscerum
1008 5255 1565 5347 ventrisqiie‘dolme
1611 5273 1923 5331 coireptuin
1978 5282 2036 5319 se

451 5338 643 5389 sensit.
691 5338 855 5410 256
903 5341 1083 5407 Quare
1118 5338 1569 5419 circiiiiisiiicieiis
1618 5354 1861 5408 aznies:
1898 5355 2032 5424 Ego,

454 5425 654 5495 inquit,
679 5433 773 5495 qui
822 5432 976 5488 vobis
1029 5435 1165 5490 deus
1212 5456 1355 5502 sum,
1388 5441 1502 5515 jam
1533 5443 1697 5495 vitam
1727 5446 2034 5515 relinquere

546 5546 587 5578 ⁶¹
620 5545 665 5600 Il
690 5549 831 5603 Tim.
867 5565 940 5616 tv,
972 5553 1058 5607 II.

2132 4619 2225 4670 νῦν
2244 4617 2315 4679 ὡς
2342 4615 2627 4685 ἄνθρωπον
2645 4611 3013 4681 ἐφοϐήθημεν,
3035 4610 3168 4665 ἀλλὰ
3182 4613 3500 4665 τούντεῦθεν
3528 4612 3718 4681 κρείτ.

2129 4708 2255 4761 τονά
2286 4725 2343 4759 σε
2368 4706 2468 4774 τῆς
2502 4704 2718 4772 φύσεως
2736 4701 3126 4772 ὁμολογοῦμεν.
3149 4704 3263 4756 Οὐκ
3295 4704 3565 4771 ἐπέπληξε
3595 4705 3720 4755 τού-

2131 4817 2255 4862 τους
2289 4801 2315 4850 ὁ
2341 4796 2619 4868 βασιλεὺς,
2648 4794 2767 4848 οὐδέ
2801 4793 2899 4864 τὴν
2917 4795 3206 4848 κολακείαν
3226 4797 3528 4850 ἀσεϐοῦσαν
3571 4798 3716 4847 ἀπε-

2130 4891 2362 4962 τρίψατο
2379 4889 2419 4943 ⁸.
2459 4886 2767 4955 Ἀνακύψας
2794 4884 2924 4954 γοῦν
2954 4886 3068 4956 μετ’
3104 4887 3306 4954 ὀλίγον,
3340 4888 3432 4939 τὸν
3467 4886 3720 4956 βουϐῶνα

2131 4984 2228 5048 τῆς
2294 4976 2486 5034 ἑαυτοῦ
2543 4976 2807 5045 κεφαλῆς,
2875 4976 3381 5047 ὑπερκαθεζόμενον
3445 4977 3567 5030 ἰδὼν
3620 4980 3721 5030 ἐπὶ

2140 5071 2374 5144 σχοινίου
2446 5070 2632 5131 τινὸς,
2691 5068 2922 5135 ἄγγελον
2988 5066 3177 5119 τοῦτον
3242 5069 3402 5131 εὐθὺς
3487 5065 3721 5139 ἐν[είνό-

2130 5182 2231 5232 ησε
2274 5162 2444 5215 κακὸν
2483 5162 2502 5194 ⁷
2551 5156 2712 5226 εἶναι,
2780 5163 2875 5213 καὶ
2920 5159 3115 5211 οὔποτε
3151 5159 3258 5212 τῶν
3300 5160 3520 5228 ἀγαθῶν
3564 5160 3719 5228 γινό-

2137 5277 2297 5329 μενον
2337 5258 2379 5311 ⁸.
2422 5256 2749 5327 Διακάρδιον
2782 5254 2873 5308 οὖν
2920 5240 3079 5324 ἔσχεν
3129 5255 3323 5326 ὀδύνην
3350 5272 3363 5286 ·
3407 5256 3607 5325 ἄθρους
3666 5256 3716 5309 δ’

2133 5349 2282 5420 αὖτῷ
2330 5349 2427 5419 τῆς
2477 5347 2688 5409 κοιλίας
2752 5347 3149 5417 πρυσήθροισεν
3181 5348 3211 5415 ,³
3266 5348 3508 5417 ἄλγημα,
3571 5348 3715 5418 μετά

2135 5442 2496 5513 σφοδρότητος
2516 5438 2827 5510 ἀρράμενος
2849 5437 2891 5467 ¹⁰
2917 5452 2930 5465 ⁸
2958 5437 3286 5509 ἀναθεωρῶν
3309 5436 3401 5493 οὖν
3425 5440 3560 5510 πρὸς
3584 5440 3713 5503 τοὺς

1648 5645 2175 5711 \‘arimlectioncs
2221 5652 2279 5707 et
2323 5651 2513 5707 nota}.

534 5735 556 5767 ⁸
578 5738 684 5789 Τοῦ
716 5739 1099 5815 ρυσοστρμου
1118 5744 1179 5796 ἐκ
1203 5740 1757 5815 τούκατάλλῐατοαῖον
1795 5745 1893 5815 τῆς
1950 5745 1993 5799 θ’
2034 5743 2269 5814 ὁμιλίας.
2301 5744 2321 5774 ⁵
2372 5742 2592 5813 εὐμενῆ.

467 5821 655 5876 μενον,
731 5810 1189 5881 1’προσήθρηεςενι
1271 5814 1312 5844 ²⁰
1340 5812 1641 5884 ἀρξάμενον
1714 5824 1727 5833 ‘

2674 5743 2694 5776 ⁸
2720 5745 3089 5815 ἀπετρέψατο.
3168 5747 3188 5781 ⁷
3222 5748 3428 5803 κακῶν.
3503 5749 3525 5781 ⁸
3558 5746 3717 5818 γενό-
