4082 6412
385 354 486 422 961

976 358 1513 419 EXPOSITIONIS
1551 358 1633 418 1N
1672 358 1859 419 ACTA
1897 360 2200 421 TEX'l‘US
2232 360 2483 419 ALTER
2544 388 2609 400 --
2642 363 2800 423 CAP.
2836 365 3010 427 XllI.

3549 366 3657 431 962

384 473 596 536 φίλους,
657 471 715 525 Ὀ
762 472 895 535 Θεὸς
942 474 1070 542 ὑμῖν
1107 472 1242 541 ἐγὼ,
1289 473 1450 543 φησὶ,
1510 472 1611 542 ήδη
1665 471 1962 541 καταστρέ-

2076 488 2255 542 nugor,
2308 474 2500 536 falsas,
2552 489 2691 543 quas
2721 475 2785 529 de
2829 491 2912 530 me
2957 477 3287 547 protulialis,
3348 496 3507 535 voces
3539 481 3650 538 fato

388 579 513 628 φειν
550 562 587 592 ²¹
618 562 911 633 ἐπείγομαι
960 565 1052 618 τὸν
1086 565 1221 635 βίον,
1260 564 1603 635 παραχρῆμα
1644 564 1742 634 τῆς
1771 567 1968 634 εἱμαρ-

390 652 559 722 μένης
587 654 686 716 τὰς
709 654 834 721 ἄρτι
867 673 968 723 μου
999 657 1502 726 καταπεμψάμενος
1526 657 1567 686 ι’
1608 656 1791 723 φωνὰς
1821 655 1974 722 ἐλεγ-

390 743 596 814 χούσης
624 760 637 775 ³
681 748 709 798 ό
742 745 965 815 κληθεὶς
1008 747 1277 812 ἀθάνατος
1309 750 1399 816 ὑφ’
1436 747 1613 818 ὑμῶν,
1650 747 1751 817 ἥδη
1793 745 1973 799 θανεῖν

390 836 685 906 ἐπείγομαι
713 837 773 890 ³³.

988 929 1242 984 ΚΕΦΑΛ.
1276 929 1379 984 ιδ’.

403 1020 748 1088 Ἀποστο.ῑὺ
770 1021 1049 1089 Βαρνάϐα
1078 1023 1177 1075 καὶ
1226 1023 1470 1076 Παύλου
1501 1020 1652 1088 πρὸς
1677 1021 1783 1075 τοῦ
1811 1020 1973 1076 θείου

463 1112 811 1180 Πνεύματος
841 1130 930 1180 εις
955 1114 1234 1180 Κύπρον*
1262 1113 1379 1167 ὅσα
1408 1130 1471 1167 τε
1509 1113 1867 1183 είργάσαντο
1905 1113 1975 1166 ἐν

464 1201 709 1272 ὀνόματι
724 1204 927 1269 Ἰησοῦ
946 1205 1208 1271 Χριστοῦ
1228 1208 1316 1271 εἰς
1336 1205 1608 1272 Ἐλύμαν
1624 1203 1732 1257 τὸν
1747 1202 1971 1273 μάγον.

823 1295 902 1366 Τῇ
947 1292 996 1363 γ’
1024 1297 1123 1363 τῆς
1155 1302 1195 1348 ε’
1231 1296 1546 1365 ἑϐδομάδος.

989 1386 1379 1439 ΚΕΙΜΕΝΟΝ.

463 1474 753 1545 Βαρνάϐας
784 1474 842 1529 δὲ
888 1475 983 1528 καὶ
1016 1474 1230 1538 Παῦλος
1263 1472 1608 1544 ἐπέστρεψαν
1653 1473 1733 1535 εἰς
1778 1472 1976 1541 Ἰερου-

394 1567 599 1638 σαλὴμ,
626 1566 1017 1637 πληρώσαντες
1046 1566 1145 1637 τὴν
1174 1566 1478 1629 διακονίαν,
1510 1565 1975 1634 συμπαραλαϐόν-

391 1677 486 1723 τες
516 1660 613 1713 καὶ
655 1661 909 1730 Ἰωάννην
934 1659 1027 1711 τὸν
1056 1658 1491 1727 ἐπικαλούμενον
1512 1658 1762 1728 Μάρκον.
1791 1653 1973 1711 Ἶισαν

389 1751 452 1804 δέ
477 1768 620 1815 τινες
651 1752 709 1806 ἐν
754 1750 1056 1821 ’Δντιοχείᾳ
1086 1751 1226 1803 κατὰ
1254 1751 1352 1820 τὴν
1398 1747 1563 1803 οὖσαν
1621 1750 1969 1818 Ἐκκλησίαν,

2074 568 2192 620 sine
2222 581 2373 620 mura
2405 568 2815 621 denmnstrantc
2843 584 2855 618 :
2883 569 3086 640 quique
3114 570 3442 629 immortalis
3465 589 3648 640 vocor,

2074 659 2208 711 mori
2237 656 2347 726 jam
2383 672 2606 713 necesse
2630 657 2820 715 habeo.

2659 931 2889 989 CAPUT
2927 931 3072 989 XIX.

2074 1022 2263 1079 Missio
2288 1023 2552 1078 Barnaba'
2566 1034 2614 1080 et
2636 1023 2797 1078 Pauli
2824 1042 2855 1079 a
2879 1024 3082 1094 Spiritu
3106 1035 3292 1083 sancto
3314 1029 3366 1082 in
3385 1027 3651 1098 Cyprum;

2143 1124 2193 1168 et
2226 1114 2290 1169 de
2327 1116 2392 1169 iis
2417 1132 2533 1186 qua:
2563 1116 2665 1183 ipsi
2697 1118 2752 1169 in
2778 1121 2986 1172 nomine
3020 1116 3151 1172 Iesu
3184 1117 3383 1173 Christi
3411 1120 3649 1189 fecerunt

2146 1205 2199 1258 in
2231 1202 2478 1275 Elymum
2510 1222 2740 1275 magum.

2359 1294 2516 1349 Feria
2556 1297 2720 1351 tertia
2758 1297 3120 1365 lycbdomada:
3149 1298 3372 1369 quintae.

2145 1456 2265 1521 xu,
2289 1456 2361 1511 25
2385 1473 2402 1525 ;
2422 1456 2564 1522 xut,
2587 1387 3047 1513 Ltglt‘ziﬂgga's
3065 1467 3247 1514 autem
3277 1468 3331 1515 et
3353 1459 3554 1515 Saulus
3569 1475 3656 1515 re-

2073 1550 2220 1604 versi
2252 1560 2383 1603 sunt
2412 1551 2479 1603 ab
2522 1548 2879 1621 Jerosolymis
2922 1550 3142 1619 expleto
3186 1553 3510 1617 ministerio,
3557 1568 3651 1607 as-

2074 1650 2294 1709 sumpto
2308 1639 2540 1705 Joanne,
2560 1643 2652 1712 qui
2674 1643 3093 1712 cognominatus
3117 1653 3201 1698 est
3225 1643 3459 1699 Marcus.
3485 1645 3654 1700 Erant

2077 1740 2255 1787 autem
2292 1733 2347 1787 in
2377 1731 2625 1789 Ecclesia
2646 1748 2767 1803 quae
2795 1743 2914 1788 erat
2935 1733 3262 1798 Antiochiae,
3293 1734 3572 1803 prophetae
3600 1744 3654 1788 ct

391 1813 675 1914 προφῆται
723 1844 822 1897 καὶ
863 1813 1199 1906 διδάσκαλοι,
1246 1843 1273 1896 ὅ
1304 1813 1363 1895 τε
1395 1842 1685 1913 Βαρνάὸας
1732 1813 1828 1896 καλ.
1874 1813 1973 1895 Eu-

2076 1822 2353 1889 doctores,
2382 1825 2434 1878 in
2458 1824 2655 1895 quibus
2676 1824 2953 1880 Barnabas
2972 1834 3025 1880 et
3042 1824 3231 1880 Simon
3250 1827 3340 1894 qui
3360 1827 3656 1881 vocabatur

394 1936 542 2006 μεὼν
561 1938 590 1990 ό
619 1935 955 2005 καλούμενος
981 1935 1177 2006 Νίγερ,
1200 1936 1297 1988 καὶ
1329 1934 1561 1998 Λούκιος
1588 1937 1616 1988 ὁ
1637 1936 1968 2006 Κυρηναῖος,

390 2030 623 2098 Μαναήν
651 2046 710 2083 τε
754 2027 998 2101 Ἡρώδου
1034 2028 1129 2081 τοῦ
1167 2027 1469 2099 τετράρχου
1510 2027 1831 2097 σύντροφος,
1874 2027 1971 2080 καὶ

389 2118 617 2181 Σαῦλος.
666 2117 1146 2189 Λειτουργούντων
1187 2117 1244 2171 δὲ
1286 2118 1467 2171 αὐτῶν
1518 2117 1595 2188 τῷ
1626 2117 1839 2189 Κυρίῳ,
1877 2118 1973 2172 καὶ

390 2209 783 2280 νηστευόντων,
837 2206 959 2262 εἷπε
1009 2209 1072 2261 τὸ
1107 2208 1332 2278 Πνεῦμα
1378 2210 1439 2261 τὸ
1485 2210 1641 2277 ἅγιον
1675 2225 1690 2239 ·
1748 2208 1972 2280 Ἀφορί-

391 2319 525 2355 σατε
568 2301 630 2372 δή
667 2319 759 2370 μοι
796 2302 888 2353 τόν
938 2318 997 2353 τε
1041 2300 1328 2369 Βαρνάϐαν
1377 2300 1473 2353 καὶ
1522 2300 1612 2353 τὸν
1652 2300 1852 2353 Σαῦλον
1891 2301 1974 2364 είς

388 2396 455 2446 τὸ
476 2392 636 2463 ἔργον
669 2393 698 2445 ὃ
731 2392 1149 2464 προσκέκλημαι
1178 2391 1393 2455 αὐτούς.
1426 2392 1558 2445 Τότε
1580 2393 1973 2462 νηστεύσαντες

393 2484 494 2535 καὶ
524 2482 981 2552 προσευξάμενοι,
1001 2483 1095 2534 καὶ
1118 2480 1397 2544 ἐπιθέντες
1424 2481 1517 2543 τὰς
1542 2485 1734 2552 χεῖρας
1758 2483 1966 2547 αὐτοῖς,

388 2572 692 2628 ἀπέλυσαν.
748 2566 909 2625 Οὗτοι
962 2572 1060 2642 μὲν
1115 2570 1209 2625 οῦν
1255 2573 1667 2642 ἐκπεμφθέντες
1724 2572 1830 2625 ὑπὸ
1877 2570 1971 2625 τοῦ

394 2665 716 2735 Πνεύματος
750 2664 846 2731 τοῦ
875 2665 1054 2733 ἁγίου,
1097 2664 1367 2735 κατῆλθον
1395 2667 1475 2728 είς
1503 2665 1603 2735 τὴν
1627 2664 1969 2718 Σελεύκειαν.

403 2755 646 2808 Ἐκεῖθεν
686 2755 743 2807 δὲ
771 2754 1122 2808 ἀπέπλευσαν
1168 2757 1249 2818 είς
1285 2754 1530 2826 Κύπρον,
1564 2756 1660 2808 καὶ
1690 2756 1971 2823 γενόμενοι

391 2847 455 2900 ἐν
496 2846 788 2918 Σαλαμῖνι,
837 2846 1208 2919 κατήγγελλον
1253 2847 1346 2900 τὸν
1402 2848 1559 2915 λόγον
1602 2847 1698 2900 τοῦ
1732 2846 1868 2901 Θεοῦ
1912 2851 1972 2901 ὲν

391 2940 513 3001 ταῖς
540 2940 881 3007 συναγωγαῖς
909 2936 1017 2989 τῶν
1053 2938 1347 2992 Ἰουδαίων.
1382 2934 1541 3008 Εἶχον
1563 2937 1619 2991 δέ
1653 2939 1745 2991 καὶ⁹
1790 2938 1973 2993 Ἰωάνο

391 3046 492 3098 νην
523 3030 824 3100 ὑπηρέτην.
848 3028 1163 3093 Διελθόντες
1189 3030 1247 3083 δὲ
1277 3031 1375 3101 τὴν
1406 3031 1566 3100 νῆσον
1594 3032 1722 3100 ἄχρι
1755 3032 1966 3101 Πάφου,

376 3115 562 3191 νεῦρον
613 3121 733 3174 ἐκεῖ
766 3120 933 3191 ἄνδρα
971 3120 1094 3174 τινὰ
1129 3121 1301 3191 μάγον
1341 3121 1795 3193 ψευδοπροφήτην
1843 3123 1973 3175 Ίου·

390 3214 560 3276 δαῖον,
587 3206 632 3281 ᾧ
655 3212 828 3281 ὄνομα
860 3210 1190 3284 Βαριησοῦς,
1222 3208 1281 3275 ὃς
1317 3213 1415 3266 σὺν
1451 3212 1531 3282 τῷ
1573 3212 1871 3282 ἀνθυπάτῳ
1903 3208 1973 3283 ἦν

391 3306 602 3377 Σεργίῳ
639 3305 860 3377 Παύλῳ,
914 3307 1069 3375 ἀνδρὶ
1104 3303 1333 3375 συνετῷ.
1383 3299 1553 3368 Οὗτος
1587 3305 1969 3375 προσκαλεσά-

399 3392 565 3471 μενος
607 3399 896 3469 Βαρνάϐαν
936 3402 1031 3451 καὶ
1085 3400 1310 3464 Σαῦλον,
1356 3397 1698 3468 ἐπεζήτησεν
1743 3398 1974 3451 ἀκοῦσαι

393 3490 487 3543 τὸν
519 3489 676 3557 λόγον
714 3488 811 3542 τοῦ
855 3486 1014 3544 Θεοῦ.
1068 3487 1384 3541 ’Δνθίστατο
1426 3487 1485 3540 δὲ
1514 3488 1696 3550 αὐτοῖς
1739 3487 1975 3557 Ἐλύμας

393 3581 424 3632 ό
458 3581 632 3649 μάγος
655 3576 820 3648 (οὓτω
850 3578 960 3649 γὰρ
988 3575 1458 3649 μεθερμηνεύεται
1489 3576 1550 3643 τὺ
1569 3576 1740 3648 δνομα
1760 3576 1971 3647 αὑτοῦ),

396 3668 576 3740 ζητῶν
606 3668 929 3739 διαστρέψαι
959 3668 1050 3721 τὸν
1084 3667 1399 3723 ἀνθύπατον
1427 3668 1538 3723 ἀπὸ
1575 3668 1675 3739 τῆς
1708 3668 1970 3730 πίστεως.

395 3760 601 3824 Σαῦλος
649 3761 730 3825 δὲ,
790 3762 820 3814 ὁ
888 3761 984 3815 καὶ
1045 3760 1280 3824 Παῦλος,
1334 3760 1600 3832 πλησθεὶς
1652 3758 1972 3828 Πνεύματος

394 3853 578 3922 ἁγίου,
612 3852 708 3907 καὶ
773 3853 1029 3915 ἀτενίσας
1074 3852 1155 3916 είς
1208 3851 1371 3906 αὑτὸν
1422 3846 1576 3904 εἶπεν
1607 3865 1624 3882 ο
1652 3844 1725 3902 Ὦ
1755 3849 1971 3919 πλήρης

398 3942 600 4006 παντὸς
631 3941 781 3995 δόλου
820 3944 914 3996 καὶ
957 3940 1140 4012 πάσης
1167 3939 1537 4013 ῥᾳδιουργίας,
1581 3937 1666 3993 υἱὲ
1702 3936 1971 4003 διαϐόλου,

395 4031 560 4103 ἐχθρέ
610 4033 792 4103 πάσης
838 4030 1190 4102 δικαιοσύνης
1216 4071 1231 4095 ,
1272 4030 1336 4084 οὐ
1399 4028 1587 4100 παύσῃ
1633 4028 1975 4099 διαστρέφων

394 4124 495 4187 τὰς
526 4124 680 4186 ὀδοὺς
711 4123 917 4195 Κυρίου
945 4121 1045 4186 τὰς
1090 4121 1348 4189 etesiae;
1394 4122 1506 4176 Καὶ
1548 4119 1646 4175 νῦν
1698 4120 1808 4173 ἰδοὺ
1850 4120 1973 4190 χεὶρ

396 4210 605 4281 Κυρίου
636 4210 729 4262 ἐπὶ
771 4211 852 4275 σὲ,
887 4210 983 4263 καὶ
1010 4208 1112 4282 ἔσῃ
1139 4210 1341 4279 τυφλὸς
1365 4210 1439 4282 μὴ
1470 4209 1684 4280 βλέπων
1705 4208 1796 4262 τὸν
1820 4208 1974 4280 ἥλιον

396 4300 526 4373 ἄχρι
572 4301 790 4374 καιροῦ.
844 4302 1201 4373 Παραχρῆμα
1250 4301 1308 4355 δὲ
1353 4301 1624 4355 ἐπέπεσεν
1674 4299 1763 4354 ἐπ’
1812 4300 1975 4354 αὑτὸν

404 4393 575 4463 ἀχλὺς
630 4395 727 4447 καὶ
781 4392 994 4460 σκότος,
1031 4394 1125 4447 καὶ
1163 4392 1443 4464 περιάγων
1484 4392 1666 4463 ἐζήτει
1704 4406 1977 4461 χειραγω-

397 4484 555 4552 γούς.
582 4485 715 4538 Τότε
748 4484 872 4540 ἰδὼν
892 4487 918 4538 ὁ
943 4484 1252 4549 ἀνθύπατος
1270 4485 1332 4538 τὸ
1362 4484 1607 4553 γεγονὸς,
1636 4484 1974 4551 ἐπίστευσεν,
2009 4515 2055 4570 ι)

401 4575 838 4647 ἐκπληττόμενος
865 4577 959 4630 ἐπὶ
983 4580 1050 4649 τῇ
1073 4577 1261 4648 διδαχῇ
1290 4576 1386 4631 τοῦ
1414 4578 1645 4647 Κυρίου.

980 4669 1365 4726 EPMHNEIA.

474 4763 592 4815 Ἵνα
639 4762 773 4834 μηδὲ
815 4763 991 4836 ταύτῃ
1025 4763 1134 4819 τῶν
1182 4764 1501 4819 ἀποστόλων
1549 4763 1771 4820 ἔλαττον
1812 4763 1912 4837 ἔχῃ
1950 4733 2017 4818 ὁ.

401 4855 636 4919 Παῦλος,
685 4856 1007 4927 μεθίστησιν
1058 4855 1228 4912 αὐτοῦ
1271 4858 1300 4910 ὁ
1349 4855 1481 4919 Θεὸς
1530 4855 1592 4909 τὸ
1640 4855 1833 4927 δνομα,
1884 4855 1979 4909 καὶ

402 4949 611 5004 Σαῦλον
664 4948 817 5018 ὄντα,
858 4950 1072 5005 Παῦλον
1123 4948 1348 5004 ἐκάλεσε
1376 4966 1389 4981 ·
1440 4948 1537 5002 καὶ
1587 4949 1724 5019 ὅπερ
1761 4947 1920 5019 ἔσχεν
1954 4947 1986 5001 ὁ

404 5043 716 5113 Κορυφαῖος
756 5042 866 5096 τῶν
912 5041 1173 5112 μαθητῶν
1219 5042 1293 5104 ὠς
1339 5040 1597 5095 ὑπόθεσιν
1645 5040 1822 5094 λάϐοι.
1868 5041 1989 5093 Ἵνα

402 5130 499 5187 οὖν
529 5133 699 5205 δείξῃ,
732 5134 819 5187 ὅτι
853 5133 952 5187 οὐκ
992 5129 1061 5203 ἦν
1098 5132 1271 5202 θυμοῦ
1310 5131 1379 5186 τὰ
1421 5132 1643 5202 ῥήματα
1677 5130 1915 5194 Παύλου,
1950 5128 1988 5183 ἃ

401 5226 543 5294 πρὸς
594 5225 833 5301 Ἐλύμαν
871 5225 974 5295 ἐφη
1006 5225 1097 5278 τὸν
1131 5224 1325 5295 μάγον,
1365 5223 1454 5277 διὰ
1483 5222 1643 5276 τοῦτο
1673 5222 1984 5295 προλαὸὼν,

403 5313 529 5370 εἷπε
562 5333 577 5348 ο
613 5337 632 5371 ι
664 5318 931 5390 Πλησθεὶς
966 5317 1279 5386 Πνεύματος
1308 5315 1486 5384 ἁγίου.
1523 5333 1542 5366 ι
1578 5314 1638 5367 Εἰ
1669 5315 1780 5385 γὰρ
1813 5314 2003 5368 κολάς’

406 5410 589 5474 (avre;
622 5406 712 5480 ἦν,
757 5410 846 5464 διὰ
879 5410 1080 5473 παντὸς
1124 5410 1190 5463 ἂν
1231 5409 1454 5478 ἐποίησε
1497 5408 1700 5477 τυφλόν
1728 5423 1742 5437 ·
1784 5406 1878 5462 νῦν
1921 5407 1980 5459 δὲ

405 5501 469 5554 οὐ
501 5500 679 5569 τοῦτο,
739 5502 856 5557 ἀλλ’
902 5522 921 5555 ι
963 5502 1092 5573 ἄχρι
1140 5498 1335 5571 καιροῦ
1363 5541 1378 5567 ,
1428 5518 1446 5552 ι
1487 5502 1634 5570 ὃριον
1676 5504 1739 5570 τῇ
1785 5502 1982 5572 γνώμῃ

2000 3164 2042 3223 C

2073 1917 2260 1988 Niger,
2281 1926 2335 1972 et
2359 1917 2564 1972 Lucius
2607 1916 2939 1987 Cyrenensis
2974 1923 3030 1971 et
3070 1917 3360 1980 Manahen,
3399 1919 3493 1987 qui
3536 1929 3655 1973 erat

2074 2007 2603 2064 Herodistetrarelne
2613 2008 3007 2070 collactaneus,
3025 2016 3081 2062 et
3096 2007 3317 2063 Saulus.
3340 2009 3654 2065 Ministran-

2075 2099 2222 2153 tibus
2244 2105 2423 2152 autem
2451 2097 2557 2151 illis
2586 2097 2837 2161 Domino,
2870 2098 3337 2169 etjejunantibus,
3369 2101 3509 2154 dixit
3543 2102 3651 2156 illis

2073 2189 2312 2259 Spiritus
2331 2190 2592 2258 sanctus]:
2626 2186 2922 2259 Segregatc
2947 2188 3077 2243 mihi
3100 2187 3403 2243 Barnabam
3424 2198 3479 2245 et
3511 2189 3654 2243 Sau-

2072 2276 2206 2343 lum,
2243 2275 2299 2329 in
2328 2290 2470 2346 epus
2493 2276 2561 2330 ad
2596 2276 2741 2345 quod
2774 2278 3049 2346 assumpsi
3071 2292 3185 2331 eos.
3223 2278 3654 2348 Tuncjejunan-

2073 2373 2156 2421 tes
2184 2376 2239 2420 et
2271 2374 2516 2428 orantes.
2561 2366 3019 2437 imponeutesque
3057 2368 3139 2423 eis
3184 2383 3398 2434 manus,
3430 2368 3653 2424 dimise-

2074 2467 2267 2512 serunt
2295 2459 2440 2512 illos.
2474 2459 2540 2511 Et
2562 2458 2667 2528 ipsi
2695 2458 2916 2528 quidem
2947 2459 3100 2514 missi
3138 2475 3169 2512 a
3209 2459 3418 2531 Spiritu
3462 2471 3654 2516 sancto

2061 2550 2327 2606 abierunt
2356 2549 2663 2604 Seleuciam
2688 2565 2705 2616 ;
2737 2559 2797 2607 et
2823 2550 2950 2603 inde
2980 2551 3655 2628 navigaveruntCyprum.

2074 2644 2286 2697 Etcum
2316 2642 2596 2697 venissent
2637 2639 2994 2705 Salaminam,
3024 2643 3395 2711 pradicabant
3425 2642 3653 2697 verbum

2073 2735 2170 2790 Dei
2228 2735 2283 2789 in
2329 2735 2619 2806 synagogis
2655 2732 2987 2789 Iudaeorum.
3036 2735 3319 2789 Habebam
3376 2744 3556 2789 autem
3600 2741 3655 2786 et

2071 2828 2337 2884 Joannem
2389 2828 2444 2882 in
2494 2826 2818 2881 ministerio.
2881 2825 2946 2880 Et
3002 2841 3128 2881 cum
3181 2826 3658 2895 perambulassent

2075 2923 2384 2977 universam
2435 2920 2672 2975 insulam
2733 2935 2907 2990 usque
2973 2918 3262 2990 Paphum,
3323 2919 3654 2973 invenerunt

2074 3012 2366 3083 quemdam
2439 3010 2617 3065 virum
2681 3024 2898 3080 magum
2954 3009 3487 3080 pseudopmphetam
3556 3006 3657 3062 Ju-

2074 3104 2273 3166 dmum,
2302 3102 2391 3157 cui
2428 3117 2628 3156 nomen
2654 3107 2774 3155 erat
2799 3100 3049 3170 Barjesu,
3078 3102 3169 3171 qui
3204 3106 3325 3155 erat
3361 3114 3484 3152 cum
3533 3112 3659 3167 pro-

2076 3192 2303 3248 consule
2342 3190 2536 3261 Sergio
2578 3190 2750 3245 Paulo
2774 3191 2894 3244 viro
2925 3191 3215 3259 prudente.
3254 3186 3377 3255 Hic,
3417 3187 3657 3242 accersi-

2077 3284 2149 3340 tis
2190 3281 2439 3337 Barnaba
2480 3289 2536 3337 et
2566 3281 2757 3346 Saulo,
2792 3280 3144 3336 desiderabat
3186 3279 3380 3334 audire
3426 3278 3655 3332 verbum

2076 3374 2196 3431 Dei.
2243 3373 2556 3430 Resistebat
2607 3382 2792 3429 autem
2850 3374 2960 3427 illls
3042 3372 3263 3444 Elymas
3308 3385 3497 3441 magus
3552 3368 3657 3441 (sic

2076 3466 2223 3521 enim
2266 3466 2661 3536 interpretatur
2692 3478 2893 3521 nomen
2938 3462 3104 3535 ejus),
3129 3476 3382 3534 quasrens
3412 3471 3659 3516 avertere

2076 3558 2461 3629 proconsulem
2488 3573 2520 3613 a
2548 3557 2676 3613 ﬁde.
2722 3558 2925 3613 Saulus
2952 3566 3157 3623 autem,
3202 3555 3296 3625 qui
3331 3562 3386 3609 et
3432 3551 3656 3613 Paulus.

2078 3651 2319 3721 repletus
2354 3648 2564 3721 Spiritu
2614 3657 2831 3714 sancto,
2860 3650 3086 3703 intuens
3109 3648 3164 3701 in
3200 3661 3354 3711 eum,
3388 3646 3527 3700 dixit
3557 3663 3571 3698 :
3609 3644 3655 3699 Ο

2075 3743 2237 3813 plene
2266 3743 2417 3796 omni
2450 3739 2579 3795 dolo
2604 3746 2660 3794 et
2688 3740 2837 3794 omni
2884 3737 3123 3799 fallacia,
3169 3735 3245 3790 illi
3288 3733 3514 3799 diaboli,
3552 3735 3661 3787 ini-

2075 3831 2218 3886 mice
2260 3829 2442 3884 omnis
2470 3827 2722 3897 iustitiae,
2766 3841 2874 3881 non
2924 3824 3136 3880 desinis
3171 3825 3491 3879 subvertere
3539 3823 3659 3878 vias

2074 3918 2294 3974 Domini
2321 3924 2504 3972 rectas
2537 3917 2561 3969 Ἰ
2586 3915 2651 3972 Ει
2702 3929 2848 3969 nunc
2868 3928 2997 3970 ecce
3022 3928 3216 3969 manus
3247 3912 3458 3967 Domini
3492 3926 3661 3980 super

2077 4017 2154 4076 te,
2186 4019 2242 4066 et
2269 4009 2381 4064 eris
2408 4021 2588 4063 caecus
2638 4020 2748 4060 non
2778 4004 2969 4060 videns
2999 4004 3170 4059 solem
3205 4017 3384 4075 usque
3408 4002 3477 4057 ad
3521 4010 3660 4055 tem-

2077 4116 2202 4172 pus.
2237 4100 2306 4155 Et
2355 4096 2647 4154 confestim
2699 4096 2904 4151 cecidit
2942 4095 2997 4149 in
3032 4110 3155 4150 eum
3201 4094 3375 4164 caligo
3407 4100 3464 4147 et
3505 4102 3660 4147 tene-

2076 4192 2211 4256 brae,
2242 4198 2299 4245 et
2319 4188 2652 4247 circumiens
2696 4184 2975 4257 quaerebat
3004 4184 3101 4253 qui
3130 4182 3181 4238 ei
3227 4195 3449 4236 manum
3479 4180 3657 4234 daret.

2077 4283 2217 4339 Tum
2247 4279 2547 4353 proconsul
2585 4293 2712 4334 cum
2744 4278 2972 4334 vidisset
2999 4274 3160 4346 257
3196 4274 3428 4339 factum,
3478 4270 3659 4328 credi-

2076 4373 2157 4430 dit
2187 4372 2467 4431 admirans
2494 4385 2664 4443 super
2689 4370 2943 4427 doctrina
2983 4366 3222 4424 Domini.

2593 4677 3164 4740 COMMENTARIUS.

2156 4777 2230 4835 Ut
2266 4791 2442 4849 neque
2488 4776 2546 4833 in
2590 4776 2695 4832 hac
2729 4784 2882 4847 parte
2913 4775 3009 4828 ulli
3041 4771 3406 4843 apostolorum
3449 4774 3665 4830 cederet

2084 4870 2314 4937 Paulus,
2371 4871 2514 4926 Deus
2567 4883 2768 4925 nomen
2821 4866 2998 4937 ipsius
3063 4867 3443 4931 commutavit,
3493 4876 3549 4921 et
3597 4882 3665 4921 ex

2086 4960 2277 5025 Saulo,
2307 4958 2539 5015 Paulum
2580 4957 2847 5031 appellari
2879 4956 3072 5022 voluit,
3107 4964 3168 5010 ut
3206 4957 3473 5022 eamdem,
3501 4972 3663 5027 quam

2082 5051 2480 5124 discipulorum
2509 5050 2852 5120 coryphaeus,
2877 5049 3290 5122 prarrogativam
3311 5044 3562 5104 haberet.
3600 5046 3638 5103 υ
3649 5058 3667 5102 ι

2083 5161 2215 5201 vero
2254 5145 2508 5200 innueret
2552 5156 2709 5198 sacer
2756 5142 3013 5211 scriptor,
3063 5157 3184 5213 quae
3211 5140 3412 5196 Paulus
3445 5140 3508 5194 ad
3540 5139 3669 5210 Ely-

2085 5250 2229 5291 mam
2263 5246 2477 5305 magum
2510 5231 2759 5302 protulit,
2800 5232 2967 5287 verba
2998 5231 3312 5300 neutiquam
3339 5246 3405 5285 ex
3438 5229 3657 5286 infenso

2086 5326 2271 5379 animo
2312 5324 2555 5395 profecta
2597 5337 2742 5388 esse,
2776 5332 3063 5393 propterea
3094 5321 3526 5393 praeoccupando
3548 5322 3666 5377 ait:

2093 5435 2112 5467 ι
2138 5416 2398 5485 Reple'tus
2418 5414 2625 5486 Spiritu
2662 5421 2872 5469 sancto.
2908 5432 2927 5465 ι
2974 5413 3040 5467 Et
3083 5428 3215 5468 sane
3246 5415 3291 5468 si
3322 5414 3520 5484 punire
3540 5428 3665 5467 eum

2091 5507 2378 5573 voluisset,
2428 5506 2653 5561 omnino
2690 5513 2742 5561 et
2774 5505 2829 5560 in
2878 5514 3198 5575 perpetuum
3233 5516 3438 5559 caecum
3482 5502 3667 5558 reddi-

1594 5658 1802 5721 Yarite
1854 5659 2163 5723 lectiones
2216 5669 2277 5723 et
2314 5669 2507 5723 notae.

472 5783 522 5837 .“
551 5783 942 5856 καταστρέφειν
975 5781 1120 5855 [sic].
1199 5784 1239 5815 ¹²
1263 5782 1770 5854 καταψευσαμένας.

1857 5785 1899 5816 ⁸³
1931 5786 2240 5858 ἀπάγομαι.
