4082 6412
948 397 1521 459 COMMENTARIUS.

517 499 643 555 llaec
677 498 842 553 verba
876 495 1243 550 incarnationi
1270 489 1473 545 Christi
1504 485 1862 547 conveniunt,
1900 496 2020 553 qua:

449 591 750 660 temporale
830 589 994 642 habet
1066 586 1459 640 incrementum
1515 597 1529 633 :
1581 593 1702 632 nam
1761 576 1915 628 hodie
1968 582 2023 628 et

451 701 569 738 eras
595 683 804 736 dierum
833 679 1264 741 successionem,
1302 689 1364 728 ac
1399 669 1832 726 vicissitudinem
1859 666 2023 737 260

450 773 846 826 demonstrant.
881 768 986 834 At,
1022 776 1079 822 ut
1127 767 1383 830 Verbum,
1422 763 1490 815 ab
1529 771 1734 815 aeterno
1779 773 1808 811 a
1864 757 2025 812 Patre

453 864 714 933 gignitur.

1083 944 1381 1003 TE-XTUS.

522 1043 663 1107 Xlll,
686 1042 877 1098 ενδ-59.
900 1040 1019 1096 Non
1044 1039 1200 1094 dabis
1232 1037 1490 1093 Sanctum
1520 1044 1671 1090 tuum
1695 1034 1881 1091 videre
1904 1048 2027 1089 cor-

455 1132 781 1202 ruptionem,
813 1130 976 1184 David
1006 1131 1149 1184 enim
1175 1128 1230 1182 in
1268 1144 1362 1183 sua
1398 1129 1749 1198 generatione
1773 1140 1898 1180 cum
1928 1125 2028 1179 ad-

455 1222 820 1276 ministrasset
837 1220 1102 1276 voluntati
1123 1219 1240 1286 Dei,
1260 1218 1543 1284 dormivit,
1566 1224 1619 1271 et
1638 1218 1923 1287 appositus
1942 1225 2025 1270 est

454 1317 517 1368 ad
536 1323 715 1383 patres
730 1329 881 1378 suos,
895 1323 947 1367 et
962 1312 1093 1368 vidit
1109 1311 1538 1380 corruptionem.
1556 1309 1726 1375 Quem
1743 1323 1872 1363 vero
1887 1306 2030 1364 Deus

454 1407 739 1461 suscitavit
758 1421 786 1459 a
803 1407 1058 1468 mortuis,
1079 1420 1185 1459 non
1209 1405 1339 1459 vidit
1358 1403 1788 1471 corruptionem.
1829 1397 2025 1454 Notum

454 1497 622 1568 igitur
657 1497 728 1551 sit
761 1497 941 1556 vobis.
973 1496 1076 1550 viri
1133 1493 1351 1560 fratres,
1387 1491 1515 1562 quia
1552 1506 1648 1561 per
1693 1491 1843 1545 hunc
1871 1488 2025 1545 vobis

456 1588 710 1644 remissio
760 1595 1113 1657 peccatorum
1150 1586 1531 1650 annuntiatur,
1579 1591 1631 1637 et
1671 1581 1740 1636 ab
1771 1580 2029 1635 omnibus

456 1665 660 1747 quibus
696 1694 803 1734 non
828 1679 1083 1748 potuistis
1119 1679 1173 1731 in
1214 1678 1334 1747 lege
1387 1674 1556 1745 Moysi
1615 1671 1926 1744 iustiﬁcari,
1970 1670 2025 1726 in

459 1768 562 1823 hoc
599 1768 800 1834 onmis,
829 1768 920 1838 qui
956 1768 1148 1836 credit,
1175 1765 1532 1837 justiﬁcalur.

924 1941 1502 2002 COMMENTARIUS.

531 2040 943 2103 Adnotandum,
974 2054 1176 2109 corpus
1216 2036 1433 2093 Domini
1472 2035 1587 2103 Dei,
1617 2044 1674 2091 ct
1728 2032 2032 2089 Salvatoris

460 2133 636 2189 nostri
661 2130 789 2187 Jesu
821 2130 1018 2186 Christi
1044 2140 1165 2200 pust
1190 2128 1668 2194 resurrectionem,
1695 2125 2032 2196 passibilem,

466 2241 563 2279 seu
624 2222 866 2292 passioni
935 2220 1233 2279 obnoxium
1290 2217 1586 2274 dicendum
1649 2216 1768 2270 non
1831 2229 1955 2270 esse
2016 2230 2033 2268 ι

460 2313 922 2383 quemadmodqu
964 2320 1090 2365 ante
1118 2311 1586 2366 resurrectionem
1619 2322 1730 2361 non
1766 2313 1883 2361 erat
1931 2306 2035 2359 im-

461 2405 742 2478 passiblle,
792 2419 889 2460 seu
948 2388 1366 2471 iucorruptibile
1418 2409 1470 2455 et
1524 2397 1848 2453 immortale.
1901 2394 2034 2450 Nam

465 2493 691 2549 aliunde
727 2494 796 2547 ab
834 2495 951 2563 ipsa
1011 2490 1393 2546 incarnatione
1459 2486 2034 2558 incorruptibilitatcm

465 2585 783 2655 quamdam,
810 2601 1002 2655 nempe
1026 2583 1419 2653 impcccantiae,
1444 2597 1569 2637 cum
1608 2580 1891 2647 habuisse,
1923 2594 2038 2633 ma-

469 2676 731 2732 nifestum
763 2678 926 2747 plane
955 2684 1059 2731 est.

1110 2765 1413 2822 TEXTUS.

535 2857 679 2926 XIII,
696 2858 884 2913 40-47.
907 2858 1115 2924 Videte,
1143 2864 1573 2927 contemptores,
1591 2863 1641 2909 et
1666 2854 2038 2920 admiramini,

462 2957 519 3005 et
551 2949 925 3019 disperdimini
965 2966 979 3003 :
1011 2948 1138 3018 q'uia
1176 2962 1315 3017 Opus
1344 2961 1539 3016 operor
1588 2959 1690 3014 ego
1742 2945 1796 2997 iu
1845 2943 2041 2999 diebus

1355 283 1929 350 TIIEOPHYLACTI
1974 279 2382 340 BULGARl/E
2423 280 2777 341 ARCHIEP.

2047 408 2093 462 Α

3594 278 3701 343 968

2720 389 3073 443 EPMHNEIA
3088 428 3101 442 .

2195 482 2378 536 Ταῦτα
2422 485 2488 553 τῇ
2540 482 2891 552 ἀνθρωπήσει
2914 481 2959 513 ¹³
2995 480 3091 534 τοῦ
3123 478 3362 553 Χριστοῦ
3394 478 3597 551 πρέπει
3629 478 3701 532 τὰ

2126 578 2368 646 ῥήματα,
2421 575 2544 646 ήτις
2603 574 2862 645 χρονικὴν
2915 572 3026 643 ἔχει
3076 573 3173 644 τὴν
3207 571 3577 643 ὲπιφοίτησιν.
3628 570 3704 624 Τὸ

2124 666 2254 738 γὰρ,
2272 667 2560 735 σήμερον,
2581 668 2695 724 καὶ,
2718 666 2952 734 αὔριον,
2977 667 3085 735 ήμε
3095 664 3201 736 ρῶν
3220 655 3337 718 ἐστι
3366 675 3706 735 παραστατι-

2126 756 2247 809 κόν⁸
2284 750 2438 819 οὗτος
2469 756 2549 822 δὲ,
2585 755 2722 809 καθδ
2767 756 2959 824 Λόγος,
2999 756 3248 826 ἁχρόνως
3282 754 3435 823 παρὰ
3463 752 3555 807 τοῦ
3585 753 3700 805 Πα-

2125 851 2253 921 ’πρὸς
2283 850 2548 904 τίκτεται.

2719 937 3112 993 ΚΕΙΜΕΝὐΝ.

2199 1033 2272 1086 Ού
2308 1031 2503 1096 δώσεις
2547 1031 2637 1085 τὸν
2685 1031 2834 1085 ὅσιόν
2868 1046 2964 1082 σου
3004 1029 3135 1082 ἰδεῖν
3181 1026 3505 1098 διαφθοράν.
3541 1024 3707 1078 Δαϐὶδ

2133 1124 2231 1195 μὲν
2266 1125 2375 1196 γὰρ
2408 1124 2511 1196 ἰδίᾳ
2538 1125 2703 1195 γενεᾷ
2735 1123 3087 1194 ὑπηρετήσας
3118 1123 3187 1191 τῇ
3214 1119 3309 1173 τοῦ
3343 1118 3479 1173 Θεοῦ
3515 1115 3706 1188 βουλῇ,

2128 1218 2419 1287 ἐκοιμήθη,
2456 1218 2550 1271 καὶ
2581 1216 2886 1286 προσετέθη
2912 1216 3048 1286 πρὸς
3077 1215 3207 1279 τοὺς
3240 1214 3493 1284 Πατέρας
3516 1209 3705 1273 αὐτοῦ,

2114 1309 2226 1363 καὶ
2259 1305 2364 1363 εϊδε
2406 1308 2730 1380 διαφθοράν.
2765 1310 2863 1362 Ὃν
2892 1308 2948 1361 δὲ
2984 1308 3011 1360 ό
3036 1306 3168 1370 Θεὸς
3190 1306 3434 1377 ήγειρεν,
3468 1303 3570 1356 οὐκ
3598 1297 3706 1354 εἶδε

2128 1401 2448 1473 διαφθοράν.
2480 1401 2727 1456 Γνωστὸν
2756 1397 2850 1455 οὖν
2876 1399 3019 1455 ἔστω
3053 1401 3205 1467 ὑμῖν,
3239 1397 3434 1468 ἄνδρες
3461 1393 3704 1464 ἀδελφοὶ,

2131 1493 2213 1547 ὅτι
2254 1493 2342 1547 διὰ
2369 1493 2560 1547 τούτου
2598 1493 2728 1563 ύμῖν
2757 1493 2952 1562 ἄφεσις
2998 1490 3285 1562 ἁμαρτιῶν
3335 1484 3708 1557 καταγγέλλε-

2133 1604 2222 1640 ται
2244 1602 2258 1616 ⁸
2292 1587 2389 1640 καὶ
2414 1589 2524 1642 ἀπὸ
2554 1589 2771 1641 πάντων
2799 1579 2873 1640 ὧν
2903 1586 3003 1640 οὐκ
3032 1582 3334 1655 ἠδυνήθητε
3365 1581 3424 1634 ὲν
3453 1578 3528 1650 τῷ
3558 1580 3709 1648 νόμῳ

2134 1678 2416 1742 Μωῦσέως
2461 1679 2843 1750 δικαιωθῆναι,
2887 1680 2946 1732 ὲν
2993 1677 3169 1745 τούτῳ
3208 1676 3317 1738 πᾶς
3360 1677 3389 1728 ὁ
3435 1671 3710 1725 πιστεύων

2133 1767 2456 1822 δικαιοῦται.
2508 1768 2744 1822 Βλέπετε
2792 1763 2909 1830 οὖν,
2968 1768 3045 1839 μὴ
3102 1764 3304 1836 ἐπέλθῃ
3347 1761 3435 1833 ἐφ’
3472 1762 3616 1832 ὑμᾶς
3647 1761 3712 1814 τὸ

2133 1860 2424 1932 εἰρημένον
2458 1862 2516 1915 ἐν
2553 1863 2665 1926 τοῖς
2698 1861 3034 1932 προφήταις.

2738 1950 3096 2006 ΕΡΜΗΝΕΙΑ
3106 1990 3119 2003 .

2205 2044 2549 2117 Σημειωτέον
2581 2043 2785 2106 τοίνυν,
2828 2044 2912 2096 ὅτι
2949 2043 3009 2096 ού
3058 2042 3141 2095 δεῖ
3168 2041 3229 2094 τὸ
3269 2038 3431 2109 σῶμα
3468 2035 3562 2090 τοῦ
3598 2036 3715 2088 Κυ·
3797 2042 3808 2050 '

2138 2138 2293 2217 ρίουλ
2313 2139 2408 2191 καὶ
2429 2136 2586 2203 Θεοῦ,
2627 2136 2725 2190 καὶ
2759 2135 3014 2205 Σωτῆρος
3054 2132 3213 2204 ήμῶν
3237 2129 3417 2203 Ἰησοῦ
3447 2125 3710 2199 Χριστοῦ,

2140 2231 2280 2301 μετὰ
2300 2230 2401 2302 τὴν
2431 2229 2730 2284 ἀνάστασιν
2761 2228 3005 2297 παθητὸν
3032 2225 3340 2295 ὁμολογεῖν,
3369 2223 3491 2293 ήτοι
3522 2217 3713 2275 παθῶν

2136 2321 2384 2375 δεκτικόν
2407 2337 2421 2352 ⁸
2467 2319 2589 2373 οὐδὲ
2628 2318 2736 2390 πρὸ
2770 2320 2870 2388 τῆς
2903 2315 3253 2378 ἀναστάσεως
3285 2312 3516 2376 ἀπαθὲς,
3551 2324 3713 2363 τουτ-

2139 2411 2288 2466 έστιν
2315 2410 2595 2482 ἄφθαρτον
2621 2410 2717 2463 καὶ
2749 2408 3039 2463 ἀθάνατον.
3071 2406 3183 2479 Τήν
3212 2405 3391 2473 σάρκα
3411 2404 3452 2435 ⁸⁸
3486 2399 3629 2455 κατὰ
3652 2396 3718 2451 τὸ

2138 2503 2528 2574 ἀναμάρτητον
2555 2500 2886 2573 ἀφθαρσίαν,
2928 2499 3213 2571 πρόδηλον,
3245 2495 3320 2560 ὡς
3348 2489 3494 2565 εἶχεν
3531 2491 3592 2557 ἐξ
3618 2488 3722 2544 αύ-

2138 2595 2234 2649 τοῦ
2263 2593 2358 2648 τοῦ
2387 2592 2578 2667 καιροῦ
2611 2597 2710 2666 τῆς
2743 2592 3096 2665 σαρκώσεως.

2731 2772 2779 2825 K
2788 2768 3121 2825 ElMENDN.

2217 2864 2409 2931 Ἴδετε,
2434 2864 2482 2918 nl
2511 2863 2945 2935 καταφρονηταὶ,
2966 2861 3064 2915 καὶ
3085 2855 3433 2928 ἐπιϐλέψατε,
3465 2852 3562 2908 καὶ
3586 2851 3723 2906 θαυ-

2148 2956 2381 3027 μάσατε,
2414 2957 2508 3012 καὶ
2537 2952 2895 3024 ἀφανίσθητε,
2940 2951 3023 3007 ὅτι
3053 2949 3165 3019 ἐγὼ
3211 2946 3371 3020 ἔργον
3412 2945 3724 3018 ἐργάζομαι

465 3040 683 3102 vestris,
708 3052 846 3108 Opus
870 3037 1015 3107 quod
1047 3052 1157 3090 non
1194 3036 1441 3099 creditis,
1481 3035 1526 3089 si
1550 3037 1674 3104 quis
1703 3032 2039 3088 enarraverit

2146 3052 2203 3104 ὲν
2229 3051 2350 3113 ταῖς
2380 3049 2615 3119 ἡμέραις
2657 3044 2837 3115 ὑμῶν,
2886 3043 3047 3115 ἔργον
3080 3043 3109 3095 ὃ
3142 3042 3203 3095 οὐ
3253 3040 3330 3112 μὴ
3364 3037 3724 3106 πιστεύσητε,

466 3130 646 3186 vobis.
664 3127 1006 3184 Exeuntibus
1030 3136 1210 3184 autem
1248 3127 1377 3191 illis,
1409 3126 1766 3196 rogabant,ut
1787 3123 2039 3194 sequenti

472 3223 716 3278 Sabbato
769 3223 1123 3293 loquerentur
1154 3220 1261 3276 sibi
1295 3224 1461 3275 verba
1511 3219 1649 3273 lucc.
1679 3217 1923 3287 Cumque
1955 3217 2042 3270 di-

469 3315 639 3370 missa
670 3323 817 3370 esset
846 3317 1155 3384 Synagoga,
1185 3313 1357 3368 secuti
1386 3319 1514 3366 sunt
1545 3311 1699 3365 multi
1729 3307 2042 3364 Iudaeorum

469 3415 526 3462 et
555 3406 852 3461 colentium
881 3404 1242 3468 advenarum,
1296 3400 1525 3455 Paulum
1584 3411 1639 3456 et
1688 3400 1993 3454 Barnabam
2026 3416 2040 3452 :

470 3498 565 3568 qui
599 3498 886 3566 loquentes
944 3494 1250 3550 suadebant
1295 3494 1374 3548 eis
1436 3500 1495 3546 ut
1553 3498 1942 3562 permanerent
1990 3493 2044 3544 in

472 3590 647 3658 gratia
676 3587 787 3643 Dei.
821 3587 1079 3658 Sequenti
1122 3601 1250 3641 vero
1283 3584 1545 3651 Sabbato,
1601 3600 1739 3655 pene
1792 3583 2046 3638 universa

474 3676 671 3730 civitas
704 3678 963 3730 convenit
990 3677 1182 3730 audire
1230 3675 1456 3729 verbum
1505 3675 1621 3729 Dei.
1660 3673 1917 3729 Videntes
1951 3689 2049 3727 au.

476 3771 584 3817 tem
619 3764 809 3817 turbas
841 3761 1037 3828 Judzei,
1078 3764 1274 3834 replezi
1308 3771 1440 3818 sunt
1492 3763 1630 3829 zelo,
1666 3771 1721 3817 et
1763 3762 2047 3818 contradi-

406 3878 411 3882 ·
471 3856 667 3910 cebant
700 3856 782 3911 his
810 3857 862 3910 in
894 3873 1013 3926 quae
1047 3872 1075 3909 a
1098 3856 1633 3921 Paulodieebantur,
1657 3854 2046 3925 blaSpheman-

473 3957 578 4003 tes.
611 3947 767 4002 Tunc
792 3955 1112 4003 constanter
1137 3946 1342 4003 Paulus
1366 3956 1422 4003 et
1447 3946 1726 4001 Barnabas
1750 3947 2043 4002 dixerunt:

472 4039 645 4099 Vobis
671 4041 959 4112 oportebat
1000 4042 1235 4110 primum
1298 4039 1449 4108 loqui
1500 4039 1730 4094 verbum
1774 4037 1915 4094 Dei:
1952 4038 2048 4096 sed

475 4131 739 4202 quoniam
795 4131 1061 4200 repellitis
1097 4130 1254 4196 illud,
1286 4138 1342 4185 et
1368 4129 1625 4200 indignos
1660 4144 1760 4185 vos
1785 4129 2049 4200 iudicatis

477 4234 696 4278 aeternae
717 4222 863 4286 vitae,
884 4216 1013 4276 ecce
1044 4223 1421 4275 convertimur
1445 4222 1512 4276 ad
1543 4230 1755 4292 gentes.
1783 4221 1874 4275 Sic
1899 4221 2049 4276 enim

476 4313 736 4385 praecepit
760 4313 917 4368 nobis
956 4312 1244 4368 Dominus.

2144 3139 2238 3193 ὲάν
2283 3156 2371 3203 τις
2403 3136 2798 3208 ὲκδιηγήσηται
2842 3135 2992 3205 ύμῖν.
3031 3132 3312 3197 Ἐξιόντιυν
3356 3128 3413 3182 δὲ
3443 3126 3624 3182 αὐτῶν
3654 3126 3726 3179 ὲκ

2143 3231 2243 3301 τῆς
2277 3230 2597 3300 συναγωγῆς
2623 3228 2734 3281 τῶν
2780 3224 3078 3290 Ἰουδαίων,
3109 3221 3457 3294 παρεκάλουν
3488 3217 3554 3272 τὰ
3591 3217 3725 3288 ἔθνη

2145 3326 2224 3386 είς
2251 3324 2311 3376 τὸ
2343 3320 2545 3393 μεταξὺ
2574 3318 2852 3375 Σάϐϐαταν
2871 3317 3171 3387 λαληθῆναι
3202 3312 3470 3375 αὐτοῖςτά
3490 3311 3725 3381 ῥήματα

2145 3412 2339 3471 ταῦτα.
2391 3412 2663 3481 Δυθείσης
2712 3410 2771 3463 δὲ
2817 3410 2918 3480 τῆς
2959 3408 3305 3476 συναγωγῆς,
3345 3401 3728 3473 ἠκολούθησαν

2147 3505 2337 3559 πολλοὶ
2374 3502 2483 3558 τῶν
2526 3502 2821 3580 Ἰουδαίων,
2849 3501 2945 3555 καὶ
2975 3499 3085 3553 τῶν
3110 3496 3419 3568 σεϐομένων
3445 3492 3729 3566 προσηλύ-

2146 3608 2278 3657 των,
2316 3590 2392 3660 τῷ
2426 3588 2625 3659 Παύλῳ
2657 3589 2751 3642 καὶ
2788 3587 2865 3658 τῷ
2909 3587 3199 3658 Βαρνάϐα·
3240 3584 3438 3649 οἵτινες
3481 3582 3731 3652 προσλα-

2147 3680 2363 3745 λοῦντες
2387 3682 2593 3745 αὐτοῖς,
2619 3680 2837 3734 ἔπειθον
2858 3681 3053 3740 αὐτοὺς
3077 3677 3410 3749 προσμένειν
3438 3677 3507 3747 τῇ
3539 3672 3734 3745 χάριτι

2147 3774 2242 3825 τοῦ
2280 3773 2435 3828 Θεοῦ.
2474 3773 2565 3844 Τῷ
2593 3772 2650 3826 δὲ
2679 3771 2957 3842 ἐρχομένῳ
2990 3770 3254 3840 Σαϐϐάτῳ
3286 3767 3476 3839 σχεδὸν
3505 3767 3656 3820 πᾶσα
3689 3767 3730 3836 ὴ

2150 3865 2306 3928 πόλις
2336 3863 2576 3936 συνήχθη
2608 3862 2842 3917 ἀκοῦσαι
2872 3863 2963 3915 τὸν
2994 3862 3152 3931 λόγον
3178 3861 3270 3914 τοῦ
3299 3858 3457 3913 Θεοῦ.
3498 3856 3735 3920 Ἰδόντες

2148 3956 2206 4010 δὲ
2237 3955 2286 4008 οῖ
2331 3954 2576 4008 Ἰουδαῖοι
2616 3953 2753 4018 τοίιςΔ
2787 3953 3001 4025 ὄχλους,
3036 3952 3391 4023 ἐπλήσθησαν
3416 3950 3600 4020 ζήλου,
3629 3948 3736 4002 καὶ

2151 4044 2441 4113 ἀντέλεγον
2473 4046 2589 4107 τοῖς
2624 4044 2730 4097 ὑπὸ
2761 4044 2855 4098 τοῦ
2892 4043 3105 4097 Παύλου
3138 4040 3475 4112 λεγομένοις,
3525 4038 3741 4093 ἀντιλέ.

2150 4152 2341 4203 γοντες
2386 4134 2483 4189 καὶ
2536 4133 3006 4206 βλασφημοῦντες.
3052 4132 3568 4204 Παρῤησιασάμενοι
3600 4129 3655 4182 δὲ
3703 4133 3737 4183 ὁ

2152 4228 2366 4291 Παῦλος
2398 4228 2492 4280 καὶ
2521 4229 2550 4280 ὁ
2579 4227 2865 4299 Βαρνάϐας
2897 4227 3051 4281 εἷπον
3073 4241 3092 4258 ⁸
3134 4227 3294 4296 Ὑμῖν
3322 4221 3390 4297 ἦν
3429 4226 3732 4292 ἀναγκαῖον

2153 4317 2370 4389 πρῶτον
2401 4318 2697 4391 λαληθῆναι
2720 4319 2788 4374 τὰ
2812 4318 2907 4373 τοῦ
2936 4318 3072 4373 Θεοῦ
3094 4334 3109 4350 ⁸
3159 4318 3352 4389 ἐπειδὴ
3396 4315 3453 4370 δὲ
3487 4316 3741 4369 ἀπωθεί-

476 4406 573 4459 σθε
606 4405 787 4473 αὑτὸν,
812 4406 907 4460 καὶ
935 4406 1036 4459 ούκ
1067 4404 1249 4470 ἀξίους
1291 4402 1503 4474 κρίνετε
1532 4403 1755 4469 ἑαυτοὺς
1782 4405 1882 4476 τῆς
1913 4407 2136 4463 αἰωνίου
2169 4410 2336 4482 ζωῆς,
2370 4412 2479 4467 ἰδοῦ
2549 4411 2896 4486 στρεφόμεθα
2958 4413 3040 4476 είς
3073 4410 3141 4465 τὰ
3192 4410 3342 4481 ἔθνη.
3412 4403 3570 4463 Οὕτω
3623 4409 3741 4480 γὰρ

480 4500 790 4556 ἐντέταλται
822 4495 958 4574 ἡμῖν
987 4502 1016 4555 ό
1042 4501 1263 4573 Κύριος.

979 4591 1553 4648 COMMENTARIUS.

552 4688 689 4746 Cum
728 4688 995 4760 propheta
1044 4686 1304 4743 llabaenc
1354 4689 1717 4744 exclamasset
1757 4698 1812 4746 et
1868 4700 2059 4748 contra

2747 4594 3127 4650 EPMHNEIA.
3810 4660 3821 4665 ,

2228 4689 2727 4760 Κατακεκραγότος
2803 4687 2899 4741 τοῦ
2964 4688 3245 4760 προφήτου
3314 4687 3592 4757 Ἀϐακοὺμ
3635 4685 3742 4758 τῆς

480 4780 751 4852 judicium
778 4779 1066 4851 iniustum,
1108 4780 1260 4836 etde
1310 4781 1469 4852 261
1500 4796 1716 4837 summa
1777 4782 1873 4840 Dei
1929 4802 2039 4856 erg:

2158 4783 2345 4836 ἀδίκου
2375 4783 2631 4853 κρίσεως,
2661 4781 2876 4852 καὶτῆς
2902 4781 3042 4850 ἄγαν
3068 4781 3420 4848 ἀνεξικακίας
3448 4780 3542 4835 τοῦ
3570 4779 3741 4845 Θεοῦ,

484 4873 662 4929 malos
718 4873 1159 4944 longanimitate,
1212 4885 1375 4944 atque
1429 4874 1661 4931 dixisset
1693 4878 1739 4909 “
1772 4896 1785 4933 :
1825 4897 1843 4930 ι
1883 4878 2039 4946 Quam

2158 4873 2256 4929 καὶ
2295 4872 2578 4941 λέγοντος·
2615 4891 2635 4924 ι
2667 4872 2785 4927 Ἵνα
2815 4872 2867 4926 τί
2902 4890 2992 4943 μοι
3026 4871 3232 4938 ἔδειξας
3262 4871 3468 4933 κόπους
3512 4870 3607 4923 καὶ
3639 4870 3745 4921 πό-

486 4961 728 5018 ostendit
758 4962 893 5017 mihi
944 4961 1317 5032 iniquitatem,
1355 4969 1410 5017 et
1445 4962 1711 5027 laborem,
1742 4964 1926 5020 videre
1962 4967 2065 5020 mi-

490 5057 693 5111 seriam
723 5062 778 5110 et
814 5054 1197 5124 impietatem?
1227 5054 1430 5109 Contra
1488 5069 1574 5109 me
1603 5054 1809 5110 factum
1850 5065 1937 5112 est
1971 5057 2061 5125 ju-

762 5164 776 5201 :
830 5158 885 5200 et
932 5145 1103 5217 judex
1165 5146 1385 5216 accipit,
1436 5154 1491 5199 et
1544 5146 1744 5216 impius
1806 5148 2036 5217 praevale

2171 5146 2266 5201 καὶ
2295 5147 2357 5199 ού
2389 5146 2700 5216 διεξάγεται
2723 5149 2802 5210 εἰς
2829 5148 2980 5211 τέλος
3021 5151 3194 5219 κρῖμα
3214 5164 3228 5179 ⁸
3268 5166 3288 5201 ι
3327 5146 3681 5216 ἀποκρίνεται
3716 5145 3747 5196 ό

493 5237 761 5293 adversus
803 5236 1011 5306 justum
1065 5253 1081 5290 :
1116 5246 1169 5291 et
1217 5252 1326 5291 non
1353 5236 1603 5292 educitur
1637 5238 1691 5291 in
1725 5236 1886 5290 linem
1915 5236 2062 5306 judi-

494 5331 675 5396 cium;
715 5349 734 5382 ι
767 5330 1065 5400 respondet
1113 5327 1254 5385 Deus
1278 5330 1676 5400 prantuutians,
1707 5344 1828 5397 quae
1852 5330 2062 5383 obven-

493 5147 698 5204 dicium

2160 4981 2286 5028 νους
2308 4983 2325 5032 ;
2350 4964 2474 5017 Ὅτι
2496 4964 2554 5031 ἐξ
2583 4965 2831 5027 ἐναντίας
2858 4965 3077 5033 γέγονεν
3096 4966 3129 5035 ἡ
3150 4964 3352 5035 κρίσις,
3378 4964 3475 5018 καὶ⁵
3501 4964 3528 5015 ό
3546 4960 3743 5032 κριτὴς

2165 5056 2455 5126 λαμϐάνει,
2489 5057 2585 5111 καὶ
2614 5056 2817 5127 ἀσεϐὴς
2851 5056 3316 5110 καταδυναστεύει
3368 5054 3459 5108 τὸν
3506 5052 3742 5117 δίκαιον,

2169 5236 2324 5303 Θεὸς,
2355 5239 2466 5299 τοῖς
2504 5235 2751 5290 ἀδικοῦσι
2798 5238 2895 5301 τὰς
2920 5237 3204 5308 ,ἐσομένας
3252 5233 3538 5305 συμφορὰς
3582 5248 3747 5301 προα-

2172 5328 2525 5398 παγγέλλων
2568 5330 2847 5399 θαυμάσια
2900 5329 2956 5382 δὲ
3003 5329 3169 5397 λέγει,
3206 5329 3274 5382 τὰ
3315 5328 3496 5388 αὐτοῖς
3532 5323 3749 5393 συμϐή-

492 5430 628 5477 turre
652 5431 807 5475 erant
839 5422 1041 5490 injuste
1061 5422 1350 5493 agentibus
1368 5420 1730 5477 calamitates.
1760 5419 2039 5490 thuiden

2175 5420 2362 5474 σεσθαι
2387 5420 2668 5491 μέλλοντα.
2699 5420 2888 5477 Ταῦτα
2915 5421 2993 5488 δὲ,
3026 5420 3180 5492 φησὶ,
3206 5417 3443 5473 τοσαῦτα
3473 5416 3567 5470 καὶ
3594 5412 3751 5484 τηλι-

601 5537 647 5566 ⁶⁶
683 5533 886 5589 llabac.
920 5549 958 5601 ι,
981 5536 1037 5602 5,
1071 5536 1124 5590 4.

1690 5601 1891 5663 Variae
1926 5602 2230 5666 lectiones
2278 5609 2337 5666 et
2382 5612 2570 5669 noue.

577 5702 619 5735 ¹⁸
653 5700 1089 5783 ὲνανθρωτιήσει.
1169 5705 1209 5737 ⁸⁸
1250 5703 1378 5787 γάρ.
