4082 6440
480 416 581 480 971

1446 411 1549 470 Tll
1559 409 2021 469 EOPHYLACTI
2052 407 2465 468 BULGARl/E
2497 411 2852 472 AllCl—llEP.

3619 417 3727 483 972

483 530 637 586 stris.
676 545 694 578 ι
737 525 830 583 Isti
863 534 1046 581 autem
1082 538 1196 580 non
1227 523 1405 580 solum
1431 537 1526 576 cos
1564 536 1670 576 non
1700 525 2047 589 receperunt,

2151 521 2251 572 οὐκ
2279 519 2550 585 ἐδέξαντο,
2595 522 2728 577 ἀλλὰ
2767 523 2860 576 καὶ
2892 524 3184 594 ἀπήλασαν
3225 526 3424 590 αὐτοὺς
3470 529 3578 582 άπὸ
3617 546 3728 582 των

425 668 431 672 .
484 621 578 676 sed
600 620 760 675 etiam
801 616 1082 688 ejecerunt
1126 616 1195 672 de
1247 615 1446 669 finibus
1491 612 1646 678 suis;
1711 609 1856 679 quod
1896 609 2050 678 pejus

481 720 586 767 est.
613 709 732 765 Non
762 711 876 765 vult
908 711 1093 779 itaque
1124 708 1414 770 Dominus,
1464 712 1524 758 ut
1559 701 1815 772 discipuli
1851 700 1936 754 sui
1969 699 2051 754 vel

487 804 761 872 pulverem
797 802 850 856 in
885 801 1114 870 pedibus
1153 798 1274 853 suis
1312 796 1551 850 habeam
1608 809 1671 848 ex
1707 801 1854 846 terra
1879 790 2048 844 homi-

428 889 438 896 ’
485 903 616 948 num
649 892 966 962 impiorum,
995 899 1053 944 ut
1077 890 1160 945 sic
1193 887 1548 942 ostenderent
1609 900 1669 940 se
1705 884 1845 938 nihil
1869 883 1938 938 ab
1971 884 2055 937 in-

486 983 738 1038 lidelilms
765 990 1076 1052 reportasse
1113 975 1490 1034 emolumenti.
1525 974 1621 1029 Est
1657 984 1839 1030 autem
1869 973 2052 1044 pulvis

480 1073 786 1145 symbolum
843 1071 1064 1136 laboris,
1125 1085 1285 1142 quem
1349 1070 1568 1125 illorum
1615 1081 1782 1124 causa
1846 1067 2055 1138 pertulc

480 1175 629 1220 runt.

1109 1271 1414 1328 TEXTUS.

546 1365 684 1429 XIV,
717 1365 772 1430 5,
804 1366 857 1421 6.
888 1364 1025 1421 Cum
1051 1374 1231 1420 autem
1275 1363 1451 1420 factus
1502 1371 1649 1419 esset
1673 1362 1908 1433 impetus
1929 1375 2057 1432 gen-

475 1456 651 1512 tilium
681 1467 735 1512 et
775 1455 1090 1512 Judreorum
1125 1472 1249 1512 cum
1275 1455 1618 1526 principibus
1647 1455 1782 1520 suis,
1818 1462 1878 1508 ut
1920 1467 2055 1508 con-

474 1548 711 1605 tumeliis
757 1547 1033 1603 allicerent
1060 1557 1116 1604 et
1146 1547 1454 1618 lapidarent
1483 1562 1602 1610 eos,
1667 1543 2053 1617 intelligentes,

795 1640 953 1695 Fcria
987 1642 1022 1696 4
1073 1639 1434 1695 hebdomadas
1488 1639 1715 1710 quintze.

553 1730 941 1802 Confugerunt
984 1730 1267 1803 (apostoli)
1312 1732 1379 1786 ad
1431 1732 1682 1787 civitates
1739 1729 2052 1802 Lycaoniae,

2153 613 2318 681 ὁρίων
2352 613 2554 680 αὐτῶν,
2583 615 2720 685 ὅπερ
2748 615 2866 668 ἐστὶ
2906 617 3109 687 χεῖρον.
3145 618 3279 670 Οὐδὲ
3310 617 3418 687 γὰρ
3452 621 3727 689 κονιορτδν

2155 701 2299 754 θέλει
2323 701 2470 774 ἔχειν
2499 706 2526 757 6
2567 703 2772 774 Κύριος
2797 705 2925 767 τοὺς
2967 704 3210 776 μαθητὰς
3245 707 3338 759 ἐπὶ
3377 707 3484 761 τῶν
3549 710 3727 762 ποδῶν

2154 794 2218 846 ὲκ
2256 794 2356 863 τῆς
2383 795 2492 848 τῶν
2520 796 2753 850 ἀνοσίων
2799 795 3105 867 ἀνθρώπων
3149 797 3274 868 γῆς,
3305 798 3614 862 δεικνύντες
3642 802 3731 854 διὰ

2154 883 2369 950 τούτου,
2398 885 2481 938 ὃτι
2513 885 2664 940 οὐδὲν
2691 885 3019 956 ἐκομίσαντο
3040 887 3148 939 ἀπὸ
3179 889 3288 941 τῶν
3317 890 3580 944 ἀπειθῶν.
3613 891 3731 944 Δεῖ-

2155 993 2271 1046 γμα
2303 977 2358 1029 δέ
2388 979 2533 1031 ἐστιν
2561 979 2590 1030 6
2617 978 2894 1047 κονιορτὸς
2920 979 3014 1032 τοῦ
3047 979 3215 1033 κόπου
3244 980 3303 1033 ὃν
3331 981 3633 1052 ὑπέμειναν
3661 983 3729 1036 δι’

2155 1067 2374 1131 αὐτούς.

2749 1267 3140 1325 ΚΕΙΜΕΝΟΝ.

2241 1355 2328 1418 Ὠς
2357 1355 2416 1410 δὲ
2459 1357 2675 1424 ἐγένετο
2709 1360 2853 1430 ὁρμὴ
2869 1359 3010 1412 *τῶν
3048 1359 3218 1413 ἐθνῶν
3248 1375 3308 1413 τε
3341 1359 3436 1413 καὶ
3457 1359 3732 1413 Ἰουδα⁷ων

2156 1449 2255 1502 σὺν
2288 1450 2406 1514 τοῖς
2438 1449 2696 1520 ἄρχουσιν
2735 1451 2916 1506 αὐτῶν
2967 1450 3191 1522 ὑϐρίσαι
3247 1451 3341 1505 καὶ
3387 1449 3733 1522 λιθοϐολῆσαι

2156 1540 2377 1607 αὐτοὺς,
2411 1534 2734 1609 συνιδόντες,
2909 1607 2912 1609 _

2521 1633 2600 1705 Τῇ
2630 1632 2672 1687 δ’
2713 1635 2809 1705 τῆς
2841 1635 3390 1707 Μεσοπεντηκοστῆς.

2231 1725 2558 1795 Κατέφυγον
2589 1725 2639 1778 oi
2666 1727 2954 1782 ἀπόστολοι
2980 1728 3266 1800 Βαρνάϐας
3286 1731 3380 1784 καὶ
3405 1729 3615 1793 Παῦλος
3651 1731 3733 1794 είς

477 1826 725 1897 Lystram
757 1835 813 1880 et
843 1823 1078 1889 Derben,
1099 1831 1153 1879 et
1184 1824 1498 1878 universam
1531 1824 1585 1879 in
1615 1825 1848 1879 circuitu
1870 1823 2049 1894 regio-

2156 1816 2255 1880 τὰς
2289 1818 2472 1881 πόλεις
2504 1819 2605 1889 τῆς
2649 1820 2977 1886 Λυκαονίας,
3030 1822 3304 1892 Λύστραν,
3358 1824 3452 1876 καὶ
3499 1823 3730 1895 Δέρϐην,

473 1932 620 1984 nem,
650 1924 705 1971 et
734 1915 806 1971 ibi
830 1916 1269 1987 evangelizantes
1300 1925 1480 1972 erant.

973 2027 1547 2106 ςοιιιιοιῑΝΤΑιιιυε.

541 2121 928 2176 Adnotandum
957 2121 1062 2177 hoc
1091 2123 1230 2189 loco,
1277 2137 1387 2178 non
1423 2129 1680 2192 oportere
1720 2137 1822 2177 nos
1866 2122 1920 2177 in
1952 2138 2046 2193 pe-

473 2214 648 2268 ricula
677 2214 992 2282 conjicere,
1054 2212 1149 2268 sed
1207 2215 1408 2282 potius,
1459 2213 1503 2268 si
1543 2228 1681 2282 opus
1740 2211 1928 2276 fuerit,
1983 2212 2050 2267 ad

473 2315 689 2378 tempus
725 2306 912 2375 fugere
947 2321 961 2372 ;
993 2285 1437 2376 quandoquidem
1464 2313 1518 2360 et
1543 2305 1719 2360 nostri
1773 2304 2046 2376 coryphaei

473 2401 546 2452 ita
579 2398 835 2454 fecerunt
868 2438 882 2461 ,
919 2399 1121 2468 quippe
1142 2398 1236 2468 qui
1291 2398 1544 2453 volebant
1573 2396 2046 2467 praedicationem,

472 2487 716 2556 quandiu
743 2501 994 2556 congrue
1027 2486 1146 2542 ﬁeri
1169 2495 1400 2557 poterat,
1436 2488 1750 2551 extendere,
1781 2497 1836 2542 et
1863 2501 2050 2556 perse-

475 2576 787 2632 cutionibus
816 2577 1003 2647 potius
1032 2577 1250 2647 augeri.

959 2689 1119 2760 263
1159 2687 1384 2744 CAPUT
1420 2686 1558 2742 χχι.

468 2781 548 2838 De
573 2781 762 2837 claudo
793 2798 826 2836 a
859 2783 1137 2836 natiuitate
1160 2779 1368 2850 Lystris
1393 2789 1583 2834 sanato
1633 2779 1698 2832 ab
1735 2779 1992 2849 apostolis
2027 2795 2050 2836 .'

453 2875 458 2880 ’
542 2873 884 2941 quamobrem
915 2874 992 2926 dii
1025 2874 1065 2927 ii
1089 2888 1202 2928 esse
1233 2883 1282 2927 et
1321 2873 1633 2942 apparuisse
1659 2873 1758 2927 visi
1783 2855 1905 2927 sunt
1938 2873 2040 2928 ioci

535 2965 684 3019 illius
719 2964 1130 3020 habitatoribus.

1100 3075 1405 3131 TEXTL‘S.

538 3167 678 3232 XIV,
707 3147 867 3222 7-17.
892 3166 960 3221 Et
999 3167 1217 3236 quidam
1255 3167 1336 3221 vir
1368 3168 1581 3239 Lystris
1613 3141 1862 3222 infirmus
1892 3139 2044 3236 pedi-
2077 3202 2121 3262 ο

468 3265 571 3316 bus
598 3260 848 3325 sedebat,
871 3259 1098 3314 claudus
1121 3275 1185 3314 cx
1213 3267 1369 3314 utero
1393 3261 1584 3315 matris
1618 3275 1750 3327 suae,
1780 3259 1873 3330 qui
1907 3274 2051 3314 nun-

470 3367 636 3421 quam
666 3351 1064 3405 ambulaverat.
1093 3350 1196 3405 Hic
1213 3352 1420 3406 audivit
1453 3351 1682 3406 Paulum
1715 3353 2047 3422 loquentem.

472 3441 577 3509 Qui
607 3443 842 3497 intuitus
873 3452 1090 3509 cum,et
1114 3442 1328 3510 videns,
1365 3445 1491 3513 quia
1527 3443 1686 3498 ﬁdem
1718 3443 1963 3510 haberet,
1991 3453 2052 3499 ut

468 3529 863 3600 salvusiicret,
891 3532 1029 3587 dixit
1059 3548 1252 3604 magna
1285 3549 1416 3589 voce
1452 3549 1466 3586 :
1499 3533 1672 3604 Surge
1702 3549 1866 3604 super
1881 3535 2050 3612 pedes

470 3633 598 3679 tuos
631 3631 835 3678 rectus.
865 3621 932 3676 Et
952 3622 1260 3679 exsilivitet
1283 3623 1617 3678 ambulabat.
1644 3623 1842 3679 Turba:
1867 3632 2048 3680 autem

467 3731 591 3772 eum
623 3716 890 3772 vidissent
925 3715 1072 3787 quod
1102 3715 1316 3771 fecerat
1346 3715 1569 3782 Paulus,
1606 3716 1924 3772 levaverunt
1945 3732 2046 3772 vo-

467 3824 586 3862 cem
617 3822 796 3874 suam,
857 3806 1166 3878 Lycaonice
1194 3806 1440 3863 dicentes
1469 3825 1483 3862 :
1520 3807 1605 3861 Dii
1658 3807 1866 3863 similes
1892 3805 2047 3862 ‘facti

467 3899 781 3954 hominibus
819 3897 1222 3955 descenderunt
1251 3898 1317 3953 ad
1348 3914 1469 3954 nos.
1518 3899 1585 3952 Et
1617 3899 1887 3953 vocabant
1916 3896 2050 3953 Bar-

467 3990 665 4044 nabam
700 3986 912 4054 Jovem,
947 3989 1176 4045 Paulum
1198 4004 1326 4045 vero
1358 3988 1717 4056 Mercurium,
1785 3990 2046 4061 quoniam

468 4081 586 4150 ipse
627 4089 746 4134 erat
783 4080 894 4134 dux
927 4082 1100 4136 verbi.
1157 4079 1430 4136 Sacerdos
1477 4097 1697 4153 quoque
1744 4080 1920 4146 Jovis,
1951 4082 2046 4152 qui

467 4178 589 4224 erat
619 4179 746 4224 ante
775 4169 1080 4234 civitatem,
1114 4175 1303 4225 tauros
1336 4180 1390 4224 et
1421 4185 1656 4226 coronas
1685 4180 1811 4225 ante
1846 4170 2047 4239 januas

468 4257 726 4323 aﬂ‘erens,
786 4273 912 4312 cum
977 4259 1194 4328 p0pulis
1239 4259 1457 4314 volebat
1505 4261 1841 4315 sacrificare.
1891 4260 2046 4326 Quod

468 4347 561 4402 ubi
605 4348 896 4403 audierunt
951 4348 1206 4418 apostoli,
1264 4348 1540 4405 Barnabas
1571 4359 1626 4404 ct
1657 4350 1876 4414 Paulus,
1918 4366 2048 4406 con-

466 4438 658 4494 scissis
687 4438 893 4493 tunicis
925 4438 1040 4493 suis
1073 4439 1400 4494 exsilierunt
1423 4440 1476 4493 in
1506 4440 1718 4501 turbas.
1743 4441 2048 4496 clamantes

2159 1905 2252 1959 καὶ
2280 1906 2380 1976 τὴν
2419 1907 2724 1982 περίχωρον
2745 1923 2759 1939 ·
2802 1910 2964 1964 κάκεῖ
2989 1905 3132 1982 ἦσαν
3164 1911 3661 1984 εὐαγγελιζόμενοι.

2757 2021 3138 2077 ΕΡΜΗΝΕΙΑ.

2223 2111 2588 2181 Σημειωτὲον,
2635 2113 2717 2166 ὄτι
2767 2115 2828 2167 οὐ
2879 2115 2962 2168 δεῖ
3016 2115 3364 2186 ἐπιρῤἔπτειν
3417 2119 3565 2189 ἡμᾶς
3619 2121 3733 2181 τοῖς

2153 2203 2456 2268 κινδύνοις,
2493 2205 2608 2260 ἀλλ’
2658 2205 2708 2258 εί
2737 2206 2872 2272 δέοι,
2919 2209 3014 2261 καὶ
3047 2209 3270 2277 φεύγειν
3319 2210 3457 2280 πρὸς
3503 2211 3732 2282 καιρόνο

2152 2296 2246 2348 καὶ
2274 2295 2386 2350 τῶν
2416 2298 2734 2368 κορυφαίων
2763 2300 2926 2354 τοῦτο
2967 2304 3286 2366 ποιούντων,
3319 2301 3510 2372 ὥσπερ
3543 2304 3718 2372 ἐπίτη-

2153 2388 2241 2453 δες
2293 2391 2536 2446 ἐκτεῖναι
2591 2391 2911 2462 βουλόμενοι
2950 2394 3011 2447 τὸ
3046 2396 3328 2465 κήρυγμα,
3363 2395 3458 2448 καὶ
3505 2394 3592 2450 διά
3622 2396 3734 2449 τῶν

2153 2481 2411 2552 διωγμῶν
2438 2484 2642 2552 μᾶλλον
2676 2484 3029 2549 αὐξάνεσθαι.

2742 2687 2992 2741 ΚΕΦΔΑ.
3034 2686 3163 2743 KA'.

2133 2774 2292 2841 ’Περὶ
2328 2771 2435 2828 τοῦ
2475 2775 2544 2829 ἐν
2569 2781 2866 2846 Λύστροις
2885 2777 2954 2830 ἐκ
2989 2777 3246 2861 γενετῆς.
3281 2779 3482 2848 χωλοῦ
3514 2779 3731 2835 ίαθέν-

2225 2882 2328 2933 τος
2357 2865 2455 2919 διὰ
2482 2866 2603 2922 τῶν
2633 2867 3017 2934 ἀποστόλων,
3045 2867 3251 2937 διόπερ
3297 2865 3456 2924 εἶναι
3508 2887 3571 2926 τε
3605 2873 3736 2928 θεοί

2225 2959 2325 3013 καὶ
2355 2959 2630 3029 παρεῖναι
2655 2960 2877 3026 ἔδοξαν
2910 2961 3035 3030 τοῖς
3062 2963 3390 3032 ἐγχωρίοις.

2744 3073 3132 3128 ΚΕΙΜΕΝΟΝ.

2225 3167 2336 3220 Καί
2394 3184 2476 3230 τις
2534 3167 2674 3239 ἀνὴρ
2712 3167 2770 3220 ὲν
2795 3167 3064 3239 Λύστροις
3113 3168 3374 3232 ἀδύνατος
3405 3171 3518 3233 τοῖς
3545 3170 3735 3238 ποσὶν,

2153 3256 2412 3327 ἐκάθητο,
2450 3255 2622 3328 χωλὸς
2647 3259 2713 3312 ἐκ
2739 3257 2949 3322 κοιλίας
3005 3259 3214 3329 μητρὸς
3241 3259 3408 3313 αὑτοῦ
3443 3260 3734 3332 ὑπάρχων,

2151 3347 2209 3411 ὃς
2228 3347 2488 3402 οὐδέποτε
2510 3349 3004 3421 περιεπεπατήκει.
3023 3342 3196 3412 Οὗτος
3229 3350 3429 3421 ἢκουσε
3456 3351 3549 3404 τοῦ
3579 3352 3737 3406 Παύ-

2151 3439 2244 3492 λου
2311 3439 2620 3504 λαλοῦντος.
2671 3443 2768 3504 Ὃς
2815 3441 3066 3506 ἀτενίσας
3118 3443 3286 3514 αὐτῷ,
3333 3443 3425 3497 καὶ
3479 3442 3601 3498 ἰδὼν
3647 3446 3738 3498 ὅτι

2152 3532 2340 3585 πίστιν
2395 3532 2510 3603 ἔχει
2567 3533 2661 3587 τοῦ
2717 3533 2980 3604 σωθῆναι,
3015 3529 3136 3588 εἷπε
3197 3535 3408 3606 μεγάλῃ
3431 3538 3496 3608 τῇ
3535 3539 3735 3607 φωνῇ’

2151 3624 2240 3676 Σοὶ
2271 3623 2415 3692 λέγω
2438 3623 2519 3696 [ἐν
2548 3624 2628 3694 τῷ
2659 3625 2886 3694 ὀνόματι
2916 3625 3011 3679 τοῦ
3045 3626 3252 3697 Κυρίου
3294 3625 3492 3699 Ἰησοῦ]
3522 3667 3537 3693 ,
3595 3629 3727 3681 ἀνά-

2155 3715 2313 3786 στηθι
2379 3717 2471 3770 ἐπὶ
2522 3717 2651 3780 τοὺς
2705 3716 2872 3782 πόδας
2920 3734 3013 3772 σου
3069 3718 3247 3788 ὀρθός.
3279 3719 3388 3772 Kal
3413 3719 3606 3789 ἥλλετο
3632 3721 3739 3774 καὶ

2152 3805 2494 3874 περιεπάτει.
2529 3807 2592 3860 Οἱ
2621 3805 2675 3858 δὲ
2704 3805 2850 3876 ὄχλοι
2881 3805 3080 3870 ίδόντες
3101 3805 3128 3859 ὃ
3150 3807 3407 3876 ἐποίησεν
3437 3808 3466 3860 6
3495 3805 3734 3872 Παῦλος,

2151 3897 2364 3968 ἐπῆραν
2391 3896 2491 3965 τὴν
2547 3895 2731 3968 φωνὴν
2767 3896 2947 3951 αὐτῶν
2983 3897 3314 3951 Λυκαονιστὶ
3340 3897 3624 3966 λέγοντες’
3658 3899 3730 3952 οι

2150 3989 2266 4044 θεοὶ
2290 3989 2653 4060 ὁμοιωθέντες
2681 3988 2988 4059 ἀνθρώποις
3023 3987 3337 4058 κατέϐησαν
3367 3989 3507 4060 πρὸς
3537 3989 3690 4058 ἡμᾶς
3715 4007 3734 4023 ο

2151 4081 2381 4136 ἐκάλουν
2410 4097 2469 4133 τε
2501 4080 2590 4133 τὸν
2624 4079 2722 4150 μὲν
2773 4080 3065 4153 Βαρνάϐαν
3114 4081 3234 4145 Δία,
3283 4080 3374 4133 τὸν
3417 4079 3475 4132 δὲ
3515 4079 3739 4134 Παῦλον

2160 4171 2393 4244 Ἑρμῆν·
2423 4171 2610 4242 ἐπειδὴ
2635 4171 2798 4236 αὐτὸς
2823 4168 2892 4242 ἦν
2913 4174 2940 4226 6
2973 4172 3276 4243 ἡγούμενος
3312 4170 3408 4224 τοῦ
3443 4171 3626 4241 λόγου.
3668 4172 3737 4227 ὐ
3801 4242 3809 4247 _

2150 4262 2207 4315 δὲ
2237 4263 2417 4332 ἱερεὺς
2475 4259 2567 4313 τοῦ
2601 4261 2745 4326 Διὸς,
2789 4260 2886 4314 τοῦ
2917 4261 3072 4323 ὄντος
3104 4261 3211 4332 πρὸ
3244 4261 3342 4331 τῆς
3382 4261 3589 4324 πόλεως
3623 4262 3696 4314 αὖ
3717 4292 3737 4306 ς

2149 4355 2277 4421 τῶν,
2309 4352 2546 4424 ταύρους
2575 4354 2669 4406 καὶ
2699 4353 2989 4423 στέμματα
3014 4354 3105 4405 ἐπὶ
3125 4352 3252 4416 τοὺς
3288 4351 3544 4416 πυλῶνας
3574 4353 3731 4422 ἐνέγ-

2150 4463 2273 4511 κας,
2309 4445 2405 4498 σὺν
2455 4448 2564 4508 τοῖς
2614 4445 2794 4514 ὄχλοις
2852 4444 3012 4514 ἧθελε
3059 4443 3229 4498 θύειν.
3277 4443 3636 4509 ’Λκούσαντες
3665 4444 3733 4498 δὲ

463 4537 519 4583 et
547 4527 793 4582 dicentes
817 4545 831 4583 :
865 4526 1003 4591 Viri,
1030 4527 1161 4598 quid
1195 4528 1308 4582 haec
1328 4525 1547 4582 facitis?
1572 4527 1636 4580 Et
1659 4545 1758 4583 nos
1781 4531 2042 4584 mortales

2150 4541 2197 4592 oi
2221 4537 2510 4591 ἀπόστολοι
2566 4536 2854 4608 Βαρνάϐας
2895 4536 2989 4589 καὶ
3049 4534 3285 4600 Παῦλος,
3324 4535 3733 4608 διαρρήξαντες

467 4635 682 4684 sumus,
716 4619 924 4675 similes
948 4620 1104 4674 vobis
1134 4619 1408 4685 homines,
1453 4622 1844 4675 annuntiantes
1887 4620 2042 4674 vobis

2149 4625 2216 4678 τὰ
2250 4625 2447 4694 ίμάτια
2493 4623 2697 4686 αὐτῶν,
2733 4622 3103 4693 είσεπήδησαν
3138 4623 3216 4684 είς
3259 4622 3352 4675 τὸν
3391 4623 3551 4692 όχλον
3587 4623 3699 4694 κρά
3721 4653 3733 4662 -

466 4710 535 4763 ab
567 4711 649 4764 his
682 4711 844 4765 vanis
874 4712 1120 4765 converti
1173 4711 1238 4766 ad
1292 4709 1462 4765 Deum
1522 4712 1727 4777 vivum,
1771 4712 1863 4781 qui
1917 4711 2045 4766 fecit

466 4799 664 4854 cmlum
695 4809 748 4855 et
778 4809 977 4855 terram
1009 4808 1061 4855 et
1085 4816 1236 4856 mare
1262 4811 1310 4855 et
1343 4802 1526 4855 omnia
1553 4818 1673 4871 qua-
1697 4802 1750 4855 in
1779 4803 1858 4857 eis
1877 4812 2002 4856 sunt
2026 4819 2038 4855 :

466 4896 560 4967 qui
591 4896 644 4949 in
668 4897 960 4965 praeteritis
989 4895 1435 4968 generationibus
1453 4897 1674 4951 demisit
1697 4911 1888 4952 omnes
1911 4913 2045 4966 gen-

469 4999 552 5042 tes
579 4986 787 5056 ingredi
821 4989 938 5041 vias
965 5002 1118 5042 suas.
1151 4987 1218 5041 Et
1251 4986 1471 5056 quidem
1504 5001 1614 5040 non
1647 4986 1768 5040 sine
1798 4987 2047 5042 testimo-

467 5079 559 5133 nio
615 5081 972 5152 semetipsum
1031 5077 1274 5146 reliquit,
1331 5076 1681 5132 benefaciens
1746 5078 1813 5133 de
1876 5079 2040 5146 coelo,

465 5171 602 5226 dans
621 5171 834 5241 pluvias
863 5179 916 5224 et
944 5181 1186 5238 tempora
1224 5167 1528 5231 fructifera,
1574 5168 1804 5237 implens
1834 5155 1959 5224 cibo
1987 5177 2042 5225 et

467 5263 658 5317 laetitia
685 5261 852 5316 corda
885 5271 1097 5314 nostra.
1132 5257 1199 5312 Et
1231 5258 1345 5312 haec
1382 5258 1649 5322 dicentes,
1687 5258 1771 5313 vix
1812 5259 2041 5316 sedave-

467 5361 594 5409 runt
619 5354 830 5418 turbas,
861 5367 930 5407 ne
966 5352 1069 5406 sibi
1095 5351 1464 5406 immolarent.

2149 4717 2331 4777 ζοντες
2355 4715 2449 4767 καὶ
2475 4715 2745 4783 λέγοντες
2779 4713 3028 4784 Ἄνδρες,
3059 4713 3112 4765 τί
3149 4713 3320 4766 ταῦτα
3348 4715 3584 4779 ποιεῖτε;
3611 4715 3732 4767 Kal

2149 4808 2309 4878 ἡμεῖς
2327 4805 2680 4876 ὁμοιοπαθεῖς
2711 4806 2836 4874 ὑμῖν
2857 4805 3025 4874 ἐσμεν
3047 4803 3340 4873 ἄνθρωποι,
3374 4805 3698 4874 εύαγγελιζό
3713 4837 3731 4846 -

2151 4913 2303 4968 μενοι
2333 4898 2479 4968 ὑμᾶς
2531 4897 2640 4950 άπὸ
2664 4900 2871 4950 τούτων
2913 4896 3024 4949 τῶν
3092 4896 3336 4966 ματαίων
3371 4897 3733 4966 ἐπιστρέφειν

2146 4990 2242 5042 ἐπὶ
2277 4988 2369 5041 τὸν
2401 4989 2536 5042 Θεὸν
2562 4988 2653 5041 τὸν
2710 4987 2907 5052 ζῶντα,
2949 4986 3008 5049 ὃς
3047 4987 3271 5056 ἐποίησε
3323 4987 3415 5039 τὸν
3467 4987 3728 5058 οὐρανὸν,

2150 5082 2246 5136 καὶ
2309 5080 2410 5150 τὴν
2475 5079 2602 5148 γῆν,
2637 5080 2730 5132 καὶ
2791 5079 2886 5148 τὴν
2915 5078 3212 5142 θάλασσαν,
3245 5079 3342 5132 καὶ
3369 5077 3548 5132 πάντα
3568 5078 3635 5131 τὰ
3666 5081 3733 5132 ἐν

2152 5171 2454 5235 αὐτοῖς-ὂς
2506 5174 2563 5223 ἐν
2635 5171 2756 5233 ταῖς
2821 5169 3254 5239 παρῳχημέναις
3313 5171 3526 5236 γενεαῖς
3571 5171 3730 5221 είασε

2151 5265 2330 5317 πάντα
2357 5266 2425 5315 τά
2460 5261 2585 5329 ἔθνη
2615 5260 2946 5331 πορεύεσοαι
2983 5261 3100 5318 ταῖς
3131 5247 3270 5321 ὁδὸῖς
3326 5258 3530 5313 αὐτῶν.
3585 5258 3730 5310 Kai-

2151 5371 2300 5422 τοιγε
2358 5354 2457 5406 ούκ
2505 5353 2823 5422 ἀμάρτυρον
2853 5351 3044 5404 ἑαυτὸν
3073 5351 3306 5420 ἀφῆκεν,
3352 5350 3726 5418 ἀγαθοποιῶν,

463 5448 755 5519 οὐρανόθεν
795 5447 925 5515 ἡμῖν
953 5443 1128 5506 διδοὺς
1153 5443 1340 5507 ὑετοὺς
1371 5446 1466 5498 καὶ⁵
1494 5461 1722 5515 καιρους
1746 5446 2156 5519 καρποφόρους,
2182 5447 2473 5517 ἐμπιπλῶν
2507 5445 2713 5517 τροφῆς
2781 5447 2874 5498 καὶ
2932 5444 3274 5515 εὐφροσύνης
3329 5443 3428 5508 τὰς
3492 5444 3728 5514 καρδίας

464 5537 639 5604 ἡμῶν.
679 5535 791 5588 Kal
816 5532 990 5586 ταῦτα
1027 5531 1301 5599 λέγοντες,
1332 5532 1486 5601 μόλις
1515 5535 1866 5588 κατέπαυσαν
1899 5537 2027 5600 τοὺς
2065 5537 2258 5607 ὄχλους
2292 5537 2385 5589 τοῦ
2419 5537 2495 5607 μὴ
2524 5535 2674 5589 θύειν
2698 5535 2901 5598 αὐτοῖς.

947 5625 1520 5684 COMMENTARIUS.

542 5745 558 5774 ι
605 5723 913 5779 Conscissis
963 5722 1166 5776 tunicis
1195 5723 1331 5777 suis.
1364 5740 1383 5773 ι
1417 5721 1532 5776 Mos
1553 5730 1672 5776 erat
1695 5721 1920 5785 Judmis.
1956 5734 2036 5788 ut,

467 5831 591 5871 cum
617 5812 983 5883 blasphemias
1007 5813 1062 5866 in
1090 5811 1257 5866 Deum
1298 5812 1538 5881 prolatas
1565 5811 1838 5880 audirent,
1864 5821 2045 5869 vestes

2746 5631 2985 5684 ΕΡΜΠΝ
2995 5630 3095 5682 EIA
3109 5670 3121 5682 .

2119 5705 2398 5785 Ἔθος
2467 5722 2616 5774 ἐστὶν
2693 5720 2968 5782 Ἰουδαίοις
3041 5721 3134 5772 ἐπὶ
3213 5723 3328 5784 ταῖς
3387 5719 3530 5774 κατὰ
3583 5718 3725 5775 Θεοῦ

2125 5801 2489 5900 ,δὶισφημίαις
2595 5811 3031 5882 περιρῥηγνύναι
3128 5813 3195 5865 τά
3295 5814 3502 5882 ἱμάτια.
3610 5813 3730 5866 Kal
