4082 6408
458 392 563 465 973

1127 401 1669 461 EXPOSITIONIS
1698 402 1781 462 ΙΝ
1815 402 2007 462 ACTA
2036 401 2337 463 TEXTUS
2374 388 2719 464 ALTER.—
2749 406 2905 468 CAP.
2944 410 3095 471 XIV.

3608 418 3714 482 974

457 512 615 578 γνοὺς
630 511 747 544 "at
772 511 801 564 δ
818 512 1074 582 Καϊάφας
1087 513 1213 566 Υἱὸν
1233 512 1426 567 ἑαυτὸν
1436 512 1531 566 τοῦ
1553 490 1688 567 θεοῦ
1703 508 1928 583 λέγοντα
1947 513 2015 566 τις

2142 512 2589 568 conscinderent.
2620 513 2802 580 Quare
2839 521 3005 574 etiam
3035 522 3298 592 Caiphas,
3329 532 3389 579 ut
3448 526 3717 583 intellexit

455 601 714 672 Χριστὸν,
753 621 772 654 ι
803 604 1134 675 περιέρρηξε
1156 604 1256 674 τὴν
1280 604 1505 675 ἐσθῆτα,
1537 623 1555 658 ι
1575 604 1952 676 διακεκραγώς
1974 621 2034 658 τε

457 694 553 746 καὶ⁵
577 714 595 744 τ
621 692 817 761 λέγων,
835 695 917 748 ὅτι
945 695 1383 766 Ἑδυσφήμησε.»
1406 682 1581 750 Τοῦτο
1608 697 1927 769 πεπράκασι
1940 698 2036 752 καὶ

416 779 429 790 ’
451 783 502 835 οἱ
533 783 810 837 θεσπέσιοι
840 784 1082 856 μαθηταὶ
1106 785 1392 856 Βαρνάϐας
1417 789 1513 840 καὶ
1543 786 1755 852 Παῦλος
1776 787 2031 854 ἐνταῦθα,

455 870 569 925 θεοὶ
597 873 970 943 νομισθέντες,
1004 876 1113 928 άπὸ
1141 875 1437 940 διαθέσεως
1480 877 1661 951 ψυχῆς
1687 878 2032 951 ἀποστρεφό-

457 980 611 1033 μενοι
642 963 712 1017 τά
746 965 1035 1036 γενόμενα,
1093 969 1192 1021 καὶ
1234 968 1465 1033 πένθους
1489 969 1773 1034 ποιοῦντες
1803 973 2028 1043 σημεῖα.

456 1055 657 1116 Πένθος
682 1055 794 1126 γάρ
818 1052 891 1130 ἦν
925 1059 1118 1127 ὅντως,
1150 1061 1264 1128 ετγε
1291 1061 1518 1130 ἔμελλον
1545 1061 1658 1116 θεοὶ
1683 1061 2030 1134 νομίζεσθαι,

453 1147 548 1199 καὶ
613 1147 1065 1222 είδωλολατρείαν
1122 1154 1382 1222 εἰσάγειν,
1412 1155 1478 1225 ἢν
1509 1152 1676 1227 ἦλθον
1726 1155 2031 1211 καταλῦσαι

448 1239 544 1291 καὶ
566 1237 645 1300 είς
674 1238 826 1305 τέλος
868 1244 1148 1313 ἀφανίσαι.

449 1334 490 1384 Α
502 1323 753 1386 ιυάζετὰι
771 1333 1014 1402 Παῦλος
1023 1335 1175 1461 μετὲ
1198 1339 1243 1462 'l'
1263 1335 1385 1481 rdine
1396 1338 1838 1412 ἀστυγειτόνων
1852 1338 2030 1413 [Ἰου-

1164 1426 1202 1461 α
1228 1426 1311 1462 ων
1342 1449 1355 1462 .
1820 1420 1831 1441 ‘

1164 1420 1355 1462 ιιιωινι.
1820 1420 1831 1441 ‘

1039 1499 1434 1554 ΚΕΙΜΕΝΟΝ.

530 1589 796 1661 Ἐπῆλθον
837 1589 897 1645 δὲ
951 1591 1061 1645 άπὸ
1117 1593 1446 1663 Ἀντιοχείας
1497 1593 1590 1646 καὶ
1635 1593 1859 1649 Ἰκονίου
1894 1595 2026 1649 ἰου-

442 1680 605 1749 δαῖοι,
643 1684 740 1736 καὶ
797 1684 1090 1748 πείσαντες
1141 1686 1272 1748 τοὺς
1318 1684 1533 1755 ὄχλους,
1566 1686 1661 1740 καὶ
1700 1685 2026 1754 λιθάσαντες

442 1775 537 1827 τὸν
565 1776 798 1843 Παῦλον,
823 1777 1018 1848 ἔσυρον
1048 1777 1153 1845 ἔξω
1180 1778 1280 1849 τῆς
1309 1778 1540 1841 πόλεως,
1568 1779 1895 1848 νομίσαντες
1919 1779 2022 1833 αὐ-

2141 602 2421 658 Christum
2450 619 2511 661 se
2535 604 2733 662 Filium
2755 609 2846 664 Dei
2872 609 3128 680 dicere“,
3159 632 3177 666 ι
3198 616 3362 670 scidit
3388 618 3710 677 vestimenta

2140 710 2265 761 sua,
2311 697 2628 754 exclamans
2675 708 2731 755 et
2778 700 3006 758 dicens:
3039 705 3463 775 Blasphemavit.
3508 729 3528 763 ι
3567 708 3712 767 Idem
3762 720 3783 776 ξ

2138 784 2388 843 fecerunt
2409 789 2512 846 hoc
2529 782 2651 846 loco
2678 792 2845 847 etiam
2872 797 3046 851 sancti
3070 795 3346 868 discipuli,
3369 799 3643 857 Barnabas
3662 813 3716 862 ct
3772 851 3777 856 .

2138 874 2363 948 Paulus,
2392 897 2515 937 cum
2556 883 2633 940 dii
2671 885 3141 957 existimarentur,
3188 900 3306 947 toto
3343 894 3509 950 corde
3558 910 3714 953 averv
3757 951 3763 955 .

2137 979 2325 1028 santes
2374 989 2495 1043 qua:
2545 975 2749 1032 ﬁebant
2798 987 2854 1034 et
2906 979 3117 1037 doloris
3168 985 3604 1054 signacdentes.
3651 987 3717 1046 Et

2135 1065 2357 1133 quidem
2388 1068 2679 1139 lugendum
2700 1078 2841 1137 erat,
2858 1072 2902 1127 si
2925 1071 3000 1127 dii
3032 1088 3220 1129 revera
3243 1078 3417 1146 putati
3445 1076 3673 1136 fuissent
3698 1097 3712 1133 :

2137 1155 2217 1211 sic
2260 1159 2407 1213 enim
2450 1160 2818 1218 idololatriam
2845 1180 3009 1235 quam
3056 1167 3361 1225 dissolvere
3407 1178 3462 1226 et
3495 1174 3714 1243 penitus

2135 1249 2464 1306 exscindere
2494 1256 2777 1321 venerant,
2814 1255 2919 1326 ipsi
2951 1256 3374 1316 iuduxissentet
3406 1262 3710 1319 auxissent.
3804 1316 3815 1328 ,

2205 1340 2370 1416 264
2398 1340 2699 1413 Lapidatur
2720 1345 2923 1402 Paulus
2957 1365 2991 1402 a
3027 1347 3235 1409 Judaei;
3259 1351 3374 1409 urbi
3407 1352 3613 1413 vicinis.

2784 1506 3089 1569 TEXTUS.

2200 1595 2341 1662 XIV,
2374 1597 2558 1654 18-26.
2581 1568 3030 1671 Superven‘crunt
3060 1616 3241 1661 autem
3269 1609 3491 1680 quidam
3508 1611 3714 1668 abAn-

2130 1688 2332 1745 tiocbia
2355 1699 2407 1747 et
2428 1690 2611 1748 Iconio
2627 1692 2834 1763 Judaei;
2862 1699 3216 1770 etjpersuasis
3236 1701 3435 1770 turbis,
3467 1703 3715 1774 lapidanv

2128 1787 2318 1852 tesque
2337 1782 2585 1850 Paulum,
2604 1794 2892 1844 traxerunt
2906 1802 3058 1845 extra
3075 1791 3376 1860 civitatem,
3390 1797 3712 1856 existiman-

441 1866 535 1919 τὸν
570 1867 846 1924 τεθνάναι.
885 1870 1299 1925 κυκλωσάντων
1328 1870 1388 1923 δὲ
1416 1871 1580 1924 αὐτὸν
1602 1869 1711 1923 τῶν
1735 1870 2015 1942 μαθητῶν,

2126 1883 2211 1929 tes
2232 1888 2356 1931 eum
2387 1885 2662 1932 mortuum
2700 1894 2844 1935 esse.
2868 1879 3356 1939 Circumdantibus
3383 1888 3564 1940 autem
3582 1901 3709 1945 eunt

441 1960 685 2025 ἀναστὰς
747 1962 1003 2035 εἰσῆλθεν
1034 1963 1117 2028 είς
1168 1966 1268 2035 τὴν
1304 1965 1479 2028 πόλιν,
1512 1963 1605 2017 καὶ
1634 1967 1701 2035 τῇ
1733 1964 2018 2036 ἐπαύριον,

1056 2056 1437 2110 ΕΡΜΗΝΕΙΑ.

524 2145 790 2200 Ἐνταῦθα
821 2147 1130 2219 πληροῦται
1144 2149 1226 2214 τὸ,
1268 2167 1288 2202 ι
1313 2149 1501 2220 Ἀρκεί
1526 2165 1611 2201 σοι
1640 2148 1673 2219 ὴ
1707 2147 1867 2220 χάρις
1890 2167 2016 2221 μου.

453 2232 516 2287 ’Π
554 2235 916 2308 γὰρδύναμίς
950 2255 1054 2308 μου
1080 2239 1139 2293 ὲν
1172 2239 1431 2312 ἀσθενείᾳ.
1453 2237 1795 2306 τελειοῦται,
1822 2259 1841 2292 ι
1883 2241 2020 2313 πρὸς

441 2327 607 2381 αὐτὸν
637 2329 789 2401 παρὰ
808 2330 945 2385 Θεοῦ
973 2333 1287 2404 εἰρημένον.
1618 2344 1635 2359 “

898 2423 976 2495 Τῇ
1000 2430 1042 2476 ε’
1061 2425 1161 2495 τῆς
1185 2433 1225 2479 ε’
1245 2425 1563 2499 ἑϐδομάδος.

1030 2516 1305 2571 ΚΕΙΜΕΝ
1308 2518 1421 2573 ΟΝ.

519 2599 775 2672 Ἐξῆλθεν
805 2606 833 2658 ὁ
861 2605 1070 2671 Παῦλος
1100 2609 1198 2662 σὺν
1233 2610 1309 2681 τῷ
1333 2610 1591 2684 Βαρνάϐᾳ
1623 2615 1702 2678 είς
1762 2616 2001 2690 Δέρϐην.

441 2688 947 2766 Εὐαγγελισάμενοί
976 2715 1037 2752 τε
1068 2703 1169 2770 τὴν
1220 2701 1377 2758 πόλιν
1429 2706 1669 2779 εκείνην,
1707 2711 1803 2764 καὶ
1838 2688 2020 2783 μαθη-

437 2779 732 2847 τεύσαντες
786 2786 1025 2855 ἱκανοὺς,
1085 2789 1433 2864 ὑπέστρεψαν
1489 2798 1572 2861 είς
1619 2799 1895 2876 Λύστραν,
1923 2805 2019 2859 καὶ

452 2870 693 2939 Ἰκόνιον,
721 2877 816 2929 καὶ
853 2876 1206 2949 Ἀντιόχειαν,
1236 2882 1683 2956 ἐπιστηρίζοντες
1705 2870 1804 2956 τάξ
1836 2892 2017 2965 ψυχάς

434 2963 547 3015 τῶν
578 2965 860 3035 μαθητῶν,
895 2970 990 3022 καὶ
1034 2973 1487 3042 παρακαλοῦντες
1541 2979 1806 3051 ἐμμένειν
1823 2986 1890 3056 τῇ
1915 2963 2017 3040 νπί-

440 3071 579 3122 στει,
610 3059 706 3111 καὶ
732 3058 815 3113 ὄτι
843 3060 934 3114 διὰ
958 3062 1170 3118 πολλῶν
1192 3064 1426 3136 θλίψεων
1449 3069 1532 3123 δεῖ
1572 3058 1724 3142 ἡμᾶς
1753 3075 2016 3131 εἰσελθεῖν

434 3146 518 3210 εἰς
556 3148 655 3218 τὴν
720 3149 1000 3220 βασιλείαν
1051 3155 1148 3209 τοῦ
1195 3156 1352 3213 Θεοῦ.
1422 3162 1922 3236 Χειροτονήσαντες
1956 3171 2014 3225 δὲ

434 3234 620 3303 αὐτοῖς
655 3243 1066 3315 πρεσϐυτέρους
1116 3248 1238 3303 κατ’
1274 3251 1624 3323 Ἐκκλησίαν,
1654 3259 1746 3311 καὶ
1774 3276 2011 3329 προσευ-

433 3332 660 3401 ξάμενοι
680 3336 818 3406 μετὰ
840 3340 1123 3408 νηστειῶν,
1152 3344 1456 3414 παρέθεντο
1483 3347 1684 3413 αὐτοὺς
1701 3351 1779 3422 τῷ
1801 3353 2010 3426 Κυρίῳ,

433 3422 603 3489 είςὸν
632 3427 1112 3485 πεπιστεύκεισαν.
1146 3432 1257 3487 Καὶ
1287 3434 1589 3503 διελθόντες
1613 3442 1712 3511 τὴν
1742 3422 2012 3510 Πισιδίαν,

434 3508 600 3583 ἦλθον
626 3515 706 3579 εἰς
736 3519 1066 3591 Παμφυλίαν
1093 3538 1106 3552 ·
1140 3524 1234 3578 καὶ⁵
1251 3524 1583 3599 λαλήσαντες
1621 3508 1681 3586 ὲιί
1705 3533 1895 3608 Πέργῃ
1922 3508 2014 3594 τδλθ

434 3602 617 3671 λόγον,
672 3607 987 3680 κατέϐησαν
1044 3613 1126 3676 είς
1167 3614 1482 3675 ’Δττάλειαν
1536 3638 1551 3654 ·
1606 3602 2014 3684 κάκεῖθεν-*άπ-

436 3695 708 3754 ἔπλευσαν
737 3701 818 3761 εὶς
857 3702 1208 3776 ’Δντιόχειαν,
1241 3708 1364 3765 ὅθεν
1395 3707 1536 3784 ἦσαν
1587 3718 2014 3791 παραδεδομένοι

432 3790 498 3857 τῇ
527 3788 712 3861 χάριτι
769 3793 866 3847 τοῦ
926 3795 1086 3865 Θεοῦ,
1141 3800 1225 3864 είς
1280 3802 1342 3856 τὸ
1407 3788 2009 3882 ἔργονδέπλήρῶσαν.

434 3882 876 3957 Παραγενόμενοι
900 3888 979 3954 δὲ,
1033 3891 1130 3947 καὶ
1178 3897 1585 3965 συναγαγόντες
1629 3903 1734 3971 την
1773 3902 2013 3977 Ἐκκλη-

433 3974 578 4040 σίαν,
649 3978 983 4048 ἀνήγγειλαν
1031 3982 1132 4037 ὅσα
1162 3983 1421 4057 ἐποίησεν
1445 3987 1634 4055 αὐτοῖς
1666 3992 1696 4045 ό
1727 3991 1880 4059 Θεὸς,
1915 3974 2010 4052 καὶ

429 4066 514 4120 ὅτι
540 4067 714 4137 ἡνοιξε
740 4072 853 4134 τοῖς
887 4073 1065 4128 ἔθνεσι
1093 4073 1264 4146 θύραν
1291 4076 1547 4144 πίστεως.

999 4165 1410 4232 ,ΕΡΜΗΝΕΙΑ.

502 4251 601 4307 Διά
672 4253 719 4307 τί
767 4255 827 4309 ὲν
878 4256 1094 4329 Κύπρῳ
1144 4259 1266 4313 οὐδὲ
1309 4263 1370 4316 ὲν
1411 4262 2010 4343 Σαμαρείᾳ-ἐποίησαν

432 4345 843 4417 πρεσϐυτέρους
887 4351 938 4404 οί
990 4351 1305 4418 ἀπόστολοι,
1370 4355 1486 4409 ἀλλ’
1550 4360 1824 4430 ἑνταῦθα;
1883 4364 2008 4420 Ὀτι

435 4440 644 4494 ἐκεῖναι
664 4440 765 4510 μὲν
784 4442 954 4511 ἐγγὺς
974 4438 1114 4515 ἦσαν
1137 4445 1234 4517 τῆς
1250 4447 1562 4523 Ἱερουσαλὴ
1570 4471 1609 4523 μ
1624 4456 1842 4525 καὶ-τῶν
1870 4458 2008 4513 ἀπο·-

2126 1966 2262 2022 disci
2268 1967 2437 2037 pulis,
2475 1983 2711 2040 surgens
2729 1969 2955 2025 intravit
2973 1970 3271 2040 civitatem,
3290 1983 3344 2028 et
3359 1982 3576 2047 postera
3600 1979 3709 2050 die,

2118 2076 2125 2081 ’
2611 2058 3199 2122 COMMENTARIUS.

2199 2144 2460 2218 Impletur
2487 2147 2578 2205 hic
2602 2148 2755 2227 illud
2805 2165 2834 2204 a
2879 2144 3117 2207 Domino
3164 2150 3336 2210 Paulo
3356 2153 3564 2210 dictum
3608 2158 3653 2190 "
3690 2174 3706 2217 ι

2131 2260 2148 2292 ι
2187 2239 2394 2296 Sumcit
2424 2240 2522 2297 tibi
2557 2242 2734 2314 gratia
2788 2257 2908 2298 mea
2946 2262 2961 2298 :
2996 2257 3122 2299 nam
3157 2244 3334 2304 virtus
3383 2248 3705 2310 inﬁrmitate

2125 2332 2440 2406 perﬁcitur.
2476 2351 2496 2386 ι

2475 2422 2635 2481 Feria
2664 2425 2697 2481 5
2724 2425 3083 2483 hebdomadas
3106 2428 3334 2499 quintae.

2761 2517 3066 2576 TEXTUS.
3700 2572 3705 2577 .

2196 2610 2485 2682 Profectus
2518 2619 2603 2669 est
2641 2598 2891 2684 (Paulus)
2922 2628 3047 2668 cum
3073 2611 3325 2670 Barnaba
3370 2615 3426 2670 in
3463 2613 3699 2675 Derben.

2124 2703 2373 2776 Cumque
2399 2703 2872 2776 evangelizztssent
2917 2703 3128 2761 civitati
3168 2706 3271 2777 illi,
3292 2714 3347 2762 et
3378 2706 3701 2766 docuissent

2123 2799 2349 2865 multos,
2373 2796 2588 2853 reversi
2630 2805 2760 2851 sunt
2790 2794 3041 2869 Lystram
3067 2804 3121 2854 et
3146 2796 3389 2853 Iconium
3429 2810 3483 2855 et
3502 2801 3696 2857 Antio-

2121 2887 2324 2952 chiam,
2359 2886 2747 2942 conlirmantes
2777 2887 2989 2940 animas
3032 2885 3450 2957 discipulorum,
3492 2890 3695 2947 exhor-

2127 2988 2418 3049 tantesqne
2465 2985 2524 3032 ut
2548 2985 2934 3049 permanerent
2953 2976 3007 3031 in
3033 2976 3137 3033 Ilde
3167 2995 3182 3033 :
3214 2985 3269 3033 et
3298 2981 3555 3049 quoniam
3602 2997 3699 3053 per

2123 3073 2322 3126 multas
2351 3068 2731 3125 tribulationes
2769 3076 2991 3140 oportet
3022 3082 3123 3125 nos
3147 3068 3353 3126 intrare
3382 3071 3437 3125 in
3467 3086 3695 3143 regnum

2123 3158 2242 3216 Dei.
2272 3159 2340 3214 Et
2371 3173 2495 3214 cum
2525 3156 2945 3213 constituissent
2978 3155 3088 3211 illis
3112 3171 3209 3227 per
3241 3155 3488 3228 singulas
3516 3150 3697 3215 eccle-

2121 3252 2234 3310 sias
2283 3251 2656 3322 presbyteros,
2689 3260 2744 3305 et
2796 3257 3052 3304 orassent
3082 3262 3207 3303 cum
3236 3248 3694 3320 jejunationibus,

2120 3342 2646 3399 commendaverunt
2670 3355 2765 3396 eos
2798 3339 3027 3394 Domino
3051 3340 3292 3410 infquem
3320 3341 3695 3404 crediderunt.

2119 3438 2605 3507 Transeuntesque
2667 3433 2952 3499 Pisidiam,
3017 3439 3290 3488 venerunt
3331 3433 3384 3489 in
3429 3432 3700 3509 Pamphy.

2119 3527 2247 3582 liam
2281 3540 2297 3580 :
2329 3534 2384 3582 et
2416 3526 2703 3596 loquentes
2743 3524 2969 3578 verbum
3002 3521 3220 3577 Domini
3261 3521 3316 3577 in
3348 3522 3540 3595 Perge,
3598 3524 3697 3581 deo

2121 3618 2457 3675 scenderunt
2488 3618 2543 3671 in
2574 3615 2836 3670 Attaliam
2870 3631 2884 3668 :
2919 3623 2973 3669 et
2996 3612 3123 3669 inde
3163 3613 3556 3684 navigaverunt
3586 3619 3698 3677 An-

2117 3707 2410 3772 tiochiam,
2456 3706 2604 3761 unde
2634 3715 2797 3760 erant
2836 3702 3024 3758 traditi
3076 3704 3265 3773 gratias
3310 3704 3425 3772 Dei,
3457 3707 3513 3762 in
3556 3721 3698 3778 opus

2115 3800 2265 3871 quod
2303 3798 2740 3875 compleverunt.
2769 3794 2906 3852 Cum
2957 3802 3141 3849 autem
3170 3796 3449 3852 venissent
3480 3807 3533 3854 et
3559 3814 3692 3855 con-

2115 3898 2441 3965 gregassent
2488 3887 2812 3953 Ecclesiam,
2858 3885 3165 3942 retulerunt
3210 3897 3413 3955 quanta
3474 3889 3692 3949 fecisset

2116 3984 2260 4041 Deus
2288 3998 2414 4041 cum
2455 3983 2586 4050 illis,
2625 3990 2681 4038 et
2711 3981 2839 4052 quia
2870 3978 3181 4053 aperuisset
3205 3980 3463 4051 gentibus
3480 3983 3686 4045 ostium

2115 4076 2266 4135 ﬁdei.
2597 4146 2601 4150 ,

2608 4166 3184 4228 COMMENTARIUS.

2184 4263 2370 4331 Quare
2405 4262 2641 4334 apostoli
2681 4277 2869 4334 neque,
2890 4262 2946 4318 in
2974 4261 3179 4334 Cypro,
3211 4277 3389 4333 neque
3415 4261 3474 4318 in
3500 4262 3696 4319 Sama-

2111 4357 2193 4413 ria
2224 4357 2633 4413 constituerunt
2666 4354 3038 4428 presbyteros,
3071 4356 3530 4426 quemadmodum
3591 4358 3695 4414 hoc

2114 4450 2168 4504 in
2191 4447 2350 4505 loco?
2370 4446 2641 4515 Quoniam
2682 4447 2788 4517 illa:
2813 4446 3035 4516 quidem
3062 4447 3319 4516 regiones
3369 4448 3512 4502 haud
3547 4451 3692 4502 mul-

434 4530 641 4586 στόλων
663 4550 679 4564 ·
713 4534 807 4587 καὶ
829 4536 887 4588 ὲν
916 4537 1052 4607 αὐτῇ
1083 4537 1141 4591 δὲ
1169 4542 1234 4611 τῇ
1255 4540 1558 4615 Ἀντιοχείᾳ
1583 4544 1613 4598 ὁ
1640 4545 1801 4616 λόγος
1832 4549 2003 4621 ἐκρά-

2120 4548 2231 4595 tum
2262 4539 2542 4595 distabant
2569 4537 2638 4591 ab
2665 4533 2967 4591 Jerusalem
2996 4537 3142 4591 etab
3162 4537 3428 4608 apostolis
3455 4554 3470 4597 :
3495 4540 3691 4594 Antio-

430 4635 537 4673 τει.
595 4621 863 4678 Ἐνταῦθα
885 4624 944 4680 δὲ
973 4627 1176 4699 πολλῆς
1219 4630 1435 4687 ἐδέοντο
1489 4638 1869 4707 παραμυθίας,
1899 4642 2006 4711 μά-

430 4708 594 4764 λιστα
623 4711 674 4763 οί
708 4711 991 4793 ἐξιὲθνῶν
1038 4716 1352 4786 ὀφείλοντες
1403 4722 1577 4779 πολλὰ
1628 4708 2006 4789 διδάσκεσθαι.

428 4803 774 4872 Σημειωτὲον
800 4805 879 4871 δὲ,
913 4807 999 4861 ὅτι
1059 4810 1108 4861 ol
1152 4811 1284 4882 περὶ
1327 4813 1542 4869 Παῦλον
1588 4819 1683 4872 καὶ
1715 4820 2007 4893 Βαρνάϐαν

424 4894 744 4949 ἐπισκόπων
781 4893 929 4968 εἶχον
959 4899 1139 4966 άξίαν,
1166 4900 1228 4967 ἐξ
1257 4896 1332 4957 ὧν
1392 4908 1765 4979 ἐχειροτόνουν
1810 4915 1873 4967 οὐ
1908 4917 2007 4986 μό-

425 5001 517 5037 νον
547 4986 848 5055 διακόνους,
883 4990 1022 5044 άλλὰ
1044 4993 1140 5046 καὶ
1175 4997 1603 5070 πρεσϐυτέρους,
1635 5005 1729 5058 καὶ
1747 5007 1829 5060 ὅτι
1858 5010 1998 5078 μετὰ

424 5076 692 5145 νηστειῶν
745 5079 840 5132 καὶ
888 5081 1066 5151 εὐχῶν
1105 5084 1325 5141 ἐποίουν
1351 5088 1402 5141 οἱ
1426 5091 1671 5163 μαθηταὶ
1696 5096 1793 5160 τὰς
1821 5076 2001 5171 χειρο-

424 5166 630 5229 τονίας.
693 5170 1093 5242 Σημείωσαιδὲ
1126 5179 1226 5233 καὶ
1274 5179 1456 5247 τοῦτο,
1507 5185 1590 5252 ὁτι
1647 5189 1730 5252 είς
1757 5166 2002 5263 Μίλητον

420 5260 915 5335 ἐχειροτονήθησαν
963 5268 1015 5320 οἱ
1079 5271 1209 5341 περὶ
1275 5271 1564 5347 Βαρνάϐαν
1613 5283 1707 5335 καὶ
1764 5260 1998 5345 Παῦλον.

428 5352 596 5447 bello
617 5353 1038 5429 δὶ.ἀντίγραφον
1100 5359 1282 5435 εὗρον,
1314 5367 1442 5438 ἕχον
1465 5371 1587 5427 ἀντὶ
1617 5375 1886 5447 Μιλήτου,
1917 5382 1998 5446 είς

438 5445 792 5518 Ἀντιόχειαν,
823 5450 853 5504 δ
885 5454 979 5511 καὶ
1002 5457 1424 5531 πειθανώτερον.

499 5645 546 5677 ⁸⁸
570 5643 763 5700 Matth.
790 5661 940 5715 xm,
981 5647 1073 5705 65.
1149 5652 1196 5686 ”
1235 5651 1279 5709 II
1309 5653 1415 5713 Cor
1466 5672 1569 5729 ut,
1604 5659 1659 5716 9.

499 5835 621 5870 eo."
655 5834 808 5907 γοῦν,
882 5838 929 5920 aa
959 5840 1135 5912 παρά.

2109 4635 2249 4691 chize
2278 4641 2459 4688 autem
2501 4630 2733 4686 verbum
2777 4627 2874 4684 Dei
2907 4628 3048 4684 altas
3092 4628 3205 4700 jam
3241 4630 3455 4685 radices
3480 4642 3689 4702 egerat.

2108 4731 2209 4790 Hie
2233 4747 2366 4787 vero
2394 4728 2569 4785 multo
2606 4741 2746 4797 opus
2804 4725 3082 4780 habebant
3119 4724 3341 4789 solatio,
3388 4727 3688 4795 praesertim

2107 4824 2203 4896 qui
2233 4831 2391 4879 erant
2411 4836 2476 4876 ex
2520 4818 2797 4891 gentibus,
2842 4827 3032 4887 utpote
3061 4817 3153 4886 qui
3180 4816 3352 4872 multa
3378 4818 3558 4874 adhuc
3589 4819 3688 4873 ad-

2109 4917 2325 4971 discere
2383 4911 2674 4968 debebant.
2729 4907 3116 4964 Adnotandum
3178 4922 3308 4963 vero
3348 4907 3576 4964 Paulum
3633 4920 3689 4965 et

2109 5005 2414 5061 Barnabam
2447 5001 2610 5075 265
2642 5000 3007 5072 episcopalem
3042 4999 3361 5071 dignitatem
3403 4999 3684 5068 habuisse,

2103 5094 2574 5168 (quandoquidem
2600 5100 2657 5148 et
2684 5092 2949 5146 diaconos
2980 5099 3037 5146 et
3067 5091 3416 5162 presbyteros
3459 5091 3654 5146 ordina
3698 5156 3699 5159 η

2103 5189 2258 5257 bant)
2286 5202 2351 5243 ac
2369 5185 2577 5243 Christi
2607 5184 2912 5256 discipulos
2962 5198 3089 5239 cum
3117 5181 3347 5252 jejuniis
3388 5184 3683 5257 et‘oratio-

2104 5248 2271 5333 nibus
2294 5275 2676 5330 ordinationes
2707 5248 2926 5329 fecisse.
2952 5248 3197 5326 Observa
3250 5270 3415 5324 etiam
3452 5248 3682 5325 Paulum

2106 5379 2162 5423 et
2193 5365 2504 5434 Barnabam
2532 5363 2588 5417 in
2626 5362 2761 5417 urbe
2809 5359 2992 5416 Mileto
3020 5357 3305 5413 ordinatos
3356 5355 3545 5414 fuisse.
3575 5356 3682 5412 Sed

2110 5473 2212 5531 ego
2238 5456 2518 5527 exemplar
2544 5453 2816 5524 quoddam
2840 5452 3072 5525 inveni,
3126 5448 3182 5504 in
3215 5462 3327 5519 quo
3352 5462 3453 5518 pro
3501 5444 3683 5504 Mileto

2108 5551 2416 5608 habebatur
2441 5548 2748 5604 Antiochiae
2774 5565 2789 5602 :
2816 5544 2963 5617 quod
2992 5541 3155 5599 etiam
3190 5549 3274 5598 est.
3302 5538 3678 5603 verisimilius.

1622 5748 2158 5834 Varitelectiones
2198 5754 2261 5815 et
2301 5756 2495 5814 notas.
