4082 6416
365 373 468 434 975
1323 359 1906 426 THEOPHYLACTI
1938 354 2352 419 BULGARi/E
2385 355 2743 418 ARCHIEP.
3524 356 3635 422 975

931 482 1160 540 CAPUT
1203 481 1362 538 XXII.
1975 475 2024 535 A

1975 475 2024 535 Α
2655 468 2904 522 uno“.
2941 469 3067 522 KB‘.

364 578 516 643 Quod
544 577 801 630 sententia
823 584 870 630 et
898 577 1106 630 decreto
1126 574 1488 642 apostolorum
1513 585 1717 624 necesse
1739 583 1842 622 non
1874 566 1944 620 sit

2053 561 2182 616 Ὀτι
2212 563 2283 616 οὐ
2334 559 2430 614 δεῖ
2467 561 2842 628 περιτέμνειν
2874 561 3015 626 τοὺς
3064 559 3132 623 ἐξ
3167 557 3360 613 ἐθνῶν
3388 561 3634 614 πιστεύ-

433 667 806 722 circumcidere
835 668 1055 739 gentiles
1103 669 1172 722 ad
1218 666 1375 737 ﬁdem
1407 665 1730 720 accedentes.
1835 727 1847 737 ⁸

2123 672 2354 721 σαντας
2379 656 2628 726 δόγματι
2645 655 2744 708 καὶ
2777 653 2975 723 κρίσει
3010 651 3126 707 τῶν
3157 653 3537 708 ἀποστόλων.

1076 759 1379 817 TEXTUS.
2653 746 3044 802 KEIMENON.

435 834 696 900 XIV,27;
756 833 875 898 XV,
924 833 1033 888 1-4.
1067 833 1258 886 litorali
1309 840 1440 887 sunt
1493 839 1676 885 autem
1730 836 1949 898 tempus

2125 837 2408 910 Διὲτριϐον
2450 837 2506 891 δὲ
2559 839 2677 891 ἐκεῖ
2738 836 2930 908 χρόνον
2991 837 3094 890 οὐκ
3133 836 3316 906 ὀλίγον
3375 837 3476 890 σὺν
3526 838 3644 901 τοῖς

365 943 474 983 non
527 928 801 980 modicum
838 941 961 982 cum
999 923 1304 994 discipulis.
1349 922 1413 977 Et
1446 923 1668 994 quidam
1720 921 1953 975 descen-

2059 930 2351 1000 μαθηταῖς.
2391 927 2504 982 Καί
2527 945 2674 992 τινες
2704 927 3062 990 κατελθόντες
3095 929 3204 983 ἀπὸ
3234 929 3330 998 τῆς
3349 929 3638 994 Ἰουδαίας,

363 1027 555 1076 dentes
585 1021 652 1075 de
694 1019 880 1075 Judaea
917 1017 1190 1073 docebant
1229 1017 1428 1071 fratres
1461 1033 1475 1070 :
1533 1015 1660 1086 quia
1693 1011 1806 1068 Nisi
1847 1012 1956 1066 cir-

2059 1020 2350 1075 ἐδίδασκον
2373 1022 2499 1084 τοὺς
2527 1020 2814 1096 ἀδελφούς,
2848 1021 2930 1074 ὅτι
2978 1020 3104 1075 Ἐὰν
3135 1021 3210 1092 μὴ
3242 1022 3645 1094 περιτέμνησθε

368 1113 754 1170 cumcidamini
787 1111 1088 1167 secundum
1129 1125 1336 1165 morem
1369 1108 1563 1181 Moysi,
1587 1123 1697 1162 non
1725 1104 1955 1175 potestis

2057 1111 2136 1182 τῷ
2173 1113 2284 1165 ἐθει
2332 1113 2635 1178 Μωῦσέως,
2673 1113 2734 1166 ού
2779 1113 3012 1167 δύνασθε
3046 1114 3312 1184 σωθῆναι.
3338 1114 3648 1184 Γενομένης

369 1206 591 1260 salvari.
628 1203 791 1260 Facta
825 1220 956 1276 ergo
999 1203 1270 1262 seditione
1300 1217 1407 1258 non
1445 1201 1670 1256 minima
1704 1199 1876 1255 Paulo
1904 1205 1958 1253 et

2059 1204 2152 1262 οὖν
2186 1205 2431 1269 στάσεως
2461 1205 2557 1259 καὶ
2595 1207 2953 1278 συζητήσεως
2981 1209 3083 1261 οὐκ
3118 1207 3308 1277 ὀλίγης
3342 1207 3421 1278 τῷ
3453 1207 3652 1276 Παύλῳ

369 1295 635 1350 Barnabze
675 1295 942 1350 adversus
981 1294 1125 1360 illos,
1153 1300 1491 1358 statuerunt,
1515 1302 1573 1348 ut
1597 1290 1959 1346 escenderent

2063 1299 2159 1351 καὶ
2183 1296 2263 1367 τῷ
2292 1298 2553 1369 Βαρνάϐᾳ
2616 1299 2758 1370 πρὸς
2815 1301 3039 1364 αὐτοὺς,
3074 1300 3276 1367 ἔταξαν
3330 1300 3651 1354 ἀναϐαίνειν

368 1388 573 1444 Paulus
603 1395 657 1442 et
681 1387 985 1452 Barnabas,
1019 1397 1075 1442 et
1101 1387 1321 1457 quidam
1359 1385 1449 1440 alii
1474 1401 1538 1440 ex
1569 1385 1698 1450 illis,
1738 1383 1806 1438 ad
1829 1398 1962 1453 apo-

2066 1388 2299 1456 Παῦλον,
2354 1391 2448 1443 καὶ
2491 1389 2803 1461 Βαρνάϐαν.
2836 1392 2930 1446 καί
2969 1407 3119 1455 τινας
3147 1391 3337 1454 ἄλλους
3360 1391 3419 1455 ἐξ
3445 1389 3651 1452 αὐτῶν,

373 1480 547 1536 stolos
593 1488 646 1534 et
679 1480 1034 1550 presbyteros
1063 1478 1119 1532 in
1149 1477 1455 1534 Jerusalem
1487 1493 1654 1548 super
1685 1477 1788 1531 hac
1813 1490 1962 1545 quaa-

2062 1479 2203 1550 πρὸς
2238 1481 2366 1545 τοὺς
2397 1482 2734 1545 ἀποστόλους
2776 1485 2876 1536 καὶ
2907 1483 3320 1554 πρεσϐυτέρους
3351 1484 3431 1545 εἰς
3453 1483 3655 1553 Ἰερου-

369 1572 570 1628 stione.
612 1571 696 1626 Illi
731 1585 864 1642 ergo
890 1571 1112 1626 deducti
1156 1571 1225 1626 ab
1261 1569 1526 1634 Ecclesia,
1557 1567 1964 1640 pertransibunt

2068 1570 2272 1640 σαλὴμ,
2307 1571 2437 1641 περὶ
2463 1571 2556 1624 τοῦ
2576 1571 2892 1643 ζητήματος
2919 1573 3134 1626 τούτου.
3165 1574 3226 1626 Οἱ
3257 1573 3356 1642 μὲν
3388 1571 3483 1625 οῦν
3516 1588 3654 1642 προ-

370 1663 696 1720 Pbcnnicem
743 1672 797 1716 et
824 1662 1155 1728 Samariam,
1194 1672 1489 1718 narrantes
1543 1661 1961 1716 conversionem

2069 1662 2414 1732 πεμφθέντες
2468 1664 2573 1718 ὑπὸ
2641 1665 2742 1732 τῆς
2783 1666 3139 1734 Ἐκκλησίας,
3204 1665 3497 1737 διήρχοντο
3555 1662 3656 1734 τὴν

373 1755 647 1826 gentium,
693 1761 749 1810 et
789 1753 1063 1809 faciebant
1107 1753 1363 1825 gaudium
1404 1767 1662 1823 magnum
1707 1753 1965 1808 Omnibus

2067 1754 2324 1824 Φοινίκην
2383 1755 2478 1808 καὶ
2534 1755 2876 1826 Σαμάρειαν,
2933 1755 3356 1828 ἐκδιηγούμενοι
3402 1756 3503 1826 τὴν
3533 1757 3659 1808 ἐπι-

373 1845 661 1902 fra‘tribus.
697 1846 833 1902 Cum
865 1855 1046 1900 autem
1077 1845 1357 1901 venissent
1395 1844 1818 1915 Jerosolymam,
1868 1857 1963 1899 su-

2073 1845 2317 1917 στροφὴν
2367 1846 2476 1901 τῶν
2535 1847 2738 1903 ἐθνῶν·
2783 1851 2889 1902 καὶ·
2931 1849 3152 1903 ἐποίουν
3197 1849 3374 1920 χαρὰν
3405 1849 3653 1919 μεγάλην

372 1937 544 2008 scepti
595 1944 726 1992 sunt
773 1935 842 1991 ab
871 1933 1119 1992 Ecclesia
1166 1944 1220 1991 et
1265 1935 1334 1990 ab
1373 1936 1642 2004 apostolis
1691 1943 1746 1989 et
1777 1933 1963 1988 senio-

2072 1939 2207 1992 πᾶσι
2237 1941 2349 2004 τοῖς
2381 1940 2652 2010 ἀδελφοῖς.
2682 1941 3130 2014 Παραγενόμενοι
3161 1942 3219 1996 δὲ
3259 1943 3339 2006 εἰς
3385 1941 3659 2013 Ἰερουσα-

373 2029 548 2094 ribus,
578 2027 1201 2098 annuntiantesquanta
1235 2026 1382 2082 Deus
1423 2025 1644 2081 fecisset
1674 2039 1797 2080 cum
1830 2025 1962 2082 illis.

2071 2030 2207 2102 λὴμ,
2266 2031 2649 2104 ἀπεδέχθησαν
2705 2034 2811 2087 ὑπὸ
2863 2035 2964 2105 τῆς
3004 2035 3338 2106 Ἐκκλησίας
3399 2037 3494 2089 καὶ
3548 2034 3659 2087 τῶν

373 2121 690 2176 ἀποστόλων
745 2121 842 2175 καὶ
886 2119 995 2173 τῶν
1049 2119 1459 2189 πρεσϐυτέρων,
1526 2118 1861 2190 ἀνήγγειλάν
1891 2136 1952 2173 τε
1991 2120 2092 2176 ὅσα
2121 2125 2377 2196 ἐποίησεν
2403 2129 2431 2182 ὁ
2466 2127 2600 2192 Θεὸς
2630 2128 2748 2198 μετ’
2781 2128 2988 2193 αὐτῶν,
3015 2131 3112 2183 καί
3177 2130 3261 2184 ὅτι
3327 2129 3509 2200 ήνοιξε
3534 2129 3656 2190 τοῖς

375 2215 555 2270 ἔθνεσι
583 2212 754 2286 θύραν
789 2212 1050 2275 πίστεως.
3661 2209 3664 2212 ’

871 2305 1446 2363 COMMENTARIUS.
2683 2306 3065 2364 EPMHNEIA.

447 2403 738 2473 Quomodo
791 2401 1000 2457 Paulus
1027 2402 1081 2456 in
1115 2400 1361 2472 Epistola
1409 2399 1476 2455 ad
1502 2398 1721 2456 Galatas
1749 2398 1824 2456 ait‘
1869 2403 1916 2436 '°
1952 2420 1963 2454 :

2142 2400 2268 2461 Πῶς
2294 2403 2350 2454 ἐν
2386 2403 2455 2472 τῇ
2489 2399 2628 2472 πρὸς
2676 2399 2928 2460 Γαλάτας
2979 2400 3298 2471 Ἐπιστολῇ,
3342 2419 3361 2452 ι
3391 2400 3530 2454 Οὐδὲ
3568 2401 3665 2456 ἀν-

384 2520 402 2552 ι
438 2499 629 2569 Neque
664 2495 790 2551 veni
835 2497 903 2550 ad
957 2503 1337 2570 antecessores
1381 2509 1533 2549 meos
1567 2496 1850 2564 apostolos
1884 2513 1896 2548 :
1941 2515 1958 2546 ι

2067 2493 2252 2563 ἦλθον,
2301 2493 2488 2563 φησὶν,
2519 2494 2599 2554 εἰς
2631 2491 2985 2563 Ἱεροσόλυμα
3024 2493 3162 2564 πρὸς
3190 2497 3318 2557 τοὺς
3370 2493 3478 2566 πρὸ
3521 2495 3660 2566 ἐμοῦ

378 2605 556 2660 neque
584 2587 793 2643 contuli
831 2585 1190 2656 Evangelium
1225 2585 1369 2656 quod
1419 2585 1661 2656 praedico
1697 2587 1753 2640 in
1785 2588 1964 2657 genti-

2067 2587 2428 2652 ἀποστόλους,
2451 2605 2468 2639 s
2523 2585 2647 2640 οὐδὲ
2697 2586 2976 2658 ἀνεθέμην
3005 2587 3066 2641 τὸ
3105 2587 3461 2657 Εὑαγγέλιον,
3499 2589 3529 2642 ὃ
3561 2607 3666 2659 κη-

379 2684 516 2748 bus;
555 2681 642 2733 hic
669 2686 854 2734 autem
891 2677 1122 2742 dicitur,
1163 2696 1182 2728 ι
1222 2676 1569 2745 Statuerunt,
1603 2685 1661 2732 ut
1696 2680 1966 2735 ascende-

2074 2683 2262 2756 ρύσσω
2290 2685 2350 2736 ὲν
2376 2684 2488 2746 τοῖς
2518 2681 2752 2736 ἔθνεσιν
2786 2676 3025 2736 ἐνταῦθα
3044 2681 3102 2735 δέ
3122 2699 3310 2752 φησιν,
3333 2682 3414 2736 ὅτι
3449 2701 3470 2736 ι
3495 2684 3661 2736 Ἔτα-

380 2782 502 2829 rent
523 2772 723 2827 Paulus
749 2780 803 2824 ct
827 2769 1108 2824 Barnabas
1139 2769 1206 2825 ad
1235 2771 1516 2840 apostolos
1535 2779 1590 2826 et
1616 2773 1968 2843 presbyteros

2076 2778 2174 2844 ξαν
2207 2777 2418 2831 Παῦλον
2455 2777 2551 2832 καὶ
2582 2775 2876 2846 Βαρνάϐαν
2901 2775 3172 2845 ἀναϐῆναι
3207 2779 3287 2840 εἰς
3311 2775 3668 2848 Ἰεροσόλυμα

383 2867 435 2920 in
461 2861 803 2918 Jerusalem?
838 2880 860 2941 ι
910 2861 1328 2932 Respondemus
1361 2862 1560 2932 primo,
1599 2861 1827 2918 Paulum
1859 2878 1969 2918 non

2075 2869 2212 2940 πρὸς
2275 2869 2402 2932 τοὺς
2454 2867 2792 2932 ἀποστόλους
2847 2868 2944 2921 καὶ
2986 2868 3439 2940 πρεσϐυτέρουςς
3489 2887 3507 2921 ι
3553 2870 3664 2922 Καί

382 2955 718 3022 ascendisse,
747 2953 961 3011 scilicet
1017 2969 1060 3009 a.
1093 2956 1417 3026 semetipso,
1461 2957 1555 3012 sed
1595 2956 1664 3011 ab
1689 2956 1811 3011 aliis
1839 2956 1973 3011 mis-

2073 2978 2276 3031 φαμεν,
2331 2962 2415 3015 ὅτι
2477 2961 2693 3032 πρῶτον
2751 2962 2850 3030 μὲν
2873 2961 2974 3014 οὐκ
3031 2961 3196 3026 αὐτὸς
3245 2961 3503 3032 ἀνῆλθεν,
3530 2963 3659 3014 ἀλλ’

383 3065 505 3106 sum
560 3049 754 3104 fuisse.
791 3047 1066 3114 Secundo,
1105 3063 1216 3102 non
1249 3050 1377 3128 illuc
1401 3051 1736 3118 porrexisse,
1765 3059 1826 3105 ut
1855 3049 1975 3120 ipse

2080 3051 2366 3122 ἀπεστάλη
2392 3051 2523 3125 παρ’
2547 3051 2772 3120 ἑτέρωνο
2803 3049 3060 3121 δεύτερον
3089 3049 3167 3115 δὲ,
3209 3049 3290 3102 ὅτι
3324 3049 3388 3101 οὐ
3422 3049 3665 3119 μαθησό-

387 3145 779 3208 instrueretur,
813 3141 909 3197 sed
961 3149 1021 3196 ut
1068 3141 1209 3196 alios
1256 3144 1612 3212 persuaderet
1643 3162 1657 3198 :
1685 3144 1798 3213 jam
1830 3144 1975 3201 enim

2093 3163 2262 3217 μενος
2318 3143 2660 3215 παρεγένετο
2691 3182 2707 3209 ,
2734 3146 2743 3210 ι
2774 3142 2890 3196 ἀλλ’
2944 3143 3168 3215 ἑτέρους
3211 3140 3438 3196 πείσων.
3499 3141 3673 3204 acea;

386 3236 456 3290 ab
480 3234 638 3290 initio
673 3232 728 3287 in
763 3248 825 3288 ea
858 3232 1036 3286 fuerat
1064 3235 1359 3301 sententia,
1395 3250 1558 3305 quam
1604 3245 1792 3306 postea
1849 3250 1978 3306 apo-

2092 3239 2324 3310 μὲνγὰρ
2354 3237 2416 3303 te
2456 3237 2630 3308 αὐτῆς
2695 3236 2797 3305 τῆς
2853 3236 3055 3306 ἀρχῆς,
3099 3233 3306 3306 ταύτης
3361 3234 3540 3306 εἴχετο
3572 3235 3673 3305 τῆς

385 3327 515 3384 stoli
550 3325 908 3390 deﬁnierunt,
963 3342 1160 3396 nempe
1195 3326 1671 3384 circmncidendos
1716 3345 1826 3384 non
1854 3343 1976 3385 esse

2087 3333 2334 3404 γνώμης,
2372 3331 2439 3403 ἣν
2463 3331 2626 3386 καὶοὶ
2661 3329 2953 3385 ἀπόστολοι
2983 3330 3122 3400 μετά
3151 3328 3327 3383 ταῦτα
3354 3328 3675 3400 ὲκυρὼσαν-

385 3421 617 3493 gentiles
649 3419 976 3474 accedentes
1009 3420 1076 3474 ad
1137 3419 1319 3474 ﬁdem.
1364 3418 1636 3485 Quoniam
1669 3437 1800 3477 vero
1837 3421 1983 3477 Pau-

2083 3441 2166 3489 το,
2193 3423 2268 3497 μὴ
2300 3424 2412 3477 δεῖν
2461 3422 2912 3494 περιτέμνεσθαι.
2972 3421 3190 3492 Ἐπειδὴ
3229 3420 3287 3474 δὲ
3335 3422 3435 3473 οὐκ
3499 3420 3675 3474 ἐδόκει

390 3516 474 3566 lus
503 3526 613 3566 non
645 3511 825 3566 adhuc
843 3510 980 3565 satis
1008 3510 1208 3581 dignus
1233 3511 1336 3566 ﬁde
1359 3512 1516 3568 novis
1538 3511 1796 3568 fidelibus
1827 3513 1978 3570 vide-

2084 3517 2224 3580 τέως
2255 3516 2438 3578 αὐτοῖς
2475 3514 2789 3580 ἀξιόπιστος
2804 3509 3024 3584 [sint],
3054 3511 3190 3567 ἀλλὰ
3215 3515 3328 3577 τοῖς
3358 3515 3415 3566 ἐν
3450 3514 3677 3580 Ἱεροσοο

390 3608 569 3667 batur,
595 3603 692 3658 sed
715 3603 860 3672 apud
883 3617 978 3658 eos
1001 3603 1272 3674 praecipua
1291 3614 1408 3660 erat
1423 3605 1806 3662 exsistentium
1821 3605 1981 3664 Jero—

2085 3609 2281 3680 λύμοις
2309 3608 2626 3680 προσεῖχον,
2660 3605 2917 3676 ἀνῆλθεν,
2948 3606 3049 3657 οὐκ
3078 3595 3240 3668 αὑτός
3265 3622 3317 3658 τι
3338 3605 3676 3675 εἰσόμενοςη

388 3693 615 3764 solymis
663 3693 1014 3761 auctoritas;
1059 3704 1350 3764 propterea
1380 3697 1511 3752 illuc
1555 3697 1835 3767 profectus
1873 3708 1981 3768 est,

2086 3701 2292 3764 πλεῖον,
2347 3698 2485 3753 ἀλλά
2517 3697 2723 3752 πείσων
2755 3698 2883 3762 τοὺς
2926 3682 3327 3766 ἀντιλέγοντας,
3359 3698 3441 3751 ὅτι
3491 3695 3588 3751 καὶ
3618 3696 3678 3748 ὲν

391 3802 498 3842 non
534 3796 594 3842 ut
639 3786 756 3858 ipse
805 3787 1275 3857 persuaderetur,
1314 3789 1410 3845 sed
1444 3798 1503 3846 ut
1543 3793 1984 3851 contradicentes

1543 3793 1984 3851 contradicentes
2100 3793 2495 3866 Ἱεροσολύμοις
2517 3790 2733 3856 τούτοις
2770 3790 3120 3862 ψηφίζονται.

391 3895 686 3952 persuasos
720 3879 974 3936 redderet
1007 3894 1076 3936 ex
1105 3895 1192 3948 eo,
1225 3881 1374 3951 quod
1413 3881 1664 3952 ejusdem
1699 3886 1986 3944 sententia

388 3980 574 4030 essent
603 3973 767 4029 etiam
800 3972 894 4044 qui
927 3972 1292 4046 Jerosolymis
1317 3981 1694 4032 morabantur.
3237 4026 3241 4032 .

639 4064 805 4136 266
843 4064 1003 4120 Feria
1033 4066 1066 4120 6
1109 4066 1466 4124 hebdomadas
1508 4069 1736 4139 quintae.

2374 4066 2453 4136 Τῇ
2488 4065 2815 4135 παρασκευῇ
2859 4061 2960 4133 τῆς
2991 4069 3030 4116 ε’
3075 4062 3391 4133 ἑϐδομάδος.

1029 4154 1334 4213 TBXTUS.

2689 4153 3079 4210 ΚΕΙΜΕΝΟΝ..

463 4246 582 4313 XV,
607 4248 766 4304 5-12.
801 4246 1179 4304 Surrexerunt
1225 4257 1409 4307 autem
1441 4250 1668 4320 quidam
1693 4254 1761 4308 de
1791 4253 1988 4311 haeresi

2179 4247 2577 4317 Ἐξανέστησαν
2599 4245 2656 4300 δέ
2681 4263 2825 4310 τινες
2851 4245 2962 4298 τῶν
3005 4245 3116 4298 ἀπὸ
3139 4245 3238 4315 τῆς
3268 4244 3539 4318 αἱρέσεως
3569 4240 3691 4301 τῶν

388 4340 820 4408 Pharisaeorum,
852 4340 946 4410 qui
963 4339 1338 4407 crediderunt,
1362 4340 1632 4408 dicentes,
1655 4345 1786 4414 quia
1813 4343 1989 4414 Opor-

2101 4341 2409 4414 Φαρισαίων
2456 4339 2904 4401 πεπιστευκότες,
2961 4337 3231 4408 ant-tog,
3263 4339 3345 4392 ὅτι
3391 4341 3485 4394 Δεῖ
3522 4357 3713 4421 περι-ι

394 4443 474 4490 tet
504 4433 828 4490 circumcidi
857 4447 977 4500 eos,
1015 4433 1314 4506 praecipere
1328 4449 1550 4506 quoque
1573 4451 1795 4494 servare
1817 4437 1989 4506 legem

2102 4438 2317 4507 τέμνειν
2368 4433 2590 4499 αὐτοὺς,
2632 4431 3037 4503 παραγγέλλειν
3064 4449 3125 4486 τε
3164 4437 3354 4505 τηρεῖν
3393 4433 3488 4488 τὸν
3519 4435 3714 4526 νόμιονἰ

397 4530 592 4603 Moysi.
625 4532 1122 4602 Conveneruntque
1163 4532 1396 4603 apostoli
1428 4539 1484 4587 et
1521 4532 1773 4588 seniores
1803 4533 1992 4589 videre

2103 4524 2395 4586 Μωῦσέως.
2435 4523 2790 4595 Συνήχθησαν
2819 4522 2876 4576 δὲ
2905 4523 2954 4576 οἱ
2977 4523 3267 4577 ἀπόστολοι
3295 4525 3392 4577 καὶ
3429 4526 3479 4578 οἱ
3547 4543 3684 4594 πρε·

397 4629 466 4682 de
492 4626 656 4682 verbo
685 4627 809 4684 hoc.
843 4625 980 4681 Cum
1008 4633 1191 4682 autem
1223 4641 1421 4698 magna
1451 4623 1786 4697 conquisitio
1816 4626 1990 4693 ﬂeret,

2099 4617 2352 4688 σϐύτεροι
2381 4615 2512 4670 ἰδεῖν
2538 4614 2672 4684 περὶ
2701 4611 2796 4665 τοῦ
2829 4612 2990 4677 λόγου
3019 4611 3236 4666 τούτου.
3268 4612 3475 4683 Πολλῆς
3506 4613 3561 4667 δὲ
3600 4609 3709 4696 συθ

397 4707 628 4786 surgens
663 4718 858 4776 Petrus
888 4717 1032 4775 dixit
1051 4717 1122 4774 ad
1154 4733 1249 4775 eos
1277 4733 1292 4773 :
1325 4717 1442 4774 Viri
1469 4719 1685 4784 fratres,
1713 4733 1810 4775 vos
1839 4718 1992 4777 scitis

2099 4711 2383 4782 ζητήσεως
2443 4707 2770 4776 γενομένης,
2819 4705 3063 4768 ἁναστάς
3117 4705 3323 4775 Πέτρος
3371 4700 3492 4758 εἷπε
3546 4709 3685 4776 πρὸς

398 4811 664 4878 Quoniam
705 4810 774 4866 ab
805 4810 1049 4882 antiquis
1086 4812 1280 4868 diebus
1326 4811 1474 4869 Deus
1502 4813 1562 4868 in
1604 4811 1765 4867 nobis
1807 4809 1991 4880 elegit,

2093 4803 2312 4865 αὐτούς’
2347 4799 2575 4868 ’Ἄνδρες
2622 4797 2870 4866 ἀδελφοὶ,
2901 4797 3060 4868 ὑμεῖς
3089 4797 3416 4863 ἐπίστασθε,
3469 4800 3551 4852 ὅτι
3586 4803 3682 4869 ἀφ’

401 4914 497 4968 per
543 4913 606 4955 os
661 4914 841 4953 meum
876 4900 1068 4956 audire
1115 4912 1309 4975 gentes
1341 4903 1571 4958 verbum
1602 4901 1910 4972 Evangelii,
1942 4911 1997 4957 et

2093 4895 2318 4967 ἡμερῶν
2375 4893 2621 4963 ἀρχαίων
2656 4891 2684 4944 ὁ
2716 4889 2848 4952 Θεὸς
2877 4891 2936 4942 ἐν
2961 4891 3097 4959 ἡμῖν
3149 4889 3433 4958 ἐξελέξατο
3457 4891 3545 4944 διὰ
3585 4892 3682 4944 τοῦ

400 4989 650 5045 credere.
701 4989 769 5045 Et
824 4993 921 5061 qui
973 4994 1127 5049 novit
1179 4995 1350 5050 corda
1409 4993 1578 5061 Deus,
1621 4993 1997 5051 testimonium

2101 4987 2373 5058 στόματός
2409 5001 2513 5056 μου
2560 4981 2798 5038 ἀκοῦσαι
2835 4981 2905 5036 τά
2927 4981 3058 5052 ἔθνη
3088 4981 3180 5036 τὸν
3203 4982 3363 5052 λόγον
3385 4983 3480 5037 τοῦ
3505 4985 3687 5052 Εὐαγ-

406 5082 702 5152 perbibuit,
731 5084 870 5140 dans
895 5085 1007 5142 illis
1040 5083 1310 5158 Spiritum
1340 5095 1615 5153 sanctum,
1643 5086 1789 5143 sicut
1811 5095 1864 5142 et
1894 5100 1998 5142 no-

2100 5079 2306 5150 γελιου,
2355 5078 2452 5132 καὶ
2497 5076 2809 5130 πιστεῦσαι.
2877 5075 2989 5129 Καὶ
3022 5075 3518 5147 ὁκαρδιογνώστης
3552 5079 3689 5141 Θεὸς

405 5176 507 5241 bis,
527 5185 583 5230 et
607 5175 743 5230 nihil
763 5178 1181 5236 discrevitinter
1210 5180 1539 5249 nosjetillos,
1571 5179 1676 5236 ﬁde
1695 5179 1992 5249 purificans

2101 5172 2491 5244 ἐμαρτύρησεν
2521 5169 2730 5234 αὐτοῖς,
2758 5168 2884 5232 δοὺς
2903 5168 3088 5232 αὐτοῖς
3110 5168 3172 5223 τὸ
3187 5168 3416 5239 Πνεῦμα
3444 5171 3507 5223 τὸ
3530 5169 3687 5239 ἀγιον

401 5267 568 5322 corda
595 5257 810 5324 eorum.
839 5268 999 5324 Nunc
1031 5284 1159 5340 ergo
1190 5272 1320 5340 quid
1346 5272 1572 5328 tentatis
1598 5269 1788 5337 Deum,
1815 5269 1996 5339 impo-

2103 5265 2286 5329 καθὼς
2311 5266 2405 5318 καὶ
2428 5265 2584 5334 ἡμῖν.
2610 5259 2718 5316 Καὶ
2747 5261 2904 5316 οὐδὲν
2937 5262 3174 5334 διέκρινε
3203 5261 3412 5332 μεταξὺ
3443 5265 3476 5334 ή
3487 5263 3603 5333 μῶν
3627 5281 3688 5316 τε

404 5374 534 5414 nere
549 5358 744 5430 jugum
759 5375 928 5432 super
946 5363 1188 5419 cervices
1210 5363 1631 5434 discipulorum,
1647 5361 1794 5434 quod
1817 5377 1996 5432 neque

2103 5361 2200 5414 xui.
2225 5358 2429 5422 αὐτῶν,
2458 5359 2529 5428 τῇ
2552 5355 2740 5410 πίστει
2769 5355 3078 5430 καθαρίσας
3107 5358 3206 5422 τὰς
3229 5357 3460 5429 καρδίας
3483 5357 3686 5416 αὐτῶν.

404 5459 589 5518 patres
635 5453 838 5523 nostri,
887 5469 1071 5528 neque
1120 5472 1222 5514 nos
1253 5466 1475 5528 portare
1512 5456 1846 5528 potuimus?
1887 5454 1992 5510 Sed

2105 5453 2219 5507 Νῦν
2250 5451 2342 5505 οὖν
2371 5453 2424 5504 τί
2456 5449 2748 5522 πειράζετε
2787 5451 2882 5505 τὸν
2907 5451 3064 5518 Θεὸν,
3098 5451 3368 5507 ἐπιθεῖναι
3393 5451 3559 5522 ζυγὸν
3592 5454 3689 5507 ἐπὶ

476 5635 522 5666 ⁷⁰
563 5633 742 5689 Galat.
766 5652 805 5700 ι,
837 5636 925 5689 17.

1616 5728 1821 5788 Variae
1865 5725 2172 5790 lectiones
2211 5732 2272 5786 et
2321 5709 2516 5789 neten.

483 5827 528 5858 ³³
566 5826 911 5896 πεισόμενος.
