4082 6414
431 422 536 485 977

1106 424 1648 489 EXPOSITIONIS
1674 429 1756 491 IN
1792 428 1979 489 ACTA
2013 427 2316 492 TEXTUS
2343 427 2609 493 ALTER.
2638 455 2704 468 -—
2737 431 2898 496 CAP.
2932 393 3056 496 xv.

3625 435 3730 500 978
3783 444 3793 453 ‘

435 540 528 591 τὸν
585 537 862 608 τράχηλον
914 537 1026 593 τῶν
1085 540 1370 612 μαθητῶν,
1424 541 1484 594 ὃν
1522 539 1648 596 οὔτε
1686 543 1735 595 οἱ
1793 543 2031 612 πατέρες

2157 560 2233 600 lel'
2273 547 2504 616 gratiam
2540 546 2756 602 Domini
2796 547 2924 605 Jesu
2957 548 3164 607 Christi
3193 550 3475 607 credimus
3507 552 3728 618 salvari,

435 629 614 700 ήμῶν,
663 630 791 684 οὔτε
829 633 998 703 ἡμεῖς
1047 632 1356 703 ἰσχύσαμεν
1394 633 1708 704 βαστάσαις
1747 635 1910 688 Ἀλλὰ
1940 635 2029 688 διὰ

437 723 536 792 τῆς
569 722 795 793 χάριτος
843 723 939 777 τοῦ
967 725 1178 795 Κυρίου
1214 725 1394 796 Ἰησοῦ
1421 727 1662 799 Χριστοῦ
1699 725 2032 797 πιστεύομεν

440 816 702 886 σωθῆναι,
738 814 857 870 καθ’
888 817 947 871 δν
973 819 1177 889 τρόπον
1209 822 1477 875 κάκεῖνοι.
1523 821 1784 891 Ἐσίγησε
1809 821 1864 874 δὲ
1886 821 2033 876 ἅπαν

436 909 498 962 τὸ
529 910 758 980 πλῆθος,
793 911 887 965 καὶ
911 912 1110 984 ἤκουον
1141 911 1393 983 Βαρνάϐα
1437 894 1533 968 καὶ
1563 914 1777 969 Παύλου
1803 914 2036 984 ἐξηγου-

445 1005 622 1073 μένων
657 1006 760 1059 ὅσα
821 1007 1081 1078 ἐποίησεν
1113 1011 1141 1063 ό
1179 1009 1314 1073 Θεὸς
1353 1012 1558 1081 σημεῖα
1611 1009 1707 1063 καὶ
1732 1010 1942 1081 τέρατα
1975 1012 2034 1061 ἐν

441 1100 556 1162 τοῖς
607 1098 789 1152 ἔθνεσι
821 1099 888 1154 δι’
919 1100 1120 1157 αὐτῶν,

1055 1195 1440 1251 ΕΡΜΗΝΕΙΑ.

517 1287 630 1355 Οὐχ
655 1287 705 1340 οἱ
737 1286 845 1340 ἀπὸ
873 1287 1046 1341 ἐθνῶν
1087 1289 1294 1357 πιστοὶ,
1361 1288 1480 1341 ἀλλ’
1506 1288 1556 1342 οἱ
1579 1287 1688 1343 ἀπὸ
1742 1288 2034 1353 Ἰουδαίων,

410 1344 694 1506 ιὰπῄτουν
722 1381 852 1444 τοὺς
899 1382 1131 1444 πιστοὺς
1175 1381 1636 1451 περιτέμνεσθαι,
1665 1383 1764 1437 καὶ
1804 1385 1871 1436 τὰ
1901 1383 2038 1438 ἄλλα

442 1475 510 1506 ..ι
533 1473 628 1506 ...ηπ
653 1473 820 1506 .,.ι.....
845 1473 1085 1506 μων.νῆ
1110 1476 1286 1506 ...νει-ς.
1307 1490 1320 1502 .
1349 1473 1444 1506 λιι,
1500 1473 1576 1506 ,ιη
1605 1474 1744 1506 ut-..
1765 1475 2037 1506 πάνυ...

442 1475 512 1527 τὲ
533 1473 628 1546 τοῦ
653 1473 820 1544 νόμου
845 1473 1087 1544 σαρκικὰ
1110 1476 1286 1528 ποιεῖν
1307 1490 1320 1502 θ
1349 1473 1467 1540 οὓς,
1500 1473 1576 1538 ὡς
1605 1474 1744 1529 ἰδίαν
1765 1475 2037 1546 καύχησιν

453 1513 512 1527 ...
544 1513 627 1527 ,νυ
663 1513 820 1544 ,νεη-
846 1513 1087 1544 "ru"...
1118 1513 1283 1528 ..νων
1351 1513 1467 1540 νυν,
1501 1513 1574 1538 ω,
1605 1513 1741 1529 ιω...
1768 1513 2037 1546 ..νυνι-,νη

419 1513 702 1634 ἐθέλοντας
743 1562 1099 1634 περιτέμνειν
1123 1564 1250 1626 τοὺς
1298 1566 1546 1628 πιστοὺς,
1577 1565 1678 1619 οὐκ
1707 1564 2040 1629 ἀπεδέξαντο

414 1620 495 1732 ἰοί
532 1656 798 1726 μαθηταὶ,
854 1655 936 1711 ἔτι
983 1658 1082 1710 καὶ
1115 1657 1270 1710 αὐτοὶ
1316 1657 1380 1710 ὲκ
1405 1660 1718 1728 περιτομῆς
1748 1657 1901 1722 ὄντες
1929 1675 1943 1690 ·
1976 1659 2039 1712 οὐ

444 1749 556 1819 γὰρ
582 1748 640 1801 τὸ
669 1747 878 1801 ἑαυτῶν
925 1748 1179 1818 ἐζήτουν,
1249 1746 1386 1800 ἀλλὰ
1439 1748 1498 1801 τὸ
1555 1749 1886 1817 κοινωφελὲς
1941 1749 2038 1803 τοῦ

447 1842 658 1911 κόσμου
699 1841 797 1896 καὶ
851 1844 1143 1910 σωτήριον.
1187 1860 1206 1893 ι
1239 1841 1470 1912 Ἀνδρες
1523 1842 1764 1911 ἀδελφοί.
1794 1861 1813 1893 ι
1876 1843 2040 1904 Ἴσως

447 1932 714 2003 παρῆσαν
743 1931 793 1985 οἱ
827 1931 1230 2000 ἐγκαλέσαντες
1295 1929 1445 2000 αὐτῷ
1475 1931 1646 1984 πάλαι
1701 1931 1792 1983 ἐπὶ
1827 1932 2040 2000 Κορνη-

447 2025 589 2090 λίου,
612 2024 709 2078 καὶ
732 2023 1073 2086 εἰσελθόντες
1106 2023 1242 2093 πρὸς
1305 2023 1526 2089 αὐτοὺς,
1565 2024 1806 2093 παράγει
1841 2023 2038 2086 αὐτοὺς

452 2120 761 2192 μάρτυρας.
810 2117 876 2172 Τί
906 2119 961 2171 δέ
1022 2120 1139 2170 ἐστι
1180 2117 1266 2178 τὸ,
1344 2135 1364 2169 ‹
1405 2119 1462 2170 ἐν
1493 2117 1622 2187 ὑμῖν
1674 2116 1992 2183 ὲξελέξατο;
2019 2137 2035 2169 ι

410 2213 608 2268 ’Τοῦτ’
650 2212 819 2278 ἐστιν,
881 2212 940 2264 ὲν
980 2212 1339 2292 ξῐαλαιστίνῃ,
1512 2210 1801 2281 παρόντων
1860 2209 2039 2278 ὑμῶν.

455 2325 475 2358 ι
499 2305 612 2359 Καὶ
639 2304 700 2357 οὐ
726 2303 964 2374 διέκρινε
997 2302 1226 2373 μεταξὺ,
1259 2301 1417 2372 φησὶ,
1444 2301 1605 2372 ἡμῶν
1625 2318 1684 2354 τε
1719 2301 1813 2354 καὶ
1840 2300 2042 2367 αὐτῶν,

449 2399 574 2461 δοὺς
635 2397 821 2460 αὐτοῖς
850 2395 911 2448 τὸ
941 2394 1167 2464 Πνεῦμα
1188 2393 1250 2447 τὸ
1277 2394 1434 2461 ἅγιον
1498 2393 1681 2458 καθὼς
1704 2419 1720 2435 ο
1740 2394 1834 2447 καὶ
1887 2393 2043 2464 ἡμῖν,

451 2493 520 2562 τῇ
565 2490 750 2543 πίστει
801 2487 1106 2559 καθαρίσας
1134 2487 1234 2551 τὰς
1293 2486 1523 2560 καρδίας
1564 2485 1778 2540 αύτῶνο
1818 2507 1836 2539 ι
1871 2505 2045 2551 ⁸τουτ-

454 2585 572 2635 έστι
627 2581 971 2653 καθαρισμὸν
1052 2580 1288 2651 ποιήσας
1352 2577 1618 2643 τῶνάπὸ
1660 2581 1758 2649 τῆς
1823 2579 2049 2653 καρδίας

455 2673 638 2729 αὐτῶν
677 2649 931 2742 ἐξιόντων
987 2649 1500 2748 ἁμαρτιῶναοῦτος
1558 2672 1615 2726 δὲ
1638 2673 1666 2726 ὁ
1701 2649 2050 2743 καθαρισμδς

456 2765 604 2820 ἔοικε
626 2769 689 2836 τῇ
725 2767 1020 2837 περιτομῇ,
1053 2763 1146 2818 καὶ
1161 2765 1281 2818 ἀντὶ
1305 2765 1403 2836 τῆς
1432 2765 1490 2818 ὲν
1517 2765 1685 2836 σαρκὶ
1746 2767 2051 2835 περιτομῆς

457 2859 718 2930 δίδοταιή
770 2859 829 2912 ἐν
877 2858 1158 2929 Πνεύματι
1201 2855 1500 2929 περιτομὴ,
1556 2855 1939 2928 καθαρίζουσα
1981 2859 2048 2928 τῇ

460 2952 644 3015 πίστει
671 2953 738 3020 τῇ
777 2951 857 3014 εἰς
881 2949 1119 3021 Χριστὸν
1157 2949 1225 3003 τὰ
1283 2949 1523 3020 κρυπτά.
1555 2949 1678 3002 ’Ὁτι
1712 2949 1770 3002 δὲ
1800 2948 1862 3002 ού
1907 2965 2054 3013 κοιν-

459 3043 684 3116 ωφελὴς
711 3045 745 3114 ἡ
772 3044 829 3096 ὲν
855 3044 1019 3114 σαρκὶ
1047 3041 1347 3113 περιτομὴ,
1366 3040 1620 3116 ἐντεῦθεν
1645 3041 1945 3104 δείκνυται,
1971 3043 2054 3096 ὃτι

463 3129 614 3200 μόνῳ
652 3129 728 3199 τῷ
763 3130 952 3201 ἄρρενι
1009 3130 1190 3200 ἐδόθη.
1229 3131 1316 3183 Ἐν
1355 3131 1410 3183 δὲ
1454 3129 1678 3202 Χριστῷ
1739 3130 1918 3201 Ἰησοῦ
1979 3133 2047 3203 τῇ

2139 640 2606 709 quemadmodum
2629 649 2685 696 et
2711 642 2807 697 illi.
2843 640 3244 699 Taruttautem
3274 645 3457 700 omnis
3476 644 3729 699 multitu-

2139 735 2209 788 do
2240 751 2252 790 :
2287 744 2340 788 et
2389 736 2688 790 audiebant
2724 736 3030 792 Barnabam
3081 746 3132 791 et
3170 737 3399 793 Paulum
3441 750 3730 793 narrantes

2140 836 2346 894 quanta
2383 825 2525 881 Deus
2557 825 2778 884 fecisset
2820 828 2974 898 signa
3009 839 3062 884 et
3086 829 3332 900 prodigia
3364 830 3418 885 in
3473 830 3730 902 gentibus

2142 930 2239 986 per
2270 931 2387 971 eos.

2661 1184 3225 1242 COMMENTARIUS.

2212 1276 2328 1332 Non
2380 1277 2474 1343 qui
2525 1293 2592 1332 ex
2644 1279 2942 1350 gentilibus
2995 1280 3366 1345 crediderant,
3411 1280 3503 1335 sed
3547 1281 3638 1349 qui
3670 1296 3735 1334 et

2140 1369 2365 1436 ludatis,
2419 1371 2675 1427 volebant
2729 1372 2918 1428 ﬁdeles
2959 1373 3300 1439 circumcidi,
3351 1384 3406 1428 et
3446 1373 3551 1427 alia
3603 1372 3737 1443 legis

2144 1465 2388 1519 carnalia
2433 1454 2778 1533 observare;
2814 1466 3036 1536 quibus,
3079 1474 3268 1536 utpote
3319 1466 3592 1536 propriam
3623 1465 3741 1535 glo-

2143 1555 2280 1609 riam
2308 1554 2360 1608 in
2391 1554 2628 1609 ﬁdelium
2658 1555 3083 1611 circumcisione
3107 1557 3498 1626 quaerentibus,
3525 1555 3738 1610 assensi

2145 1661 2256 1700 non
2307 1654 2438 1700 sunt
2471 1647 2676 1702 Christi
2728 1646 3011 1716 discipuli,
3043 1661 3359 1716 quanquam
3401 1645 3436 1699 ii
3469 1646 3633 1700 etiam
3673 1660 3741 1700 ex

2147 1738 2574 1794 circumcisione
2607 1748 2799 1795 essent
2830 1756 2843 1794 :
2881 1742 3009 1809 quia
3040 1755 3147 1793 non
3180 1740 3410 1809 gloriam
3435 1754 3613 1801 suam,
3646 1737 3740 1792 sed

2144 1844 2493 1884 communem
2521 1831 2812 1886 utilitatem
2847 1839 2901 1887 et
2933 1832 3164 1886 salutem
3203 1832 3363 1886 unice
3399 1831 3738 1901 quaerebant.

2151 1942 2169 1974 ι
2210 1919 2318 1977 Viri
2355 1922 2576 1978 fratres.
2619 1942 2637 1975 ι
2684 1922 2851 1979 Forte
2901 1923 3132 1980 aderant
3183 1925 3240 1989 ii,
3277 1927 3370 1996 qui
3415 1924 3634 1979 Petrum
3671 1925 3743 1979 ob

2146 2016 2355 2070 factum
2383 2015 2622 2071 Cornelii
2656 2016 3146 2084 reprehenderant,
3186 2032 3392 2088 eOSque
3417 2025 3589 2074 testes
3621 2033 3744 2088 pro-

2146 2109 2318 2162 ducit.
2352 2107 2493 2174 Quid
2535 2119 2718 2164 autem
2763 2119 2846 2164 est
2884 2109 3016 2164 illud
3055 2127 3069 2165 :
3117 2127 3137 2161 (
3183 2109 3236 2164 in
3271 2111 3425 2163 nobis
3457 2108 3674 2180 elegit?
3721 2126 3738 2159 ι

2147 2201 2352 2270 Nempe
2376 2205 2430 2256 in
2455 2201 2764 2266 Palmstina,
2799 2203 3298 2273 vel,,praasentibus
3331 2202 3506 2256 vobis.
3549 2221 3568 2253 ι
3597 2199 3744 2256 Nihil

2149 2295 2432 2358 discrevit,
2462 2295 2664 2364 inquit,
2693 2295 2835 2350 inter
2862 2310 2962 2348 nos
2995 2302 3050 2349 et
3088 2295 3232 2361 illos,
3261 2295 3400 2350 dans
3441 2295 3550 2349 illis
3571 2293 3746 2362 Spiri-

2155 2399 2267 2443 tum
2301 2398 2582 2446 sanctum.
2612 2389 2759 2443 sicut
2797 2397 2850 2443 et
2886 2388 3068 2455 nobis,
3111 2387 3217 2442 ﬁde
3246 2388 3546 2459 puriﬁcans
3573 2383 3746 2441 corda

2151 2495 2372 2547 eorum;
2405 2499 2425 2533 ι
2457 2482 2557 2538 hoc
2578 2480 3077 2551 cst,purgationem
3105 2480 3374 2538 faciens“
3395 2487 3744 2551 peccatorum

2152 2589 2274 2644 qua:
2303 2589 2368 2628 ex
2387 2573 2548 2628 corde
2561 2583 2791 2628 exeunt.
2855 2572 2979 2627 lltec
3025 2583 3208 2628 autem
3240 2573 3492 2644 purgatio
3522 2584 3752 2641 respon-

2155 2667 2248 2722 det
2297 2667 2712 2720 cirrumcisioni
2751 2684 2764 2722 :
2819 2675 2876 2720 et
2934 2682 3034 2736 pro
3077 2666 3504 2721 circumcisione
3543 2664 3749 2722 carnali

2154 2761 2317 2815 datur
2341 2759 2691 2814 circumcisio
2716 2758 3042 2828 spiritualis,
3071 2773 3192 2827 qua!
3236 2756 3340 2812 ﬁde
3385 2750 3749 2836 in_Christum

2154 2853 2410 2922 puriticat
2459 2850 2780 2906 abscondita
2827 2852 3034 2906 cordis.
3085 2851 3242 2917 Quod
3274 2866 3407 2906 vero
3440 2851 3751 2907 communis

2156 2945 2412 3000 utilitatis
2442 2959 2552 3000 non
2584 2955 2725 3000 esset
2745 2945 3100 3000 circumcisio
3131 2943 3337 3014 carnis,
3368 2943 3564 3000 exinde
3592 2959 3752 3000 mon-

2158 3045 2388 3102 stratur,
2423 3038 2568 3108 quod
2594 3038 2696 3094 soli
2732 3052 2914 3092 mares
2941 3038 3069 3092 olim
3099 3037 3666 3092 circumciderentur:
3698 3044 3754 3093 et

2158 3129 2214 3185 in
2247 3129 2467 3185 Christo
2501 3128 2631 3185 Jesu
2665 3144 2901 3199 veraque
2933 3127 3036 3184 ﬁde
3057 3130 3104 3162 τ’
3139 3147 3156 3179 ι
3181 3127 3300 3183 Non
3331 3137 3414 3184 est
3448 3129 3751 3194 masculus,

462 3221 691 3292 ἀληθινῇ
717 3223 922 3287 πίστει,
968 3241 986 3274 ι
1014 3224 1130 3277 Ούκ
1159 3221 1237 3276 ἔνι
1274 3223 1446 3294 ἄρρεν
1487 3225 1582 3277 καὶ
1633 3219 1790 3293 θῆλυ,
1841 3224 1942 3278 ούκ
1974 3224 2050 3278 ἔνι

2162 3238 2338 3293 neque
2363 3221 2584 3286 femina,
2610 3237 2717 3277 non
2750 3237 2966 3289 servus,
2985 3237 3163 3291 neque
3193 3221 3350 3286 liber,
3382 3237 3488 3276 non
3509 3221 3752 3286 Graecus,

461 3303 1038 3386 δοῦλοςῆὲλεύθερος,
1115 3315 1216 3368 ούκ
1266 3313 1346 3368 ἔνι
1405 3313 1609 3385 Ἕλλην
1673 3315 1707 3385 ἢ
1752 3315 2052 3387 βάρϐαρος,

463 3404 606 3462 ἀλλὰ
662 3409 865 3476 πάντες
899 3406 960 3460 ἓν
997 3411 1186 3476 ἐσμεν.
1209 3425 1228 3459 ι
1257 3438 1327 3449 -
1385 3428 1400 3458 ι
1434 3407 1549 3461 Νῦν
1578 3407 1671 3461 οὖν
1692 3407 1780 3474 τί;
1818 3427 1837 3460 ι
1883 3408 2054 3462 Τουτ-

469 3501 608 3566 ἐστι,
736 3500 1020 3554 ἀπιστεῖτε
1189 3498 1333 3571 Θεῷ,
1368 3498 1444 3562 ὡς
1481 3501 1581 3554 οὐκ
1606 3501 1869 3571 ἰσχύοντι,
1900 3503 2055 3572 φησὶ,

469 3592 646 3646 σῶσαι
682 3595 748 3663 τῇ
797 3593 982 3645 πίστει
1037 3592 1165 3656 τοὺς
1217 3593 1694 3664 προσερχομένους
1729 3592 1912 3662 aeui);
1958 3594 2063 3663 Ση-

469 3684 733 3757 μειωτέον
765 3683 841 3747 δὲ,
873 3685 955 3738 δτι
992 3685 1062 3737 τὰ
1091 3683 1517 3749 δυσκατόρθωτα
1577 3684 1930 3752 ἐπιτάγματα
1956 3686 2063 3753 τῆς

473 3779 678 3851 σαρκὸς
706 3779 767 3832 ού
792 3779 875 3832 δεῖ
900 3779 1131 3851 ἐπικλᾷν
1155 3795 1324 3843 τισιν,
1357 3773 1467 3830 οἷον
1499 3777 1678 3849 ἄκραν
1714 3777 1995 3847 νηστείαν,
2027 3777 2060 3845 ἢ

468 3873 806 3944 γυμνότητα,
848 3871 882 3941 ἢ
940 3873 1172 3941 σιωπὴν,
1207 3871 1255 3923 εί
1288 3871 1362 3940 μή
1386 3869 1440 3922 τί
1472 3869 1534 3938 γέ
1568 3887 1652 3934 τις
1681 3869 1862 3940 ἐαυτῷ
1888 3868 2062 3923 ταῦτα

471 3965 725 4037 ἐπιτάξῃ.
754 3965 821 4017 Εἰ
847 3965 956 4034 γὰρ
1009 3965 1102 4017 καὶ
1153 3963 1410 4033 δυσχερῆ,
1463 3961 1598 4016 ἀλλὰ
1642 3960 1749 4033 μὴν
1771 3962 1831 4015 ού
1861 3978 2064 4032 κατορ-

472 4055 728 4125 θώματα,
762 4054 860 4109 ttat
917 4054 1177 4124 γινόμενα
1206 4055 1312 4107 ὑπὸ
1337 4052 1546 4107 πολλῶν
1584 4052 1679 4107 καὶ
1692 4054 1751 4105 ού
1777 4053 2062 4123 γινόμενα.

479 4166 499 4198 ι
537 4146 699 4201 Ἀλλὰ
721 4147 806 4200 διὰ
839 4148 942 4219 τῆς
966 4147 1189 4218 χάριτος
1213 4145 1305 4217 τοῦ
1334 4145 1543 4218 Κυρίου
1591 4144 1765 4215 Ἰησοῦ
1816 4145 2068 4200 πιστεύο-

478 4253 577 4308 μεν
645 4236 956 4306 σωθῆναι.»
1031 4238 1245 4307 ’Ὥσπερ
1303 4235 1415 4307 γὰρ
1473 4236 1644 4290 πάλαι
1703 4237 1860 4306 μὲνό
1904 4237 2068 4306 νόμος

471 4329 602 4390 τοὺς
627 4328 1088 4397 διαφυλάττοντας
1111 4329 1180 4381 τὰ
1214 4331 1272 4380 ὲν
1302 4327 1454 4398 αύτῷ
1515 4331 1786 4401 εἰρημένα
1842 4327 2067 4394 ἔσωζεν,

475 4418 622 4474 οὕτω
644 4420 738 4473 νῦν
772 4422 806 4493 ἡ
840 4420 1022 4490 χάρις,
1062 4421 1156 4476 καὶ
1177 4420 1304 4491 δίχα
1332 4423 1431 4490 τῆς
1463 4420 1560 4474 τοῦ
1610 4421 1777 4492 νόμου
1813 4439 2070 4494 παραφυ-

475 4514 670 4586 λακῆς,
698 4512 785 4568 διὰ
816 4512 1052 4576 πίστεως
1085 4513 1270 4578 σώζει.

1071 4603 1464 4661 KEIMENON.

551 4698 706 4752 Μετὰ
743 4698 799 4752 δὲ
831 4699 893 4753 τὸ
937 4696 1163 4769 σιγῆσαι
1229 4699 1455 4762 αὺτοὺς.
1490 4698 1768 4770 ἀπεκρίθη
1813 4695 2070 4763 Ἰάκωϐος

477 4789 656 4858 λέγων
678 4808 690 4823 ·
727 4791 955 4863 Ἄνδρες
1021 4791 1264 4860 ἀδελφοὶ,
1324 4791 1597 4848 ἀκούσατέ
1668 4807 1813 4862 μου·
1845 4789 2073 4862 Συμεὼν

2100 4587 2148 4646 D

2158 3330 2337 3384 neque
2367 3315 2635 3371 barbarus
2685 3333 2699 3380 ;
2740 3315 2903 3386 267
2935 3314 3028 3371 sed
3061 3329 3252 3370 omnes
3287 3329 3456 3369 unum
3495 3328 3745 3369 sumus.»

2169 3427 2190 3461 ι
2215 3407 2372 3463 Nunc
2394 3424 2526 3479 ergo
2544 3408 2702 3480 quid,
2731 3428 2751 3461 ι
2779 3417 2887 3463 etc.
2920 3407 3033 3464 lloc
3066 3417 3170 3474 est,
3207 3408 3337 3479 quid
3375 3407 3592 3462 adversi
3619 3407 3755 3463 estis

2164 3500 2298 3568 Deo,
2369 3500 2530 3571 quasi
2591 3515 2702 3554 non
2763 3500 2962 3568 possit,
3011 3491 3210 3571 inquit,
3249 3500 3370 3555 sola
3409 3499 3512 3554 ﬁde
3543 3499 3756 3555 salvare

2165 3593 2490 3647 accedentes
2515 3592 2582 3647 ad
2611 3607 2669 3647 se
2692 3591 3114 3646 ?Adnotandum
3146 3605 3296 3653 vero,
3323 3601 3614 3662 praecepta,
3633 3607 3757 3661 qua:

2165 3683 2319 3738 carni
2362 3682 2603 3738 difﬁcilia
2644 3691 2797 3748 sunt,
2831 3692 2891 3737 ιιι
2930 3683 3169 3752 rigidum
3202 3684 3498 3753 jejunium,
3537 3682 3758 3736 nudita-

2169 3782 2298 3838 tem,
2359 3775 2659 3840 silentium,
2699 3789 2810 3829 non
2856 3789 2980 3831 esse
3019 3775 3348 3844 quibusdam
3400 3775 3754 3845 imponenda,

2167 3868 2274 3922 nisi
2310 3867 2413 3938 ipsi
2431 3867 2534 3923 sibi
2558 3884 2619 3922 ea
2646 3867 3026 3937 pratscribant.
3053 3867 3127 3922 Ea
3157 3869 3326 3935 enim,
3364 3869 3465 3923 etsi
3491 3867 3752 3932 diﬁ'icilia,

2169 3977 2280 4017 non
2339 3969 2466 4016 sunt
2503 3969 2685 4016 tamen
2717 3977 2783 4016 ex
2835 3977 2894 4017 se
2925 3962 3150 4017 omnino
3187 3962 3447 4032 praeclara
3491 3960 3754 4026 facinora,

2169 4065 2223 4108 et
2252 4067 2282 4108 a
2316 4053 2502 4110 multis
2536 4053 2690 4121 ﬁunt,
2729 4065 2782 4110 et
2818 4036 2925 4109 non
2966 4054 3126 4109 fiunt.
3189 4071 3209 4106 ι
3267 4053 3372 4109 Sed
3406 4069 3501 4123 per
3524 4054 3754 4124 gratiam

2175 4143 2390 4199 Domini
2422 4143 2551 4200 Jesu
2587 4145 2792 4200 Christi
2834 4146 3114 4202 credimus
3146 4145 3367 4200 salvari.
3417 4163 3435 4196 ι
3480 4143 3760 4212 Quemad-

2173 4237 2398 4292 modum
2426 4239 2574 4293 enim
2609 4238 2739 4295 olim
2779 4239 2866 4294 lex
2896 4254 3014 4304 eos,
3046 4239 3140 4310 qui
3176 4247 3445 4310 praecepta
3491 4239 3612 4310 ejus
3647 4253 3738 4293 ser

2175 4331 2412 4399 valiant,
2470 4333 2656 4389 salvos
2708 4333 2990 4400 faciebat;
3047 4335 3128 4390 sic
3171 4349 3320 4390 nunc
3369 4333 3544 4404 gratia
3596 4332 3762 4388 etia‘m

2176 4421 2382 4493 absque
2448 4420 2701 4494 legalium
2771 4432 3172 4496 praeceptorum
3230 4424 3582 4482 observantia
3667 4438 3766 4495 per

2178 4512 2336 4570 ﬁdem
2369 4517 2600 4572 salutem
2635 4517 2846 4573 tribuit.

2847 4605 3147 4662 TEXTUS.

2247 4695 2365 4760 XV.
2416 4699 2600 4754 15-15.
2655 4699 2721 4754 Et
2770 4711 3061 4770 postquam
3123 4708 3437 4767 tacuerunt,
3481 4700 3764 4771 respondit

2173 4791 2436 4858 .lacobus,
2477 4795 2668 4850 dicens
2702 4810 2715 4848 :
2750 4794 2867 4850 Viri
2924 4794 3144 4859 fratres,
3192 4793 3378 4848 audite
3430 4809 3538 4850 me.
3574 4791 3763 4848 Simon

480 4882 791 4954 ἐξηγήσατο
819 4882 1006 4949 καθὼς
1059 4883 1280 4956 πρῶτον
1304 4885 1334 4939 ό
1359 4882 1491 4949 Θεὸς
1514 4883 1862 4953 ἐπεσκέψατο
1887 4883 2050 4937 λαϐεῖ·

2175 4889 2442 4951 narravit,
2473 4889 3205 4959 quemadmodumprimum
3237 4887 3382 4944 Deus
3398 4887 3640 4943 visitavit
3670 4903 3769 4942 su-

480 4973 544 5038 ἐξ
567 4973 738 5029 ἐθνῶν
757 4973 887 5027 λαὸν
921 4971 999 5043 τῷ
1018 4974 1246 5043 ὀνόματι
1269 4973 1459 5029 αὑτοῦ.
1497 4975 1610 5028 Καὶ
1635 4973 1816 5045 τούτῳ
1844 4989 2074 5043 συμφω-

482 5065 669 5122 νοῦσιν
693 5069 742 5122 οἱ
768 5067 916 5136 λόγοι
943 5066 1053 5122 τῶν
1108 5066 1429 5138 προφητῶν,
1463 5065 1648 5139 καθὼς
1705 5066 2019 5138 γέγραπται
2059 5081 2073 5096 ·

1098 5161 1484 5215 ΕΡΜΗΝΕῙΑ.

559 5249 729 5318 Οὗτος
786 5257 816 5310 ὁ
879 5255 1148 5328 μακάριος
1173 5254 1480 5318 Ἲάκωὸος,
1540 5255 1570 5308 ὁ
1624 5253 1734 5307 τῶν
1775 5252 2079 5326 Ἰεροσολύ-

489 5365 610 5418 μων
665 5349 774 5402 ύπὺ
833 5349 1047 5419 Κυρίου
1108 5348 1523 5420 προχειρισθεὶς
1570 5347 1897 5412 ἐπίσκοπος,
1961 5347 2078 5408 υἱὸς

2178 4992 2329 5034 mere
2373 4995 2438 5058 ex
2477 4979 2735 5049 gentibus
2769 4981 3034 5050 populum
3095 4978 3303 5033 nomini
3368 4994 3492 5032 suo.
3536 4976 3601 5030 Et
3640 4977 3769 5031 huic

2177 5074 2519 5128 concordant
2543 5075 2707 5130 verba
2734 5075 3147 5144 prophetarum,
3169 5076 3311 5128 sicut
3351 5072 3613 5141 scriptum
3638 5079 3719 5125 est
3749 5085 3768 5126 :

2683 5166 3251 5223 COMMENTARIUS.

2252 5259 2452 5316 Beatus
2485 5262 2586 5316 iste
2619 5259 2882 5326 Jacobus,
2907 5258 3376 5331 Jerosolymorum
3410 5257 3703 5328 episcopus
3737 5272 3766 5311 a

2183 5352 2420 5409 Domino
2473 5352 2829 5420 constitutus,
2878 5353 3022 5407 filius
3070 5361 3186 5405 erat
3214 5349 3416 5422 Joseph
3461 5331 3600 5405 fabri
3635 5349 3767 5420 (21),

498 5438 699 5510 Ἰωσὴφ
723 5437 793 5512 ἦν
817 5441 910 5496 τοῦ
935 5442 1208 5508 τέκτονος,
1258 5439 1486 5511 ἀδελφὸς
1510 5439 1568 5493 δὲ
1597 5440 1738 5494 κατὰ
1770 5439 1952 5510 σάρκα
1981 5442 2050 5492 τολ

2185 5444 2354 5500 frater
2381 5454 2562 5501 autem
2593 5445 2707 5520 (22)
2739 5445 3040 5502 secundum
3069 5457 3291 5498 carnem
3333 5441 3549 5497 Domini
3594 5441 3768 5497 nostri

581 5603 628 5637 '“
655 5603 821 5662 Hebr.
860 5622 897 5674 ι,
933 5605 988 5662 3.
1091 5605 1136 5638 ἠ
1175 5603 1352 5660 Galat.
1382 5617 1464 5668 ιιι,
1489 5602 1584 5658 18.

563 5827 684 5968 (al;
707 5825 837 5891 Seu,
862 5825 1048 5896 sponsi
1071 5824 1130 5879 Β.
1154 5822 1341 5879 Mariae
1387 5780 1655 5906 Virginis.

567 5898 661 5968 (22
728 5897 784 5954 Id
814 5905 922 5965 est,
969 5895 1422 5967 consanguineus
1452 5899 1608 5968 Juxta
1651 5915 1655 5939 ι

1696 5711 1900 5776 Variae
1935 5711 2240 5775 lectiones
2278 5721 2344 5776 et
2385 5723 2577 5778 notae.

567 5885 684 5970 (22)
728 5897 784 5954 Id
814 5885 922 5965 est',
969 5895 1422 5967 consanguineus
1452 5885 1608 5980 juxta
1651 5891 2094 5950 communiorem
2129 5885 2485 5945 sententiam.
