4082 6416
298 433 311 447 ⁸
370 415 478 483 979

1325 411 1906 477 THEOPHYLACTI
1936 411 2345 473 BULGARIE
2366 406 2583 481 ⁷ΑῐίίῖΗ
2593 408 2733 471 ῐΕΡ.

3510 388 3628 470 930'

363 522 496 586 J.-.su
530 530 761 589 Christi.
785 530 1080 604 Sapienter
1105 540 1286 589 autem
1317 546 1385 588 ex
1434 531 1594 587 novis
1643 529 1940 585 veteribus-

2055 526 2266 597 Κυρίου
2316 525 2475 596 ἡμῶν
2509 524 2683 594 Ἰησοῦ
2735 521 2993 593 Χριστοῦ.
3050 518 3296 584 Συνετῶς
3332 518 3390 573 δέ
3419 519 3526 573 ἀπό
3562 537 3624 572 τε

368 639 478 690 que
535 623 818 694 prophetis
870 638 985 679 rem
1018 623 1355 694 propositam
1387 621 1677 677 confirmat
1713 638 1729 674 :
1763 634 1941 689 neque

368 715 515 768 enim
557 722 768 784 poterat
797 715 944 785 quod
989 715 1282 779 sentiebat,
1326 714 1468 768 facto
1500 712 1685 783 aliquo
1711 711 1943 767 demon-

370 814 569 868 strare,
601 806 1063 874 quemadmodum
1094 805 1289 862 Petrus
1317 813 1372 860 et
1414 804 1612 860 Paulus
1640 804 1755 874 jam
1803 803 1945 858 fece-

370 903 514 950 rant.
541 895 711 951 Recte
748 906 930 953 autem
968 899 1289 969 dispositum
1316 897 1437 962 fuit,
1460 904 1521 952 ut
1549 912 1643 967 per
1675 896 1795 951 illos
1829 894 1945 951 haec

373 988 588 1053 tierent,
620 990 712 1059 qui
758 982 1117 1061 Jerosolymis
1146 990 1289 1045 haud
1327 988 1421 1043 diu
1450 988 1714 1044 moraturi
1741 994 1901 1044 erant
1928 1005 1941 1041 :

372 1097 439 1137 ne
475 1082 565 1152 qui
608 1082 743 1138 istos
769 1081 1014 1149 doceret,
1049 1083 1222 1152 culpa:
1252 1082 1415 1137 alicui
1456 1081 1732 1137 videretur
1776 1079 1946 1135 obno-

370 1170 516 1239 xius,
548 1185 612 1226 ac
639 1187 706 1227 ne
732 1173 1002 1229 sententia
1028 1172 1419 1247 dividerentur.
1509 1234 1517 1257 ἢ

1025 1262 1326 1319 TEXTUS.

438 1348 554 1417 XV,
588 1350 767 1409 16-34.
795 1353 926 1409 Post
953 1356 1071 1410 haec
1101 1364 1369 1417 revertar,
1408 1364 1463 1411 et
1493 1354 1833 1411 reredilicabo
1861 1365 1948 1409 ta-

368 1446 726 1502 bernaculum
758 1446 950 1513 David,
980 1448 1126 1517 quod
1155 1449 1380 1509 decidit,
1408 1457 1462 1503 ct
1494 1448 1676 1504 diruta
1706 1449 1828 1518 ejus
1855 1465 1941 1505 rc-

365 1535 669 1601 mditicabo,
694 1546 746 1592 et
765 1538 968 1608 erigam
989 1538 1151 1592 illud:
1179 1548 1234 1593 ut
1256 1539 1543 1607 requirant
1570 1540 1754 1593 ταξιοτὶ
1774 1538 1949 1593 homi-

367 1642 499 1681 num
533 1624 848 1692 Dominum,
863 1637 918 1683 et
933 1644 1124 1684 omnes
1146 1640 1355 1697 gentes,
1388 1644 1553 1699 super
1568 1644 1707 1700 quas
1731 1632 1949 1684 invoca-

369 1726 485 1771 tum
513 1726 811 1772 estnomen
846 1732 1047 1783 meum,
1083 1719 1217 1773 dicit
1248 1718 1504 1774 Dominus
1527 1759 1543 1783 ,
1574 1718 1783 1773 faciens
1811 1719 1945 1774 haec.

366 1805 566 1862 Notum
585 1823 614 1862 a
635 1809 843 1864 sarculo
857 1808 1181 1864 estDomino
1198 1824 1338 1879 opus
1359 1824 1540 1863 suum.
1563 1808 1788 1879 PrOpter
1804 1810 1947 1878 quod

2052 619 2207 682 νέων,
2265 618 2377 672 ἀπό
2402 635 2464 670 τε
2494 617 2605 670 τῶν
2649 614 2899 670 παλαιῶν
2963 613 3270 685 βεϐαιοῦται
3328 611 3627 683 προφητῶν

2048 712 2141 765 τόν
2165 709 2344 778 λόγον.
2378 709 2455 763 Ού
2487 709 2598 779 γὰρ
2630 705 2745 778 εἶχέ
2772 725 2826 759 τι
2854 709 3084 775 πρᾶγμα
3138 705 3331 771 δεῖξαι,
3369 702 3625 772 καθάπερ

2052 804 2258 875 Πέτρος
2295 804 2360 872 δή
2395 804 2489 856 καί
2545 800 2780 863 Παῦλος,
2843 798 3039 861 Καλῶς
3071 798 3127 850 δὲ
3157 798 3525 865 οἰκονομεῖται
3555 794 3624 848 δι’

2050 895 2277 950 ἐκείνων
2300 892 2474 948 ταῦτα
2486 892 2764 961 γενέσθαι,
2784 890 2895 965 τῶν
2917 890 2978 943 ού
3018 888 3321 959 μελλόντων
3353 885 3625 959 χρονίζειν

2047 990 2160 1051 τοῖς
2203 986 2594 1059 Ἰεροσολύμοις
2624 997 2643 1015 ⁶
2682 983 2842 1038 τοῦτο
2863 983 2941 1050 δέ,
2971 980 3160 1055 [ὥστε]
3183 981 3273 1034 τὸν
3301 981 3621 1034 διδάσκοντα

2049 1077 2247 1140 αὐτοὺς
2280 1076 2354 1148 μὴ
2384 1072 2521 1131 εἶναι
2578 1074 2897 1141 ὑπεύθυνον,
2955 1074 3091 1146 μηδὲ
3156 1073 3264 1145 μὴν
3292 1071 3621 1144 ἀπεσχίσθαι

2047 1169 2147 1240 τῆς
2181 1168 2428 1241 γνώμης.

2636 1259 3024 1316 ΚΕΙΜΕΝΟΝ.

2120 1357 2280 1411 Μετά
2333 1357 2508 1410 ταῦτα
2556 1354 2883 1427 ἀναστρέψω
2941 1353 3037 1407 καὶ
3076 1346 3489 1420 ἀνοικοδομήσω
3526 1348 3626 1418 τήν

2052 1452 2255 1523 σκηνὴν
2312 1451 2476 1505 Δαϐὶδ
2508 1450 2606 1521 τὴν
2641 1451 3017 1512 πεπτωκυῖαν,
3074 1448 3170 1500 καὶ
3200 1446 3269 1498 τὰ
3305 1460 3625 1512 κατεσκαμ-

2054 1544 2196 1611 μένα
2255 1542 2426 1611 αὐτῆς
2476 1541 2908 1609 ἀνοικοδομήσω,
2956 1539 3055 1592 καὶ
3082 1536 3377 1608 ἀνορθώσω
3406 1535 3579 1605 αὑτήν
3605 1549 3621 1564 ·

2051 1635 2197 1697 ὅπως
2228 1634 2295 1688 ἂν
2333 1633 2710 1703 ἐκζητήσωσιν
2740 1633 2790 1686 οἱ
2830 1630 3151 1685 κατάλοιποι
3181 1628 3289 1682 τῶν
3317 1625 3624 1697 ἀνθρώπων

2051 1723 2143 1777 τὸν
2178 1722 2404 1792 Κύριον,
2432 1722 2529 1775 καὶ
2570 1722 2746 1775 πάντα
2776 1719 2846 1773 τά
2876 1720 3005 1791 ἐθνη
3032 1720 3116 1788 ἐφ’
3139 1718 3234 1781 οὓς
3264 1716 3623 1786 ἐπικέκληται

2052 1813 2113 1867 τὸ
2133 1813 2306 1883 δνομά
2341 1830 2442 1883 μου
2488 1811 2575 1865 ἐπ’
2624 1813 2843 1874 αὐτοὺς,
2901 1810 3050 1879 λέγει
3109 1810 3335 1881 Κύριος,
3384 1811 3413 1863 ό
3451 1808 3623 1862 ποιῶν

314 1952 315 1955 η
365 1916 472 1970 cgo
509 1901 718 1972 judico,
770 1918 880 1956 non
929 1902 1220 1971 inquietari
1255 1916 1373 1964 eos,
1435 1904 1527 1970 qui
1576 1917 1643 1957 ex
1693 1903 1940 1973 gentibus

2050 1904 2223 1958 ταῦτα
2249 1907 2449 1958 πάντα.
2476 1904 2699 1957 Γνωστά
2732 1904 2827 1957 ἀπ’
2851 1904 3045 1966 αἰῶνός
3074 1904 3188 1955 ἐστι
3212 1902 3289 1972 τῷ
3305 1900 3424 1970 Θεῷ
3444 1901 3624 1955 πάντα

365 2000 767 2047 convertuntur
795 1990 862 2046 ad
900 1990 1092 2058 Deum,
1119 1992 1214 2048 sed
1246 1991 1487 2048 scribere
1512 1991 1580 2046 ad
1603 2007 1699 2048 eos
1727 2003 1784 2048 ut
1815 1994 1943 2048 abs-

366 2084 582 2139 tineant
638 2099 699 2139 se
733 2099 765 2139 ιι
807 2080 1375 2140 contaminationibus
1400 2084 1849 2153 simulacrorum,
1889 2093 1944 2141 et

365 2174 751 2242 fornicatione,
802 2184 860 2231 et
902 2175 1209 2241 sud‘ocatis,
1271 2183 1326 2230 et
1382 2176 1669 2246 sanguine.
1730 2175 1944 2248 Moyses

361 2265 511 2320 cnim
538 2280 569 2320 ιι
596 2267 936 2334 temporibus
968 2268 1210 2336 antiquis
1236 2266 1403 2322 habet
1433 2266 1600 2337 268
1630 2266 1684 2321 in
1714 2267 1944 2337 singulis

365 2359 683 2415 civitatibus
711 2360 802 2429 qui
833 2374 959 2415 eum
990 2359 1286 2430 praedicent
1312 2358 1368 2413 in
1398 2359 1709 2429 synagogis,
1738 2357 1827 2412 ubi
1851 2374 1945 2427 per

369 2465 533 2505 oume
568 2450 866 2505 Sabbatnm
919 2451 1140 2521 legitur.
1178 2449 1333 2505 Tunc
1375 2450 1577 2520 placuit
1607 2450 1865 2519 apostolis
1894 2462 1947 2507 et

367 2541 682 2597 senioribus
717 2558 841 2596 rum
882 2544 1030 2596 omni
1067 2540 1309 2596 Ecclesia
1340 2541 1541 2612 eligere
1573 2541 1717 2596 viros
1752 2556 1815 2596 ex
1842 2541 1943 2605 eis,

364 2641 421 2685 et
449 2632 665 2687 mittere
693 2631 1040 2689 Antiochiam
1076 2646 1196 2685 cum
1232 2629 1427 2695 Paulo,
1460 2638 1516 2685 et
1550 2629 1816 2691 Barnaba,
1846 2629 1945 2685 Ju-

363 2720 490 2776 dam
524 2724 617 2793 qui
646 2722 1138 2793 cognominabatur
1159 2721 1455 2788 Barsabas,
1480 2731 1535 2778 et
1568 2723 1760 2785 Silam,
1796 2724 1944 2777 viros

366 2814 573 2883 primos
604 2814 657 2871 in
703 2814 984 2878 fratribus,
1016 2814 1320 2870 scribentes
1352 2829 1446 2883 per
1472 2828 1668 2867 manus
1699 2829 1886 2867 eorum
1925 2827 1941 2865 :

364 2912 399 2960 Α
416 2908 613 2976 postoli
635 2918 689 2965 et
720 2911 962 2964 seniores
986 2905 1207 2973 fratres,
1231 2908 1314 2963 his
1349 2906 1440 2978 qui
1463 2918 1593 2963 sunt
1614 2905 1936 2969 Antiochum

363 3008 416 3053 et
440 2998 632 3071 Syriae,
664 3009 717 3056 et
745 2998 966 3064 Ciliciae,
1003 2998 1267 3055 fratribus
1298 3014 1361 3053 ex
1381 2998 1652 3071 gentibus,
1689 2997 1943 3055 salutem.

366 3089 636 3154 Quoniam
671 3090 1001 3155 audivimus,
1030 3090 1158 3160 quia
1198 3089 1419 3160 quidem
1453 3103 1520 3144 ex
1555 3087 1712 3143 nobis
1738 3073 1947 3143 extetm-

362 3189 448 3239 les
482 3182 841 3238 turbaverunt
876 3198 972 3237 vos
1013 3181 1212 3245 verbis,
1263 3187 1567 3235 evertente:
1605 3180 1816 3235 animas
1855 3196 1946 3236 ve-

363 3284 531 3341 stras,
560 3274 762 3346 quibus
793 3289 900 3329 non
928 3273 1350 3329 mandavimus:
1394 3272 1600 3343 placuit
1631 3273 1789 3328 nobis
1828 3273 1942 3328 col-
1970 3242 2015 3304 Ο

361 3367 521 3429 lectis
544 3368 600 3421 in
629 3382 796 3422 unum
822 3366 1024 3436 eligere
1048 3368 1213 3427 viros,
1238 3374 1291 3421 et
1326 3365 1542 3420 mittere
1574 3363 1641 3419 ad
1677 3380 1792 3427 vos.
1815 3379 1938 3420 cum

362 3456 705 3514 charissimis
762 3456 967 3511 nostris
995 3455 1239 3511 Barnaba
1272 3465 1326 3509 et
1383 3455 1572 3519 Paulo,
1627 3455 1941 3511 hominibus

361 3543 458 3616 qui
512 3542 855 3602 tradiderunt
901 3546 1115 3600 animas
1149 3560 1281 3601 suas
1317 3560 1416 3614 pro
1467 3544 1688 3600 nomine
1729 3545 1940 3600 Domini

364 3637 540 3695 nostri
569 3632 696 3691 Jesu
736 3635 963 3692 Christi.
1003 3636 1249 3693 Misimus
1278 3651 1409 3707 ergo
1436 3635 1634 3691 Judam
1665 3646 1717 3692 et
1747 3635 1937 3701 Silam,

362 3729 455 3799 qui
484 3737 536 3783 et
569 3729 669 3799 ipsi
703 3729 856 3782 vobis
888 3729 1065 3783 verbis
1115 3728 1353 3784 referant
1379 3728 1593 3785 eadem.
1622 3725 1813 3784 Visum
1856 3739 1939 3784 est

364 3823 509 3876 enim
536 3822 767 3892 Spiritui
802 3830 994 3877 sancto
1025 3831 1077 3876 et
1103 3821 1284 3887 nobis,
1318 3820 1453 3875 nihil
1490 3822 1630 3876 ultra
1658 3820 1939 3891 imponere

359 3916 517 3971 vobis
551 3915 755 3979 oneris,
789 3929 950 3984 quam
980 3914 1093 3967 haec
1121 3912 1430 3967 necessaria
1465 3929 1481 3969 :
1514 3919 1572 3966 ut
1601 3912 1933 3968 ahstineatis

358 4023 458 4062 vos
509 4006 579 4061 ab
630 4006 926 4060 immolatis
970 4004 1412 4068 simulacrorum,
1467 4012 1521 4057 et
1558 4002 1847 4074 sanguine,
1882 4011 1938 4057 et

358 4097 644 4163 snﬂ'ocato,
692 4105 747 4151 et
803 4092 1186 4159 fornicatione,
1238 4110 1267 4148 a
1314 4094 1516 4165 quibus
1555 4095 1934 4150 custodientes

359 4206 458 4247 vos
504 4189 645 4244 bene
685 4189 878 4258 agetis.
911 4186 1115 4242 Valete.
1156 4187 1237 4243 illi
1282 4202 1413 4256 ergo
1441 4186 1676 4250 dimissi,
1707 4186 1936 4243 descen-

358 4283 559 4341 derunt
619 4279 963 4333 Antiochiam
1068 4287 1124 4331 et
1206 4286 1535 4348 congregata
1587 4277 1935 4333 multitudine

358 4372 704 4429 tradiderunt
732 4370 1039 4440 epistolam.
1069 4367 1239 4435 Qua‘m
1260 4383 1385 4422 cum
1426 4350 1703 4438 legissent,
1762 4368 1932 4439 gavisi

359 4473 491 4519 sunt
523 4479 689 4533 super
728 4461 1126 4517 consolatione.
1171 4458 1343 4515 Judas
1376 4470 1555 4514 autem
1587 4470 1641 4515 et
1670 4457 1845 4524 Silas,
1878 4467 1934 4513 et

2047 1996 2115 2050 τά
2138 1996 2274 2065 ἔργα
2300 1994 2486 2049 αὐτοῦ.
2522 1994 2611 2048 Διδ
2634 1993 2745 2063 ἐγὼ
2768 1995 2960 2066 κρίνω,
3000 1995 3077 2065 μὴ
3107 1993 3463 2064 παρενοχλεῖν
3506 1994 3620 2053 τοῖς

2045 2086 2155 2140 ἀπὸ
2202 2085 2310 2139 τῶν
2353 2084 2525 2138 ἐθνῶν
2575 2084 2998 2155 ἐπιστρέφουσιν
3040 2086 3135 2138 ἐπὶ
3186 2085 3279 2137 τὸν
3313 2083 3468 2147 Θεδν,
3499 2081 3620 2136 ἀλλ’

2044 2177 2346 2231 ἐπιστεῖλαι
2385 2177 2566 2240 αὐτοῖς
2601 2175 2697 2229 τοῦ
2752 2176 3055 2247 ἀπέχεσθαι
3105 2176 3309 2238 αὐτοὺς
3369 2173 3480 2228 ἀπὸ
3510 2173 3623 2227 τῶν
3664 2218 3677 2231 .

2045 2270 2437 2343 ἀλισγημάτων
2497 2273 2608 2325 τῶν
2662 2269 2919 2334 εἰδώλων,
2962 2273 3058 2325 καὶ
3080 2268 3182 2341 τῆς
3211 2270 3493 2342 πορνείας,
3527 2267 3624 2323 καὶ

2044 2360 2141 2415 τοῦ
2176 2362 2425 2427 πνικτοῦ,
2448 2363 2544 2416 καὶ
2579 2364 2674 2417 τοῦ
2703 2363 2959 2432 αἵματος.
3016 2362 3273 2432 Μωῦσῆς
3298 2361 3411 2432 γάρ
3434 2361 3500 2412 ἐκ
3526 2374 3624 2428 γεε-

2045 2452 2152 2506 νῶν
2176 2452 2439 2523 ἀρχαίων,
2473 2454 2615 2507 κατά
2657 2453 2812 2507 πόλιν
2854 2453 2981 2515 τοὺς
3039 2451 3415 2523 κηρύσσοντας
3460 2448 3627 2502 αὐτόν

2046 2540 2157 2612 ἔχει
2180 2538 2236 2593 ἐν
2262 2545 2381 2605 ταῖς
2405 2543 2773 2611 συναγωγαῖςῖ
2803 2542 2945 2597 κατὰ
2972 2542 3080 2595 πᾶν
3114 2540 3394 2596 Σάϐϐατον
3424 2541 3621 2605 ἀναγι-

2047 2633 2415 2702 νωσκόμενος.
2462 2632 2596 2686 Τότε
2651 2633 2796 2699 ἔδοξε
2832 2636 2944 2696 τοῖς
3011 2630 3329 2694 ἀποστόλοις
3378 2629 3476 2683 καὶ
3509 2630 3624 2691 τοῖς

2048 2722 2443 2792 πρεσϐυτέροις
2483 2724 2579 2775 σὺν
2602 2723 2696 2795 ὅλῃ
2726 2725 2791 2794 τῇ
2827 2720 3128 2793 Ἐκκλησία
3150 2760 3166 2784 ,
3226 2720 3624 2790 ἐκλεξαμένους

2047 2813 2245 2883 ἄνδρας
2275 2815 2334 2880 ἐξ
2392 2814 2575 2868 αὐτῶν
2630 2813 2845 2884 πέμψαι
2893 2816 2972 2877 εἰς
3018 2813 3354 2885 Ἀντιόχειαν
3398 2814 3497 2867 σὺν
3543 2811 3623 2879 τῷ

2047 2904 2245 2974 Παύλῳ
2276 2905 2368 2957 καὶ
2395 2904 2473 2975 τῷ
2506 2907 2788 2977 Βαρνάϐα,
2833 2906 3034 2960 Ἰούδαν
3067 2906 3158 2958 τὸν
3187 2902 3621 2975 ἐπικαλούμενον

2048 2994 2364 3064 Βαρσαϐἀν,
2414 2996 2509 3049 καὶ
2560 2995 2745 3057 Σίλαν,
2805 2994 3006 3067 ἀνδρας
3039 2996 3377 3067 ἡγουμένους
3415 2998 3473 3049 ἐν
3503 2999 3620 3060 τοῖς

2047 3086 2317 3155 ἀδελφοῖς,
2351 3087 2662 3157 γράψαντες
2692 3089 2779 3141 διὰ
2800 3083 2982 3160 χειρὸς
3010 3087 3190 3143 αὐτῶν
3211 3090 3360 3142 τάδε’
3397 3089 3462 3143 Οἱ
3483 3087 3622 3142 ἀπό-

2050 3180 2247 3244 στολοι,
2268 3183 2363 3233 καὶ
2394 3182 2444 3233 οἱ
2481 3180 2865 3253 πρεσϐύτεροι,
2897 3181 2991 3235 καλ⁸
3013 3184 3063 3235 οἱ
3085 3180 3324 3250 ἀδελφοὶ,
3352 3184 3465 3246 τοῖς
3482 3182 3623 3236 κατά

2043 3272 2144 3342 τὴν
2184 3273 2537 3343 Ἀντιόχειαν,
2574 3274 2669 3328 καὶ
2687 3273 2905 3345 Συρίαν,
2940 3277 3035 3328 καὶ
3067 3274 3344 3340 Κιλικίαν,
3373 3276 3625 3343 ἀδελφοῖς

2042 3365 2153 3427 τοῖς
2175 3362 2234 3429 ἐξ
2255 3364 2424 3419 ἐθνῶν
2477 3367 2709 3438 χαίρειν.
2756 3366 2973 3437 Ἐπειδὴ
3000 3367 3318 3437 ἠκούσαμεν
3349 3369 3431 3422 ὅτι
3476 3367 3624 3432 τινὲς
3652 3376 3669 3394 ‘

2042 3454 2104 3520 ἐξ
2137 3455 2293 3527 ήμῶν
2354 3456 2667 3521 ἐξελθόντες
2712 3458 2984 3528 ἐτάραξαν
3026 3459 3174 3529 ὑμᾶς
3218 3458 3439 3526 λόγοις,
3491 3460 3623 3513 ἀνα-

2043 3547 2402 3612 σκευάζοντες
2431 3549 2530 3612 τάς
2559 3549 2737 3621 ψυχὰς
2771 3550 2945 3620 ὑμῶν,
2997 3552 3246 3618 λέγοντες
3294 3552 3619 3621 περιτέμνε-

2044 3640 2169 3693 σθαι
2212 3639 2307 3692 καὶ
2355 3642 2543 3711 τηρεῖν
2601 3640 2692 3694 τὸν
2745 3642 2931 3712 νόμον,
2968 3638 3049 3705 οἷς
3071 3643 3131 3696 οὐ
3164 3643 3576 3713 διεστειλάμεθα
3599 3660 3616 3676 ·

2040 3728 2217 3795 ἔδοξεν
2254 3728 2387 3799 ἡμῖν
2453 3731 2769 3802 γενομένοις
2812 3731 3175 3802 ὁμοθυμαδὸν,
3221 3733 3619 3801 ἐκλεξαμένους

2040 3819 2239 3890 ἄνδρας
2292 3821 2427 3888 πρὸς
2451 3822 2602 3891 ἡμᾶς
2629 3821 2863 3893 πέμψαι,
2887 3824 2987 3877 σὺν
3002 3826 3109 3887 τοῖς
3127 3825 3433 3895 ἀγαπητοῖς
3460 3826 3492 3893 ή
3501 3824 3618 3893 μῶν

2039 3911 2299 3984 Βαρνάϐα
2334 3912 2429 3967 καὶ
2472 3913 2691 3986 Παύλῳ,
2726 3914 3041 3986 ἀνθρώποις
3076 3915 3489 3986 παραδεδωκόσι
3514 3915 3615 3977 τὰς

2036 4004 2217 4076 ψυχὰς
2275 4006 2458 4059 αὐτῶν
2490 4006 2633 4076 ὑπὲρ
2660 4004 2754 4060 τοῦ
2797 4005 3066 4076 ’ὀνόματος
3091 4006 3185 4060 τοῦ
3218 4007 3426 4077 Κυρίου
3458 4005 3617 4076 ήμῶν

2052 4096 2224 4165 Ἰησοῦ
2272 4095 2537 4167 Χριστοῦ.
2605 4098 3058 4165 Ἀπεστάλκαμεν
3103 4092 3198 4151 οῦν
3262 4094 3463 4151 Ἰούδαν
3521 4096 3617 4149 καὶ

2037 4188 2218 4249 Σίλαν,
2252 4188 2345 4242 καὶ
2359 4188 2555 4252 αὐτοὺς
2584 4188 2671 4243 διὰ
2692 4186 2852 4257 λόγου
2875 4187 3323 4258 ἀπαγγέλλοντας
3346 4189 3414 4240 τά
3444 4187 3610 4241 αὑτά.

2040 4279 2230 4344 Ἔδοξε
2286 4279 2395 4349 γὰρ
2419 4277 2498 4349 τῷ
2530 4279 2672 4351 ἀγίῳ
2736 4279 3016 4350 Πνεύματι
3079 4280 3175 4332 καὶ
3232 4280 3384 4350 ἡμῖν,
3447 4278 3617 4349 μηδὲν

2036 4368 2199 4423 πλέον
2257 4367 2597 4422 ἐπιτίθεσθαι
2652 4369 2778 4439 ὑμῖν
2829 4368 3017 4439 βάρος,
3072 4366 3210 4439 πλὴν
3252 4366 3456 4421 τούτων
3505 4368 3617 4420 τῶν

2036 4459 2371 4525 ἐπάναγκες,
2417 4458 2718 4530 ἀπέχεσθαι
2751 4459 3142 4526 εἰδωλοθύτων,
3201 4459 3295 4513 καὶ
3349 4460 3602 4529 αἵματος,

355 4556 460 4623 ipsi
490 4569 612 4609 cum
648 4563 853 4610 esseab
875 4552 1167 4621 prophetae,
1201 4552 1365 4606 verbo
1397 4550 1630 4620 plurimo
1661 4550 1929 4605 consolati

2043 4550 2131 4603 καὶ
2159 4548 2407 4613 πνικτοῦ,
2435 4551 2527 4603 καὶ
2549 4549 2807 4620 πορνείας
2831 4564 2846 4581 ο
2874 4548 2933 4616 ἐξ
2957 4542 3033 4603 ὧν
3056 4549 3452 4620 διατηροῦντες
3485 4551 3615 4604 ἐαυ-

351 4658 484 4704 Sunt
526 4646 722 4702 fratres
785 4652 840 4698 et
886 4642 1376 4698 conﬁrmaverunt.
1430 4640 1598 4694 Facto
1639 4651 1819 4696 autem
1855 4639 1930 4694 ibi

2043 4641 2171 4705 τοὺς
2204 4636 2264 4695 εῦ
2296 4641 2553 4713 πράξετε.
2589 4640 2897 4715 Ἔρρωσθε.
2934 4641 2997 4695 Οἱ
3031 4641 3132 4710 μέν
3160 4637 3276 4707 οῦν,
3312 4642 3614 4696 ἀπολυθέν-

353 4738 636 4802 aliquanto
664 4746 927 4804 tempore,
953 4732 1167 4788 dimissi
1196 4740 1325 4786 sunt
1364 4745 1488 4786 cum
1524 4746 1657 4799 pace
1689 4745 1718 4783 a
1749 4729 1934 4783 fratri-

352 4829 459 4884 hns
533 4828 598 4881 ad
641 4842 735 4880 eos
785 4825 875 4894 qui
928 4824 1189 4879 miserant
1222 4823 1363 4877 illos.
1417 4814 1603 4875 Visum
1635 4828 1813 4877 autem
1850 4830 1939 4897 est

351 4921 480 4978 Sila:
515 4922 584 4979 ibi
617 4935 920 4975 remanere.

364 5016 565 5079 Ἰούδας
594 5014 649 5068 δέ
687 5014 780 5068 καὶ
830 5011 1009 5076 Σίλας,
1057 5011 1151 5065 καὶ
1212 5008 1368 5064 αὐτοὶ
1420 5008 1691 5077 προφῆται
1737 5005 1909 5071 ὄντες,

2040 4748 2132 4795 τες
2154 4731 2264 4785 ἀπὸ
2281 4730 2385 4800 τῆς
2430 4730 2778 4801 Ἑκκλησίας,
2811 4731 3081 4800 κατῆλθον
3111 4732 3194 4795 εἰς
3236 4731 3569 4803 Ἀντιόχειαν
3597 4747 3614 4763 ⁸

2042 4825 2139 4877 καὶ
2172 4825 2572 4891 συναγαγόντες
2610 4823 2672 4876 τὸ
2699 4822 2922 4893 πλῆθος,
2951 4823 3239 4877 ἐπέδωκαν
3271 4823 3369 4894 τὴν
3398 4826 3619 4877 ἐπιστο-

2044 4916 2170 4985 λήν.
2206 4914 2563 4981 ’Δναγνόντες
2587 4915 2644 4968 δὲ
2695 4916 2976 4986 ἐχάρησαν
3028 4916 3123 4968 ἐπὶ
3156 4918 3222 4987 τῇ
3248 4915 3613 4985 παρακλήσει.
3641 4916 3650 4975 ἲ

1985 5007 2074 5061 διὰ
2133 5007 2290 5076 λόγου
2343 5006 2537 5060 πολλοῦ
2597 5008 2980 5078 παρεκάλεσαν
3050 5008 3176 5070 τοὺς
3213 5006 3474 5075 ἀδελφοὺς
3521 5010 3617 5061 καὶ

274 5134 277 5135 ν
349 5109 733 5180 ἐπεστήριξαν.
788 5106 1117 5177 Ποιήσαντες
1165 5102 1221 5156 δὲ
1269 5102 1458 5172 χρόνον
1482 5142 1496 5163 ,
1527 5099 1874 5169 ἀπελύθησαν
1915 5100 2032 5170 μετ’
2062 5101 2284 5171 εἰρήνης
2311 5099 2420 5153 ἀπὸ
2443 5098 2548 5152 τῶν
2592 5098 2835 5167 ἀδελφῶν
2865 5098 3002 5169 πρὸς
3028 5099 3155 5162 τοὺς
3189 5097 3615 5163 ἀποστείλαντας

348 5205 569 5269 αὐτούς.
602 5201 785 5271 Ἔδοξε
816 5200 873 5255 δὲ
902 5199 979 5268 τῷ
999 5198 1129 5269 Σίλα
1154 5199 1430 5265 ἐπιμεῖναι
1456 5194 1643 5250 αὑτοῦ.

855 5292 1406 5351 COMMENTARIVS
1427 5331 1441 5348 .
1799 5352 1803 5359 ,

429 5417 446 5449 ι
472 5392 831 5454 Βοιιειιὶηεοιω
858 5390 1289 5453 tabernaculum,
1318 5409 1334 5441 ι
1374 5389 1481 5444 hoc
1510 5397 1613 5456 est,
1643 5403 1940 5444 conversos

350 5507 415 5546 ex
451 5467 702 5557 gentibus
724 5487 791 5542 ad
823 5485 1127 5547 Christum,
1155 5492 1207 5539 et
1240 5492 1460 5538 vocatos
1489 5483 1710 5537 nomine
1740 5482 1933 5551 ipsius.

349 5581 454 5638 Alii
477 5592 653 5635 autem
677 5585 868 5648 putant
891 5577 1006 5631 haec
1023 5575 1225 5645 deeius
1245 5576 1653 5631 resurrectione
1687 5590 1751 5630 ex
1788 5588 1935 5627 mor—

242 5684 245 5691 '
354 5672 465 5726 tuis
483 5671 627 5725 dicta
654 5683 796 5723 esse.
816 5666 951 5722 Cum
991 5666 1134 5720 enim
1169 5664 1311 5723 Deus
1333 5664 1493 5721 Pater
1516 5665 1928 5720 tabernaculum

354 5763 475 5817 i-“rlii
507 5762 561 5815 in
587 5757 1171 5828 mortemprolapsum,
1205 5758 1257 5812 id
1291 5766 1376 5813 est
1426 5772 1645 5813 carnem
1682 5773 1746 5809 ex
1782 5766 1927 5811 terra

350 5865 554 5917 ortam,
610 5850 975 5916 resuscitavit,
1010 5858 1121 5903 tum
1171 5857 1285 5904 tota
1339 5849 1578 5906 humana
1623 5858 1815 5908 natura
1857 5849 1922 5904 ad

2645 5286 3031 5341 EPMHNEIA.

2107 5378 2508 5441 Τουτέστιτοὺς
2530 5377 2588 5443 ἐξ
2614 5375 2783 5431 ἐθνῶν
2800 5374 3236 5447 ἐπιστρέψαντας
3253 5376 3331 5438 είς
3352 5375 3608 5445 Χριστὸν,
3630 5426 3635 5431 .

2036 5474 2131 5529 καὶ
2178 5471 2483 5543 κληθέντας
2513 5470 2592 5540 τῷ
2634 5470 2861 5539 ὀνόματι
2905 5468 3000 5523 τοῦ
3043 5467 3305 5539 Χριστοῦ.
3336 5469 3517 5522 ’Δλλοι
3549 5469 3608 5522 δέ

2034 5569 2116 5632 εἰς
2143 5567 2245 5635 τὴν
2279 5566 2344 5618 ἐκ
2359 5562 2571 5633 νεκρῶν
2602 5561 2903 5616 ἀνάστασιν
2931 5560 3097 5615 αὑτοῦ
3152 5560 3328 5616 ταῦτα
3357 5560 3609 5631 εἰρῆσθαί

2037 5674 2193 5725 φασι.
2267 5655 2379 5724 Τὴν
2435 5653 2547 5723 γὰρ
2608 5654 2689 5717 είς
2719 5652 2812 5706 τὸν
2850 5650 3081 5707 θάνατον
3114 5650 3285 5706 αὐτοῦ
3330 5650 3607 5705 πεσοῦσαν

2037 5750 2265 5819 σκηνὴν,
2295 5748 2546 5800 τουτέστι
2578 5746 2640 5799 τὸ
2668 5745 2775 5798 ἀπὸ
2805 5746 2909 5813 γῆς
2951 5745 3196 5809 σαρκίον,
3226 5743 3605 5812 ἀνεγείροντος

2031 5842 2124 5895 τοῦ
2154 5839 2288 5896 Θεοῦ
2320 5841 2416 5896 καὶ
2462 5838 2695 5911 Πατρὶς,
2752 5838 2871 5892 τότε
2906 5840 3016 5892 πᾶν
3038 5837 3100 5891 τὺ
3142 5835 3485 5912 ἀνθρώπινον
3516 5835 3601 5895 εἰς
