4082 6448
424 385 521 450 981
595 397 603 403 ’

1057 390 1593 455 EXPOSITIONIS
1637 396 1716 455 ΙΝ
1750 395 1940 455 ACTA
1961 394 2264 456 TEXTUS
2294 397 2566 459 ALTER.
2619 423 2685 432 -
2718 397 2877 461 CAP.
2920 401 3041 461 XV.

3583 401 3690 465 98:2

422 502 480 550 τὴ
512 501 738 569 ἀρχαῖον
795 501 1060 574 ἀνέστησε
1113 505 1321 576 σχῆμα,
1375 508 1470 561 καὶ
1528 507 1708 562 πάντα
1739 507 1898 580 ἡμῶν
1928 507 1997 560 τὰ

2122 507 2389 562 ιιιῑειίιιεῐη
2421 507 2650 564 formam
2683 511 2868 576 rediit,
2905 519 2959 565 et
2988 510 3171 565 omnia
3209 519 3394 566 nostra
3422 510 3601 566 dirma
3637 515 3690 565 in

425 593 840 662 κατεῤῥιμμένα
864 595 1000 664 πρὸς
1027 597 1154 650 νέαν
1181 597 1304 667 ὄψιν
1325 599 1636 670 ἐνήνεκται·
1658 600 2002 672 συνηγέρθηο

427 700 526 750 μεν
564 683 669 754 γάρ
694 684 771 754 τῷ
798 683 1042 757 Χριστῷ.
1083 691 1408 760 Κατέσκαψε
1443 693 1543 761 μὲν
1581 694 1688 765 γὰρ
1710 695 1738 746 ὁ
1772 694 2003 755 θάνατος

424 776 522 836 τὰς
551 775 810 830 ἁπάντων
848 781 1054 849 σκηνάς
1082 797 1096 810 ·
1146 783 1564 855 ἀνῳκοδόμησεν
1591 786 1648 839 δὲ
1680 787 1708 838 ό
1743 786 1878 850 Θεὸς
1905 785 2002 839 καὶ

426 867 612 938 Πατὴρ
644 869 702 920 ἐν
724 870 966 941 Χριστῷ.
997 873 1111 925 Οὐκ
1133 868 1200 941 ἦν
1231 874 1286 926 δέ
1323 876 1528 946 ἑτέρως
1566 877 1869 947 ἀναστῆναι
1902 879 2003 948 τὴν

424 955 590 1023 φύσιν
607 958 706 1028 τὴν
737 960 1041 1030 ἡμετέραν,
1076 961 1151 1033 μὴ
1185 964 1278 1016 τοῦ
1306 965 1406 1036 τὴν
1446 967 1630 1037 ἀρχὴν
1661 968 2004 1021 διαπλάσαν·

423 1065 514 1112 τος
547 1049 720 1118 αὐτὴν
748 1055 907 1121 χεῖρα
935 1043 1246 1123 ὀρέξαντος,
1283 1056 1380 1108 καὶ
1404 1057 1850 1122 διατυπώσαντος
1875 1061 2008 1115 ἄνωέ

424 1138 518 1190 θεν
571 1143 635 1210 τῇ
680 1140 748 1194 δι’
811 1142 1004 1208 ὓδατος
1077 1145 1441 1217 ἀναγεννήσει
1501 1150 1596 1202 καὶ
1660 1151 2001 1220 Πνεύματος.

437 1231 778 1288 Ἐπεπτὼκει
809 1235 919 1306 γὰρ
945 1236 1115 1302 ὅντως
1145 1240 1344 1310 πτῶμα
1365 1242 1585 1295 ἀνίατον
1618 1246 1712 1297 καὶ
1741 1245 1840 1313 τῆς
1867 1263 2006 1314 κρα-

423 1324 580 1385 ταιᾶς
613 1324 831 1394 ἐκείνης
855 1329 1035 1397 χειρδς
1061 1329 1340 1399 δεόμενον.
1374 1334 1486 1388 Καὶ
1515 1337 1674 1388 τοῦτο
1735 1338 1868 1405 ἡμῖν
1906 1340 2006 1390 οὐκ

424 1417 516 1485 εἰς¹
535 1416 730 1487 χρόνον
773 1418 1010 1490 ὑπάρξει
1041 1424 1262 1493 μικρὸν,
1296 1425 1414 1478 ἀλλ’
1437 1428 1516 1490 είς
1543 1427 1760 1498 ἡμέρας
1787 1429 2005 1496 αἰῶνος,

424 1509 633 1578 φησίν·
675 1511 1057 1584 ἀναπόϐλητον
1107 1518 1217 1587 γὰρ
1272 1519 1405 1590 ἡμῖν
1444 1519 1506 1572 τὸ
1537 1523 1639 1590 τῆς
1695 1521 2009 1589 ἀφθαρσίας
2052 1526 2058 1534 “

423 1601 650 1668 ἀγαθόν.
687 1606 750 1656 Οἱ
784 1605 881 1673 μὲν
914 1606 1022 1677 γὰρ
1057 1608 1300 1663 Ἰουδαῖοι
1327 1611 1404 1675 είς
1449 1611 1548 1680 τὴν
1606 1613 2005 1682 αἰχμαλωσίαν,

423 1692 717 1762 οἰκοδομὴν
737 1694 832 1748 τοῦ
858 1696 916 1748 ἐν
961 1697 1231 1766 Ἰεροσολύ
1241 1717 1365 1769 μοις
1393 1700 1547 1767 ναοῦ,
1571 1702 1732 1755 τοῦτο
1757 1702 2024 1774 εἰρῆσθαί

424 1783 722 1854 νενοήκασι
745 1800 758 1816 ·
816 1786 975 1840 τοῦτο
1002 1788 1058 1841 δὲ
1089 1790 1190 1843 οὐκ
1242 1789 1390 1844 ἔστιν
1443 1793 1644 1862 ἀληθές
1674 1810 1688 1825 ο
1717 1795 1813 1847 καὶ
1871 1795 2009 1863 μετὰ

423 1874 590 1928 τοῦτο
617 1876 727 1948 γάρ
766 1879 1030 1944 πολλάκις
1055 1883 1460 1954 κατέστρεπται
1481 1902 1496 1918 ο
1593 1886 1650 1941 δέ
1684 1858 2009 1958 προφητεία,
2044 1858 2084 1912 Β

423 1967 658 2020 αἰωνίαν
677 1969 778 2040 τὴν
800 1972 1152 2044 οἰκοδόμησιν
1191 1977 1612 2046 ἐπαγγέλλεται.
1652 1980 1786 2033 Οὐδὲ
1815 1981 1896 2043 είς
1921 1981 2012 2034 τὸν

419 2058 738 2128 Ζοροϐάϐελ
783 2063 944 2118 τοῦτο
985 2067 1238 2136 εἰρῆσθαι
1271 2070 1453 2129 καλῶς
1481 2071 1793 2141 νενοὴκασι,
1818 2074 1913 2126 καὶ
1949 2075 2012 2126 ἐκ

422 2147 594 2201 Δαϐὶδ
627 2149 686 2202 τὸ
713 2151 870 2219 γένος
923 2157 1218 2223 κατάγοντι
1240 2158 1307 2211 ’⁸.
1342 2159 1458 2213 Οὐκ
1514 2158 1664 2214 ἐστιν
1690 2161 1812 2215 οὐδέ
1856 2163 2013 2216 τοῦτο

421 2237 652 2308 ἀληθές.
675 2240 731 2295 Ὀ
754 2243 861 2314 γὰρ
883 2245 1188 2317 Ζοροϐάϐελ
1216 2249 1398 2318 ὀλίγον
1417 2253 1788 2324 ήγεμονεῦσαι
1810 2254 1856 2287 ³⁵
1883 2255 2014 2326 χρό-

421 2348 544 2394 νον,
577 2332 672 2386 τοῦ
705 2334 937 2390 θανάτου
993 2340 1086 2393 τὸν
1113 2340 1238 2412 ὅρον
1266 2342 1482 2408 ἐδέξατο
1508 2360 1523 2375 ⁸
1557 2348 1589 2415 ἡ
1619 2349 1928 2420 προφητεία
1958 2349 2016 2402 δέ

421 2425 666 2480 αἰωνίων
698 2428 922 2497 ἀγαθῶν
981 2435 1314 2503 ἐπαγγελίαν
1363 2437 1498 2508 ἔχει,
1533 2439 1628 2492 καὶ
1667 2440 1776 2493 τῶν
1831 2441 2006 2494 ἐθνῶν

427 2516 694 2576 ἁπάντων
716 2522 815 2592 τὴν
840 2524 920 2585 εἰς
957 2523 1090 2578 Θεὸν
1117 2527 1440 2596 ἐπίγνωσιν.
1485 2531 1528 2582 Π
1540 2529 1776 2601 ρόδηλον’
1812 2533 2014 2594 τοίνυν,

430 2607 520 2660 ὅτι
565 2610 646 2672 είς
695 2611 786 2666 τὸν
818 2613 1024 2684 Κύριον
1073 2619 1232 2688 ἡμῶν
1278 2619 1487 2689 Ἰησοῦν
1518 2623 1756 2694 Χριστὸν
1787 2623 2018 2697 [ταύτην

429 2700 688 2769 εἰρῆσθαι
721 2703 1034 2778 νοήσομεν1.
1076 2709 1141 2763 '0
1167 2711 1274 2777 γὰρ
1316 2710 1521 2783 Κύριος,⁵
1543 2713 1722 2784 ἡμῶν,
1761 2717 1824 2768 ἐκ
1854 2715 2019 2768 Δαϐὶδ

431 2788 694 2856 κατάγων
727 2795 870 2846 κατὰ
918 2795 1100 2865 σάρκα
1129 2796 1187 2849 τὸ
1209 2798 1386 2866 γένος,
1429 2799 1530 2871 τὴν
1565 2802 1700 2872 πρὸς
1723 2803 1816 2856 τὸν
1856 2803 2020 2856 Δαϐὶδ

431 2885 816 2954 γεγενημένην
839 2887 1176 2956 ἐπαγγελίαν
1201 2890 1546 2962 ἐπλήρωσεν.

1030 3015 1418 3074 EPMHNEIA.

645 3144 747 3209 Εἲς
776 3144 892 3213 τὴν
924 3143 1261 3216 ἐπιστολὴν
1297 3149 1418 3204 τῶν
1444 3151 1826 3208 ἀποστόλων.

517 3252 664 3306 Ἔδει
706 3254 782 3324 μὴ
821 3255 920 3327 τὴν
981 3258 1274 3331 ἐπιστολὴν
1315 3263 1572 3332 παρεῖναι
1620 3263 1804 3334 μόνον,
1828 3266 1917 3320 ἴνα
1948 3265 2023 3339 μὴ

429 3343 664 3412 λέγωσι,
714 3347 1182 3420 Συνηρπάγησαν,
1225 3351 1354 3406 ἀλλο
1379 3353 1496 3406 ἀντ’
1535 3355 1696 3409 ἄλλου
1754 3357 2024 3426 εἰπόντες,

432 3436 560 3490 ἀλλ’
591 3436 732 3492 ὥστε
764 3440 859 3494 καὶ
890 3441 1334 3515 ἀξιοπιστότερον
1374 3447 1632 3514 γενέσθαι
1677 3449 1737 3503 τὸ
1769 3452 2026 3522 πρᾶγμα,

437 3530 726 3600 πέμπουσι
765 3534 892 3597 τοὺς
927 3536 1058 3607 παρ’
1091 3537 1275 3600 αὐτοῖς
1295 3540 1360 3605 ’⁸,
1411 3541 1501 3594 ἵνα
1553 3541 1856 3598 ἀνύποπτοι
1891 3538 2030 3599 ὦσιν

430 3625 642 3690 οἱπερὶ
669 3625 760 3679 τὸν
797 3626 1010 3682 Παῦλον
1051 3632 1144 3684 καί
1189 3632 1500 3704 Βαρνάϐαν⁴
1535 3635 1654 3689 Ἵνα
1694 3636 1751 3689 δὲ
1796 3637 1870 3708 μὴ
1903 3638 2028 3710 δόξῃ

433 3714 697 3786 διαϐολῆς
728 3713 869 3773 εἶναι
905 3719 1121 3774 Παύλου
1163 3723 1255 3776 καὶ
1305 3724 1562 3796 Βαρνάϐα
1586 3727 1646 3780 τδ
1676 3728 1757 3790 είς
1785 3727 2030 3792 ἐκείνους

436 3807 844 3877 ἀποσταλῆναι,
881 3811 1296 3883 ἐγκωμιάζει²⁷
1344 3818 1559 3881 αὐτούς,
1604 3837 1625 3870 ι
1668 3818 2026 3890 Ἀνθρὼποις,

437 3898 582 3966 φησὶ
601 3897 668 3965 ³⁸,
694 3902 1114 3974 παραδεδωκόσι
1164 3906 1266 3970 τὰς
1316 3907 1497 3979 ψυχὰς
1554 3911 1735 3964 αὐτῶν
1766 3912 1908 3982 ὑπὲρ
1929 3911 2025 3965 τοῦ

437 3987 711 4057 ὀνόματος
769 3992 864 4044 τοῦ
912 3995 1120 4065 Κυρίου
1159 3997 1318 4066 ήμῶν
1373 3999 1552 4070 Ἰησοῦ
1600 4002 1865 4071 Χριστοῦ.
1907 4024 1924 4056 ι
1959 4033 2029 4045 -

445 4098 464 4130 ι
503 4078 709 4148 Ἔδοξε,
745 4083 879 4153 φησὶ
896 4085 996 4150 ⁸⁸¹,
1045 4087 1122 4158 τῷ
1172 4089 1315 4160 ἁγίῳ
1347 4091 1630 4163 Πνεύματι
1683 4096 1776 4148 καὶ
1816 4097 1969 4168 ἡμῖν.
2000 4118 2022 4151 τ

438 4170 696 4258 Οὐδαμοῦ
736 4175 845 4246 γὰρ
903 4178 1033 4248 περὶ
1069 4181 1275 4234 τούτων
1322 4181 1620 4256 διηλέγχθη
1637 4189 1682 4220 ’³
1716 4188 1745 4240 ὁ
1771 4189 2026 4258 Χριστὸς,

438 4262 564 4352 ἀλλ’
598 4255 747 4318 οὗτοι
782 4267 892 4321 ἀπὸ
942 4269 1034 4322 τοῦ
1066 4271 1232 4341 νόμου
1261 4273 1436 4328 ταῦτα
1485 4255 1759 4346 λέγουσιν.
1789 4255 1904 4334 Ἵνα
1955 4283 2029 4352 μὴ

438 4350 540 4408 οὖν
579 4355 703 4434 δόξῃ
731 4359 1077 4430 ἀνθρώπινον
1128 4360 1290 4428 εἶναι,
1339 4385 1359 4418 ι
1384 4367 1460 4438 τῷ
1489 4370 1630 4439 ἁγίῳ
1660 4350 1965 4442 Πνεύματι,
2004 4393 2022 4426 ι

442 4451 583 4519 φησι
605 4451 679 4484 ³⁰⁶
715 4455 811 4507 καὶ
855 4455 944 4509 ἵνα
1001 4457 1348 4529 διδαχθῶσιν,
1385 4463 1467 4516 δτι
1497 4466 1593 4518 καὶ
1650 4467 1808 4521 αὐτοὶ
1834 4469 2030 4522 ἀποδέο

2108 611 2300 651 nnvam
2357 595 2551 654 faciem
2604 599 2856 655 restituta
2885 611 3033 655 sunt.
3101 620 3118 652 ι
3158 600 3514 658 Surreximus
3547 604 3692 656 enim

2104 706 2228 746 cum
2260 691 2483 748 Christo
2511 693 2577 748 ⁷³.
2607 712 2625 745 ι
2661 693 2795 748 Nam
2823 709 2972 748 mors
2999 693 3216 763 quidem
3244 695 3490 749 omnimn
3513 695 3697 749 taber-

2108 784 2302 838 naenia
2362 785 2622 854 disiecit;
2662 798 2717 840 at
2762 787 3210 849 eadreaadillcavit
3255 786 3398 842 Deus
3450 787 3611 842 l’ater
3640 787 3695 840 in

2105 873 2349 929 Christo.
2380 875 2569 945 Neque
2614 888 2794 931 autem
2833 878 2939 931 alia
2986 879 3201 932 ratione
3233 879 3564 933 s‘ttrrexisset
3595 894 3700 932 uu-

2108 980 2270 1032 quam
2310 974 2504 1020 natura
2539 975 2751 1031 nostra,
2783 968 2888 1022 nisi
2921 969 2967 1024 is
2992 971 3083 1038 qui
3121 970 3362 1042 abinitio
3387 985 3504 1024 eam
3534 970 3700 1040 269
3767 1006 3772 1011 -

2111 1057 2391 1125 formavit,
2431 1075 2655 1114 manum
2695 1061 2746 1114 ei
2784 1061 3146 1129 porrexisset,
3174 1071 3230 1115 et
3254 1061 3492 1130 desuper
3521 1061 3699 1116 refor-

2109 1158 2312 1204 masset
2335 1152 2750 1221 regeneratione
2771 1166 2867 1220 per
2900 1167 3098 1222 aquam
3127 1162 3182 1207 et
3215 1151 3502 1220 Spiritum.
3539 1150 3700 1206 Ceci-

2111 1241 2266 1295 durat
2299 1243 2443 1295 enim
2479 1257 2612 1298 casu
2646 1258 2776 1298 vere
2806 1243 3149 1313 irrcparabili
3173 1285 3188 1309 ,
3218 1251 3275 1299 et
3317 1245 3700 1313 omnipotente

2111 1331 2204 1386 illa
2259 1349 2423 1388 manu
2472 1350 2610 1405 opus
2645 1335 2900 1391 habebat.
2934 1335 3049 1391 Hoc
3082 1345 3288 1401 autem,
3335 1335 3534 1405 inquit,
3588 1349 3698 1388 non

2112 1423 2178 1478 ad
2199 1424 2362 1480 breve
2383 1432 2600 1496 tempus
2618 1427 2859 1499 durabitI
2877 1427 3001 1481 sedc
3023 1428 3076 1481 in
3108 1427 3228 1482 dies
3250 1427 3571 1482 aeternitatis
3593 1425 3662 1478 ".
3678 1445 3695 1476 ι

2115 1515 2443 1585 Perpetuum
2477 1519 2622 1572 enim
2665 1519 2769 1574 erit
2812 1518 2973 1574 nobis
3005 1517 3442 1574 immortalitatis
3471 1517 3698 1572 donum.

2112 1607 2330 1660 Atvero
2358 1606 2531 1662 Judaei
2573 1609 2932 1678 respicientes
2957 1612 3024 1663 ad
3066 1609 3466 1677 captivitatem,
3494 1607 3611 1660 hare
3635 1606 3704 1660 de

2111 1696 2556 1773 Jcrosolymitani
2608 1703 2797 1773 templi
2845 1702 3273 1757 reaedilicatioue
3303 1702 3450 1756 dicta
3494 1700 3708 1754 intelle-

2115 1804 2311 1847 xerunt
2343 1809 2360 1858 ;
2401 1794 2546 1863 quod
2579 1809 2712 1850 sane
2734 1808 2923 1848 verum
2963 1808 3072 1847 non
3114 1803 3198 1849 est
3229 1811 3242 1848 :
3287 1807 3412 1845 nam
3441 1801 3496 1846 et
3518 1797 3705 1860 postea

2114 1885 2321 1952 pluries
2349 1887 2671 1940 subversum
2701 1895 2781 1942 est
2812 1903 2827 1952 ;
2861 1894 2916 1941 at
2941 1884 3231 1956 prophetia
3273 1891 3535 1940 aeternam
3570 1881 3708 1938 tedi-

2116 1974 2424 2030 licationem
2459 1977 2751 2044 promittit.
2782 1975 2970 2047 Neque
3009 1977 3076 2031 de
3131 1975 3471 2031 Zorohabele
3504 1974 3599 2044 qui
3640 1989 3706 2028 ex

2117 2064 2318 2121 Davide
2367 2081 2540 2137 genus
2577 2067 2846 2128 trahebat,
2871 2065 3080 2122 dictum
3125 2065 3228 2120 hoc
3265 2074 3413 2120 recte
3439 2065 3711 2132 interpre-

2117 2159 2211 2213 tati
2245 2167 2373 2214 sunt
2401 2177 2414 2213 :
2446 2159 2720 2240 siquidem
2746 2159 3081 2224 Zorobabel,
3123 2167 3413 2229 postquam
3433 2158 3499 2212 ad
3541 2157 3709 2212 breve

2119 2258 2333 2320 tempus
2390 2251 2699 2322 imperavit,
2757 2251 2950 2308 mortis
3001 2252 3294 2306 terminum
3358 2251 3584 2318 recepit.
3641 2251 3710 2302 At

2118 2344 2406 2414 prophetia
2437 2353 2642 2400 aeterna
2675 2345 2819 2400 bona
2853 2344 3168 2415 pollicetur,
3200 2352 3254 2398 et
3289 2358 3485 2398 omnes
3517 2348 3709 2413 gentes

2119 2433 2186 2488 ad
2216 2434 2306 2489 Dei
2329 2435 2699 2506 cognitionem
2717 2443 2979 2490 venturas
2998 2434 3313 2489 annuntiat.
3343 2434 3706 2503 Perspicuum

2119 2529 2202 2578 est
2229 2523 2416 2595 igitur,
2437 2524 2506 2579 de
2531 2524 2764 2580 Domino
2793 2534 2984 2581 nostro
3001 2525 3130 2580 Jesu
3155 2524 3376 2580 Christo
3400 2523 3707 2596 intelligen-

2119 2613 2245 2670 dam
2301 2630 2421 2669 eam
2462 2631 2605 2672 esse.
2642 2615 2907 2672 Dominus
2962 2617 3110 2673 enim
3173 2623 3364 2672 noster
3399 2631 3466 2671 ex
3509 2613 3711 2670 Davide

2120 2709 2329 2764 ducens
2376 2724 2552 2779 genus
2612 2709 2917 2765 secundum
2953 2723 3198 2774 carnem,
3253 2708 3456 2764 factam
3521 2707 3711 2764 Davidi

2121 2800 2540 2871 promissionem
2569 2799 2814 2873 implevit

2641 3013 3213 3071 COMMENTARIUS.

2493 3147 2556 3200 In
2613 3145 2893 3216 epistolam
2953 3143 3340 3214 apostolorum.

2202 3257 2522 3328 Congruum
2552 3264 2674 3313 erat
2708 3263 2768 3309 ut
2804 3253 3042 3324 epistola
3076 3252 3193 3308 sola
3222 3267 3330 3306 non
3382 3249 3697 3305 mitteretur

2131 3368 2200 3407 ue
2230 3351 2579 3422 subreptitia,
2641 3364 2736 3404 seu
2799 3362 2862 3403 ex
2900 3362 3010 3402 non
3044 3345 3190 3401 veris
3227 3342 3590 3400 relationibus
3610 3357 3707 3397 ex:

2133 3452 2274 3500 torta
2328 3445 2625 3500 diceretur.
2666 3440 2739 3498 Ut
2799 3457 2933 3497 vero
2971 3441 3235 3511 majorem
3270 3437 3428 3495 ﬁdem
3495 3437 3717 3510 negotio

2131 3539 2514 3603 conciliarent,
2585 3537 2809 3590 mittunt
2866 3535 3082 3604 aliquos
3139 3550 3205 3589 ex
3237 3532 3379 3597 suis,
3405 3547 3473 3586 ne
3516 3529 3718 3586 Paulus

2133 3639 2185 3685 et
2217 3628 2504 3684 Barnabas
2539 3629 2592 3682 in
2627 3627 3006 3696 suspicionem
3040 3624 3320 3680 venirent.
3354 3624 3431 3679 Ac
3463 3639 3533 3679 ne
3563 3621 3718 3693 parvi

2133 3736 2230 3776 eos
2263 3721 2504 3790 pendere
2533 3719 2879 3783 viderentur,
2913 3717 3060 3787 quod
3095 3718 3165 3772 iis
3203 3715 3373 3771 veluti
3422 3714 3720 3770 tabellariis

2134 3821 2444 3875 uterentur,
2481 3812 2630 3880 ipsos
2659 3810 2906 3873 laudant,
2938 3808 3334 3873 «Hominibus,
3373 3807 3713 3877 inquientes,

2133 3906 2230 3975 qui
2293 3904 2648 3960 tradiderunt
2684 3903 2898 3958 animas
2937 3915 3069 3958 suas
3110 3916 3209 3970 pro
3251 3900 3470 3955 nomine
3503 3896 3719 3954 Domini

2130 3998 2306 4054 nostri
2329 3999 2456 4054 Jesu
2489 3996 2717 4052 Christi.
2760 4009 2778 4049 ι
2808 3993 3069 4049 Scribunt
3097 4007 3226 4046 vero
3288 4010 3300 4045 :
3339 4009 3360 4045 ι
3397 3988 3590 4046 Visum
3628 3997 3716 4045 est

2135 4091 2365 4163 Spiritui
2414 4099 2606 4146 sancto
2634 4098 2690 4145 et
2738 4087 2926 4144 nobis.
2962 4106 2980 4140 ι
3020 4083 3228 4140 Nullibi
3281 4084 3428 4139 enim
3488 4083 3558 4138 de
3629 4080 3718 4138 his

2133 4170 2480 4242 disseruerat
2530 4182 2826 4244 Christus;
2856 4180 2952 4236 sed
2984 4177 3219 4250 apostoli
3249 4193 3314 4232 ex
3351 4176 3468 4246 lege
3499 4175 3720 4228 decreta

2134 4279 2239 4333 ista
2269 4281 2752 4346 exprompserunt.
2795 4271 2874 4327 Ne
2938 4272 3108 4342 igitur
3147 4269 3429 4325 hominum
3466 4265 3720 4323 doctrina

2134 4384 2198 4426 ea
2228 4369 2534 4432 videretur,
2561 4367 2756 4422 dicunt
2781 4382 2826 4421 ει
2851 4363 3044 4418 Visum
3059 4371 3143 4417 est
3175 4359 3405 4431 Spiritui
3433 4366 3661 4413 sancto:
3697 4375 3716 4408 ι

2135 4479 2198 4518 ac
2225 4471 2285 4516 ut
2323 4461 2684 4518 ostenderent
2753 4475 2813 4514 se
2843 4472 3087 4527 quoque,
3121 4469 3441 4524 quanquam
3481 4451 3721 4506 circum-

442 4559 660 4611 χονται,
698 4547 793 4599 καὶ
849 4548 908 4601 ἐν
940 4554 1213 4622 περιτομῇ
1268 4551 1442 4620 ὄντες,
1493 4556 1744 4628 ἐπήγαγε
1766 4559 1805 4591 ³¹
1839 4578 1850 4592 ·
1892 4578 1910 4612 ι
1937 4562 2021 4614 καῖ

2139 4554 2241 4610 eisi
2283 4561 2492 4617 essent,
2526 4567 2646 4606 eam
2691 4551 2958 4618 recipere,
2999 4548 3251 4601 addunt:
3295 4563 3313 4595 ι
3350 4551 3406 4597 et
3476 4543 3655 4597 nobis.
3699 4559 3718 4593 ι

443 4635 604 4706 ἡμῖν.
633 4656 652 4688 ι
700 4638 995 4695 Ἦδύναντο
1044 4643 1144 4711 μὲν
1194 4645 1302 4716 γάρ
1350 4648 1444 4700 καὶ
1479 4649 1649 4719 χωρὶς
1690 4653 2036 4723 γραμμάτων

443 4729 622 4784 ταῦτα
671 4731 931 4803 δηλῶσαι,
987 4735 1123 4791 ἀλλὰ
1165 4738 1253 4792 διὰ
1286 4741 1348 4793 τὸ
1397 4740 1727 4808 ἀνύποπτον,
1760 4745 1854 4798 καὶ
1897 4745 2036 4800 ὥστε

447 4825 613 4893 νόμον
663 4825 942 4898 ἔγγραφον
997 4828 1311 4902 βουλόμενοι
1342 4832 1516 4887 ταῦτα
1560 4835 1834 4902 γενέσθαι,
1896 4840 2033 4910 γρά-

447 4933 611 4984 φουσι
684 4920 784 4988 τὴν
840 4922 1154 4993 ἐπιστολήν.
1215 4925 1411 4997 Παύλῳ
1439 4928 1483 4959 ³¹
1545 4928 1686 4982 ὥστε
1747 4931 2035 5002 πεισθῆναι

445 5010 528 5079 τῷ
567 5011 738 5081 νόμῳ,
782 5012 1028 5085 τέσσαρα
1053 5015 1228 5071 ταῦτα
1255 5017 1737 5091 ἀπαγορεύσαντες
1765 5030 1938 5078 ποιεῖν
1969 5026 2037 5080 τά

448 5100 602 5170 ἔθνη,
627 5103 696 5158 τὰ
722 5103 885 5159 λοιπά
913 5106 1100 5171 αὐτοῖς
1125 5108 1535 5181 συνεχώρησαν.
1575 5114 1640 5166 Τί
1668 5115 1726 5169 δέ
1759 5117 1876 5170 ἐστι
1901 5118 2035 5170 ταῦ-

450 5209 556 5258 τα;
619 5213 639 5246 ι
677 5195 1031 5267 Ἀπέχεσθαι,
1091 5201 1280 5269 φησιν,
1333 5203 1726 5273 εἰδωλοθύτων,
1778 5208 2032 5276 αἵματος,

453 5284 702 5353 πνικτοῦ,
725 5288 822 5342 καὶ
855 5290 1132 5359 πορνείας.
1159 5310 1178 5344 ι

539 5561 817 5620 "Coloss.
863 5583 945 5627 Ill,
986 5569 1032 5622 Ι.
1113 5570 1160 5600 ⁷⁸
1195 5566 1400 5626 llPetr.
1437 5587 1518 5637 ιιι,
1547 5573 1632 5626 18.

2139 4647 2208 4703 Et
2236 4647 2456 4718 quidem
2489 4650 2746 4714 poterant
2776 4641 2856 4696 illi
2908 4642 3070 4695 etiam
3103 4639 3311 4706 absque
3374 4635 3571 4689 litteris
3610 4633 3724 4688 haec

2127 4749 2272 4797 -nota
2309 4741 2490 4796 facere
2525 4755 2538 4792 :
2575 4736 2823 4793 scribere
2858 4744 3042 4786 tamen
3111 4733 3453 4790 maluerunt,
3488 4737 3547 4780 ut
3601 4741 3722 4779 oln-

2140 4850 2260 4890 nem
2294 4833 2485 4904 procul
2525 4830 2881 4886 admoverent
2915 4823 3322 4893 suspicionem,
3369 4829 3424 4874 et
3455 4831 3514 4873 ut
3567 4818 3726 4891 iise-

2139 4927 2240 4982 luti
2290 4926 2465 4996 legem
2528 4922 2792 4990 scriptam
2855 4918 3146 4972 haberent.
3209 4913 3288 4969 Ac
3339 4921 3604 4983 prazterea
3665 4909 3720 4962 in

2139 5017 2398 5073 Mosaicae
2431 5013 2568 5084 legis
2599 5009 2955 5080 obsequium,
3021 5006 3123 5061 ista
3159 5014 3398 5074 quatuor
3434 5000 3726 5070 prohibent

2134 5109 2481 5181 gentilibus,
2537 5112 2734 5160 caetera
2810 5101 2947 5172 ipsis
3028 5099 3296 5154 relaxant.
3387 5093 3526 5148 Sunt
3579 5105 3713 5146 vero

2142 5205 2235 5258 illa
2271 5220 2285 5258 :
2323 5220 2341 5252 ι
2389 5199 2684 5256 Abstinere
2712 5197 2781 5250 ah
2810 5193 3152 5264 idolodtytis,
3193 5214 3212 5242 ι
3253 5205 3350 5245 seu
3385 5188 3454 5241 ab
3482 5189 3548 5240 iis
3604 5199 3726 5252 qua:

2143 5295 2308 5353 idolis
2335 5292 2613 5347 immolata
2649 5295 2826 5355 erant,
2866 5307 2885 5339 ι
2923 5303 2952 5342 a
2976 5285 3261 5357 sanguine.
3293 5297 3321 5337 a
3376 5278 3643 5336 sullocato
3671 5285 3726 5332 et

2147 5407 2177 5444 a
2217 5384 2600 5443 fornicatione.
2651 5401 2670 5434 ι

1617 5686 1812 5748 Variae
1835 5686 2146 5749 lectiones
2192 5691 2255 5747 et
2304 5690 2496 5745 netu},

527 5775 573 5806 “
607 5776 694 5855 lq.
728 5781 1056 5855 κατάγοντα.
1161 5785 1204 5817 ’⁵
1233 5785 1629 5855 ἡγεμονεύσας.

1706 5789 1752 5820 ³⁸
1782 5787 1982 5844 αὐτῶν.

459 5842 505 5875 ac
545 5849 698 5914 (Paci.
780 5852 820 5882 at
856 5842 1144 5921 ἐπάγουσι,
1226 5842 1488 5912 ³ί111ἆλιν.

2093 5789 2136 5820 ’⁷
2162 5784 2596 5857 ἐγκωμιάζουσι.
2677 5781 2721 5819 ⁸⁸
2750 5755 2904 5855 φασί.
3005 5779 3068 5812 ³⁸⁸
3104 5778 3256 5849 φασί.
3387 5779 3430 5811 ’⁸
3455 5775 3724 5846 διελέχίίη.
