4082 6466
262 424 358 491 985

912 417 1455 482 EXPOSITIONIS
1488 418 1571 483 IN
1607 420 1801 482 ACTA
1822 416 2440 508 TEXTUSZALTER.
2474 450 2539 462 -
2569 424 2724 487 CAP.
2748 425 2910 503 XVI.

3436 425 3544 493 986

262 537 525 611 ἀλλήλωνο
563 534 661 591 καὶ
712 532 962 598 eludente.
988 534 1169 609 ὀπερ
1194 531 1356 608 [γὰρ]
1375 533 1612 600 ἕκαστος
1634 535 1880 602 ὕπέλα-ζ,

1984 550 2056 593 u‘o
2091 537 2388 610 accepistis
2419 538 2709 593 mandata:
2736 539 2782 593 si
2815 536 3027 593 venerit
3047 535 3115 592 ad
3144 550 3266 605 vos,
3306 537 3546 608 excipite

266 630 352 684 σεν
418 623 562 682 εἶναι
615 626 916 692 λυσιτελὲς,
974 623 1137 681 τοῦτο
1188 625 1330 697 μετὰ
1368 624 1542 682 ταῦτα
1576 629 1639 682 οὐ
1683 645 1850 699 προσ-

266 722 454 798 ήκατο.
493 718 581 773 διὰ
616 718 716 789 τὴν
740 717 880 789 πρὸς
907 719 1116 772 ἐκεῖνον
1134 717 1459 793 κοινωνίαν.
1491 720 1654 773 Δοκεῖ
1677 718 1737 773 δὲ
1760 712 1853 775 καὶ

268 817 405 870 κατά
448 812 682 867 ’σύνεσιν
731 810 1062 881 γεγενῆσθαι
1090 812 1195 885 ,τὸν
1241 812 1546 885 χωρισμὸν,
1578 815 1678 870 καὶ
1718 815 1855 886 πρὸς

275 905 531 975 ἀλλήλους
560 903 735 957 είπεῖν
754 918 770 933 ο
811 920 830 954 ι
857 901 1035 957 Ὅταν
1073 901 1138 975 [Ῑ.
1172 901 1280 976 ὅτι]
1305 904 1506 977 ’ἐπειδὴ
1533 904 1647 975 ἐγὼ
1670 905 1856 978 βούλου

269 1013 384 1068 μαι,
420 996 487 1049 σὺ
520 994 579 1049 δὲ
623 995 683 1047 ού
726 991 930 1064 βούλει,
972 993 1060 1047 ἵνα
1097 992 1173 1065 μὴ
1211 989 1539 1067 μαχώμεθα,
1560 996 1857 1068 διανειμιῦ-

271 1088 408 1157 μεθα
446 1087 578 1150 τοὺς
616 1085 852 1149 τόπους⁶
882 1085 1026 1140 ὥστε
1086 1087 1232 1141 πάνυ
1298 1089 1544 1154 εἴκοντες
1600 1088 1857 1160 ἀλλήλοις

269 1180 424 1233 τοῦτο
457 1179 699 1234 ἐποίουν.
733 1178 1020 1235 Ἐϐούλετο
1045 1178 1157 1250 γὰρ
1182 1179 1488 1250 ἀποστῆναι
1506 1181 1555 1214 ³⁸
1581 1180 1675 1234 τοῦ
1706 1180 1857 1235 Παύ-

274 1269 365 1322 λου
409 1270 439 1321 ὁ
478 1268 793 1339 Βαρνάϐας.
822 1268 902 1321 διὸ
935 1268 1034 1323 καὶ
1055 1268 1432 1340 ἀνεχώρησεν.
1460 1270 1653 1341 Ὅμως
1676 1271 1770 1326 καὶ
1801 1273 1860 1325 ὲν

269 1363 382 1423 τοῖς
430 1361 745 1430 προφήταις
798 1359 958 1415 τοῦτο
1004 1361 1364 1432 εὑρίσκομεν,
1395 1362 1697 1434 διαφόρους
1720 1363 1859 1433 γνὼ-

274 1470 376 1523 μας
422 1453 519 1506 καὶ
550 1454 796 1524 διάφορα
848 1452 982 1524 ἤθη.
1010 1448 1159 1517 υἷον,
1189 1456 1219 1508 6
1261 1452 1450 1519 Ἠλίας
1479 1457 1788 1528 αὐστηρόςο
1831 1458 1862 1509 6

270 1544 513 1612 Μωῦσῆς
543 1545 740 1615 πρᾶος.
773 1542 934 1598 θ’ύτω
979 1543 1043 1616 δὴ
1090 1547 1189 1600 καὶ
1242 1546 1519 1601 ἐνταῦθα·
1568 1547 1860 1618 σφοδρότε-

274 1636 360 1708 ρὸς
397 1637 546 1689 ἐστιν
572 1639 599 1689 6
640 1634 854 1700 Παῦλος
895 1636 1175 1707 Βαρνάϐα.
1205 1638 1357 1693 Πάνυ
1405 1638 1463 1693 δὲ
1520 1639 1722 1709 ὠφέλει
1769 1640 1864 1694 τὸν

272 1733 499 1803 Μάρκον
526 1733 561 1802 ἡ
598 1731 747 1802 μάχη
780 1729 922 1799 αὕτη
945 1747 961 1763 ·
990 1730 1057 1785 τὸ
1084 1731 1185 1802 μὲν
1232 1731 1345 1805 γάρ
1383 1734 1600 1788 Παύλου
1633 1733 1867 1806 φοϐερὸν

1954 631 2131 689 illum.
2157 650 2268 685 μ·-
2290 649 2310 685 ι
2335 630 2499 688 Facta
2525 638 2612 688 est
2636 640 2817 687 autem
2840 628 3135 688 dissensio.
3179 649 3200 684 ι
3239 622 3561 698 οἱεεεηείο,’

1955 722 2159 794 inquit.
2198 721 2349 797 facta
2379 729 2500 790 est;
2532 731 2588 778 at
2613 737 2724 778 non
2757 722 3050 778 inimicitia
3082 738 3264 794 neque
3319 710 3550 780 conten-

1959 812 2058 869 tio.
2117 812 2271 869 Adeo
2303 822 2489 870 tamen
2522 814 2759 870 invaluit
2785 813 3064 871 dissensio
3102 814 3231 881 ista,
3256 823 3316 869 ut
3342 829 3438 871 eos
3462 816 3549 873 ab

1959 908 2198 964 invicem
2228 907 2599 978 separaverit:
2624 917 2679 964 et
2706 907 2906 965 merito
2937 908 3160 979 quidem
3199 924 3214 960 :
3241 922 3370 962 nam
3400 904 3546 976 quod

1960 1008 2197 1072 uterque
2219 1001 2354 1058 utile
2384 1014 2508 1058 esse
2532 1001 2849 1070 reputabat,
2878 1000 3013 1055 illud
3058 1009 3249 1070 postea
3282 1016 3391 1055 non
3450 999 3553 1054 ad-

1963 1093 2233 1160 misisset,
2294 1094 2341 1150 si
2403 1091 2569 1150 simul
2625 1108 2751 1163 cum
2809 1100 2932 1164 ipso
2985 1094 3245 1150 fuissent.
3280 1092 3555 1149 Videntur

1962 1187 2130 1243 etiam
2193 1184 2331 1241 mihi
2382 1185 2537 1256 juxta
2581 1186 2893 1256 prudentia:
2940 1186 3089 1258 leges
3147 1188 3552 1255 separationem

1970 1277 2136 1333 istam
2165 1275 2367 1333 iecisse
2392 1291 2457 1333 ac
2519 1276 2729 1334 dixisse
2787 1278 3114 1333 alterutrum
3146 1294 3161 1332 :
3192 1277 3554 1346 Quandoquio
3598 1336 3601 1339 η

1963 1369 2111 1435 dem,
2165 1370 2311 1450 quod
2342 1384 2443 1440 ego
2484 1370 2631 1436 volo,
2665 1378 2722 1425 tu
2759 1384 2867 1424 non
2895 1372 2973 1426 vis
2993 1412 3007 1434 ,
3055 1384 3125 1424 ne
3148 1382 3454 1440 pugnemus
3486 1367 3554 1421 ad

1967 1461 2229 1527 invicem,
2272 1461 2394 1517 loco
2419 1477 2521 1518 nos
2550 1475 2900 1532 separemus.
2938 1462 3119 1529 Quare
3168 1462 3397 1516 multum
3452 1459 3554 1513 sibi

1966 1564 2163 1612 mutuo
2193 1555 2487 1621 cedebant,
2538 1555 2764 1627 quando
2815 1556 2964 1612 istud
3023 1555 3325 1611 fecerunt:
3383 1552 3561 1607 voluit

1969 1650 2117 1704 enim
2145 1648 2448 1713 Barnabas,
2481 1656 2538 1702 ut
2571 1648 2720 1703 Pauli
2753 1650 3023 1703 intentum
3078 1647 3399 1702 subsisteret
3427 1684 3445 1711 ,
3507 1652 3563 1698 ct

1971 1736 2179 1791 idcirco
2210 1736 2403 1791 abillo
2462 1737 2745 1794 discessit.
2782 1738 3053 1792 Cancrum
3108 1736 3274 1791 etizm
3324 1734 3379 1788 in
3434 1746 3565 1802 pro-

276 1822 620 1894 ἐπέστρεφεν
655 1822 851 1876 αὐτόν’
882 1821 944 1877 τὸ
970 1821 1029 1877 δὲ
1061 1822 1321 1895 Βαρνάϐα
1373 1825 1637 1895 χρηστδν,
1690 1826 1866 1878 ἐποίει

1984 1829 2177 1899 pinetis.
2213 1828 2319 1884 boc
2374 1830 2708 1899 reperimus.
2742 1845 2939 1900 nempe.
2980 1830 3231 1885 diversas
3263 1830 3566 1884 sententias

282 1914 484 1985 μηκέτι
543 1915 968 1986 ἀπολειφθῆναι.
1002 1915 1469 1987 Ὠστέμάχονται
1503 1918 1623 1986 μὲν,
1646 1917 1785 1990 πρὸς
1809 1918 1869 1971 ἓν

1984 1928 2028 1974 et
2079 1920 2332 1975 diversos
2391 1934 2597 1976 mores.
2649 1920 2751 1978 Ex.
2807 1938 2891 1992 gr.
2925 1923 3073 1977 Elias
3100 1929 3218 1975 erat
3270 1927 3560 1981 austeros,

272 2007 325 2059 δὲ
359 2007 517 2069 τέλος
559 2006 705 2060 ἅπαν
727 2005 773 2039 ³⁸
819 2007 883 2061 τὸ
934 2006 1150 2078 κέρδος.
1201 2009 1316 2063 Καὶ
1344 2008 1452 2081 γὰρ
1489 2008 1700 2062 Παῦλον
1724 2011 1867 2078 ὁρῶν

273 2098 606 2169 αἱρούμενον
629 2098 965 2169 ἀποστῆναι,
1015 2100 1159 2154 πάνυ
1191 2100 1460 2172 ἐφοϐήθη,
1492 2102 1589 2155 καὶ
1620 2102 1869 2169 κατέγνω

275 2191 472 2246 ἑαυτοῦ
492 2210 506 2222 ·
540 2193 636 2247 καὶ
685 2191 976 2264 Βαρνάϐας
999 2192 1048 2226 ⁸⁸
1067 2192 1212 2265 ὁρῶν
1244 2195 1422 2259 οὕτως
1447 2195 1615 2249 αὐτοῦ
1640 2195 1867 2266 ἀντεχό-

279 2301 465 2355 μενον,
503 2284 647 2340 πάνυ
700 2283 768 2339 ἂν
816 2283 983 2340 αὑτὸν
1025 2285 1253 2357 ἐφίλησε
1279 2301 1293 2318 '
1344 2287 1443 2340 καὶ
1496 2286 1799 2357 διωρθοῦτο
1842 2289 1872 2340 6

279 2375 534 2447 μαθητὴς
561 2376 651 2431 διὰ
676 2378 778 2446 τῆς
807 2376 988 2449 μάχης
1012 2377 1124 2431 τῶν
1150 2377 1486 2432 διδασκάλων
1513 2395 1526 2409 ·
1561 2378 1658 2432 καὶ
1682 2378 1874 2433 τοσοῦ-

281 2483 371 2539 τον
420 2468 713 2539 άπεῖσχεπ
760 2468 858 2524 τοῦ
910 2468 1396 2538 πανδαλισθῆναι.
1447 2470 1538 2532 Ὣς
1588 2469 1698 2542 γὰρ
1732 2466 1875 2524 εἶδεν

282 2558 481 2613 ἑαυτὸν
512 2559 688 2624 οὕτως
715 2560 1053 2632 ἐκϐληθέντα
1080 2559 1172 2614 διὰ
1201 2561 1301 2630 τὴν
1317 2560 1604 2631 ρᾳθυμίαν
1638 2560 1748 2613 ἀπὸ
1780 2558 1874 2613 τοῦ

278 2653 519 2717 Παύλου,
551 2653 782 2707 ἔσπευδε
819 2652 919 2724 μὲν
963 2653 1060 2707 καὶ
1107 2656 1175 2723 τῇ
1206 2651 1487 2724 προθυμίᾳ
1518 2651 1596 2721 τῷ
1638 2651 1877 2723 δευτέρῳ

269 2741 468 2814 ,δρόμῳ
489 2742 732 2813 καλύψαι
765 2743 866 2815 τὴν
912 2743 1191 2815 προτέραν
1235 2741 1524 2813 νωχελίαν,
1545 2742 1698 2796 πάνυ
1727 2742 1876 2812 ὠφε-

281 2836 479 2907 ληθεὶς
518 2836 626 2891 άπδ
670 2836 770 2909 τῆς
825 2835 1117 2907 ἀκριϐείας
1144 2835 1240 2889 τοῦ
1286 2834 1524 2890 Παύλου.
1560 2834 1685 2889 Ὅτι
1728 2834 1789 2889 δὲ
1816 2834 1877 2888 ού

284 2929 518 2997 γέγονεν
551 2928 721 2999 ἔχθρα
751 2930 868 2992 τοῖς
895 2927 1243 2994 ἀποστόλοις,
1290 2926 1572 2981 δείκνυται
1601 2926 1881 2995 πανταχοῦ

283 3020 434 3091 μετὰ
457 3020 635 3084 τοῦτο,
682 3019 972 3091 Βαρνάϐας
1008 3019 1229 3074 πολλῶν
1256 3018 1554 3088 ἐγκωμίων
1590 3017 1884 3073 ἀπολαύων

281 3112 441 3183 παρὰ
477 3113 572 3167 τοῦ
594 3113 812 3169 Παύλου
845 3112 905 3167 ἐν
943 3114 1066 3175 ταῖς
1096 3110 1436 3174 ἐπιστολαῖς.

1970 2009 2152 2066 Moses
2208 2011 2368 2066 lenis.
2422 2009 2519 2065 Sic
2567 2019 2621 2067 et
2648 2011 2755 2074 ltic,
2815 2009 3022 2064 Paulus
3081 2005 3459 2062 vehementior
3479 2011 3568 2077 est

1977 2104 2252 2160 Barnaba.
2339 2102 2513 2157 Multo
2544 2112 2730 2158 autem
2795 2102 3172 2157 emolumento
3227 2098 3329 2150 luit
3381 2094 3567 2149 Marco
3654 2134 3662 2141 .

1973 2212 2153 2267 pugna
2184 2199 2290 2253 ista
2318 2211 2335 2249 :
2374 2211 2500 2251 nam
2530 2185 2686 2250 Pauli
2729 2194 2990 2250 terribilis
3022 2194 3175 2261 rigor
3224 2192 3404 2260 ipsum
3434 2201 3571 2241 cou-

1974 2290 2164 2355 vertit,
2237 2290 2552 2360 benignitas
2607 2297 2790 2342 autem
2846 2285 3108 2341 Barnabze
3137 2281 3320 2336 eli‘ecit
3354 2288 3422 2334 ue
3450 2292 3570 2331 am-

1976 2381 2126 2452 plius
2173 2383 2606 2451 relinqueretur.
2640 2381 2825 2448 Quare
2881 2391 3126 2449 pugnant
3178 2375 3400 2443 quidem
3464 2369 3567 2436 illi,

1977 2473 2075 2529 sed
2107 2474 2175 2527 ad
2204 2475 2459 2530 eumdem
2496 2474 2678 2529 linem.
2714 2472 2850 2526 Nam
2877 2472 3096 2525 Marcus
3124 2467 3319 2522 videns
3340 2462 3572 2517 Paulum

1982 2566 2255 2621 volentem
2315 2565 2629 2627 discedere,
2695 2565 3020 2621 salutariter
3074 2560 3400 2633 perterritus
3465 2564 3574 2620 cst;

1982 2672 2154 2728 seque
2202 2658 2638 2724 condemnavit;
2692 2666 2748 2713 et
2778 2646 2997 2711 ridens
3058 2653 3366 2709 Barnabam
3435 2648 3578 2703 adeo

1984 2749 2225 2820 benigne
2248 2766 2308 2806 se
2337 2751 2723 2823 recipientem,
2758 2764 2977 2805 summo
3007 2760 3195 2801 amore
3244 2743 3321 2797 illi
3373 2740 3572 2795 devin-

1983 2847 2106 2896 ctus
2141 2847 2258 2896 est:
2288 2841 2537 2911 adeoque
2569 2841 2892 2896 emendatus
2923 2847 3007 2894 est
3038 2832 3344 2905 discipulus
3395 2844 3577 2902 pugna
3608 2870 3613 2877 .

1984 2930 2375 3002 magistrorum
2407 2950 2422 3000 ;
2452 2940 2672 2988 tantum
2739 2931 2934 2997 abluit,
2965 2937 3025 2984 ιιι
3047 2924 3381 2983 oﬂ‘endiculo
3413 2922 3467 2977 id
3498 2920 3575 2975 illi

1987 3033 2157 3080 esset.
2188 3024 2328 3080 Cum
2355 3027 2502 3083 enim
2534 3042 2657 3083 sese
2685 3026 2919 3081 vidisset
2964 3024 3039 3078 ita
3074 3037 3103 3076 a
3131 3016 3305 3075 Paulo
3354 3024 3581 3090 propter

1988 3102 2377 3185 negligentiam
2427 3118 2719 3185 reiectum,
2781 3114 2979 3183 sategit
3025 3111 3272 3169 secundo
3323 3109 3583 3162 incursu

280 3223 384 3279 per
460 3208 726 3278 majorem
792 3205 1139 3261 alacritatem
1208 3203 1451 3274 priorem
1497 3202 1837 3269 tarditatem
1877 3217 2239 3276 compensare
2282 3217 2339 3264 et
2392 3210 2671 3279 obtegere.
2730 3206 2915 3274 Quare
2936 3219 3219 3267 summam
3280 3201 3574 3256 utilitatem

211 3336 231 3354 .
282 3305 443 3373 ερνίι
482 3312 549 3358 ex
582 3304 764 3374 rigore
816 3300 994 3356 Pauli.
1024 3298 1184 3366 Quod
1211 3287 1343 3353 vero
1370 3296 1663 3352 inimicitia
1715 3298 1868 3354 nulla
1910 3296 2056 3356 inter
2080 3303 2367 3372 apostolos
2392 3303 2581 3368 fuerit,
2612 3304 2697 3359 vel
2741 3319 2806 3358 ex
2839 3318 2905 3358 eo
2939 3308 3106 3372 patet,
3152 3297 3317 3370 quod
3394 3304 3584 3366 postea

280 3397 498 3455 Paulus
515 3396 720 3468 passim
752 3395 809 3451 in
837 3396 955 3453 suis
1012 3392 1264 3462 epistolis
1288 3390 1598 3446 Barnabam
1655 3390 1878 3447 eximiis
1914 3396 2187 3450 encomiis
2217 3397 2587 3452 deeoraverit.

884 3484 1138 3541 ΚΕΦᾹΛ.
1181 3484 1313 3537 Kl".

282 3584 433 3653 Περὶ
484 3578 1021 3650 τῆς-,κατηχήσεως
1084 3575 1388 3645 Τιμοθέου,
1435 3572 1534 3629 καί
1576 3571 1691 3639 τῆς
1738 3573 1893 3628 κατὰ

354 3673 763 3743 ἀποκάλυψιν
790 3672 1052 3742 ἀφίξεως
1084 3670 1332 3725 Παύλου
1362 3671 1450 3733 είς
1480 3665 1884 3723 Μακεδονίαν

354 3767 436 3821 ἐν
455 3759 504 3833 ᾦ
537 3766 670 3832 περὶ
718 3765 983 3828 πίστεως
1029 3760 1130 3814 καὶ
1167 3758 1469 3827 σωτηρίας
1489 3755 1656 3821 τινὸς
1682 3771 1892 3825 γυναι-

358 3860 477 3924 κὸς
540 3856 765 3922 Λυδίας
788 3896 805 3922 ,
850 3854 952 3910 καί
1011 3852 1145 3922 περὶ
1204 3850 1421 3915 ἰάσεως
1473 3847 1589 3917 τῆς
1652 3846 1897 3916 πνεῦμα

359 3950 656 4013 Πύθωνος
692 3947 960 4016 ἐχούσης
985 3944 1336 4010 παιδίσκης,
1365 3938 1440 3994 δι’
1471 3930 1554 4007 ἣν
1606 3936 1716 3991 τὸν
1735 3935 1894 3991 Παῦε

358 4047 484 4099 λον
513 4039 836 4109 καθεῖρξαν
860 4041 916 4092 οί
942 4037 1253 4091 δεσπόται.

895 4126 1294 4185 ΚΕΙΜΕΝΟΝ.
1348 4194 1349 4197 γ

362 4223 705 4296 Κατήντησε
759 4222 818 4277 δὲ
877 4221 959 4286 είς
980 4220 1195 4290 Δέρϐην
1224 4217 1322 4272 καὶ
1355 4216 1438 4281 είς
1473 4215 1765 4287 Λύστρανο
1799 4214 1897 4269 καὶ

294 4318 411 4374 ίδοὺ
464 4315 719 4387 μαθητής
776 4329 857 4377 τις
917 4306 993 4384 ἦν¹
1020 4312 1137 4364 ἐκεῖ
1170 4308 1396 4380 ὀνόματι
1459 4307 1749 4377 Τιμόθεος,
1778 4306 1896 4369 υίὸς

290 4411 565 4479 γυναικός
615 4424 761 4471 τινος
794 4404 1056 4468 Ἰουδαίας
1098 4402 1324 4471 πιστῆς,
1372 4402 1582 4471 πατρὸς
1614 4400 1674 4454 δὲ
1697 4399 1893 4468 ’Έλλη-

290 4519 417 4567 νοςο
456 4501 517 4566 ὃς
548 4500 922 4571 ἐμαρτυρεῖτο
960 4496 1067 4549 ὑπὸ
1093 4495 1205 4549 τῶν
1235 4493 1295 4547 ἰν
1330 4492 1601 4562 Λύστροις
1630 4493 1725 4545 καὶ
1750 4489 1887 4544 Ἰκο-

290 4597 398 4667 νίῳ
443 4592 716 4663 ἀδελφῶν.
747 4590 954 4644 Τοῦτον
995 4582 1264 4658 ἠθέλησεν
1295 4587 1323 4640 6
1357 4584 1569 4648 Παῦλος
1616 4584 1714 4637 σὺν
1745 4581 1899 4653 αὐτῷ

288 4686 583 4754 ἑξελθεῖνο
633 4684 730 4738 καὶ
789 4681 973 4737 λαϐὼν
1025 4680 1354 4750 περιέτεμεν
1393 4677 1578 4742 αὐτὸν,
1637 4674 1729 4727 διὰ
1773 4672 1901 4737 τοὺς

302 4772 610 4841 Ἰουδαίους
637 4778 761 4842 τοὺς
797 4776 963 4836 ὄντας
1001 4775 1060 4829 ὲν
1094 4775 1209 4836 τοῖς
1224 4772 1411 4834 τόποις
1433 4771 1693 4830 ἐκείνοις.
1715 4766 1901 4839 ’ᾘδει-

2464 3487 2629 3559 272
2666 3483 2897 3541 CAPUT
2919 3480 3125 3537 xxnt.

2066 3578 2145 3633 οι
2188 3581 2541 3635 instructione
2574 3578 2855 3642 Timothei,
2886 3586 2937 3631 et
2964 3574 3029 3629 de
3055 3574 3286 3628 adventu
3321 3571 3478 3627 Pauli
3531 3570 3591 3624 in

1991 3672 2359 3727 Macedoniam
2384 3673 2549 3742 juxta
2568 3672 2956 3727 reuelationem.
2989 3666 3091 3721 Ubi
3111 3666 3177 3720 de
3230 3665 3334 3733 ﬁde
3363 3672 3410 3718 et
3439 3662 3589 3717 salu-

1996 3775 2044 3821 te
2063 3765 2349 3835 cujusdam
2389 3764 2634 3818 mulieris
2662 3761 2870 3833 Lydiae,
2904 3768 2953 3814 et
2987 3758 3053 3813 de
3079 3758 3365 3813 sanatione
3395 3753 3589 3824 puella:

1992 3874 2111 3930 qua:
2137 3857 2364 3913 habebat
2393 3857 2639 3923 spiritum
2679 3853 2989 3924 Pythonem,
3009 3855 3073 3905 ob
3107 3865 3266 3921 quam
3291 3846 3506 3902 Paulus
3533 3850 3589 3899 in

1995 3967 2261 4007 carcerem
2287 3953 2556 4020 confectus
2586 3956 2688 4004 est.

2646 4112 2956 4173 TEXTUS.

2068 4214 2376 4282 XVI,l-l5.
2412 4210 2669 4268 Pervenit
2689 4216 2872 4263 autem
2899 4204 3116 4261 Derben
3145 4200 3488 4273 etLystram.
3523 4194 3594 4251 Et

1998 4324 2128 4368 ecce
2158 4304 2467 4376 discipulus
2491 4288 2717 4375 quidam
2748 4309 2868 4355 erat
2893 4298 2967 4353 ibi
2995 4296 3217 4351 nomine
3248 4290 3596 4350 'l‘imotbens.

2002 4403 2149 4459 illius
2171 4398 2421 4465 mulieris
2475 4395 2680 4453 Iudaea:
2732 4391 2932 4457 ﬁdelis,
2966 4397 3123 4456 patre
3178 4383 3391 4456 gentili.
3458 4380 3599 4451 Huic

2002 4493 2389 4553 testimonium
2457 4492 2661 4544 bonum
2717 4482 3025 4539 reddebant
3093 4475 3187 4547 qui
3258 4476 3314 4526 in
3384 4470 3597 4542 Lystris

2002 4595 2162 4645 erant
2190 4592 2248 4640 et
2283 4582 2472 4638 lconio
2494 4579 2718 4653 fratres.
2746 4573 2906 4628 llunc
2931 4567 3110 4624 voluit
3140 4563 3346 4619 Paulus
3407 4576 3597 4653 secum

2005 4678 2279 4753 proﬁcisci
2307 4694 2321 4730 :
2340 4683 2394 4731 et
2417 4649 2706 4728 assumens
2726 4660 3076 4722 circumcidit
3093 4671 3242 4717 eum.
3266 4662 3486 4753 propter
3504 4649 3601 4705 Ju-

2004 4744 2152 4826 daeos
2180 4771 2272 4839 qui
2304 4775 2462 4822 erant
2487 4763 2543 4817 in
2569 4761 2679 4815 illis
2716 4756 2874 4811 locis.
2902 4750 3166 4807 Sciebant
3205 4744 3354 4800 enim
3383 4757 3602 4806 omnes,

291 4888 403 4925 σαν
429 4870 544 4938 γὰρ
562 4839 805 4930 ἅπαντες
833 4867 917 4921 ὅτι
945 4867 975 4920 6
1002 4862 1185 4933 πατὴρ
1214 4861 1380 4916 αὐτοῦ
1412 4860 1614 4929 Ἕλλην
1633 4857 1879 4927 ὑπῆρχεν

2009 4859 2154 4929 quod
2185 4866 2340 4927 pater
2363 4853 2484 4924 ejus
2505 4859 2625 4912 erat
2654 4845 2897 4920 gentilis.
2930 4839 3075 4907 Cum
3095 4846 3278 4893 autem
3313 4844 3599 4905 pertrans-

299 4958 402 5026 Ὦς
442 4961 505 5014 δὲ
548 4959 937 5030 διεπορεύοντο
966 4959 1066 5019 τὰς
1091 4955 1299 5018 πόλεις,
1333 4953 1695 5022 παρεδίδοσαν
1721 4950 1907 5013 αὐτοῖς

291 5055 613 5126 φυλάσσειν
676 5055 747 5107 τὰ
771 5052 1020 5121 δόγματα
1044 5048 1112 5102 τὰ
1160 5046 1467 5118 κεκριμένα
1497 5044 1602 5097 ὑπὸ
1634 5044 1744 5097 τῶν
1771 5042 1908 5096 ἀπο-

294 5146 524 5200 στόλων
563 5146 660 5198 καὶ
700 5142 1095 5214 πρεσϐυτέρων
1137 5139 1247 5191 τῶν
1297 5141 1355 5191 ὲν
1385 5134 1802 5220 Ἰεροσολύμοις.
1838 5134 1908 5187 Ai

294 5237 409 5309 μὲν
445 5231 545 5290 οὖν
586 5234 907 5306 Ἐκκλησίαι
937 5234 1289 5306 ἐστερεοῦντο
1311 5235 1380 5303 τῇ
1412 5232 1620 5298 πίστει,
1653 5229 1749 5283 καὶ
1780 5231 1911 5283 ἒπε-

294 5334 571 5401 ρίσσευον
594 5328 673 5401 τῷ
701 5329 924 5400 ἀριθμῷ
947 5327 1069 5382 καθ’
1094 5328 1331 5398 ἡμέραν.
1364 5323 1673 5386 Διελθόντες
1722 5322 1781 5376 δὲ
1805 5321 1907 5390 τὴν

290 5422 562 5498 Φρυγίαν
595 5424 691 5477 καὶ
717 5425 818 5493 τὴν
851 5419 1161 5491 Γαλατικὴν
1200 5418 1411 5489 χώραν,
1434 5411 1772 5477 κωλυθέντες
1798 5414 1907 5467 ὑπὸ

290 5516 402 5574 τοῦ
455 5516 618 5586 ἁγίου
688 5515 1007 5586 Πνεύματος
1075 5511 1307 5580 λαλῆσαι
1356 5510 1451 5563 τὸν
1505 5508 1665 5577 λόγον
1729 5508 1789 5560 ὲν
1834 5508 1902 5577 τῇ

291 5607 512 5679 ιΔσίᾳ,
567 5608 814 5673 ἐλθόντες
849 5607 993 5661 κατὰ
1026 5605 1127 5675 τὴν
1178 5603 1419 5668 Μυσίαν,
1473 5598 1765 5670 ἐπείραζον
1816 5599 1897 5661 είς

2008 4952 2155 5006 irent
2178 4950 2453 5011 civitates,
2474 4943 2765 4999 tradebant
2784 4938 2866 4994 eis
2888 4940 3168 4992 custoutre
3195 4930 3451 5000 dogmata
3481 4941 3608 4996 quin

2008 5052 2168 5098 erant
2201 5040 2423 5095 decreta
2465 5038 2534 5091 ab
2557 5032 2822 5105 apostolis
2858 5041 2913 5084 et
2946 5024 3273 5083 senioribus
3327 5019 3419 5090 qui
3445 5025 3607 5070 erant

2002 5120 2396 5202 derosolymis.
2435 5127 2503 5180 Et
2546 5122 2810 5180 Ecclesia:
2844 5118 3072 5191 quidem
3132 5110 3601 5169 conﬁrmabantur

2012 5226 2143 5287 fide,
2174 5233 2230 5278 et
2263 5220 2621 5278 abundabant
2651 5229 2884 5271 numero
2930 5208 3199 5282 quotidie.
3229 5205 3607 5259 Transeuntes

2018 5325 2203 5371 autem
2233 5312 2530 5385 Phrygiam
2561 5318 2616 5364 et
2640 5307 2869 5362 Galatiae
2923 5304 3228 5374 regionem,
3257 5296 3423 5352 vetati
3476 5301 3609 5347 sunt

2016 5425 2046 5464 a
2096 5409 2306 5480 Spiritu
2342 5413 2533 5463 sancto
2598 5402 2749 5471 loqui
2780 5397 3010 5455 verbum
3049 5395 3140 5449 Dei
3189 5393 3244 5446 in
3280 5388 3434 5444 Asia.
3464 5386 3602 5480 Cum

2011 5475 2291 5559 venissent
2340 5509 2523 5554 autem
2578 5497 2634 5552 in
2698 5492 2951 5566 Mysiam,
3024 5485 3312 5543 tentabant
3392 5480 3477 5535 ire
3544 5475 3605 5530 in

2012 5594 2356 5667 Bithyniam:
2377 5602 2431 5650 et
2453 5607 2563 5649 non
2579 5587 2833 5664 permisit
2852 5598 2949 5643 eos
2963 5581 3202 5655 Spiritus
3225 5570 3428 5650 [Iesu].
3459 5570 3600 5628 Cum

1528 5760 1733 5823 Variae
1768 5756 2075 5819 lectiones
2119 5763 2181 5817 et
2223 5760 2417 5816 notae.

432 5895 489 5930 ³³
530 5896 738 5967 στῆναι.
817 5894 864 5927 ³⁸
888 5893 1125 5963 ἀπαντᾷ.

1206 5892 1251 5924 ³⁵
1291 5887 1599 5960 Βαρνάϐαν.
1679 5885 1723 5917 ³⁵
1760 5883 1972 5953 ἀπεῖχε.
