4082 6420
410 402 511 466 987

1328 396 1875 474 THEOPHKLAC’I‘
1884 396 1907 456 Ι
1938 389 2352 456 BULGABIE
2388 386 2746 449 ARCHIEP.

3578 371 3689 439 988

415 524 595 583 autem
639 514 1079 583 pertransisscnt
1109 512 1362 586 Mysiam,
1383 511 1791 568 descenderunt
1829 508 2000 564 Troa-

2136 503 2209 575 ςὴν
2229 500 2488 555 Βιθυνίαν
2510 496 2847 568 πορευθῆναι
2872 508 2886 523 ·
2922 491 3020 546 καὶ
3051 487 3153 544 οὐκ
3185 489 3373 543 είασεν
3404 484 3603 550 αὐτοὺς
3635 485 3698 539 τὸ

415 608 568 664 dem.
625 606 689 660 Et
724 607 866 662 visio
890 623 989 679 per
1017 616 1234 663 noctem
1267 605 1438 660 Paulo
1467 612 1690 659 ostensa
1745 609 1831 658 est
1862 620 1875 655 :
1902 600 2001 655 Vir

2136 594 2355 662 [νεῦμα.
2383 592 2465 646 Πα
2477 590 2759 662 ρελοόντες
2798 586 2855 640 δὲ
2888 585 2988 656 τὴν
3012 582 3257 643 Μυσίαν,
3280 578 3594 649 κατέϐησαν
3619 577 3698 679 είς

416 697 642 753 Macedo
690 700 912 765 quidem
941 709 1060 756 erat
1115 708 1272 755 stans
1327 707 1381 753 et
1427 690 1733 767 deprecans
1770 713 1894 751 eum
1947 705 2004 751 ct

2136 686 2362 759 Τρῳάδα.
2400 684 2510 738 Καὶ
2539 684 2725 753 ὅραμα
2753 680 2842 735 διὰ
2871 679 2970 767 τῆς
3008 676 3207 737 νυκτὸς
3234 671 3398 742 ὤφθη
3428 671 3533 767 ei}:
3552 668 3718 767 Πανῖἱ-.

417 789 609 843 dicens
650 787 1001 846 :Transiens
1056 790 1110 844 in
1147 788 1553 850 Macedoniam,
1620 786 1821 856 adjuva
1878 801 1999 841 nos.

419 879 491 937 Ut
522 890 706 937 autem
759 884 938 937 visum
970 883 1126 946 vidit,
1151 882 1334 938 statim
1368 881 1726 951 quazsivimus
1784 877 2007 950 proiici-

2105 756 2221 848 λῴέ
2266 776 2432 848 Ἀνὴρ
2478 773 2750 832 Μακεδών
2789 789 2873 834 τις
2899 766 2967 841 ἦν
3002 770 3198 831 ἑστὼς,
3233 756 3573 836 παρακαλῶν
3600 761 3703 814 αὺ-

2104 870 2199 924 τὸν
2253 870 2351 925 καὶ
2393 869 2569 937 λέγων
2596 884 2610 898 ·
2641 865 2847 928 Διαϐὰς
2897 865 2978 927 εἰς
3044 857 3390 915 Μακεδονίαν
3434 854 3706 926 βοήθησον

418 975 500 1029 sci
534 975 586 1029 in
621 975 1020 1038 Macedoniam,
1052 975 1189 1031 certi
1221 975 1348 1031 facti
1382 974 1533 1045 quod
1585 980 1842 1029 vocasset
1902 986 2004 1027 nos

2136 964 2265 1033 ιμῖν.
2306 961 2395 1025 Ὧς
2448 960 2506 1015 δὲ
2540 960 2603 1014 τὸ
2636 960 2822 1030 ὅραμα
2865 952 3030 1018 εἶδεν,
3080 950 3316 1045 εὐθέωςΔ
3348 945 3704 1045 εζητήσαμέεν

422 1060 569 1118 Deus
602 1064 984 1132 cvangelizare
1015 1065 1118 1118 eis.
1159 1064 1499 1134 Navigantes
1549 1070 1731 1119 autem
1765 1076 1794 1116 a
1830 1060 2006 1116 Troa-

2142 1054 2349 1121 ξελθεῖν
2401 1055 2480 1117 είς
2526 1056 2627 1123 τὴν
2674 1049 3046 1108 Μακεδονίαν,
3107 1039 3569 1134 συμϐιϐἀζοντες,
3620 1038 3706 1134 δτι

420 1155 510 1218 de,
541 1165 692 1209 recto
721 1169 890 1211 cursu
921 1155 1176 1210 venimus
1209 1154 1675 1219 Samothraciam,
1701 1161 1757 1209 et
1779 1166 2009 1222 sequen-

312 1278 315 1283 -
388 1236 389 1239 “
416 1248 457 1300 ti
497 1247 587 1301 die
619 1246 939 1317 Neapolim;
968 1255 1023 1302 et
1050 1248 1175 1302 inde
1202 1247 1505 1319 Philippos,
1554 1262 1677 1316 quae
1707 1255 1791 1301 est
1817 1245 2009 1317 prima:

2112 1146 2521 1218 προσκέκληται
2552 1146 2702 1215 ἡμᾶς
2726 1146 2753 1197 ὁ
2782 1142 2938 1206 Θεὸς,
2988 1133 3458 1207 εὐαγγελίσασθαι
3494 1132 3705 1194 αὐτοῖς.

2124 1238 2480 1310 Ἀναχθέντες
2522 1237 2579 1291 δὲ
2617 1236 2727 1290 ἀπὸ
2766 1236 2865 1306 τῆς
2905 1226 3162 1303 Τρῳάδος
3214 1226 3711 1298 εὐθυδρομήσαμεν

420 1340 596 1409 partis
618 1337 960 1395 Macedonia:
1012 1341 1234 1406 civitas,
1262 1339 1515 1395 colonia-
1553 1338 1790 1393 Eramus
1822 1342 2007 1392 autem

2136 1333 2194 1396 ,i;
2226 1331 2629 1403 Σαμοθρᾴκην,
2656 1333 2726 1400 τῇ
2768 1345 2828 1382 τε
2859 1326 3094 1396 ἐπιούσῃ
3137 1325 3219 1388 εἰς
3278 1319 3587 1374 Νεάπολινο
3611 1318 3713 1409 κὰ-

406 1407 477 1485 'in
529 1431 632 1487 hac
657 1432 796 1487 urbe
818 1431 1015 1489 diebus
1045 1435 1277 1503 aliquot,
1305 1434 1675 1490 conferentes.
1702 1430 1799 1486 Die
1828 1442 2009 1486 autem

2136 1425 2296 1479 ιείθεν
2332 1426 2414 1489 εἰς
2452 1424 2781 1485 Φιλίππους,
2813 1421 2936 1492 ἥτις
2970 1417 3093 1471 ἐστὶ
3124 1411 3319 1486 πρώτη
3347 1412 3451 1481 τῆς
3494 1407 3714 1480 μερίδος

422 1521 801 1578 Sabbatorum
857 1524 1073 1594 egressi
1149 1538 1346 1580 sumus
1400 1523 1551 1580 foras
1600 1530 1817 1594 portam
1854 1522 2020 1592 juxta.

2136 1518 2217 1589 τῆς
2243 1515 2611 1580 Μακεδονίας,
2667 1514 2823 1577 πόλις
2865 1510 3122 1567 κολωνία.
3164 1507 3352 1578 Ἦμεν
3387 1505 3443 1559 δὲ
3470 1507 3528 1557 ὲν
3564 1503 3711 1573 αὐτῇ

422 1614 652 1681 ﬂumen,
671 1616 762 1670 ubi
782 1593 1274 1685 videbaturoratio
1290 1631 1436 1680 esse,
1460 1626 1515 1672 et
1537 1593 1792 1672 sedentes
1821 1615 2015 1684 loque~

2136 1611 2184 1681 ςῇ
2236 1608 2389 1662 πόλει
2438 1607 2813 1678 διατρίϐοντες
2857 1603 3079 1675 ἡμέρας
3126 1600 3303 1662 τινας.
3329 1597 3410 1667 Τῇ
3439 1595 3495 1650 δὲ
3525 1593 3715 1665 ἡμέρᾳ

426 1706 634 1761 'bamur
670 1707 1005 1764 mulieribus
1060 1725 1183 1780 quae
1241 1716 1633 1768 convenerant.
1669 1708 1735 1763 Et
1764 1706 2013 1778 quaedam

2136 1702 2228 1757 τῶν
2270 1701 2575 1756 Σαϐϐάτων
2601 1699 2905 1771 ἐξήλθομεν
2945 1695 3052 1763 ἔξω
3077 1694 3178 1780 τῆς
3208 1690 3417 1754 πόλεως
3444 1688 3599 1759 παρὰ
3617 1703 3719 1739 που

432 1800 634 1854 mulier
661 1800 887 1856 nomine
921 1800 1117 1874 Lydia,
1159 1803 1492 1873 purpuraria
1520 1802 1763 1858 civitatis
1790 1799 2016 1872 Thyati-

2122 1802 2322 1866 ταμὸν.
2368 1791 2429 1851 οὗ
2478 1794 2765 1865 ἐνομίζετο
2809 1788 3095 1862 προσευχὴ
3125 1779 3303 1841 εἶναι·
3338 1784 3434 1838 καὶ
3462 1780 3719 1841 καθίσαν-

436 1904 722 1953 renorum,
773 1890 964 1945 colens
1004 1891 1190 1956 Deum,
1240 1892 1495 1948 audivit:
1555 1892 1713 1961 cujus
1754 1890 2022 1946 Dominus

2136 1907 2216 1954 τες
2264 1888 2569 1958 ἐλαλοῦμεν
2603 1887 2727 1948 ταῖς
2753 1882 3144 1944 συνελθούσαις
3186 1875 3431 1947 γυναιξί.
3474 1873 3588 1927 Καί
3627 1888 3716 1933 τις

422 1983 643 2050 aperuit
667 1998 765 2038 cor
795 1984 1085 2040 intendere
1112 1985 1200 2041 his
1232 2002 1356 2056 qua:
1384 1986 1711 2042 dicebantur
1744 2000 1772 2039 a
1824 1983 2017 2041 Panic.

422 2074 564 2132 Cum
589 2082 771 2132 autem
799 2077 1268 2148 baptizatasesset
1301 2088 1358 2134 et
1392 2078 1591 2134 domus
1645 2078 1788 2148 ejus,
1823 2076 2023 2146 depre-

422 2175 550 2227 cata
581 2178 667 2224 est
691 2168 919 2227 dicens:
959 2171 1014 2227 Si
1061 2172 1356 2241 judicastis
1384 2186 1471 2226 me
1536 2170 1747 2226 ﬁdelem
1788 2168 2022 2224 Domino

427 2275 579 2326 esse,
603 2261 829 2318 introite
852 2264 906 2319 in
930 2264 1153 2319 domum
1183 2280 1359 2321 meam
1386 2273 1441 2321 et
1466 2272 1706 2319 manete.
1747 2261 1812 2317 Et
1842 2264 2024 2333 coegit

426 2364 555 2406 nos.

834 2608 999 2679 273
1029 2608 1606 2666 COMMENTARIUS.

503 2697 770 2766 Dogmata
806 2709 968 2755 vocat
1019 2709 1222 2758 statuta
1268 2703 1358 2757 illa
1396 2704 1709 2762 abstinendi
1746 2703 1817 2763 ab
1854 2706 2028 2763 idolo-

431 2790 606 2862 thytis
636 2831 653 2858 ,
682 2806 713 2846 a
746 2792 1133 2861 fornicatione,
1162 2811 1193 2850 a
1214 2795 1482 2852 suffocan
1511 2806 1566 2854 et
1589 2813 1618 2853 a
1648 2798 1937 2870 sanguine.
1967 2799 2026 2856 In

406 2876 567 2937 'Asia
599 2887 653 2936 et
701 2880 953 2953 Bithynia
1008 2900 1118 2940 non
1165 2887 1417 2956 permisit
1469 2888 1708 2958 Spiritus
1762 2898 2017 2957 sanctus,

436 2979 496 3024 ut
535 2974 772 3043 apostoli
804 2972 1158 3047 Evangelium
1202 2979 1584 3048 praedicarent,
1622 2979 1855 3038 fortasse
1880 2980 2028 3053 quod

440 3065 810 3134 praevideret,
883 3066 1513 3145 Pneumatomachorum
1565 3073 1820 3131 haeresim
1889 3075 2032 3131 inter

428 3163 629 3226 gentes
654 3157 775 3213 illas
795 3157 1223 3216 dominatur-am.
1247 3160 1660 3238 Observandum
1697 3182 1848 3233 vero,
1881 3166 2026 3238 quod

434 3248 492 3301 in
529 3248 758 3305 urbibus
790 3250 914 3307 istis
948 3251 1117 3308 simul
1154 3238 1279 3309 cum
1318 3233 1487 3314 Paulo
1530 3269 1676 3315 esset
1707 3233 1934 3324 Lucas}
1973 3272 2030 3317 ut

433 3348 586 3410 patet
615 3356 680 3395 ex
712 3358 778 3398 eo
806 3345 950 3415 quod
982 3360 1108 3402 sese
1134 3347 1186 3401 in
1218 3350 1537 3407 narratione
1564 3367 1665 3408 sua
1702 3354 2032 3423 complecta-

439 3439 550 3494 tur,
610 3431 849 3489 dicens:
909 3454 929 3486 ι
961 3435 1353 3507 Quaesivimus,
1390 3448 1498 3496 etc.
1525 3480 1542 3506 ,
1599 3443 1690 3497 ubi
1743 3442 2034 3501 videbatur

437 3523 636 3576 oratio.
668 3543 686 3574 ι
736 3524 855 3581 Non
898 3532 1076 3583 solum
1121 3530 1210 3586 ubi
1243 3548 1522 3606 synagoga
1564 3543 1703 3601 erat,
1739 3536 1836 3591 sed
1866 3538 2030 3592 etiam

437 3611 579 3670 foris
602 3617 832 3672 orabant
864 3636 881 3674 :
912 3622 1221 3678 namlorum
1255 3625 1495 3696 aliquem
1526 3629 1762 3683 orationi
1787 3630 2035 3687 destina-

440 3708 574 3762 bant
601 3707 795 3779 Judmi,
814 3722 1001 3784 utpote
1028 3717 1354 3774 crassiores.
1382 3719 1473 3774 Vel
1490 3735 1576 3787 eo,
1611 3722 1756 3790 quod
1782 3723 1928 3778 nulla
1957 3724 2030 3781 ibi

440 3809 607 3863 esset,
624 3807 1174 3875 proptcrjludatorum
1191 3812 1545 3881 paucitatem,
1570 3829 1870 3887 synagoga;
1890 3819 2032 3873 clam

438 3908 609 3963 prope
627 3893 852 3951 ﬂuvium
874 3903 1376 3973 congregabantur,
1397 3905 1490 3975 qui
1513 3906 1697 3976 pietati
1718 3910 2033 3966 studebant.

1033 4013 1263 4087 CAPUT
1294 4014 1486 4074 xxw.

978 4104 1259 4163 Dominica
1325 4098 1497 4166 Sexta.

448 4191 527 4248 De
569 4202 872 4250 terra'motu
900 4208 950 4252 et
981 4201 1132 4270 signa
1166 4219 1284 4267 qua,
1320 4203 1519 4258 ibidem
1556 4208 1885 4278 conligerqu
1932 4206 2036 4265 τοι

516 4285 778 4353 quomodo
819 4297 994 4343 custos
1026 4298 1281 4359 carceris,
1313 4312 1432 4349 cum
1480 4299 1814 4369 credidisset,
1849 4307 2037 4358 eadem

516 4390 668 4432 nocte
698 4379 1005 4450 baptizatus
1018 4396 1102 4439 est
1135 4402 1251 4439 cum
1274 4397 1389 4442 tota
1410 4390 1624 4459 familia
1651 4410 1773 4448 sua.

1088 4478 1390 4538 TEXTUS.
1830 4546 1859 4556 ,

515 4570 656 4635 XVI,
700 4571 885 4627 16-35.
916 4571 1142 4627 Factum
1165 4583 1475 4646 cstautem,
1495 4580 1756 4646 euntibus
1783 4580 1941 4637 nobis
1973 4583 2040 4636 ad

443 4664 1015 4730 orationem.puellam
1035 4666 1330 4734 quamdam
1356 4669 1642 4726 habentem
1663 4673 1918 4740 spiritum
1941 4671 2045 4744 Py-

446 4754 665 4809 thonem
685 4754 909 4814 obviare
927 4761 1235 4826 nobis,qua:
1255 4769 1524 4827 quarslum
1541 4775 1796 4831 magnum
1814 4772 2043 4833 praestr-

448 4848 539 4901 bat
568 4848 810 4902 dominis
835 4851 954 4905 suis
981 4850 1303 4911 divinando.
1345 4852 1470 4906 llaec
1496 4852 1796 4907 subsecuta
1811 4854 2040 4908 Paulum

447 4949 501 4990 et
539 4954 665 5004 nos,
693 4940 1213 4999 clamabatdicens:
1240 4944 1335 4998 Isti
1377 4944 1630 4998 homines
1660 4943 1803 4999 servi
1826 4945 1917 4998 Dei
1942 4960 2043 4999 ex-

446 5029 578 5083 celsi
618 5040 768 5095 sunt,
808 5033 901 5100 qui
945 5035 1277 5088 annuntiant
1309 5034 1466 5089 vobis
1499 5033 1642 5088 viam
1679 5034 1896 5090 salutis.
1927 5035 2059 5108 Hoc.

445 5130 628 5176 autem
661 5124 899 5179 faciebat
924 5126 1117 5181 multis
1140 5124 1358 5181 diebus.
1394 5124 1596 5182 Dolens
1628 5133 1813 5181 autem
1836 5126 2044 5182 Paulus

446 5223 503 5270 et
525 5229 849 5281 conversus,
874 5217 1094 5287 spiritui
1124 5217 1265 5273 dixit
1300 5235 1316 5277 :
1350 5218 1613 5289 Praeeipio
1641 5218 1742 5273 tibi
1777 5218 1830 5273 in
1866 5220 2048 5273 nomi-

448 5321 519 5360 ne
548 5305 681 5362 Jesu
715 5308 929 5363 Christi
956 5309 1110 5366 exire
1151 5310 1219 5365 ab
1260 5325 1352 5366 ea.
1399 5310 1463 5365 Et
1489 5310 1623 5365 exiit
1656 5312 1845 5366 eadem
1887 5311 2043 5367 hora.

452 5396 721 5456 Videntes
751 5409 938 5456 autem
965 5400 1177 5457 domini
1207 5402 1351 5471 eius.
1383 5403 1511 5473 quia
1544 5404 1719 5460 exivit
1745 5419 1874 5474 spes
1897 5418 2047 5474 qua:-

449 5498 570 5546 stus
588 5505 779 5547 eorum
806 5533 822 5558 ,
847 5492 1328 5562 apprehendentes
1354 5493 1586 5550 Paulum
1629 5505 1684 5548 et
1719 5493 1889 5549 Silam
1922 5509 2047 5565 per-

451 5581 731 5643 duxerunt
781 5586 834 5640 in
865 5586 1045 5641 forum
1077 5586 1145 5642 ad
1193 5588 1492 5660 principes,
1540 5595 1596 5644 et
1629 5586 1924 5644 oﬂerentes
1952 5603 2049 5643 eos

455 5672 893 5743 magistratibus,
943 5676 1253 5735 dixerunt:
1305 5679 1368 5733 Hi
1424 5679 1676 5736 homines
1716 5681 2049 5745 conturbant

456 5760 739 5820 civitatem
770 5780 1059 5837 nostram,
1091 5784 1217 5826 cum
1252 5772 1362 5827 sint
1392 5770 1590 5827 Judaei.
1626 5770 1691 5825 Et
1716 5771 2049 5827 aununtiant

452 5866 667 5912 morem
692 5873 852 5933 quem
882 5878 989 5919 non
1020 5863 1145 5921 licet
1176 5865 1338 5925 nobis
1357 5867 1636 5940 suscipere
1667 5882 1845 5939 neque
1870 5865 2049 5922 facere

2123 1980 2285 2050 γυνὴ,
2318 1979 2548 2050 ὀνόματι
2602 1976 2795 2039 Λυδία,
2821 1969 3288 2045 πορφυρόπωλις,
3317 1967 3533 2029 πόλεως
3565 1964 3721 2017 Θυα-

2123 2073 2346 2144 τείρων,
2401 2070 2671 2142 σεϐομένη
2722 2069 2817 2123 τὸν
2862 2067 3000 2121 Θεὸν
3052 2054 3429 2136 ἧκουσεν·ἦς
3457 2062 3486 2112 ὁ
3513 2056 3723 2129 Κύριος

2121 2165 2359 2237 διήνοιξε
2397 2164 2496 2236 τὴν
2550 2162 2786 2234 καρδίαν
2840 2158 3138 2232 προσέχειν
3190 2157 3305 2218 τοῖς
3364 2151 3725 2221 λαλουμένοις

2123 2257 2231 2311 ὑπὸ
2269 2257 2365 2310 τοῦ
2398 2255 2637 2310 Παύλου.
2675 2254 2767 2317 Ὠς
2806 2253 2863 2306 δὲ
2895 2249 3226 2320 ἐϐαπτίσθη,
3270 2246 3366 2300 καὶ
3394 2247 3424 2300 ὁ
3450 2241 3601 2306 οἶκος
3626 2243 3728 2297 αύ-

2123 2353 2245 2421 τῆς,
2295 2349 2648 2423 παρεκάλεσε
2692 2349 2930 2418 λέγουσα
2953 2363 2967 2378 ο
2998 2345 3063 2399 Ei
3090 2340 3391 2414 κεκρίκατέ
3425 2356 3494 2410 με
3522 2336 3729 2407 πιστὴν

2124 2444 2204 2514 τῷ
2238 2445 2433 2517 Κυρίῳ
2464 2434 2641 2506 εἶναι,
2661 2440 3002 2503 εἰσελθόντες
3053 2438 3135 2502 εἰς
3166 2434 3258 2489 τὸν
3283 2428 3436 2487 οἶκόν
3474 2446 3576 2502 μου
3609 2428 3729 2499 μεί-

2127 2553 2255 2591 νατε
2280 2551 2293 2565 ·
2328 2536 2422 2589 καὶ
2457 2533 2838 2606 παρεϐιάσατο
2880 2532 3051 2602 ἡμᾶς.

2727 2622 3116 2679 EPMHNEIA.
3184 2670 3189 2677 .

2199 2721 2463 2790 Δόγματα
2488 2718 2731 2787 κέκληκε
2758 2715 2858 2788 τὴν
2892 2716 3110 2785 ἀποχὴν
3164 2709 3278 2765 τῶν
3323 2705 3722 2767 εἰδωλοθύτων,

2138 2813 2404 2886 πορνείας
2453 2829 2515 2866 τε
2565 2811 2662 2866 καὶ
2722 2809 2980 2880 αἵματος,
3044 2804 3143 2860 καὶ
3197 2799 3449 2857 πνικτοῦ.
3517 2797 3606 2851 Ἐν
3658 2798 3729 2866 τῇ

2144 2903 2305 2976 Ἀσίᾳ
2337 2902 2435 2958 καὶ
2464 2901 2694 2973 Βιθυνίᾳ
2721 2900 2922 2955 κωλύει
2944 2898 3005 2951 τὸ
3034 2894 3265 2966 Πνεῦμα
3311 2893 3545 2962 λαλῆσαι
3597 2889 3733 2952 τοὺς

2132 2996 2472 3060 ἀποστόλους
2502 2996 2595 3063 τὸν
2619 2993 2802 3063 λόγον,
2851 2990 3232 3063 προγινῶσκον
3261 2985 3363 3057 τὴν
3391 2984 3501 3038 τῶν
3551 2984 3732 3036 Πνευ-

2137 3090 2474 3164 ματομάχων
2500 3089 2717 3159 αἵρεσιν
2755 3084 3036 3157 κυριεύειν
3071 3082 3181 3136 τῶν
3216 3078 3407 3135 ἐθνῶν.
3480 3077 3735 3145 Σημειω-

2058 3215 2103 3282 c
2138 3182 2282 3246 τέον,
2316 3181 2398 3234 ὅτι
2423 3179 2535 3238 σὺν,
2550 3178 2631 3250 τῷ
2659 3177 2858 3247 Παύλῳ
2889 3170 2957 3247 ἦν
2984 3177 3044 3230 έν
3075 3175 3198 3239 ταῖς
3249 3168 3442 3225 πόλεσι
3493 3165 3730 3226 ταύταις

2209 3274 2222 3282 .
2270 3276 2283 3282 -
2342 3274 2354 3282 .
2487 3274 2512 3282 ..
2610 3272 2624 3282 .
2715 3269 2771 3282 ..-
2807 3264 2836 3282 θ’
2978 3269 2992 3282 ι
3089 3266 3105 3282 ε
3263 3264 3278 3282 ο
3371 3279 3468 3282 __..
3531 3255 3728 3282 ι--.--2

2140 3274 2235 3329 καὶ
2260 3276 2289 3328 ὁ
2327 3274 2563 3338 Λουκᾶς,
2594 3272 2672 3336 ὼς
2712 3269 2772 3336 ἐξ
2801 3264 2877 3325 ὧν
2908 3269 3002 3324 καὶ
3055 3266 3117 3320 τὺ
3172 3264 3470 3335 πρόσωπον
3528 3255 3731 3313 ἑαυτοῦ

2134 3364 2698 3437 συμπαραλαμϐάνει,
2766 3344 2985 3432 λέγων’
3063 3377 3084 3411 ι
3120 3357 3529 3426 Ἑζητὴσαμεν.
3561 3370 3579 3404 ι
3650 3350 3730 3403 Οὐ

2136 3462 2298 3531 μόνον
2359 3459 2486 3512 ἔνθα
2538 3456 2852 3528 συναγωγὴὲ
2881 3451 2969 3527 ἦν,
3015 3452 3152 3509 ἀλλὰ
3196 3452 3292 3505 καὶ
3332 3449 3438 3516 ἔξω
3465 3445 3730 3518 ηὔχοντο,

2135 3554 2329 3624 ὥσπερ
2356 3552 2523 3606 τόπον
2551 3551 2675 3606 τινὰ
2704 3548 3090 3620 ἀφορίζοντες,
3125 3548 3225 3602 ἅτε
3278 3538 3737 3612 σωματικιῖπεροι

2133 3646 2287 3711 ὄντες
2313 3646 2364 3699 oi
2411 3644 2655 3699 Ἰουδαῖοι
2689 3643 2772 3714 ’ἢ
2826 3642 3052 3713 μᾶλλον,
3098 3639 3173 3710 μὴ
3222 3641 3394 3707 οῦσης
3442 3634 3560 3687 ὲκεί
3600 3649 3735 3685 συν-

2140 3739 2387 3809 αγωγῆς,
2419 3737 2508 3792 διὰ
2532 3737 2595 3790 τὸ
2618 3737 2869 3797 σπάνιον,
2901 3733 3054 3806 παρὰ
3084 3734 3177 3786 τὸν
3209 3728 3456 3798 ποταμὸν
3498 3726 3603 3792 ἔξω
3631 3724 3737 3794 τῆς
3760 3742 3773 3749 ’

2136 3833 2346 3896 πόλεως
2371 3832 2548 3903 λάθρα
2576 3831 2876 3902 συνήγοντο
2896 3828 2946 3883 oi
2966 3827 3129 3899 δῆθεν
3148 3822 3447 3885 θεοσεϐεῖς.

2713 4017 2972 4072 ΚΕΦΑΛ.
3032 4017 3163 4070 ΚΔν.

2760 4106 3017 4176 Κυριακῇ
3050 4110 3126 4168 ς’.

2141 4198 2280 4269 Πῳί
2296 4196 2402 4252 τοῦ
2424 4195 2769 4266 συμϐάντος
2788 4195 2986 4249 ἐκεῖσε
3007 4192 3268 4264 σεισμοῦ
3290 4191 3389 4247 καί
3412 4190 3743 4258 θαύματος,

2209 4294 2309 4349 καί
2332 4293 2496 4357 ὅπως
2515 4292 2858 4356 πιστεύσας
2885 4293 2917 4344 ό
2943 4287 3369 4359 ειρκτοφύλαξ,
3394 4289 3464 4343 ἐν
3483 4287 3636 4359 αὑτῇ
3664 4288 3746 4360 τῇ

2166 4410 2171 4411 ν
2213 4384 2391 4439 νυκτί
2417 4384 2754 4449 ἐϐαπτίσθη
2780 4380 3131 4447 πανέστιος.

2746 4469 3138 4525 ΚΕΙΜΕΝΟΝ.

2231 4563 2504 4632 Ἐγένετο,
2532 4562 2923 4634 πορευομένων
2954 4563 3114 4632 ἡμῶν
3137 4563 3218 4627 είς
3252 4563 3352 4633 τὴν
3401 4562 3746 4634 προσευχὴν,

2148 4657 2441 4726 παιδίσκην
2468 4656 2591 4710 τινὰ
2626 4655 2862 4726 ἔχουσαν
2897 4654 3115 4726 πνεῦμα
3142 4655 3401 4720 Πύθωνος
3422 4655 3749 4724 ἀπαντῆσαι.

2147 4752 2301 4820 ἡμῖν,
2330 4750 2455 4822 ἥτις
2499 4748 2770 4820 ἐργασίαν
2823 4748 3029 4819 πολλὴν
3086 4750 3316 4818 παρεῖχε
3364 4750 3480 4811 τοῖς
3531 4748 3751 4818 κυρίοις
3804 4752 3811 4763 “

2147 4841 2320 4910 αὐτῆς
2404 4839 2858 4911 μαντευομένη.ξ
2892 4838 3043 4909 Αὕτη
3092 4840 3626 4908 κατακολουθήσασα
3667 4838 3752 4910 τῷ

2149 4932 2349 5003 Παύλῳ
2377 4935 2472 4987 καὶ
2500 4935 2654 5003 ἡμῖν,
2697 4930 2900 5002 ἔκραζε
2933 4932 3207 5000 λέγουσα⁹
3248 4926 3412 4984 Οὗτοι
3446 4932 3495 4984 οί
3526 4931 3753 5000 ἄνθρωι

2149 5043 2240 5079 ποι
2266 5025 2444 5080 δοῦλοι
2467 5025 2563 5078 τοῦ
2582 5024 2719 5078 Θεοῦ
2736 5024 2832 5077 τοῦ
2861 5024 3089 5092 ὑψίστου
3117 5025 3280 5088 εἰσὶν,
3305 5023 3506 5086 οἵτινες
3533 5036 3749 5091 κατατ-

2148 5099 2435 5189 γέλλουσιν
2466 5119 2599 5189 ἡμῖν
2627 5118 2747 5172 ὁδδν
2783 5117 3067 5189 σωτηρίας
3088 5134 3101 5146 ·
3131 5117 3295 5170 τοῦτο
3324 5116 3383 5170 δὲ
3419 5115 3595 5170 ἐποίει
3651 5114 3757 5169 ἐπὶ

2150 5213 2349 5281 πολλὰς
2375 5212 2612 5284 ἡμέρας.
2669 5209 3027 5280 Διαπονηθεὶς
3052 5210 3111 5263 δὲ
3165 5211 3199 5262 ὁ
3226 5208 3460 5273 Παῦλος,
3489 5209 3586 5263 καὶ
3620 5210 3752 5262 ὲπι-

2152 5306 2414 5378 στρέψας,
2442 5296 2533 5376 τῷ
2546 5304 2821 5375 πνεύματι
2846 5299 2970 5357 εἶπε
2994 5321 3006 5335 ·
3044 5287 3433 5374 Παραγγέλλω
3463 5319 3547 5357 σοι
3578 5304 3635 5356 ὲν
3667 5301 3754 5372 τῷ

2148 5382 2377 5470 ὀνόματι
2410 5399 2588 5470 Ἰησοῦ
2639 5395 2879 5469 Χριστοῦ
2939 5396 3180 5463 ἐξελθεῖν
3229 5397 3327 5449 ἀπ’
3379 5396 3572 5466 αὐτῆς.
3632 5395 3755 5448 Καὶ

2150 5493 2375 5564 ἐξῆλθεν
2399 5492 2637 5564 αὐτῇτῇ
2666 5490 2810 5564 ὥρᾳ.
2847 5489 3075 5555 Ἰδόντες
3114 5489 3174 5544 δὲ
3219 5490 3267 5543 οί
3315 5486 3497 5561 κύριοι
3552 5487 3752 5556 αὐτῆς,

2151 5586 2233 5639 ὅτι
2254 5584 2478 5656 ἐξῆλθεν
2513 5586 2548 5655 ἡ
2574 5583 2732 5647 ἐλπὶς
2759 5581 2861 5652 τῆς
2906 5581 3172 5652 ἐργασίας
3229 5580 3431 5647 αὐτῶν,
3490 5578 3757 5633 ἐπιλαϐό-

2158 5694 2310 5749 μενοι
2344 5678 2436 5731 τον
2472 5675 2686 5730 Παῦλον
2713 5674 2809 5728 καὶ
2847 5674 2939 5728 τὸν
2983 5672 3167 5737 Σίλαν,
3186 5671 3458 5739 ,εἵλκυσαν
3513 5671 3594 5732 εἰς
3644 5669 3756 5740 τὴν

2156 5770 2365 5839 ἀγορὰν
2411 5770 2503 5821 ἐπὶ
2560 5769 2688 5831 τοὺς
2762 5766 3031 5837 ἄρχοντας
3059 5780 3073 5796 ·
3137 5764 3234 5818 καὶ
3296 5761 3755 5833 προσαγαγόντες

2165 5862 2359 5926 αὐτοὺς
2399 5865 2505 5925 rei;
2537 5861 2884 5933 στρατηγοῖς,
2930 5855 3082 5911 εἷπον
3114 5874 3127 5887 ·
3176 5851 3407 5911 Obsessi
3466 5855 3751 5926 ἄνθρωποι
