4082 6416
307 422 419 486 989

960 427 1496 492 EXFOSITIONIS
1529 432 1613 492 IN
1653 431 1842 493 ACTA
1874 432 2176 498 TEX'I'US
2200 437 2476 499 ALTER.
2513 464 2584 474 --
2611 440 2769 502 CAP.
2799 441 2953 503 XVI.

3471 442 3577 504 990

305 535 741 609 ἐκταράσσουσιν
769 538 927 610 ήμῶν
958 541 1058 612 τὴν
1086 543 1263 605 πόλιν,
1290 544 1539 599 Ἰουδαῖοι
1598 545 1874 616 ὑπάρχον-

1985 564 2106 603 cum
2155 551 2331 608 simus
2379 550 2636 608 Romani.
2684 552 2744 609 Et
2788 554 3035 610 cucurrit
3064 549 3246 625 'plchs
3305 554 3570 611 adversus

240 702 249 708 θ
303 648 416 695 τες,
443 632 538 685 καὶ
553 632 1013 701 καταγγέλλοντες
1038 634 1158 706 ἔθη,
1174 634 1331 690 ἃόὒκ
1357 636 1532 702 ἕξεσιν
1549 637 1680 707 ἡμῖν
1693 636 1875 705 παρα-

301 723 729 794 δέχεσθαιλούδέ
758 728 952 792 ποιεῖν,
994 727 1292 798 Ῥωμαίοις
1319 723 1460 782 οὖσι.
1503 729 1616 784 Καὶ
1654 730 1885 783 συνεπέ-

302 833 405 887 στη
426 818 454 869 6
469 816 626 887 δχλος
655 818 778 872 κατ’
795 819 998 887 αὐτῶν,
1016 820 1111 873 καὶ
1122 823 1171 874 oi
1190 822 1489 892 στρατηγοὶ
1504 820 1879 892 περιρρήξαν-

298 925 393 971 τες
425 907 607 962 αὐτῶν
636 910 704 963 τὰ
738 911 955 980 ἱμάτια,
984 912 1235 966 ἐκέλευον
1264 913 1561 984 ῥαϐδίζειν.
1584 913 1793 977 Πολλὰς
1819 929 1881 967 τε

300 1000 586 1064 ἐπιθέντες
607 1001 792 1065 αὐτοῖς
819 1002 1056 1071 πληγὰς,
1070 1004 1257 1058 ἔϐαλον
1276 1006 1355 1068 είς
1372 1005 1640 1076 φυλακὴν,
1659 1023 1883 1077 παραγ-

297 1109 363 1160 γε
373 1091 581 1155 ίλαντες
599 1093 674 1163 τῷ
687 1093 1080 1164 δεσμοφύλακι,
1093 1097 1542 1168 ἀσφαλῶςτηρεῖν
1553 1097 1769 1160 αὐτούς.
1783 1098 1883 1161 Ὃς

300 1184 680 1252 παραγγελίαν
703 1185 958 1256 τοιαύτην
972 1186 1231 1257 εἰληφὼς,
1258 1187 1447 1242 ἔϐαλεν
1475 1190 1671 1253 αὐτοὺς
1686 1190 1767 1250 είς
1781 1188 1879 1258 τὴν

297 1273 576 1341 ἐσωτέραν
606 1275 876 1345 φυλακὴν,
892 1277 988 1332 καὶ
1012 1282 1137 1342 τοὺς
1160 1278 1328 1342 πόδας
1341 1279 1522 1333 αὐτῶν
1539 1281 1879 1350 ἠσφαλίσατο

296 1366 377 1428 εἰς
396 1366 456 1418 τὸ
474 1365 652 1431 ξύλον.
676 1368 831 1423 Κατὰ
845 1369 901 1422 δὲ
917 1369 978 1422 τὸ
994 1369 1364 1440 μεσονύκτιον,
1382 1371 1590 1436 Παῦλος
1605 1372 1699 1425 καὶ
1714 1371 1877 1434 Σίλας

296 1458 745 1528 προσευχόμενοι,
763 1459 964 1530 ὕμνουν
983 1462 1073 1515 τὸν
1088 1463 1244 1516 Θεόνο
1258 1464 1611 1534 ἐπηκροῶντο
1624 1462 1680 1517 δὲ
1695 1463 1874 1516 αὐτῶν

292 1550 344 1601 οἱ
365 1549 596 1619 δέσμιοι,
617 1550 807 1621 Ἀφνω
828 1551 886 1605 δὲ
908 1554 1130 1624 σεισμὸς
1148 1555 1365 1624 ἐγένετο
1384 1555 1576 1626 μέγας,
1610 1556 1750 1609 ὥστε
1773 1572 1874 1609 σα-

1995 655 2113 709 eos,
2146 649 2199 697 et
2231 643 2812 715 magistratus,scissis
2832 647 3034 701 tunicis
3058 662 3269 711 eorum,
3285 647 3573 717 jusserunt

1994 746 2093 787 eos
2121 734 2291 805 virgis
2328 736 2482 791 cardi.
2536 734 2604 790 El.
2633 752 2757 791 cum
2795 739 2999 794 multas
3035 739 3221 808 plagas
3260 740 3341 794 eis
3394 739 3568 809 impo-

1994 821 2260 888 suissent,
2301 824 2570 879 miserunt
2607 842 2702 883 eos
2748 826 2802 882 in
2853 842 3152 890 carcerem,
3197 829 3571 897 praecipienles

1993 913 2235 977 custodi,
2265 921 2326 969 ιιι
2350 914 2645 985 diligenter
2669 918 2974 973 custodiret
3013 934 3131 975 eos.
3167 918 3271 985 Qui
3301 935 3422 973 cum
3463 922 3571 973 tale

1993 1014 2326 1076 praeceptum
2360 1008 2685 1078 accepisset,
2707 1009 2856 1065 misit
2886 1024 2982 1065 eos
3012 1013 3068 1065 in
3102 1011 3417 1067 interiorem
3450 1028 3593 1066 cars

1991 1113 2195 1165 cerem,
2229 1107 2284 1154 et
2305 1098 2469 1173 pedes
2489 1115 2677 1155 eorum
2712 1102 2936 1157 strinxit
2960 1103 3131 1174 ligno.
3169 1100 3343 1158 Media
3383 1113 3568 1159 autem

1991 1199 2154 1247 nocte
2196 1191 2401 1247 Paulus
2428 1200 2483 1247 et
2514 1192 2660 1248 Silas
2692 1203 2920 1250 orantes
2966 1196 3260 1251 laudabant
3294 1195 3485 1261 Deum,
3515 1206 3569 1250 et

1992 1283 2289 1339 audiebant
2320 1298 2416 1339 eos
2464 1283 2556 1354 qui
2604 1285 2659 1339 in
2695 1272 2942 1340 custodia
2986 1293 3164 1342 erant.
3215 1284 3411 1341 Subito
3440 1301 3570 1340 vero

1990 1373 2156 1449 274
2188 1379 2549 1431 terminotus’
2563 1376 3106 1448 factusest'maguus
3136 1420 3151 1444 ,
3200 1378 3275 1433 ita
3301 1388 3362 1432 ut
3390 1392 3572 1433 move—

1991 1475 2181 1523 rentur
2211 1466 2568 1523 fundamenta
2604 1470 2864 1525 carceris.
2909 1468 2977 1523 Et
3012 1471 3196 1525 statim
3224 1479 3408 1542 aperta
3441 1483 3569 1527 sunt

1988 1556 2170 1611 omnia
2213 1556 2379 1620 ostia,
2407 1564 2464 1613 et
2520 1558 2901 1613 universorum
2946 1559 3161 1615 vincula
3200 1561 3382 1615 soluta
3415 1571 3566 1617 sunt.

292 1640 463 1708 λευθῆ
473 1660 554 1695 ναι
566 1642 632 1696 τὰ
650 1642 876 1714 θεμέλια
894 1644 989 1698 τοῦ
1000 1646 1399 1717 δεσμωτηρίου.
1417 1646 1693 1718 Ἦνεῴχθη
1703 1663 1800 1701 σαν
1816 1647 1874 1700 δέ

1985 1648 2420 1720 Expergefaetus
2475 1658 2657 1705 autem
2706 1661 2897 1707 custos
2948 1654 3188 1706 carceris
3230 1661 3334 1716 ,νει
3377 1654 3569 1709 videns-

291 1730 637 1801 πιραχρῆμα
656 1730 712 1786 αῖ
730 1731 891 1803 θύραι
910 1736 1104 1801 πᾶσαι,
1133 1737 1227 1790 καὶ
1247 1737 1465 1789 πάντων
1494 1737 1562 1789 τὰ
1581 1736 1754 1807 δεσμὰ
1776 1738 1874 1790 ἀν-

1985 1739 2187 1808 ianuas
2222 1748 2442 1810 apertas
2474 1742 2754 1805 carceris,
2805 1741 3095 1812 evaginato
3129 1742 3309 1812 gladio
3358 1743 3569 1797 volebat

292 1817 416 1889 έθη.
454 1819 725 1887 Ἔξυπνος
747 1821 804 1876 δέ
827 1824 1124 1894 γενόμενος
1145 1827 1174 1879 6
1204 1825 1574 1896 δεσμοφύλαξ,
1610 1826 1707 1880 καὶ
1747 1826 1871 1880 ἰδὼν

1985 1846 2046 1886 se
2077 1830 2408 1896 interﬁcere,
2459 1833 2747 1888 :cstimans
2788 1831 2997 1903 fugisse
3044 1834 3276 1888 vinctos.
3304 1833 3570 1889 Clamavit

295 1910 657 1980 ἀνεῳγμένας
699 1912 799 1977 τὰς
854 1913 1028 1986 θύρας
1062 1916 1160 1986 τῆς
1195 1917 1465 1986 φυλακῆς,
1523 1917 1878 1988 σπασάμενος

1985 1933 2164 1978 amem
2195 1923 2401 1978 Paulus
2437 1939 2573 1979 voce
2609 1938 2824 1995 magna,
2856 1924 3050 1980 dicens
3082 1941 3096 1977 :
3136 1924 3280 1979 Nihil
3309 1925 3407 1980 tibi
3440 1926 3567 1981 mali

294 2001 595 2073 μάχαιραν,
618 2003 810 2074 ἤθελεν
845 2006 1041 2061 ἐαυτὸν
1098 2008 1368 2079 ἀναιρεῖν,
1423 2010 1663 2078 νομίζων
1710 2011 1878 2064 ἐκπε-

1985 2014 2177 2070 feceris
2201 2032 2218 2082 ;
2242 2016 2482 2072 universi
2502 2019 2650 2071 enim
2678 2017 2764 2070 hic
2787 2032 3001 2073 sumus.
3023 2017 3308 2088 Pctitoque
3338 2019 3565 2083 lumine,

291 2092 558 2160 φευγέναι
596 2095 721 2159 τοὺς
748 2095 1030 2166 δεσμίους.
1061 2098 1342 2169 Ἐφὼνησε
1387 2100 1443 2153 δὲ
1472 2104 1625 2171 φωνῇ
1664 2100 1878 2173 μεγάλῃ

1985 2106 2353 2176 introgressus
2379 2116 2505 2170 est;
2563 2116 2624 2161 et
2669 2106 3024 2163 tremefactus
3066 2109 3304 2177 procidit
3325 2109 3477 2163 Pauli
3510 2116 3566 2166 et

287 2183 318 2235 6
344 2182 578 2248 Παῦλος,
602 2185 810 2255 λέγων·
864 2190 1048 2259 Μηδὲν
1111 2191 1326 2262 πράξῃς
1388 2192 1601 2261 σεαυτῷ
1657 2193 1828 2247 κακόν
1861 2207 1878 2225 ⁸

290 2273 572 2341 Ἅπαντες
603 2278 710 2348 γάρ
756 2282 924 2351 ἐσμεν
953 2281 1164 2337 ἐνθάδε.
1193 2283 1431 2353 Αἰτὴσας
1460 2282 1518 2336 δέ
1559 2283 1716 2351 φῶτα
1760 2284 1878 2337 είσ-

286 2366 557 2436 οπήδησε,
604 2370 697 2421 καὶ
749 2368 1013 2440 ἔντρομος
1073 2370 1385 2440 γενόμενος,
1433 2372 1742 2441 προσέπεσε
1798 2372 1879 2442 τῷ

291 2457 499 2529 Παύλῳ
528 2461 622 2513 καὶ
655 2460 733 2530 τῷ
765 2461 896 2533 Σίλᾳ
916 2480 931 2496 ·
970 2464 1062 2516 καὶ
1119 2461 1457 2534 προαγαγὼν
1510 2463 1719 2527 αὐτοὺς.
1743 2462 1870 2529 ἔξω,

289 2552 398 2624 ἔφη
432 2569 446 2583 ⁸
476 2551 674 2622 Κύριοι
703 2571 830 2624 μου,
863 2555 916 2608 τί
959 2572 1027 2626 με
1051 2556 1134 2610 δεῖ
1156 2557 1331 2609 ποιεῖν
1382 2557 1473 2610 ἵνα
1504 2555 1663 2609 σωθῶ
1691 2571 1707 2620 ;
1737 2555 1878 2610 Οἱδέ

287 2643 486 2700 εἷπον⁸
527 2647 824 2700 Πίστευσον
844 2648 937 2700 ἐπὶ
977 2650 1071 2702 τὸν
1097 2647 1302 2720 Κύριον
1348 2646 1562 2718 Ἰησοῦν
1617 2648 1876 2719 Χριστὸν,

290 2740 388 2793 καὶ
415 2739 638 2813 σωθήσῃ
669 2742 734 2793 σὺ
755 2742 852 2795 καὶ
875 2743 904 2795 6
938 2738 1086 2805 οἶκός
1108 2759 1222 2796 σου.
1258 2741 1369 2795 Καὶ
1399 2740 1675 2812 ἐλάλησαν
1719 2738 1869 2810 αύτῷ

287 2833 383 2885 τἰν
420 2833 577 2900 λόγον
606 2832 700 2886 τοῦ
727 2833 933 2903 Κυρίου
960 2834 1054 2887 καὶ⁵
1085 2834 1221 2886 πᾶσι
1245 2835 1359 2909 τοῖς
1395 2836 1452 2887 ἐν
1487 2835 1552 2903 τῇ
1579 2833 1728 2903 οἰκίᾳ
1771 2832 1871 2885 αύ-

284 2923 409 2981 τοῦ.
442 2924 548 2977 Καὶ
580 2924 1024 2995 συμπαραλαϐὼν
1053 2926 1251 2988 αὐτοὺς
1297 2926 1356 2978 ἐν
1405 2923 1592 2997 ἐκείνῃ
1632 2925 1699 2993 τῇ
1748 2922 1870 2994 ὥρᾳ.

283 3015 509 3078 νυκτὸς,
535 3015 757 3101 ἔλουσεν
782 3017 892 3070 ἀπὸ
929 3017 1310 3102 τῶνβληγῶν
1340 3034 1355 3049 ·
1416 3016 1511 3069 καὶ
1565 3014 1872 3082 ἐόαπτίσθη

1987 2198 2117 2253 Sila:
2151 2200 2216 2252 ad
2252 2199 2439 2268 pedes,
2474 2207 2528 2254 et
2556 2200 2866 2267 producens
2892 2215 2990 2255 eos
3028 2199 3194 2263 foras,
3230 2203 3306 2255 ait
3336 2217 3351 2257 :
3378 2200 3565 2256 Domi-

1985 2290 2065 2354 ni,
2095 2289 2228 2359 quid
2259 2304 2349 2344 me
2371 2298 2589 2358 oportet
2622 2289 2805 2345 facere
2827 2331 2842 2354 ,
2878 2297 2939 2345 ut
2969 2291 3154 2347 salvus
3181 2290 3302 2344 [iam
3328 2291 3353 2345 ἳ
3382 2292 3449 2346 At
3484 2291 3565 2346 illi

1978 2382 2272 2438 dixerunt:
2304 2381 2480 2437 Crede
2508 2382 2562 2436 in
2595 2382 2881 2437 Dominum
2912 2380 3122 2447 Iesum,
3153 2392 3209 2438 et
3245 2384 3431 2439 salvus
3452 2384 3565 2440 eris

1979 2478 2034 2524 tu
2074 2478 2131 2526 et
2170 2470 2369 2525 domus
2403 2478 2521 2525 tua.
2564 2470 2629 2524 Et
2656 2471 2826 2527 locuti
2858 2480 2989 2527 sunt
3018 2471 3068 2525 ei
3095 2473 3318 2527 verbum
3352 2471 3562 2526 Domini

1978 2572 2104 2613 cum
2144 2558 2403 2616 omnibus
2440 2561 2535 2629 qui
2577 2559 2831 2615 erant-in
2882 2559 3046 2614 domo
3078 2560 3221 2629 ejus.
3271 2559 3333 2613 Et
3366 2560 3567 2616 tollens

1975 2664 2072 2705 eos
2124 2649 2180 2704 in
2216 2650 2309 2705 illa
2352 2651 2487 2704 hora
2539 2649 2739 2715 noctis,
2785 2649 2919 2704 lavit
2967 2654 3155 2719 plagas
3199 2664 3391 2704 eorum
3433 2666 3451 2716 ;
3495 2659 3553 2706 et

1984 2739 2292 2808 baptizatus
2317 2748 2402 2793 est
2428 2738 2567 2806 ipse;
2598 2745 2653 2791 et
2693 2738 2873 2793 omnis
2907 2738 3103 2794 domus
3123 2737 3245 2808 ejus
3275 2739 3563 2794 continuo.

1980 2830 2229 2900 Cumque
2262 2830 2609 2900 perduxisset
2638 2844 2733 2884 eos
2762 2830 2817 2884 in
2851 2828 3072 2884 domum
3103 2844 3280 2893 suam,
3311 2830 3565 2898 apposuit

1980 2925 2064 2977 eis
2113 2936 2381 2987 mensam,
2433 2928 2488 2977 et
2534 2922 2748 2976 laetatus
2779 2905 2865 2977 est.
2908 2935 3036 2975 cum
3072 2919 3222 2975 omni
3265 2919 3428 2974 domo
3462 2934 3562 2975 sua

1980 3015 2210 3069 credens
2242 3013 2376 3070 Deo.

285 3107 454 3171 αὐτὸς
503 3096 598 3162 καὶ
621 3111 670 3163 oi
705 3109 823 3178 μετ’
853 3108 1022 3164 αὐτοῦ
1048 3096 1250 3173 πάντες
1306 3107 1674 3179 παραχρῆμα.
1716 3104 2040 3174 Ἀναγαγὼν
2063 3114 2123 3158 τε
2149 3104 2347 3170 αὐτοὺς
2377 3105 2458 3170 εἰς
2487 3105 2580 3159 τὸν
2642 3100 2794 3161 οῐκον
2840 3101 3029 3168 αὑτοῦ,
3093 3102 3375 3175 παρέθηκε
3433 3098 3566 3173 τρά-

287 3199 481 3265 πεζαν,
519 3200 613 3252 καὶ
676 3199 1047 3269 ἠγαλλιάσατο
1095 3200 1317 3253 πανοικὶ
1370 3198 1752 3262 πεπιστευκὼς
1794 3197 1873 3267 τῷ
1910 3196 2054 3267 Θεῷ.

1895 3293 1942 3350 C

868 3289 1255 3342 EPMHNEH.

363 3383 602 3451 Λέγεται
631 3381 860 3451 ἡΠύοία
894 3380 1055 3450 αῦτη,
1086 3383 1223 3450 γυνῄ
1268 3398 1350 3443 τις
1381 3380 1518 3434 οῦσα
1548 3380 1871 3435 ἐπικαθίσαι

290 3475 372 3544 τῷ
392 3474 610 3545 τρίποδι
636 3472 732 3526 τοῦ
806 3472 1163 3535 Ἀπόλλωνος,
1231 3471 1516 3543 διαιροῦσα
1558 3472 1627 3525 τὰ
1667 3472 1869 3542 σκέληο

288 3565 392 3621 εἷθ’
426 3565 571 3619 οὕτω
615 3564 836 3633 πνεῦμα
875 3564 1114 3633 πονηρὸν
1174 3563 1557 3633 ἀναδιδόμενον
1603 3564 1870 3629 κάτωθεν,

288 3662 390 3714 καὶ
419 3659 511 3712 διὰ
535 3658 643 3711 τῶν
676 3657 1012 3726 γεννητικῶν
1032 3656 1204 3726 αὐτῆς
1235 3657 1606 3726 διαδιδόμενον
1640 3660 1871 3728 μορίων,

292 3749 544 3821 πληροῦν
593 3749 691 3819 τὴν
752 3750 988 3817 γυναῖκα
1039 3747 1139 3816 τῆς
1183 3747 1404 3817 μανίας,
1422 3748 1516 3802 καὶ
1568 3747 1775 3819 ταύτης
1804 3747 1871 3820 [Γ.

287 3837 531 3911 ταύτην]
564 3838 662 3901 τὰς
697 3838 888 3908 τρίχας
910 3836 1164 3899 λύουσαν,
1196 3836 1382 3890 λοιπὸν
1426 3835 1789 3907 βακχεύεσθαί
1814 3852 1875 3888 τε

288 3934 387 3987 καὶ
402 3932 576 4002 ἀφρὸν
604 3933 669 3984 ἐκ
686 3929 780 3985 τοῦ
812 3930 1082 3999 στόματος
1120 3929 1386 3997 ἀφιέναι,
1442 3930 1537 3982 καὶ
1591 3928 1768 3992 οὓτως
1819 3928 1876 3981 ἐν

290 4024 554 4094 παροινίᾳ
578 4022 897 4091 γινομένην,
932 4021 1000 4074 τὰ
1029 4016 1129 4091 τῆς
1156 4022 1357 4091 μανίας
1412 4020 1746 4092 φθέγγεσθαι
1781 4022 1878 4092 ῥή-

296 4133 470 4185 ματα.
498 4116 563 4167 Τί
593 4115 793 4184 δήποτε
820 4114 916 4168 καὶ
972 4115 1000 4167 6
1054 4113 1265 4186 δαίμων
1320 4114 1639 4183 ἐφθέγγετο,
1686 4112 1824 4187 [καὶ]
1850 4115 1879 4166 6

296 4207 505 4268 Παῦλος
533 4205 851 4271 ἐκώλυσεν;
925 4205 1208 4259 Ἐδούλετο
1257 4206 1440 4260 λοιπὸν
1473 4208 1516 4240 ³⁷
1569 4206 1879 4272 ἀξιόπιστον

293 4301 488 4354 ἐαυτὸν
519 4297 565 4331 ⁸⁸
585 4301 782 4354 ποιεῖν.
812 4298 877 4351 Ei
905 4297 1016 4369 γὰρ
1049 4299 1370 4369 προσήκατο
1408 4298 1574 4351 αὐτοῦ
1604 4298 1702 4367 τὴν
1736 4314 1879 4369 μαρ-

292 4389 509 4454 τύρίαν,
532 4393 559 4443 6
578 4389 809 4453 Παῦλος,
837 4388 1063 4452 πολλοὺς
1078 4389 1146 4442 ἂν
1168 4391 1264 4442 καὶ
1286 4389 1394 4442 τῶν
1422 4389 1628 4442 πιστῶν
1660 4390 1879 4460 ἠπάτη-

296 4500 411 4536 σεν.
441 4480 537 4535 ἅτε
564 4481 669 4534 ὑπὸ
699 4480 906 4534 ἐκείνου
934 4479 1170 4551 δεχθείς.
1201 4479 1301 4533 Διὰ
1332 4479 1491 4533 τοῦτο
1510 4480 1807 4549 ἀνέχεσθαι
1836 4481 1880 4514 ³⁸

297 4573 421 4627 καθ’
471 4571 670 4625 ἐαυτοῦ
732 4562 930 4636 εἰπεῖν,
957 4570 1047 4624 ’ίνα
1081 4571 1256 4644 στήσῃ
1274 4570 1344 4623 τὰ
1385 4569 1525 4639 ὑπὲρ
1557 4570 1748 4632 αὐτοῦ,
1786 4569 1882 4623 καὶ

295 4663 464 4726 αὐτὸς
494 4661 909 4730 συγκαταϐἀσει
946 4661 1216 4733 κέχρηται
1255 4661 1392 4729 πρὸς
1447 4660 1546 4732 τὴν
1585 4659 1882 4714 ἀπώλειαν.

296 4755 375 4807 T6
399 4755 498 4823 μὲν
532 4750 626 4810 οὖν
670 4754 889 4822 πρῶτον
969 4754 1045 4806 ού
1081 4754 1401 4825 προσήκατο
1442 4752 1693 4819 Παῦλος,
1753 4752 1890 4806 ἀλλὰ

295 4848 610 4911 διέπτυσεν,
635 4847 708 4900 οὐ·
746 4846 1072 4917 βουλόμενος
1130 4844 1321 4908 ἁπλῶς
1379 4847 1728 4919 ἐπιρῤίπτειν
1778 4849 1890 4908 τοῖς

300 4939 574 5008 σημείοις.
610 4938 699 5001 Ὠς
727 4938 785 4991 δὲ
824 4938 1058 5009 ἐπέμενε
1092 4936 1251 4990 τοῦτο
1279 4936 1473 4999 ποιῶν,
1509 4937 1608 4990 καὶ
1634 4935 1696 4989 τὸ
1726 4934 1889 5005 ἔργον

298 5029 537 5094 ἐδείκνυ,
557 5029 677 5082 τότε
700 5028 987 5082 ἐκέλευσεν
1013 5027 1162 5096 αὐτῷ
1185 5025 1441 5092 ἐξελθεῖν.
1484 5044 1503 5076 r
1531 5023 1890 5093 Διαπονηθεὶς

300 5119 436 5190 γὰρ,
462 5120 629 5187 φησιν
656 5120 686 5171 6
718 5117 986 5183 Παῦλο;,ι
1002 5117 1252 5171 τουτέστι
1272 5117 1513 5187 κινηθεὶς
1533 5117 1635 5184 καὶ,
1646 5114 1884 5187 δηχθεὶς,

300 5210 402 5264 καὶ
428 5208 607 5279 ἀληθῆ
634 5208 902 5278 λέγουσαν
955 5207 1319 5278 ἐπιστομίσας
1363 5207 1555 5276 αὐτὴν,
1599 5207 1886 5259 ἐκέλευσεν

299 5298 546 5365 ἐξελθεῖν
568 5297 628 5363 ἐξ
641 5297 811 5368 αὐτῆς
829 5297 891 5350 τὸ
919 5298 1220 5367 δαιμόνιον,
1250 5297 1518 5350 διδάσκων
1539 5298 1708 5368 ἡμᾶς,
1745 5295 1883 5367 μηδὲ

296 5393 370 5463 τῇ
433 5389 667 5463 ἀληθείᾳ
715 5392 1037 5461 συνηγορεῖν
1081 5389 1584 5460 προσποιουμένους
1633 5388 1886 5459 δέχεσθαι

296 5482 589 5555 δαίμονας,
641 5481 780 5537 ἀλλὰ
808 5484 988 5537 πᾶσαν
1018 5482 1203 5545 αὐτοῖς
1252 5478 1621 5551 ἀποτειχίζειν
1674 5479 1883 5550 πλάνης

296 5575 444 5641 ὁδὸν,
475 5574 571 5631 καὶ
622 5575 1014 5647 περιφράττειν
1035 5573 1176 5646 πρὸς
1207 5573 1278 5628 τὰ
1311 5572 1444 5646 παρ’
1491 5571 1673 5626 αὐτῶν
1705 5570 1885 5624 πάντα

2474 3286 3054 3344 COMMENTARIUS.

2055 3381 2349 3438 Dicebatur
2383 3379 2582 3433 mulier
2612 3379 2819 3450 Pythia
2855 3396 2941 3443 ea,
2995 3395 3117 3449 quae
3158 3393 3320 3450 supra
3360 3379 3566 3448 Apolli-

1983 3482 2071 3533 nis
2106 3474 2374 3545 tripodem
2405 3471 2597 3528 sedere
2617 3470 2777 3525 solita
2799 3478 2919 3525 erat
2947 3469 3261 3526 divaricatis
3289 3470 3562 3526 cruribus.

1976 3569 2097 3638 Quo
2120 3570 2175 3623 in
2212 3574 2357 3623 statu
2389 3564 2601 3619 dmmon
2628 3564 2695 3619 ab
2726 3564 2835 3617 imo
2853 3578 2974 3618 sese
3011 3563 3318 3627 insinuans,
3358 3576 3423 3615 ac
3446 3566 3567 3630 ejus

1979 3658 2216 3715 verenda
2255 3654 2583 3725 pervadens,
2629 3651 2814 3705 furore
2861 3650 3036 3717 ipsam
3076 3649 3336 3718 replebat.
3377 3646 3567 3727 Quare

1977 3749 2187 3819 sparsis
2227 3745 2475 3819 crinibus
2519 3741 2909 3803 bacchabatur,
2958 3748 3012 3794 et
3059 3753 3309 3808 spumam
3345 3753 3411 3792 ex
3465 3753 3566 3793 ore

1976 3839 2259 3896 emittebat
2283 3852 2298 3901 ;
2328 3836 2515 3904 sicque
2536 3831 2833 3887 furibunda
2851 3830 3080 3885 insaniae
3099 3830 3262 3882 verba
3283 3827 3565 3882 fuMebat.

1976 3932 2042 3985 At
2065 3945 2241 4001 quare
2275 3939 2329 3983 et
2351 3926 2564 3981 dazmon
2587 3922 2640 3977 id
2668 3921 2903 3984 dicebat,
2928 3930 2983 3976 et
3014 3919 3212 3975 Paulus
3243 3934 3309 3974 ne
3335 3919 3564 3984 diceret,

1978 4018 2310 4092 prohibuit?
2348 4015 2490 4082 Quia
2536 4013 2748 4071 volebat
2773 4011 2876 4066 sibi
2909 4012 3066 4066 ﬁdem
3100 4020 3152 4065 et
3182 4010 3561 4064 auctoritatem

1983 4109 2304 4166 conciliare.
2345 4106 2403 4161 Si
2450 4104 2594 4161 enim
2635 4102 3009 4158 testimonium
3045 4100 3219 4171 ipsius
3257 4100 3569 4155 admisisset

1980 4201 2207 4265 Paulus,
2234 4199 2422 4254 ﬁdeles
2440 4197 2662 4258 multos,
2687 4193 2833 4249 velut
2851 4193 2921 4248 ab
2943 4193 3034 4247 illo
3053 4193 3335 4262 probatus,
3372 4189 3568 4246 fortas-

1983 4307 2042 4346 se
2076 4289 2404 4356 decepissel.
2439 4284 2613 4352 Quam
2650 4283 2721 4339 ob
2753 4298 2976 4338 causam
3016 4296 3122 4336 non
3158 4281 3339 4335 renuit
3370 4288 3566 4365 contra

1984 4397 2044 4438 se
2093 4381 2302 4441 dicere,
2356 4388 2417 4433 ut
2458 4393 2581 4446 qua:
2617 4391 2717 4444 pro
2760 4389 2820 4430 se
2863 4374 3117 4437 dixisset,
3170 4372 3566 4427 continuaret:

1986 4470 2205 4529 scilicet
2248 4470 2399 4524 novit
2450 4469 2566 4534 ille,
2615 4474 2675 4520 ut
2718 4464 2968 4519 homines
3020 4462 3233 4532 perdat,
3288 4463 3457 4516 etiam
3508 4479 3569 4515 sc

1989 4563 2222 4633 tempori
2249 4559 2689 4617 accommodare.
2734 4555 2938 4610 Paulus
2986 4555 3163 4623 primo
3191 4551 3414 4622 quidem
3451 4551 3569 4620 ejus

1993 4651 2366 4709 testimonium
2402 4663 2512 4704 non
2552 4645 2809 4709 admisit,
2858 4643 2952 4699 sed
2990 4640 3340 4709 contempsit,
3376 4639 3569 4692 nolens

1988 4745 2174 4800 statim
2231 4742 2402 4813 signis
2454 4752 2672 4793 manum
2727 4735 3039 4790 admovere.
3085 4733 3157 4787 At
3193 4746 3317 4786 cum
3356 4730 3568 4784 damon

1989 4834 2278 4890 clamando
2310 4835 2725 4903 perseveraret,
2760 4836 2815 4881 et
2838 4825 2951 4895 jam
2989 4823 3251 4878 molestia:
3282 4821 3360 4876 illi
3399 4830 3568 4885 esset,

1987 4936 2121 4982 tunc
2153 4924 2438 4994 imperavit
2464 4920 2592 4990 ipsi,
2619 4927 2679 4973 ut
2705 4918 2900 4973 exiret.
2932 4933 2950 4967 ι
2980 4914 3180 4969 Dolens
3213 4924 3391 4969 autem
3424 4910 3567 4965 Pau-

1987 5018 2097 5083 lus,
2134 5035 2153 5067 ι
2194 5013 2394 5084 inquit,
2441 5011 2544 5066 hoc
2576 5016 2682 5074 cst,
2720 5007 2880 5062 taedio
2916 5014 2970 5059 et
3020 5002 3270 5058 molestia
3318 4999 3569 5063 allectus,

1985 5107 2241 5180 quamvis
2270 5119 2395 5161 vera
2430 5102 2638 5156 diceret
2659 5139 2674 5162 .
2708 5111 2771 5154 os
2804 5096 2881 5152 illi
2920 5094 3197 5152 obstruxit
3225 5131 3241 5155 ,
3295 5090 3570 5161 iussitque

1987 5211 2047 5257 ut
2073 5217 2138 5255 ex
2170 5200 2261 5253 illa
2303 5196 2499 5251 exiret.
2538 5191 2659 5258 Quo
2694 5205 2794 5246 nos
2842 5189 3053 5254 docuit,
3093 5202 3161 5240 nc
3205 5182 3570 5245 daemonibus,

1987 5293 2069 5347 vel
2098 5271 2261 5362 275
2295 5302 2420 5343 cum
2464 5282 2678 5340 veritati
2730 5276 3067 5351 patrocinari
3113 5275 3368 5330 videntur
3396 5311 3412 5334 ,
3460 5273 3571 5326 ullo

1984 5385 2147 5438 modo
2194 5381 2506 5443 credaums,
2575 5376 2669 5431 sed
2721 5371 2994 5429 obturatis
3024 5368 3091 5424 ad
3125 5367 3309 5422 omnia
3342 5381 3465 5436 qua:
3496 5365 3571 5420 ab
3613 5410 3625 5422 .

1991 5475 2129 5546 ipsis
2163 5473 2490 5543 procedunt,
2520 5468 2771 5530 auribus,
2792 5478 3009 5520 omnem
3040 5460 3148 5515 illis
3180 5455 3406 5514 fallendi
3425 5457 3568 5511 viam

1991 5565 2414 5641 prmcludamus.
2463 5580 2482 5615 ι
2513 5559 2886 5618 Τοιηειιιοιιιε
2937 5553 3117 5610 factus
3147 5561 3252 5609 est.
3285 5568 3304 5603 ι
3354 5548 3434 5604 Ex
3460 5562 3573 5621 quo

1500 5747 1700 5815 Varia)
1732 5745 2039 5812 lectiones
2087 5751 2149 5808 et
2191 5750 2382 5809 uota.

375 5859 420 5893 ιτ
460 5856 591 5929 γὰρ,
639 5856 705 5907 ,³⁸
732 5854 918 5912 αὐτόν.
996 5855 1043 5890 ³⁹
1069 5854 1343 5926 ἀνέχεται.
