4082 6430
460 401 558 465 9Ἱ1

1382 404 1967 468 THEOPHYLACTI
1994 407 2409 474 BULGARIR
2448 414 2807 477 ARCHIEP.

3637 419 3750 486 992

465 528 650 574 custos
675 516 914 573 carceris
967 536 988 570 ι
1048 520 1468 590 expergefactus
1487 531 1615 579 est:
1656 541 1675 576 ι
1730 523 1884 582 Ostia
1912 540 2043 583 vero

2159 524 2249 598 τὴν
2274 528 2478 601 ἀκοήνί
2511 530 2571 583 '0
2597 528 2824 602 σεισμὸς
2852 529 3108 600 γέγονεν,
3139 524 3287 588 ὥστε
3332 533 3752 606 ἀφυπνισθῆναι

467 621 649 681 aperta
676 618 827 675 sunt,
854 620 912 665 ut
941 611 1088 681 quod
1116 613 1439 684 contigerat,
1459 613 1775 679 miraretur,
1802 625 1857 671 et
1877 616 2052 672 ﬁdelis

465 705 757 760 evaderet:
818 720 928 760 non
981 708 1127 760 enim
1181 707 1288 762 ista
1321 706 1387 760 ad
1437 709 1861 765 ostentationem
1904 708 2051 767 facta

464 804 609 862 sunt,
624 796 719 851 sed
734 795 802 849 ad
817 795 938 865 ejus
953 796 1204 852 salutem.
1225 797 1295 852 Ea
1317 806 1496 854 tamen
1520 816 1629 855 non
1655 788 1934 870 viderunt,
1952 805 2048 874 qui

463 887 598 942 inibi
666 897 828 944 erant
880 890 1052 944 vincti
1108 909 1125 946 :
1192 892 1442 960 alioquin
1503 892 1777 965 fugissent
1834 910 2049 953 omnes.

460 997 484 1036 ι
528 977 991 1051 Exspergefactus
1036 990 1219 1039 autem
1255 994 1447 1043 custos
1478 989 1739 1043 carceris.
1783 1008 1800 1040 ι
1840 987 1939 1045 llic
1964 998 2050 1046 est

462 1067 771 1141 Stcpbanas
835 1073 948 1139 ille,
1006 1075 1165 1145 cujus
1217 1078 1468 1134 meminit
1522 1080 1726 1138 Paulus
1767 1082 1821 1136 in
1873 1083 2050 1153 prima

462 1157 698 1230 EpiStola
724 1161 792 1218 ad
831 1163 1169 1223 Corinthios.

624 1253 781 1319 Quod
810 1259 1040 1326 apostoli
1073 1263 1249 1331 rogati
1277 1277 1344 1321 ea;
1376 1280 1587 1320 carcere
1618 1267 1865 1323 exierint.

1112 1445 1413 1503 TEXTUS.
1446 1469 1451 1474 λ

527 1530 670 1598 XVI,
706 1534 894 1591 55-40.
949 1535 1011 1593 Et
1034 1553 1172 1594 tcum
1216 1541 1338 1597 dies
1368 1542 1546 1599 factus
1579 1554 1746 1612 esset,
1780 1548 2048 1604 miserunt

457 1625 812 1692 magistratus
829 1629 1368 1698 lictores,'dieentes:
1389 1633 1609 1691 Dimitte
1624 1632 1875 1694 homines
1902 1640 2044 1696 illos.

458 1714 738 1773 Nuntiavit
770 1731 950 1777 autem
986 1734 1180 1782 custos
1218 1727 1459 1784 carceris
1495 1730 1658 1785 verba
1699 1731 1815 1787 haec
1852 1731 2046 1801 Paulo,

2158 617 2254 671 τὶν
2276 618 2690 692 δεσμοφύλακα.
2753 625 2819 679 Δί
2866 623 3031 696 θύραι
3072 625 3130 680 δὲ
3179 626 3560 698 ἠνεῴχθησαν,
3608 628 3751 683 ὥστε
3799 686 3811 695 ,

2159 712 2446 784 θαυμάσαι
2474 714 2537 767 τὺ
2556 715 2782 783 γεγονὸς
2816 715 2916 769 καὶ
2948 716 3280 782 πιστεῦσαι.
3339 720 3417 774 Οὐ
3455 720 3566 795 γάρ
3615 721 3755 793 πρὸς

2158 806 2427 875 ἐπίδειξιν
2458 807 2636 862 ταῦτα
2662 808 2904 876 ἐγένετο,
2931 809 3071 864 ἀλλὰ
3102 812 3237 883 πρὸς
3268 813 3547 885 σωτηρίαν
3563 815 3753 871 αὐτοῦ.

2158 896 2347 953 Ταῦτα
2375 899 2432 954 δὲ
2461 902 2512 953 oi
2546 900 2828 972 δεσμῶται
2856 902 2956 974 οὐχ
2978 903 3169 977 ἐώρων
3196 921 3210 935 ’
3235 900 3271 978 ἦ
3299 905 3408 978 γάρ
3461 907 3528 961 ἂν
3550 902 3757 977 ἔφυγον

2158 988 2421 1058 ἅπαντες.
2449 986 2616 1056 Οὗτός
2648 995 2798 1049 ἐστιν
2842 996 2871 1048 ὁ
2925 995 3231 1066 Στεφανᾶς,
3296 993 3361 1054 οὗ
3421 1000 3756 1073 μνημονεύει

2159 1080 2371 1146 Παῦλος
2393 1083 2452 1136 ἐν
2478 1086 2546 1154 τῇ
2577 1083 2716 1156 πρὸς
2742 1084 3070 1158 Κορινθίους
3102 1087 3298 1161 πρώτῃ
3328 1088 3643 1163 Ἐπιστολῇ.

2159 1266 2279 1319 ’Ὁτι
2311 1266 2812 1335 παρακληθέντες
2843 1267 3111 1337 ἐξῆλθον
3133 1272 3269 1325 τότε
3292 1271 3362 1327 ἐκ
3379 1273 3488 1331 τοῦ
3521 1273 3756 1345 δεσμωο

2567 1360 2775 1428 τηρίου
2808 1364 2860 1414 οι
2890 1361 3247 1418 ἀπόστολοι.
3642 1348 3654 1353 “

2722 1438 3112 1508 KEIMENON.

2242 1541 2487 1612 Ἡμέρας
2516 1543 2572 1596 δὲ
2594 1545 2921 1614 γενομένης,
2956 1543 3290 1598 ἀπέστειλαν
3338 1546 3389 1599 oi
3447 1548 3754 1618 στρατηγοὶ

2155 1634 2281 1697 τοὺς
2310 1634 2663 1706 ῥαϐδούχους,
2695 1635 2947 1704 λέγοντες
2970 1652 2986 1667 ⁸
3030 1636 3330 1691 Ἀπόλυσον
3356 1640 3487 1704 τοὺς
3533 1640 3756 1712 ἀνθρὼ-

2126 1744 2291 1798 ,πους
2321 1728 2592 1791 ἐκείνους.
2671 1729 3002 1799 Ἀπήγγειλε
3048 1729 3107 1782 δὲ
3157 1732 3185 1783 ὁ
3238 1730 3587 1803 δεσμοφύλαξ
3622 1735 3755 1798 τοὺς

458 1804 587 1871 quia
630 1804 899 1863 Miserum
932 1813 1313 1884 magistratus,
1356 1824 1414 1870 ut
1463 1818 1817 1876 dimittamini
1852 1841 1866 1879 :
1897 1841 2047 1883 nunc

2159 1817 2346 1886 λόγους
2382 1820 2609 1884 τούτους
2650 1822 2785 1892 πρὸς
2811 1821 2904 1873 τὸν
2929 1816 3160 1886 Παῦλον,
3184 1821 3267 1876 δτι
3317 1824 3671 1879 Ἀπέστειλαν
3700 1828 3753 1879 οἱ

459 1895 628 1967 igitur
654 1911 939 1969 exeuntes,
964 1905 1037 1961 ite
1068 1906 1124 1960 in
1159 1923 1312 1977 pace.
1333 1908 1539 1967 Paulus
1557 1921 1736 1969 autem
1763 1916 1903 1971 dixit
1927 1918 2006 1974 eis
2033 1936 2047 1972 :

2159 1911 2486 1982 στρατηγοὶ,
2520 1911 2607 1965 ἵνα
2641 1885 2992 1982 ἀπολυθῆτε·
3032 1912 3127 1967 νῦν
3150 1885 3250 1969 οὖν
3284 1914 3592 1982 ἐξελθόντες
3648 1933 3757 1970 πο-

455 1987 643 2049 Οαιεοε
674 2005 778 2046 nos
811 1993 1049 2062 publice,
1085 1997 1458 2067 indemnatos,
1489 2003 1741 2062 homines
1765 2006 2048 2066 Romanos

456 2080 728 2137 miserunt
747 2083 799 2139 in
819 2101 1119 2157 carcerem,
1149 2098 1204 2145 et
1243 2108 1392 2149 nunc
1412 2097 1625 2153 occulte
1643 2114 1745 2155 nos
1779 2100 2004 2172 rjiciunt
2028 2112 2054 2166 τ

455 2170 573 2227 Non
605 2175 702 2244 ita,
760 2178 856 2233 sed
889 2183 1134 2249 veniant,
1193 2193 1247 2240 et
1279 2185 1383 2255 ipsi
1413 2202 1513 2245 nos
1535 2190 1780 2259 ejiciant.
1808 2170 2051 2249 Nuntia-

457 2278 657 2325 verunt
710 2280 894 2328 autem
950 2278 1369 2346 magistratibus
1423 2282 1646 2340 lictores
1687 2286 1852 2342 verba
1909 2289 2047 2344 haec.

457 2358 913 2434 Timueruntque,
951 2368 1140 2425 audito
1189 2372 1335 2440 quod
1393 2374 1626 2430 Romani
1693 2388 1908 2435 essent.
1984 2379 2050 2436 Et

457 2452 744 2509 venientes
766 2454 1042 2525 deprecati
1062 2470 1192 2515 sunt
1209 2478 1321 2525 eos,
1347 2470 1402 2519 et
1428 2464 1727 2527 educentes
1761 2473 2048 2541 ragabant,

461 2553 522 2598 ut
558 2548 949 2615 egrederentur
984 2551 1053 2607 de
1084 2554 1241 2610 urbe.
1291 2555 1571 2616 Exeuntes’
1599 2569 1784 2617 autem
1819 2563 1887 2619 de
1925 2580 2051 2619 car-

459 2647 604 2696 cere,
638 2636 976 2696 introierunt
997 2645 1061 2699 ad
1096 2644 1325 2717 Lydiam
1348 2658 1402 2704 et
1430 2652 1568 2709 visis
1601 2652 1886 2722 fratribus,
1920 2672 2051 2713 eon-

457 2726 617 2782 solati
646 2738 778 2787 sunt
803 2745 924 2802 eos,
946 2743 1002 2789 et
1032 2737 1263 2807 profecti
1291 2750 1442 2798 sunt.

989 2984 1576 3052 COMMENTARIUS.

528 3069 727 3128 Diccns
760 3073 1008 3135 Paulus:
1044 3097 1067 3132 ‹
1098 3080 1284 3141 ϐωεοε
1310 3094 1416 3142 n05
1445 3089 1684 3156 publice,
1725 3111 1745 3147 ι
1783 3104 1912 3164 etc.,
1946 3096 2051 3153 du-

459 3162 583 3231 plex
628 3164 680 3218 in
714 3180 773 3221 se
802 3177 856 3222 et
889 3168 1197 3227 Barnabam
1227 3162 1902 3242 delictum-conmissum
1924 3204 2049 3244 esse

459 3255 722 3320 ostendit,
792 3275 988 3329 nempe
1049 3264 1199 3333 quod
1254 3274 1307 3322 et
1345 3286 1366 3319 ι
1398 3269 1650 3328 homines
1703 3275 1958 3347 Romani,
2003 3290 2057 3338 et

461 3344 763 3401 indemnati
802 3367 822 3402 ι
861 3352 987 3406 caesi
1012 3363 1220 3412 essent.
1249 3356 1465 3418 Pluries
1506 3365 1650 3420 enim
1698 3366 1789 3423 ille
1819 3344 2057 3427 humana

462 3437 711 3502 praetexit
771 3442 842 3494 ob
895 3446 1201 3512 quamdam
1234 3454 1637 3520 meouomiam,
1688 3474 1760 3513 ne
1802 3462 2062 3520 videlicet

463 3714 592 3783 quia
622 3717 851 3785 sciebat,
888 3722 1049 3777 subdi
1078 3723 1339 3795 oportere
1364 3733 1707 3805 principibus
1734 3748 1790 3794 et
1812 3751 2059 3817 potesta-

462 3805 634 3872 tibus,
690 3809 897 3869 idrirco
922 3830 983 3871 se
1008 3820 1248 3888 appellat
1285 3822 1593 3883 Romanum
1629 3847 1644 3897 ;
1696 3805 1826 3887 nam
1850 3814 1970 3891 fere
2003 3838 2056 3892 in

462 3911 683 3955 omnem
719 3911 944 3971 terrain,
985 3917 1040 3963 et
1074 3910 1125 3964 in
1168 3914 1344 3983 ipsam
1383 3935 1608 3991 quoque
1640 3923 1906 3993 Iudaeam,
1943 3929 2057 3985 Ro-

465 4005 755 4047 manormn
794 3996 1097 4066 imperator
1121 4013 1258 4059 tunc
1304 4012 1572 4079 temporis
1608 4014 1774 4087 276
1802 4018 2057 4075 domina-

465 4080 629 4178 batur
649 4101 666 4141 :
690 4093 745 4178 et
765 4086 814 4141 ei
840 4087 1011 4146 Judaei
1043 4100 1486 4167 quoquetributa
1506 4080 1845 4174 pendebant.
1875 4109 2063 4178 Quare

460 4170 671 4232 Paulus
706 4177 1083 4240 Romanorum
1120 4189 1486 4261 principatum
1513 4170 1568 4251 et
1606 4170 2044 4261 dominationem

467 4358 797 4419 sedueentes
843 4366 1125 4435 dicebant,
1180 4374 1349 4430 Deum
1394 4381 1573 4436 solum
1616 4358 1741 4441 esse
1775 4358 2058 4463 proprium

465 4465 709 4519 Ipsorum
748 4471 956 4528 regem,
1021 4464 1201 4535 reipsa
1236 4476 1418 4525 tamen
1464 4482 1726 4546 tauquam
1784 4480 2059 4537 tributarii

2155 2004 2379 2076 ρεύεσθε
2408 2008 2469 2061 ἐν
2502 2007 2716 2080 εἰρήνῃ.
2761 2006 2818 2061 '0
2849 2007 2917 2078 δὲ,
2936 2006 3148 2071 Παῦλος
3172 2008 3276 2078 ἔφη
3307 2009 3446 2080 πρδς
3505 2009 3708 2093 αὐτούς
3729 2025 3753 2045 ο

2151 2100 2442 2169 Δείραντες
2489 2101 2636 2170 ἡμᾶς
2664 2100 2906 2170 δημοσίᾳ
2956 2101 3363 2170 ἀκατακρίτους
3389 2102 3747 2173 ἀνθρώπους,

2164 2191 2477 2264 Ῥωμαίους
2500 2192 2871 2263 ὑπάρχοντας,
2899 2192 3094 2247 ἔϐαλον
3117 2196 3196 2256 είς
3225 2195 3494 2265 φυλακὴν,
3524 2196 3617 2248 καὶ
3652 2195 3754 2249 νῦν

2152 2282 2331 2356 λάθρα
2364 2285 2514 2355 ἡμᾶς
2554 2284 2914 2338 ἐκϐάλλουσιν
2947 2302 2962 2351 ;
3022 2286 3098 2341 Οὐ
3154 2286 3285 2356 γὰρ,
3344 2287 3459 2342 ἀλλ’
3498 2287 3757 2352 ἐλθόντες

2151 2374 2305 2430 αὐτοὶ
2322 2377 2472 2447 ἡμᾶς
2494 2376 2936 2445 ἐξαγαγέτωσαν.
2977 2377 3349 2447 Ἀπήγγειλαν
3371 2378 3428 2432 δὲ
3444 2381 3557 2443 τοῖς
3583 2396 3757 2447 στρα-

2150 2470 2343 2542 τηγοῖς
2364 2469 2414 2522 οί
2451 2467 2748 2540 ῥαϐδοῦχοι
2775 2468 2844 2521 τὰ
2873 2469 3096 2539 ῥήματα
3127 2470 3325 2537 ταῦτα,
3351 2470 3443 2523 καὶ
3470 2470 3755 2543 ἐφοϐήθη-

2154 2576 2256 2615 σαν
2304 2559 2666 2626 ἀκούσαντες,
2705 2560 2793 2612 ὅτι
2831 2557 3093 2628 Ῥωμαῖοί
3153 2562 3283 2616 εἰσι.
3345 2562 3457 2618 Καὶ
3498 2562 3755 2628 ἐλθόντες

2153 2648 2543 2721 παρεκάλεσαν
2570 2649 2792 2713 αὐτοὺς,
2830 2649 2927 2704 καὶ
2967 2649 3339 2720 ἐξαγαγόντες
3383 2650 3624 2722 ἠρώτων
3655 2654 3746 2720 ἐξ·

2150 2745 2328 2799 ελθεῖν
2355 2747 2451 2816 τῆς
2484 2745 2709 2809 πόλεως.
2743 2745 3089 2810 Ἐξελθόντες
3126 2746 3182 2800 δὲ
3209 2748 3318 2801 ἀπὸ
3341 2747 3442 2817 τῆς
3477 2749 3755 2819 φυλακῆς,

2150 2836 2399 2908 εἰσῆλθον
2431 2837 2571 2907 πρὸς
2601 2836 2702 2906 τὴν
2743 2836 2945 2892 Λυδίαν
2981 2851 2995 2867 '
3021 2840 3119 2892 καὶ
3147 2839 3348 2902 ἰδόντες
3416 2840 3544 2904 τοὺς
3590 2841 3754 2895 ἀδελο

2153 2929 2290 2997 φοὺς
2317 2925 2706 3000 παρεκάλεσαν
2729 2927 2950 2991 αὐτοὺς,
2983 2928 3080 2980 καὶ
3104 2927 3347 2996 ἐξῆλθον.

2778 3017 3166 3086 ΕΡΜΗΝΕΙΑ.
3346 3018 3354 3026 ‘
3468 3082 3475 3089 ,

2224 3090 2721 3164 Δείκνυσιδιπλοῦν
2766 3111 2828 3164 τὸ
2879 3110 3155 3182 ἔγκλημα,
3191 3111 3401 3166 εἰπών·
3472 3131 3493 3165 ι
3527 3112 3767 3185 Δείρανξ

2082 3225 2125 3289 C
2159 3219 2250 3266 τες
2287 3203 2438 3273 ἡμᾶς
2463 3203 2730 3274 δημοσίᾳ,
2771 3221 2790 3254 ι
2829 3203 2924 3258 καὶ
2952 3201 3021 3256 τὰ
3082 3201 3231 3273 ἑξῆς,
3261 3205 3346 3258 ὅτι
3383 3224 3402 3258 ι
3446 3206 3557 3259 Καὶ
3612 3206 3759 3260 Ῥω-

2165 3294 2379 3364 μαίους,
2419 3296 2514 3348 καὶ
2547 3294 2976 3365 ἀκατακρίτους.
3013 3313 3031 3345 ι
3079 3294 3432 3379 Ἀνθρὼπινα
3462 3297 3573 3367 γὰρ
3619 3314 3763 3351 κατ-

2160 3387 2427 3450 εσκεύαζε
2463 3387 2553 3441 διά
2581 3404 2707 3441 τινα
2739 3386 3053 3457 οἰκονομίαν
3085 3385 3371 3452 πολλάκις,
3397 3387 3484 3441 ἵνα
3509 3387 3585 3460 μὴ
3623 3389 3762 3463 δόξῃ

2160 3477 2236 3539 ὡς
2266 3476 2556 3540 κατάδικος
2580 3477 2919 3531 ἀπολύεσθαι
2976 3478 3072 3531 καὶ
3110 3478 3186 3542 ὡς
3233 3479 3596 3550 ἡμαρτηκὼς,
3657 3483 3764 3535 καὶ

1958 3556 2057 3623 ire,
2163 3567 2249 3621 ἵνα
2275 3567 2349 3639 μὴ
2374 3567 2472 3636 τῆς
2497 3569 2717 3639 χάριτος
2745 3565 2972 3643 αὐτῶνῇ
2996 3569 3056 3622 τὸ
3072 3570 3330 3641 πρᾶγμα.
3354 3571 3466 3625 Καὶ
3492 3571 3647 3635 εἰδὼς
3670 3573 3761 3626 ὅτι

2163 3659 2246 3713 δεῖ
2275 3661 2476 3731 ἀρχαῖς
2503 3662 2600 3715 καὶ
2630 3658 2904 3726 ἐξουσίαις
2927 3662 3356 3730 ὑποτάσσεσθαι,
3400 3664 3585 3719 ἐκάλει
3621 3666 3763 3718 ἐαυ-

2161 3749 2252 3803 τξν
2319 3750 2593 3821 Ῥωμαῖον
2643 3750 2855 3821 (σχεδὸν
2899 3751 3009 3824 γάρ
3081 3753 3262 3822 πάσης
3327 3753 3428 3823 τῆς
3485 3755 3612 3824 γῆς,
3661 3755 3762 3808 καὶ

2161 3840 2338 3910 αὐτῆς
2361 3841 2462 3913 τῆς
2489 3840 2774 3909 Ἰουδαίας,
2793 3842 2821 3894 ὁ
2877 3842 3171 3912 Ῥωμαίων
3203 3843 3460 3914 βασιλεὺς
3506 3845 3758 3915 ἐκράτει·

2160 3932 2360 3996 οἵτινες
2390 3932 2487 3986 καὶ
2537 3933 2704 4003 φόρον
2743 3933 2965 4000 ἐτέλουν
2990 3934 3276 4006 Καίσαρι),
3318 3936 3394 4008 μὴ
3424 3937 3767 4007 ἀποσειόμε-

2160 4041 2251 4088 νος
2292 4025 2391 4095 τὴν
2433 4024 2610 4095 ἀρχὴν
2678 4024 2775 4078 καὶ
2849 4026 3172 4081 δεσποτείαν
3229 4028 3328 4098 τὴν
3413 4027 3759 4099 Ῥωμαϊκὴν,

2160 4118 2351 4189 ὥσπερ
2379 4117 2631 4175 οίλοιποὶ
2682 4117 2926 4172 Ἰουδαῖοι
2994 4120 3454 4193 φρεναπατῶντες
3497 4122 3757 4188 ἐαυτοῦς,

2160 4210 2253 4263 τὸν
2278 4209 2414 4263 θεὸν
2437 4209 2538 4279 μὲν
2589 4210 2807 4263 ἑαυτῶν
2834 4210 3024 4279 ἔλεγον
3061 4210 3191 4265 ίδιον
3224 4210 3472 4281 βασιλέα,
3527 4212 3590 4265 οὐ
3645 4212 3763 4282 μὴν

2162 4302 2451 4373 ἄνθρωπον
2482 4317 2495 4331 ·
2516 4302 2701 4374 ἔργοις
2749 4303 2807 4357 δὲ
2834 4305 3022 4367 αὐτοῖς
3077 4304 3153 4367 ὡς
3185 4304 3468 4368 ὑποτελεῖς
3494 4302 3758 4377 [οἰκέται]

2165 4395 2368 4464 φόρους
2418 4394 2668 4450 ἐτέλουν·
2715 4395 2777 4449 τὸ
2822 4397 2920 4467 μὲν
2959 4396 3132 4467 ὄνομα
3172 4397 3520 4467 ἀρνούμενοι,
3570 4397 3765 4468 ἔργοις

2163 4487 2222 4541 δέ
2242 4486 2620 4558 ὑποκείμενοι.
2650 4486 2760 4552 Οὓς
2803 4488 2902 4542 καὶ
2959 4488 3271 4561 ἐπόρθησεν
3322 4489 3763 4555 Οὐεσπασιανὸς,

465 4544 606 4597 servi
630 4546 836 4605 tributa
861 4555 1165 4614 solvebant.
1189 4558 1341 4618 Unde
1364 4544 1678 4638 quanquam
1710 4572 2054 4629 subditorum

2165 4578 2242 4641 ὡς
2280 4578 2356 4650 μὴ
2388 4578 2888 4650 ὑποτασσομένους.

463 4646 673 4694 nomen
714 4647 1087 4716 repudiarent,
1125 4666 1187 4709 re
1232 4665 1409 4713 tamen
1452 4662 1572 4731 ipsa
1623 4663 1830 4720 subditi
1865 4678 2042 4726 erant.
2083 4670 2220 4737 Quia
2258 4646 2389 4728 vero
2435 4646 2833 4742 subiectionem
2872 4679 3062 4744 postea
3113 4672 3515 4738 detrectarunt,
3544 4669 3758 4741 Vespa-
3813 4715 3826 4736 ,

464 4732 661 4790 siauus
689 4752 785 4795 eos
821 4741 1045 4799 delevit.

1103 4839 1339 4899 CAPUT
1372 4819 1539 4905 va.

464 4918 550 4975 De
606 4925 860 4982 seditione
947 4931 1340 4992 Thessalonica
1420 4955 1586 4996 causa
1665 4946 2063 5011 prtrdirationis

540 5015 685 5085 facta
722 5035 744 5084 ;
788 5022 952 5093 deque
988 5025 1115 5097 fuga
1155 5029 1317 5085 Pauli
1352 5031 1588 5088 Bern'am
1626 5078 1642 5099 ,
1670 5045 1720 5091 el
1740 5039 1860 5094 inde
1900 5042 2062 5096 Athe-

540 5124 662 5168 nas.
738 5120 741 5121 ⁷

846 5209 1006 5265 Feria
1037 5211 1071 5264 2
1112 5213 1474 5273 hebdomadas
1511 5230 1700 5276 sexttr.

1116 5303 1417 5364 TEXTUS.

546 5390 710 5460 XVII,
729 5394 1025 5454 i-lS.Cum
1052 5410 1234 5455 autem
1266 5403 1741 5470 perambulassent
1764 5406 2068 5478 Auphipoa

2743 4856 2999 4914 ΚΕΦᾹΛ.
3037 4857 3169 4914 KE’.

2175 4948 2315 5020 Περὶ
2354 4948 2633 5016 στάσεως
2675 4950 3006 5020 γενομένης
3049 4952 3124 5004 ἐν
3162 4952 3581 5019 Θεσσαλονίκῃ
3649 4954 3766 5036 τοῦ

2238 5044 2627 5112 κηρύγματος
2646 5042 2877 5109 ἕνεκεν,
2922 5043 3124 5113 φυγῆς
3156 5060 3221 5097 τε
3261 5045 3613 5110 Παύλουείς
3648 5047 3760 5100 Βέ-

2233 5152 2435 5203 ροιαν,
2454 5136 2736 5200 κάκεῖθεν
2760 5138 2848 5202 είς
2865 5137 3148 5204 Ἀθήνας.

2615 5228 2694 5299 Τῆ
2719 5228 2762 5298 β’
2789 5230 2888 5297 τῆς
2925 5234 2981 5293 ς’
3008 5227 3326 5298 ἑϐδομάδος.

2733 5316 3120 5372 ΚΕΙΜΕΝΟΝ.

2248 5410 2634 5473 Διοδεύσαντες
2667 5410 2727 5463 δὲ
2751 5410 2850 5479 τὴν
2885 5411 3215 5481 Ἀμφίπολιν
3241 5412 3336 5464 καὶ
3349 5411 3450 5492 τὴν
3485 5412 3766 5468 Ἀπολλω-

369 5514 384 5528 -
475 5484 569 5539 lim
590 5496 645 5541 et
674 5489 1812 5563 Apulloniam,‘veneruntThessalonicam,
1833 5500 1923 5553 ubi
1949 5506 2054 5553 erat

2180 5506 2320 5569 νίαν,
2340 5498 2505 5575 ἦλθον
2520 5505 2603 5565 εἰς
2633 5502 3059 5572 Θεσσαλονίκην,
3092 5504 3227 5556 ὅπου
3251 5497 3320 5573 ἦν
3385 5504 3418 5574 ἠ
3464 5508 3764 5576 ευναγωγὴ

475 5594 746 5653 synagoga
776 5584 1115 5641 Iudaeorum.
1142 5586 1455 5644 Secundum
1492 5593 1945 5675 consuetudinem
1965 5607 2063 5647 au-

479 5680 590 5729 tem
609 5675 809 5732 Paulus
842 5678 1175 5735 introivitad
1196 5696 1315 5749 eos,
1341 5692 1396 5737 et
1421 5697 1519 5752 per
1543 5684 1777 5740 Sabbata
1819 5686 1921 5739 tria
1952 5684 2067 5742 dis-

481 5767 694 5823 serebat
722 5772 804 5823 eis
849 5771 917 5827 de
957 5769 1283 5842 Scripturis,
1332 5775 1657 5846 adaperiens
1675 5786 1729 5831 et
1755 5778 2064 5841 insinuans,

482 5860 609 5935 quia
638 5859 916 5917 Clu-istum
948 5867 1189 5934 oportuit
1214 5867 1323 5938 pati
1350 5876 1405 5924 et
1435 5884 1766 5943 resurgerea
1800 5871 2066 5928 mortuis:

2175 5595 2282 5648 τῶν
2317 5594 2609 5649 Ἰουδαίων.
2639 5594 2798 5648 Κατὰ
2819 5594 2877 5647 δὲ
2908 5594 2969 5647 τὸ
2984 5594 3174 5658 εἰωθὸς
3190 5593 3268 5664 τῷ
3300 5593 3497 5663 Παύλῳ
3539 5595 3764 5663 είσῆλθε

2177 5689 2313 5759 πρὸς
2337 5687 2669 5750 αὑτοὺς,καὶ
2700 5685 2797 5738 ἐπὶ
2829 5686 3085 5741 Σάϐϐατα
3108 5688 3236 5760 τρία
3253 5688 3522 5757 διελέγετο
3552 5690 3760 5755 αὐτοῖς,

2177 5780 2286 5833 ἀπὸ
2302 5779 2411 5832 τῶν
2448 5778 2685 5847 Γραφῶν
2714 5778 3003 5848 διανοίγων
3054 5779 3148 5833 καὶ
3190 5780 3651 5850 παρατιθέμενος,
3678 5781 3763 5835 ὅτι

2181 5871 2288 5925 ἔδει
2313 5870 2403 5924 τὸν
2456 5869 2693 5940 Χριστὸν
2741 5870 2937 5924 παθεῖν
2998 5874 3093 5924 καὶ
3146 5872 3468 5943 ἀναστῆναι,
3512 5870 3621 5925 ικαὶ
3675 5871 3761 5924 ὅτι
