4082 6412
331 370 438 434 993

970 378 1511 444 EXPOSITIONIS
1550 383 1633 446 IN
1670 385 1864 447 ACTA
1902 383 2208 449 TEXTUS
2248 391 2522 455 ALTER.
2555 419 2624 430 —
2655 397 2814 460 CAP.
2852 400 3044 468 Χνιῐ.

3510 408 3616 474 994

334 474 507 542 Οἶῑτός
535 478 687 532 ἐστιν
715 481 743 534 6
772 482 1007 553 Χριστὸς
1038 486 1269 557 Ἰησοῦς,
1307 488 1369 542 ὃν
1402 490 1516 560 ἐγὼ
1568 493 1912 564 καταγγέλίιυ

2033 508 2089 553 et
2120 478 2246 567 quia
2277 497 2378 556 llic
2412 512 2495 557 est
2528 501 2692 559 Iesus
2723 503 2995 573 Christus,
3027 526 3188 582 quem
3217 528 3319 585 ego
3350 523 3619 574 annuntio

334 572 484 640 ὑμῖν.
502 571 611 624 Καί
636 588 783 636 τινες
808 573 869 638 ἐξ
885 575 1066 631 αὐτῶν
1097 579 1460 652 ἐπείσθησαν,
1485 582 1583 638 καὶ
1609 585 1925 655 προσεκλη-

339 661 596 750 ρώθησαν
628 663 709 734 τῷ
739 666 942 739 Παύλῳ
967 670 1162 743 καὶτῷ
1184 673 1340 746 Σίλᾳ,
1378 674 1483 730 τῶν
1533 694 1595 731 τε
1617 678 1926 750 σεϐομένων

346 749 618 822 Ἑλλήνων
644 756 849 827 πλῆθος
878 760 1041 828 πολὺ,
1091 765 1371 831 γυναικῶν
1426 785 1487 822 τε
1545 770 1654 825 τῶν
1690 749 1926 844 πρῶτων

329 843 433 898 οὐκ
464 845 666 915 ὀλίγαι.
703 849 1057 921 Ζηλώσαντες
1082 853 1137 911 δὲ
1162 858 1212 911 oi
1248 857 1503 936 Ἰουδαῖοι
1522 861 1573 915 oi
1597 843 1929 936 ἀπειθήσαν-

332 954 446 1002 τες,
478 939 573 992 καὶ
593 941 1033 1014 προσλαϐόμενοι
1059 946 1169 1000 τῶν
1214 926 1493 1020 ἀγοραίων
1523 953 1726 1026 ἄνδρας
1767 926 1925 1021 τινὰς

330 1032 625 1102 πονηροὺς,
660 1033 754 1117 καὶ
786 1035 1043 1108 όχλοποιή
1053 1055 1266 1111 σαντες,
1286 1042 1582 1114 ἐθορύϐουν
1599 1048 1697 1119 τὴν
1727 1049 1886 1103 πόλιν
1905 1067 1921 1082 ο

330 1124 427 1173 καὶ
456 1112 781 1190 ἐπιστάντες
830 1129 897 1199 τῇ
924 1130 1074 1201 οἰκίᾳ
1123 1112 1394 1200 Ἰάσωνος,
1446 1112 1677 1209 ἐζήτουν
1725 1142 1924 1207 αὐτοὺς

330 1215 564 1284 ἀγαγεῖν
582 1220 662 1282 είς
685 1220 779 1275 τὸν
805 1221 998 1293 δῆμον.
1029 1224 1122 1297 Μὴ
1151 1227 1411 1298 εὑρόντες
1434 1230 1492 1284 δὲ
1535 1233 1754 1301 αὐτοὺς,
1798 1235 1925 1290 ἔσυ-

327 1322 422 1374 ρον
454 1309 546 1362 τὸν
581 1309 808 1366 Ἰάσωνα
833 1315 1099 1381 καίτινας
1133 1318 1401 1391 ἀδελφοὺς
1438 1325 1532 1378 ἐπὶ
1558 1326 1685 1390 τοὺς
1735 1326 1923 1383 πολιτ-

326 1400 522 1470 άρχας,
560 1402 818 1474 βοῶντες,
864 1408 946 1461 ὅτι
989 1410 1052 1461 Ol
1086 1410 1186 1482 τὴν
1226 1414 1556 1487 οἰκουμένην
1603 1419 1921 1474 ὀιναστατιίι⁶

329 1506 527 1555 σαντες
578 1489 724 1550 οὗτοι
754 1499 850 1552 καὶ
873 1497 1061 1553 ἐνθάδε
1088 1501 1365 1573 πάρεισιν,
1418 1506 1533 1571 οὓς.
1566 1510 1933 1570 ὑποδέδεκται,

325 1582 522 1636 Ἰάσων
557 1602 570 1617 ·
617 1587 713 1640 καὶ
749 1583 1133 1667 οὗτοιῠπάντες
1168 1596 1435 1653 ἀπέναντι
1466 1601 1574 1654 τῶν
1629 1602 1918 1674 δογμάτων

322 1674 607 1763 Καίσαρος
647 1680 974 1751 πράττουσι,
1008 1685 1238 1757 βασιλέα
1261 1690 1448 1762 ἕτερον
1486 1694 1740 1763 λέγοντες
1778 1696 1916 1753 εἶναι

320 1756 558 1837 Ἰησοῦν.
584 1769 888 1842 Ἐτάραξαν
918 1775 976 1829 δὲ
1000 1756 1093 1831 τὸν
1110 1778 1270 1852 ὄχλον
1297 1756 1539 1848 καὶτοὺς
1560 1756 1915 1860 ’πολιτάρχας

320 1859 625 1927 ἀκούοντας
646 1864 843 1949 ταῦτα..
870 1868 982 1922 Καὶ
1005 1850 1267 1937 λαϐόντες
1281 1874 1343 1927 τὸ
1380 1875 1564 1931 ἱκανὸν
1613 1850 1788 1951 παρὰ·
1809 1850 1911 1937 τοῦ
1942 1850 1988 1910 Β

320 1951 577 2019 Ἰάσωνος
607 1958 704 2011 καὶ
734 1959 842 2013 τῶν
890 1960 1116 2029 λοιπῶν,
1151 1965 1433 2023 ἀπέλυσαν
1456 1971 1676 2035 αὐτούς.

395 2045 460 2100 Ol
493 2047 551 2102 δὲ
581 2048 804 2121 ἀδελφοὶ
848 2052 1054 2119 εὐθέως
1085 2056 1175 2111 διὰ
1222 2059 1414 2123 νυκτὸς
1461 2060 1777 2133 ἐξέπεμψαν
1822 2066 1915 2121 τόν

314 2153 378 2189 τε
402 2138 617 2193 Παῦλον
646 2143 740 2195 καὶ
765 2144 855 2198 τὸν
897 2145 1058 2199 Σίλαν
1087 2149 1169 2213 είς
1197 2149 1447 2222 Βέροιαν.
1486 2152 1698 2218 Οἴτινες
1724 2173 1914 2229 ,παραο

316 2231 624 2301 γενόμενοι,
651 2236 731 2299 είς
760 2235 857 2306 τὴν
885 2240 1210 2313 συναγωγὴν
1228 2242 1336 2296 τῶν
1361 2242 1631 2301 Ἰουδαίων
1656 2248 1910 2307 ἀπίεσαν.

317 2314 482 2423 Ο-ὗτοι
525 2325 582 2379 δὲ
618 2321 763 2398 ἦσαν
810 2329 1167 2405 ἀγενέστεροι
1209 2335 1321 2390 τῶν
1385 2337 1446 2392 ὲν
1514 2338 1910 2423 Θεσσαλονίκῃ,

316 2414 523 2478 οἵτινες
557 2417 812 2485 ἐδέξαντο
834 2421 926 2476 τὸν
951 2421 1113 2493 λόγον
1155 2425 1299 2497 μετὰ
1343 2428 1528 2499 πάσης
1572 2414 1909 2504 προθυμίας,

314 2505 380 2557 τὸ
415 2506 539 2560 καθ’
567 2509 784 2579 ἡμέραν
808 2513 1197 2584 ἀνακρίνοντες
1241 2517 1343 2583 τὰς
1383 2521 1632 2592 Γραφὰς,
1696 2526 1748 2577 εί
1793 2526 1911 2596 ἔχοι

314 2599 492 2652 ταῦτα
515 2599 678 2656 οὕτω.
704 2604 897 2657 Πολλοὶ
923 2608 1023 2676 μὲν
1051 2606 1147 2662 οὖν
1176 2608 1236 2675 ἐξ
1258 2611 1440 2666 αὐτῶν
1462 2613 1794 2670 ἐπίστευσαν
1817 2622 1912 2674 καὶ

312 2689 429 2745 τῶν
470 2691 802 2766 Ἐλληνίδων
845 2700 1125 2767 γυναικῶν
1149 2701 1258 2756 τῶν
1284 2704 1658 2776 εὐσχημόνων,
1690 2710 1784 2763 καὶ
1818 2712 1910 2764 άν-

315 2783 463 2852 δρῶν
478 2786 580 2839 οὐκ
604 2786 799 2856 ὀλίγοι.
858 2791 945 2855 Ὠς
963 2791 1019 2845 δὲ
1040 2792 1288 2862 ἔγνωσαν
1316 2799 1365 2850 oi
1387 2798 1497 2851 ἀπὸ
1525 2800 1626 2871 τῆς
1641 2802 1910 2858 Θεσσαλο-

321 2878 489 2950 νίκης
529 2880 798 2949 Ἱουδαῖοι,
835 2884 1038 2965 ὅτικαὶ
1074 2889 1132 2939 ὲν
1180 2890 1247 2960 τῇ
1302 2889 1504 2962 Βεροίᾳ
1559 2896 1907 2967 κατηγγέλλη

316 2970 425 3024 ὑπὸ
441 2971 534 3024 τοῦ
569 2973 789 3028 Παύλου
822 2976 851 3030 ό
881 2976 1042 3047 λόγος
1075 2978 1174 3033 τοῦ
1202 2980 1362 3047 Θεοῦ,
1393 2979 1561 3055 ἦλθον
1596 2987 1761 3042 κάκεῖ
1813 3006 1909 3044 σαι

311 3062 568 3128 λεύοντες
601 3064 730 3131 τοὺς
781 3066 995 3139 ὄχλους.
1037 3070 1257 3136 Εὐθέως
1296 3073 1354 3127 δὲ
1401 3075 1526 3130 τότε
1556 3076 1649 3132 τὸν
1694 3080 1908 3135 Παῦλον

2030 588 2203 646 vobis.
2229 588 2297 646 Et
2317 592 2540 663 quidam
2562 608 2628 649 ex
2646 597 2727 651 eis
2745 592 3183 667 orelliderunt,et
3212 604 3456 675 adiuncti
3487 618 3621 664 sint

2018 681 2198 740 Paulo
2219 695 2274 740 et
2296 684 2442 755 Sila},
2465 696 2521 743 et
2549 689 2616 744 de
2635 692 2947 753 colentibus
2963 694 3166 752 Graecis
3187 698 3300 771 (25)
3319 704 3619 757 multitudo

2029 797 2225 853 magna
2278 791 2334 837 et
2374 772 2632 840 mulieres
2668 785 2887 843 nobiles
2942 804 3050 844 non
3101 806 3308 861 pauca}.
3364 793 3617 853 Zelantes

2029 884 2213 930 autem
2254 873 2452 941 Iudaei,
2489 891 2949 950 assumentesque
2980 882 3050 938 de
3087 885 3251 953 vulgo
3283 885 3428 941 viros
3460 903 3620 957 quos-

2030 968 2156 1022 dam
2173 966 2368 1032 malos,
2389 977 2445 1022 et
2467 969 2628 1024 turba
2651 969 2817 1049 facta,
2849 974 3273 1031 concitaverunt
3294 978 3568 1033 civitatem
3598 997 3614 1034 :

2026 1071 2083 1119 et
2112 1063 2437 1119 assistentes
2467 1061 2656 1118 domui
2683 1061 2907 1122 Iasonis
2938 1067 3256 1136 quan-ebant
3289 1084 3391 1124 eos
3412 1070 3618 1140 produ-

2027 1171 2154 1212 cere
2208 1155 2262 1209 in
2318 1155 2602 1225 populum.
2656 1156 2724 1214 Et
2776 1172 2902 1214 cum
2947 1173 3071 1216 non,
3101 1159 3446 1217 invenissent
3492 1178 3612 1229 eos,

2028 1248 2319 1305 trahebant
2348 1246 2605 1304 Iasonem
2638 1259 2697 1305 et
2726 1251 2992 1320 quosdam
3024 1249 3223 1308 fratres
3250 1252 3317 1307 ad
3343 1254 3623 1323 principes-

2023 1341 2289 1408 civitatis,
2317 1341 2621 1398 clamantes
2650 1358 2666 1399 :
2696 1344 2953 1413 quoniam
2978 1342 3046 1397 Hi
3071 1344 3161 1413 qui
3190 1343 3382 1399 urbem
3423 1345 3614 1399 conci-

2023 1444 2162 1499 tant,
2202 1443 2257 1492 et
2304 1435 2411 1490 huc
2441 1444 2727 1496 venerunt,
2774 1448 2914 1507 quos
2958 1435 3201 1505 suscepit
3241 1434 3430 1499 Iason,
3472 1444 3526 1491 et
3557 1435 3611 1491 hi

2024 1544 2216 1585 omnes
2251 1538 2442 1584 contra
2468 1528 2689 1582 decreta
2718 1526 2952 1583 Caesaris
2976 1527 3203 1591 faciunt.
3237 1543 3420 1597 regem
3444 1529 3613 1583 alium
3670 1566 3682 1577 .

2025 1623 2273 1679 dicentes
2299 1636 2448 1686 esse,
2474 1619 2688 1676 Iesum.
2722 1610 3152 1676 Concitaverunt
3174 1630 3356 1677 autem
3400 1622 3614 1692 plebem

2020 1722 2080 1768 et
2136 1712 2417 1784 principes
2460 1710 2710 1768 civitatis
2753 1712 3051 1768 audientes
3089 1713 3228 1769 haec.
3273 1710 3336 1767 Et
3389 1719 3614 1791 accepta

2022 1805 2405 1863 satisfactione
2459 1820 2491 1860 a
2544 1803 2753 1862 Iasone
2795 1812 2852 1863 et
2902 1820 2933 1860 ο
2993 1807 3230 1873 caeteris,
3281 1804 3617 1862 dimiserunt

2017 1911 2136 1955 eos.

2087 2077 2311 2136 Fratres
2357 2093 2491 2136 vero
2535 2079 2830 2137 confestim
2880 2096 2982 2152 per
3025 2090 3247 2138 noctem
3274 2083 3609 2140 dimiserunt

2015 2168 2246 2226 Paulum
2271 2177 2326 2226 et
2353 2169 2525 2226 Silam
2552 2171 2607 2226 in
2632 2169 2907 2227 Bormam.
2935 2169 3040 2239 Qui
3069 2187 3192 2228 cum
3224 2174 3532 2236 venissent,
3555 2173 3608 2227 in

2015 2277 2349 2335 synagOgam
2387 2261 2704 2319 Iudaeorum
2743 2264 3101 2320 introierunt.
3142 2264 3208 2320 Hi
3239 2276 3422 2321 autem
3452 2274 3613 2321 erant

2014 2358 2318 2414 nobiliores
2337 2372 2528 2413 eorum
2547 2357 2641 2426 qui
2657 2366 2787 2411 sunt
2802 2355 3331 2429 Thessalonicae,qui
3347 2374 3610 2429 suscepe-

2016 2460 2146 2506 runt
2168 2451 2395 2507 verbum
2410 2465 2537 2506 cum
2569 2451 2718 2504 omni
2738 2451 3018 2516 aviditate,
3033 2453 3280 2522 quotidie
3295 2461 3611 2509 scrutantes

2015 2544 2351 2615 Scriptores,
2387 2545 2434 2601 si
2472 2544 2586 2599 haec
2619 2545 2783 2616 277
2812 2545 2886 2600 ita
2924 2561 2987 2602 se
3021 2546 3311 2601 baberent.
3345 2544 3413 2599 Et
3452 2547 3609 2601 multi

2014 2635 2239 2705 quidem
2264 2634 2627 2690 crediderunt
2664 2650 2729 2690 ex
2766 2635 2868 2694 eis.
2902 2644 2957 2690 et
2986 2635 3281 2691 mulierum
3320 2636 3608 2706 gentilium

2013 2730 2395 2788 honestarum,
2439 2734 2494 2782 et
2523 2725 2626 2781 viri
2662 2741 2769 2780 non
2815 2727 3000 2797 pauci.
3023 2726 3160 2782 Cum
3186 2736 3370 2781 autem
3398 2743 3612 2797 cogno-

2011 2820 2227 2874 vissent
2257 2818 2311 2873 in
2338 2816 2737 2874 Thessalonica
2759 2815 2958 2881 Iudaei,
2982 2817 3111 2888 quia
3147 2826 3199 2872 ct
3235 2817 3440 2873 θοι-σθαι
3465 2834 3609 2889 prae-

2011 2912 2257 2984 dicatum
2290 2923 2377 2967 est
2407 2926 2436 2965 ο
2474 2910 2648 2966 Paulo
2678 2911 2908 2966 verbum
2946 2911 3062 2975 Dei,
3097 2919 3367 2966 venerunt
3392 2920 3447 2966 et
3476 2912 3607 2967 illnc.

2010 3011 2419 3059 commoventes
2440 3011 2495 3059 et
2522 3003 2808 3058 turbantes
2840 3003 3267 3059 multitudinem.
3296 3001 3606 3072 Statimque

2013 3107 2145 3152 tunc
2197 3096 2428 3151 Paulum
2459 3095 2793 3151 dimiserunt
2839 3094 3058 3162 fratres,
3092 3105 3152 3152 ut
3194 3096 3297 3151 iret
3329 3110 3506 3167 usque
3536 3095 3606 3150 ad

315 3152 707 3219 ἐξαπέστειλαν
733 3160 1372 3235 οίὰδελφοὶπορεύεσθαι
1401 3168 1478 3234 ὡς
1521 3172 1615 3225 ἐπὶ
1655 3172 1754 3245 τὴν
1812 3176 1908 3231 θάσ-

2014 3205 2165 3247 mare
2198 3208 2212 3245 :
2254 3190 2401 3246 Silas
2424 3198 2607 3244 autem
2635 3196 2690 3243 et
2715 3186 3038 3244 Timotheus
3067 3195 3454 3245 remanserunt
3504 3187 3605 3242 ibi.

314 3246 528 3305 λασσαν
562 3265 576 3281 ·
621 3253 920 3324 ἐπέμειναν
959 3272 1018 3309 τε
1065 3258 1094 3310 ὅ
1132 3262 1203 3312 ἰε’
1222 3259 1383 3326 Σίλας
1419 3263 1514 3317 καὶ
1553 3266 1582 3319 ὁ
1640 3267 1906 3336 Τιμόθεος

2014 3284 2112 3352 Qui
2150 3246 2335 3339 autem
2370 3283 2719 3338 deducebant
2750 3278 3004 3346 Paulum,
3052 3282 3425 3350 perduxerunt
3471 3294 3601 3335 eum

314 3341 454 3395 ἐκεῖ.
489 3342 626 3403 Oiei
642 3345 1019 3411 καθιστῶντες
1034 3348 1125 3402 τὸν
1143 3350 1359 3406 Παῦλον
1380 3354 1589 3424 ῆγαγον
1614 3356 1719 3423 ἕως
1741 3358 1907 3431 Ἀθη-

313 3432 448 3498 νῶν,
469 3435 566 3488 καὶ
601 3435 863 3502 λαϐόντες
909 3439 1130 3511 ἐντολὴν
1178 3444 1318 3513 πρὸς
1353 3446 1446 3500 τὸν
1496 3448 1656 3505 Σίλαν
1689 3454 1784 3507 καὶ
1816 3455 1911 3508 Τι-

312 3525 536 3598 μόθεον,
588 3528 765 3596 ἴναὼς
787 3517 1021 3604 τάχιστα
1080 3534 1279 3590 ἔλθωσι
1339 3540 1477 3612 πρὸς
1526 3542 1714 3610 αὑτὸν,
1763 3546 1905 3612 ὲξίε·

311 3634 439 3676 σαν.
1846 3648 1849 3649 ⁷

897 3718 1282 3777 EPMHNEIA.

396 3803 619 3876 Ἐπειδὴ
650 3798 799 3863 οὗτοι
844 3810 984 3881 πρὸς
1029 3812 1097 3867 τὰ
1134 3817 1341 3885 σημεῖα
1371 3817 1613 3888 ἐνανήως
1656 3819 1703 3850 ⁵ο
1730 3816 1900 3890 εἰχον,

311 3896 392 3961 ὡς
433 3898 672 3963 πλάνους
718 3902 815 3956 καὶ
863 3902 1067 3975 γόητας
1097 3903 1506 3972 διαϐάλλοντες,
1526 3902 1630 3964 ὧδε
1654 3911 1765 3964 ἀπὸ
1792 3914 1904 3966 τῶν

311 3988 573 4061 Γραφῶν,
632 3992 844 4048 πείθειν
878 3995 921 4027 ⁵¹
962 3997 1064 4051 οὐκ
1107 3990 1258 4068 εἶχον
1307 3999 1353 4032 ⁸³
1386 4000 1591 4073 ταύτην
1641 4001 1742 4072 τὴν
1774 4003 1905 4058 ὑπό-

309 4099 486 4137 νοιαν.
530 4084 869 4157 Σεϐομένους
897 4087 1168 4160 Ἕλληνας
1224 4092 1353 4156 τοὺς
1394 4092 1453 4160 ἐξ
1497 4093 1768 4150 Ἰουδαίων
1803 4095 1903 4167 μὲν

306 4173 494 4241 ὄντας,
538 4177 845 4246 Ἑλληνιστὶ
901 4180 960 4235 δὲ
1008 4181 1423 4255 φθεγγομένους
1483 4188 1680 4254 καλεῖ,
1714 4190 1804 4245 διὰ
1842 4190 1907 4245 τὸ

307 4269 604 4337 φυλάττειν
633 4271 725 4325 τὸν
749 4275 917 4342 νόμον
959 4289 972 4304 ³
1013 4275 1046 4346 ἢ
1081 4277 1207 4341 τοὺς
1233 4275 1295 4342 ἐξ
1332 4276 1601 4350 Ἑλλήνων
1630 4282 1906 4355 προσηλύ-

309 4377 443 4426 τους
458 4361 747 4428 Ἰουδαίους
766 4363 814 4396 ⁸³
842 4365 1208 4438 ὑπάρχοντας.
1237 4368 1332 4435 Τὸ,
1363 4370 1762 4445 εὐγενέστεροι,
1783 4375 1904 4429 ἀντὶ

306 4450 427 4518 τοῢ,
459 4446 884 4527 ἐπιεικέστεροι,
913 4459 1102 4530 φησιν.
1143 4461 1265 4531 Οὐχ
1301 4461 1382 4526 ὡς
1407 4462 1632 4518 ᾶπιστοι
1668 4466 1727 4520 δὲ
1752 4483 1902 4522 ουτοι

2011 3389 2184 3446 usque
2212 3374 2480 3435 Athenas,
2511 3380 2565 3426 et
2598 3381 2827 3441 accepto
2850 3370 3117 3425 mandato
3140 3371 3209 3425 ab
3232 3384 3301 3427 eo
3331 3370 3399 3425 ad
3430 3368 3600 3425 Silain

2007 3478 2061 3523 et
2097 3466 2471 3529 Timotheum,
2495 3471 2555 3519 ut
2577 3478 2743 3535 quam
2762 3461 3020 3520 celeriter
3051 3463 3302 3519 venirent
3333 3462 3399 3519 ad
3423 3460 3603 3528 illum,

2009 3560 2244 3632 profecti
2278 3568 2430 3615 sunt.

2487 3706 3087 3769 .COMMENTARIUS.

2087 3821 2106 3854 ι
2144 3783 2463 3856 Disserebat
2500 3797 2580 3853 eis
2608 3798 2675 3852 de
2705 3795 3029 3865 Scripturis.
3067 3812 3085 3844 ι
3120 3792 3392 3859 Quoniam
3423 3792 3600 3850 Iudaei

2009 3894 2182 3965 signis
2214 3891 2673 3953 adversabantur,
2717 3887 2854 3942 adeo
2895 3894 2955 3940 ut
2998 3888 3278 3955 apostolos
3301 3885 3457 3940 velut
3490 3886 3602 3941 im-

2008 3994 2263 4056 postores
2302 3993 2358 4039 et
2387 3981 2820 4053 praestigiatores
2860 3978 3353 4041 calumniarentur,
3396 3976 3602 4034 Paulus

2006 4078 2111 4134 hoc
2136 4077 2255 4131 loco
2318 4091 2383 4131 ex
2443 4070 2923 4143 Scripturis,quze
2979 4068 3250 4141 ejusmodi
3293 4071 3598 4143 suspicioni

2006 4186 2113 4225 non
2131 4164 2844 4236 subsunt,eospersuadere
2869 4162 3207 4234 aggreditur.
3234 4180 3253 4215 ι
3278 4160 3601 4229 Colentibus

2006 4264 2241 4323 Graecis.
2278 4279 2296 4314 ι
2350 4258 2576 4315 Graecos
2609 4259 2698 4313 hic
2727 4265 2883 4315 vocat
2908 4271 3007 4312 eos
3028 4257 3129 4326 qui
3151 4272 3216 4309 ex
3238 4252 3443 4313 Intimis
3472 4269 3600 4319 eum

2006 4362 2214 4416 esseut,
2247 4353 2437 4410 Graeca
2465 4353 2652 4424 lingua
2690 4349 3009 4407 utebantur.
3065 4366 3084 4401 ι
3123 4348 3385 4407 Colentes
3413 4367 3433 4401 ι
3468 4364 3601 4406 vero

2007 4451 2163 4515 dicit,
2219 4448 2349 4520 quia
2375 4447 2555 4518 legem
2591 4444 3008 4501 observabant:
3070 4441 3155 4496 vel
3217 4438 3462 4508 Graecos,
3496 4441 3594 4511 qui

307 4544 593 4624 ἀνέκρινον
615 4546 959 4616 τὰςνΓραφὰς
981 4549 1105 4623 (ἤδη
1128 4549 1240 4622 γὰρ
1264 4546 1413 4624 ἦσαν⁴
1427 4556 1900 4630 πεπιστευκότες).

2014 4543 2349 4601 ludaismum
2402 4538 2638 4610 amplexi
2689 4536 2932 4598 fuerant,
2988 4533 3074 4595 sic
3137 4533 3406 4604 appellat.
3493 4533 3600 4630 Pcr

307 4637 430 4691 ἀλλ’
454 4638 538 4703 ὡς
585 4639 811 4712 ἄμοιροι
842 4642 944 4711 τῆς
972 4642 1086 4699 τῶν
1117 4644 1368 4703 παλαιῶν
1396 4648 1700 4720 προφητῶν
1724 4665 1905 4722 παρα-

305 4730 532 4798 δόσεως,
555 4732 653 4787 καὶ
679 4734 768 4789 διὰ
813 4735 976 4791 τοῦτο
997 4738 1201 4808 μᾶλλον
1240 4741 1554 4814 πιστότεροι
1580 4743 1897 4814 γενόμενοι,

308 4826 645 4896 ἐρευνῶντες
704 4830 803 4894 τὰς
832 4830 1077 4902 Γραφὰς,
1117 4834 1213 4888 καὶ
1242 4832 1619 4905 εὑρίσκοντες,
1650 4836 1764 4900 τοῖς
1790 4836 1903 4891 τῶν

307 4916 610 4989 προφητῶν
656 4919 840 4988 λόγοις
890 4922 1187 4994 συνᾴδοντα
1237 4927 1308 4980 τὰ
1338 4925 1597 4996 περὶτῆς
1627 4925 1900 4999 ινσάρκου

306 5010 626 5081 οἰκονομίας
654 5014 985 5085 πράγματα.

874 5266 1127 5323 ΚΕΦΔΛ.
1187 5268 1336 5336 KG’.

306 5355 453 5425 Περὶ
484 5354 601 5425 τῆς
628 5357 700 5412 ἐν
745 5357 1026 5426 Ἀθήναις
1066 5360 1388 5431 ἐπιϐωμίου
1439 5362 1697 5433 γραφῆς,
1727 5362 1905 5432 φιλο-

383 5450 582 5519 σόφου
626 5468 690 5504 τε
744 5452 1125 5523 κηρύγματος
1150 5455 1250 5509 καὶ
1274 5457 1558 5523 εὐσεϐίας
1592 5456 1700 5512 τοῦ
1734 5458 1896 5527 Παύ-

381 5545 524 5598 λου.

2005 4654 2024 4686 ι
2066 4633 2362 4689 nobiliones
2410 4648 2431 4683 ι
2490 4642 2621 4685 vero
2658 4626 2753 4683 hic
2808 4642 2829 4678 ι
2888 4623 3274 4695 prudentiores
3312 4641 3333 4676 ι
3391 4623 3597 4678 intelli-

2000 4726 2100 4798 git.
2160 4724 2255 4781 lsti
2316 4741 2335 4775 ι
2373 4720 2762 4779 scrutabantur
2823 4716 3163 4786 Scripturas,
3197 4732 3217 4765 ι
3260 4729 3372 4770 non
3433 4715 3594 4785 quasi

2000 4816 2297 4882 increduli,
2320 4816 2416 4874 sed
2450 4823 2510 4870 ut
2544 4820 2801 4885 expertes
2836 4809 3156 4867 traditionis
3192 4818 3438 4865 veterum
3468 4824 3596 4879 pro-

1999 4910 2288 4981 phetarum
2332 4925 2346 4965 :
2373 4915 2431 4964 et
2460 4905 2675 4963 ideirco
2714 4903 3018 4964 scrutando
3046 4899 3367 4971 Scripturas
3399 4902 3459 4957 in
3491 4901 3596 4957 fide

2001 5002 2178 5072 magis
2230 5000 2614 5066 ﬁrmabantur,
2645 4997 2794 5071 quod
2864 5010 3033 5067 opera
3074 4990 3303 5050 ‘Domini
3330 4993 3386 5049 in
3425 5009 3595 5050 carne

2006 5094 2247 5153 oraculis
2272 5093 2667 5164 prophetarum
2696 5091 2861 5164 plane
2884 5098 3253 5149 consentanea
3285 5101 3415 5147 esse
3441 5102 3595 5145 eom-

2004 5185 2268 5257 perirent.

2569 5274 2796 5333 CAPUT
2820 5273 3017 5333 XXVI.

2002 5373 2083 5430 De
2109 5372 2475 5443 inscriptione,
2513 5387 2629 5441 qua:
2658 5378 2774 5425 erat
2794 5371 3014 5427 Athenis
3032 5388 3194 5443 supra
3235 5385 3421 5436 aram;
3447 5376 3496 5421 et
3528 5368 3595 5421 de

2147 5466 2385 5539 sapiente
2416 5465 2793 5535 pradiratione
2810 5462 2975 5529 Pauli
3006 5463 3451 5537 ρίυεᾳιισρὲσιαισ.

1507 5638 1713 5701 Variae
1732 5638 2042 5702 lectiones
2085 5640 2148 5697 et
2189 5637 2380 5696 notae.

382 5766 430 5793 “’
454 5762 734 5826 ἐναντίως.
810 5763 855 5796 ⁸³
886 5763 1085 5818 πείθει.
1163 5763 1209 5795 ’⁵³
1232 5763 1397 5836 ἒχων.
1473 5764 1521 5797 ⁸³
1568 5762 1861 5819 Ἰουδαίων.

381 5880 497 5953 (25)
525 5879 681 5952 Vulg.
705 5882 894 5949 habet,
920 5880 1331 5954 gentilibusque.
