4082 6418
487 416 594 477 995
1401 399 1977 464 THEOPIIYLACTI
2021 396 2431 458 BULGARIJE
2473 401 2831 467 ausurae.
3633 411 3740 472 995

1122 511 1424 576 Tsxrus.
2090 530 2137 584 Α

2090 530 2137 584 Α
2756 521 3145 574 KEIMENON.

559 618 725 682 XVII,
761 615 946 671 16-18.
971 612 1174 668 Paulus
1203 619 1383 664 autem
1423 621 1546 660 cum
1579 606 1805 659 Athenis
1833 618 1929 658 eos
1961 617 2056 656 ex-

2244 608 2390 662 “Ἐν
2422 611 2476 664 δὲ
2508 614 2628 674 ταῖς
2683 612 2934 683 Ἀθήναις
2981 615 3342 684 ἐκδεχομένου
3393 616 3592 680 αὐτοὺς
3643 619 3741 674 τοῦ

461 679 785 780 χερειιιιιινιι,
820 707 1156 762 incitabatur
1198 701 1426 771 spiritus
1472 698 1589 766 ejus
1618 697 1670 750 iu
1704 697 1843 765 ipso,
1880 694 2069 749 videns

2145 699 2406 767 .Παύλου,
2434 701 2783 773 παρωξύνετο
2810 704 2871 756 τὸ
2913 705 3130 775 πνεῦμα
3158 705 3322 758 αὐτοῦ
3346 707 3404 758 ὲν
3431 707 3580 776 αὐτῷ
3610 707 3743 761 Θεω-

493 802 818 856 idololatriae
845 801 1080 856 deditam
1116 797 1412 851 civitatem.
1452 789 1777 860 Disputabat
1818 789 1982 858 igitur
2011 789 2066 841 in

2170 790 2392 860 ροῦντος
2425 793 2750 847 κατείδωλον
2776 789 2942 849 οὖσαν
2969 797 3068 866 τήν
3099 796 3276 850 πόλιν.
3317 799 3602 866 Διελέγετο
3639 801 3735 869 μὲν

494 895 777 965 Synagoga
823 907 944 946 cum
973 888 1175 943 Judmis
1202 899 1256 940 et
1292 884 1623 943 colentibus,
1649 889 1702 935 et
1725 882 1780 934 iu
1805 880 1947 945 foro,
1973 895 2070 950 per

2168 879 2262 938 οὖν
2291 885 2347 937 έν
2371 889 2436 955 τῇ
2477 891 2770 958 συναγωγῇ
2802 890 2917 951 τοῖς
2951 889 3226 952 Ἰουδαίοις
3250 891 3477 952 καὶτοῖς
3511 892 3740 955 σεϐομέ-

492 1001 684 1036 omncs
703 984 818 1036 dies
835 982 899 1035 ad
928 996 1024 1035 eos
1038 980 1127 1049 qui
1150 978 1397 1032 aderant.
1413 973 1644 1041 Quidam
1677 983 1854 1026 autem
1870 972 2069 1040 Epicu-

2168 993 2299 1040 νοις,
2342 979 2436 1031 καὶ
2461 980 2519 1031 έν
2545 982 2609 1049 τῇ
2637 981 2812 1051 ἀγορᾷ
2839 981 2983 1034 κατά
3009 983 3187 1035 πᾶσαν
3209 981 3420 1053 ἡμέραν
3450 984 3583 1054 πρὸς
3613 985 3739 1046 τοὺς

494 1078 570 1131 rei
594 1087 645 1129 et
665 1074 1152 1144 Stoieipbilosoplii
1178 1071 1523 1126 disserebant
1541 1076 1827 1133 cumeo,et
1849 1065 2065 1134 quidam

2167 1071 2710 1140 παρατυγχάνοντας.
2763 1072 2921 1135 Τινὲς
2965 1072 3020 1125 δὲ
3081 1074 3189 1126 τῶν
3237 1074 3596 1144 Ἐπικουρίων
3648 1079 3742 1131 καὶ

384 1166 391 1175 ’
491 1169 781 1221 dicebant:
819 1165 955 1231 Quid
990 1163 1104 1218 vult
1132 1161 1557 1218 seminiverbtus
1585 1159 1674 1212 hic
1702 1155 1928 1210 dicere?
1963 1157 1996 1207 Α

2165 1159 2274 1213 τῶν
2295 1161 2548 1214 Στωϊκῶν
2581 1162 2887 1232 φιλοσόφων
2921 1163 3241 1217 συνέϐαλλον
3280 1166 3452 1236 αὐτῷ,
3472 1167 3565 1220 καί
3597 1185 3742 1231 τινες

490 1275 619 1313 vero
651 1257 967 1312 :Novorum
996 1253 1392 1309 dannoniortun
1431 1251 1646 1305 videtur
1697 1246 2055 1300 annuutiator

2169 1251 2378 1318 ἔλεγονο
2403 1253 2468 1303 Τί
2513 1251 2580 1304 ἂν
2617 1251 2807 1306 θέλοιὸ
2831 1254 3204 1324 σπερμολόγος
3239 1249 3393 1319 οὗτος
3431 1256 3642 1324 λέγειν;
3682 1261 3743 1312 Οἱ

489 1364 612 1402 esse
647 1365 660 1398 :
696 1349 824 1417 quia
855 1346 1040 1400 Jesuut
1092 1355 1147 1398 et
1213 1339 1674 1402 resurrectionem
1706 1335 2068 1390 annuntiabat

2165 1343 2242 1395 δέ’
2273 1343 2452 1396 Ξένων
2501 1345 2795 1415 δαιμονίων
2849 1346 2996 1399 δοκεί
3045 1349 3417 1416 καταγγελεὺς
3451 1344 3630 1402 ἐἶναι’
3661 1353 3742 1404 ὅτι

466 1445 592 1493 ιυιδ.
2165 1435 2258 1487 τὸν
2318 1433 2524 1504 Ἰησοῦν
2557 1441 2652 1490 καὶ
2711 1440 2811 1508 τήν
2863 1441 3160 1494 ἀνάστασιν
3213 1441 3600 1512 εὐηγγελίζετο
3643 1443 3747 1495 αὐ-

2166 1528 2296 1580 τοῖς.

898 1620 1060 1690 1'78
1095 1611 1666 1673 COMMENTARIUS.

2178 1565 2296 1591 η...

2246 1617 2247 1620 ‘
2729 1622 3117 1678 EPMliNElA.
3605 1669 3627 1688 .,

569 1736 586 1769 ι
622 1716 980 1771 lucitabatur.
1023 1732 1042 1765 ›
1077 1709 1196 1764 Non
1231 1714 1369 1764 iram
1404 1709 1492 1762 ltic
1543 1705 1823 1776 intelligit,
1859 1712 1952 1758 aut
1981 1702 2066 1757 in-

2245 1729 2262 1762 ι
2297 1710 2676 1780 Παρωξύνετο.
2726 1731 2743 1762 ›
2784 1713 2898 1764 Οὐκ
2929 1714 3101 1784 ὀργὴν
3139 1713 3372 1767 ἐνταῦθά
3397 1731 3584 1784 φησιν,
3617 1717 3741 1770 οὐδὲ

495 1809 906 1878 dignationem;
942 1803 1132 1873 procul
1167 1801 1312 1856 enim
1361 1800 1430 1854 ab
1464 1801 1542 1853 ira
1611 1807 1667 1852 et
1696 1798 2068 1868 indignatione

2167 1803 2570 1874 ἀγανάκτησιν.
2613 1805 2815 1874 Ὀργῆς
2848 1807 2955 1875 γὰρ
2985 1807 3080 1859 καὶ
3101 1808 3526 1878 ἀγανακτήσεως
3553 1809 3743 1879 πόρρω

493 1909 576 1954 est
607 1899 800 1967 gratia.
832 1898 1012 1960 Quare
1067 1911 1085 1944 ι
1157 1891 1487 1945 incitabatur
1529 1907 1548 1941 ο
1593 1888 1832 1960 perinde.
1868 1894 1953 1942 est
1979 1901 2064 1952 ac,
2100 1908 2105 1950 γ

2132 1893 2232 1948 ιτδ
2291 1897 2559 1963 χάρισμα.
2604 1893 2698 1959 Τὸ,
2752 1914 2769 1944 ι
2822 1895 3178 1965 Παρωξύνετο
3238 1915 3261 1946 ›
3315 1896 3408 1961 δὲ,
3465 1899 3744 1951 τουτέστιν

491 1989 943 2050 exacerbabatur,
999 2002 1102 2038 uou
1139 1983 1374 2047 ferebat,
1398 1982 1757 2035 vehementer
1791 1978 2007 2033 dolebat
2049 1993 2062 2028 :

2168 1986 2289 2038 ἀντὶ
2313 1986 2428 2050 τοῦ,
2472 1986 2804 2058 διηγείρετο,
2848 1987 3019 2049 οὕτως
3045 1991 3108 2051 ’⁵,
3133 1988 3246 2041 ἀλλ’
3278 1990 3518 2059 ἐτήκετο·
3558 1991 3741 2054 καθὼς

490 2082 944 2150 quemadmodum
975 2076 1102 2129 alibi
1135 2073 1326 2130 dicit"
1361 2089 1374 2126 :
1416 2090 1433 2122 ι
1459 2071 1622 2125 Facta
1643 2080 1724 2125 est
1749 2078 2069 2124 autctucxa-

2169 2077 2266 2130 καὶ
2295 2078 2530 2148 ἀλλαχοῦ
2563 2094 2760 2148 φησιν·
2804 2099 2822 2130 ι
2876 2069 3119 2147 Ἐγένετο
3161 2081 3508 2150 παροξυσμὸς
3537 2083 3740 2151 μεταξῦ

491 2175 732 2228 (-erbatio
766 2171 878 2242 (Ἡ)
899 2170 1204 2239 interipsos
1232 2173 1342 2221 etc.
1365 2185 1384 2218 ι
1406 2196 1474 2206 —-
1498 2183 1516 2214 ‹
1552 2162 1850 2219 Confestim
1883 2169 2063 2215 autem

2169 2168 2369 2233 αὐτῶν,
2408 2188 2426 2220 ι
2458 2168 2555 2220 καὶ
2577 2169 2643 2221 τὰ
2665 2167 2812 2237 ἑξῆς.
2856 2186 2874 2219 ι
2907 2167 3128 2231 Εὐθέως
3161 2169 3214 2221 δὲ
3246 2168 3305 2222 τὸ
3336 2170 3426 2221 τὸν
3457 2170 3685 2224 Παῦλον.
3715 2189 3737 2224 ι

493 2263 741 2318 Paulum.
769 2280 790 2315 ι
823 2261 895 2314 Es
939 2258 1239 2329 prudentia:
1279 2256 1531 2317 consitio,
1558 2265 1611 2309 et
1638 2269 1747 2307 non
1775 2267 1838 2306 ex
1872 2252 2068 2304 timore

2168 2258 2546 2326 Οἰκονομικῶς
2571 2259 2829 2326 ἐνταῦθα,
2875 2261 2934 2313 οὐ
2968 2259 3179 2312 δειλιῶν
3210 2259 3410 2328 ἔφυγεν
3434 2263 3462 2314 ὁ
3484 2261 3744 2314 ’Λπόστο-

491 2356 703 2425 aufugit
723 2354 1013 2421 Apostolus
1034 2368 1048 2416 ;
1068 2351 1196 2419 quia
1212 2349 1422 2403 scilicet
1443 2345 1884 2416 praedicationem
1902 2358 2070 2396 evan-

2169 2351 2280 2414 λος,
2314 2351 2427 2403 ἀλλ’
2467 2350 2608 2404 ὥστε
2637 2352 2732 2403 καὶ
2761 2351 2823 2404 τὸ
2857 2352 3127 2421 κήρυγμα
3161 2351 3347 2418 αὔξειν
3397 2351 3740 2421 βουλόμενος,

494 2447 719 2513 ςζρῑιεειιιι
751 2444 992 2504 dilatari,
1039 2449 1091 2494 et
1151 2441 1285 2494 iram
1312 2439 1558 2507 ipsorum
1613 2435 1884 2503 exstingui
1920 2447 2068 2486 sum-

2170 2443 2265 2494 καὶ
2300 2440 2392 2493 τὸν
2428 2440 2598 2510 θυμὸν
2645 2441 2824 2494 αὐτῶν
2861 2442 3226 2495 κατασϐέσειν
3277 2445 3741 2514 πραγματευόμε-

495 2549 718 2603 inepcre
743 2531 1108 2587 desiderabat.
1149 2549 1166 2581 ι
1218 2527 1447 2595 Quidam
1501 2535 1705 2580 autem.
1747 2543 1766 2576 ι
1802 2520 2068 2592 Epicuraei

2170 2550 2279 2594 νος.
2325 2550 2342 2581 ι
2381 2533 2539 2596 Τινὲς
2571 2533 2627 2586 δὲ
2662 2533 2794 2586 τῶν.
2837 2555 2853 2584 r
2895 2535 2959 2586 Οἱ
2980 2533 3080 2602 μὲν
3120 2534 3454 2604 Ἐπικούριοι
3499 2535 3738 2603 αὐτόμα-

495 2627 713 2696 quidem
747 2641 812 2677 ex
842 2624 1043 2677 atomis
1083 2624 1400 2676 universum
1452 2636 1548 2674 sua
1581 2627 1774 2686 sponte
1796 2616 2070 2670 coaluisse

2169 2644 2260 2679 τον
2296 2629 2389 2678 καὶ
2437 2627 2544 2679 ἀπὸ
2597 2627 2819 2696 ἀτόμων
2847 2626 3162 2693 δοξάζουσιν
3197 2623 3420 2682 εἶναιτὸ
3456 2629 3583 2680 πᾶν·
3607 2628 3654 2680 οἱ
3685 2627 3741 2680 δὲ

493 2715 909 2769 arbitrabantur
943 2733 956 2767 :
986 2712 1158 2766 Stoici
1206 2721 1383 2765 autem
1435 2711 1566 2762 illud
1623 2724 1743 2763 esse
1803 2705 2071 2777 putabant

2170 2717 2400 2769 Στωϊκοὶ
2463 2714 2608 2768 οὕτω
2654 2717 2814 2785 σῶμα
2869 2717 2962 2769 καὶ
3011 2715 3346 2787 ἐκπύρωσιν.
3383 2717 3537 2780 Τινὲς
3565 2714 3658 2768 οὖν
3687 2715 3745 2778 ἐξ

400 2798 402 2800 ’
495 2823 698 2878 corpus
744 2817 798 2860 et
855 2805 1363 2859 inflau'nuatiouem.
1421 2802 1651 2866 Quidam
1695 2816 1762 2855 ex
1827 2799 1942 2854 illis
2000 2814 2012 2848 ι

2171 2807 2352 2862 αὐτῶν
2377 2807 2471 2859 ἐπὶ
2507 2808 2707 2874 γνώσει
2740 2807 2882 2878 μέγα
2917 2807 3262 2880 φρονοῦντες,
3293 2809 3535 2879 ἀνοήτως
3560 2808 3745 2874 λέγον-

495 2902 803 2955 doctrinam
827 2901 894 2954 de
918 2915 976 2954 se
1002 2899 1107 2952 alte
1135 2897 1430 2968 sapientes,
1459 2901 1624 2951 stulte
1646 2894 1892 2949 divinum
1919 2891 2069 2975 Pau-

2171 2917 2260 2962 τες
2288 2900 2336 2932 ⁸⁸
2360 2901 2452 2952 τὸν
2493 2900 2779 2954 θεσπέσιον
2812 2899 3041 2965 Παῦλον,
3083 2918 3103 2952 ι
3132 2901 3198 2952 Τί
3233 2900 3299 2954 ἂν
3333 2899 3478 2952 θέλοι
3510 2899 3538 2952 ό
3574 2915 3714 2968 σπερ

501 2995 611 3046 lum
656 2991 988 3046 irridentes:
1016 3008 1034 3040 ι
1065 2989 1204 3055 Quid
1225 2990 1337 3043 vult
1363 2987 1866 3058 spermologus(‘25)
1895 2985 2065 3042 iste?»

2175 2991 2400 3060 μολόγος
2436 2984 2626 3056 οὗτος;
2664 3009 2682 3041 ι
2739 2990 2944 3059 ελεγον.
2989 2989 3208 3060 Ἐπειδὴ
3239 2991 3345 3059 γάρ
3385 2989 3568 3060 θρνεόν
3600 2991 3746 3042 ἐστιν

499 3085 774 3138 dicebant.
815 3082 1084 3146 Quoniam
1133 3082 1280 3135 enim
1319 3098 1336 3131 ι
1367 3081 1750 3148 sperluologus
1782 3097 1801 3129 ι
1856 3077 2071 3131 avicula

2170 3085 2197 3136 ὁ
2256 3083 2633 3153 σπερμολόγος
2661 3122 2676 3146 ,
2729 3083 2903 3153 βραχύ
2945 3082 3001 3135 δὲ
3050 3082 3144 3136 καὶ
3194 3081 3430 3148 εὐτελὲς,
3456 3079 3580 3133 οὔτε
3609 3081 3747 3151 πρὸς

499 3190 664 3246 parva
696 3184 748 3228 ct
785 3174 909 3228 vilis
941 3182 1045 3242 est,
1089 3172 1249 3226 solita
1288 3171 1498 3226 semina
1531 3171 1584 3223 in
1617 3169 1795 3224 triviis
1827 3169 2070 3239 projecta
2107 3243 2111 3246 7

2136 3173 2380 3246 7395mm;
2451 3173 2574 3227 οὐτε.
2621 3175 2760 3245 πρὸς
2801 3174 2992 3246 τέρψιν
3039 3174 3370 3244 ἐπιτήδειον,
3422 3174 3488 3227 τά
3542 3174 3597 3226 ὲν
3626 3175 3748 3234 ταῖς

497 3268 782 3338 colligere;
828 3265 956 3320 hinc
1009 3265 1146 3318 viles
1201 3273 1256 3318 ct
1321 3263 1524 3318 nullius
1588 3261 1761 3332 frugis
1819 3245 2109 3316 homines‘

2133 3241 2140 3294 ί
2173 3239 2407 3334 τριόδοις
2457 3239 2770 3336 ὲρριμμυένα
2807 3239 2924 3318 των.
2972 3239 3308 3333 σπερμάτων
3340 3263 3532 3322 εἰωθὸς
3559 3261 3745 3314 συλλέ-

503 3375 525 3410 ι
559 3358 932 3427 spcrmologos
967 3374 986 3407 ι
1041 3355 1411 3425 appellabant.
1484 3353 1624 3418 Quia
1682 3367 1811 3408 vero
1866 3351 2069 3407 Paulus

2171 3371 2310 3424 γειν·
2341 3354 2470 3418 τοὺς
2497 3351 2590 3408 οὖν
2619 3355 2856 3417 εὐτελεῖς
2888 3353 2986 3406 καὶ
3025 3354 3124 3406 οὐκ
3155 3352 3340 3418 ἀξίους
3370 3351 3528 3416 λόγου
3575 3366 3749 3420 σπερ-

498 3448 684 3499 Jesutn
737 3454 793 3499 et
858 3447 1316 3499 resurrectionem
1351 3443 1705 3513 prmdicabat,
1758 3443 1819 3508 ii,
1885 3451 2072 3511 utpote

2176 3446 2435 3517 μολόγους
2451 3447 2698 3502 ἐκάλουν.
2726 3465 2745 3499 ε
2769 3446 2988 3515 Ἐπειδὴ
3007 3445 3098 3498 τὸν
3127 3445 3335 3515 Ἰησοῦν
3364 3447 3458 3497 καὶ
3484 3444 3582 3514 τὴν
3613 3442 3747 3495 ἀνά-

499 3535 663 3587 etiam
695 3533 828 3588 dcas
851 3534 1082 3588 feminas
1115 3535 1296 3589 colere
1334 3533 1542 3588 assueti
1570 3533 1794 3604 (quippe
1827 3534 1922 3603 qui
1959 3533 2070 3587 dae-

2174 3554 2364 3591 στασιν
2381 3539 2788 3609 εὐηγγελίζετο.
2819 3557 2838 3590 ι
2880 3539 2989 3592 Καὶ
3029 3537 3138 3608 γὰρ
3173 3536 3273 3607 τὴν
3298 3536 3595 3592 ἀνάστασιν
3618 3535 3749 3588 θεάν

504 3641 691 3680 itiones
721 3641 820 3697 pro
842 3627 949 3681 diis
975 3625 1296 3694 habebant),
1333 3645 1350 3676 ι
1385 3626 1838 3682 resurrectionem
1871 3645 1890 3676 ›
1914 3625 2070 3681 deam

2171 3646 2296 3682 τινα
2360 3625 2499 3682 εἶναι
2561 3629 2848 3700 ἐνόμιζον,
2924 3629 3020 3683 ᾶτε
3074 3626 3326 3692 εἰωθότες
3384 3628 3477 3680 καὶ
3529 3625 3747 3697 θηλείας

500 3719 788 3788 quamdam
814 3734 937 3774 esse
965 3719 1369 3774 existimabant.
1891 3751 1901 3759 ι

2173 3721 2303 3785 θεὰς
2345 3722 2544 3776 σέϐειψ
2587 3721 2842 3792 δαιμόνια
2873 3722 2984 3791 γάρ
3023 3721 3150 3784 τοὺς
3199 3719 3356 3784 θεοὺς
3404 3717 3586 3773 αὐτῶν
3620 3718 3751 3772 ἑκά-

2170 3812 2318 3868 λουν.

835 3969 838 3972 _
867 3903 1026 3960 Feria
1053 3903 1088 3957 5
1112 3902 1466 3958 hebdomadas
1495 3914 1682 3959 sexue.

2614 3905 2693 3977 Τῇ
2725 3911 2773 3972 γ’
2803 3905 2901 3976 τῆς
2928 3903 2982 3969 ς’
3007 3904 3327 3976 ἑϐδομάδος.

1142 3993 1438 4050 TEXTUS.
2765 3998 3154 4052 KEIMENON.

581 4088 749 4155 XVII,
776 4087 950 4143 19-54.
977 4087 1041 4141 Et
1073 4089 1469 4157 apprehensum
1486 4104 1610 4142 eum
1637 4088 1704 4142 ad
1728 4089 2070 4159 Areopagum

2259 4087 2678 4158 Ἐπιλαϐὁμενοί
2719 4105 2778 4141 τε
2828 4089 3018 4150 αὐτοῦ,
3050 4090 3144 4141 ἐπὶ
3181 4089 3272 4140 τὸν
3315 4087 3533 4158 Ἀρειον
3568 4087 3744 4154 πάγον

503 4184 774 4239 duxerunt
821 4177 1066 4232 dicentes
1101 4193 1116 4231 :
1149 4175 1446 4231 Possumus
1475 4177 1638 4240 scire,
1667 4193 1788 4247 qua:
1832 4185 1916 4232 est
1960 4181 2073 4231 haec

2174 4180 2404 4250 ἤγαγον,
2453 4179 2740 4247 λέγοντες·
2777 4179 3067 4250 Δυνάμεθα
3121 4179 3334 4247 γνῶναι
3374 4180 3458 4241 τίς
3509 4180 3542 4248 ἠ
3581 4179 3746 4248 καινὴ

504 4289 645 4328 nova
663 4285 786 4341 quae
815 4285 844 4322 a
868 4277 920 4322 te
933 4267 1151 4333 dicitur,
1177 4267 1458 4321 doctrina?
1483 4267 1631 4322 Nova
1654 4271 1796 4323 enim
1823 4269 2074 4338 quaedam

2175 4269 2313 4340 αὕτη
2348 4272 2382 4339 ἡ
2425 4269 2530 4322 ὐπὸ
2579 4268 2673 4322 σοῦ
2711 4269 3020 4339 λαλουμένη
3046 4268 3234 4338 διδαχή
3264 4284 3278 4335 ;
3322 4267 3610 4330 Ξενίζοντα
3639 4268 3752 4336 γάρ

507 4367 679 4422 infers
706 4365 931 4419 auribus
959 4375 1188 4416 nostris.
1211 4361 1471 4416 Volumus
1491 4377 1622 4428 ergo
1645 4363 1784 4417 scire
1813 4363 2072 4430 quidnam

2174 4378 2296 4414 τινα
2345 4360 2622 4432 εἰσφέρεις
2661 4362 2855 4424 εἰςτὰς
2885 4361 3054 4423 ἀκοὰς
3102 4361 3281 4432 ἡμῶν.
3312 4359 3624 4430 Βουλόμεοα
3655 4354 3751 4411 οὖν

506 4458 676 4513 velint
700 4456 815 4510 hanc
827 4469 968 4508 esse.
991 4451 1372 4513 (Athenienses
1389 4462 1565 4505 autem
1580 4467 1768 4505 omnes
1779 4461 1832 4506 et
1851 4451 2074 4505 advenae

2177 4454 2377 4522 γνῶναι
2404 4454 2456 4506 τί
2492 4455 2558 4509 ἂν
2579 4454 2721 4507 θέλοι
2743 4455 2919 4508 ταῦτα
2949 4450 3112 4509 εἶναι.
3136 4455 3414 4524 Ἀθηναῖοι
3450 4454 3507 4506 δὲ
3549 4454 3752 4517 πάντες

503 4549 768 4618 hospites,
816 4547 882 4600 ad
935 4543 1072 4598 nibil
1104 4544 1250 4596 aliud
1299 4543 1586 4608 vacabant,
1621 4543 1724 4597 nisi
1751 4552 1844 4595 aut
1871 4544 2072 4608 dicere,
2107 4567 2115 4620 ι

2141 4573 2150 4615 ι
2180 4551 2276 4604 καὶ
2307 4550 2356 4602 oi
2393 4549 2792 4619 ἐπιδημοῦντες
2839 4547 3005 4614 ξένοι,
3040 4549 3119 4610 εἰς
3147 4548 3301 4601 οὐδὲν
3324 4547 3511 4617 ἕτερον
3547 4546 3753 4616 ηὐκαί-

502 4650 598 4696 aut
628 4640 819 4694 audire
863 4637 1068 4707 aliquid
1103 4635 1277 4700 novi.)
1313 4634 1476 4688 Stans
1540 4642 1720 4687 autem
1783 4633 1986 4688 Paulus
2016 4634 2069 4686 in

2181 4657 2334 4710 ρουν,
2365 4639 2398 4707 ἢ
2429 4639 2610 4708 λέγειν
2657 4655 2711 4692 τι
2764 4639 2861 4692 καὶ
2908 4637 3131 4692 ἀκούειν
3153 4639 3488 4709 καινότερον.
3522 4637 3753 4702 Σταθεὶς

503 4733 682 4790 medio
707 4731 996 4800 Areopagi,
1033 4730 1107 4782 ait
1142 4746 1156 4782 :
1196 4728 1311 4781 Viri
1337 4729 1719 4791 Athenienses,
1753 4743 1848 4795 per
1888 4727 2072 4781 omnia

2177 4735 2235 4788 δὲ
2285 4735 2313 4786 ό
2345 4734 2554 4797 Παῦλος
2587 4736 2644 4785 ὲν
2674 4731 2828 4801 μέσῳ
2863 4730 2954 4784 τοῦ
2987 4731 3198 4800 Ἀρείου
3229 4731 3430 4799 πάγου,
3463 4730 3587 4800 ἔφη·
3624 4730 3759 4782 Ἀνο

503 4826 661 4896 quasi
742 4822 1242 4891 superstitioslores
1299 4833 1400 4874 vos
1483 4819 1661 4872 video.
1746 4817 2071 4873 Pra-terieus

2176 4826 2301 4898 δρες
2334 4827 2630 4896 Ἀθηναῖοι,
2660 4825 2803 4878 κατὰ
2831 4823 3010 4876 πάντα
3051 4823 3126 4885 ὼς
3155 4819 3756 4889 δεισιδαιμονεστέρους

503 4919 649 4974 enim
683 4927 736 4970 et
769 4915 960 4970 videns
994 4914 1288 4969 simulacra
1317 4918 1517 4974 vestra,
1545 4910 1801 4964 inveniet
1834 4925 1984 4964 aram
2015 4914 2068 4966 in

2179 4919 2322 4988 ὑμᾶς
2381 4917 2594 4987 θεωρῶ.
2647 4915 3011 4985 Διερχόμενος
3068 4914 3188 4982 γὰρ
3208 4915 3302 4966 καὶ
3332 4911 3656 4980 ἀναθεωρῶν
3680 4915 3757 4963 τὰ

503 5025 611 5079 qua
649 5009 908 5078 scriptum
935 5015 1052 5061 erat
1093 5022 1106 5058 :
1146 5023 1164 5056 ι
1214 5005 1403 5074 Ignoto
1479 5005 1610 5058 Deo.
1654 5023 1673 5056 ι
1755 5005 1909 5070 Quod
1940 5022 2070 5077 ergo

2181 5011 2503 5080 σεϐάσματα
2539 5007 2716 5077 ὑμῶν,
2747 5003 2906 5077 εὖρον
2936 5008 3028 5059 καὶ
3071 5006 3253 5075 βωμὸν
3297 5007 3354 5057 ὲν
3375 4998 3419 5072 ᾧ
3447 5004 3754 5072 ἐπεγέγρα-

506 5103 818 5172 ignorantes
851 5098 1055 5164 colitis,
1115 5097 1218 5151 hoc
1282 5111 1383 5166 ego
1427 5097 1692 5151 annuntio
1716 5097 1887 5150 vobis.
1926 5097 2068 5152 Deus

2180 5117 2304 5154 οιτον
2339 5119 2358 5152 ι
2395 5101 2689 5171 ’Δγνὼστῳ
2719 5099 2861 5171 Θεῷ.
2905 5118 2922 5151 ι
2968 5099 3066 5149 Ὃν
3119 5114 3213 5150 ουν
3243 5095 3568 5164 ἀγνοοῦντες
3599 5094 3758 5145 εὐσε-

576 5262 623 5295 ⁷⁸
661 5259 828 5316 llebr.
861 5275 944 5327 ut,
979 5259 1065 5312 15.

1691 5347 1892 5409 Varias
1924 5347 2230 5411 lectiones
2275 5357 2338 5410 et
2383 5354 2581 5410 uotae.

491 5528 502 5538 ,
575 5475 624 5508 ⁸⁸
648 5475 820 5545 Marg.
852 5473 1085 5542 Λέγεται
1111 5475 1206 5526 καὶ
1231 5473 1312 5534 είς
1333 5473 1436 5540 τὴν
1467 5473 1662 5542 ἑορτήν
1689 5471 1784 5524 τοῦ
1818 5472 1976 5538 ἀγίου
2009 5473 2311 5526 Διονυσίου.
2391 5471 2438 5502 ⁵⁵
2467 5472 2568 5523 οὐκ
2592 5471 2810 5540 ἔφερεν.
2901 5468 2948 5500 ⁸⁸
2981 5467 3365 5536 ὲπιγελῶντες.

576 5630 666 5700 (24
698 5631 880 5701 )Vulg.
923 5630 1104 5694 habet,
1139 5629 1420 5683 dissensio.
1535 5699 1543 5701 7
1771 5700 1774 5701 7
1830 5700 1834 5701 7
1939 5699 1945 5701 _
1972 5700 1978 5701 7
2177 5628 2446 5701 collector.
2473 5625 2644 5693 Cujus
2670 5623 3124 5701 nomenclationis
3150 5625 3290 5676 ratio
3312 5638 3376 5675 ex
3398 5622 3640 5701 subjecta
3658 5638 3756 5676 ex-

581 5693 710 5770 (25)'
758 5693 1018 5770 Vuigatus
1083 5693 1352 5768 interpres
1411 5699 1572 5753 vertit
1649 5699 2068 5762 semiuiverbius,
2181 5700 2448 5765 positione
2501 5705 2666 5764 patet.
2711 5693 3081 5770 Metapborice
3123 5703 3306 5770 autem
3361 5694 3594 5770 sumitur
3654 5706 3758 5770 pro

510 5761 975 5838 quasi'seminvam
1002 5773 1176 5830 verba,
1211 5761 1312 5822 lioc
1379 5771 1785 5838 est,garrulus.
1819 5761 2066 5837 nugator.
2179 5761 2412 5834 iterboso,
2470 5761 2723 5834 nugatore
2775 5761 3201 5828 et'locutuleio,
3257 5773 3314 5817 ut
3368 5761 3595 5830 Plautus
3669 5765 3755 5816 di-

412 5875 414 5877 »
491 5847 574 5895 ‘At
601 5839 841 5908 pressius
875 5839 1004 5892 verti
1031 5850 1209 5906 posset
1253 5841 1606 5910 smninilegus,
1640 5855 1735 5895 seu
1787 5842 2045 5892 sentinam
2181 5840 2280 5890 ait.
3055 5849 3058 5851 ’
