4082 6412
399 386 500 449 997

1041 349 1687 447 ΕΧΡΟδιΤιοΝιδἸΝ
1721 387 1909 449 ACTA
1940 390 1962 449 Ἶ

2065 393 2240 454 [Τυὸ
2270 397 2610 458 ALTER.-
2647 403 2801 464 CAP.
2838 408 3020 468 XVII.

3557 419 3662 480 9ί⁸8

397 502 568 562 ὄεῖτε,
624 497 811 551 τοῦτον
862 495 972 564 ἐγὼ
1029 497 1384 565 καταγγέλλω
1438 498 1587 569 ὑμῖν.
1650 499 1709 552 '0
1761 500 1898 564 Θεὸς
1946 503 1962 556 ἐ

2078 507 2170 575 qui
2211 506 2340 563 fecit
2369 514 2631 567 mundum
2665 525 2717 570 et
2753 522 2931 574 omnia
2983 541 3104 593 qua:
3155 527 3207 579 in
3242 542 3310 582 eo
3366 541 3516 596 sunt,
3569 537 3656 589 hic

396 592 628 661 ποιήσας
658 589 748 644 τὸν
784 590 989 658 κόσμον
1021 588 1113 640 καὶ
1145 588 1322 642 πάντα
1365 590 1436 643 τὰ
1479 593 1538 643 ἐν
1591 591 1762 662 αὐτῷ,
1812 591 1969 658 οὗτος

395 680 628 750 οὐρανοῦ
683 679 776 732 καὶ
827 677 930 747 γῆς
994 677 1256 749 ὑπάρχων
1285 679 1516 748 Κύριος,
1553 681 1654 735 οὐκ
1701 683 1760 735 ὲν
1795 700 1972 754 χειρο·

394 772 636 842 ποιήτοις
669 772 814 832 ναοῖς
854 771 1121 835 κατοικεῖ,
1148 769 1268 822 οὐδὲ
1303 770 1409 823 ὑπὸ
1435 771 1636 841 χειρῶν
1666 773 1972 844 ἀνθρώπων

395 862 777 933 θεραπεύεται,
807 859 1200 929 προσδεόμενός
1229 878 1398 924 τινος,
1422 863 1584 927 αὐτὸς
1622 864 1799 928 διδοὺς
1839 868 1972 920 πᾶσι

394 954 542 1026 ζωὴν
595 953 690 1006 καὶ
742 951 911 1017 πνοὴν
971 951 1113 1004 κατὰ
1158 953 1334 1006 πάντα
1357 970 1373 985 ο
1406 955 1632 1024 ἐποίησέ
1670 974 1729 1008 τε
1762 956 1822 1021 ἐξ
1855 957 1972 1021 ἐνὸς

391 1047 626 1116 αἵματος
663 1046 770 1097 πᾶν
816 1045 974 1112 γένος
1005 1043 1310 1114 ἀνθρώπων
1341 1049 1618 1100 κατοικεῖν
1642 1049 1735 1102 ἐπὶ
1766 1051 1873 1102 πᾶν
1912 1050 1972 1103 τὸ

391 1139 685 1210 πρόσωπον
733 1136 830 1207 τῆς
871 1138 995 1204 γῆς,
1049 1136 1240 1208 ὁρίσας
1293 1139 1810 1208 προστεταγμένους
1849 1158 1971 1194 και-

391 1231 522 1300 ροὺς
570 1229 665 1282 καὶ
694 1228 792 1292 τὰς
837 1227 1122 1298 ὁροθεσίας
1161 1228 1260 1297 τῆς
1292 1230 1576 1294 κατοικίας
1621 1231 1821 1299 αὐτῶν,
1869 1233 1970 1302 ζη-

387 1324 504 1374 τεῖν
527 1321 618 1372 τὸν
639 1319 794 1381 Θεὸν,
825 1320 872 1371 εί
908 1318 1082 1390 ἄραγε
1108 1318 1493 1389 ψηλαφήσειαν
1532 1322 1695 1377 αὑτὸν
1744 1323 1836 1376 καὶ
1867 1322 1963 1376 56-

393 1430 558 1484 ροιεν·
598 1411 776 1465 καίτοι
803 1428 866 1478 γε
893 1411 954 1463 οὐ
987 1411 1208 1482 μακρὰν
1244 1412 1351 1464 ἀπὸ
1389 1412 1506 1476 ἑνὸς
1541 1414 1775 1466 ἑκάστου
1813 1415 1969 1485 ἡμῶν

389 1507 720 1577 ὑπάρχοντα.
757 1505 843 1558 Ἐν
871 1503 1019 1575 αὐτῷ
1050 1504 1384 1575 γὰρ’ζῶμεν,
1410 1508 1505 1558 καὶ
1534 1506 1854 1578 κινούμεθα,
1876 1509 1970 1561 καὶ

389 1598 558 1668 ὲσμέν
591 1614 606 1629 ·
645 1597 720 1659 ὡς
764 1594 856 1648 καί
887 1611 1031 1658 τινες
1079 1595 1186 1647 τῶν
1216 1596 1338 1650 καθ’
1370 1597 1515 1666 ὑμᾶς
1547 1598 1784 1668 ποιητῶν
1818 1601 1970 1668 εἰρή-

388 1706 535 1745 κασι’
601 1688 706 1742 Τοῦ
731 1691 840 1761 γὰρ
867 1691 962 1741 καί
1001 1686 1158 1756 γένος
1205 1687 1398 1757 ἐσμέν.
1456 1688 1618 1752 Γένος
1669 1685 1760 1743 οὖν
1789 1689 1967 1760 ὑπάρ-

386 1798 576 1850 χοντες
609 1779 704 1833 τοῦ
728 1780 889 1845 Θεοῦ,
922 1780 1024 1833 οὐκ
1058 1779 1349 1848 ὀφείλομεν
1379 1780 1624 1850 νομίζειν
1666 1782 1894 1853 χρυσίῳ,
1929 1783 1962 1855 ἢ

2075 600 2199 654 caeli
2233 610 2288 655 et
2334 611 2490 658 terra!
2521 621 2644 660 eum
2671 610 2744 664 sit
2772 611 3051 680 Dominus,
3089 634 3195 673 non
3243 621 3297 674 in
3331 625 3661 684 manufartis

2076 691 2294 760 ten'tplis
2329 695 2560 762 habitat,
2587 714 2686 753 nec
2741 706 2995 761 manibus
3047 711 3300 767 humanis
3329 717 3529 770 colitur
3557 720 3644 772 in-

2045 780 2264 854 'digens
2296 787 2496 857 aliquo,
2534 806 2656 845 cum
2690 794 2805 863 ipse
2836 797 2926 851 det
2966 803 3220 857 omnibus
3261 807 3420 862 vitam
3452 819 3506 864 et
3568 812 3656 864 in-

2075 876 2427 944 spirationetn
2451 891 2500 935 el
2526 885 2708 938 outnia
2739 903 2755 945 ;
2795 887 3047 964 [fecitque
3077 908 3142 947 ex
3173 911 3280 949 uno
3303 914 3461 952 omne
3484 917 3657 970 genus

2074 965 2238 1035 279
2269 967 2544 1023 hominum
2581 973 2888 1031 inhabitare
2915 994 3080 1049 super
3120 985 3432 1041 universam
3462 965 3652 1044 faciem

2076 1062 2254 1118 terrae,
2289 1052 2556 1112 deﬁniens
2605 1069 2806 1116 statuta
2841 1073 3086 1134 tempora
3121 1079 3174 1124 et
3204 1077 3468 1138 terminos
3505 1079 3656 1133 habi-

2075 1144 2299 1201 tationis
2322 1161 2536 1215 eorum,
2593 1167 2837 1220 quaerere
2862 1155 3052 1225 Deum,-
3086 1162 3131 1216 si
3191 1162 3329 1220 forte
3365 1176 3654 1226 attrectent

2074 1251 2198 1289 eum
2228 1244 2323 1317 aut
2355 1237 2658 1307 inveniant,
2688 1248 2939 1313 quamvis
2975 1265 3086 1305 non
3113 1253 3272 1324 longe
3308 1256 3378 1311 sit
3410 1260 3481 1312 ab
3507 1276 3652 1314 uno-

2073 1342 2294 1398 quoque
2325 1341 2597 1386 nostrum.
2630 1333 2689 1388 In
2723 1336 2844 1404 ipso
2867 1342 3010 1393 enim
3056 1343 3311 1409 vivimus,
3370 1356 3424 1401 et
3462 1366 3649 1404 move-

2074 1435 2216 1484 mur,
2252 1428 2308 1473 et
2350 1437 2541 1477 sumus
2567 1442 2580 1477 :
2609 1425 2752 1478 sicut
2794 1435 2848 1482 et
2888 1431 3106 1498 quidam
3136 1444 3440 1490 vestrorum
3469 1450 3653 1506 poeta-

2072 1521 2193 1561 rum
2226 1510 2476 1564 dixerunt
2505 1526 2520 1562 :
2591 1510 2767 1582 Ipsius
2828 1519 2972 1570 enim
3006 1527 3058 1574 et
3081 1536 3254 1590 genus
3286 1540 3498 1581 sumus.
3551 1525 3655 1581 Ge-

2072 1613 2177 1654 nus
2201 1614 2332 1669 ergo
2355 1615 2478 1655 cum
2509 1603 2684 1658 simus
2723 1606 2836 1670 Dei,
2872 1623 2982 1662 non
3041 1612 3301 1668 debemus
3357 1618 3653 1683 mstimare‘,

2073 1705 2230 1756 auro,
2265 1701 2358 1745 aut
2386 1702 2635 1763 argento,
2669 1705 2760 1750 aut
2791 1699 2980 1768 lapidi,
3002 1703 3295 1772 sculptura:
3316 1707 3448 1762 artis
3481 1719 3534 1762 et
3558 1726 3652 1763 co-

2072 1781 2354 1850 gitationis
2381 1783 2640 1852 hominis,
2670 1787 2915 1843 divinum
2939 1806 3062 1848 esse
3088 1794 3287 1850 simile.
3311 1797 3374 1851 Et
3408 1809 3652 1870 tempora

389 1873 662 1944 ἀργυρίῳ,
771 1871 932 1941 λίθῳ,
985 1869 1308 1941 χαράγματι
1351 1871 1550 1941 τέχνης
1605 1873 1698 1924 καὶ
1731 1871 1962 1942 ἐνθυμή-

2073 1876 2290 1945 quidem
2311 1877 2472 1946 hujus
2508 1880 2825 1948 ignorantia:
2863 1901 2881 1933 ε
2903 1883 3255 1944 dissimulans
3285 1909 3302 1942 ι
3347 1892 3458 1963 (26)
3492 1857 3653 1959 licus,

392 1983 530 2027 σεως
557 1963 848 2034 ἀνθρώπου
885 1965 946 2016 τὸ
974 1964 1129 2016 Θεῖον
1159 1959 1301 2015 εἶναι
1342 1963 1547 2032 ὅμοιον.
1577 1963 1713 2026 Τοὺς
1747 1963 1846 2032 μὲν
1874 1963 1969 2017 οὖν

387 2055 616 2124 χρόνους
654 2055 752 2123 τῆς
782 2053 1006 2122 ἀγνοίας
1040 2050 1312 2123 ὑπεριδὼν
1351 2053 1378 2104 ὁ
1406 2050 1559 2116 Θεὸς,
1611 2051 1677 2104 τὰ
1703 2051 1799 2104 νῦν
1828 2069 1966 2122 παρ.
1995 2088 2004 2097 ,

384 2146 642 2215 αγγέλλει
695 2148 806 2209 τοῖς
864 2143 1172 2215 ἀνθρώποις
1231 2143 1367 2195 πᾶσι
1444 2143 1722 2212 πανταχοῦ
1795 2161 1964 2213 μετα-

385 2243 564 2294 νοεῖν.-
589 2239 794 2293 Καθότι
849 2238 1080 2306 ἔστησεν
1122 2236 1365 2306 ἡμέραν,
1396 2237 1452 2287 ἐν
1547 2235 1730 2304 μέλλει
1759 2236 1965 2306 κρίνειν

382 2333 484 2399 τὴν
510 2333 837 2402 οἰκουμένην
883 2333 940 2384 ὲν
975 2329 1322 2398 δικαιοσύνῃ,
1368 2329 1425 2379 ὲν
1484 2328 1639 2398 ἀνδρὶ
1680 2321 1725 2396 ᾧ
1772 2327 1963 2399 ὥρισε,

383 2423 571 2475 πίστιν
619 2420 921 2493 παρασχὼν
973 2421 1164 2486 πᾶσιν,
1218 2419 1530 2489 ἀναστήσας
1562 2419 1725 2473 αὑτὸν
1761 2421 1825 2472 ὲκ
1876 2436 1964 2472 νε-

383 2515 946 2585 κρῶν.⁹Λκούσαντες
981 2517 1038 2569 δὲ
1103 2519 1398 2572 ἀνάστασιν
1461 2518 1693 2590 νεκρῶν,
1750 2520 1800 2571 oi
1867 2518 1966 2589 μὲν

381 2605 704 2675 ἐχλεύαζον,
740 2607 790 2659 οἱ
825 2606 880 2660 δὲ
913 2603 1087 2661 εἷπον·
1135 2609 1509 2679 Ἀκουσόμεθά
1540 2627 1633 2664 σου
1665 2611 1794 2680 περὶ
1838 2610 1962 2662 τού-

380 2715 480 2750 του
509 2700 604 2751 κοιὶ
638 2698 822 2752 πάλιν.
873 2701 983 2752 Καὶ
1011 2700 1184 2765 οὓτως
1211 2703 1239 2754 ὀ
1271 2702 1478 2765 Παῦλος
1513 2702 1739 2772 ἐξῆλθεν
1774 2705 1837 2756 ἐκ
1869 2705 1963 2772 μέ-

384 2808 481 2844 σου
514 2791 715 2844 αὐτῶν.
737 2791 894 2854 Τινὲς
926 2792 985 2845 δὲ
1022 2793 1213 2864 ἄνδρες
1243 2794 1599 2866 κολληθέντες
1637 2795 1810 2865 αὐτῷ,
1839 2795 1960 2848 ἐπί-

2069 1983 2216 2022 ιιιιιιο
2245 1970 2905 2039 annuutiathominibus,
2937 1987 2996 2030 ut
3040 1994 3232 2036 omnes
3274 1983 3475 2052 ubique
3532 2002 3652 2054 pm-

2069 2061 2356 2114 nitentiam
2387 2072 2572 2132 agant.
2603 2063 2679 2118 Eo
2699 2067 2841 2135 quod
2873 2072 3064 2125 statuit
3089 2071 3252 2137 diem,
3284 2075 3336 2128 in
3369 2092 3477 2144 quo
3501 2079 3653 2145 judi-

2067 2159 2291 2206 caturus
2312 2159 2396 2206 est
2427 2153 2616 2208 orbem
2651 2157 2702 2209 in
2736 2158 3021 2231 aequitate,
3058 2162 3112 2216 in
3144 2164 3282 2228 viro,
3309 2165 3363 2218 in
3392 2183 3502 2237 quo
3531 2179 3652 2224 sla-

2069 2243 2192 2306 tuit,
2222 2243 2382 2298 {idem
2419 2248 2666 2314 praebens
2690 2251 2968 2318 omnibus,
3005 2257 3282 2311 suscitans
3300 2275 3422 2312 eum
3454 2275 3483 2312 a
3509 2278 3654 2316 mor-

2074 2336 2200 2390 tuis.
2233 2335 2368 2390 Cum
2393 2340 2674 2396 audissent
2699 2354 2881 2398 autem
2914 2351 3374 2414 resurrectionem
3412 2366 3657 2410 mortuo-

2073 2443 2216 2491 rum,
2244 2430 2464 2498 quidam
2498 2435 2720 2503 quidem
2746 2437 3071 2504 irridebant,
3091 2442 3312 2511 quidam
3345 2459 3472 2500 vero
3502 2448 3654 2502 dixe-

2073 2529 2200 2573 runt
2231 2538 2243 2574 :
2283 2523 2584 2581 Audiemus
2608 2535 2662 2581 te
2692 2531 2758 2583 de
2815 2529 2920 2584 hoc
2951 2531 3172 2588 iterum.
3201 2533 3292 2591 Sic
3317 2536 3516 2593 Paulus
3539 2540 3654 2594 exi-

2071 2611 2150 2664 vit
2194 2612 2261 2666 de
2289 2615 2469 2678 medio
2501 2630 2714 2673 eorum.
2734 2618 2963 2685 Quidam
2993 2638 3120 2678 vero
3151 2625 3250 2678 viri
3313 2627 3654 2684 adhaerentes

2069 2703 2140 2766 ci,
2169 2706 2523 2762 crediderunt
2581 2725 2594 2768 :
2628 2709 2680 2764 in
2712 2712 2912 2780 quibus
2974 2725 3028 2768 et
3082 2717 3376 2789 Dionysius
3407 2720 3654 2790 Areopa-

2069 2799 2200 2864 gita,
2240 2803 2294 2849 et
2322 2797 2518 2850 mulier
2542 2801 2763 2856 nomine
2789 2801 3058 2870 Damaris,
3088 2815 3141 2861 et
3198 2809 3291 2862 alii
3325 2827 3449 2865 cum
3477 2813 3579 2867 eis.

383 2898 646 2949 στευσαν,
701 2882 759 2937 ὲν
791 2875 874 2946 οἷς
903 2883 996 2936 κού⁴
1025 2885 1304 2950 Διονύσιος
1351 2886 1379 2937 ὁ
1412 2885 1833 2956 Ἀρεοπαγίτης,
1857 2887 1950 2940 καὶ
1975 2885 2114 2956 γυνὴ
2146 2886 2370 2956 ὀνόματι
2410 2888 2682 2960 Δάμαρις,
2715 2895 2808 2947 καὶ
2835 2896 3014 2967 ἕτεροι
3048 2900 3146 2953 σὺν
3177 2902 3382 2967 αὐτοῖς.

973 2976 1356 3032 EPMHNEIA.

463 3068 709 3137 Ἦγαγον
749 3067 934 3137 αὐτὸν,
985 3071 1152 3139 φησὶν
1177 3111 1192 3136 ,
1243 3071 1337 3124 ἐπὶ
1370 3072 1461 3126 τὸν
1500 3073 1720 3142 Ἀρειον
1761 3072 1959 3144 πάγον,

2568 2983 3148 3046 COMMENTARIUS.

2148 3091 2165 3125 t
2207 3071 2493 3129 Duxerunt
2529 3091 2678 3143 eum,
2739 3079 2936 3150 inquit.
2971 3083 3037 3137 ad
3074 3083 3444 3157 Areopagum,
3487 3110 3506 3144 ι
3544 3107 3649 3147 non

380 3160 482 3230 οὐχ
515 3159 658 3213 ὥστε
720 3161 935 3232 μαθεῖν,
982 3162 1112 3215 ἀλλ’
1168 3161 1310 3216 ὥστε
1355 3163 1715 3232 κολάσασθαι,
1745 3163 1875 3216 ἔνθα
1902 3164 1959 3217 αί

2067 3173 2125 3218 ιιι
2159 3164 2366 3234 aliquid
2399 3166 2504 3236 ipsi
2528 3168 2825 3235 discerent,
2882 3174 2976 3228 sed
3009 3182 3067 3228 ut
3117 3175 3163 3232 is
3207 3180 3514 3249 puniretur,
3558 3188 3649 3240 ubi

379 3254 604 3322 φονικαὶ
641 3252 811 3309 δίκαι.
860 3253 1079 3324 ’Δρειος
1109 3254 1166 3307 δὲ
1193 3256 1390 3325 ,Πάγος
1439 3255 1658 3324 ἐλέγετο
1703 3257 1732 3308 ὁ
1775 3256 1959 3321 τόπος,

377 3338 571 3410 ἐπειδὴ
598 3341 625 3392 ὁ
656 3339 854 3411 Ἀρης,
880 3339 956 3404 ὥς
1006 3358 1164 3417 φασι,
1193 3342 1293 3409 τῆς
1327 3343 1564 3413 μοιχίας,
1584 3344 1763 3397 ἐκεῖσε
1807 3344 1961 3408 δίκας

379 3430 571 3484 ἔδωκε.
609 3433 787 3502 Πάγος
833 3433 890 3485 δὲ
922 3434 950 3486 ὀ
985 3433 1189 3504 ὑψηλὸς
1219 3435 1404 3498 τόποςο
1437 3436 1494 3488 ὲν
1524 3437 1634 3507 γὰρ
1669 3436 1812 3507 ὄχθῳ
1856 3437 1962 3489 τινὶ

375 3520 446 3595 ἦν
478 3527 653 3578 ἐκεῖνο
694 3528 754 3578 τὸ
806 3526 1184 3597 δικαστήριον·
1233 3529 1356 3582 ὅθεν
1413 3529 1508 3582 καὶ
1558 3530 1839 3600 Πάγαρχοι
1871 3547 1963 3583 κα-

377 3616 600 3670 λοῦνται
627 3618 780 3691 παρά
808 3635 975 3683 τισιν,
1011 3620 1060 3672 οἱ
1105 3619 1222 3674 τῶν
1257 3620 1440 3674 τόπων
1474 3621 1507 3692 ἢ
1550 3621 1755 3691 κωμῶν
1798 3641 1960 3677 τινων

375 3711 658 3782 ἄρχοντες.
695 3731 712 3762 ι
755 3705 927 3782 Εὗρον
982 3713 1078 3764 καὶ
1132 3711 1338 3782 βωμόν.
1378 3729 1397 3764 t
1460 3713 1564 3765 Δύο
1595 3713 1773 3776 αἰτίας
1820 3709 1962 3766 εἶναι

374 3806 595 3873 λέγουσι
641 3803 703 3857 τὸ
748 3803 812 3876 [Γ.
837 3802 952 3876 τοῦ]
1013 3802 1132 3876 [ἐπι
1172 3802 1262 3876 γε]
1298 3803 1539 3874 γράςρθαι
1571 3804 1829 3874 Ἀθήνῃσι
1885 3802 1961 3872 τῷ

380 3896 551 3968 βωμῷ
589 3915 606 3949 ι
636 3895 929 3964 Ἀγνὼστῳ
975 3895 1116 3966 Θεῷ.
1161 3915 1181 3949 ι
1219 3897 1284 3949 Οἱ
1338 3895 1437 3966 μὲν
1491 3894 1600 3964 γάρ
1645 3910 1830 3962 φασιν,
1884 3893 1958 3957 ὡς

376 3986 709 4058 Φιλιππίδην
762 3986 1018 4058 ἔπεμψαν
1073 3985 1353 4056 Ἀθηναῖοι
1416 3985 1555 4055 πρὸς
1616 3983 1983 4060 Λακεδαιμοοη

376 4081 526 4140 νίους
549 4079 680 4150 περὶ
707 4079 1050 4150 συμμαχίας,
1080 4079 1246 4149 ἡνίκα
1278 4078 1486 4147 Πέρσαι
1519 4077 1959 4147 ἐπεστράτευσαν

372 4175 442 4243 τῇ
496 4171 730 4238 Ἑλλάδι,
761 4165 806 4239 ᾧ
844 4172 984 4224 κατὰ
1032 4170 1094 4224 τὸ
1152 4169 1455 4238 Παρθένιον
1495 4168 1619 4241 ὅρος
1659 4168 1836 4232 Πανὸς
1860 4169 1962 4238 φά-

376 4281 490 4333 σμα
552 4264 794 4333 ἐντυχὸν,
841 4265 1034 4335 ᾐτιᾶτο
1101 4262 1200 4333 μὲν
1255 4260 1574 4330 Ἀθηναίους
1624 4260 1959 4332 ἀμελοῦντας

376 4355 544 4409 αὐτοῦ
573 4396 589 4421 ,
639 4356 832 4418 ἄλλους
890 4356 1048 4418 θεοὺς
1100 4355 1508 4426 θεραπεύοντας
1538 4395 1553 4419 ,
1595 4357 1692 4410 καὶ
1741 4355 1958 4426 βοηθεῖν

379 4447 771 4519 ἐπηγγέλλετο.
813 4449 1158 4519 Νικήσαντες
1211 4446 1329 4513 οῦν,
1352 4448 1542 4518 ἐκείνῳ
1569 4448 1696 4501 ναὸν
1723 4447 1956 4518 ἀνέστη-

2063 3251 2332 3322 capitales
2360 3267 2540 3309 causa:
2564 3255 2934 3312 habebantur.
2968 3277 2988 3310 ι
3042 3261 3360 3334 AreOpagus
3399 3287 3418 3319 ι
3467 3279 3649 3324 autem

2065 3343 2220 3398 locus
2270 3343 2361 3398 ille
2413 3345 2720 3412 dicebatur,
2793 3351 3052 3418 quoiniatu
3121 3353 3280 3418 Ares,
3334 3372 3426 3410 seu
3497 3359 3643 3416 Mars

2063 3435 2318 3490 adulterii
2355 3451 2548 3505 poenas
2608 3439 2704 3504 ibi,
2740 3448 2800 3495 ut
2839 3440 3176 3511 fabulantur,
3234 3450 3361 3502 olim
3401 3450 3646 3506 dederat.

2070 3546 2088 3578 ι
2123 3525 2304 3598 Pagus
2342 3547 2361 3579 ι
2399 3537 2485 3584 est
2542 3530 2698 3587 locus
2732 3534 2986 3592 excelsus
3016 3554 3031 3602 ;
3063 3538 3332 3608 siquidem
3389 3543 3442 3596 in
3502 3547 3644 3602 colle

2063 3619 2226 3672 situm
2259 3627 2377 3673 erat
2403 3615 2767 3683 dicasterium
2799 3623 2953 3678 illud.
2979 3623 3116 3681 Hinc
3144 3645 3166 3678 ι
3219 3629 3482 3699 l’agarchi
3513 3650 3535 3684 >
3567 3635 3650 3688 di-

2063 3721 2266 3765 cuntur
2319 3712 2565 3767 locorum
2617 3717 2979 3783 quorumdam
3060 3719 3141 3773 vel
3192 3735 3452 3789 pagorum
3510 3740 3649 3794 prac-

2062 3799 2208 3856 fecti.
2265 3821 2282 3854 ι
2321 3803 2506 3858 Inveni
2538 3815 2589 3859 et
2615 3820 2787 3858 aram.
2834 3825 2852 3857 ι
2887 3805 3017 3862 Dum
3043 3825 3224 3866 causa:
3258 3814 3508 3870 feruntur
3554 3833 3648 3872 ce-

2065 3893 2234 3949 lebris
2321 3895 2487 3960 illius,
2558 3913 2680 3966 qua!
2729 3897 2960 3955 Athenis
3015 3910 3153 3966 erat,
3215 3905 3641 3976 inscriptionis:

2067 4003 2085 4036 ι
2116 3985 2305 4055 ignoto
2344 3986 2474 4042 Deo.
2513 4007 2531 4040 ν
2573 3988 2805 4054 Quidam
2836 3992 2982 4046 enim
3043 3992 3252 4057 dicunt;
3303 3997 3451 4066 quod
3511 4014 3640 4054 cum

2060 4076 2450 4144 Athenienses,
2495 4078 2679 4136 Persis
2741 4091 2934 4136 contra
2967 4082 3116 4153 ipsos
3151 4086 3350 4140 belltnn
3403 4094 3641 4159 gerenti-

2069 4166 2197 4235 bus,
2229 4167 2574 4238 Philippiden
2607 4173 2896 4241 quemdam
2928 4175 2994 4229 ad
3041 4174 3460 4238 Laceda~moues
3488 4185 3645 4238 auxi-

2062 4259 2119 4315 lii
2149 4261 2366 4330 petendi
2404 4277 2573 4318 causa
2605 4263 2906 4331 misissent,
2938 4281 3238 4324 occurrens
3269 4271 3342 4326 illi
3376 4274 3430 4328 in
3461 4288 3644 4330 monte

2063 4350 2341 4408 Partheno
2373 4352 2581 4409 idolum
2644 4354 2810 4413 Panis
2840 4361 3078 4429 graviter
3105 4362 3173 4417 de
3211 4361 3642 4425 Atheniensibus

2062 4454 2423 4516 conquestum
2454 4447 2641 4511 fuerit,
2670 4451 2811 4518 quod
2844 4467 2967 4504 cum
3003 4464 3230 4533 caeteros
3259 4457 3473 4525 quidem
3510 4461 3643 4517 deos

377 4555 475 4593 σαν
496 4539 593 4592 καὶ
640 4539 823 4610 βωμὸν
851 4538 1228 4610 ᾠκοδόμησαν.
1260 4541 1370 4616 Καὶ
1411 4541 1484 4603 ὼς
1531 4540 1945 4611 φυλαττόμενοι,

2065 4539 2306 4607 gnaviter
2337 4540 2603 4603 colerent,
2633 4556 2691 4595 se
2723 4557 2950 4610 prorsus
2969 4546 3331 4616 negligerent;
3368 4559 3422 4604 et
3445 4551 3643 4608 nihilo-

378 4630 456 4702 μὴ
493 4631 555 4684 τὸ
597 4631 730 4684 αὐτὸ
769 4632 833 4702 δὴ
863 4632 956 4684 καὶ
980 4631 1172 4686 ἄλλοτε
1207 4611 1455 4700 πάθοιεν,
1488 4631 1758 4702 παρέντες
1827 4632 1952 4685 τινὰ

374 4723 499 4776 θεὸν
529 4724 806 4793 ἄγνωστον
840 4725 1050 4792 αὐτοῖς,
1100 4723 1408 4795 ἀνέστησαν
1462 4726 1554 4780 τὸν
1588 4724 1771 4795 βωμὸν
1809 4727 1951 4778 ἐκεῖ·

373 4831 484 4878 νον,
515 4815 934 4882 ἐπιγράφοντες·
971 4833 989 4867 t
1019 4813 1310 4885 Ἀγνώστῳ
1337 4814 1477 4885 Θεῷ·
1518 4833 1537 4866 ›
1565 4814 1723 4867 τοῦτο
1756 4814 1948 4877 λέγον-

371 4920 487 4966 τες,
547 4903 633 4956 ὅτι
657 4905 768 4957 Καὶ
794 4904 847 4956 εἰ
877 4920 960 4967 τις
991 4903 1176 4976 ἕτερος
1225 4907 1471 4973 ἠγνοεῖτο
1516 4904 1644 4975 παρ’
1673 4905 1851 4975 ήμῶν,
1880 4907 1960 4966 είς

371 4992 540 5063 τιμὴν
570 4995 782 5048 ἐκείνου
823 4991 978 5059 οὗτος
1014 4995 1079 5064 δὴ
1119 4997 1249 5065 παρ’
1302 4996 1463 5067 ἡμῶν
1516 4997 1839 5067 ἐγήγερται,
1878 4996 1954 5060 ὡς

373 5088 443 5140 ἂν
500 5087 658 5152 ἵλεως
701 5090 835 5160 ἡμῖν
882 5089 993 5158 εἴη,
1029 5089 1189 5160 εἰπερ
1236 5089 1605 5158 ἀγνοούμενος
1662 5089 1737 5159 μὴ
1793 5089 1956 5158 θερα-

373 5180 624 5238 πεύεται.
682 5181 868 5235 Ἀλλοι
913 5181 969 5234 δέ
1016 5198 1202 5250 φασιν,
1235 5183 1318 5234 ὅτι
1347 5182 1506 5251 λιμὸς
1553 5181 1597 5214 ⁸⁷
1636 5181 1952 5252 κατέσκηψέ

372 5285 505 5322 ποτε
542 5269 824 5342 Ἀθήνῃσι,
855 5271 952 5324 καὶ
993 5272 1073 5334 είς
1119 5270 1371 5324 τοσοῦτον
1400 5271 1601 5334 αὐτοὺς
1635 5271 1948 5336 ἐξέκαυσεν,

371 5362 450 5424 ὡς
480 5360 616 5431 μηδὲ
652 5361 762 5414 τῶν
793 5362 1145 5416 λεπτοτάτων
1179 5363 1434 5416 σινδόνων
1469 5362 1778 5432 ἀνέχεσθαι.
1815 5365 1952 5426 Τοὺς

368 5453 764 5522 νομιζσμένους
791 5452 886 5506 οὖν
925 5455 1110 5517 αὐτοῖς
1145 5453 1301 5518 θεοὺς
1345 5456 1766 5527 θεραπεύοντες,
1799 5456 1951 5509 οὐδὲν

369 5545 677 5600 ἀπώναντο.
715 5548 1097 5618 Ἐννοήσαντες
1133 5549 1250 5615 οὖν,
1293 5551 1373 5602 ὅτι
1405 5549 1533 5613 ἴσως
1565 5549 1714 5602 ἐστὶν
1746 5551 1774 5600 ὁ
1806 5550 1946 5616 θεὸς,

2063 4629 2246 4685 minus
2281 4631 2487 4686 auxilio
2512 4646 2570 4685 se
2593 4630 2834 4685 futurum
2864 4638 3238 4704 spoponderit.
3273 4639 3451 4704 Quare
3473 4643 3642 4699 Athe-

2062 4721 2306 4786 nienses,
2337 4737 2462 4776 cum
2494 4722 2777 4787 vicissent,
2817 4730 3073 4794 templum
3121 4729 3197 4782 illi
3231 4733 3558 4798 excitarunt,
3586 4745 3640 4791 et

2057 4817 2233 4871 altare
2285 4826 2734 4872 construxerunt.
2786 4817 3055 4877 Caventes
3128 4839 3278 4888 vero,
3333 4843 3402 4882 ne
3459 4829 3640 4886 simile

2055 4908 2183 4978 quid
2218 4908 2414 4962 iterum
2449 4908 2556 4964 illis
2586 4911 2951 4980 contingeret,
2981 4915 3130 4982 quod
3172 4915 3314 4973 forte
3355 4920 3512 4975 deum
3542 4924 3640 4976 ali-

2053 5017 2214 5070 quem
2254 5002 2499 5071 ignotum
2531 5002 2906 5071 prteterirent,
2944 5007 3105 5060 aliam
3140 5008 3432 5064 erexerunt
3465 5027 3636 5078 aram,

2051 5093 2209 5163 eique
2244 5093 2680 5162 inscripserunt:
2725 5113 2744 5145 ι
2783 5093 2973 5164 Ignoto
3016 5097 3148 5165 Deo,
3199 5119 3218 5152 ›
3277 5103 3586 5173 inquientcs
3621 5125 3635 5160 :

2051 5185 2105 5238 Si
2142 5185 2308 5256 280
2345 5185 2525 5240 adhuc
2549 5187 2745 5257 aliquis
2785 5205 2812 5241 a
2858 5190 3016 5245 nobis
3064 5193 3346 5262 ignoretur
3391 5195 3546 5263 deus,
3583 5199 3640 5252 in

2052 5279 2198 5334 illius
2230 5280 2491 5333 honorem
2557 5279 2670 5334 haec
2707 5296 2799 5334 ara
2831 5293 2971 5345 esto,
3027 5294 3086 5337 ut
3143 5287 3302 5342 nobis
3369 5289 3638 5358 propitius

2051 5369 2140 5432 sit,
2177 5369 2306 5434 etsi,
2341 5376 2530 5438 utpote
2553 5369 2792 5439 ignotus,
2821 5373 3082 5442 peculiari
3109 5375 3260 5430 cultu
3289 5391 3320 5431 a
3345 5379 3498 5434 nobis
3519 5396 3630 5434 non

2049 5458 2283 5514 colatur.
2311 5460 2414 5514 Alii
2444 5477 2573 5517 vero
2601 5465 2675 5516 ita
2709 5478 2822 5517 rem
2859 5475 3084 5521 narrant
3111 5483 3125 5522 :
3151 5469 3286 5524 Cum
3316 5471 3434 5525 dira
3468 5474 3638 5542 pestis

2050 5551 2106 5605 in
2135 5551 2497 5609 Athenienses
2530 5564 2895 5624 grassaretur,
2926 5573 3133 5630 eosque
3167 5574 3423 5621 exureret
3469 5566 3630 5637 adeo,

1559 5689 1759 5751 Variae
1787 5687 2093 5750 lectiones
2135 5693 2198 5748 et
2242 5694 2432 5749 notae.

442 5765 485 5794 "
521 5761 729 5830 λοιμός.

446 5857 556 5932 (26)
589 5857 743 5928 Vulg.
767 5859 1081 5929 despiciens.
