4082 6426
460 390 570 453 909

1362 388 1672 450 THEOPH
1684 348 1950 450 YLACTI
1975 389 2391 451 BULGARI/E
2418 396 2776 458 ARCHIEP.

2356 218 2394 258 ιο

3610 404 3753 469 1000

457 509 518 554 ιιι
544 495 1338 553 neclcmiss-imalinteamiua
1387 496 1529 551 ferre
1558 509 1823 566 possent;
1867 500 2046 555 omni-

2159 500 2213 555 ὃν
2254 504 2412 557 αὐτοὶ
2449 506 2746 562 κατέλιπον
2808 494 3137 581 ἀγέραστον,
3164 515 3191 567 ό
3218 514 3309 568 τὸν
3349 515 3540 587 λοιμὸν
3577 538 3754 578 κατα-

459 593 584 653 bus.
610 603 750 659 quos
790 588 1060 659 putabant
1092 588 1248 655 deos,
1280 590 1487 644 cultum
1519 589 1752 659 aliquem
1786 594 2054 660 praestite-

461 693 610 747 runt,
647 680 921 753 quininde
956 681 1127 735 ullum
1168 693 1432 751 caperent
1464 681 1918 738 emolumentum.
1946 682 2055 739 Re-

459 785 718 849 putantes
758 789 914 841 vero,
965 774 1111 844 quod
1151 771 1391 829 fortasse
1437 773 1574 828 deus
1620 782 1771 830 esset
1829 772 2049 849 aliquis,

457 886 619 957 quem
653 870 758 939 ipsi
819 869 1208 922 inhonoratum
1259 866 1604 936 reliquerint,
1654 882 1721 924 ac
1765 878 2052 939 prepterea
2090 948 2093 953 γ

390 945 396 949 ’
458 945 815 1032 ἱρεέρεειοιιι
882 958 1203 1013 immisisset
1256 957 1432 1018 illam,
1490 973 1686 1012 novam
1713 958 2055 1021 aediﬁcarunt

455 1068 630 1119 aram,
665 1052 755 1106 cui
793 1068 813 1103 ι
843 1049 1033 1121 ignoto
1063 1048 1174 1104 Deo
1218 1067 1237 1101 ι
1328 1049 1734 1119 inscripserunt
1765 1066 1779 1102 :
1816 1066 2055 1121 cumque

454 1161 618 1213 super
651 1143 797 1198 illam
825 1125 1260 1207 eacrificassent,
1288 1140 1581 1197 confestim
1612 1142 1781 1212 pestis
1809 1142 2052 1197 evanuit.

455 1235 612 1291 llunc
644 1237 809 1305 igitur
859 1233 1064 1291 Paulus
1132 1234 1210 1289 ait
1252 1249 1376 1291 esse
1418 1232 1730 1299 Christum,
1804 1236 2051 1290 omnium

451 1326 644 1392 Deum,
679 1342 845 1397 quem
873 1341 934 1383 se
956 1326 1292 1383 anuuntiare
1316 1323 1641 1381 afﬁrmabat.
1669 1325 2055 1409 Caeteruzuin»

451 1428 601 1491 tegra
629 1420 720 1475 illa
762 1418 1055 1488 inscriptio
1095 1418 1177 1475 ita
1229 1432 1289 1472 se
1321 1417 1557 1473 habeth
1591 1432 1605 1470 :
1681 1434 1698 1467 ι
1743 1415 1857 1472 Diis
1886 1417 2055 1485 Asiae,

452 1510 702 1578 Europae,
726 1519 778 1564 et
801 1508 1017 1581 Libyae,
1044 1509 1152 1563 Deo
1176 1510 1429 1579 iguotoet
1452 1507 1762 1577 peregrino.
1778 1507 2056 1563 i—tDeus

451 1603 544 1672 qui
584 1600 737 1657 fecit.
780 1620 800 1653 ι
863 1599 944 1655 Ne
981 1610 1262 1671 putarent,
1294 1598 1462 1654 Deum
1529 1600 1599 1654 ab
1635 1600 1756 1668 ipso
1782 1601 2055 1670 pradica-

451 1705 566 1749 tuiu
597 1695 835 1749 similem
871 1708 996 1749 esse
1030 1692 1224 1747 multis
1264 1691 1394 1757 illis,
1432 1706 1573 1762 quas
1603 1692 1740 1749 alias
1765 1693 2048 1760 colebant,

447 1788 579 1852 diis,
609 1769 693 1844 iac
747 1798 807 1843 ut
836 1803 1079 1844 errorem
1127 1790 1300 1844 istum
1362 1788 1752 1855 submoveret,
1822 1790 2052 1846 subdit:

2161 594 2406 666 πέμψας,
2436 599 2556 652 νέον
2603 600 2924 674 δειμάμενοι
2979 604 3165 678 βωμὸν
3203 611 3301 662 καὶ
3340 610 3752 684 ἐγγράψαντες,

2165 707 2183 739 ι
2221 689 2516 763 ’Δγνώστῳ
2562 692 2706 764 Θεῷ,
2749 713 2768 746 ›
2804 696 2897 749 καὶ
2943 696 3235 767 θύσαντες,
3294 703 3500 768 εὐθέως
3547 706 3749 781 ἐθερα-

2158 780 2462 852 πεύθησαν.
2495 785 2699 837 Τοῦτον
2739 786 2855 851 οὖν,
2911 805 3072 858 φησι,
3110 792 3347 862 Χριστὸν
3405 795 3618 865 Ἰησοῦν
3648 780 3757 854 τὸν

2156 874 2383 929 πάντων
2408 875 2544 929 Θεὸν
2572 876 2601 928 ὁ
2633 876 2867 943 Παῦλος,
2909 879 2969 933 όν
3004 882 3097 936 καὶ
3132 887 3531 955 καταγγέλλειν
3568 891 3757 955 αὐτοῖς

2155 958 2420 1037 ἔφασκεν.
2461 971 2619 1024 Ἔστι
2674 972 2812 1042 δὲ’ί)
2876 974 3024 1027 πᾶσα
3078 976 3174 1028 τοῦ
3226 975 3417 1047 βωμοῦ
3468 981 3756 1057 ἐπιγραφὴ

2152 1062 2404 1131 τοιαύτη·
2441 1079 2461 1115 t
2495 1063 2651 1128 Θεοῖς
2679 1066 2891 1130 Ἄσίας,
2924 1065 3020 1121 καὶ
3052 1067 3349 1140 Εὐρώπης,
3394 1073 3490 1126 καὶ
3518 1074 3754 1146 Λιϐύης,

2154 1152 2264 1223 θεῷ
2309 1153 2582 1227 ἀγνώστῳ
2617 1158 2711 1211 καὶ
2747 1157 2904 1230 ξένῳ.
2948 1177 3073 1212 »-ι
3135 1161 3194 1214 ὐ
3223 1161 3363 1226 Θεὸς
3395 1165 3425 1218 ό
3456 1166 3748 1237 ποιήσας..

2156 1244 2278 1299 Ἵνα
2308 1246 2382 1318 μὴ
2422 1248 2723 1321 νομίσωσιν
2747 1251 2844 1304 ἕνα
2887 1251 2998 1306 τῶν
3025 1253 3240 1307 πολλῶν
3282 1251 3426 1311 εἶναι
3479 1256 3613 1312 Θεὸν
3658 1260 3754 1315 τὸν

2155 1335 2251 1390 ὑπ’
2279 1338 2447 1392 αὑτοῦ
2482 1342 2921 1413 κηρυττόμενον,
2946 1343 3263 1415 διορθοῦται
3302 1347 3551 1418 ἐπάγωνο
3589 1370 3607 1404 ι
3648 1354 3754 1409 οὐκ
3808 1348 3817 1358 ’

2155 1430 2214 1482 ἐν
2246 1434 2658 1505 χειροποιήτοις
2707 1438 2879 1501 ναοῖς.
2922 1456 2942 1490 ι
2987 1439 3144 1492 Οίκεῖ
3199 1441 3301 1511 μὲν
3333 1444 3443 1514 γὰρ
3486 1446 3546 1498 ἐν
3580 1449 3754 1512 ναοῖς,
3782 1433 3795 1447 ’

2156 1522 2275 1576 ἀλλ’
2321 1525 2423 1579 οὐκ
2486 1527 2545 1579 ἐν
2583 1527 2873 1595 τοιούτοις,
2931 1530 3049 1586 ἀλλ’
3082 1533 3142 1586 ἐν
3199 1533 3523 1609 ἀνθρωπίνῃ
3576 1537 3750 1611 ψυχῇ.

2157 1613 2295 1667 Οὑδέ
2328 1617 2441 1687 γὰρ
2472 1617 2533 1670 ἐν
2574 1618 2690 1690 ναῷ
2721 1618 2832 1675 τῶν
2885 1622 3283 1694 Ἰεροσολύμων
3307 1625 3530 1695 λέγεται
3559 1629 3753 1698 οίκεῖν,

2157 1705 2274 1759 ἀλλ’
2327 1708 2611 1781 ἐνεργεῖν’
2647 1711 2772 1766 οὐδὲ
2811 1713 2918 1767 ὑπὸ
2981 1715 3186 1787 χειρῶν
3238 1717 3547 1790 ἀνθρώπων
3599 1723 3756 1795 παρὰ

2159 1797 2433 1855 Ἰουδαίων
2482 1802 2851 1877 ἐθεραπεύθη,
2893 1807 3009 1861 ἀλλ’
3048 1808 3156 1863 ὑπὸ
3185 1810 3447 1876 διανοίας·
3481 1814 3607 1868 ἐπεὶ
3642 1818 3746 1870 κά-

457 1904 476 1935 ι
497 1882 613 1938 Non
631 1884 684 1938 in
708 1882 1035 1937 manufactis
1059 1882 1281 1951 templis
1308 1880 1648 1936 liabitatw.»
1681 1881 1928 1947 Scilicet,
1954 1884 2051 1957 ba-

2159 1895 2308 1949 κεῖνά
2340 1912 2404 1964 γε
2449 1895 2552 1950 οὐκ
2585 1897 2767 1970 ἐζήτει
2817 1898 3013 1964 οὕτως,
3051 1900 3127 1965 ὡς
3164 1902 3583 1975 προσδεόμενος·
3619 1907 3759 1978 φησὶ

451 1974 587 2028 bitat
620 1971 844 2043 quidem
877 1974 932 2027 iu
961 1972 1203 2042 templis,
1224 1972 1320 2028 sed
1351 1986 1462 2025 non
1493 1972 1548 2025 in
1590 1973 1829 2046 talibus;
1877 1974 1968 2029 sed
1995 1975 2049 2029 iu

2159 1988 2291 2057 γάρ·
2335 2007 2353 2041 ι
2396 1988 2489 2060 Μὴ
2530 1991 2777 2062 φάγομαι
2827 1996 2973 2064 κρέα,
3012 1971 3253 2068 ταύρων,
3303 2018 3320 2051 ι
3357 1971 3454 2053 καὶ
3491 2000 3560 2053 τὰ
3598 1971 3753 2072 ἐξῆς.

450 2067 634 2117 anima
677 2064 940 2117 humana.
995 2062 1155 2119 Unde
1186 2077 1287 2117 nec
1320 2063 1376 2123 in
1424 2062 1816 2134 Jerosolymita
1849 2066 2051 2136 templo

2159 2080 2368 2151 Χρῆσιν
2398 2083 2584 2148 αὐτοῖς
2611 2084 2846 2156 Ἀράτου
2867 2062 3099 2159 ἐπάγει,
3124 2062 3268 2154 -ἐνός
3291 2099 3438 2155 τινος
3470 2091 3581 2146 τῶν

448 2151 738 2206 dicebatur
766 2152 1035 2218 habitare,
1069 2150 1166 2206 sed
1205 2170 1225 2203 ι
1263 2154 1503 2223 operari.
1546 2172 1566 2204 ι
1598 2152 1710 2210 Nec
1735 2174 1763 2207 .c
1792 2157 2048 2212 manibus

2162 2175 2348 2239 αὐτοῖς
2388 2177 2632 2248 ποιητῶν
2680 2181 2762 2244 είς
2814 2181 3170 2253 κατασκευὴν
3200 2182 3295 2237 τοῦ
3328 2185 3526 2239 ἑαυτοῦ
3552 2186 3740 2256 λόγου.

449 2242 711 2299 humanis
763 2246 1048 2300 colebatur
1080 2236 1106 2297 ὀ
1142 2243 1428 2312 a‘Judaeis,
1483 2236 1577 2303 sed
1634 2260 1817 2304 nte-nte
1852 2264 2048 2317 :nam,

448 2352 571 2407 quae
598 2339 650 2392 ii.
675 2338 999 2407 oilercbant,
1056 2337 1205 2396 Deus
1239 2354 1347 2394 non
1386 2341 1544 2410 quasi
1581 2360 1605 2393 ι
1646 2342 1903 2413 indigens
1939 2343 2044 2399 ali-

365 2464 375 2473 .
446 2446 557 2500 quo
591 2451 608 2484 ι
647 2432 1000 2503 requirebat;
1027 2434 1104 2486 ait
1132 2434 1281 2488 enim
1315 2450 1332 2488 :
1365 2452 1384 2487 ι
1415 2433 1673 2506 Nunquid
1707 2438 2052 2494 manducabo

448 2539 644 2581 carnes
670 2526 1039 2594 taurorum",
1070 2535 1177 2582 etc.
1207 2544 1227 2578 ›
1266 2526 1541 2583 Deindein
1575 2528 2047 2585 confirmationem

366 2606 369 2609 0
447 2619 719 2673 sermonis
745 2619 828 2674 sui
852 2618 998 2673 istud
1025 2620 1201 2685 Arati,
1234 2619 1402 2676 unius
1455 2636 1521 2675 ex
1558 2620 1806 2692 ipsorum
1840 2609 2045 2693 poetis,

454 2709 737 2780 egregium
762 2711 969 2767 dictum
1003 2712 1251 2783 profert:
1310 2731 1328 2767 ι
1382 2713 1565 2787 Ipsius
1590 2715 1736 2771 enim
1792 2725 1847 2772 et
1867 2733 2046 2790 genus

445 2815 638 2858 sumus
671 2821 685 2858 :
726 2822 746 2857 ι
776 2813 831 2860 et
853 2797 984 2861 illud
1015 2807 1236 2878 quidem
1269 2806 1340 2865 de
1364 2826 1581 2867 summo
1614 2808 1825 2879 Opillce
1842 2813 2044 2885 accipit

2168 2285 2186 2318 ι
2230 2265 2339 2321 Τοῦ
2367 2269 2479 2340 γὰρ
2511 2271 2605 2324 καὶ
2651 2271 2807 2341 γένος
2837 2273 3026 2343 ἐσμέν,
3061 2294 3080 2327 ι
3119 2277 3277 2344 φησί.
3308 2277 3418 2330 Καὶ
3453 2270 3611 2342 οὗτος
3651 2279 3757 2350 μὲν

2151 2357 2281 2428 περὶ
2324 2360 2420 2414 τοῦ
2465 2361 2816 2437 Δημιουργοῦ
2848 2365 2981 2420 αὐτὸ
3014 2365 3351 2439 ἐκλαμϐάνει
3387 2369 3459 2441 (εί
3489 2372 3586 2426 καὶ
3611 2374 3749 2444 περὶ

2156 2449 2252 2503 τοῦ
2284 2451 2410 2515 Διὸς
2471 2453 2632 2508 τοῦτο
2684 2456 2942 2527 εἰρῆσθαί
2971 2458 3184 2530 φασιν),
3217 2459 3277 2513 οὐ
3314 2459 3406 2513 τὸν
3436 2461 3644 2516 ἐκεῖνον
3667 2462 3763 2516 λέ-

2153 2559 2288 2609 γων,
2321 2544 2459 2598 ἀλλά
2509 2546 2570 2598 τὸ
2633 2548 2844 2616 κυρίως
2884 2549 2971 2603 ἐπ’
3023 2549 3177 2621 αὑτῷ
3237 2551 3505 2623 ἁρμόζειν
3555 2553 3756 2625 λέγων.

2157 2635 2319 2701 Γένος
2374 2637 2432 2691 δέ
2477 2637 2614 2693 Θεοῦ
2649 2635 2793 2695 εἶναι
2850 2643 3002 2713 ἡμᾶς
3063 2661 3199 2715 φησι
3254 2644 3492 2712 Παῦλος,
3534 2647 3636 2719 οὐχ
3680 2648 3761 2714 ὡς

2153 2729 2356 2783 ἐκεῖνοί
2419 2747 2609 2800 φασιν,
2671 2731 2788 2788 ἀλλ’
2820 2734 2994 2808 ἑτέρῳ
3045 2735 3144 2807 νῷο
3179 2737 3451 2807 τουτέστι,
3495 2741 3758 2809 οἰκείους,

2152 2820 2456 2890 ὲγγυτᾲτου
2467 2842 2510 2888 ς.

447 2896 648 2952 Paulus
670 2939 684 2963 ,
721 2914 1037 2970 quanquam
1068 2902 1137 2957 de
1163 2901 1297 2959 Jove
1318 2905 1386 2959 ab
1420 2905 1592 2960 Arato
1615 2906 2032 2976 pronuntiatum
2066 2906 2265 2969 fuerit.’
2287 2914 2555 2974 Videlicet
2604 2921 2809 2978 Aratus
2862 2938 2974 2979 non
3005 2923 3071 2981 de
3132 2927 3325 2984 eodem
3389 2929 3616 2984 omnino
3670 2927 3759 2984 lo-

446 3001 608 3045 cutus
638 3000 744 3058 est,
806 2994 900 3048 sed
953 3005 1134 3049 tamen
1162 2996 1221 3050 id
1270 2998 1519 3067 promlit,
1550 3000 1698 3070 quod
1731 3001 1779 3057 ei
1819 3001 2038 3071 proprie
2078 3010 2256 3076 aptari
2290 3019 2537 3081 potest.t
2575 3010 2765 3070 Genus
2795 3024 2980 3071 autem
3008 3014 3102 3072 Dei
3132 3037 3151 3072 ι
3206 3036 3309 3076 nos
3370 3035 3515 3087 esse,
3580 3020 3764 3091 inquit

446 3084 768 3154 Apostolus,
803 3101 913 3141 non
954 3103 1021 3142 eo
1050 3104 1239 3156 sensu,
1268 3106 1376 3161 quo
1400 3091 1578 3148 Graeci
1614 3102 1792 3164 poetae
1824 3094 2038 3161 dicunt,
2078 3098 2176 3154 sed
2201 3102 2350 3171 alio;
2391 3119 2588 3176 nempe
2622 3106 2775 3177 quod
2834 3121 2939 3165 nos
3013 3108 3188 3188 simus
3240 3110 3293 3169 ei
3324 3111 3650 3179 familiares
3702 3122 3764 3172 et

446 3177 705 3248 proximi.

516 3273 597 3325 Ad
620 3272 985 3330 Athenienses
1007 3275 1172 3331 verba
1198 3275 1409 3334 faciens
1436 3277 1640 3336 Paulus
1668 3301 1687 3334 ι
1714 3282 1990 3342 hominem
2019 3307 2039 3339 ι

2227 3291 2275 3324 ⁸⁸
2292 3292 2611 3364 Ἀθηναίοις
2635 3295 2745 3367 γὰρ
2765 3297 3150 3369 διαλεγόμενος
3170 3300 3198 3353 ὁ
3224 3298 3454 3370 Παῦλος,
3481 3305 3635 3374 φησι,
3660 3303 3762 3359 ἀν-

447 3360 829 3420 lautummodu
857 3365 1139 3422 Christum
1160 3370 1419 3439 appellat,
1445 3371 1633 3428 dicens
1654 3373 1699 3406 ⁷⁸
1727 3389 1742 3429 :
1780 3394 1799 3429 ι
1835 3376 1893 3432 lu
1912 3379 2052 3447 viro,

458 3457 654 3526 inquo
680 3459 898 3523 statuit,
948 3460 1109 3516 fidem
1162 3463 1416 3532 pra:bcus
1445 3467 1726 3533 omnibus,
1776 3473 2053 3529 suscitans

446 3562 573 3601 eum
606 3561 636 3600 a
687 3550 927 3605 mortuis
964 3566 977 3602 :
1017 3569 1036 3603 ι
1072 3559 1125 3606 et
1153 3553 1288 3607 nihil
1322 3552 1389 3608 de
1430 3574 1448 3605 ι
1486 3553 1664 3611 forma
1697 3558 1788 3613 Dei
1821 3578 1841 3611 ι
1879 3561 2050 3629 addit,

449 3656 630 3711 neque
659 3643 805 3713 quod
843 3661 860 3694 ι
896 3645 1126 3709 aequalis
1163 3663 1181 3697 ι
1241 3657 1386 3703 esset
1416 3647 1515 3714 illi,
1574 3666 1593 3699 ι
1630 3658 1684 3703 et
1709 3649 1753 3683 "
1791 3654 2053 3722 splendor

445 3733 632 3811 gloriae
679 3733 800 3805 ejus
833 3748 848 3788 :
886 3753 905 3786 ι
943 3744 998 3790 et
1049 3736 1271 3807 quidem
1302 3754 1583 3809 congrue;
1633 3741 1874 3797 nondum
1898 3745 2045 3801 enim

444 3837 564 3881 erat
590 3838 810 3897 tempus
844 3839 1216 3899 opportunum
1266 3831 1450 3887 verbis
1482 3833 1640 3901 istis;
1699 3835 1797 3890 sed
1824 3836 2045 3893 interim

444 3920 693 3975 contenti
718 3922 1165 3991 erantapostoli’,
1216 3923 1265 3979 si
1299 3925 1619 3980 crederetur
1646 3941 1809 3996 verus
1854 3928 2044 3996 homo,

445 4021 499 4067 et
536 4014 934 4091 resurrexisse,
974 4014 1328 4072 dissimulata
1376 4018 1648 4089 tantisper
1701 4021 1821 4091 ejus
1842 4019 2045 4079 divini-

444 4111 579 4161 tate.

522 4214 542 4248 ι
576 4196 645 4252 Et
670 4208 913 4269 tempora
965 4199 1212 4269 quidem.
1249 4218 1269 4252 ι
1321 4198 1443 4255 Non
1493 4201 1596 4256 hoc
1627 4203 1895 4274 ait,quod
1923 4207 2047 4261 nul-

2161 3379 2265 3468 δρα
2299 3384 2470 3438 αὑτὸν
2507 3381 2767 3451 ἐπικαλεῖ
2797 3389 2978 3461 μόνον,
3008 3390 3154 3446 οὕτω
3187 3392 3387 3462 λέγων·
3419 3414 3437 3449 ι
3468 3395 3560 3450 Ἐν
3601 3397 3764 3468 ἀνδρὶ

2159 3467 2205 3542 ᾧ
2238 3475 2437 3547 ὥρισε,
2463 3478 2651 3533 πίστιν
2684 3482 2988 3554 παρασχὼν
3016 3487 3203 3549 πᾶσιν,
3244 3487 3559 3560 ἀναστήσας
3593 3490 3763 3545 αὐτὸν

2160 3568 2225 3622 ἐκ
2253 3572 2484 3638 νεκρῶν·
2530 3589 2550 3622 ι
2599 3572 2697 3626 καὶ
2745 3573 2900 3628 οὐδὲν
2933 3578 3064 3647 περὶ
3133 3578 3234 3649 τῆς
3278 3578 3375 3633 τοῦ
3428 3579 3566 3635 Θεοῦ
3608 3582 3762 3652 λέγει

2163 3662 2402 3732 μορφῆς,
2449 3661 2575 3716 οὐδὲ
2614 3664 2699 3717 ὅτι
2774 3666 2889 3731 ἴσος
2938 3667 3111 3739 αὐτῷ,
3151 3670 3275 3724 οὐδὲ
3302 3673 3386 3726 ὅτι
3415 3672 3763 3745 ἀπαύγασμα

2157 3749 2255 3814 τῆς
2285 3751 2449 3824 δόξης
2480 3754 2673 3809 αὐτοῦ’
2717 3757 2970 3822 εἰκότως.
3028 3758 3198 3816 Οὔπω
3250 3763 3362 3835 γὰρ
3423 3765 3618 3837 καιρὸς
3647 3762 3781 3821 τῶν

2157 3843 2423 3915 ρημᾶτων
2476 3848 2685 3902 τούτων
2757 3845 2847 3922 ἦν.
2906 3852 3052 3905 Ἀλλ’
3095 3855 3384 3929 ἀγαπητὸν
3429 3850 3499 3928 ἢν
3558 3860 3763 3923 αὐτοὺς

2155 3939 2574 4010 παραδέξασθαι
2631 3942 2788 4010 τέως,
2841 3944 2923 3999 ὅτι
2978 3943 3277 4018 ἄνθρωπός
3338 3935 3479 4018 ἐστι,
3524 3949 3621 4002 καὶ
3673 3949 3762 4005 ὃτι

2158 4032 2384 4104 ἀνέστη,
2422 4034 2591 4091 αὐτοῦ
2625 4036 2726 4109 τὴν
2762 4037 2997 4109 θεότητα
3030 4038 3386 4113 ὲξεκάλυψεν.

2218 4234 2248 4267 ι
2277 4216 2416 4280 Τοὺς
2439 4219 2540 4289 μὲν
2568 4218 2662 4274 οῦν
2681 4221 2964 4293 χρόνους.»
2996 4223 3071 4276 Οὐ
3087 4211 3454 4295 τοῦτόφησιν,
3481 4227 3562 4281 ὅτι
3579 4224 3763 4292 οὐδεὶς

445 4289 534 4344 lus
566 4288 802 4344 istorum
843 4292 1127 4362 puniatur,
1167 4291 1262 4347 sed
1289 4294 1420 4363 quia
1459 4308 1623 4349 nemo
1674 4294 1918 4362 illorum,
1948 4297 2044 4368 qui

2159 4306 2448 4373 κολάζεται
2487 4288 2852 4381 τούτωνζάλγ
2876 4317 2956 4368 ὅτι
2975 4315 3153 4381 οὐδεὶς
3172 4288 3289 4370 τῶν⁷
3301 4288 3568 4372 θελόντων
3592 4288 3763 4391 pera;

451 4400 470 4433 ι
492 4383 1044 4456 pmnitentiamagere
1064 4405 1084 4437 ι
1112 4385 1366 4450 voluerit,
1387 4385 1701 4456 puniendus
1727 4387 1798 4442 sit
1824 4404 1838 4441 :
1867 4403 2047 4459 neque

2159 4400 2314 4455 νοεῖν.
2341 4402 2417 4454 Οὐ
2448 4404 2708 4474 περὶτῶν
2730 4405 3078 4461 ἀπελθόντων
3095 4409 3204 4479 γὰρ
3228 4408 3386 4463 τοῦτό
3409 4383 3605 4482 φησιν,
3623 4412 3765 4468 ἀλλὰ

443 4473 512 4528 de
534 4474 644 4530 illis
677 4474 770 4545 qui
792 4475 906 4545 jam
930 4476 1185 4532 obierant
1214 4476 1480 4549 loquitur,
1555 4478 1652 4532 sed
1679 4475 1747 4532 de
1778 4477 1889 4535 illis
1924 4480 2046 4551 qui-

2159 4491 2502 4563 περὶτούτων
2518 4473 2599 4561 οἷς
2622 4498 3010 4569 παραγγέλλει.
3027 4473 3142 4556 Οὐκ
3157 4473 3384 4559 ἀπαιτεί
3403 4473 3564 4573 λόγον
3586 4473 3760 4576 ῦμᾶς,

445 4568 551 4624 bus
579 4576 712 4624 tunc
744 4571 1099 4640 praedicabat.
1128 4569 1251 4625 Non
1313 4572 1516 4642 exiget,
1569 4570 1774 4641 inquit,
1822 4586 1854 4625 a
1884 4572 2044 4630 vobis

2159 4585 2451 4658 ρησὶ,περὶ
2473 4589 2585 4645 τῶν
2605 4568 2892 4663 προτέρων
2911 4592 3051 4648 ἐτῶν
3073 4595 3174 4665 τῆς
3194 4595 3416 4665 ἀγνοίας
3620 4568 3763 4653 ὀιᾶ

445 4661 722 4717 rationem
757 4662 826 4718 de
844 4663 1138 4732 praeteritis
1159 4663 1320 4735 281
1345 4663 1508 4719 anuis
1532 4683 1550 4716 ι
1580 4663 1917 4733 ignorantiae
1955 4681 2050 4723 vc-

2162 4674 2288 4732 εἷπε
2318 4681 2376 4735 δὲ
2406 4661 2690 4755 παρεῖδεν,
2743 4684 2828 4758 ἢ,
2877 4686 3065 4741 εἴασεν
3090 4661 3295 4754 (ἀλλά,
3334 4708 3357 4740 ι
3403 4661 3646 4762 περιεῖδε
3686 4694 3760 4725 “-

445 4768 594 4811 arma.
623 4775 641 4808 ι
671 4753 792 4811 Non
822 4757 962 4812 dixit
987 4770 1193 4826 autem,
1237 4757 1561 4825 contemnit,
1617 4755 1703 4812 vel
1757 4758 2047 4828 permittit,

445 4846 565 4909 sed,
594 4863 613 4898 ι
639 4847 975 4917 dissimulat,
1008 4867 1027 4900 ι
1075 4850 1181 4904 hoc
1202 4857 1313 4917 est,
1342 4863 1452 4904 non
1483 4845 1659 4919 punit,
1692 4851 2049 4918 quantumvis

450 4938 736 5007 punitione
768 4937 985 5010 dignos.

1013 5032 1245 5090 CAPUT
1281 5034 1498 5094 XXVII.

2159 4774 2462 4842 τουτέστιν,
2495 4776 2596 4831 οὐκ
2623 4778 2848 4835 ἀπαιτεί
2879 4779 3125 4839 κόλασιν.
3155 4778 3349 4835 ὥσπερ
3373 4780 3557 4846 ἀξίους
3593 4782 3760 4840 δντας

2158 4868 2456 4931 κολάσεως.

2743 5051 2997 5108 ΚΕΦΑΔ.
3032 5052 3160 5107 KZ'.

445 5124 525 5180 De
546 5123 741 5194 Aquila
789 5136 837 5181 et
873 5126 1154 5193 Priscilla,
1218 5129 1383 5201 deque
1431 5129 1831 5191 Corinthiorum
1880 5136 2051 5194 incre-

2159 5141 2294 5210 Περὶ
2322 5142 2545 5199 ’Δκύλα
2583 5144 2685 5200 καί
2733 5145 3135 5215 aparlequ
3178 5142 3291 5216 τῆς
3329 5163 3397 5201 τε
3423 5148 3763 5218 Κορινθίων

516 5219 744 5275 dulitate
769 5236 832 5274 ac
859 5222 921 5275 de
944 5221 1274 5291 beneplacito
1316 5223 1415 5278 Dei
1447 5227 1736 5282 secundum
1761 5231 2051 5310 prascien-

2226 5232 2539 5301 ἀπειθείας
2595 5238 2697 5291 καὶ
2753 5236 2868 5309 τῆς
2895 5237 3049 5293 κατὰ
3084 5239 3436 5310 πρόγνωσιν
3452 5241 3523 5296 ἐν
3545 5241 3763 5309 αὐτοῖς

516 5315 651 5367 ιίωη
678 5330 803 5385 erga
829 5314 977 5381 illos,
1027 5317 1170 5386 quod
1214 5318 1504 5374 revelatum
1543 5330 1623 5375 est
1665 5306 1866 5380 Paulo.
1912 5323 2051 5380 Item

2226 5325 2514 5394 εὐδοκίας
2530 5328 2639 5385 τοῦ
2656 5331 2808 5386 Θεοῦ
2817 5306 3374 5402 ἀποκαλυφθείσης
3387 5333 3471 5401 τῷ
3496 5306 3757 5401 [lauatth

514 5407 580 5459 de
620 5404 806 5477 Crispo
860 5408 1305 5480 archisynagogo,
1358 5410 1452 5479 qui
1494 5411 1724 5467 credidit
1765 5430 1887 5469 cum
1930 5417 2051 5470 alii:

2227 5419 2300 5473 ἐν
2347 5413 2397 5488 ᾧ
2436 5421 2576 5493 περὶ
2610 5424 2887 5494 Κρίσπον
2916 5424 3454 5498 ἀρχισυναγώγου,
3506 5427 3763 5483 πιστεύ-

518 5585 584 5619 ’ν
607 5586 731 5641 Act.
759 5604 856 5654 vn,
890 5588 982 5645 48.
1080 5591 1123 5623 ⁷⁷
1164 5591 1314 5650 Psal.
1345 5607 1493 5662 χιιι,
1527 5595 1621 5652 25.
1699 5595 1746 5628 "
1779 5595 1982 5669 Ephes.
2016 5616 2051 5670 ι,

2159 5642 2174 5659 .
2255 5602 2301 5636 ⁷³
2327 5601 2495 5661 Hebr.
2538 5620 2579 5673 ι,
2610 5606 2667 5663 ‘5.

1672 5734 1873 5799 Variae
1902 5737 2217 5804 lectiones
2263 5749 2326 5803 et
2369 5749 2562 5807 notia.

523 5846 569 5881 ”
600 5847 767 5922 Μαι-ε.
797 5850 893 5904 τοῦ
928 5853 1322 5927 Χρυσοστόμου
1349 5855 1414 5911 ἐκ
1446 5856 1541 5913 τοῦ
1574 5859 1719 5916 κατὰ
1748 5859 2027 5935 Ἰωάννην.
2104 5865 2153 5900 ⁸⁹
2188 5868 2464 5939 ὑπερεῖδε.
