4082 6416
391 346 517 408 1001

960 339 1496 401 EXPOSITIONIS
1534 339 1614 399 IN
1654 339 1842 399 ACTA
1881 337 2181 400 TEXTUS
2221 338 2488 397 ALTER.
2525 363 2588 373 --
2631 339 2786 397 CAP.
2833 341 3055 399 XVIII.

3485 343 3619 407 1002

455 471 677 518 σαντες
728 455 848 506 σὺν
887 452 1111 521 ἑτέροις
1133 453 1275 516 τισὶ,
1313 453 1407 506 καὶ
1453 453 1896 519 βαπτισθέντος
1930 495 1945 519 ,

2113 456 2457 525 quibusdam,
2499 465 2546 508 et
2581 455 2876 521 baptizatus
2926 466 3050 512 est:
3090 474 3150 511 ac
3191 459 3448 527 quomodo
3489 462 3624 514 sedi-

456 541 727 606 στάσεως
779 541 1129 610 κινηθείσης
1183 543 1254 595 ἐν
1307 543 1590 608 Κορίνθῳ,
1634 545 1665 594 ὀ
1715 543 1955 608 Παῦλος

456 632 882 701 ὑπεχώρησεν·
929 632 1122 687 ἐλθὼν
1171 632 1239 686 δὲ
1291 635 1378 699 εις
1413 633 1681 700 νΕφεσον
1711 633 1807 687 καὶ
1833 633 1956 687 δια-

454 726 692 794 λεχθεὶς
721 724 999 793 ἐξῆλθεν.

981 817 1363 871 ΚΕΙΜΕΝΟΝ.

457 909 613 964 Μετὰ
646 909 705 962 δὲ
728 908 902 962 ταῦτα
928 909 1219 979 χωρισθεὶς
1249 910 1277 961 ὁ
1300 908 1510 972 Παῦλος
1542 910 1606 963 ἐκ
1645 910 1752 962 τῶν
1797 910 1960 980 Ἀθη-

2132 545 2270 599 tione
2303 557 2418 600 orta
2462 545 2731 608 Corinthi,
2767 545 2963 602 Paulus
2998 550 3290 612 secesserit,
3338 551 3626 619 abici-itque

2141 639 2435 708 Ephesum;
2481 640 2724 707 indeque,
2770 651 3047 709 postquam
3086 658 3375 695 sermonem
3425 642 3631 705 habuit,

2131 735 2337 787 exierit.

2697 826 2994 882 TEXTUS.

2136 914 2323 980 XVIII,
2357 916 2502 969 l-‘ZI.
2526 916 2654 970 Post
2687 919 2797 971 haec
2821 933 3070 988 egressus
3101 919 3168 972 ab
3206 918 3454 982 Athenis,
3492 919 3635 971 venit

385 995 695 1070 νῶν,ἧλθεν
727 999 806 1061 εἰς
858 998 1155 1068 Κόρινθονο
1204 1001 1298 1052 καὶ
1329 999 1507 1070 εὑρών
1537 1017 1660 1053 τινα
1713 1001 1959 1055 Ἰουδαῖον

2066 1007 2401 1063 Corinthum.
2430 1009 2495 1063 Et
2528 1009 2809 1066 inveniens
2840 1010 3126 1079 quemdam
3150 1010 3396 1066 Judaeum
3419 1013 3637 1065 nomine

385 1091 611 1160 ὀνόματι
647 1089 870 1156 Ἀκύλα,
895 1089 1154 1144 Ποντικὸν
1171 1090 1250 1160 τῷ
1279 1091 1448 1159 γένει,
1475 1091 1806 1161 προσφάτως
1836 1092 1965 1162 ἐλη-

386 1182 586 1236 λυθότα
615 1183 722 1235 ἀπὸ
772 1182 870 1252 τῆς
910 1181 1160 1246 Ἰταλίας,
1202 1183 1297 1234 καὶ
1355 1181 1688 1254 Πρίσκιλλαν
1724 1186 1961 1250 γυναῖκα

385 1273 552 1326 αὑτοῦ
578 1273 687 1342 (διὰ
709 1273 770 1326 τὸ
795 1273 1139 1344 διατετάχθαι
1166 1273 1431 1327 Κλαύδιον
1455 1273 1792 1344 χωρισθῆναι
1820 1275 1956 1328 πάν-

385 1384 486 1427 τας
517 1367 644 1427 τοὺς
683 1366 968 1428 Ἰουδαίους
991 1368 1058 1420 ὲκ
1094 1367 1191 1435 τῆς
1226 1367 1488 1436 Ῥώμης),
1521 1368 1825 1437 προσῆλθεν
1861 1371 1959 1422 αύ-

387 1456 500 1519 τοῖς
521 1470 534 1484 ⁶
565 1455 660 1508 καὶ
685 1454 852 1508 διὰτὸ
872 1456 1161 1525 ὁμότεχνον
1190 1452 1352 1519 εἶναι,
1385 1455 1566 1527 ἔμεινε
1597 1457 1726 1526 παρ’
1753 1458 1958 1521 αὐτοῖς,

388 1549 484 1598 καὶ
524 1544 845 1615 είργάζετοο
881 1541 1019 1617 ἦσαν
1069 1547 1178 1616 γὰρ
1230 1547 1544 1614 σκηνοποιοὶ
1591 1547 1690 1616 τὴν
1744 1547 1960 1616 τέχνην.

389 1637 672 1704 Διελέγετο
697 1637 754 1690 δὲ
784 1638 841 1689 ὲν
880 1642 944 1707 τῇ
987 1640 1276 1708 συναγωγῇ
1307 1637 1446 1691 κατά
1508 1640 1615 1690 πᾶν
1662 1639 1959 1702 Σάϐϐατον,

389 1728 574 1782 ἔπειθέ
595 1746 655 1782 τε
694 1728 979 1792 Ἰουδαίους
1028 1729 1124 1781 καὶ
1153 1728 1441 1797 Ἕλληνας.
1483 1730 1576 1791 Ὣς
1612 1729 1668 1782 δὲ
1695 1729 1962 1797 κατῆλθον

390 1821 501 1873 ἀπὸ
524 1820 620 1888 τῆς
664 1819 1026 1884 Μακεδονίας,
1077 1821 1105 1873 ὃ
1151 1837 1210 1872 τε
1256 1818 1418 1882 Σίλας
1450 1821 1543 1872 καὶ
1593 1821 1622 1872 ὁ
1675 1820 1958 1890 Τιμόθεος,

391 1911 672 1980 συνείχετο
693 1911 772 1980 τῷ
803 1910 941 1964 Πνεύ
952 1928 1083 1980 ματι
1106 1913 1134 1963 ὁ
1167 1909 1400 1973 Παῦλος,
1423 1911 1962 1981 διαμαρτυρούμενος

389 2008 501 2066 τοῖς
542 2000 818 2065 Ἰουδαίοις
841 1997 984 2054 εἶναι
1025 2002 1116 2054 τὸν
1147 2001 1382 2072 Χριστὸν
1414 2001 1644 2071 Ἰησοῦν.
1689 2002 1963 2056 Ἀντιτασ-

392 2095 638 2165 σομένων
671 2093 728 2146 δὲ
769 2091 948 2147 αὐτῶν
975 2093 1071 2146 καὶ
1117 2091 1602 2162 βλασφημούντων,
1657 2092 1963 2157 ἐκτειναξά-

396 2203 554 2255 μενος
583 2185 649 2237 τά
675 2185 864 2254 ἱμάτια
891 2183 1079 2249 αὐτοῦ,
1106 2179 1226 2236 εἷπε
1250 2183 1385 2254 πρὸς
1408 2182 1604 2246 αὐτούς
1625 2198 1640 2214 ·
1700 2182 1774 2235 Τὸ
1825 2177 1963 2252 αἷμα

392 2277 548 2348 ὑμῶν
581 2275 676 2329 ἐπὶ
704 2276 802 2347 τὴν
828 2273 1070 2346 κεφαλὴν
1131 2274 1284 2344 ὑμῶν
1304 2291 1316 2303 '
1375 2274 1615 2345 καθαρὸς
1659 2277 1768 2345 ἐγώ
1791 2293 1805 2308 ⁸
1855 2279 1962 2331 ἀπὸ

389 2369 484 2422 τοῦ
526 2368 620 2421 νῦν
690 2371 770 2429 εἰς
816 2368 884 2422 τὰ
941 2366 1066 2438 ἔθνη
1121 2365 1478 2436 πορεύσομαι.
1550 2367 1660 2420 Καὶ
1721 2368 1960 2436 μεταϐὰς

390 2461 621 2525 ἐκεῖθεν,
671 2459 922 2528 εἰσῆλθεν
967 2459 1047 2521 είς
1093 2457 1272 2511 οἰκίαν
1327 2457 1472 2521 τινος
1521 2458 1744 2527 ὀνόματι
1799 2459 1958 2512 Τίτου

406 2554 637 2607 Ἰούστου
676 2551 967 2624 σεϐομένου
998 2551 1090 2604 τὸν
1127 2550 1282 2615 Θεὸν,
1311 2543 1373 2605 οὗ
1405 2554 1437 2620 ἡ
1461 2551 1608 2604 οἰκία
1631 2546 1699 2621 ἦν
1732 2568 1961 2622 συνομο-

395 2646 562 2716 ροῦσα
595 2647 661 2716 τῇ
711 2645 1022 2713 συναγωγῇ.
1066 2643 1308 2713 Κρίσπος
1355 2642 1471 2696 δὲὸ
1515 2643 1961 2713 ἀρχισυνάγωγος

389 2738 680 2790 ἐπίστευσε
734 2735 813 2806 τῷ
863 2737 1050 2806 Κυρίῳ
1109 2733 1206 2788 σὺν
1244 2736 1350 2804 ὅλῳ
1383 2733 1460 2803 τῷ
1487 2733 1623 2803 οἴκῳ
1649 2733 1838 2799 αὐτοῦ,
1870 2737 1962 2788 καὶ

389 2825 576 2878 πολλοὶ
625 2824 732 2877 τῶν
791 2822 1096 2894 Κορινθίων
1157 2822 1491 2885 ἀκούσαντες
1542 2823 1827 2876 ἐπίστευον
1871 2826 1962 2877 καὶ

389 2914 767 2978 ἐϐαπτίζοντο.
793 2907 933 2966 Eine
959 2912 1014 2965 δὲ
1047 2914 1076 2965 ὁ
1097 2911 1299 2983 Κύριος
1329 2914 1385 2964 ὲν
1418 2912 1573 2964 νυκτὶ
1599 2911 1665 2965 δι’
1687 2913 1963 2982 ὁράματος

389 3009 470 3077 τῷ
507 3007 702 3076 Παύλῳ
724 3024 738 3036 ·
787 3005 880 3072 Μὴ
911 3004 1099 3073 φοϐοῦ,
1131 3003 1268 3058 ἀλλά
1323 3003 1494 3068 λάλει,
1526 3008 1620 3057 καὶ
1647 3005 1721 3076 μὴ
1753 3005 1962 3075 σιωπή-

2061 1098 2334 1166 Aquilam,
2365 1099 2877 1170 Ponticumgenere,
2908 1101 3187 1171 quinuper
3207 1105 3516 1158 venerata!»
3536 1102 3638 1156 ltu-

2063 1189 2154 1255 Iia,
2189 1198 2242 1244 et
2269 1188 2572 1244 Priscillam
2593 1207 2816 1245 uxorem
2843 1191 2961 1260 ejus
3005 1192 3090 1263 (eo
3113 1194 3256 1261 quod
3291 1195 3637 1262 prmeepi~sct

2062 1282 2327 1336 Claudius
2361 1283 2643 1338 discedere
2670 1298 2858 1338 omnes
2887 1282 3106 1340 Judzeos
3137 1301 3166 1339 a
3199 1284 3415 1356 Roma),
3445 1301 3634 1340 acces-

2063 1371 2132 1426 sit
2159 1372 2223 1424 ad
2260 1385 2377 1426 eos.
2440 1372 2502 1424 Et
2550 1377 2676 1442 quia
2725 1372 2966 1442 ejusdem
3011 1383 3129 1428 erat
3177 1375 3334 1438 artis,
3383 1376 3634 1429 manebat

2063 1462 2204 1532 apud
2243 1478 2337 1518 eos
2376 1475 2428 1518 et
2458 1465 2788 1534 cperabatur
2820 1464 2998 1534 (erant
3050 1475 3231 1520 autem
3287 1467 3632 1522 scenofacto-

2065 1556 2159 1610 riae
2189 1555 2371 1628 artis).
2424 1558 2488 1612 Et
2536 1557 2851 1628 disputabat
2899 1563 2950 1613 in
2995 1575 3267 1631 synagoga
3333 1577 3429 1630 per
3473 1577 3633 1617 omne

2065 1645 2388 1712 Sabbatum,
2427 1648 2781 1717 interponens
2835 1664 3028 1704 nomen
3060 1648 3273 1704 Domini
3317 1651 3466 1714 Jesu,
3505 1668 3634 1706 sua-

2063 1737 2334 1808 debatque
2376 1737 2581 1795 Judzeis
2623 1748 2677 1795 et
2721 1739 2949 1796 Grzecis.
2979 1742 3112 1796 Cum
3147 1742 3425 1798 venissent
3455 1751 3632 1799 autem

2064 1829 2130 1884 de
2157 1828 2473 1885 Macedonia
2521 1831 2664 1884 Silas
2707 1841 2761 1884 et
2812 1832 3150 1897 Timotheus,
3189 1833 3427 1889 instabat
3470 1834 3634 1889 verbo

2065 1921 2286 1988 Paulus,
2331 1922 2629 1977 testiﬁcaris
2676 1921 2880 1977 Judazis
2925 1938 3048 1978 esse
3096 1922 3373 1979 Christum
3425 1923 3630 1980 Jesum.

2064 2012 2575 2068 Contradicentibus
2618 2022 2796 2067 autem
2844 2013 2925 2069 eis
2979 2023 3034 2068 et
3102 2013 3631 2084 blasphemantibus,

2063 2107 2346 2161 excutiens
2396 2105 2723 2161 vestimenta
2774 2120 2893 2169 sua,
2927 2105 3066 2160 dixit
3104 2106 3168 2160 ad
3207 2120 3348 2163 eos:
3398 2105 3633 2180 Sanguis

2065 2204 2247 2250 vester
2281 2210 2446 2265 super
2476 2205 2640 2267 caput
2669 2203 2911 2251 vestrum
2939 2211 2953 2248 :
3000 2193 3237 2250 mundus
3270 2212 3392 2268 ego,
3424 2213 3492 2254 ex
3530 2200 3631 2254 hoc

2064 2283 2130 2338 ad
2155 2293 2345 2354 gentes
2378 2285 2594 2338 vadam.
2627 2284 2689 2338 Et
2722 2285 2962 2356 migrans
2990 2283 3140 2351 inde,
3173 2284 3396 2340 intravit
3437 2286 3492 2341 in
3534 2287 3633 2343 do-

2066 2393 2212 2431 mum
2249 2377 2557 2446 cujusdam,
2592 2378 2810 2433 nomine
2833 2375 2942 2431 Titi
2971 2375 3136 2441 Justi,
3174 2377 3403 2432 colentis
3439 2377 3630 2441 Deum,

2063 2470 2219 2540 cujus
2267 2470 2462 2526 domus
2507 2479 2627 2526 erat
2680 2469 2970 2541 conjuncta
3023 2483 3334 2541 synagogas.
3395 2469 3624 2540 Crispus

2067 2570 2246 2617 autem
2289 2562 2759 2634 archisynagogus
2792 2561 3026 2617 credidit
3066 2560 3294 2617 Domino
3329 2577 3450 2618 cum
3484 2563 3633 2618 omni

2065 2652 2228 2707 domo
2268 2667 2367 2708 sua
2402 2667 2418 2706 :
2448 2661 2501 2707 et
2533 2652 2688 2706 multi
2725 2650 3130 2707 Corinthiorum
3184 2651 3471 2707 audientes
3515 2666 3634 2706 cre-

2066 2743 2264 2798 debant
2317 2753 2370 2799 et
2424 2744 2861 2814 baptizabantur.
2922 2743 3068 2797 Dixit
3132 2752 3314 2798 antem
3368 2743 3632 2799 Dominus

2068 2843 2226 2890 nocte
2273 2851 2370 2905 per
2418 2835 2682 2890 visionem
2727 2833 2942 2890 Paulo:
2995 2833 3116 2890 Noli
3166 2834 3380 2898 timere,
3417 2835 3513 2890 sed
3556 2835 3636 2888 lo-

2065 2939 2254 2994 quare,
2305 2934 2360 2979 ct
2408 2940 2475 2979 ne
2505 2935 2736 2980 taceas:
2789 2933 3012 2995 propter
3040 2923 3186 2994 quod
3237 2939 3337 2994 ego
3384 2940 3503 2980 sum
3554 2935 3633 2979 te-

2067 3031 2190 3071 cum
2227 3034 2240 3068 :
2271 3025 2325 3072 et
2372 3031 2531 3071 nemo
2575 3025 2869 3087 apponetur
2910 3015 3006 3070 tibi
3051 3025 3110 3071 ut
3141 3025 3340 3071 noceat
3365 3024 3419 3072 te
3447 3031 3463 3070 :
3495 3033 3629 3086 quo-

395 3116 515 3173 σῃς,
545 3100 678 3154 διότι
708 3098 818 3167 ἐγώ
841 3101 956 3168 είμι
994 3097 1131 3166 μετά
1152 3096 1268 3160 σοῦ,
1303 3097 1396 3150 καὶ
1429 3096 1601 3160 οὐδεὶς
1641 3097 1958 3163 ἐπιθήσεταί

2066 3109 2208 3162 niam
2266 3107 2498 3177 papulus
2550 3118 2634 3163 est
2690 3108 2816 3161 mihi
2870 3107 3074 3162 multus
3127 3107 3183 3161 in
3224 3107 3327 3162 hac
3385 3109 3627 3165 civitate.

393 3210 476 3252 σοι
505 3191 598 3244 τοῦ
648 3189 896 3244 κακῶσαί
930 3205 989 3240 σε
1013 3204 1026 3219 ·
1066 3187 1200 3240 διότι
1251 3186 1379 3251 λαὸς
1425 3187 1540 3240 ἔστι
1573 3204 1664 3256 μοι
1705 3188 1870 3250 πολὺς
1903 3190 1962 3240 ἐν

391 3287 458 3352 τῇ
490 3283 642 3335 πόλει
666 3281 860 3354 ταύτῃ.
906 3279 1157 3335 Ἐκάθισέ
1194 3296 1253 3332 τε
1277 3279 1520 3332 ἐνιαυτὸν
1547 3279 1641 3332 καὶ
1681 3279 1856 3350 μῆνας
1880 3279 1960 3344 ἒξ,

391 3380 659 3433 διδάσκων
706 3381 764 3431 έν
803 3378 986 3441 αὐτοῖς
1015 3375 1108 3428 τὸν
1137 3375 1294 3442 λόγον
1329 3373 1423 3426 τοῦ
1459 3373 1616 3430 Θεοῦ.
1663 3372 1962 3434 Γαλλίωνος

392 3469 861 3532 ἀνθυπατεύοντος
886 3469 985 3536 τῆς
1028 3465 1272 3535 Ἀχαΐας,
1319 3464 1738 3534 κατεπέστησαν
1764 3463 1963 3534 ὁμοθυ-

396 3561 564 3631 μαδὸν
597 3561 648 3613 οἱ
680 3555 1029 3626 Ἰουδαῖοιτῷ
1059 3556 1276 3624 Παύλῳ,
1313 3555 1404 3609 καὶ
1437 3556 1644 3625 ἤγαγον
1678 3555 1840 3609 αὐτὸν
1869 3555 1964 3608 ἐπὶ

391 3652 454 3703 τὸ
521 3650 689 3720 βῆμα,
753 3650 1024 3716 λέγοντες,
1058 3648 1142 3701 ὅτι
1178 3646 1334 3716 Παρά
1364 3646 1455 3698 τὸν
1484 3645 1647 3715 νόμον
1676 3648 1962 3702 ἀναπείθει

392 3736 550 3804 οὗτος
570 3743 698 3804 τοὺς
726 3739 1048 3809 ἀνθρώπους
1073 3737 1328 3791 σέϐεσθαι
1362 3737 1454 3790 τὸν
1484 3737 1639 3791 Θεόν.
1660 3738 1964 3802 Μέλλοντος

394 3835 452 3887 δὲ
483 3832 573 3887 τοῦ
613 3833 824 3886 Παύλου
849 3830 1084 3898 ἀνοίγειν
1144 3828 1206 3881 τὸ
1253 3830 1449 3897 στόμα,
1488 3823 1640 3880 εἶπεν
1671 3831 1698 3880 ὁ
1726 3829 1963 3881 Γαλλίων

397 3925 532 3994 πρὸς
558 3924 682 3986 τοὺς
713 3921 1028 3983 Ἰουδαίουςο
1055 3920 1118 3974 Εἰ
1177 3918 1275 3989 μὲν
1314 3915 1382 3990 ἦν
1419 3917 1662 3989 ἀδίκημά
1690 3935 1765 3982 τι,
1800 3918 1829 3988 ἢ
1868 3921 1964 3989 ρᾳ-

394 4014 704 4082 διούργημα
759 4009 1017 4080 πονηρδν,
1071 4003 1117 4064 ὦ
1180 4009 1448 4075 Ἰουδαῖοι,
1507 4009 1649 4062 κατά
1703 4009 1860 4077 λόγον
1897 4009 1964 4062 ἂν

395 4104 708 4174 ἠνεσχόμην
761 4101 949 4170 ὑμῶν’
999 4101 1134 4153 εἰδὲ
1183 4099 1406 4172 ζήτημά
1448 4101 1564 4154 ἐστι
1614 4100 1742 4169 περὶ
1776 4101 1961 4168 λόγου,

399 4195 493 4247 καὶ
526 4193 826 4260 ὀνομάτων,
857 4191 950 4244 καὶ
982 4190 1147 4261 νόμου
1175 4192 1268 4243 τοῦ
1297 4191 1418 4245 καθ’
1449 4192 1616 4262 ὑμᾶς,
1648 4190 1831 4260 ὄψεσθ’
1865 4194 1964 4245 αύ-

396 4287 478 4339 τοξ
500 4306 514 4318 δ
541 4287 732 4357 κριτὴς
760 4288 868 4356 γὰρ
898 4285 1008 4353 ἐγὼ
1040 4284 1246 4338 τούτων
1267 4285 1328 4337 ού
1364 4285 1626 4356 βούλομαι
1657 4281 1822 4339 εἶναι.
1853 4286 1965 4339 Καὶ

397 4378 679 4446 ἀπήλασεν
706 4376 904 4439 αὐτοὺς
941 4377 1048 4430 ἀπὸ
1097 4375 1192 4429 τοῦ
1245 4375 1504 4446 βήματος.
1553 4376 1964 4446 Ἐπιλαϐὀμενοι

2067 3199 2214 3254 Sedit
2243 3208 2426 3254 autem
2453 3199 2522 3253 ibi
2547 3213 2748 3254 annum
2777 3209 2830 3255 et
2859 3213 2954 3254 sex
2993 3213 3230 3264 menses,
3257 3199 3460 3256 docens
3488 3203 3628 3271 apud

2063 3305 2158 3345 cos
2188 3289 2408 3344 verbum
2433 3287 2549 3344 Dei.
2566 3288 2814 3344 Gallione
2836 3296 3015 3343 autem
3047 3290 3373 3357 proconsule
3392 3289 3632 3358 Achaia,

2067 3380 2480 3434 insurrexerunt
2510 3392 2618 3432 uno
2657 3378 2840 3432 animo
2866 3374 3041 3432 Judaei
3088 3377 3144 3433 in
3183 3376 3413 3434 Paulum
3460 3390 3515 3436 et
3539 3383 3634 3436 ad-

2064 3468 2340 3524 duxerunt
2363 3485 2486 3523 eum
2519 3469 2584 3522 ad
2634 3467 2900 3531 tribunal,
2946 3469 3234 3524 dicentes:
3271 3470 3399 3540 quia
3426 3469 3631 3525 Contra

2067 3559 2237 3631 legem
2269 3561 2358 3615 hic
2387 3558 2683 3630 persuadet
2705 3559 3020 3616 hominibus
3047 3560 3227 3615 colere
3270 3559 3462 3616 Deum.
3493 3562 3634 3617 [nci-

2068 3647 2246 3714 piente
2275 3656 2452 3701 autem
2479 3645 2649 3700 Paulo
2680 3647 2893 3715 aperire
2921 3661 3008 3712 os,
3036 3646 3177 3701 dixit
3209 3647 3388 3704 Gallio
3429 3651 3495 3704 ad
3534 3649 3632 3705 Ju-

2065 3737 2210 3791 dzeos
2247 3754 2260 3788 :
2295 3735 2349 3788 Si
2383 3733 2602 3805 quidem
2637 3743 2783 3789 esset
2809 3735 3053 3804 iniquum
3102 3737 3328 3805 aliquid,
3360 3745 3455 3791 aut
3501 3739 3634 3793 faci-

2064 3842 2170 3881 nus
2193 3825 2511 3894 pessimum,
2547 3839 2578 3878 o
2611 3826 2708 3879 viri
2737 3824 2931 3892 Judaei,
2965 3835 3113 3882 recte
3151 3842 3245 3884 vos
3275 3831 3628 3888 sustinerem.

2066 3917 2123 3970 Si
2153 3930 2280 3970 vero
2307 3916 2634 3985 qmestiones
2661 3923 2790 3971 sunt
2834 3914 2904 3971 de
2947 3916 3113 3973 verbo
3143 3925 3196 3971 et
3231 3918 3545 3975 nominibus
3577 3933 3632 3975 et

2066 4008 2183 4076 lege
2200 4013 2397 4067 vestra,
2424 4021 2519 4061 vos
2543 4006 2643 4075 ipsi
2663 4005 2929 4062 videritis.
2948 4005 3119 4061 Judcx
3145 4022 3244 4077 ego
3262 4008 3452 4063 horum
3467 4011 3630 4081 232

2066 4098 2192 4154 nolo
2239 4112 2379 4152 esse.
2427 4096 2490 4150 Et
2529 4099 2754 4153 minavit
2785 4113 2883 4154 eos
2911 4113 2940 4151 a
2987 4099 3274 4155 tribunali.
3309 4101 3630 4171 Apprehen-

2066 4187 2258 4242 dentes
2288 4194 2466 4240 autem
2512 4201 2704 4242 omnes
2751 4185 3075 4243 Sosthenem
3128 4189 3427 4260 principem
3474 4207 3634 4262 syna-

2067 4291 2233 4349 εοεαε,
2265 4277 2645 4345 percutiebant
2671 4292 2793 4332 eum
2822 4287 2948 4333 ante
2975 4279 3223 4342 tribunal
3248 4295 3266 4346 ;
3291 4289 3344 4336 et
3374 4282 3510 4337 nihil
3539 4298 3633 4338 eo-

2068 4384 2186 4423 rum
2225 4367 2458 4422 Gallioni
2506 4383 2650 4423 cura:
2699 4378 2839 4424 erat.
2890 4368 3090 4426 Paulus
3119 4387 3246 4448 vero
3292 4388 3415 4427 cum
3459 4375 3636 4432 adhuc

397 4471 454 4523 δὲ
482 4471 683 4532 πάντες
705 4469 756 4521 οἱ
773 4467 1032 4538 ’Έλληνες
1061 4467 1344 4536 Σωσθένην
1370 4467 1461 4520 τὸν
1491 4468 1962 4537 ἀρχισυνάγωγον,

2071 4461 2426 4521 sustinuisset
2454 4459 2571 4528 dies
2599 4461 2820 4526 multos,
2855 4461 3116 4518 fratribus
3144 4465 3491 4531 valefaciens,
3535 4483 3632 4522 na-

399 4563 627 4614 έτυπτον
652 4559 959 4631 ἔμπροσθεν
986 4559 1080 4612 τοῦ
1131 4560 1404 4629 βήματος’
1453 4561 1547 4611 καὶ
1579 4557 1732 4611 οὐδὲν
1761 4557 1964 4610 τούτων

397 4652 478 4723 τῷ
510 4653 772 4706 Γαλλίωνι
805 4651 1048 4721 ἔμελλεν.
1084 4651 1143 4702 '0
1173 4651 1228 4702 δὲ
1259 4647 1489 4716 Παῦλος,
1518 4648 1598 4702 ἔτι
1628 4648 1965 4718 προσμείνας

399 4743 610 4811 ἡμέρας
641 4741 854 4806 ἱκανὰς,
882 4743 995 4803 τοῖς
1017 4740 1263 4808 ἀδελφοῖς
1289 4738 1724 4807 ἀποταξάμενος,
1751 4735 1965 4800 ἐξέπλει

398 4835 478 4895 εἰς
511 4832 607 4902 τὴν
625 4832 845 4903 Συρίαν,
873 4831 968 4884 καὶ
999 4830 1092 4884 σὺν
1117 4828 1266 4897 αὐτῷ
1315 4827 1636 4899 Πρίσκιλλα,
1669 4826 1764 4877 καὶ
1809 4823 1968 4876 Ἀκύ-

397 4924 514 4985 λας,
539 4924 863 4990 κειράμενος
887 4923 944 4972 ὲν
969 4922 1274 4990 Κεγχρεαῖς
1295 4919 1394 4988 τὴν
1419 4917 1658 4986 κεφαλήν
1680 4932 1692 4945 ·
1725 4910 1837 4985 εἶχε
1858 4913 1966 4984 γὰρ

397 5011 583 5081 εὐχήν.
623 5003 946 5080 Κατήντησε
971 5010 1026 5063 δὲ
1053 5013 1136 5071 εἰς
1167 5009 1422 5078 Ἔφεσον,
1446 5007 1732 5068 κάκείνους
1753 5004 1968 5059 κατέλι-

398 5118 500 5156 πεν
526 5102 714 5156 αὐτοῦ.
751 5101 923 5163 Αὐτὸς
959 5101 1016 5153 δὲ
1077 5098 1337 5154 εἰσελθὼν
1368 5101 1448 5162 είς
1491 5099 1590 5165 τὴν
1638 5098 1965 5165 συναγωγὴν

396 5193 665 5258 διελέξατο
714 5197 825 5256 τοῖς
851 5192 1149 5255 Ἰουδαίοις.
1205 5189 1562 5261 Ἐρωτὼντων
1596 5189 1653 5241 δὲ
1683 5188 1847 5241 αὐτὸν
1873 5187 1967 5238 ἐπὶ

2072 4550 2272 4620 vigavit
2315 4551 2366 4603 in
2409 4548 2618 4621 Syriam
2671 4552 2899 4619 (etcum
2930 4568 2994 4606 eo
3044 4553 3289 4609 Priscilla
3320 4564 3372 4610 et
3392 4556 3631 4627 Aquila),

2072 4643 2163 4712 qui
2222 4643 2320 4696 sibi
2373 4642 2679 4697 tetenderat
2737 4644 2791 4696 in
2845 4643 3107 4700 Cenchris
3151 4657 3351 4716 caput:
3402 4647 3637 4704 habebat

2073 4736 2216 4788 enim
2245 4742 2450 4789 votum.
2482 4735 2811 4805 Devenitquc
2834 4737 3131 4806 Ephesum,
3175 4747 3228 4792 et
3260 4738 3331 4793 ibi
3364 4739 3484 4796 illos
3509 4741 3636 4795 reli-

2072 4825 2208 4892 quit.
2269 4827 2389 4894 Ipse
2437 4841 2562 4879 vero
2591 4827 2873 4896 ingressus
2920 4842 3249 4898 synagogam
3273 4869 3290 4896 ,
3321 4830 3632 4900 disputabat

2072 4931 2195 4968 cum
2251 4915 2469 4971 Judais.
2539 4916 2876 4986 negantibus
2925 4927 3108 4973 autem
3157 4921 3238 4975 eis
3281 4929 3340 4974 ut
3385 4922 3634 4992 ampliori

2070 5014 2316 5077 tempore
2363 5017 2625 5074 maneret,
2677 5025 2781 5062 non
2810 5011 3123 5077 consensit;
3159 5010 3255 5066 sed
3308 5013 3638 5069 valefaciens

2069 5109 2122 5152 et
2156 5101 2386 5154 dicens:
2438 5099 2637 5154 lterum
2690 5109 2932 5155 revertar
2981 5102 3047 5155 ad
3101 5118 3216 5167 vos,
3254 5101 3362 5158 Dco
3400 5085 3634 5171 volente,

2072 5189 2348 5257 profectus
2373 5200 2454 5246 est
2486 5191 2554 5245 ab
2575 5189 2809 5259 Epheso.

399 5289 616 5342 πλείονα
638 5289 828 5360 χρόνον
862 5289 1041 5357 μεῖναι
1078 5287 1206 5358 παρ’
1247 5287 1453 5351 αὐτοῖς,
1486 5287 1586 5340 οὐκ
1632 5285 1920 5338 ἐπένευσεν
1945 5299 1960 5314 ·
2001 5284 2116 5336 ἀλλ’
2147 5286 2557 5356 ἀποταξάμενος
2603 5287 2808 5350 αὐτοῖς,
2838 5289 2929 5342 καὶ
2991 5289 3187 5341 εἰπών·
3225 5293 3316 5342 Δεῖ
3367 5308 3433 5361 με
3504 5291 3640 5344 πάν-

395 5403 501 5446 τως
537 5385 636 5454 τὴν
666 5382 858 5452 ἑορτὴν
889 5379 988 5450 τὴν
1027 5381 1326 5450 ἐρχομένην
1356 5379 1580 5448 ποιῆσαι
1615 5380 1692 5440 εἰς
1731 5377 2106 5448 Ἰερουσαλὴμ,
2139 5378 2233 5431 καὶ
2295 5379 2456 5432 πάλιν
2507 5379 2814 5448 ἀνακάμψω
2865 5379 2996 5448 πρὸς
3038 5381 3182 5449 ὑμᾶς
3220 5380 3313 5433 τοῦ
3365 5381 3502 5436 Θεοῦ
3551 5383 3638 5436 θέ-

395 5483 598 5543 λοντος,
638 5476 732 5529 καὶ
762 5473 972 5543 ἀνήχθη
1003 5472 1112 5525 ἀπὸ
1146 5475 1242 5540 τῆς
1284 5472 1525 5540 Ἐφέσου.

993 5563 1371 5617 ΕΡΜΗΝΕΙΑ.

473 5663 537 5715 Ὃ
561 5661 617 5714 δὲ
642 5661 791 5728 λέγει
813 5656 1050 5710 τοιοῦτον
1071 5657 1246 5707 ἔστιν’
1277 5655 1542 5716 Ἕκαστος
1572 5655 1690 5722 ,τῶν
1725 5656 1964 5708 ἀποστα-
2024 5673 2038 5686 ο

392 5753 629 5806 τούντων
653 5747 892 5817 Χριστῷ,
921 5748 977 5809 ὃς
997 5747 1111 5798 ἐστι
1139 5744 1274 5814 ζωὴ,
1308 5745 1454 5797 δοκεί
1477 5745 1666 5798 ἑαυτὸν
1696 5746 1960 5814 φονεύειν,

729 5838 996 5897 Parnm.
1041 5840 1155 5897 Gn.
1203 5837 1434 5898 CXXV.

2575 5562 3140 5618 COMMENTARIUS.

2154 5674 2172 5705 ‹
2217 5655 2451 5727 Sanguis
2509 5665 2689 5710 vester
2741 5672 2904 5726 super
2949 5666 3111 5725 caput
3160 5665 3426 5712 vestrum.
3465 5677 3482 5709 ι
3522 5659 3637 5714 Hoc

2075 5747 2296 5814 perinde
2350 5756 2452 5812 est,
2490 5761 2552 5802 ac
2602 5748 2647 5800 si
2680 5747 2878 5802 diceret
2913 5765 2925 5799 :
2969 5745 3292 5815 Quicunque
3339 5761 3367 5800 a
3398 5746 3637 5814 Christo,

3217 5837 3292 5896 3?.
