4082 6424
457 328 606 391 ποθ,
1390 323 1492 381 TU
1503 322 1692 382 ΕΟΙἮ
1705 323 1966 383 YLAC'l‘l
2011 324 2420 386 BULGARI/E
2452 325 2810 386 ABCHlEP.
3167 325 3172 332 ’
3579 330 3718 394 1004

461 442 559 511 qui
593 441 701 493 vita
734 445 837 502 est,
878 435 1244 491 secessionem
1296 433 1445 502 facit,
1497 437 1849 506 semetipsum
1896 437 2029 492 oeci

2146 437 2254 491 ἀπὸ
2283 438 2382 507 τῆς
2413 437 2561 507 ζωῆς
2594 437 2940 507 μεταϐαίνων
2970 437 3050 502 είς
3079 437 3333 506 θάνατον,
3370 441 3432 495 τὸ
3459 436 3598 512 αἷμα
3634 445 3730 497 αὑ-

463 533 597 587 dere
623 529 853 593 videtur,
890 543 918 580 a
955 527 1065 582 vita
1115 537 1460 582 transmeans
1507 527 1562 580 in
1610 536 1862 593 mortem,
1911 543 2029 582 san-

2144 533 2236 585 τοῦ
2284 533 2485 600 τρόπον
2523 531 2642 584 τινὰ
2673 529 2878 600 ἐκχέων
2903 529 2989 583 διὰ
3018 532 3118 600 τῆς
3141 532 3357 600 σφαγῆς
3384 533 3453 602 ἢν
3482 535 3731 605 ἐπιφέρει

455 622 791 693 guinemque
824 619 998 688 ipsius
1020 617 1420 688 quodammodo
1448 615 1686 672 fundens
1704 633 1800 688 per
1825 633 2029 684 necem,

2146 625 2231 690 ἐφ’
2255 623 2456 693 ἐαυτῷ.
2496 623 2670 677 Τοῦτο
2699 617 2792 676 οῦν
2829 638 2998 692 φησιν
3017 638 3031 653 ⁶
3060 622 3206 675 Ἀνθ’
3231 617 3308 677 ὧν
3335 625 3567 692 σφάζετε
3601 628 3730 679 ἐαυο

463 729 625 782 quam
656 713 758 768 sibi
788 713 907 782 ipse
943 711 1133 766 infert.
1183 710 1272 762 Ait
1301 709 1485 778 itaque
1515 725 1528 761 :
1559 708 1854 779 Propterea
1885 710 2029 778 quod

2143 711 2272 774 τοὺς
2296 711 2383 764 διά
2413 713 2509 782 τῆς
2547 712 2828 776 ἀπιστίας,
2858 712 3024 766 αὑτοῦ
3050 713 3241 767 τούτου
3265 713 3424 785 ὑμεῖς
3449 716 3725 788 ὑπόσχητε

461 803 848 860 incredulitate
901 813 1084 857 vestra
1135 801 1497 870 vosmetipsos
1541 799 1830 869 jugulatis,
1874 801 2029 868 hujus

2142 803 2317 872 δίκην,
2346 803 2480 869 ἐμοῦ
2510 803 2687 856 ἀθὼου
2720 803 2892 866 δντος.
2922 803 3202 858 Ἐντεῦθεν
3230 805 3287 858 δὲ
3315 805 3429 860 ἐστι
3469 808 3724 872 συνιδεῖν,

465 897 544 949 rei
581 909 799 965 pinnam
856 909 954 949 vos
1011 892 1184 947 luite:
1244 905 1345 961 ego
1394 892 1650 945 innoxius
1695 905 1838 946 sum.
1898 890 2029 944 Hinc

2142 894 2226 947 ὅτι
2255 895 2284 946 ὁ
2318 893 2537 961 σφάζων
2561 894 2755 946 ἐαυτὸν
2785 896 3109 964 τιμωρεῖται
3135 894 3210 955 ὡς
3233 895 3430 963 φονεὺς
3460 897 3610 966 παρὰ
3646 897 3727 968 τῷ

2143 984 2285 1054 Θεῷ.
2321 985 2690 1054 Σημειωτέον,
2709 985 2793 1037 ὅτι
2824 979 2932 1037 εἶδε
2957 984 3049 1038 τὸν
3070 983 3275 1054 Κύριον
3291 985 3503 1055 Ἰησοῦν
3521 987 3550 1039 δ
3581 986 3730 1040 Παῦ-

461 1082 717 1137 ιιιίεἰιιιιω
745 1077 1082 1150 puniendum
1119 1076 1235 1133 fore
1270 1094 1299 1130 a
1328 1076 1457 1132 Deo.
1486 1095 1504 1128 ι
1534 1076 1706 1132 Nocte
1747 1091 1843 1147 per
1866 1075 2029 1131 visio-

2142 1077 2232 1139 λος
2253 1076 2320 1140 δι’
2345 1075 2581 1147 ὀνείρου,
2601 1076 2713 1129 εἴτε
2741 1075 3034 1145 γρηγορῶν
3065 1074 3328 1130 ἐθεάσατο
3353 1077 3446 1130 τὸν
3494 1076 3724 1148 Ἰησοῦν,

462 1187 603 1226 nem.
643 1171 1096 1236 iAdnotandum,
1147 1169 1358 1224 nullum
1405 1183 1529 1226 esse
1577 1169 1875 1225 discrimen
1921 1169 2029 1224 sive

2137 1167 2402 1235 οὐδεμίαν
2429 1165 2714 1236 διαφοράν.
2745 1165 2894 1234 Πλὴν
2925 1165 3021 1219 καὶ
3056 1167 3115 1218 ἐν
3151 1165 3391 1237 ἡμέραις
3421 1164 3486 1238 [Γ.
3512 1166 3723 1240 ἡμέρᾳ]

454 1264 514 1317 in
546 1277 764 1328 somno,
822 1262 938 1318 sive
973 1262 1027 1317 in
1052 1261 1239 1330 vigilia
1274 1259 1475 1315 Paulus
1518 1258 1717 1314 viderit
1746 1257 2029 1314 Dominum

2141 1255 2301 1325 ὤφθη
2328 1255 2499 1325 αὐτῷ.
2527 1250 2688 1309 Οὗτοι
2715 1255 2806 1308 διὰ
2834 1253 2994 1308 τοῦτο
3023 1254 3254 1310 ἔτυπτον
3287 1255 3380 1309 τὸν
3413 1256 3720 1327 Σωσθένην,

453 1356 665 1410 Jesum.
697 1354 966 1411 Caeterum
998 1355 1161 1410 etiam
1188 1353 1255 1408 de
1279 1353 1367 1407 die
1398 1352 1687 1421 aliquoties
1719 1365 1842 1404 eum
1874 1349 2029 1404 vidit.

2143 1345 2328 1415 ἐπειδὴ
2350 1350 2442 1398 καὶ
2463 1344 2625 1406 αὐτὸς
2644 1339 2712 1415 ἦν
2739 1343 2939 1414 μᾶλλον
2957 1343 3384 1415 προστιθέμενος
3403 1344 3480 1414 τῷ
3499 1346 3722 1416 Παύλῳ,

459 1466 482 1499 ι
516 1447 900 1504 Percutiebant
962 1461 1108 1502 eum.
1145 1465 1162 1498 ι
1198 1444 1368 1499 ,Ιιιιιειοὶ
1439 1445 1647 1500 idcirco
1705 1443 2029 1498 Sosthenem

2140 1435 2217 1499 ὡς
2266 1437 2360 1490 καὶ⁵
2410 1435 2658 1506 Κρίσπος
2695 1436 2724 1489 δ
2751 1437 3230 1508 ἀρχισυνάγωγοςο
3275 1437 3326 1490 οἳ
3363 1438 3444 1500 είς
3467 1438 3723 1492 τοσοῦτον

458 1538 855 1608 percutiebant,
883 1536 1010 1606 quia
1035 1535 1208 1604 magis
1239 1535 1490 1588 addictus
1522 1541 1639 1588 erat
1667 1531 1860 1595 Paulo,
1893 1532 2029 1588 sicut

2139 1519 2285 1596 ἦσαν
2309 1525 2635 1596 ἐληλακότες
2670 1527 2890 1596 μανίας,
2933 1527 3016 1579 ὅτι
3053 1526 3416 1596 ἀποτυχόντες
3455 1526 3550 1581 τοῦ
3595 1544 3724 1608 σκο-

455 1607 510 1684 ct
540 1629 767 1700 Crispus
797 1627 1285 1698 archisynagogus.
1318 1624 1414 1680 Vel
1443 1625 1498 1678 in
1541 1633 1744 1679 tantam
1776 1624 1853 1678 illi
1881 1625 2029 1678 insa-

2142 1614 2244 1668 ποῦ
2272 1616 2500 1679 ἑαυτῶν,
2530 1617 2654 1670 ἀντὶ
2676 1615 2773 1670 τοῦ
2805 1615 3033 1670 τύπτειν
3061 1617 3154 1670 τὸν
3173 1617 3403 1682 Παῦλον,
3434 1607 3721 1688 Σωσθέῖιην

459 1723 605 1776 niam
660 1731 949 1783 venerunt,
1003 1729 1061 1774 ut
1122 1733 1224 1774 suo
1285 1718 1534 1773 frustrati
1590 1716 1884 1784 desiderio,
1909 1718 2029 1772 loco

2140 1708 2232 1762 τὸν
2281 1709 2730 1778 ἀρχισυνάγωγον
2775 1707 3039 1761 ἔτυπτον·
3075 1708 3110 1778 ἢ
3155 1709 3244 1762 διὰ
3285 1709 3444 1763 τοῦτο
3488 1711 3721 1762 ἔτυπτον

456 1813 615 1868 Pauli
694 1811 1020 1868 Sosthenem
1083 1811 1380 1881 principem
1443 1824 1733 1882 synagogas
1784 1810 2029 1865 verbera-

2144 1799 2340 1865 αὑτδν,
2403 1799 2590 1869 ἐπειδὴ
2641 1799 2842 1869 μᾶλλον
2893 1799 3275 1870 ἠϐουλήθησαν
3323 1801 3584 1869 φονεῦσαι
3627 1801 3720 1854 τὸν

459 1909 602 1956 rent.
657 1903 766 1955 Aut
821 1901 1042 1956 demum
1095 1908 1383 1969 propterea
1440 1899 1590 1952 illum
1646 1899 2029 1966 verberabant,

2141 1892 2376 1957 Παῦλον,
2419 1893 2514 1944 καὶ
2556 1892 2840 1962 Σωσθένης
2888 1892 3215 1947 διεκώλυσεν
3278 1894 3496 1956 αὐτούς.
3547 1895 3719 1948 Πάλιν

461 1002 595 1042 vero
621 985 801 1055 colligi
837 993 1039 1054 potest,
1068 997 1192 1038 eum
1223 983 1316 1052 qui
1345 998 1405 1037 se
1435 981 1720 1047 interficit,
1755 982 1903 1037 velut
1941 981 2039 1036 ho—

456 1995 608 2062 quia,
641 2008 768 2047 cum
803 1992 1003 2049 vellent
1048 1991 1271 2044 Paulum
1302 1990 1578 2056 occidere,
1613 1991 1728 2062 ipse
1758 2005 1852 2046 eos
1906 2004 2034 2060 pro-

456 2085 698 2141 hibebat.
726 2085 930 2139 lterum
961 2098 1090 2137 vero
1124 2081 1326 2137 Paulus
1356 2100 1374 2133 ι
1404 2083 1680 2152 navigavit
1702 2083 1757 2136 in
1791 2081 2028 2153 Syriam,

457 2180 536 2243 (et
570 2189 691 2229 cum
723 2189 787 2228 eo
810 2173 1059 2228 Priscilla
1089 2183 1142 2228 et
1165 2174 1406 2246 Aquila),
1430 2175 1522 2245 qui
1557 2175 1662 2230 sihi
1690 2175 2030 2241 totonderat,

456 2266 656 2332 inquit,
704 2276 888 2335 caput.
929 2282 948 2316 ι
981 2263 1232 2320 Toudere
1285 2276 1449 2334 caput
1505 2266 1616 2320 voti
1686 2281 1851 2320 causa
1911 2281 2032 2322 mos

455 2367 574 2409 erat
615 2358 872 2425 proprius
920 2355 1254 2410 Judaeorum.
1309 2355 1616 2410 Priscillam
1672 2363 1729 2411 et
1776 2357 2027 2427 Aquilam

462 2463 482 2498 ι
523 2447 766 2516 reliquit,
807 2465 826 2498 ι
858 2446 1054 2516 inquit,
1092 2464 1111 2498 ι
1152 2446 1370 2517 Ephesi,
1409 2467 1426 2500 ι
1464 2457 1517 2504 et
1552 2449 1772 2520 quidem
1829 2465 2031 2507 conve-

457 2540 694 2602 nienter,
751 2548 810 2593 ut
859 2539 932 2594 ibi
972 2538 1253 2594 docerent.
1305 2540 1418 2614 Cur
1465 2556 1594 2597 vero
1633 2541 1858 2608 Paulus,
1904 2558 2029 2598 cum

456 2639 604 2686 esset
649 2631 934 2700 propheta,
970 2640 1233 2698 certoque
1283 2632 1443 2687 sciret
1479 2648 1539 2688 se
1571 2633 1845 2704 Ephesum
1888 2635 2032 2690 redi-

455 2732 638 2777 turum
664 2763 680 2788 ,
721 2737 830 2776 non
861 2722 912 2777 id
943 2724 1146 2792 alisque
1171 2724 1482 2780 conditione
1512 2727 1782 2795 promisit,
1807 2726 1904 2782 sed
1936 2728 2033 2783 ad-

455 2811 646 2876 didit.,¢
670 2809 778 2865 Deo
801 2811 1036 2867 volente?
1065 2812 1257 2883 i283
1276 2811 1476 2884 Nempe
1493 2813 1689 2870 docere
1722 2830 1822 2871 nos
1839 2816 2034 2879 voluit.

457 2912 516 2956 ut
549 2903 686 2957 nihil
722 2904 1126 2973 promittamus,
1167 2905 1275 2959 nisi
1309 2905 1411 2959 hac
1442 2906 1628 2961 addita
1659 2907 1981 2962 conditione
2015 2924 2028 2962 :

461 3012 478 3044 ι
515 2995 727 3048 volente
773 2992 905 3050 Deo.
945 3012 1053 3047 ›-
1077 3011 1095 3046 ι
1131 2993 1303 3051 Nemo
1325 2995 1469 3050 enim
1495 2997 1648 3052 novit
1681 2997 1810 3067 quid
1840 3013 2031 3068 super-

455 3091 684 3139 ventura
718 3085 890 3154 pariat
916 3086 1034 3142 dies
1059 3086 1126 3140 3°.
1163 3106 1182 3139 ι

821 3173 978 3230 Feria
1013 3177 1046 3230 ά
1080 3176 1435 3232 Ιιειιςιοῐιιοὼε
1463 3187 1652 3234 sextae.

736 3267 811 3323 De
833 3266 1022 3336 Apollo
1056 3268 1168 3322 viro
1199 3267 1471 3338 eloquente
1496 3277 1548 3323 et
1576 3269 1745 3338 ﬁdeli.

1084 3357 1385 3413 TEXTUS.

525 3446 709 3515 X‘Jlll,
729 3448 922 3503 22-28.
946 3448 1006 3502 El
1025 3447 1365 3504 descendens
1375 3449 1699 3518 Cassi-eam,
1717 3451 1959 3506 ascendit
1975 3460 2030 3505 et

453 3543 713 3598 salutavit
731 3539 1052 3605 Ecclesium,
1069 3546 1124 3594 et
1159 3540 1440 3595 descendit
1467 3540 1834 3600 Antiochiam.
1856 3541 1920 3596 Et
1944 3541 2030 3598 fa-

452 3643 543 3688 cto
561 3633 632 3687 ibi
652 3632 931 3702 aliquanto
961 3640 1200 3700 tempore
1223 3631 1496 3702 profectus
1523 3639 1630 3698 est,
1647 3633 2028 3700 perambulans

445 3741 517 3779 es
555 3724 748 3778 ordine
791 3722 1090 3778 Galaticam
1107 3723 1385 3792 regionem
1417 3731 1472 3779 et
1495 3722 1806 3795 Phryglam,
1835 3725 2030 3780 confir-

443 3833 609 3873 iuans
655 3830 846 3871 omnes
894 3813 1216 3885 discipulos.
1270 3812 1495 3870 Judaeus
1551 3826 1735 3871 autem
1781 3817 2024 3887 quidam,

452 3909 645 3978 Apollo
674 3910 915 3973 nomine,
942 3905 1344 3962 Alexandrinus
1381 3921 1601 3977 genere,
1633 3909 1716 3962 vir
1740 3909 2024 3979 eloquens,

447 4001 673 4055 devenit
728 3998 1024 4071 Ephesum,
1076 4007 1271 4069 potens
1316 3998 1372 4052 in
1409 3997 1734 4068 Scripturis.
1779 3998 1881 4055 Hic
1911 4008 2028 4056 erat

447 4094 682 4148 edoctus
711 4092 850 4146 viam
876 4092 1088 4148 Domini
1120 4110 1135 4147 :
1170 4101 1225 4147 et
1254 4091 1476 4148 fervens
1517 4090 1722 4162 Spiritu
1769 4092 2027 4162 loqueba-

451 4194 546 4240 tur
577 4193 632 4240 et
657 4183 888 4239 docebat
909 4183 1196 4253 diligenter
1235 4197 1299 4238 ea
1329 4197 1452 4253 qua:
1485 4189 1616 4237 sunt
1657 4179 1814 4254 Jesu,
1844 4183 2026 4239 sciens

445 4285 667 4330 tantum
701 4275 974 4345 baptisma
1009 4273 1260 4329 Joannis.
1296 4273 1394 4329 llic
1423 4289 1552 4344 ergo
1589 4275 1758 4346 coepit
1792 4274 2025 4331 ﬁducia-

447 4371 580 4424 .liter
609 4382 770 4438 agere
804 4367 858 4422 in
886 4381 1180 4438 synagoga.
1213 4367 1384 4434 Quem
1428 4381 1551 4423 cum
1592 4368 1877 4424 audissent
1902 4367 2024 4422 Pri-

2135 1982 2348 2036 κάτεισι
2391 1983 2602 2048 Παῦλος
2656 1985 2736 2046 είς
2795 1983 2893 2053 τὴν
2951 1984 3175 2054 Συρίαν,
3207 2003 3226 2036 ι
3276 1987 3370 2038 καὶ
3423 1987 3522 2039 σὺν
3567 1986 3720 2058 αὐτῷ

2142 2072 2473 2143 Πρίσκιλλα,
2529 2077 2623 2128 καὶ
2652 2074 2906 2144 Ἀκύλας,
2935 2078 3280 2146 κειράμενος,
3313 2078 3593 2148 φησὶ,-τὴν
3625 2095 3720 2131 κε·-

2134 2164 2334 2235 φαλήν.
2367 2183 2386 2217 ι
2427 2165 2501 2218 Τὸ
2531 2166 2590 2220 δέ
2640 2165 2929 2235 κείρασθαι
2963 2167 3062 2230 τὰς
3131 2167 3375 2236 κεφαλάς
3404 2171 3525 2221 κατ’
3548 2170 3718 2240 εὐχὴν

2133 2255 2422 2312 Ἰουδαϊκὸν
2453 2252 2542 2329 ἦν.
2587 2257 2727 2320 Τοὺς
2779 2258 2912 2328 περὶ
2942 2256 3202 2324 Ἀκύλαν,
3235 2259 3391 2329 φησὶ,
3420 2260 3715 2312 κατέλιπεν

2133 2350 2215 2413 είς
2247 2350 2514 2418 Ἐφεσονο
2546 2349 2704 2402 τοῦτο
2725 2349 2780 2403 δὲ
2811 2349 3066 2418 ἐποίησεν
3089 2349 3342 2416 εἰκότως,
3366 2351 3442 2413 ὡς
3472 2350 3716 2417 διδάξανο

2132 2456 2251 2502 τας.
2313 2441 2380 2492 Τί
2419 2435 2636 2512 δήποτε
2697 2442 2990 2512 προφήτης
3040 2440 3115 2496 ὢν
3160 2441 3395 2508 Παῦλος,
3437 2445 3529 2494 καὶ
3557 2441 3718 2506 εἰδὼς

2133 2529 2217 2582 ὅτι
2257 2528 2494 2600 ἤμελλεν
2536 2531 2922 2601 ἀναστρέφειν,
2982 2531 3080 2602 οὐχ
3127 2531 3314 2595 ἁπλῶς
3350 2532 3717 2602 ἀναστρέφειν

2135 2619 2523 2688 ἐπηγγείλατο,
2577 2621 2715 2676 ἀλλὰ
2765 2622 3102 2693 προστιθεὶς,
3153 2640 3172 2674 ι
3235 2622 3329 2676 τοῦ
3371 2623 3503 2675 Θεοῦ
3535 2623 3716 2676 θέλον·

2131 2730 2225 2778 τος
2261 2731 2278 2783 ;
2319 2732 2337 2766 ι
2358 2714 2535 2785 Ἦμᾶς
2562 2716 2851 2782 διδάσκων,
2885 2718 3052 2788 μηδὲν
3080 2721 3208 2788 περὶ
3251 2719 3361 2773 τῶν
3409 2718 3716 2789 μελλόντων

2098 2845 2102 2848 .
2135 2805 2517 2876 ὑπισχνεῖσθαι
2577 2811 2772 2876 ποιεῖν,
2811 2809 2933 2880 δίχα
2985 2809 3080 2865 τοῦ
3124 2810 3335 2875 είπεῖν,
3369 2829 3388 2865 ι
3425 2810 3517 2865 τοῦ
3570 2810 3710 2866 Θεοῦ

2133 2897 2404 2964 θέλοντος.
2445 2919 2465 2952 ι
2497 2930 2567 2942 -
2603 2919 2621 2952 ι
2665 2903 2740 2955 Οὐ
2800 2903 2911 2975 γάρ
2955 2919 3042 2968 τις
3089 2899 3235 2971 οἶδε,
3293 2906 3344 2958 τί
3400 2904 3619 2969 τέξεται
3677 2907 3716 2976 ὴ

2134 2988 2385 3045 ἐπιοῦσα.
2418 3009 2437 3042 ι

2578 3170 2656 3241 Τῇ
2683 3169 2726 3223 δ’
2755 3171 2852 3240 τῆς
2884 3169 2938 3237 ς’
2967 3172 3284 3244 ἑϐδομάδος.
3506 3171 3509 3176 λ
3617 3222 3628 3236 ,

2259 3258 2398 3326 Περὶ
2422 3257 2694 3314 Ἀπολλώ
2724 3259 2949 3329 ἀνδρὸς
2967 3264 3181 3332 λογίου
3215 3264 3312 3320 καί
3333 3267 3575 3322 πιστοῦ.

2407 3339 2410 3342 ’
2727 3353 3112 3410 KEIMENON.

2201 3440 2315 3493 Καὶ
2354 3441 2631 3498 κατελθὼν
2673 3443 2753 3507 εἰς
2784 3446 3123 3515 Καισάρειαν
3145 3448 3376 3517 ἀναϐάς,
3410 3452 3500 3504 καὶ
3523 3452 3711 3508 άσπα-

2130 3531 2368 3600 σάμενος
2405 3531 2505 3603 τὴν
2547 3533 2898 3603 Ἐκκλησίαν,
2962 3537 3190 3616 κατέϐη.
3223 3541 3304 3604 είς
3338 3540 3671 3615 Ἀντιόχειαν
3694 3563 3710 3580 ·

2131 3621 2226 3675 καὶ
2257 3623 2491 3691 ποιήσας
2536 3623 2729 3693 χρόνον
2779 3625 2902 3678 τινὰ
2949 3625 3162 3696 ἐξῆλθε,
3200 3630 3548 3703 διερχόμενος
3584 3635 3712 3688 καθ’

2130 3711 2261 3784 ἑξῆς
2287 3713 2386 3784 τὴν
2418 3713 2724 3787 Γαλατικὴν
2767 3716 2952 3787 χώραν
2980 3719 3074 3772 καὶ
3119 3720 3382 3791 Φρυγίαν,
3423 3726 3714 3798 ἐπιστηρί-

2129 3804 2241 3870 ζων
2267 3807 2478 3871 πάντας
2535 3809 2661 3872 τοὺς
2699 3809 2970 3880 μαθητάς.
3019 3811 3271 3877 Ἰουδαῖος
3298 3814 3359 3868 δέ
3392 3833 3476 3880 τις
3515 3818 3714 3873 Ἄπολ-

2129 3894 2235 3960 λὼς
2264 3896 2515 3967 ὀνόματι,
2573 3897 2966 3971 ’Δλεξανδρεὺς
3015 3902 3096 3973 τῷ
3134 3903 3302 3972 γένει,
3349 3907 3491 3977 ἀνὴρ
3530 3908 3712 3977 λόγιος

2129 3989 2472 4059 κατήντησεν
2497 3990 2581 4052 είς
2623 3989 2856 4058 Ἔφεσον
2882 4029 2897 4054 ,
2941 3993 3167 4056 δυνατὸς
3199 3994 3278 4048 ὣν
3323 3998 3381 4050 ἐν
3405 3999 3527 4063 ταῖς
3560 3999 3711 4069 Γρα-

2130 4080 2276 4146 φαῖς.
2306 4073 2472 4141 Οὗτος
2530 4074 2599 4148 ἦν
2627 4081 3015 4151 κατηχημένος
3058 4084 3158 4155 τὴν
3189 4086 3307 4140 ὁδὸν
3331 4087 3426 4143 τοῦ
3459 4091 3669 4160 Κυρίου
3692 4109 3708 4125 ο

2129 4173 2224 4222 καὶ
2255 4170 2391 4234 ζέων
2431 4171 2510 4240 τῷ
2565 4173 2867 4242 Πνεῦματι,
2905 4174 3085 4228 ἐλάλει
3117 4177 3211 4232 καὶ
3232 4177 3513 4234 ἐδίδασκεν
3548 4182 3712 4252 ἀκρι-

2129 4259 2239 4323 ϐῶς
2289 4261 2360 4313 τὰ
2408 4262 2539 4330 περὶ
2592 4262 2685 4315 τοῦ
2741 4263 2956 4334 Ἰησοῦ,
2999 4267 3364 4337 ἐπιστάμενος
3424 4273 3588 4340 μόνον
3646 4273 3713 4326 τὸ

2128 4351 2416 4422 βάπτισμα
2456 4352 2729 4408 Ἰωάννου.
2781 4348 2953 4418 υῦτός
3000 4373 3060 4408 τε
3089 4359 3293 4426 ἦρξατο
3332 4363 3713 4433 παρρησιάζε-

452 4460 612 4517 scilla
642 4470 698 4516 et
728 4460 946 4530 Aquila,
978 4469 1398 4530 assumpserunt
1419 4475 1570 4526 eum,
1616 4468 1672 4514 et
1705 4460 2022 4530 diligentius

2131 4443 2256 4497 σθαι
2289 4444 2347 4497 ἐν
2372 4446 2437 4514 τῇ
2465 4448 2782 4516 συναγωγῇ.
2821 4446 3178 4512 Ἀκούσαντες
3199 4451 3256 4504 δέ
3277 4451 3442 4506 αὐτοῦ
3472 4454 3710 4518 Ἀκύλας

450 4559 827 4620 exposuerunt
857 4549 906 4604 ei
932 4550 1072 4604 viam
1106 4548 1340 4604 Domini.
1378 4550 1514 4604 Cum
1539 4557 1720 4603 autem
1753 4550 1914 4605 vellet
1949 4551 2029 4606 ire

456 4640 1049 4706 Achaiam,exhortati
1101 4639 1302 4694 fratres
1354 4640 1699 4709 scripserunt
1743 4637 2028 4709 discipulis

451 4735 518 4780 ut
565 4727 910 4797 susciperent
955 4741 1101 4780 eum.
1152 4727 1254 4791 Qui
1308 4741 1434 4780 cum
1491 4726 1754 4793 venisset,
1802 4727 2033 4782 contulit

455 4818 688 4872 multum
753 4817 840 4870 his
891 4817 987 4886 qui
1047 4816 1415 4871 crediderant.
1472 4814 1834 4871 Vehementer
1880 4817 2023 4872 enim

440 4905 672 4963 .Judaeos
708 4907 1021 4962 revincebat
1056 4907 1293 4976 publice,
1325 4906 1627 4962 ostendens
1658 4921 1754 4976 per
1777 4906 2027 4976 Scriptu-

449 5015 549 5054 ωε
578 5014 700 5054 esse
730 4997 1002 5052 Christum
1035 4996 1244 5052 Jesum.

956 5249 1525 5307 COMMENTARIUS.

522 5363 552 5398 ‹
613 5344 804 5400 Sciens
863 5351 1074 5397 tantum
1124 5343 1390 5412 baptisma
1446 5341 1694 5398 Joannis.
1751 5363 1771 5396 ι
1836 5344 2028 5416 Opera:

446 5437 690 5508 pretium
709 5445 794 5490 est
821 5435 1117 5504 inquirere,
1143 5434 1440 5504 quomodo,
1462 5436 1505 5489 si
1537 5435 1731 5503 Apollo
1757 5437 2027 5505 baptisma

451 5538 668 5584 samum
698 5526 926 5582 Joannis
961 5536 1204 5597 noverat,
1239 5526 1444 5598 Spiritu
1466 5528 1832 5586 nihilominus
1852 5528 2030 5588 ferve-

515 5707 578 5738 υ
603 5706 770 5760 Prov.
804 5721 975 5769 nvu,
1014 5705 1060 5758 ί.

2129 4533 2225 4588 καὶ
2249 4533 2572 4604 Πρίσκιλλα,
2625 4536 3028 4607 προσελάϐοντο
3088 4541 3273 4607 αὑτὸν,
3328 4545 3422 4597 καλ⁵
3476 4546 3707 4615 ἀκριϐέ-

2128 4639 2319 4693 στερον
2341 4625 2491 4696 αὐτῷ
2521 4625 2766 4692 ἐξέθεντο
2786 4627 2884 4698 τὴν
2925 4628 3042 4682 ὁδὸν
3067 4629 3158 4684 τοῦ
3181 4631 3338 4686 Θεοῦ.
3369 4635 3708 4706 Βουλομένου

2127 4716 2184 4768 δέ
2207 4715 2373 4770 αὑτοῦ
2401 4717 2627 4771 διελθεῖν
2648 4719 2729 4781 εἰς
2753 4719 2852 4789 τὴν
2894 4720 3142 4790 Ἀχαΐαν,
3184 4725 3624 4795 προτρεψάμενοι
3655 4729 3707 4779 οἱ

2129 4804 2351 4875 ἀδελφοὶ
2381 4804 2631 4876 ἔγραψαν
2659 4808 2772 4870 τοῖς
2805 4808 3096 4878 μαθηταῖς,
3126 4811 3488 4878 ἀποδέξασθαι
3519 4813 3706 4867 αὐτόν.

2131 4895 2226 4956 Ὃς
2259 4895 2708 4964 παραγενόμενος
2754 4898 3078 4952 συνεϐάλετο
3101 4899 3234 4954 πολὺ
3262 4904 3375 4964 τοῖς
3407 4919 3710 4957 πεπιστευ-

2128 4987 2248 5039 κόσι
2274 4986 2364 5040 διὰ
2401 4989 2499 5054 τῆς
2529 4987 2773 5058 χάριτος.
2820 4989 3069 5054 Εύτόνως
3118 4991 3228 5062 γὰρ
3273 4996 3388 5056 τοῖς
3425 4994 3706 5056 Ἰουδαίοις

2126 5076 2584 5148 διακατηλέγχετο
2614 5079 2871 5150 δημοσίᾳ,
2894 5081 3206 5145 ἐπιδεικνὺς
3227 5083 3314 5138 διὰ
3337 5083 3445 5138 τῶν
3470 5085 3510 5138 Γ
3518 5085 3708 5154 ραφῶν

2130 5163 2272 5222 εἶναι
2297 5169 2388 5222 τὸν
2418 5170 2656 5238 Χριστὸν
2697 5171 2927 5241 Ἰησοῦν.

2716 5264 3094 5320 ΕΡΜΗΝΕΙΑ.

2208 5350 2391 5415 ’Ἄξιον
2419 5350 2674 5423 ζητῆσαι,
2706 5353 2844 5420 πῶς,
2882 5355 3008 5407 είτὸ
3027 5355 3312 5428 βάπτισμα
3342 5359 3504 5430 μόνον
3527 5361 3709 5418 Ἰωάν-

2136 5455 2227 5493 νου
2259 5440 2528 5509 ὴπίστατο
2583 5435 2760 5508 οὗτος,
2817 5442 2896 5513 τῷ
2953 5445 3230 5515 Πνεύματι
3279 5449 3432 5512 ἐξει-
3490 5452 3550 5504 τὺ
3593 5453 3705 5526 γὰρ

2137 5529 2364 5602 Πνεῦμα
2388 5533 2487 5603 οὐχ
2512 5531 2685 5598 οὓτως
2737 5535 2964 5590 ἐδίδοτο·
3018 5539 3112 5592 καὶ
3158 5540 3206 5592 εί
3233 5542 3283 5593 οί
3340 5542 3480 5612 μετὰ
3518 5543 3706 5597 τοῦτον
