4082 6436
309 420 444 485 1005
940 421 1477 486 ΕΧΡΟΒὶΤῐΟΝΙΞ
1518 421 1596 481 ΙΝ
1638 421 1822 479 ACTA
1851 420 1897 480 T

2005 419 2153 480 TUS
2185 420 2456 481 ALTER.
2479 445 2540 454 -·
2567 421 2726 482 CAP.
2756 422 2920 482 XIX.
3423 424 3560 488 100-5

303 536 604 606 ἐδεήθησαν
655 535 751 589 τοῦ
809 535 1184 606 βαπτίσματος
1237 535 1332 590 τοῦ
1390 534 1654 606 Χριστοῦ,
1696 534 1876 606 πολλῷ

2003 543 2115 590 int:
2155 552 2279 590 nam
2324 535 2560 606 Spiritus
2591 546 2818 594 sanctus
2849 553 2957 592 non
2991 539 3065 593 ita
3107 538 3384 596 dabatur:
3433 552 3484 598 et
3513 545 3561 598 si

307 627 507 698 μᾶλλον
542 628 638 682 καὶ
694 621 850 692 οὗτος
894 629 1089 700 ἐδεήθη
1133 630 1220 684 ἂν.
1248 629 1315 682 Τί
1345 629 1440 682 οῦν
1481 628 1630 681 ἐστιν
1668 629 1843 681 εἰπεῖν
1865 644 1886 694 ;.

2003 630 2078 700 ιιιὶ
2133 636 2255 699 post
2306 630 2472 684 istum
2535 627 2778 696 fuerunt,
2833 644 2972 700 opus
2997 631 3240 688 habuere
3287 633 3560 706 baptismo

303 722 425 775 οὐδὲ
467 721 578 791 γὰρ
632 721 821 785 ἁπλῶς
865 723 1066 795 ἐφεξῆς
1116 722 1314 792 ἔθηκεν
1373 721 1684 792 ἀμφότερα.
1725 722 1887 773 Δοκεῖ

2003 718 2190 774 3hristi
2221 757 2240 785 ,
2294 719 2469 774 multo
2521 721 2694 790 magis
2746 719 2835 775 hic
2883 736 3026 791 opus
3085 721 3353 779 habuerit.
3419 723 3564 792 Quid

304 812 486 865 τοίνυν
507 804 662 876 οὗτος
687 806 826 866 είναι
848 813 958 866 τῶν
984 813 1087 882 ρκ’,
1119 813 1230 866 τῶν
1256 812 1392 883 μετὰ
1420 812 1529 866 τῶν
1570 810 1886 864 ἀποστόλων

2003 811 2155 882 gitur
2176 810 2503 867 dicendum?
2531 811 2649 866 Non
2701 812 2846 867 enim
2905 813 3026 869 sine
3073 827 3239 870 causa
3271 824 3566 888 utrumque

307 902 716 972 βαπτισθέντων
743 921 758 938 ο
796 905 854 975 ἢ,
887 905 935 957 εί
989 903 1064 974 μὴ
1106 903 1289 968 τοῦτο,
1310 903 1447 974 ὅπερ
1489 904 1581 956 ἐπὶ
1612 901 1710 956 τοῦ
1739 905 1887 973 Κορ-

305 993 490 1064 νηλίου
519 994 733 1062 γέγονε,
769 995 1060 1065 γεγένηται
1096 997 1188 1048 καὶ
1230 997 1326 1050 ἐπὶ
1360 995 1536 1066 τούτῳ
1565 1012 1580 1027 ο
1613 994 1730 1050 ἀλλ’
1765 994 1888 1048 οὐδὲ

308 1085 651 1156 βαπτίζεται.
717 1088 922 1141 Τούτου
977 1082 1074 1140 οῦν
1131 1087 1378 1158 ἀκριϐῶς
1419 1087 1779 1153 ἐξεπαθέντος
1818 1087 1886 1153 ⁸ο,

296 1178 456 1260 κδοκεῖ
483 1178 642 1232 τοῦτο
691 1179 766 1250 μὴ
819 1175 982 1243 εῖναι,
1035 1181 1117 1234 ὃτι
1154 1180 1250 1233 καὶ
1314 1179 1680 1251 βαπτισθῆναι
1727 1178 1890 1233 αὐτὸν

308 1269 415 1322 ἔδει
439 1285 454 1300 ο
485 1271 608 1323 ἐπεὶ
668 1271 717 1324 οἱ
759 1269 822 1340 ιβ’
877 1273 925 1323 ol
965 1270 1115 1324 ἄλλοι
1167 1269 1320 1324 οὐδὲν
1360 1271 1583 1342 ᾔδεισαν
1623 1268 1890 1340 ἀκριϐῶς,

307 1359 430 1411 οὐδὲ
453 1360 524 1413 τὶ
554 1359 681 1430 περ)¹
709 1358 908 1428 Ἰησοῦ.
929 1360 1092 1425 Εἰκὸς
1111 1361 1167 1414 δέ
1195 1361 1360 1415 αὑτὸν
1383 1363 1477 1414 καὶ
1502 1359 1888 1431 βαπτισθῆναι.

310 1449 373 1500 El
405 1449 462 1502 δὲ
505 1444 656 1503 οὗτοι
685 1451 736 1504 οί
781 1451 1030 1504 Ἰωάννου
1077 1451 1216 1521 μετὰ
1266 1450 1327 1504 τὸ
1380 1449 1663 1521 βάπτισμα
1723 1450 1886 1504 πάλιν

309 1540 686 1605 ἐϐαπτίζοντο,
720 1543 828 1596 ἔδει
874 1543 1116 1606 καὶτοὺς
1162 1542 1412 1612 μαθητὰς
1442 1541 1603 1595 τοῦτο
1638 1541 1884 1610 ποιῆσαι.

1989 901 2174 972 posuit
2203 915 2360 956 sacer
2412 901 2672 972 scriptor.
2737 901 2966 958 Videtur
3034 903 3218 976 itaque
3281 906 3414 962 mihi
3475 909 3564 966 hic

1992 1007 2135 1047 unus
2159 1005 2224 1047 ex
2254 991 2321 1046 iis
2345 1001 2564 1046 centum
2599 991 2790 1063 viginti
2823 991 3015 1061 fuisse,
3050 995 3145 1064 qui
3176 1011 3301 1051 cum
3335 1007 3562 1068 apostoo

1993 1083 2060 1138 lis
2092 1082 2353 1154 haptizati
2387 1094 2539 1138 sunt.
2572 1083 2728 1150 Quod
2764 1084 2810 1139 si
2846 1083 2917 1140 ita
2965 1100 3088 1142 sese
3117 1102 3205 1143 res
3243 1087 3429 1155 habet,
3476 1089 3568 1145 di-

1993 1175 2246 1240 cendum,
2278 1174 2420 1229 idem
2449 1176 2593 1245 quod
2635 1175 2690 1230 in
2743 1174 3000 1232 Cornelio
3049 1186 3106 1233 et
3149 1179 3203 1234 in
3234 1179 3342 1237 isto
3384 1182 3566 1237 conti-

1995 1263 2140 1336 gisse
2169 1279 2186 1320 :
2216 1272 2452 1318 attamen
2485 1278 2595 1318 non
2629 1263 2958 1333 baptizatur.
2991 1262 3107 1319 Hac
3139 1265 3307 1334 igitur
3337 1282 3396 1322 re
3427 1268 3567 1323 bene

1995 1368 2261 1425 perpensa
2295 1353 2511 1408 videtur
2548 1368 2654 1408 non
2691 1355 2765 1409 ita
2802 1361 2946 1421 esse,
2985 1363 3044 1409 ut
3075 1356 3406 1424 baptizatum
3439 1372 3566 1414 esse

1994 1446 2298 1517 oportuerit
2329 1446 2739 1516 (27),quoniam
2761 1446 3048 1502 duodecim
3069 1447 3159 1500 alii
3191 1447 3303 1517 (28)
3327 1449 3462 1502 nihil
3481 1463 3568 1504 ac-

1995 1546 2185 1592 curate
2207 1537 2473 1601 sciebant,
2500 1551 2678 1606 neque
2697 1536 2920 1606 quidem
2948 1535 3115 1609 285.
3145 1553 3208 1594 ea
3230 1555 3351 1610 quae
3375 1539 3562 1597 Jesum

310 1632 488 1702 ipsum
549 1635 893 1704 spectabant.
949 1633 1273 1689 Verosimile
1335 1641 1520 1688 tamen
1586 1641 1674 1688 est
1727 1632 1895 1688 etiam
1932 1629 2266 1700 baptizatum
2303 1627 2497 1684 fuisse.
2539 1629 2603 1683 Et
2641 1627 2941 1685 siJoannis
2981 1629 3236 1702 discipuli
3301 1638 3427 1701 post
3495 1630 3565 1685 il-

309 1731 416 1784 lius
446 1731 714 1800 baptisma
787 1733 982 1786 iterum
1035 1730 1478 1800 baptizabantur,
1520 1729 1835 1800 oportebat,
1903 1737 1958 1783 ut
1998 1734 2052 1783 et
2076 1725 2329 1796 discipuli
2359 1724 2432 1778 ita
2464 1724 2731 1780 facerent.

881 1823 1132 1877 ΚΕΦΑΛ.
1176 1824 1312 1878 κη’.

2523 1815 2754 1871 CAPUT
2794 1815 3034 1871 XXVIII.

310 1913 449 1982 Περὶ
480 1913 921 1983 βαπτίσματος,
954 1915 1052 1966 καὶ
1084 1914 1190 1980 τῆς
1219 1915 1326 1969 τοῦ
1341 1917 1516 1985 ἁγίου
1545 1916 1890 1985 Πνεύματος

2003 1909 2072 1964 De
2105 1909 2420 1978 baptismate
2448 1918 2497 1963 et
2527 1911 2665 1964 dona
2695 1907 2929 1978 Spiritus
2959 1912 3131 1964 sancti
3177 1911 3238 1966 ob
3269 1915 3564 1968 orationem

380 2003 605 2073 δωρεᾶς
633 2005 918 2074 δοθείσης
954 2005 1052 2061 διὰ
1093 2007 1444 2076 προσευχῆς
1490 2008 1736 2062 Παύλου
1769 2006 1895 2072 τοῖς

381 2099 453 2150 ἐν
498 2098 752 2166 Ἐφέσου
791 2100 1187 2156 πιστεύσασιο
1222 2101 1320 2154 καί
1361 2099 1494 2168 περὶ
1541 2099 1756 2166 ἰάσεως
1785 2099 1893 2152 τοῦ

383 2189 558 2242 λαοῦ.

596 2282 674 2352 Τῇ
727 2283 1050 2351 παρασκευῇ
1087 2283 1184 2351 τῆς
1217 2278 1268 2345 ς’
1300 2281 1612 2351 ἑϐδομάδος.

909 2371 1294 2426 KEIMENON.
1407 2441 1410 2445 ,

384 2463 636 2531 Ἐγένετο
665 2463 720 2517 δὲ
749 2465 808 2518 ἐν
837 2462 916 2534 τῷ
963 2461 1054 2516 τὸν
1084 2462 1331 2516 Ἀπολλῶ
1363 2459 1501 2518 εἶναι
1537 2467 1596 2519 ἐν
1620 2467 1890 2540 Κορίνθῳ,

315 2557 528 2612 Παῦλον
588 2557 866 2611 διελθόντα
915 2557 986 2610 τὰ
1042 2556 1352 2626 ἀνωτερικὰ
1406 2557 1550 2628 μέρη
1599 2559 1775 2614 ἐλθεῖν
1814 2562 1895 2626 είς

317 2648 552 2716 Ἔφεσον
572 2661 587 2680 ⁸
620 2651 714 2701 καὶ
745 2647 920 2718 εὑρών
958 2664 1113 2709 τινας
1151 2645 1423 2718 μαθητὰς,
1473 2649 1594 2703 εἶπε
1627 2652 1763 2721 πρὸς
1793 2653 1895 2706 a6-

317 2740 474 2803 τοὺς·
516 2740 578 2793 Εἰ
603 2740 828 2808 Πνεῦμα
848 2740 1004 2808 ἅγιον
1034 2738 1257 2793 ἐλάϐετε
1279 2739 1704 2808 πιστεύσαντεςς
1734 2744 1798 2798 Οἱ
1839 2743 1895 2797 δὲ

315 2825 470 2881 εἷπον
493 2828 630 2898 πρὸς
659 2827 821 2882 αὐτόν
845 2846 857 2861 ο
889 2827 1032 2881 Ἀλλ’
1060 2827 1184 2881 οὐδὲ
1213 2830 1262 2882 εί
1306 2828 1527 2901 Πνεῦμα
1560 2831 1718 2900 ἆγιόν
1748 2834 1896 2886 ἐστιν

314 2919 655 2989 ἠκούσαμεν.
689 2919 751 2974 '0
778 2919 834 2973 δὲ
882 2916 1036 2973 εἶπεν
1085 2921 1271 2984 αὐτοῖς
1292 2935 1308 2953 ⁸
1343 2921 1438 2985 El;
1475 2922 1529 2974 τί
1558 2921 1650 2975 οῦν
1671 2923 1896 2977 ἐϐαπτί-

318 3013 519 3082 σθητε;
545 3013 608 3066 Οἱ
637 3012 693 3066 δὲ
719 3009 873 3066 εἷπον
900 3029 914 3044 ο
943 3012 1038 3076 El;
1059 3012 1124 3066 τὺ
1151 3013 1403 3067 Ἰωάννου
1431 3011 1736 3083 βάπτισμα.
1763 3009 1897 3068 Εῐπε

317 3101 376 3154 δὲ
409 3100 621 3164 Παῦλος
643 3114 658 3129 ⁶
685 3101 941 3169 Ἰωάννης
975 3102 1074 3172 μὲν
1109 3101 1379 3154 ἐϐάπτισε
1410 3101 1696 3172 βάπτισμα
1729 3119 1898 3172 μετα-

319 3191 470 3254 νοίας
497 3190 576 3261 τῷ
617 3189 752 3260 λαῷ,
782 3190 974 3258 λέγων,
1017 3191 1097 3254 είς
1125 3190 1219 3244 τδν
1264 3190 1558 3262 ἐρχόμενον
1593 3191 1711 3260 μετ’
1735 3192 1897 3244 αὐτὸν

2067 1999 2250 2067 Pauli,
2275 2001 2341 2054 iis
2373 2002 2462 2069 qui
2503 1999 2694 2068 Ephesi
2726 1999 3158 2068 crediderunt,et
3194 2005 3258 2056 de
3291 2007 3568 2059 sanatione

2060 2093 2239 2162 pepuli

2370 2271 2527 2328 Feria
2559 2273 2591 2328 6
2622 2273 2980 2330 hebdomadae
3005 2285 3190 2331 sextae.

2644 2364 2874 2424 TEXTU
2886 2365 2944 2423 S.

2065 2455 2209 2523 XIX,
2225 2457 2346 2512 1-8.
2372 2457 2595 2514 Factum
2610 2469 2693 2514 est
2719 2468 2924 2528 autem,
2948 2477 3074 2516 cum
3094 2464 3288 2532 Apollo
3302 2475 3448 2523 esset
3469 2467 3574 2526 Co-

1997 2550 2186 2612 rinthi,
2213 2558 2270 2604 ut
2289 2549 2511 2618 Paulus,
2546 2552 2848 2622 peragratis
2887 2556 3268 2625 superioribus
3301 2560 3570 2628 partibus,

1997 2644 2204 2696 veniret
2227 2639 2903 2711 Ephesum,et_invenirct
2939 2647 3203 2716 quosdam
3244 2649 3572 2721 discipulos,

1998 2731 2242 2802 dixitque
2257 2733 2325 2789 ad
2353 2748 2448 2789 eos
2473 2751 2486 2788 :
2510 2733 2568 2789 Si
2591 2733 2852 2805 Spiritum
2867 2745 3119 2792 sanctum
3141 2742 3432 2811 accepistis
3455 2759 3575 2800 cre-

1998 2824 2233 2880 dentes?
2283 2826 2353 2879 At
2399 2825 2475 2880 illi
2531 2826 2788 2881 dixerunt
2836 2827 2904 2883 ad
2945 2844 3113 2885 eum:
3161 2829 3269 2888 Sed
3320 2848 3500 2904 neque
3525 2838 3571 2891 si

2000 2913 2239 2985 Spiritus
2269 2927 2494 2972 sanctus
2525 2925 2630 2981 est,
2675 2916 3008 2975 audivimus.
3053 2918 3152 2976 llle
3196 2937 3326 2978 vero
3363 2925 3440 2979 ait
3468 2939 3483 2980 :
3511 2926 3572 2981 In

1999 3020 2107 3074 quo
2133 3021 2266 3076 ergo
2295 3005 2557 3076 baptizati
2597 3006 2770 3063 estis?
2807 3007 2909 3074 Qui
2937 3008 3193 3065 dixerunt
3218 3029 3232 3067 :
3253 3012 3314 3067 In
3346 3009 3577 3072 Joannis

2003 3097 2351 3166 baptismate.
2382 3095 2528 3152 Dixit
2559 3106 2743 3153 autem
2783 3096 2986 3156 Paulus
3020 3119 3034 3156 :
3062 3098 3308 3161 Joannes
3333 3104 3578 3175 baptiza-

2001 3188 2079 3242 vit
2104 3189 2380 3260 baptismo
2406 3191 2742 3258 pmnitentize
2765 3192 3051 3262 populum,
3084 3193 3274 3252 dicens
3305 3212 3320 3248 :
3354 3199 3416 3252 In
3449 3214 3576 3255 eum

321 3281 412 3335 ἵνα
439 3280 796 3344 πιστεύσωσι,
821 3282 1103 3334 τουτέστιν
1135 3279 1215 3342 είς
1264 3280 1356 3332 τὸν
1389 3279 1625 3350 Χριστὸν
1662 3278 1895 3349 Ἰησοῦν.

2003 3280 2096 3349 qui
2126 3287 2390 3336 venturus
2441 3289 2589 3336 esset
2622 3289 2748 3352 post
2792 3281 2992 3352 ipsum,
3037 3292 3095 3338 ut
3125 3287 3432 3356 crederent,
3472 3292 3578 3347 hoc

334 3374 694 3438 ’Δκούσαντες
731 3374 786 3427 δὲ
827 3372 1236 3443 ἐϐαπτίσθησαν
1264 3373 1344 3436 είς
1371 3373 1431 3425 τὺ
1461 3372 1632 3444 ὄνομα
1662 3373 1756 3428 τοῦ
1789 3375 1899 3426 Κυ-

323 3469 444 3540 ρίου
476 3466 676 3538 Ἰησοῦ.
737 3465 849 3520 Καὶ
899 3464 1181 3529 ἐπιθέντος
1235 3464 1418 3528 αὐτοῖς
1447 3465 1542 3518 τοῦ
1566 3464 1777 3518 Παύλου
1801 3466 1899 3529 τὰς

324 3562 537 3631 χεῖρας,
556 3555 690 3628 ἦλθε
722 3555 1031 3626 τὸΠνεῦμα
1054 3556 1116 3608 τὸ
1143 3557 1298 3623 ἅγιον
1320 3559 1406 3609 ἐπ’
1425 3555 1623 3618 αὐτούς
1643 3556 1901 3612 ’ἐλάλουν

321 3670 382 3707 τε
412 3652 687 3720 γλώσσαις
735 3651 828 3703 καὶ
868 3650 1267 3721 προεφήτευον.
1301 3646 1484 3702 Ἦσαν
1521 3648 1579 3702 δέ
1603 3649 1651 3702 οί
1677 3649 1899 3711 πάντες,

322 3746 516 3814 ἄνδρες
549 3742 678 3796 ὡσεὶ
697 3741 924 3795 δώδεκα.
960 3739 1236 3794 Είσελθὼν
1267 3740 1325 3794 δὲ
1349 3741 1428 3803 είς
1444 3739 1543 3811 τὴν
1575 3741 1901 3810 συναγωγὴν

323 3835 786 3908 ἐπαρρησιάζετο,
821 3833 916 3886 ἐπὶ
972 3833 1151 3903 μῆνας
1202 3833 1352 3904 τρεῖς
1401 3831 1784 3901 διαλεγόμενος
1809 3834 1900 3886 καὶ

325 3927 533 3980 πείθων
559 3925 628 3979 τὰ
659 3924 788 3995 περὶ
816 3923 914 3993 τῆς
941 3921 1220 3992 βασιλείας
1249 3921 1343 3975 τοῦ
1371 3922 1529 3976 Θεοῦ.
1903 3919 1910 3924 ’

930 4013 1310 4068 EPMHNEIA.

398 4110 566 4167 Πόθεν
593 4103 739 4163 οῦτοι
771 4108 830 4161 ἐν
873 4103 1083 4174 Ἐφέσῳ
1134 4104 1305 4167 ὄντες,
1351 4102 1412 4156 τὸ
1441 4102 1725 4175 βάπτισμα
1757 4098 1903 4174 εἶχον

339 4209 618 4272 Ἰωάννου;
644 4206 803 4268 Ἴσως
828 4203 1178 4272 ἐπεδήμησαν
1207 4199 1316 4259 τοῖς
1341 4196 1406 4249 ’ῐε
1415 4196 1606 4267 ροσοὶύ
1615 4213 1738 4266 μοις
1758 4197 1899 4262 τότε,

326 4300 419 4353 καὶ
460 4297 705 4368 ἀπῆλθον
733 4295 873 4368 πρὸς
903 4294 993 4348 τδν
1029 4291 1302 4360 Ἰωάννην,
1333 4289 1428 4341 καὶ
1457 4288 1866 4360 ἐϐαπτίσθησαν
1886 4331 1900 4355 ,

326 4389 426 4444 καὶ
446 4389 567 4442 οὐδὲ
582 4389 674 4440 τὸν
700 4385 911 4456 Ἰησοῦν
929 4384 1250 4454 ἠπίσταντοσ
1265 4380 1346 4434 διὸ
1385 4380 1507 4434 οὐδέ
1532 4380 1676 4448 λέγει
1697 4381 1900 4445 αὐτοῖς,

329 4483 618 4534 Πιστεύετε
645 4481 721 4542 εἰς
740 4479 830 4531 τὸν
846 4475 1083 4546 Ἰησοῦνς
1103 4473 1237 4536 ἀλλ’,
1252 4492 1270 4523 ι
1291 4474 1351 4526 Et
1369 4472 1596 4544 Πνεῦμα
1613 4473 1765 4541 ἅγιον
1782 4473 1906 4526 ἐλά·-

327 4573 454 4626 6ετε
471 4588 486 4635 ;
511 4589 531 4623 ι
543 4568 802 4623 καὶτοῦτο
813 4566 965 4629 εἰδὼς
982 4567 1064 4620 ὅτι
1080 4564 1179 4616 οὐκ
1195 4559 1340 4634 εἶχον
1355 4580 1370 4594 ·
1391 4563 1524 4616 ἀλλὰ
1543 4562 1791 4632 βούλεται
1808 4563 1904 4617 αὑ·-

2003 3378 2088 3426 cst
2123 3373 2174 3426 in
2200 3368 2412 3426 Jesum.
2474 3369 2571 3427 His
2623 3373 2850 3438 auditis,
2907 3375 3168 3444 baptizati
3201 3389 3337 3434 sunt
3378 3380 3433 3435 in
3474 3397 3581 3437 no-

2004 3462 2151 3517 mine
2172 3461 2321 3519 Jesu.
2353 3461 2419 3517 Et
2451 3479 2575 3518 cum
2610 3465 2964 3535 imposuisset
2991 3466 3102 3524 illis
3131 3482 3327 3526 manus
3352 3470 3578 3541 Paulus,

2001 3555 2152 3611 venit
2203 3556 2441 3627 Spiritus
2486 3565 2712 3613 sanctus
2765 3573 2933 3627 super
2968 3573 3084 3624 eos,
3113 3569 3170 3615 et
3219 3562 3580 3634 loquebantur

2004 3647 2210 3718 linguis
2249 3655 2305 3702 et
2359 3647 2778 3718 praphetabant.
2819 3647 2988 3703 Erant
3026 3658 3208 3706 autem
3242 3667 3437 3712 omnes
3479 3658 3580 3712 viri

2003 3736 2118 3792 fere
2179 3737 2491 3792 duodecim.
2543 3737 2920 3808 lntrogressus
2974 3747 3154 3796 autem
3207 3756 3577 3818 synagogam,

2002 3841 2126 3881 cum
2157 3827 2355 3882 ﬁducia
2386 3828 2711 3898 loquebatur
2742 3843 2837 3900 per
2869 3837 2979 3884 tres
3013 3847 3253 3899 menses,
3293 3835 3580 3906 disputans

2002 3923 2055 3969 et
2086 3914 2323 3970 suadens
2357 3915 2423 3971 de
2456 3930 2622 3987 regno
2652 3913 2765 3971 Dei.

2501 4003 3067 4064 COMMENTARIUS.

2078 4094 2232 4152 Unde
2278 4096 2368 4150 isti
2422 4098 2514 4167 qui
2573 4097 2769 4168 Ephesi
2820 4100 3202 4170 morabantur,
3246 4103 3577 4176 baptismum

2007 4187 2280 4243 habebant
2324 4187 2594 4243 Joannis?
2646 4188 2902 4247 Fortasse
2946 4191 2982 4247 ii
3041 4194 3251 4264 pridem
3303 4195 3585 4272 Jerosoly-

2006 4295 2148 4335 mam
2183 4280 2412 4350 proiecti
2444 4280 2700 4342 fuerant;
2735 4291 2790 4338 et
2834 4292 2964 4340 tunc
2995 4286 3062 4342 ad
3105 4283 3368 4345 Joannem
3394 4306 3580 4350 acces-

2007 4380 2219 4439 serunt,
2250 4380 2304 4427 et.
2335 4372 2592 4444 baptizati
2621 4374 2690 4428 ab
2726 4389 2790 4430 eo
2813 4387 2964 4442 sunt,
2992 4379 3123 4449 quin
3149 4380 3336 4437 Jesum
3372 4400 3580 4459 cogno-

2007 4470 2243 4518 scerent.
2271 4460 2452 4528 Quare
2496 4479 2604 4517 non
2662 4463 2795 4520 dicit
2833 4466 2986 4522 illis:
3040 4467 3261 4526 Credite
3291 4473 3344 4527 in
3390 4472 3578 4532 Iesum

2008 4555 2287 4611 Christum
2320 4555 2343 4609 ?
2373 4555 2520 4620 sed,i
2557 4553 2613 4610 Si
2632 4554 2894 4626 Spiritum
2936 4570 3188 4616 sanetum
3223 4567 3579 4637 recepistis?»

325 4665 454 4726 τοὺς
469 4664 664 4728 εἰπεῖν,
684 4661 769 4714 ἵνα
791 4658 1054 4729 μαθόντες
1068 4651 1142 4710 ὧν
1159 4656 1580 4726 ἀπεστέρηνται,
1599 4655 1799 4718 εὐθέως
1817 4658 1898 4708 αξ-

2014 4648 2138 4702 licet
2163 4649 2408 4718 apprime
2441 4655 2650 4712 nosset,
2699 4663 2796 4704 eos
2827 4665 2936 4706 non
2979 4653 3277 4722 recepisse.
3323 4625 3427 4712 Sed
3469 4663 3584 4716 vult

326 4755 588 4824 τ’ἡσωσιν.
626 4752 758 4804 Ἀπὸ
785 4751 878 4804 τοῦ
896 4747 1270 4820 βαπτίσματος
1304 4747 1552 4800 Ἰωάννου
1572 4745 1904 4816 προφητεύει

328 4849 424 4900 καὶ
442 4845 624 4913 ἐνάγει
657 4844 871 4908 αὐτοὺς,
907 4843 990 4896 ὅτι
1031 4838 1188 4893 τοῦτο
1230 4839 1479 4910 βούλεται
1519 4837 1580 4890 τὸ
1621 4838 1902 4908 βάπτισμα

2016 4748 2075 4793 ιιι
2125 4741 2229 4810 ipsi
2278 4740 2382 4796 hoc
2423 4739 2722 4805 fateantur,
2772 4752 2830 4796 ut
2894 4743 3417 4816 animadvertentes,
3473 4766 3583 4821 quo

2016 4833 2460 4914 donocarerent,
2487 4833 2817 4902 quantocius
2866 4834 2996 4889 illud
3031 4847 3396 4900 exposcerent
3443 4840 3577 4914 (29).

1522 4952 1720 5014 Variae
1745 4951 2047 5013 lectiones
2089 4955 2152 5009 et
2195 4954 2384 5008 notae.

406 5042 450 5070 ⁵ο
480 5037 876 5102 ἑξετασθὲντος.

405 5186 518 5255 (ετ)
542 5183 985 5255 Chrysostmm15,
1039 5184 1184 5238 unde
1229 5183 1344 5237 hanc
1386 5181 1776 5255 commentatio
1806 5181 1902 5255 de-

334 5253 553 5324 sumpta
586 5253 690 5318 est,
718 5255 880 5320 paulo
903 5254 1081 5324 aliter,
1104 5264 1178 5324 et,
1200 5262 1264 5324 rut
1289 5260 1441 5324 puto,
1477 5253 1656 5324 verius
1697 5259 1752 5306 et.
1790 5253 1906 5324 cla-5

337 5319 481 5388 rius,
525 5326 629 5378 ista
690 5319 850 5376 habet
895 5323 1017 5376 sic:
1071 5323 1209 5374 Ἀλλ’
1264 5319 1327 5374 οὐ
1377 5319 1733 5390 βαπτίζεται,
1790 5322 1904 5390 an:

333 5399 425 5450 ὅτε
486 5393 875 5464 ἀκριϐέστερον
919 5391 1069 5464 αὐτῷ
1105 5388 1412 5464 ἐξέθεντοςξ
1429 5390 1602 5444 Τοῦτο
1648 5391 1704 5464 δὲ
1764 5388 1906 5464 εἷναί

340 5485 432 5536 μοι
468 5459 666 5536 ἀληθὲς
712 5463 982 5536 φαίνεται,
1022 5459 1104 5536 ὅτι
1151 5459 1724 5536 βαπτμισθῆναῄιωαὺτδν
1761 5462 1868 5536 ἔδει
1891 5480 1903 5493 ·

338 5529 460 5590 ἐπεί
490 5529 593 5594 τις.
626 5530 730 5586 Sed
761 5549 862 5584 non
899 5529 1220 5596 baptizatur,
1271 5531 1434 5584 donec
1482 5529 1562 5583 illi
1605 5533 1909 5587 accuratius

333 5611 707 5673 exposuerunt.
735 5606 845 5657 Hoc
863 5602 988 5654 mihi
1005 5618 1180 5673 verum
1202 5617 1313 5673 esse
1330 5600 1553 5663 videtur,
1583 5601 1708 5673 quia
1736 5604 1911 5668 bapti-

343 5671 461 5729 zari
535 5674 690 5726 illum
741 5673 1035 5740 oportebat.
1067 5672 1376 5738 Quoniam,
1427 5671 1908 5740 etc.il)iscrepan-

337 5749 470 5800 tiam
501 5743 643 5798 hanc
675 5758 738 5796 ex
769 5739 1117 5796 librariorum
1155 5741 1444 5794 oscitantia
1488 5739 1571 5794 vel
1605 5745 1910 5797 tenteritate

336 5826 517 5872 ortam
563 5827 684 5868 esse
731 5822 892 5882 puto;
936 5811 1079 5866 unde
1115 5811 1350 5867 arbitror
1390 5825 1488 5876 pro
1538 5808 1632 5880 μὴ,
1670 5827 1794 5876 non,
1832 5812 1910 5868 lc-

2004 5179 2238 5251 gendum
2268 5179 2378 5247 μοὶ,
2404 5176 2552 5243 mihi,
2575 5185 2630 5230 et
2654 5178 2814 5232 verba
2854 5179 3221 5248 praetermissa
3249 5182 3584 5239 restituenda

2003 5267 2066 5306 ex
2111 5251 2528 5318 Chrysostorno.

2077 5319 2189 5390 (28)
2211 5317 2298 5390 ⁸υιε
2334 5317 2536 5390 quibus
2566 5332 2688 5387 cap.
2720 5329 3022 5388 sequente:
3056 5319 3147 5375 ubi
3171 5335 3223 5374 v.
3263 5321 3293 5374 7
3315 5319 3423 5389 fere
3450 5321 3586 5376 duo-

2005 5387 2175 5447 decim
2202 5387 2371 5444 fuisse
2399 5387 2674 5442 dicuntur.

2079 5461 2193 5531 (9.9)
2226 5457 2429 5531 Testus
2453 5455 2875 5531 graecusjlujus
2903 5458 3266 5531 espositiouis
3299 5459 3458 5531 plane
3484 5461 3585 5516 de--

2039 5526 2284 5586 ideratur
2317 5528 2372 5581 in
2403 5526 2645 5582 editione
2666 5526 2988 5582 (Ecumenii
3020 5536 3210 5583 curata
3239 5526 3462 5585 Parisiis
3491 5545 3584 5586 an.

2013 5601 2172 5665 1651,
2209 5601 2333 5654 licet
2358 5606 2535 5667 exstet
2554 5598 2733 5652 versio
2775 5595 3012 5667 Latina_:
3053 5597 3148 5653 sed
3198 5599 3276 5652 illi
3332 5601 3400 5655 ad
3424 5600 3587 5667 glatus

2011 5674 2192 5726 denuo
2252 5666 2540 5738 appositus
2590 5675 2671 5722 est
2720 5674 2903 5722 textus
2951 5665 3176 5724 Grmcus
3224 5665 3586 5738 expositionis

2012 5737 2341 5822 superioris,
2394 5737 2594 5809 insigni
2653 5751 2785 5794 sane
2837 5737 3084 5794 editoris-
3121 5739 3202 5796 vel
3259 5737 3587 5813 typograplti

2014 5826 2244 5868 IIICIII‘Iao
