4082 6414
469 398 605 463 ίΒΟἹ

1391 338 1966 455 ΤΗΙέΟΡΙΙΥΙιΑΟΤὶ
2008 391 2414 454 BULGARLE
2456 392 2810 453 ARCHIEP.

3580 392 3716 457 1008

465 514 511 568 A
541 508 772 567 Joannis
821 504 1153 577 baptismate
1205 503 1536 559 vaticinatur
1588 504 1701 575 (30)
1748 514 1805 559 et
1844 502 2040 559 edocet

2157 499 2427 555 Ἰωάννου.
2466 499 2751 554 Ἐντεῦθεν
2787 500 2841 554 δέ
2871 500 3167 565 δείκνυται,
3199 500 3281 566 ὅτι
3314 499 3505 567 ἀτελὲς
3556 497 3626 576 ἦν
3658 497 3721 558 τδ

463 618 581 668 eos,
613 601 753 671 quod
798 600 903 654 hoc
937 599 1041 655 sibi
1092 601 1254 656 vellet
1289 598 1518 654 Joannis
1556 597 1843 667 baptisma.
1874 594 2037 665 285

470 694 606 748 llinc
636 707 763 747 vero
810 693 1118 749 ostenditur
1154 694 1425 762 baptisma
1468 687 1602 744 illud
1654 686 2037 759 imperfectum

466 768 639 843 fuisse
673 802 687 840 :
716 800 828 840 non
865 785 1008 840 enim
1040 784 1177 839 dixit
1205 801 1223 834 ι
1253 783 1579 851 baptismum
1624 798 1642 831 ι
1687 792 1809 834 esse
1843 775 2039 830 remis-

467 881 662 943 sionis,
686 880 835 944 .sed,
867 897 886 932 ι
914 876 1283 950 ,paanitentize.
1313 891 1332 925 ι
1376 872 1582 927 Deinde
1609 889 1632 921 ι
1670 868 1925 938 baptizati
1984 865 2039 919 in

470 971 693 1025 nomine
726 967 1124 1033 DominiJesu,
1158 986 1177 1018 ι
1213 965 1410 1035 inquit,
1448 961 1702 1016 manibus
1740 959 1890 1013 Pauli
1930 967 2042 1013 sta-

468 1061 564 1114 tim
610 1058 873 1128 Spiritum
924 1066 1178 1113 sanctum
1227 1060 1580 1123 acceperunt.
1621 1049 1804 1120 Ipsum
1861 1059 2041 1102 tamen

467 1165 576 1205 non
603 1150 895 1207 videbant:
929 1146 1220 1203 invisibiiis
1243 1153 1327 1200 est
1357 1146 1523 1200 enim.
1549 1141 1751 1198 Verum
1783 1141 2043 1197 sensibile

465 1240 689 1311 aliquod
718 1242 893 1311 ipsius
921 1239 1141 1294 virtutis
1174 1247 1572 1308 argumentum
1625 1234 1818 1290 edebat
1856 1231 2042 1303 gratia

465 1336 519 1387 in
553 1349 639 1396 eo.
673 1334 817 1402 quod
863 1331 1004 1385 alius
1056 1329 1275 1400 quidem
1314 1327 1629 1391 Persarum,
1674 1325 1813 1379 alius
1848 1321 2043 1378 Roma-

463 1439 661 1479 norum
687 1433 742 1478 ct
793 1421 935 1477 alius
981 1420 1259 1483 Indorum,
1289 1420 1429 1474 alius
1458 1419 1694 1487 denique
1736 1415 1897 1470 simili
1932 1414 2037 1468 alia

464 1515 646 1584 aliqua
673 1512 861 1582 lingua
902 1510 1157 1581 protinus
1204 1508 1575 1578 loquebatur:
1621 1513 1676 1559 et
1719 1504 1824 1557 hoc
1858 1511 2041 1557 extra-

2140 594 2424 665 βάπτισμα
2453 592 2724 648 Ἰωάννου.
2776 594 2853 647 Οὐ
2894 592 3004 664 γὰρ
3028 587 3181 646 εἶπεν
3241 593 3511 664 ἀφέσεως,
3562 595 3721 666 ἀλλὰ,

2143 706 2162 737 ι
2199 684 2509 754 μετανοίας,
2539 703 2560 736 ι
2584 680 2744 740 εἶναι.
2789 681 2921 739 Εἶτα
2950 684 3336 755 βαπτισθέντες
3364 689 3444 751 είς
3464 688 3526 742 τὸ
3549 690 3722 761 ὄνομα

2137 775 2231 828 τοῦ
2272 773 2480 845 Κυρίου
2521 773 2731 845 Ἰησοῦ,
2754 775 2941 845 φησὶν,
2974 775 3080 830 ὑπὸ
3109 776 3217 830 τῶν
3248 776 3448 847 χειρῶν
3478 778 3719 847 Παύλου,

2140 863 2344 929 εὐθέως
2371 865 2431 919 τὸ
2476 866 2702 937 Πνεῦμα
2760 866 3086 935 ἐλάμϐανον.
3115 866 3290 920 Τοῦτο
3312 867 3371 921 δέ
3412 870 3513 941 οὐχ
3535 870 3724 943 ἐώρων

2142 954 2395 1025 (ἀόρατον
2421 956 2529 1028 γάρ
2550 954 2744 1028 ἐστιν),
2767 956 3025 1026 αἰσθητὸν
3050 957 3109 1011 δέ
3130 974 3256 1013 τινα
3287 959 3511 1031 ἔλεγχον
3548 961 3722 1016 ἐδίδου

2139 1049 2238 1119 τῆς
2263 1048 2546 1120 ἐνεργείας
2567 1049 2785 1121 ἐκείνης
2810 1049 3021 1121 ήχάρις
3038 1067 3052 1083 ο
3085 1050 3180 1105 καὶ
3208 1055 3236 1107 6
3256 1052 3355 1122 μὲν
3380 1056 3448 1123 τῇ
3473 1054 3723 1126 Περσῶν.

2140 1139 2168 1191 6
2190 1138 2247 1191 δὲ
2276 1141 2344 1211 τῇ
2385 1139 2698 1211 Ῥωμαίων,
2729 1140 2758 1193 6
2787 1141 2844 1194 δέ
2865 1144 2932 1212 τῇ
2967 1141 3175 1209 Ἰνδῶν,
3226 1144 3254 1196 6
3292 1143 3350 1197 δὲ
3406 1145 3571 1217 ἑτέρᾳ
3616 1145 3728 1200 τινὶ

2140 1228 2368 1302 τοιαύτῃ
2398 1230 2604 1294 εὐθέως
2626 1230 2927 1300 ἐφθέγγετο
2949 1230 3192 1304 γλώσσῃ,
3217 1235 3314 1287 καὶ
3340 1233 3499 1288 τοῦτο
3531 1238 3727 1304 ἐφανε-

2144 1320 2303 1393 ροῦτο
2356 1327 2468 1389 τοῖς
2498 1323 2720 1391 ἔξωθεν,
2746 1325 2830 1379 ὅτι
2870 1326 2931 1379 τὸ
2954 1327 3182 1396 Πνεῦμά
3218 1328 3369 1383 ἐστιν
3392 1329 3451 1384 ἐν
3473 1331 3623 1400 αὐτῷ
3649 1331 3730 1403 τῷ

2148 1412 2528 1486 φθεγγομένῳ,
2556 1416 2773 1480 δεικνὺς
2819 1419 2848 1471 6
2892 1416 3024 1482 Θεὸς
3049 1418 3130 1472 ὄτι
3172 1421 3330 1474 τοῦτό
3366 1423 3482 1475 ἐστι
3508 1423 3608 1495 τῆς
3640 1425 3729 1491 ἐξ·

2145 1507 2332 1570 θυσίας
2365 1508 2465 1578 τῆς
2494 1508 2776 1564 ἀνωτάτω.

466 1599 996 1659 neisrnanifestabat
1051 1598 1317 1669 Spiritum
1352 1598 1535 1652 inesse
1598 1595 1673 1648 ita
1735 1592 2111 1663 loquentibus,
2154 1593 2267 1651 Deo
2338 1598 2516 1667 palam
2591 1598 2864 1668 faciente,
2939 1600 2993 1656 id
3058 1611 3327 1674 supremae
3395 1620 3521 1662 esse
3574 1615 3737 1677 pote«

463 1700 641 1755 statis.

538 1790 678 1844 Ecce
705 1788 794 1843 hic
823 1788 1039 1858 proprie
1070 1785 1327 1855 impletur
1358 1783 1490 1838 illud
1519 1799 1573 1836 ιι
1600 1781 1704 1848 Qui
1735 1787 1917 1835 autem
1941 1780 2048 1835 mi-
2080 1789 2123 1845 Β

468 1896 566 1936 nor
589 1891 672 1936 est
721 1880 775 1934 in
810 1894 979 1949 regno
1010 1877 1295 1937 cmlorum,
1323 1875 1497 1945 major
1533 1882 1616 1930 est
1645 1874 1738 1928 illo
1777 1873 1819 1904 ⁸¹
1856 1888 1873 1928 :
1909 1891 1929 1926 ι
1968 1871 2048 1928 si-

464 1970 685 2041 quidem
725 1969 929 2024 Paulus
960 1968 1337 2040 apostolorum
1392 1968 1619 2023 ultimus
1667 1964 1848 2036 quoad
1878 1978 2046 2019 voca-

466 2063 689 2128 tionem,
722 2060 870 2133 quod
904 2058 1147 2116 Joannes
1182 2059 1239 2113 in
1271 2059 1606 2129 baptismate
1640 2071 1750 2113 non
1775 2054 1947 2123 dedit,
1980 2053 2048 2108 il-

376 2174 380 2178 ·
466 2153 559 2209 Iud
592 2169 692 2224 per
721 2167 984 2207 manuum
1018 2150 1429 2221 impositionem
1455 2147 1667 2204 tribuit.

470 2332 544 2386 De
558 2331 685 2401 ﬁliis
715 2329 925 2395 Scene;
961 2337 1011 2383 et
1041 2327 1179 2400 quod
1206 2345 1308 2383 non
1337 2335 1574 2396 oporteat
1598 2333 1839 2383 accedere
1866 2328 1933 2382 ad
1965 2328 2047 2382 in-

540 2421 747 2492 ﬁdeles,
785 2432 833 2476 et
860 2421 950 2491 qui
992 2437 1047 2476 se
1087 2420 1192 2490 ﬁde
1230 2420 1475 2490 indignos
1512 2419 1874 2475 reddiderunt.
1913 2419 2047 2474 Item

543 2515 606 2566 de
643 2511 969 2581 confessione
991 2512 1347 2579 credentium;
1381 2520 1430 2567 et
1457 2514 1521 2566 de
1559 2512 1813 2568 seditione
1855 2512 2046 2583 Ephesi

542 2614 685 2659 mota
713 2621 745 2659 a
775 2604 1041 2660 Demetrio
1063 2605 1368 2676 argentario
1402 2615 1589 2661 contra
1612 2604 1902 2675 apostolos.

1100 2852 1406 2912 TEXTUS.

541 2939 679 3014 XIX,
699 2947 847 3004 9-40.
864 2945 1002 3002 Cum
1016 2959 1195 3003 autem
1214 2948 1433 3019 quidam
1448 2948 1857 3016 indurarentur,
1872 2958 1926 3007 et
1940 2965 2048 3007 non

470 3040 779 3102 crederent,
799 3037 1186 3094 maledicentes
1204 3039 1343 3093 viam
1360 3037 1573 3094 Domini
1592 3056 1776 3098 coram
1802 3043 2049 3097 multitu-

2252 1782 2381 1835 Ἰδοὺ
2413 1783 2649 1838 ἐνταῦθα
2676 1784 2976 1856 πληροῦται
3007 1786 3188 1851 ίδικῶς
3209 1789 3290 1855 τὸ,
3328 1808 3346 1837 ι
3381 1789 3442 1847 '0
3473 1793 3731 1864 μικρότε-

2154 1892 2247 1945 ρος
2295 1878 2354 1929 ἐν
2411 1880 2477 1948 τῇ
2521 1877 2770 1948 βασιλείᾳ
2818 1879 2925 1932 τῶν
3000 1880 3249 1950 οὐρανῶν
3301 1884 3505 1954 μείζων
3559 1888 3728 1941 αὐτοῦ

2151 1965 2322 2020 ἐστιν.
2360 1983 2381 2017 ι
2432 1966 2563 2019 Ἰδοὺ
2600 1966 2709 2037 γὰρ
2754 1967 2784 2019 6
2834 1968 2943 2020 τῶν
2983 1968 3300 2023 ἀποστόλων
3327 1970 3556 2042 ἔσχατος
3597 1975 3733 2045 περὶ

2149 2055 2251 2126 τὴν
2282 2055 2496 2124 κλῆσιν,
2528 2057 2665 2126 ὅπερ
2698 2058 2798 2111 οὐκ
2830 2057 3033 2113 ἔδωκεν
3063 2060 3315 2132 Ἰωάννης
3336 2063 3395 2117 ἐν
3424 2064 3502 2135 τῷ
3529 2063 3734 2135 βαπτί-

2154 2164 2351 2217 σματι,
2383 2147 2544 2203 τοῦτο
2577 2149 2667 2203 διὰ
2699 2150 2809 2204 τῶν
2836 2151 3036 2222 χειρῶν
3060 2154 3155 2206 τοῦ
3186 2153 3400 2210 Παύλου
3442 2156 3634 2212 ἔλαϐον
3678 2160 3730 2212 οἱ

2153 2239 2564 2308 βαπτισθέντες.

2150 2329 2291 2399 Περὶ
2336 2329 2454 2384 τῶν
2513 2330 2661 2385 υἱῶν
2705 2333 2928 2399 Σκευᾶ,
2967 2334 3059 2389 ὅτι
3112 2338 3185 2391 οὐ
3229 2338 3324 2392 δεῖ
3356 2341 3734 2409 προσχωρεῖν

2222 2420 2527 2487 ἀπίστοις.
2573 2422 2673 2475 καὶ
2727 2423 3001 2490 ἀναξίοις
3038 2426 3152 2493 τῆς
3185 2428 3446 2493 πίστεως
3484 2431 3731 2499 γενομέ-

2219 2526 2384 2576 νοις·
2421 2511 2520 2566 καί
2550 2511 2685 2581 περὶ
2721 2512 3218 2586 ἐξομολογήσεως
3255 2518 3373 2573 τῶν
3411 2525 3736 2578 statva

2223 2591 2342 2655 των
2361 2618 2374 2631 ⁸
2407 2603 2508 2658 καὶ
2541 2604 2675 2669 περὶ
2702 2602 2814 2672 τῆς
2836 2605 2908 2660 ἐν
2937 2608 3172 2677 Ἐφέσῳ
3203 2612 3557 2681 κινηθείσης
3583 2614 3728 2669 στά-

2224 2706 2379 2760 σεως
2410 2695 2533 2749 ὑπὸ
2579 2696 2915 2765 Δημητρίου
2962 2697 3071 2754 τοῦ
3114 2700 3534 2772 ἁργυροκόπυυ
3576 2705 3735 2760 κατὰ

2222 2782 2341 2837 τῶν
2366 2783 2751 2841 ἀποστόλων.

2748 2881 3139 2941 ΚΕΙΜΕΝΟΝ.

2244 2964 2332 3030 Ὧς
2355 2966 2413 3021 δέ
2447 2985 2594 3033 τινες
2629 2970 3024 3042 ἐσκληρύνοντο
3059 2974 3156 3028 καὶ
3188 2976 3468 3046 ἠπείθουν,
3498 2979 3728 3034 κακολο-

2152 3057 2378 3127 γοῦντες
2404 3060 2503 3130 τὴν
2545 3061 2669 3115 ὁδὸν
2699 3063 2930 3117 ἐνώπιον
2959 3065 3053 3119 τοῦ
3082 3066 3340 3138 πλήθους,
3368 3069 3610 3135 ἀποστὰς
3631 3071 3736 3127 ἀπ’

470 3131 629 3195 dine;
663 3126 954 3184 discedens
976 3128 1043 3182 ab
1060 3127 1162 3194 cis,
1183 3131 1490 3202 segregavit
1514 3130 1837 3203 discipulos,
1860 3134 2043 3205 quoti-

2150 3126 2350 3215 αὐτῶν,
2374 3126 2623 3223 ἀφῶρισε
2644 3153 2771 3217 τοὺς
2802 3154 3076 3227 μαθητὰς,
3100 3126 3222 3214 καθ’
3241 3126 3455 3232 ἡμέραν
3478 3126 3729 3233 διαλεγό-

470 3221 558 3275 die
587 3218 878 3288 disputans
908 3217 961 3273 in
987 3217 1174 3274 schola
1205 3220 1421 3290 tyranni
1445 3220 1756 3292 cujusdam.
1802 3221 1913 3278 Hoc
1948 3239 2049 3278 au-

468 3321 576 3367 tem
609 3310 812 3366 factum
838 3317 923 3366 est
953 3325 1049 3381 per
1068 3311 1375 3376 biennium,
1413 3312 1485 3367 ita
1517 3322 1578 3368 ut
1605 3328 1798 3371 omnes
1826 3316 1921 3386 qui
1949 3316 2049 3372 ha-

469 3403 719 3458 bitabant
764 3403 818 3456 in
858 3402 1011 3467 Asia,
1056 3401 1310 3457 audirent
1349 3407 1574 3459 verbum
1600 3405 1842 3471 Domini,
1871 3406 2046 3463 Judasi

474 3502 641 3565 atque
685 3493 941 3564 gentiles.
976 3492 1331 3565 Virtutesque
1373 3511 1483 3553 non
1519 3498 1791 3569 quaslibet
1817 3500 2049 3556 faciebat

468 3586 611 3644 Deus
650 3601 746 3657 per
773 3601 972 3644 manus
998 3585 1156 3642 Pauli
1182 3606 1196 3655 ;
1231 3589 1307 3643 ita
1339 3597 1399 3644 ut
1426 3591 1591 3646 etiam
1635 3607 1802 3663 super
1833 3593 2047 3664 langui-

448 3678 569 3733 Ados
619 3677 967 3734 deferrentur
1012 3694 1043 3734 a
1091 3694 1323 3750 corpore
1373 3680 1494 3752 ejus
1536 3682 1759 3738 sudaria
1806 3695 1860 3739 et
1887 3684 2073 3740 semi-’

442 3768 692 3833 scinctia,
726 3778 780 3825 et
811 3770 1142 3825 recedebant
1164 3772 1232 3826 ab
1267 3772 1349 3828 eis
1380 3773 1697 3844 languores,
1733 3784 1787 3830 et
1817 3777 2045 3846 spiritus

440 3873 703 3928 .nequam
737 3860 1183 3930 egrediebantur.
1203 3860 1577 3919 Tentavcrunt
1601 3850 1779 3919 autem
1818 3865 2043 3936 quidam

437 3959 520 4003 μοι
552 3951 620 4004 de
667 3949 1136 4006 circumeuntibus
1176 3950 1380 4008 Judaeis
1428 3956 1719 4011 exorcistis
1767 3956 2041 4022 invocare,

436 4070 441 4075 -
466 4057 631 4109 super
665 4056 761 4096 eos
785 4043 878 4112 qui
908 4043 1185 4098 habebant
1222 4044 1452 4114 spiritus
1480 4047 1676 4113 malos,
1715 4064 1911 4105 nomen
1940 4050 2045 4105 Do-

464 4133 601 4188 mini
626 4130 773 4198 Jesu,
791 4134 1034 4190 dicentes
1046 4150 1061 4189 :
1073 4134 1280 4206 Adjuro
1296 4154 1393 4195 vos
1406 4154 1506 4210 per
1520 4137 1707 4196 Jesum
1728 4157 1888 4212 quem
1907 4142 2048 4199 Pau-

470 4218 883 4292 lusprcedicat'.
934 4224 1106 4280 Erant
1148 4234 1330 4281 autem
1379 4229 1598 4299 quidam
1644 4229 1814 4287 Judaei
1863 4234 2046 4290 Scevze

469 4314 735 4384 principis
760 4313 1109 4371 sacerdotum
1138 4328 1346 4387 septem
1381 4321 1475 4376 tllii
1506 4323 1598 4392 qui
1626 4323 1729 4379 hoc
1749 4323 2040 4383 faciebant.

472 4403 831 4476 RespOndens
871 4415 1052 4464 autem
1096 4410 1327 4479 spiritus
1354 4427 1588 4482 nequam
1623 4414 1761 4469 dixit
1796 4417 1876 4471 eis
1906 4434 1920 4471 ι
1945 4416 2037 4472 Je-

2154 3256 2313 3310 μενος
2348 3241 2408 3294 ἐν
2435 3244 2504 3313 τῇ
2533 3243 2697 3316 σχολῇ
2727 3247 2994 3316 τυράννου
3022 3250 3188 3314 τινός.
3221 3251 3393 3307 Τοῦτο
3421 3253 3479 3307 δέ
3510 3256 3730 3323 ἐγένετο

2151 3332 2246 3386 ἐπὶ
2283 3331 2379 3404 ἐτη
2433 3333 2547 3400 δύο,
2607 3336 2749 3392 ὥστε
2783 3338 2998 3404 πάντας
3040 3342 3167 3405 τοὺς
3202 3345 3592 3410 κατοικοῦντας
3628 3348 3731 3418 τὴν

2167 3422 2356 3476 Ἀσίαν
2412 3424 2645 3479 ἀκοῦσαι
2680 3428 2773 3481 τὸν
2811 3429 2967 3497 λόγον
2996 3429 3093 3483 τοῦ
3130 3432 3338 3499 Κυρίου
3368 3434 3566 3504 Ἰησοῦ,
3595 3435 3728 3489 Ἰου-

2150 3515 2336 3580 δαίους
2364 3534 2423 3570 τε
2464 3518 2561 3571 καὶ
2584 3517 2876 3589 Ἕλληνας.
2901 3522 3173 3591 Δυνάμεις
3207 3539 3267 3576 τε
3310 3525 3374 3577 ού
3408 3528 3506 3589 τὰς
3531 3527 3727 3598 τυχού-

2151 3624 2252 3671 σας
2273 3610 2300 3661 ὁ
2324 3608 2457 3672 Θεὸς
2489 3608 2663 3662 ἐποίει
2691 3610 2780 3662 διὰ
2798 3610 2908 3664 τῶν
2934 3612 3134 3682 χειρῶν
3168 3615 3385 3669 Παύλου
3404 3633 3416 3647 '
3456 3616 3598 3670 ὥστε
3629 3619 3727 3672 καὶ

2146 3700 2239 3753 ἐπὶ
2271 3701 2397 3763 τοὺς
2443 3700 2806 3766 ἀσθενοῦντας
2839 3704 3202 3775 ἐπιφέρεσθαι
3243 3708 3350 3761 ἀπὸ
3381 3708 3475 3762 τοῦ
3515 3709 3725 3780 χρωτὸς

2145 3790 2315 3846 αὑτοῦ
2347 3792 2603 3864 σουδάρια
2644 3794 2739 3847 καὶ
2776 3797 3106 3866 σιμικίνθια,
3138 3800 3232 3853 καὶ
3280 3800 3725 3859 ἀπαλλάσσεσθαι

2143 3883 2238 3935 ἀπ’
2265 3882 2445 3937 αὐτῶν
2491 3883 2589 3947 τὰς
2619 3885 2827 3951 νόσους,
2870 3889 2940 3942 τά
2964 3904 3024 3942 τε
3076 3890 3372 3960 πνεύματα
3406 3892 3476 3945 τὰ
3508 3894 3727 3964 πονηρά

2145 3973 2469 4045 ἐξέρχεσθαι
2497 3976 2593 4030 ἀπ’
2621 3975 2823 4030 αὐτῶν.
2865 3978 3263 4051 Ἐπεχείρησαν
3312 3982 3369 4035 δέ
3425 4000 3571 4046 τινες
3612 3985 3724 4041 τῶν

2146 4065 2594 4136 περιερχομένων
2634 4065 2904 4121 Ἰουδαίων
2929 4069 3282 4141 ἐξορκιστῶν,
3313 4073 3600 4141 ὀνομάζειν
3627 4075 3724 4129 ἐπὶ

2144 4155 2273 4216 τοὺς
2308 4154 2533 4226 ἔχοντας
2557 4154 2629 4209 τὰ
2668 4156 2957 4228 πνεύματα
2980 4159 3049 4213 τά
3078 4162 3291 4232 πονηρά
3323 4163 3383 4216 τὸ
3419 4164 3589 4234 ὄνομα
3624 4167 3724 4220 τοῦ

2145 4241 2348 4314 Κυρίου
2423 4245 2623 4316 Ἰησοῦ,
2682 4248 2972 4317 λέγοντες’
3040 4251 3366 4325 Ὀρκίζομεν
3422 4256 3564 4326 ὑμᾶς
3629 4258 3725 4311 τὸν

2158 4334 2389 4405 Ἰησοῦν,
2414 4335 2474 4391 ὃν
2499 4338 2528 4390 6
2552 4338 2764 4405 Παῦλος
2797 4342 3086 4413 κηρύσσει.
3114 4339 3300 4400 Ἦσαν
3331 4347 3394 4401 δέ
3431 4365 3575 4412 τινες
3612 4349 3725 4403 υἱοὶ

2145 4423 2326 4479 Σκευᾶ
2358 4427 2617 4481 Ἰουδαίου
2644 4428 2951 4500 ἀρχιερέως
2974 4433 3136 4501 ἐπτά,
3162 4435 3213 4488 οἱ
3232 4436 3395 4490 τοῦτο
3420 4439 3725 4504 ποιοῦντες.

468 4512 589 4551 sum
630 4497 781 4563 novi,
809 4506 864 4553 et
905 4496 1135 4553 Paulum
1188 4502 1344 4568 scio;
1389 4519 1487 4559 vos
1518 4513 1700 4560 autem
1724 4507 1828 4576 qui
1862 4508 2039 4564 estis?

2157 4513 2492 4585 Ἀποκριθὲν
2522 4515 2580 4569 δέ
2616 4496 2914 4590 τὸπνεῦμα
2939 4522 3001 4576 τὸ
3030 4496 3285 4594 πονηρὸν,
3313 4523 3466 4581 εἶπεν
3493 4496 3721 4591 αὐτοῖςἰ

446 4587 535 4641 "Et
587 4589 835 4645 insiliens
867 4591 922 4644 in
953 4605 1050 4648 eos
1082 4591 1269 4659 homo,
1312 4594 1366 4647 in
1393 4610 1502 4665 quo
1545 4604 1664 4651 erat
1711 4596 2039 4655 daemonium

466 4678 786 4747 pessimum,
819 4687 873 4734 et
899 4678 1214 4738 dominatus
1245 4683 1554 4752 amborum,
1586 4686 1813 4741 invaluit
1852 4699 2042 4744 contra

452 4783 587 4829 .eos,
641 4769 716 4822 ita
764 4778 823 4824 nt
868 4771 1001 4825 nudi
1043 4781 1098 4828 et
1134 4774 1408 4830 vulnerati
1440 4777 1751 4849 eti‘ugerent
1782 4781 1849 4836 de
1880 4781 2043 4838 domo

459 4859 582 4913 illa.
622 4858 738 4916 Hoc
764 4870 944 4918 autem
979 4874 1166 4920 notum
1200 4867 1405 4922 factum
1438 4879 1523 4926 est
1552 4873 1813 4928 omnibus
1840 4871 2042 4930 Iudaeis

461 4956 630 5018 atque
676 4950 991 5020 gentilibus,
1027 4955 1120 5024 qui
1146 4954 1480 5022 ,hsbitabant
1526 4948 1750 5029 Ephesi,
1795 4970 1855 5018 et
1898 4965 2039 5019 ccci-

530 5127 577 5160 ⁸⁸
611 5126 804 5183 Matth.
839 5144 900 5196 ll,
941 5129 1021 5184 il.

2139 4600 2244 4655 Τὸν
2287 4602 2497 4674 Ἰησοῦν
2535 4605 2812 4675 γινώσκω,
2845 4608 2942 4661 καὶ
2994 4609 3083 4664 τὸν
3132 4611 3342 4666 Παῦλον
3376 4614 3680 4685 ἐπίσταμαι
3709 4633 3725 4647 θ

2138 4691 2301 4762 ὑμεῖς
2334 4693 2391 4747 δὲ
2422 4695 2566 4760 τίνες
2595 4697 2756 4765 ἐστέ;
2790 4698 2901 4753 Καὶ
2949 4701 3317 4772 ἐφαλλόμενος
3352 4706 3379 4757 6
3427 4704 3726 4776 ἄνθρωπος

2139 4785 2226 4837 ἐπ’
2251 4787 2473 4854 αὐτοὺς,
2500 4790 2561 4842 ἐν
2586 4781 2631 4857 ᾧ
2650 4785 2718 4862 ἦν
2738 4790 2800 4843 τὸ
2820 4791 3038 4864 πνεῦμα
3057 4794 3120 4848 τὸ
3140 4797 3397 4866 πονηρὸν,
3423 4798 3518 4852 καὶ
3543 4815 3722 4852 κατα-

2140 4877 2444 4947 κυριεύσας
2509 4881 2862 4954 ἀμφοτέρων,
2908 4885 3094 4956 ῖσχυσε
3152 4889 3272 4941 κατ’
3323 4889 3522 4955 αὐτῶν,
3569 4889 3720 4944 ὥστε

2139 4970 2386 5038 γυμνοὺς
2432 4973 2527 5027 καὶ
2572 4978 3153 5049 τετραυματισμένους
3205 4980 3465 5050 ἐκφυγεῖν
3506 4983 3569 5035 ἐκ
3616 4981 3718 5036 τοῦ

1640 5250 1851 5314 ’Variae
1886 5253 2192 5323 lectiones
2236 5267 2299 5323 et
2340 5269 2526 5328 notae.

534 5362 645 5446 (ὅθ)
670 5363 880 5446 Textus
912 5366 1033 5446 iste.
1068 5367 1158 5438 qui
1205 5370 1342 5427 alias
1384 5379 1471 5427 est
1523 5372 1925 5446 Chrysostomi,
1958 5382 2031 5438 ita

461 5435 684 5516 vitiatus
711 5449 795 5516 _a_c
837 5435 1185 5516 deformatus
1223 5450 1328 5516 est,
1373 5451 1433 5496 ut
1474 5435 1779 5516 congr'uum
1807 5435 2029 5506 sensum

462 5514 572 5581 non
595 5504 802 5581 reddat.
837 5502 914 5559 En
956 5505 1240 5581 in_tegram_
1267 5502 1641 5581 Citrysostomi
1691 5502 2032 5575 commenta:

464 5572 672 5662 ⁸⁵⁰¹¹ῗ¹¹ῑ
708 5572 761 5662 it"
800 5589 863 5662 9.“
916 5572 1151 5662 ‘I‘E'l’f'vi.
1196 5578 1262 5661 δέ
1318 5572 1668 5662 “iu-411mm
1717 5572 2031 5657 unguii}:

461 5640 903 5729 proplt'etaban't‘i
938 5644 1059 5729 Ἀπί
1090 5647 1257 5729 αύτοῦ
1287 5640 1395 5729 ⁵τοῦ
1460 5640 2031 5729 Λβαπτίσματδςήξρολ

618 5707 630 5722 ν
834 5713 844 5729 η
881 5714 903 5724 δ
1471 5707 1482 5720 ι
1652 5707 1842 5726 ”ι“⁷““““τ
1902 5707 1998 5729 "r'

464 5725 782 5800 (pigre-uoco}:
847 5730 971 5800 ουτο
1003 5713 1080 5800 δὲ..
1089 5717 1150 5800 τὸ
1183 5717 1430 5800 Ἰωάννου
1455 5721 1863 5800 βάπτισμαλούκ
1883 5725 2028 5800 εἶχε,

452 5778 542 5831 διο
568 5778 668 5829 καὶ
720 5782 900 5846 ἀτελὲς
941 5780 1028 5853 ἦν.
1059 5786 1175 5839 Ἵνα
1204 5787 1259 5842 δὲ
1281 5789 1390 5844 τῶν
1441 5778 2028 5866 το.ούτω’νήάξιῶθῶ’σι;

2135 5402 2631 5461 προπαρεσκευασε
2650 5390 2851 5461 μᾶλλον
2877 5391 3065 5461 αὐτοῦ.
3093 5392 3256 5446 ’Ὥστε
3286 5394 3442 5449 τοῦτο
3464 5398 3719 5455 ἐϐούλετο

2144 5457 2404 5536 Ἰωάννης
2438 5457 3083 5536 βαπτίζωνηπιστεῦσαι
3146 5466 3254 5536 είς-
3289 5465 3380 5519 τὸν
3418 5469 3719 5536 ἐρχόμενον

2153 5527 2463 5601 μετάύτόνζί
2489 5529 2568 5601 A6
2601 5532 2714 5597 ipso
2754 5531 3067 5601 baptismate
3100 5527 3583 5601 prophetautfiio'c
3610 5556 3716 5592 au-

2133 5596 2235 5674 tem
2263 5596 2493 5652 Joannis
2530 5599 2804 5674 _b_aptisma
2839 5617 2941 5674 non
2977 5596 3244 5674 liabebat';
3272 5604 3489 5674 ideoque
3514 5608 3714 5673 imper-

2131 5667 2500 5746 [eunti-inerat:
2526 5667 2593 5723 Ut
2632 5686 2792 5746 porro
2838 5670 2917 5746 his
2947 5671 3101 5746 {tigni
3136 5667 3475 5740 Imbercnticr,
3500 5667 3713 5746 praepa-

2132 5738 2269 5816 raait
2296 5738 2437 5792 illos.
2472 5738 2660 5816 Itaque
2701 5742 2798 5816 hoc
2827 5738 3030 5793 volebat
3068 5740 3326 5806 Joannes,
3379 5738 3510 5798 cunt-
3532 5738 3710 5816 bapti-

2131 5808 2309 5872 zabat,
2338 5819 2392 5861 ut
2426 5810 2691 5863 crederem
2722 5812 2775 5865 in
2809 5821 3079 5863 venturum
3105 5822 3224 5879 post
3253 5816 3443 5881 ipsum.
