4082 6426
333 366 464 428 1009

950 372 1482 435 EXPOSITIONIS
1508 375 1586 435 1N
1626 375 1815 437 ACTA
1842 376 2143 441 TEXTUS
2183 383 2453 444 ALTER.
2500 411 2560 420 -
2595 358 2754 448 CAP.
2791 390 2952 449 XIX.

3435 392 3571 460 1010

323 477 475 527 οῐκου
501 475 735 531 ἐκείνου.
764 476 935 532 Τοῦτο
962 480 1017 532 δὲ
1056 490 1294 548 γνωστὸν
1317 482 1533 550 ἐγένετο
1561 486 1725 537 πᾶσιν
1754 484 1889 537 Ἰου-

2003 488 2072 542 dit
2107 490 2270 544 timor
2297 506 2462 560 super
2485 507 2676 549 omnes
2715 493 2857 556 illos,
2890 504 2945 549 et
2986 497 3435 567 magniﬁcabatur
3466 520 3564 557 no-

320 562 491 628 δαίοις
517 582 576 619 τε
609 567 703 621 καὶ
736 568 962 640 Ἕλλησι
996 578 1107 636 τοῖς
1139 575 1448 629 κατοικοῦσι
1487 577 1586 647 τὴν
1613 578 1850 645 Ἔφεσον
1872 593 1885 607 ·

316 659 411 712 καὶ
439 660 674 714 ἐπέπεσε
708 661 873 730 φόϐος
906 664 1002 716 ἐπὶ
1047 665 1256 730 πάντας
1295 665 1517 730 αὐτοὺς,
1550 669 1644 722 καὶ
1682 668 1889 738 ἐμεγαο

314 750 507 807 λύνετο
533 754 593 807 τὸ
621 753 792 826 ὄνομα
825 754 919 810 τοῦ
957 757 1163 830 Κυρίου
1206 758 1403 829 Ἰησοῦ.
1448 758 1639 813 Πολλοί
1675 776 1735 812 τε
1779 758 1890 812 τῶν

312 847 758 901 πεπιστευκότων
789 847 1043 919 ἦρχοντο,
1086 849 1568 920 ἐξομολογούμενοι
1595 852 1688 904 καὶ
1715 853 1885 918 dwar-

313 936 595 1002 γέλλοντες
623 943 723 1002 τὰς
778 939 1008 1007 πράξεις
1053 941 1254 996 αὐτῶν.
1304 942 1506 996 Ἰκανοὶ
1553 943 1611 995 δὲ
1656 941 1765 996 τῶν
1821 941 1889 994 τὰ

320 1029 592 1099 περίεργα
636 1030 980 1100 πραξάντων,
1028 1033 1451 1100 συνενέγκαντες
1501 1035 1599 1097 τὰς
1651 1033 1888 1103 βίϐλους,

318 1119 608 1173 κατέκαιον
642 1119 949 1192 ἔμπροσθεν
989 1124 1205 1178 πάντων
1226 1125 1350 1179 ’καὶ
1383 1126 1756 1197 συνεψήφισαν
1791 1128 1891 1193 τὰς

316 1210 486 1277 τιμὰς
512 1210 711 1275 αὐτῶν,
749 1212 843 1265 καὶ
884 1206 1040 1285 εὗρον
1080 1216 1346 1286 ἀργυρίου
1387 1218 1653 1288 μυριάδας
1688 1219 1846 1273 πέντε
1871 1238 1885 1252 ·

315 1297 462 1353 οὕτω
509 1302 853 1372 κατακράτος
890 1303 918 1354 ὁ
962 1304 1119 1372 λόγος
1153 1305 1247 1358 τοῦ
1289 1307 1498 1379 Κυρίου
1523 1307 1751 1380 ἠὔξανε
1793 1310 1888 1365 καὶ

318 1388 519 1459 ἴσχυεν.
565 1392 652 1456 Ὧς
685 1394 740 1448 δὲ
767 1394 1060 1467 ἐπληρώθη
1097 1398 1291 1465 ταῦτα,
1338 1399 1492 1454 ἔθετο
1516 1401 1544 1453 ὁ
1586 1401 1795 1464 Παῦλος
1829 1403 1886 1455 ὲν

314 1480 393 1550 τῷ
421 1481 718 1552 Πνεύματι,
755 1483 980 1539 διελθὼν
1006 1486 1105 1557 τὴν
1143 1488 1482 1545 Μακεδονίαν
1513 1491 1607 1544 καὶ
1633 1491 1884 1562 ’Λχαῖαν,

315 1575 651 1643 πορεύεσθαι
698 1577 779 1640 είς
842 1577 1215 1650 Ἰεροσόλυμα,
1267 1581 1460 1648 εἰπὼν,
1503 1582 1608 1646 ὄτι,
1638 1584 1793 1636 Μετὰ
1826 1583 1886 1636 τὸ

315 1664 572 1733 γενέσθαι
604 1684 670 1738 με
700 1669 836 1734 ἐκεῖ,
861 1669 942 1722 δεῖ
973 1686 1041 1738 με
1071 1671 1164 1724 καὶ
1194 1669 1413 1742 Ῥώμην
1440 1673 1592 1727 ίδεῖν.
1613 1675 1889 1727 Ἀποστεί-

317 1758 417 1821 λας
450 1759 506 1813 δὲ
546 1761 624 1822 είς
673 1760 770 1832 τὴν
813 1763 1154 1817 Μακεδονίαν
1196 1765 1295 1818 δύο
1340 1765 1451 1820 τῶν
1497 1765 1890 1821 διακονούντων

2000 592 2121 631 men
2156 580 2322 651 236
2361 580 2573 636 Domini
2616 582 2764 641 Jesu.
2803 583 3064 656 Multique
3103 589 3442 648 credentium
3479 611 3559 651 vc-

1999 668 2223 723 niebant
2274 673 2602 729 conﬁtentes
2648 686 2705 731 et
2759 677 3150 735 annuntiantes
3203 693 3358 740 actus
3406 700 3564 742 suos.

1998 760 2149 816 Multi
2200 776 2377 818 autem
2429 782 2493 820 ex
2539 767 2642 831 eis,
2676 770 2768 838 qui
2819 769 3036 826 fuerant
3075 773 3293 831 curiosa
3346 779 3563 842 sectati,

1996 854 2344 909 contulerunt
2395 857 2562 913 libros
2608 869 2661 914 et
2703 862 3129 920 combusserunt
3168 879 3351 921 coram
3382 870 3563 924 omni-
3640 863 3647 870 ’

1996 942 2100 1000 bus
2136 964 2148 998 :
2186 954 2241 1001 et
2274 948 2602 1017 computatis
2629 952 2815 1020 pretiis
2842 952 3081 1020 illorum,
3112 955 3441 1012 invenerunt
3474 973 3567 1028 pe-

1994 1032 2210 1088 cuniam
2251 1034 2598 1092 denariorum
2629 1039 3020 1113 quinquaginta
3053 1044 3306 1100 millium.
3333 1045 3414 1101 Ita
3444 1046 3562 1103 for-

1993 1128 2121 1181 titer
2153 1130 2433 1184 crescebat
2469 1132 2693 1188 verbum
2739 1134 2833 1191 Dei
2863 1144 2916 1191 et
2967 1136 3418 1194 confirmabatur.
3462 1138 3559 1195 His

1992 1225 2173 1271 autem
2206 1219 2457 1290 expletis,
2492 1226 2779 1293 proposuit
2808 1226 3011 1282 Paulus
3041 1227 3095 1282 in
3127 1228 3357 1297 Spiritu,
3407 1238 3557 1284 tran-

1991 1308 2097 1363 sita
2127 1307 2439 1367 Macedonia
2462 1322 2518 1369 et
2532 1313 2854 1382 Achaia,ire
2881 1316 3273 1389 Jerosolymam
3296 1361 3311 1386 ,
3332 1320 3518 1377 dicens
3544 1339 3558 1374 :

1992 1400 2250 1469 quoniam
2296 1403 2594 1473 Postquam
2638 1406 2790 1461 fuero
2827 1407 2921 1473 ibi,
2979 1418 3194 1478 oportet
3244 1425 3328 1465 me
3361 1419 3417 1466 et
3449 1409 3564 1465 Ro-

1993 1502 2135 1549 mam
2186 1488 2391 1545 videre.
2435 1490 2653 1547 Mittens
2695 1503 2877 1548 autem
2924 1496 2976 1548 in
3025 1496 3395 1553 Macedoniam
3424 1497 3565 1553 duos

1991 1596 2055 1634 ex
2103 1580 2541 1640 ministrantibus
2599 1585 2724 1650 sibi,
2785 1586 3129 1642 Timotheum
3184 1595 3237 1641 et
3288 1586 3567 1655 Erastum,

1992 1669 2107 1739 ipse
2136 1674 2401 1729 remansit
2434 1675 2499 1729 ad
2542 1682 2756 1746 tempus
2788 1677 2842 1731 in
2880 1678 3030 1733 Asia.
3065 1678 3225 1734 Facta
3272 1689 3359 1734 est
3384 1688 3565 1736 autem

1993 1759 2087 1816 illo
2119 1772 2361 1834 tempore
2402 1768 2640 1823 turbatio
2679 1785 2787 1823 non
2830 1770 3054 1826 minima
3084 1772 3152 1827 de
3187 1773 3272 1826 via
3327 1771 3564 1831 Domini.

318 1848 491 1918 αύτῷ,
526 1827 792 1920 Τιμόθεον
822 1852 914 1905 καὶ
943 1852 1234 1925 Ἔραστον,
1267 1854 1428 1920 αύτδς
1458 1857 1658 1930 ἐπέσχε
1697 1859 1885 1930 χρόνον

2003 1852 2301 1910 Demetrius
2348 1856 2492 1911 enim
2532 1858 2759 1928 quidam
2793 1860 3035 1927 nomine,
3084 1863 3456 1931 argentarius,
3489 1863 3568 1917 fa-

320 1940 400 2002 είς
432 1940 532 2011 τὴν
572 1942 777 1997 Ἀσίαν.
814 1944 1060 2013 Ἐγένετο
1080 1947 1135 2002 δὲ
1168 1948 1310 2002 κατὰ
1337 1950 1427 2004 τὸν
1458 1952 1649 2022 καιρὸν
1680 1956 1887 2007 ἐκεῖνον

2003 1943 2139 1998 :iens
2176 1945 2320 2002 aedes
2350 1958 2635 2018 argenteas
2684 1947 2887 2015 Dianae,
2934 1952 3227 2022 prun-tabat
3260 1954 3568 2010 artiﬁcibus

312 2033 552 2104 τάραχος
573 2036 673 2088 οὐκ
700 2035 878 2105 ὀλίγος
898 2040 1143 2111 περὶτῆς
1172 2041 1314 2098 ὁδοῦ.
1335 2044 1643 2116 Δημήτριος
1667 2048 1774 2116 γάρ
1804 2063 1888 2109 τις

2003 2050 2097 2089 ion
2131 2038 2403 2092 modicum
2443 2048 2760 2110 quaestum:
2810 2057 2952 2112 quos
3007 2055 3423 2109 convocans,.et
3471 2061 3567 2101 eos

311 2124 559 2194 ένόματι,
582 2126 981 2198 ἀργυροκόπος,
1006 2132 1174 2186 ποιῶν
1204 2135 1365 2198 ναοὺς
1397 2137 1671 2207 ἀργυροῦς
1703 2137 1888 2208 Ἀρτέ-

320 2216 491 2285 μιδος,
510 2218 803 2289 παρείχετο
826 2224 936 2286 τοῖς
960 2222 1234 2293 τεχνίταις
1259 2225 1359 2278 ούκ
1379 2225 1575 2297 ὀλίγην
1605 2229 1884 2303 ἐργασίαν.

314 2307 423 2371 Οὓς
455 2311 815 2382 συναθροίσας
860 2314 952 2368 καὶ
1003 2316 1131 2379 τοῦς
1182 2317 1310 2388 περὶ
1342 2317 1412 2371 τὰ
1465 2318 1689 2373 τοιαῦτα
1724 2321 1889 2392 ἐργά-

316 2417 437 2465 τας,
465 2397 649 2454 εἶπενο
686 2404 931 2477 Ἄνδρες,
994 2406 1255 2461 ἐπίσταθε
1292 2409 1375 2462 δτι
1426 2409 1489 2462 ὲκ
1533 2406 1736 2481 ταύτης
1792 2411 1890 2481 τῆς

319 2491 584 2561 ἐργασίας
639 2495 672 2565 ἡ
712 2495 943 2565 εὐπορία
996 2499 1127 2567 ἡμῖν
1177 2500 1326 2552 ἐστι·
1364 2502 1459 2553 καὶ
1512 2500 1765 2571 θεωρεῖτε
1798 2504 1890 2557 καὶ

317 2578 568 2647 ἀκούετε,
611 2583 692 2636 ὅτι
743 2585 805 2636 οὐ
844 2584 1003 2654 μόνον
1056 2587 1154 2656 τῆς
1220 2587 1469 2657 Ἐφέσου,
1519 2590 1657 2644 ἀλλὰ
1698 2592 1884 2660 σχεδδν

320 2671 501 2743 πάσης
533 2676 632 2745 τῆς
673 2676 858 2739 Ἀσίας
898 2678 927 2731 ὁ
957 2677 1167 2743 Παῦλος
1198 2672 1350 2743 οὗτος
1379 2682 1575 2743 πείσας
1610 2683 1880 2754 μετέστη-

322 2782 415 2817 σεν
466 2768 649 2819 ίκανδν
698 2767 874 2839 ὄχλον,
910 2769 1112 2840 λέγων,
1153 2772 1235 2826 ὅτι
1281 2773 1381 2828 οὐκ
1411 2774 1519 2827 εἰσὶ
1574 2774 1687 2828 θεοὶ
1725 2777 1775 2829 oi
1805 2777 1894 2830 διὰ

322 2855 522 2925 χειρῶν
547 2857 841 2926 γινόμενοι.
864 2859 938 2912 Οὐ
969 2860 1127 2931 μόνον
1157 2860 1213 2914 δὲ
1235 2860 1391 2915 τοῦτο
1412 2861 1711 2917 κινδυνεύει
1738 2865 1893 2936 ἡμῶν

321 2948 386 3001 τδ
420 2948 586 3019 μέρος
617 2950 695 3014 είς
727 2950 1037 3022 ἀπελεγμὸν
1065 2952 1260 3019 ὲλθεῖν,
1283 2953 1417 3008 ἀλλὰ
1453 2955 1549 3009 καὶ
1573 2956 1633 3008 τὸ
1669 2956 1762 3026 τῆς
1801 2974 1897 3025 με·

324 3040 499 3111 γάλης
531 3039 659 3105 θεᾶς
707 3042 1023 3114 Ἀρτέμιδος
1057 3043 1202 3115 ἱερὸν
1238 3047 1318 3109 εἰς
1350 3046 1503 3100 οὐδὲν
1546 3047 1893 3120 λογισθῆναυ

1989 2128 2080 2198 qui
2118 2128 2428 2199 huiusmodi
2474 2140 2633 2187 erant
2675 2132 2922 2203 opiﬁces,
2975 2134 3161 2190 dixit:
3221 2135 3360 2199 Viri,
3413 2138 3569 2194 scitis

1989 2218 2116 2288 quia
2149 2219 2216 2275 de
2244 2220 2346 2275 hoc
2387 2220 2617 2277 artiﬁcio
2670 2233 2755 2279 est
2789 2225 2947 2280 nobis
2977 2226 3304 2295 acquisitio;
3334 2235 3389 2282 et
3420 2228 3570 2283 vide-

1992 2308 2080 2374 Iis,
2108 2319 2163 2364 et
2187 2311 2407 2377 auditis,
2441 2313 2568 2381 quia
2607 2329 2713 2370 non
2743 2315 2921 2370 solum
2955 2315 3177 2386 Ephesi,
3199 2317 3295 2372 sed
3327 2333 3461 2388 pene
3486 2327 3567 2372 to-
3620 2387 3624 2391 ﬁ

1992 2400 2100 2457 tius
2125 2402 2283 2466 Asiae,
2327 2402 2528 2459 Paulus
2596 2406 2683 2460 hic
2719 2408 2952 2463 suaden's
2991 2409 3185 2463 avertit
3213 2410 3433 2465 multam
3458 2417 3572 2465 tur-

1992 2491 2138 2567 bam,
2170 2491 2357 2549 dicens
2390 2534 2403 2556 ,
2434 2496 2688 2562 quoniam
2737 2513 2845 2552 non
2884 2507 3013 2553 sunt
3056 2498 3154 2564 dii,
3187 2501 3277 2569 qui
3316 2501 3569 2555 manibus

1995 2578 2150 2635 ﬁunt.
2196 2581 2312 2636 Non
2367 2583 2542 2657 solum
2611 2584 2789 2639 autem
2855 2586 2971 2642 haec
3021 2588 3360 2658 periclitatur
3411 2589 3571 2644 nobis

1994 2686 2120 2741 pars
2157 2672 2211 2725 in
2241 2673 2677 2744 redargutionem
2704 2679 2912 2743 venire,
2951 2678 3048 2734 sed
3078 2690 3132 2736 et
3156 2696 3366 2750 magnae
3391 2679 3571 2735 Dianae

1995 2764 2255 2834 temp!um
2294 2766 2346 2819 in
2378 2766 2607 2822 nihilum
2644 2770 3010 2839 reputabitur,
3051 2771 3146 2827 sed
3168 2780 3224 2828 et
3246 2772 3456 2827 destrui
3487 2773 3574 2826 in.-

1995 2854 2159 2925 cipiet
2196 2855 2453 2926 majestas
2483 2858 2623 2929 eius,
2650 2876 2813 2930 quam
2846 2870 2957 2915 tota
2989 2856 3117 2919 Asia
3150 2868 3204 2917 et
3229 2863 3379 2918 orbis
3406 2864 3562 2918 colit.

1996 2948 2092 3004 His
2123 2949 2346 3011 auditis,
2387 2949 2573 3020 repleti
2621 2961 2749 3006 sunt
2786 2953 2890 3015 ira,
2926 2962 2981 3008 et
3020 2953 3463 3010 exclamaverunt
3487 2956 3571 3009 di-

1998 3038 2226 3096 centes:
2260 3037 2453 3107 Magna
2491 3039 2654 3094 Diana
2689 3041 3074 3111 Ephesiorum.
3125 3042 3189 3096 Et
3239 3042 3460 3113 impleta
3492 3052 3576 3100 est

329 3132 514 3201 μέλλει
539 3133 596 3186 δὲ
623 3134 718 3187 καὶ
742 3134 1128 3207 καθαιρεῖσθαι
1153 3135 1252 3207 τὴν
1284 3138 1681 3211 μεγαλειότητα
1705 3140 1894 3210 αὐτῆς,

2003 3129 2195 3185 civitas
2220 3128 2560 3193 confusione,
2596 3139 2649 3187 et
2678 3132 2941 3204 impetum
2970 3134 3221 3188 fecerunt
3249 3149 3361 3189 uno
3391 3133 3577 3189 animo

326 3224 394 3294 ἦν
415 3224 512 3293 ὅλη
538 3224 572 3295 ἡ
603 3225 756 3278 Ἀσία
780 3225 876 3280 καὶ
901 3227 933 3296 ἡ
954 3228 1246 3300 οἰκουμένη
1273 3229 1510 3286 σέϐεται.
1541 3230 1896 3297 Ἀκούσαντες

325 3314 404 3371 δὲ.
440 3314 534 3366 καὶ
562 3314 847 3385 γενόμενοι
872 3316 1101 3388 πλήρεις
1133 3319 1333 3390 θυμοῦ,
1354 3318 1585 3392 ἔκραζον
1612 3321 1861 3391 λέγοντες
1881 3341 1895 3356 ·

326 3403 557 3474 Μεγάλη
585 3406 620 3473 ἠ
644 3406 909 3479 Ἀρτεμις
953 3408 1231 3478 Ἐφεσίων.
1261 3413 1369 3467 Καὶ
1398 3412 1645 3487 ἐπλήσθη
1683 3416 1717 3486 ἠ
1747 3416 1899 3481 πόλις

328 3495 426 3565 ὅλη
449 3495 550 3565 τῆς
583 3498 896 3567 συγχύσεως
915 3515 930 3531 ο
972 3498 1243 3571 ὥρμησάν
1281 3519 1341 3556 τε
1365 3504 1709 3576 ὁμοθυμαδὸν
1734 3507 1814 3572 είς
1841 3508 1903 3561 τδ

330 3584 578 3655 θέατρον,
643 3588 1089 3659 συναρπάσαντες
1143 3589 1300 3644 Γάϊον
1352 3593 1447 3647 καὶ
1508 3591 1900 3666 Ἀρίσταρχον,

332 3673 676 3739 Μακεδόνας,
725 3677 1099 3747 συνεκδήμους
1155 3681 1387 3737 Παύλου.
1423 3682 1528 3755 Τοῦ
1578 3684 1636 3737 δὲ
1690 3686 1902 3739 Παύλου

337 3763 665 3833 βουλομένου
705 3766 967 3823 εἰσελθεῖν
995 3770 1074 3832 είς
1100 3768 1192 3823 τὸν
1218 3770 1409 3840 δῆμον,
1440 3772 1540 3826 ούκ
1580 3773 1708 3828 εῖων
1740 3775 1904 3846 αὐτὸν

336 3858 385 3909 οἱ
420 3855 682 3927 μαθηταί.
718 3858 875 3923 Τινὲς
903 3859 960 3912 δὲ
994 3861 1086 3914 καὶ
1114 3861 1220 3915 τῶν
1246 3863 1550 3935 Ἀσιαρχιῖν
1578 3863 1728 3927 ὄντες
1755 3866 1903 3936 αύτῷ

334 3948 500 4016 φίλοι,
527 3949 845 4019 πέμψαντες
884 3953 1019 4023 πρὸς
1047 3952 1208 4007 αὐτὸν
1244 3953 1589 4021 παρεκάλουν
1618 3953 1693 4024 μὴ
1717 3955 1903 4009 ἐκδοῦ-

334 4056 424 4092 ναι
451 4040 642 4094 ὲαυτδν
678 4043 756 4105 είς
798 4042 861 4095 τὸ
911 4042 1160 4113 θέατρον.
1189 4044 1374 4098 Ἂλλοι
1431 4046 1530 4116 μὲν
1569 4042 1662 4100 οὖν
1696 4045 1824 4099 ἄλλο
1852 4064 1904 4100 τι

337 4129 602 4201 ἔκραζον·
635 4128 701 4203 ἦν
735 4133 844 4201 γὰρ
896 4135 930 4205 ὴ
960 4136 1233 4207 ἐκκλησία
1286 4138 1696 4209 συγκεχυμένη,
1732 4138 1826 4192 καὶ
1855 4140 1904 4191 οἱ

344 4222 564 4286 πλείους
608 4224 708 4277 οὐκ
756 4224 980 4295 ᾔδεισαν
1037 4225 1180 4289 τίνος
1231 4227 1394 4280 ἓνεκα
1433 4227 1902 4299 συνεληλύθεισαν.

354 4314 448 4367 Ἐκ
477 4315 533 4369 δὲ
562 4315 656 4370 τοῦ
673 4317 828 4386 ὄχλου
861 4317 1228 4388 προεὸίϐασαν
1268 4318 1636 4392 ⁹Αλέξανδρον,
1664 4320 1907 4394 προϐαλ-

336 4404 536 4459 λόντων
556 4406 716 4462 αὑτὸν
739 4407 847 4461 τῶν
881 4409 1170 4464 Ἰουδαίων.
1198 4410 1261 4466 Ὀ
1290 4411 1346 4464 δὲ
1372 4411 1718 4483 Ἀλέξανδρος
1749 4430 1907 4467 κατα-

2007 3220 2058 3272 ἱιι
2088 3220 2381 3283 theatrum,
2420 3229 2574 3291 rapto
2618 3220 2752 3279 Gaio
2797 3234 2852 3279 et
2910 3225 3226 3280 Aristarcho
3268 3223 3577 3281 Macedoni-

2007 3309 2127 3373 bus,
2152 3310 2447 3366 comitibus
2479 3309 2654 3364 Pauli.
2679 3309 2852 3366 Paulo
2896 3320 3078 3369 autem
3113 3313 3329 3369 volente
3371 3317 3577 3369 intrare

2008 3402 2060 3455 in
2099 3401 2396 3471 Spopulum,
2443 3417 2551 3457 non
2602 3405 2969 3472 permiserunt
3014 3405 3289 3477 discipuli.
3346 3404 3576 3472 Quidam

2009 3502 2187 3549 autem
2213 3504 2266 3550 et
2291 3493 2359 3549 de
2391 3494 2531 3549 Asim
2550 3495 2914 3568 principibus,
2940 3499 3031 3569 qui
3060 3509 3220 3555 erant
3252 3499 3414 3554 amici
3440 3497 3583 3567 ejus,

2011 3584 2278 3639 miserunt
2305 3581 2370 3637 ad
2388 3598 2535 3650 eum,
2563 3598 2815 3656 rogantes
2839 3603 2906 3642 ne
2928 3604 2985 3642 se
3009 3588 3165 3642 daret
3192 3588 3583 3643 intheatrum.:

2010 3673 2099 3726 alii
2154 3684 2335 3728 autem
2415 3673 2563 3729 aliud
2617 3677 2947 3732 clamabant.
2996 3676 3125 3730 Erat
3167 3677 3308 3733 enim
3349 3677 3585 3733 ecclesia

2008 3762 2234 3818 confusa
2254 3805 2269 3829 ,
2296 3772 2349 3818 ct
2371 3765 2552 3833 plures
2582 3767 2900 3820 nesciebant
2946 3782 3052 3836 qua
3078 3780 3142 3821 ex
3183 3781 3350 3823 causa
3376 3780 3581 3822 conve-

2010 3857 2234 3911 nissent.
2273 3855 2345 3910 De
2373 3857 2528 3910 turba
2572 3865 2750 3910 autem
2785 3857 3143 3913 detraxerunt
3187 3859 3577 3921 Alexandrum,

2010 3944 2440 4016 propellentibus
2465 3960 2587 4000 eum
2611 3946 2833 4002 ludatis.
2860 3947 3163 4010 Alexander
3189 3955 3391 4014 autem,
3416 3962 3579 4001 manu

2013 4038 2231 4094 silentio
2254 4038 2548 4108 postulato,
2567 4038 2782 4094 volebat
2809 4039 3037 4094 reddere
3062 4040 3578 4110 rationem-populo.

2012 4132 2182 4198 Quem
2208 4139 2267 4187 ut
2289 4137 2660 4202 cognoverunt
2689 4131 2939 4187 Judaeum
2988 4146 3134 4195 esse,
3161 4147 3265 4187 vos
3299 4132 3442 4187 facta
3474 4148 3583 4188 una

2013 4233 2099 4279 est
2136 4222 2403 4287 omnium,
2442 4224 2600 4292 quasi
2632 4238 2728 4294 per
2783 4224 2948 4280 horas
2991 4225 3137 4280 duas
3172 4225 3527 4279 clamantium
3567 4241 3582 4278 :

2015 4311 2205 4383 Magna
2242 4310 2410 4364 Diana
2442 4309 2824 4380 Ephesiorum.
2858 4312 2926 4366 Et
2957 4327 3082 4368 cum
3120 4313 3372 4369 sedasset
3400 4311 3586 4368 scriba

2018 4404 2244 4467 turbas,
2275 4403 2413 4459 dixit
2443 4422 2457 4458 ι
2490 4400 2613 4457 Viri
2650 4403 2890 4471 Ephesii,
2928 4404 3053 4474 quis
3099 4405 3248 4458 enim
3286 4410 3370 4458 est
3406 4403 3587 4458 homi-

338 4496 527 4561 σείσας
577 4500 644 4570 τῇ
689 4499 834 4570 χειρὶ
882 4499 1071 4571 ἤθελεν
1120 4501 1563 4573 ἀπολογήσασθαι
1613 4504 1689 4573 τῷ
1731 4505 1898 4577 δήμῳ.

2020 4513 2148 4552 num
2178 4497 2273 4566 qui
2318 4497 2529 4552 nesciat
2572 4495 2930 4566 Ephesiorum
2973 4495 3248 4551 civitatem
3294 4494 3582 4549 Neocoron

350 4587 696 4657 Ἐπιγνόντες
740 4590 797 4644 δὲ
825 4591 906 4644 ὅτι
936 4590 1192 4655 Ἰουδαῖός
1225 4594 1364 4659 ἐστι,
1392 4593 1544 4665 φωνὴ
1568 4593 1785 4663 ἐγένετο
1814 4597 1914 4665 μία

339 4681 405 4731 ἐκ
434 4680 679 4745 πάντων,
709 4681 784 4743 ὡς
812 4682 904 4734 ἐπὶ
927 4681 1076 4752 ὥρας
1109 4682 1203 4736 δύο
1240 4683 1549 4754 κραζόντων
1571 4701 1585 4714 ·
1620 4684 1848 4754 Μεγάλη
1879 4687 1910 4754 ἡ

345 4771 613 4841 Ἄρτεμις
668 4771 954 4841 Ἐφεσίων.
994 4774 1368 4836 Καταστείλας
1399 4774 1455 4827 δὲ
1494 4777 1522 4827 ὁ
1553 4777 1915 4845 γραμματεὺς

341 4860 433 4913 τὸν
464 4860 642 4932 ὄχλον,
681 4863 873 4932 φησίν·
912 4863 1138 4934 Ἀνδρες
1199 4864 1456 4932 Ἐφέσιοι,
1498 4865 1581 4928 τίς
1613 4865 1721 4935 γάρ
1768 4867 1915 4918 ἐστιν

340 4951 670 5022 ἀνθρώπων,
691 4953 749 5017 ὃς
781 4954 841 5007 ού
869 4953 1129 5023 γινώσκει
1157 4954 1256 5023 τὴν
1299 4952 1562 5024 Ἐφεσίων
1601 4955 1757 5008 πόλιν
1786 4973 1916 5010 νεων-

342 5042 506 5112 κόρον
552 5040 717 5096 οὖσαν
748 5045 847 5114 τῆς
895 5042 1142 5116 μεγάλης
1181 5044 1310 5108 θεᾶς
1339 5043 1654 5116 ’Δρτέμιδος
1685 5045 1781 5100 καὶ
1819 5045 1914 5100 τοῦ

340 5132 671 5202 Διοπετοῦς;
716 5134 1152 5207 Ἀναντιρρήτων
1181 5131 1275 5189 οὖν
1315 5135 1484 5189 ὄντων
1518 5138 1744 5203 τούτων,
1771 5133 1913 5201 εἷπε,

341 5225 465 5278 δέον
488 5225 636 5279 ἐστὶν
660 5226 805 5296 ὑμᾶς
823 5225 1299 5295 κατεσταλμένους
1324 5226 1612 5297 ὑπάρχειν,
1630 5227 1726 5281 καὶ
1750 5227 1916 5298 μηδὲν

345 5316 621 5386 προπετὲς
649 5318 937 5387 πράσσειν.
983 5316 1251 5386 Ἠγάγετε
1282 5317 1391 5387 γὰρ
1421 5318 1547 5380 τοὺς
1573 5315 1770 5388 ἄνδρας
1791 5317 1908 5371 τού-

345 5420 494 5470 τους,
521 5405 646 5458 οὔτε
678 5405 1014 5477 ἱεροσύλους,
1032 5405 1155 5460 οὗτε
1184 5406 1639 5478 βλασφημοῦντας
1672 5406 1772 5477 τὴν
1793 5407 1920 5462 θεὰν

344 5496 523 5567 ὑμῶν.
555 5498 619 5551 Ei
656 5497 757 5569 μὲν
795 5494 890 5553 οὖν
923 5498 1257 5570 Δημήτριος,
1290 5486 1385 5552 καὶ
1424 5498 1474 5551 οῖ
1518 5497 1614 5550 σὺν
1643 5496 1794 5568 αὐτῷ
1824 5513 1915 5551 τε-

344 5590 549 5658 χνῖται,
580 5576 764 5660 ἔχουσι
807 5590 942 5659 πρός
979 5607 1102 5644 τινα
1159 5588 1342 5658 λόγον,
1384 5588 1630 5660 ἀγοραῖοι
1668 5587 1913 5657 ἄγονται,

347 5681 445 5735 καὶ
473 5665 769 5736 ἀνθύπατοι
813 5682 982 5736 εἰσίν
1017 5682 1419 5752 ἐγκαλείτωσαν
1466 5680 1736 5752 ἀλλήλοις.
1771 5682 1834 5735 El
1860 5681 1916 5735 δέ

2010 4605 2132 4644 esse
2162 4603 2368 4658 magnae
2403 4586 2605 4653 Dianae,
2637 4595 2691 4642 et
2718 4586 3001 4656 Diopetis?
3029 4586 3165 4641 Cum
3190 4599 3321 4656 ergo
3345 4584 3429 4640 his
3450 4599 3584 4640 con-

2013 4679 2207 4734 tradici
2233 4694 2338 4733 non
2360 4678 2554 4750 possit,
2573 4685 2789 4747 oportet
2815 4692 2910 4731 vos
2942 4676 3160 4731 sedatos
3189 4690 3333 4739 esse,
3362 4681 3417 4729 et
3446 4674 3583 4729 nihil

2013 4780 2217 4825 temere
2243 4786 2426 4839 agere.
2461 4768 2784 4825 Adduxistis
2825 4769 2970 4822 enim
3014 4765 3264 4822 homines
3298 4768 3457 4833 istos,
3485 4780 3586 4822 ne-

2012 4878 2119 4932 que
2146 4861 2463 4931 sacrilegos,
2487 4876 2662 4930 neque
2687 4859 3303 4928 blasphemantesdeam
3323 4848 3583 4914 vestram.

2016 4953 2171 5019 Quod
2203 4953 2248 5008 si
2295 4951 2623 5017 Demetrius,
2667 4959 2722 5007 et
2755 4950 2848 5019 qui
2881 4965 3004 5006 cum
3048 4965 3116 5005 eo
3150 4957 3280 5006 sunt
3323 4949 3584 5012 artiﬁces,

2017 5043 2219 5098 habent
2260 5042 2527 5097 adversus
2580 5042 2818 5111 aliquem
2867 5033 3114 5104 causam,
3155 5048 3459 5096 conventus
3506 5037 3589 5093 fo-

2017 5148 2206 5191 renses
2239 5141 2476 5204 aguntur
2505 5139 2558 5185 et
2581 5131 2940 5202 proconsules
2963 5139 3127 5186 sunt:
3155 5138 3414 5187 accusent
3448 5128 3592 5183 invi-

2016 5240 2153 5280 cem.
2182 5224 2240 5280 Si
2270 5225 2398 5295 quid
2434 5229 2616 5277 autem
2643 5221 2807 5293 287
2839 5222 3065 5278 alterius
3095 5222 3175 5277 rei
3215 5221 3462 5291 (puerilis
3485 5263 3500 5287 ,
3531 5221 3588 5276 in

2019 5317 2261 5388 legitima
2309 5313 2542 5371 ecclesia
2575 5315 2775 5383 poterit
2798 5313 3030 5369 absoivi.
3061 5311 3195 5366 Nam
3226 5322 3281 5367 et
3308 5311 3590 5382 periclita-

2019 5423 2144 5462 mur
2174 5407 2324 5477 argui
2357 5404 2645 5460 seditionis
2670 5405 2967 5472 hodiernae,
3025 5418 3151 5459 cum
3192 5402 3378 5458 nullus
3411 5401 3589 5457 obno-

2019 5497 2143 5550 xius
2174 5497 2246 5551 sit
2275 5493 2365 5565 (de
2411 5509 2519 5564 quo
2560 5495 2836 5563 possimus
2869 5493 3096 5548 reddere
3135 5491 3430 5562 rationem)
3459 5505 3592 5545 con-

2018 5604 2216 5646 cursus
2256 5587 2441 5663 istius.
2471 5585 2535 5639 Et
2569 5600 2693 5641 cum
2725 5586 2841 5642 haec
2875 5585 3123 5649 dixisset,
3154 5583 3369 5639 dimisit
3413 5584 3590 5640 eccle«

2016 5695 2178 5736 snam.

344 5787 400 5825 τι
440 5773 569 5844 περὶ
612 5774 816 5847 ἑτέρων
862 5772 1205 5846 ἐπιζητεῖτε,
1237 5775 1296 5828 ἐν
1364 5777 1430 5846 τῇ
1472 5774 1683 5846 ἐννόμῳ
1741 5775 2004 5848 ἐκκλησίᾳ
2044 5772 2452 5844 ἐπιλυθήσεται.
2510 5772 2618 5825 Καὶ
2669 5772 2776 5844 γὰρ
2820 5769 3196 5840 κινδυνεύομεν
3248 5770 3625 5841 ἐγκαλεῖσθαι·
