4082 6416
524 341 660 401 1011
1406 334 1985 400 THEOPHYLACTI
2018 338 2431 400 BULGARLE
2479 343 2837 406 ARCHIEP.
3622 341 3757 405 1012

514 452 758 513 στάσεως
807 448 935 511 περὶ
985 449 1084 519 τῆς
1135 451 1400 520 σήμερον,
1443 451 1669 520 μηδενὸς
1703 449 1878 504 αἰτίου
1915 449 2272 519 ὑπάρχοντος,
2340 451 2468 521 περ)⁸
2534 447 2595 508 οῦ
2669 452 3016 524 δυνησόμεθα
3073 452 3363 507 ἀποδοῦναι
3431 451 3587 521 λόγον
3642 463 3765 525 περ)

523 545 614 612 τῆς
649 543 957 612 συστροφῆς
1007 539 1238 611 ταύτης.
1271 543 1380 594 Καὶ
1404 541 1580 595 ταῦτα
1635 541 1808 594 είπὼν
1853 541 2088 595 ἀπέλυσε
2128 540 2226 612 τὴν
2253 541 2563 612 ἐκκλησίαν.

1075 655 1302 713 CAPUT
1343 655 1534 710 XXIX.

2763 656 3018 710 ΚΕΦΑΛ.
3071 653 3201 709 ΚΘ’.

518 773 786 827 Circuitus
829 771 1032 829 Pauli:
1069 772 1157 826 ubi
1196 783 1246 827 et
1285 773 1348 826 de
1378 780 1541 825 morte
1591 778 1639 824 et
1692 768 2094 824 resuscitatione

2206 770 2482 839 Περίοδος
2519 773 2767 826 Παύλου
2789 785 2802 801 ⁵
2834 772 2905 825 ἐν
2932 766 2972 842 ᾖ
3011 772 3145 840 περὶ
3198 770 3458 826 θανάτου
3502 773 3598 827 καὶ
3626 775 3757 829 ἀνα-

727 863 961 935 Eutyclti
999 880 1089 934 per
1129 866 1418 919 oralionem
1458 862 1616 916 Pauli
1653 861 1878 918 Troade.

1161 953 1458 1010 TEXTUS.

587 1047 835 1110 XX,l-6.
863 1049 1157 1118 Postquam
1171 1057 1350 1103 autem
1379 1045 1916 1110 cessavittumultus,
1934 1059 2098 1100 voca-

519 1139 598 1192 vit
621 1137 822 1195 Paulus
845 1138 1169 1209 discipulos,
1193 1147 1248 1194 et
1265 1138 1590 1192 exhortatus
1606 1152 1725 1203 eos,
1745 1135 2022 1200 valedixit,
2042 1141 2097 1188 et

519 1231 798 1300 profectus
818 1241 902 1287 est
921 1240 980 1286 ut
1009 1233 1114 1287 iret
1136 1232 1188 1286 in
1208 1230 1607 1285 Macedoniam.
1622 1229 1756 1284 Cum
1777 1236 1958 1282 autem
1974 1241 2097 1298 per-

517 1323 858 1380 antbulasset
896 1332 1078 1394 partes
1111 1324 1256 1389 illas,
1309 1332 1362 1377 et
1402 1322 1725 1378 exhortatus
1761 1335 1858 1376 eos
1904 1319 2098 1376 fuisset

517 1413 693 1469 multo
732 1429 1010 1482 sermone,
1036 1415 1186 1470 venit
1215 1414 1282 1469 ad
1313 1412 1600 1469 Graeciam.
1631 1412 1734 1468 Ubi
1783 1428 1907 1467 cum
1939 1410 2097 1467 iecis-

520 1515 605 1561 set
635 1523 852 1564 menses
892 1516 1027 1573 tres,
1076 1507 1235 1562 factae
1275 1516 1404 1562 sunt
1443 1506 1523 1561 illi
1569 1505 1780 1560 insidiae
1824 1519 1854 1558 a
1895 1503 2096 1558 Judmis

523 1600 848 1666 navigaturo
883 1599 935 1652 in
975 1599 1224 1667 Syriam;
1251 1598 1550 1667 habuitque
1603 1596 1893 1652 consilium
1927 1604 1986 1649 ut
2016 1609 2100 1648 re-

2258 865 2536 931 κλήσεως
2564 865 2726 918 Εύτυ
2729 863 2878 933 χοῦς
2901 864 2998 918 διὰ
3015 862 3362 933 προσευχῆς
3385 865 3456 918 ἐν
3490 867 3728 936 Τρωάδι.

2787 957 3173 1011 ΚΕῘΜΕΝΟΝ.

2267 1049 2420 1104 Μετά
2451 1049 2508 1102 δὲ
2543 1050 2604 1102 τὸ
2649 1049 2959 1103 παύσασθαι
2993 1048 3085 1102 τὸν
3119 1047 3374 1119 θόρυϐον,
3405 1050 3773 1120 μεταπεμψά-

2201 1161 2362 1213 μενος
2399 1145 2428 1196 ό
2457 1141 2667 1204 Παῦλος
2715 1142 2844 1204 τοὺς
2909 1140 3185 1212 μαθητὰς,
3241 1141 3335 1194 καὶ
3385 1142 3774 1210 παρακαλέσας

2199 1233 2586 1303 άσπασάμενός
2607 1249 2688 1298 τε,
2712 1231 2906 1302 ἐξῆλθε
2939 1230 3268 1301 πορεύεσθαι
3299 1232 3382 1294 είς
3403 1232 3772 1286 Μακεδονίαν.

2199 1323 2436 1378 Διελθὼν
2459 1325 2515 1378 δέ
2541 1325 2607 1378 τά
2639 1325 2780 1394 μέρη
2811 1323 3018 1387 ἐκεῖνα,
3046 1321 3142 1375 καὶ
3164 1322 3552 1392 παρακαλέσας
3577 1322 3776 1386 αὐτοὺς

2197 1418 2342 1489 λόγῳ
2381 1417 2562 1486 πολλῷ
2585 1455 2603 1481 ,
2660 1413 2824 1488 ἦλθεν
2859 1415 2939 1480 εἰς
2986 1413 3088 1484 τὴν
3126 1414 3374 1467 Ἐλλάδα.
3432 1416 3672 1485 Ποιήσας
3715 1431 3778 1466 τε

2203 1509 2380 1580 μῆνας
2423 1510 2610 1580 τρεῖς,
2668 1508 2968 1578 γενομένης
3000 1505 3150 1577 αὐτῷ
3205 1506 3498 1575 ἐπιϐουλῆς
3533 1505 3637 1558 ὑπὸ
3666 1506 3778 1558 τῶν

2212 1600 2500 1667 Ἰουδαίων,
2540 1600 2786 1671 μέλλοντι
2817 1598 3117 1667 ἀνάγεσθαι
3144 1598 3225 1662 είς
3264 1599 3363 1669 τὴν
3395 1597 3616 1669 Συρίαν,
3651 1597 3783 1664 ἐγέο

521 1696 830 1743 verteretur
844 1703 940 1757 per
952 1687 1346 1742 Macedoniam.
1366 1687 1668 1742 Comitatus
1682 1698 1759 1741 ρει
1777 1692 1957 1738 autem
1974 1699 2097 1738 eum

2206 1709 2322 1745 νετο
2346 1691 2540 1760 γνώμη
2570 1690 2664 1743 τοῦ
2717 1691 3080 1761 ὑποστρέφειν
3121 1689 3210 1743 διὰ
3243 1688 3600 1751 Μακεδονίας.
3639 1690 3778 1742 Συν-

522 1778 756 1848 Sopater
795 1779 983 1849 Pyrrhi
1011 1778 1344 1844 Berteensis,
1375 1777 1418 1831 Τ
1424 1777 1948 1834 hessalonicensium
1971 1790 2100 1830 vero

2206 1784 2384 1837 είπετο
2432 1783 2488 1837 δὲ
2532 1782 2680 1852 αὐτῷ
2719 1781 2846 1851 ἄχρι
2874 1782 2973 1852 τῆς
3006 1781 3192 1845 Ἀσίας
3229 1781 3525 1852 Σώπατρος
3551 1780 3778 1851 Πύρρου

523 1867 878 1924 Aristarchus
903 1882 957 1924 et
985 1868 1272 1924 Secundus
1298 1879 1348 1923 et
1372 1870 1540 1924 Gaius
1567 1869 1806 1924 Dcrheus
1835 1878 1888 1923 et
1915 1866 2102 1920 Timo-

2206 1876 2512 1947 Βεροιαῖος·
2549 1875 2990 1929 Θεσσαλονικέων
3027 1874 3104 1938 δὲ,
3140 1874 3517 1945 Ἀρίσταρχος,
3556 1875 3650 1926 καὶ
3677 1875 3780 1926 Σεο

525 1962 704 2026 theus,
747 1961 933 2017 Asiani
959 1976 1089 2016 vero
1114 1961 1386 2032 Tychicus
1415 1971 1468 2016 et
1493 1960 1858 2034 Trophymus.
1893 1959 1955 2012 Hi
1974 1974 2096 2014 cum

2206 1967 2442 2032 κοῦνδος,
2478 1966 2572 2019 καὶ
2603 1967 2760 2028 Γάϊος
2787 1966 3066 2036 Δερϐαῖος,
3090 1964 3186 2017 καὶ
3214 1965 3478 2036 Τιμόθεος
3496 1981 3510 1996 ·
3535 1963 3784 2018 Ἀσιανοὶ

523 2054 962 2124 ρπυερεεῖεερηι,
996 2055 1380 2110 sustinuerunt
1413 2069 1516 2109 nos
1560 2051 1795 2108 Troade.
1826 2050 1939 2106 Nos
1967 2066 2098 2106 vero

2206 2056 2277 2122 δὲ,
2317 2056 2552 2126 Τυχικδς
2599 2055 2695 2108 καὶ⁵
2759 2055 3061 2124 Τρόφιμος.
3089 2047 3250 2108 Οὗτοι
3293 2054 3349 2107 δὲ
3398 2054 3777 2124 προελθόντες,

526 2144 906 2213 navigavimus
955 2154 1080 2215 post
1119 2145 1238 2200 dies
1279 2143 1612 2214 Azymorum
1652 2157 1681 2196 a
1721 2141 2010 2211 Philippis,
2043 2150 2099 2195 et

2206 2148 2392 2218 ἔμενον
2413 2150 2557 2217 ἡμᾶς
2580 2148 2636 2200 ἐν
2655 2147 2891 2218 Τρωάδι.
2911 2145 3102 2217 Ἡμεῖς
3124 2147 3180 2200 δὲ
3209 2146 3608 2217 ἐξεπλεύσαμεν
3639 2148 3782 2216 μετά

524 2235 779 2292 venimus
827 2233 894 2290 ad
921 2250 1019 2291 eos
1063 2234 1333 2290 Troadem
1367 2235 1423 2289 in
1471 2234 1667 2290 diebus
1708 2233 1969 2304 quinque,
2007 2231 2097 2287 ubi

2206 2241 2302 2304 τάς
2336 2241 2553 2309 ἡμέρας
2581 2239 2692 2292 τῶν
2720 2237 2975 2308 Ἀζύμων
3013 2237 3121 2290 ἀπὸ
3151 2237 3458 2302 Φιλίππων,
3485 2239 3579 2291 καὶ
3620 2238 3786 2308 ἦλθο-

525 2329 794 2388 demorati
833 2344 1027 2387 sumus
1053 2330 1248 2406 diebus
1277 2339 1506 2401 septem.

1037 2579 1595 2646 COMMENTARIUS,

600 2693 757 2751 Viam
795 2696 888 2751 hic
929 2696 1061 2752 dicit
1090 2697 1394 2762 Christum,
1428 2698 1513 2753 vel
1539 2698 1696 2753 Iidem
1728 2713 1910 2752 veram
1943 2716 1955 2751 :
1988 2698 2102 2754 haec

529 2792 674 2844 enim
699 2799 782 2845 est
809 2789 918 2856 via,
955 2805 1086 2858 qua:
1115 2789 1265 2844 ducit
1285 2790 1351 2845 ad
1378 2805 1606 2858 regnum
1647 2790 1934 2844 caelorum.
1965 2791 2103 2844 lline

527 2881 709 2948 docet,
745 2889 1000 2951 oportere
1031 2889 1090 2936 ut
1132 2881 1201 2936 ah
1224 2882 1290 2938 iis
1311 2882 1404 2953 qui
1435 2881 1706 2953 in;l"ilium
1743 2883 1833 2937 Dei
1857 2883 2104 2952 blasphe—

531 2979 702 3038 mant,
729 2973 954 3029 omnino
987 2973 1266 3038 recedant,
1299 2975 1388 3042 qui
1421 2973 1475 3027 in
1510 2974 1685 3043 ipsum
1710 2973 1961 3029 credunt.
2001 2971 2104 3028 Su-

531 3065 685 3119 daria
729 3072 784 3120 et
832 3065 1198 3120 semieinctia.
1236 3065 1482 3136 Utraque
1520 3065 1662 3121 linea
1702 3075 1854 3120 sunt.
1901 3065 2102 3122 Verum

534 3155 753 3210 sudaria
779 3155 945 3226 capiti
977 3155 1337 3226 imponuntur
1369 3173 1383 3209 :
1428 3163 1484 3210 at
1523 3155 1865 3211 semicinctia
1896 3156 1950 3211 in
1991 3171 2104 3210 ma-

534 3249 699 3305 nibus
739 3255 931 3303 tenere
970 3249 1169 3315 solent,
1200 3248 1367 3318 288
1402 3247 1494 3318 qui
1525 3247 1704 3302 oraria
1746 3255 1962 3317 gestare
1996 3263 2103 3302 non

531 3348 788 3409 possunt,
820 3345 882 3392 ut
912 3348 1060 3404 sunt,
1088 3310 1181 3407 qui
1200 3310 1529 3393 angulares
1561 3310 1774 3407 gestant
1800 3335 1986 3401 stolas,
2013 3344 2108 3389 aut
2131 3310 2174 3368 δ

538 3446 694 3500 saga,
743 3429 808 3483 ad
855 3429 1250 3499 abstergendos
1290 3443 1319 3482 a
1361 3428 1499 3483 faeie
1529 3427 1808 3494 humores,
1842 3434 1904 3482 ut
1945 3426 2109 3481 sudo-

539 3537 680 3584 rem,
720 3522 970 3586 salivam,
1013 3521 1285 3593 lacrymas
1326 3527 1382 3574 et
1432 3519 1650 3575 similia.
1683 3535 1704 3570 ι
1740 3517 2110 3573 Tentaverunt

535 3623 739 3668 autem.
781 3629 803 3665 ι
842 3610 963 3681 Ipsa
1005 3611 1122 3666 haec
1174 3625 1273 3665 vox
1318 3609 1577 3674 ostendit,
1612 3609 1916 3664 exorcistas
1959 3607 2107 3674 illos,

532 3719 642 3761 non
674 3705 802 3777 quia
841 3705 1127 3762 crederent
1165 3703 1216 3758 in
1251 3701 1458 3768 Iesum,
1494 3702 1587 3757 sed
1617 3701 1862 3757 tentandi
1897 3707 2106 3755 tantum

534 3811 722 3861 causa,
752 3810 1040 3868 aggressos
1069 3811 1192 3851 esse
1223 3796 1538 3850 exorcizare
1585 3796 1798 3863 impura
1841 3792 2107 3848 daemonia

535 3891 590 3942 in
622 3888 844 3942 nomine
869 3885 1106 3940 Domini.
1131 3885 1334 3951 Quare,
1359 3885 1506 3938 velut
1541 3883 1809 3946 infideles.
1847 3891 1904 3935 ut
1930 3881 2111 3951 impu-

534 3990 634 4031 rus
663 3975 804 4030 dixit
831 3974 1083 4042 spiritus,
1109 3973 1273 4043 paulo
1312 3979 1436 4042 post
1477 3971 1803 4026 temeritatis
1845 3985 1960 4024 sua:
1990 3984 2110 4040 poe-

534 4081 636 4121 nas
659 4066 874 4121 dedere.
906 4063 1363 4132 Redarguitenim
1396 4063 1566 4132 ipsos,
1593 4069 1646 4116 et
1667 4075 1886 4117 scenam
1917 4073 2108 4115 eorum

536 4153 814 4226 patefecit,
847 4154 1198 4210 vehementer
1237 4153 1408 4208 iratus
1463 4153 1673 4207 dtemon
1709 4169 1722 4205 :
1755 4152 2109 4222 quemadmo-

536 4250 689 4311 dum,
717 4248 762 4302 si
795 4246 918 4314 quis
943 4244 1014 4299 de
1041 4245 1301 4299 extremis
1333 4243 1674 4312 periclitans,
1711 4259 1740 4296 a
1767 4245 1971 4298 misero
1995 4243 2107 4311 (3i)

539 4337 722 4406 aliquo
781 4343 836 4390 et
871 4349 1184 4390 mrumnoso
1230 4344 1581 4404 coarguatur,
1610 4349 1826 4389 omnem
1858 4333 1912 4386 in
1954 4332 2106 4387 illum

537 4428 777 4482 furorem
809 4425 1094 4481 eﬂundere
1123 4436 1376 4481 conatur.
1411 4443 1430 4476 ι
1460 4425 1821 4480 Contulerunt
1853 4423 2043 4478 libros.
2083 4441 2103 4476 ι

532 4518 916 4572 Adnotandum
963 4517 1133 4588 quod,
1168 4531 1483 4587 quanquam
1531 4517 1731 4585 magici
1779 4515 1904 4571 libri
1954 4516 2106 4570 tuulti

531 4617 714 4664 essent
749 4608 932 4680 pretii,
983 4607 1186 4676 quippe
1223 4607 1314 4678 qui
1368 4605 1736 4675 pulcherrima
1779 4604 1902 4659 vitae
1928 4604 2106 4658 conti-

531 4700 756 4766 nebant,
801 4699 1006 4754 Christi
1039 4699 1227 4754 ﬁdeles
1260 4706 1442 4753 tamen
1474 4713 1535 4752 ea
1567 4713 1676 4752 non
1720 4697 2099 4766 vendiderint;

531 4790 624 4845 sed
652 4791 773 4846 licet
800 4806 866 4845 eo
891 4791 998 4846 loci
1022 4791 1114 4845 alii
1149 4798 1352 4854 essent,
1378 4791 1596 4860 quieos
1625 4799 1946 4846 enumerato
1975 4807 2100 4862 prc-

529 4881 608 4934 tio
652 4894 971 4948 comparare
1013 4881 1116 4936 sibi
1169 4881 1493 4944 voluissent,
1539 4882 1961 4937 combusserunt
1995 4900 2008 4936 :
2045 4890 2101 4937 et

530 4972 655 5036 hoc,
692 4971 870 5041 primo
914 4971 1154 5042 quidem,
1212 4987 1280 5029 ne
1313 4973 1604 5044 quisquam
1635 4972 1906 5028 exitialem
1951 4973 2096 5026 illam

526 5063 833 5119 animarum
867 5073 1078 5135 pestem
1131 5065 1519 5137 participaret;
1557 5063 1753 5120 deinde
1781 5080 1851 5120 ne
1886 5065 1990 5119 hac
2011 5064 2098 5118 via

2205 2349 2305 2399 μεν
2357 2331 2496 2400 πρὸς
2546 2329 2743 2389 αὐτοὺς
2787 2330 2870 2392 είς
2913 2328 3014 2400 τὴν
3063 2327 3296 2399 Τρωάδα
3343 2328 3501 2400 ἄχρις
3553 2328 3783 2400 ἡμερῶν

2204 2422 2386 2486 πέντε,
2422 2416 2482 2476 οὗ
2510 2421 2862 2492 διετρίψαμεν
2899 2421 3112 2491 ἡμέρας
3150 2419 3311 2473 ἐπτά.

2803 2580 3178 2636 ΕΡΜΗΝΕΙΑ.

2287 2697 2436 2750 Ὀδὺν
2469 2697 2616 2764 λέγει
2649 2695 2740 2750 τὸν
2769 2696 3026 2766 Χριστὸν,
3058 2697 3091 2767 ἦ
3123 2697 3243 2751 ὁδἰν
3276 2697 3424 2766 λέγει
3463 2697 3561 2768 τὴν
3595 2697 3784 2751 πίστιν

2205 2789 2304 2860 τὴν
2337 2786 2623 2858 ἀληθινήν.
2656 2787 2805 2856 Αὕτη
2844 2788 2953 2857 γάρ
2985 2789 3133 2841 ἐστιν
3179 2790 3213 2858 ἡ
3263 2789 3379 2852 όδδς
3417 2790 3449 2858 ή
3489 2790 3784 2856 ἀπάγουσα

2206 2882 2288 2944 είς
2315 2880 2416 2949 τὴν
2463 2878 2742 2949 βασιλείαν
2770 2879 2878 2931 τῶν
2917 2877 3184 2948 οὐρανῶν.
3232 2878 3510 2932 Ἐντεῦθεν
3539 2879 3784 2932 διδάσκει

2206 2976 2374 3047 ἡμᾶς,
2412 2973 2521 3027 ἀπὸ
2557 2971 2667 3026 τῶν
2697 2971 3166 3047 βλασφημούντων
3201 2971 3295 3026 τὸν
3345 2972 3474 3025 Υἱδν
3505 2970 3601 3026 τοῦ
3641 2972 3783 3024 Θεοῦ

2207 3044 2537 3138 χωρίζεσθαι
2584 3063 2712 3127 τοὺς
2763 3064 2842 3127 είς
2875 3044 3038 3118 ἆύτδν
3091 3061 3464 3124 πιστεύοντας.
3515 3062 3787 3130 Σουδάρια.

2207 3157 2302 3210 καὶ
2335 3155 2664 3226 σιμικίνθια,
2697 3153 2986 3226 ἀμφότερα
3019 3153 3218 3224 λινώδη
3250 3155 3376 3209 είσί.
3408 3155 3553 3225 Πλὴν
3584 3154 3654 3208 τὰ
3682 3154 3787 3222 μὲν

2217 3249 2477 3319 σουδάρια
2511 3247 2606 3301 ἐπὶ
2643 3247 2740 3317 τῆς
2767 3246 3010 3316 κεφαλῆς
3039 3245 3388 3301 ἐπιϐάλλεται
3406 3261 3422 3278 ο
3451 3246 3519 3298 τὰ
3544 3246 3600 3298 δέ
3627 3263 3786 3314 σιμι-

2208 3337 2392 3390 κίνθια
2426 3337 2484 3389 ἐν
2538 3337 2658 3398 ταῖς
2716 3336 2876 3405 χερσὶ
2925 3335 3246 3404 κατέχωσιν
3296 3335 3346 3387 οἱ
3379 3334 3455 3404 μὴ
3493 3333 3786 3403 δυνάμενοι

2207 3425 2403 3496 ὀράρια
2439 3423 2690 3494 φορέσαι,
2726 3419 2828 3478 οἷοί
2855 3425 2995 3478 εἰσιν
3017 3424 3068 3478 oi
3097 3423 3391 3492 φοροῦντες
3421 3423 3714 3487 ὑπατικὰς,
3746 3423 3784 3494 ἢ

2208 3516 2426 3586 γουϐία,
2457 3517 2594 3586 πρὸς
2643 3515 2704 3569 τδ
2756 3515 3164 3586 ἀπομάττεσθαι
3205 3515 3305 3579 τὰς
3346 3515 3651 3585 ὑγρότητας
3684 3513 3783 3566 τοῦ

2210 3607 2527 3678 προσώπου,
2570 3603 2682 3661 οἷον
2713 3607 2968 3678 ἱδρῶτας,
2995 3607 3249 3673 πτύελον,
3288 3608 3542 3679 δάκρυον,
3575 3607 3668 3660 καὶ
3709 3607 3786 3660 τὰ

2209 3699 2390 3768 ὃμοια.
2439 3699 2720 3752 Δείκνυσιν
2751 3696 2893 3767 αὕτη
2925 3699 2958 3769 ἡ
2999 3697 3175 3764 λέξις,
3213 3699 3296 3752 ὅτι
3328 3699 3424 3768 οὐχ
3456 3698 3531 3760 ὼς
3561 3697 3787 3750 πιστεύ-

2208 3805 2360 3852 οντες
2403 3789 2482 3856 τῷ
2525 3786 2714 3856 Ἰησοῦ.
2748 3787 2796 3840 οἱ
2843 3787 3158 3857 ἐξορκισταὶ
3196 3785 3494 3858 ἐξώρκιζον
3534 3785 3602 3838 τά
3641 3787 3787 3839 duci-

2209 3880 2383 3950 θαρτα
2421 3877 2706 3947 πνεύματα
2743 3877 2823 3948 τῷ
2871 3877 3096 3948 ὀνόματι
3136 3877 3232 3930 τοῦ
3288 3875 3519 3946 Κυρίου,
3562 3875 3676 3928 ἀλλ’
3705 3874 3786 3936 ὡς

2210 3969 2588 4038 πειράζοντες.
2631 3969 2723 4022 Διὸ
2773 3969 2868 4022 καὶ
2901 3969 2977 4031 ὡς
3033 3967 3107 4039 μὴ
3139 3968 3294 4031 ὄντες
3349 3968 3552 4031 πιστοὶ,
3600 3967 3675 4027 ὡς
3721 3966 3786 4018 τὸ

2210 4060 2522 4129 ἀκάθαρτον
2573 4059 2795 4130 πνεῦμά
2822 4076 2979 4130 φησι,
3011 4060 3110 4130 τῆς
3155 4059 3484 4127 προπετείας
3513 4057 3783 4110 δεδώκασι

2210 4153 2346 4224 πρὸς
2371 4153 2550 4221 ὀλίγον
2579 4151 2756 4222 δίκην.
2807 4151 3068 4222 Διήλεγξε
3120 4152 3228 4222 γὰρ
3258 4152 3456 4213 αὐτοὺς
3479 4191 3494 4217 ,
3544 4149 3636 4203 καὶ
3683 4149 3785 4220 τὴν

2210 4243 2416 4312 σκηνὴν
2467 4243 2648 4297 αὐτῶν
2688 4245 2928 4314 φανερὰν
2969 4243 3217 4314 ἐποίησε,
3263 4243 3469 4312 σφόδρα
3509 4242 3783 4313 θυμωθεὶς

2206 4336 2236 4386 ό
2271 4334 2501 4403 δαίμων,
2523 4333 2672 4388 ώσάν
2694 4336 2747 4386 εῖ
2773 4351 2856 4398 τις
2881 4352 2946 4386 πε
2955 4335 3008 4404 9i.
3029 4334 3138 4387 τῶν
3161 4335 3405 4404 ἐσχάτων
3432 4334 3780 4397 κινδυνεύων,

2207 4427 2312 4480 ὑπό
2342 4443 2484 4489 τινος
2513 4425 2732 4497 οἰκτροῦ
2759 4425 2878 4498 [καί⁸
2907 4425 3284 4499 ταλαιπώρου]
3307 4427 3651 4497 διελέγχοιτο,
3682 4429 3786 4480 καὶ

2206 4519 2386 4570 πάντα
2439 4519 2520 4581 είς
2551 4518 2758 4571 ἐκεῖνον
2803 4516 3019 4586 ἀφιέναι
3050 4518 3095 4547 ⁸¹
3159 4517 3406 4587 βούλεται
3445 4517 3536 4568 τὸν
3585 4516 3782 4584 θυμόν.

2209 4609 2559 4680 Σημειωτέον
2605 4609 2683 4672 δὲ,
2740 4608 2822 4661 ὄτι
2864 4606 3039 4661 καίτοι
3086 4608 3418 4676 πολυτίμους
3461 4607 3625 4668 οὔσας
3678 4606 3783 4669 τὰς

2209 4699 2471 4771 γοητικάς
2493 4697 2672 4752 αὐτῶν
2707 4698 2944 4769 βεσλους,
2975 4699 3047 4762 ώς
3075 4699 3184 4752 τῶν
3219 4701 3275 4752 ἐν
3303 4699 3403 4770 βῖῳ
3441 4698 3677 4768 ἐχουσῶν
3709 4698 3786 4752 τὰ

2208 4791 2490 4854 κάλλιστα,
2522 4792 2570 4844 οἱ
2598 4792 2677 4854 εἰς
2708 4791 2944 4862 Χριστὸν
2982 4790 3370 4852 πιστεύσαντες
3403 4791 3503 4843 οὐκ
3560 4789 3785 4859 ἐπώλη-

2209 4898 2332 4947 σαν,
2386 4879 2502 4933 ἀλλ’
2540 4879 2815 4932 ἔκαυσανο
2853 4879 3034 4935 καίτοι
3083 4880 3168 4934 ἄλ)
3183 4899 3257 4932 ων
3303 4883 3480 4933 ἐκεῖσε
3523 4878 3784 4932 τοιούτων

2206 4970 2378 5024 ὄντων
2408 4971 2515 5024 τῶν
2542 4971 2805 5025 θελόντων
2824 4971 2923 5034 τὰς
2948 4971 3162 5041 βίϐλους
3196 4971 3532 5040 κτήσασθαιο
3563 4970 3783 5041 πρῶτον

2212 5060 2333 5132 μὲν,
2367 5062 2454 5116 ῐνα
2485 5063 2560 5134 μή
2591 5080 2676 5126 τις
2707 5063 2953 5137 μετάσχῃ
2982 5062 3082 5132 τῆς
3107 5062 3203 5117 ἀπ’
3225 5063 3402 5116 αὐτῶν
3432 5061 3779 5132 ψυχοφθόρου

1737 5242 1938 5304 νει-ξω
1969 5240 2273 5304 lectiones
2310 5250 2370 5305 et
2414 5249 2603 5306 notae.

591 5369 643 5403 ⁸⁸
665 5370 905 5426 ἀφεῖναι.

593 5528 708 5596 (3|)
747 5525 1047 5580 Hentenius
1095 5539 1197 5596 pro
1243 5521 1766 5596 οἰκτροῦηηιὶεενοη
1795 5521 1958 5596 habet
2001 5525 2090 5593 ἐχ-

524 5593 964 5666 θροῦ,’ἱηὶηιίρο;
999 5593 1145 5666 unde
1189 5594 1394 5666 vertit,
1431 5594 1569 5666 velut
1605 5593 1795 5666 siquis
1834 5594 1886 5645 in
1915 5603 2090 5645 extre-

524 5663 624 5718 mis
681 5664 929 5735 periculis
976 5665 1178 5731 positus
1226 5665 1290 5735 ab
1322 5664 1498 5735 aliqua
1552 5663 1766 5714 inimico
1809 5672 2088 5731 arguatur,

524 5733 834 5792 haudisauc
865 5745 1010 5789 recto
1032 5750 1218 5791 sensu.
1252 5733 1318 5788 At
1357 5733 1800 5802 Chrysoslomtts,
1835 5736 1990 5802 cujus
2011 5743 2096 5788 cst

2201 5522 2290 5577 hic
2314 5531 2515 5589 textus,
2548 5523 2708 5578 habet
2729 5524 3070 5605 οἰκτροῦκαὶ
3103 5523 3472 5595 ταλαιπώρου,
3508 5525 3697 5580 misero
3722 5533 3775 5605 et

2201 5609 2519 5665 trrumnoso,
2569 5602 2630 5648 ut
2673 5609 2777 5665 nos
2818 5595 3146 5665 posuimus;
3199 5611 3310 5664 quo
3348 5611 3589 5665 congrua
3636 5595 3775 5650 ratio

2201 5664 2445 5718 redditur
2478 5664 2947 5720 excandescentia:
2975 5664 3258 5721 daunonis.
