4082 6464
329 432 461 497 1013
547 432 571 453 '

978 431 1512 493 EXPOSITIONIS
1555 432 1636 493 IN
1678 433 1862 492 ACTA
1896 433 2197 494 TEXTUS
2236 435 2507 502 ALTER.
2565 461 2630 470 ’-
2697 437 2854 496 CAP.
2888 436 3019 496 XX.

3446 433 3596 497 1014-

325 547 531 615 λύμης·
573 543 764 598 ἔπειτα
812 542 892 606 δὲ,
955 543 1044 596 ἵνα
1098 544 1170 612 μή
1225 542 1333 596 ἀπὸ
1379 541 1636 612 τοιαύτης
1707 543 1887 606 αἰτίας

2004 544 2290 614 quidquam
2331 545 2434 601 sibi
2483 545 2852 615 acquirerent.
2899 542 3378 610 Quemadmodum
3403 548 3571 610 enim,

331 635 638 708 κτήσωνται
676 653 749 688 τι.
791 635 1005 704 ’Ὠσπερ
1029 635 1138 704 γὰρ
1180 633 1240 687 τὸ
1271 634 1378 687 ἀπὸ
1405 634 1661 705 πορνείας
1709 633 1897 702 κέρδος

327 729 697 798 ἀπηγόρευται
741 726 1038 796 προσάγειν
1065 724 1202 795 Θεῷ,
1229 723 1403 789 οὕτως
1448 725 1570 778 οὐδὲ
1599 726 1659 778 τὸ
1688 727 1754 779 ἐκ
1797 724 1897 792 τῆς

330 821 508 884 αἰτίας
560 817 764 885 ταύτης
821 815 1086 890 ἀργύριον
1133 817 1354 889 τεθῆναι
1403 819 1555 888 παρὰ
1603 818 1728 881 τοὺς
1788 818 1897 871 τῶν

327 912 638 966 ἀποστόλων
672 910 839 972 πόδας
893 909 1099 962 δίκαιον
1151 908 1395 980 ἔκριναν,
1435 909 1469 981 ἢ
1510 908 1894 963 εὐαπόδεκτον.

332 1025 348 1055 ι
378 1005 486 1056 Καὶ
529 1003 623 1055 τοῦ
658 999 974 1063 Διοπετοῦς.
1002 1019 1018 1052 ι
1065 1000 1139 1052 Τὸ
1186 1002 1407 1054 εἴδωλον
1443 1001 1542 1071 τῆς
1579 1000 1895 1072 Ἀρτέμιδος

329 1098 572 1148 ἐκαλεῖτο
602 1093 878 1159 Διοπετὲς,
912 1094 988 1154 ὡς
1028 1094 1092 1146 ἐκ
1131 1093 1226 1146 τοῦ
1261 1093 1382 1158 Διὸς
1428 1093 1744 1157 πεπτωκός’
1779 1093 1895 1164 ἦτοι

329 1187 387 1238 τὸ
417 1185 683 1256 ὄστρακον
715 1182 948 1256 ξέλεγον]
989 1184 1165 1236 ἐκεῖνο
1206 1184 1422 1247 πάντως
1449 1184 1496 1215 ⁸⁸
1529 1183 1809 1248 Διοπετὲς,
1838 1183 1898 1236 τὸ

324 1278 381 1342 ἐξ
428 1275 658 1346 ούρανοῦ
715 1276 865 1346 παρὰ
919 1274 1012 1329 τοῦ
1067 1275 1190 1338 Διὸς
1233 1275 1520 1346 πεμφθὲν,
1574 1276 1692 1346 ἦτοι
1724 1291 1896 1328 κατα-

331 1367 480 1421 πτὼν
509 1369 572 1433 ⁵³,
640 1367 733 1420 καὶ
771 1368 831 1421 ού
879 1367 1170 1437 γενόμενον
1200 1367 1307 1421 ὑπὸ
1332 1367 1620 1439 ἀνθρώπου
1673 1367 1898 1437 ἄγαλμα

324 1461 419 1526 τῆς
468 1459 803 1531 Ἀρτέμιδος,
838 1459 1023 1523 καθὼς
1056 1461 1324 1530 ὲμύθευον
1364 1459 1646 1531 Ἕλληνες.
1695 1478 1714 1511 ι
1742 1460 1895 1512 Netu-

325 1552 480 1622 κόρον
517 1570 535 1603 ι
568 1551 645 1617 δὲ,
692 1551 814 1603 ἀντὶ
839 1550 954 1616 τοῦ,
1001 1551 1325 1620 ίερόδουλον.
1359 1551 1595 1621 Κόρημα
1626 1551 1734 1620 γάρ
1779 1551 1895 1602 ἐστι

325 1644 383 1696 τὸ
415 1642 668 1713 σάρωμα,
697 1641 814 1714 [ἀφ’
851 1637 911 1697 οῦ
966 1646 1057 1696 καὶ
1087 1641 1404 1713 νεωκόρος,]
1448 1641 1692 1694 τουτέστι
1724 1638 1775 1711 [ὁ
1803 1639 1896 1692 τὸν

325 1734 473 1806 ναὸν]
506 1735 686 1804 σαρῶν
717 1735 813 1788 καὶ
862 1735 1104 1806 κοσμῶν.
1137 1731 1291 1799 Εἶδος
1319 1730 1388 1805 ἦν
1432 1733 1704 1788 δικαστῶν
1739 1734 1796 1787 ὲν
1827 1735 1894 1804 τῇ

334 1826 488 1898 Ἀσίᾳ
526 1825 807 1898 [εὐτελῶν]
836 1843 848 1855 ·
891 1826 1138 1895 λέγονται
1164 1827 1220 1879 δὲ
1255 1827 1505 1897 ἀγοραῖοι
1543 1826 1638 1881 καὶ
1668 1827 1717 1880 οἱ
1746 1826 1894 1880 δικο-

322 1919 488 1988 λόγοι.

635 2102 726 2174 Τῷ
756 2102 1022 2172 Σαϐϐάτῳ
1050 2103 1148 2171 τῆς
1182 2109 1236 2166 ς’
1272 2101 1586 2172 ἑϐδομάδος.

919 2190 1308 2245 ΚΕΙΜΕΝΟΝ.

401 2281 488 2334 Ἐν
518 2280 571 2334 δὲ
593 2282 658 2352 τῇ
687 2281 787 2352 μιᾷ
805 2279 912 2334 τῶν
925 2279 1237 2346 Σαϐϐάτων,
1254 2279 1609 2349 συνηγμένων
1633 2279 1665 2347 ἠ
1674 2278 1789 2348 μῶν
1810 2277 1904 2332 τοῦ

322 2373 518 2427 κλᾶσαι
540 2371 724 2442 ἄρτον,
741 2374 767 2424 ὁ
787 2371 996 2434 Παῦλος
1027 2371 1299 2440 διελέγετο
1319 2371 1524 2433 αὐτοῖς,
1551 2370 1759 2438 μέλλων
1774 2369 1907 2434 ἐξιέ-

320 2483 404 2519 ναι
425 2468 491 2536 τῇ
507 2465 786 2536 ὲπαύριονυ
811 2462 1166 2536 παρέτεινέτε
1187 2462 1457 2531 τὸνλόγον
1488 2461 1650 2532 μέχρι
1677 2479 1906 2532 μεσονυ-

319 2550 674 2612 κτίου.’Πσαν
693 2555 747 2608 δὲ
761 2553 1040 2623 λαμπάδες
1055 2553 1234 2606 ἱκαναὶ
1255 2554 1312 2606 ὲν
1323 2553 1401 2623 τῷ
1413 2550 1667 2624 ὑπερῴῳ,
1688 2548 1748 2609 οὗ
1764 2548 1907 2626 ἦμεν

321 2645 670 2716 συνηγμένοι.
695 2644 1020 2714 Καθήμενος
1049 2643 1107 2698 δέ
1129 2661 1212 2707 τις
1231 2643 1449 2708 νεανίας
1471 2643 1696 2714 ὀνόματι
1726 2644 1904 2699 Ebro-

321 2755 416 2810 χος
437 2738 528 2791 ἐπὶ
547 2737 648 2807 τῆς
664 2737 897 2807 θυρίδος,
919 2736 1359 2806 καταφερόμενος
1379 2735 1530 2808 ῦπνῳ
1551 2736 1708 2807 βαθεῖ
1730 2738 1907 2792 διαλε-

327 2829 564 2899 γομένου
589 2828 684 2882 τοῦ
702 2827 914 2881 Παύλου
938 2828 1030 2881 ἐπὶ
1064 2826 1272 2895 πλεῖον,
1302 2829 1647 2900 κατενεχθεὶς
1671 2829 1780 2884 ἀπὸ
1807 2829 1902 2883 τοῦ

325 2918 521 2984 ῦπνου,
580 2915 778 2971 ἔπεσεν
825 2915 934 2971 ἀπὸ
974 2916 1069 2970 τοῦ
1099 2917 1393 2987 τριστέγου
1423 2917 1596 2984 κάτω,
1629 2920 1723 2972 καὶ
1759 2918 1901 2990 ήρθη

325 3011 542 3080 νεκρός.
571 3007 830 3072 Καταϐὰς
863 3007 919 3061 δὲ
964 3007 995 3061 δ
1033 3006 1246 3074 Παῦλος
1293 3007 1568 3062 ἐπέπεσεν
1611 3009 1699 3064 ἐπ’
1729 3009 1898 3081 αὐτῷ,

323 3100 422 3152 καὶ
459 3097 883 3170 συμπεριλαϐὼν
915 3098 1100 3164 αὐτὸν,
1136 3093 1292 3152 εἷπε·
1340 3099 1434 3171 Μὴ
1477 3099 1829 3172 θορυϐεῖσθε·
1865 3103 1898 3171 ή

1998 649 2066 689 ne
2090 634 2378 689 collectum
2408 648 2472 688 ex
2499 633 2861 689 fornicatione
2887 633 3098 688 lucrum
3133 633 3241 687 Duo
3267 632 3579 699 offerretur,

1997 725 2334 794 prohibitum
2394 734 2547 790 erat;
2593 725 2667 779 ita
2722 739 2898 795 neque
2945 732 3232 795 argentum
3281 725 3374 778 tali
3419 724 3582 780 modo

1997 827 2398 887 comparatum,
2432 827 2488 872 ut
2523 818 2589 872 ad
2635 819 2799 888 pedes
2842 820 3216 889 apostolorum
3264 828 3592 887 poneretur,

1996 909 2218 980 dignum
2274 909 2602 973 censebant,
2637 918 2752 964 aut
2801 910 2871 965 ab
2917 911 3026 965 illis
3072 909 3232 966 facile
3286 919 3578 980 acceptant»-

1996 1002 2146 1068 dum,
2178 999 2516 1070 judicabant.
2551 1020 2569 1054 ι
2601 1000 2665 1054 Et
2692 1000 2934 1073 Diopetis
2969 1002 3105 1073 (32).
3149 1021 3168 1054 ι
3211 1002 3588 1056 Simulacrum

1997 1091 2179 1147 Dianae
2213 1091 2467 1163 Diopetes
2503 1092 2829 1160 vocabatur,
2875 1093 2981 1149 hoc
3027 1102 3112 1149 est
3171 1106 3200 1145 a
3247 1091 3382 1146 Jove
3433 1091 3584 1146 dela-

1997 1197 2181 1254 psum,
2211 1183 2328 1240 sive
2360 1182 2490 1253 quia
2521 1191 2719 1241 testam
2759 1184 2906 1239 illam
2941 1199 3131 1241 omnes
3181 1184 3261 1239 sic
3291 1184 3579 1248 vocabant,

1996 1276 2144 1332 velut
2175 1291 2205 1330 a
2243 1274 2378 1332 Jove
2418 1291 2450 1332 e
2484 1276 2630 1332 coelo
2677 1276 2973 1332 demissam
3001 1293 3018 1339 ;
3051 1293 3148 1334 seu
3203 1277 3347 1347 quod
3400 1284 3580 1332 statua

1997 1367 2088 1422 illa
2115 1366 2300 1422 Dianas
2325 1382 2355 1421 e
2385 1368 2526 1422 caelo
2557 1367 2919 1433 devolaverit,
2947 1369 3192 1439 adeoque
3225 1369 3295 1424 ab
3345 1367 3584 1423 homini-

1996 1455 2098 1510 bus
2154 1454 2299 1511 facta
2348 1471 2454 1511 non
2507 1458 2715 1513 fuerit:
2756 1459 2900 1530 (ιιιοά
2947 1458 3119 1514 Graeci
3171 1458 3576 1516 fabulabantur.

2004 1567 2022 1600 ι
2063 1547 2351 1604 Neocoron
2383 1567 2400 1600 ι
2443 1559 2625 1605 autem
2654 1553 2798 1607 idem
2827 1564 2933 1616 est,
2977 1568 3040 1607 ac
3085 1566 3366 1606 sacrorum
3403 1550 3586 1603 famu-

1997 1639 2100 1692 lam
2129 1678 2146 1704 ,
2178 1639 2452 1694 aeditualn.
2473 1639 2703 1697 Cercina
2744 1643 2888 1697 enim
2923 1643 3064 1697 idem
3116 1651 3200 1698 est
3227 1656 3289 1694 ac
3313 1639 3590 1710 purgatio.

1998 1727 2152 1785 Unde
2198 1729 2474 1788 Neocoros
2511 1731 2602 1789 ille
2647 1742 2734 1788 est
2765 1773 2781 1799 ,
2818 1734 2909 1804 qui
2963 1750 3124 1799 naon,
3178 1747 3274 1787 seu
3322 1730 3584 1801 templum

1998 1831 2194 1894 purgat
2213 1833 2263 1878 et
2299 1834 2460 1879 ornat
2483 1825 2619 1894 ('53).
2658 1844 2676 1878 ι
2711 1825 3030 1882 Conventus
3081 1825 3331 1882 forenses
3370 1842 3388 1874 ι
3420 1833 3580 1878 erant

1932 1918 1972 1973 Β
2000 1909 2052 1969 in
2075 1915 2202 1969 Asia
2232 1929 2406 1986 genus
2448 1915 2698 1985 iudicum
2728 1917 3070 1973 inferiorum.
3112 1917 3381 1973 Caeterum
3414 1915 3587 1971 etiam

2003 2005 2271 2062 causidici
2313 2004 2574 2062 dicuntur
2603 2008 2869 2065 forenses.

2359 2097 2604 2154 Sabhato
2643 2098 2996 2155 hebdomadze
3037 2109 3229 2155 sextae.

2637 2188 2936 2246 TEXTUS.

2080 2282 2195 2348 XX,
2218 2283 2366 2340 ’ἵε-15.
2385 2283 2505 2340 Una
2534 2293 2716 2340 autem
2739 2283 2962 2338 Sabhati
2987 2297 3109 2338 cum
3131 2281 3588 2338 convenissemus

2006 2372 2074 2428 ad
2092 2373 2452 2446 frangendum
2499 2389 2718 2445 panem,
2754 2373 2958 2430 Paulus
2994 2373 3309 2445 disputabat
3340 2387 3462 2428 cum
3479 2371 3584 2439 eis,

2007 2466 2352 2535 pro'ecturus
2373 2464 2428 2520 in
2443 2464 2765 2528 crastinum,
2781 2465 3153 2534 protraxitque
3167 2477 3474 2518 sermonem
3492 2475 3587 2515 us-

2004 2571 2113 2626 que
2144 2556 2196 2609 iu
2227 2556 2458 2611 mediam
2491 2562 2734 2612 noctem.
2770 2555 2941 2610 Erant
2975 2563 3157 2610 autem
3187 2552 3356 2623 289
3379 2553 3588 2621 lampa-

2006 2647 2104 2702 des
2133 2647 2371 2718 c0piosae
2422 2647 2478 2701 in
2520 2647 2808 2701 cmuaculo
2851 2646 2942 2701 ubi
2994 2660 3213 2701 eramus
3242 2644 3590 2713 congregati.

2009 2740 2219 2797 Sedens
2242 2751 2419 2796 autem
2447 2740 2668 2812 quidam
2701 2740 3020 2814 adolescens
3052 2738 3273 2795 nomine
3301 2735 3586 2809 Eutychus

2003 2849 2171 2906 super
2195 2834 2516 2901 fenestram,
2543 2848 2666 2889 cum
2697 2842 3034 2903 mergeretur
3049 2845 3242 2888 somno
3269 2828 3444 2901 gravi,
3463 2828 3584 2883 dis-

2000 2936 2229 2999 putante
2285 2927 2378 2982 diu
2419 2924 2610 2990 Paulo,
2639 2925 2838 2982 ductus
2881 2937 3074 2980 somno
3101 2921 3300 2979 cecidit
3335 2921 3403 2977 de
3425 2919 3588 2975 tcrtio

2004 3019 2293 3077 cmnaculo
2342 3020 2622 3082 deorsum,
2666 3025 2721 3074 et
2769 3017 3020 3072 sublatus
3063 3025 3148 3072 est
3197 3023 3467 3070 mortuus.
3504 3011 3587 3067 Ad

2001 3128 2162 3183 quem
2203 3127 2326 3168 cum
2383 3109 2764 3166 descendisset
2815 3107 3056 3171 Paulus,
3121 3104 3369 3160 incubuit
3421 3117 3586 3170 super

325 3189 438 3259 γὰρ
495 3187 643 3260 ψυχὴ
687 3187 852 3241 αὑτοῦ
904 3189 962 3241 ὲν
1009 3185 1158 3258 αὐτῷ
1191 3189 1358 3242 ἔστιν.
1413 3189 1644 3252 Ἀναϐὰς
1700 3189 1757 3243 δὲ
1808 3191 1902 3244 καὶ

2004 3217 2150 3267 eum,
2205 3213 2257 3258 et
2305 3199 2625 3271 complexus
2671 3198 2851 3253 dixit:
2893 3193 3072 3250 Nolite
3120 3193 3351 3256 turbari,
3403 3191 3587 3244 animo

323 3254 534 3344 κλάσας
725 3281 890 3352 ἄρτον
923 3279 1019 3334 καὶ
1069 3254 1428 3353 γευσάμενος,
1488 3283 1572 3351 ἐφ’
1606 3284 1790 3338 ἱκανόν
1838 3301 1898 3337 τε

2007 3294 2152 3349 enim
2183 3293 2356 3363 ipsius
2378 3254 2584 3362 in‘ipso
2599 3299 2706 3346 est.
2729 3289 3044 3345 Ascendens
3066 3293 3270 3352 aut-em,
3303 3283 3591 3349 frangens-

324 3373 596 3444 ὁμιλήσας
635 3372 796 3442 ἄχρις
829 3372 1025 3442 αὐγῆς,
1066 3372 1238 3436 οὕτως
1271 3373 1515 3444 ἐξῆλθεν.
1561 3376 1806 3444 Ἥγαγον
1846 3376 1900 3430 δὲ

325 3465 419 3517 τὸν
450 3463 615 3518 παῖδα
664 3461 864 3528 ζῶντα,
910 3465 1005 3517 καὶ
1053 3464 1480 3537 παρεκλήθησαν
1522 3465 1582 3520 οῦ
1643 3467 1900 3536 μετρίως.

339 3557 534 3627 Ἡμεῖς
555 3555 613 3609 δὲ
644 3555 1006 3627 προελθόντες
1033 3557 1126 3610 ἐπὶ
1169 3557 1230 3610 τὺ
1263 3558 1444 3612 πλοῖον
1475 3557 1790 3631 ἀνήχθημεν
1813 3560 1906 3614 ἰπὶ

325 3649 430 3718 τὴν
480 3650 704 3713 Ἀσσον,
756 3649 966 3702 ἐκεῖθεν
1019 3649 1307 3717 μέλλοντες
1363 3651 1768 3722 ἀναλαμϐάνειν
1815 3653 1906 3706 τόν

332 3742 546 3797 Παῦλον
570 3757 583 3771 ·
617 3741 763 3797 οὕτω
794 3742 903 3813 γὰρ
931 3737 998 3813 ἦν
1029 3743 1470 3815 διατεταγμένος,
1508 3745 1717 3815 μέλλων
1747 3745 1906 3809 αὐτὸς

330 3835 606 3902 πεζεύειν.
660 3838 747 3901 Ὠς
789 3837 847 3890 δὲ
904 3837 1198 3892 συνέϐαλεν
1236 3840 1367 3908 ἡμῖν
1423 3839 1504 3902 εἰς
1551 3837 1649 3908 τὴν
1683 3838 1903 3902 Ἄσσον,

330 3929 698 3995 ἀναλαϐόντες
725 3930 886 3985 αὐτὸν
915 3931 1153 4003 ἧλθομεν
1173 3933 1250 3994 εἰς
1273 3929 1610 4002 Μιτυλήνην.
1636 3932 1905 3985 Κάκεῖθεν

331 4016 798 4083 ἀποπλεύσαντες,
832 4022 900 4091 τῇ
931 4019 1160 4091 ἐπιούσῃ
1200 4021 1619 4092 κατηντήσαμεν
1649 4021 1908 4094 ἄντικρυς

328 4110 500 4164 Χίου·
553 4112 618 4182 τῇ
670 4110 726 4165 δὲ
775 4109 938 4181 ἑτέρᾳ
978 4110 1365 4183 παρεϐάλομεν
1413 4113 1492 4176 εἰς
1540 4114 1756 4183 Σάμον
1817 4113 1910 4166 καὶ

333 4202 618 4272 μείναντες
657 4203 716 4255 έν
755 4202 1088 4274 Τρωγυλίῳ,
1146 4204 1214 4275 τῇ
1255 4201 1490 4274 ἐχομένῃ
1535 4203 1773 4275 ήλθομεν
1829 4203 1908 4267 εἰς

331 4293 599 4365 Μίλητον.

947 4388 1205 4459 Κυριακῇ
1241 4386 1304 4454 ζ’.

376 4477 735 4546 Παραίνεσις
762 4481 1004 4535 Παύλου
1039 4479 1397 4549 uagum-axi;
1445 4491 1597 4547 προς
1632 4479 1777 4547 τοὺς
1807 4479 1877 4534 ἐν

766 4568 999 4640 Ἐφέσῳ
1029 4569 1496 4641 πρεσϐυτέρους.

545 4697 548 4700 -
923 4660 1317 4716 KEIMENON.

411 4749 653 4822 Κέκρικε
679 4751 790 4820 γὰρ
815 4751 844 4804 ὁ
875 4751 1084 4816 Παῦλος
1112 4749 1500 4821 παραπλεῦσαι
1524 4750 1622 4822 τὴν
1659 4751 1914 4819 Ἔφεσον,

331 4842 489 4904 ὅπως
540 4843 615 4912 μὴ
648 4843 872 4913 γένηται
901 4843 1053 4912 αὐτῷ
1091 4843 1512 4914 χρονοτριϐῆσαι
1547 4845 1604 4895 ἐν
1631 4844 1696 4911 τῇ
1739 4841 1915 4911 Ἀσίᾳ.

337 4933 612 4987 Ἐσπευδε
640 4935 832 5006 γὰρ,εί
867 4934 1091 4988 δυνατὸν
1119 4930 1188 5006 ἦν
1222 4934 1393 5003 αὐτῷ,
1431 4935 1533 5007 τὴν
1576 4932 1788 5004 ἡμέραν
1821 4933 1921 5000 τῆς

341 5024 751 5095 ιῐεντηκοστῆς,
782 5025 1036 5093 γενέσθαι
1063 5027 1143 5088 εἰς
1176 5023 1545 5094 Ἰεροσόλυμα.
1586 5021 1720 5076 Ἀπὸ
1741 5021 1798 5074 δὲ
1819 5021 1920 5092 τῆς

337 5111 588 5182 Μιλήτου
635 5114 858 5185 πέμψας
909 5119 989 5180 είς
1042 5116 1297 5184 Ἔφεσον,
1354 5114 1756 5186 μετεκαλέσατο
1791 5114 1919 5178 τοὺς

339 5203 754 5274 πρεσϐυτέρους
800 5207 900 5275 τῆς
941 5207 1292 5276 Ἐκκλησίας.
1335 5209 1422 5272 Ὡς
1461 5208 1518 5262 δὲ
1556 5207 1922 5278 παρεγένοντο

341 5293 488 5364 πρὸς
539 5296 726 5362 αὐτὸν,
781 5293 934 5352 εἶπεν
986 5301 1205 5363 αὐτοῖς·
1251 5299 1443 5370 Ὑμεῖς
1489 5299 1784 5352 ἐπίστασθε
1815 5298 1922 5352 ἀπὸ

1829 4665 1832 4667 _
1939 4605 1994 4665 D

2009 3399 2118 3453 que
2152 3396 2348 3454 panem
2380 3389 2435 3437 et
2463 3387 2716 3451 gustatis,
2753 3379 2998 3448 satisque
3020 3376 3295 3431 allocutus
3337 3387 3511 3443 usque
3532 3372 3588 3426 in

2009 3475 2208 3537 lucem,
2233 3474 2310 3530 sic
2333 3471 2614 3544 profectus
2641 3478 2746 3526 est.
2768 3469 3123 3524 Adduxerunt
3149 3476 3328 3523 autem
3357 3481 3594 3536 puerum.

2013 3565 2308 3628 viventem,
2357 3569 2412 3619 et
2443 3561 2712 3617 consolati
2747 3567 2878 3616 sunt
2926 3575 3032 3614 non
3065 3559 3312 3612 minime.
3346 3554 3460 3612 Nos
3490 3570 3589 3610 au-

2013 3662 2120 3709 tem
2154 3652 2513 3709 ascendentes
2549 3665 2762 3714 navem,
2790 3649 3164 3719 navigavimus
3190 3647 3247 3703 in
3265 3646 3472 3713 Asson,
3509 3646 3591 3700 in-

2012 3747 2080 3802 de
2118 3745 2430 3815 suscepturi
2480 3743 2747 3811 Paulum;
2787 3743 2868 3797 sic
2899 3741 3046 3795 enim
3075 3741 3427 3811 disposuerat
3471 3739 3595 3810 ipse

2014 3852 2109 3909 per
2131 3845 2331 3892 terram
2387 3835 2490 3890 iter
2541 3834 2808 3889 facturus.
2840 3832 2975 3888 Cum
3019 3829 3596 3895 autem_convenisset

2013 3942 2115 3982 nos
2146 3927 2200 3981 in
2234 3926 2433 3992 Asson,
2463 3931 2744 3996 assumpto
2783 3941 2870 3991 eo,
2898 3925 3150 3980 venimus
3180 3922 3495 3993 Mitylenen.
3524 3920 3598 3975 Et:

2015 4017 2142 4074 inde
2159 4017 2498 4088 navigantes,
2514 4017 2761 4087 sequenti
2781 4017 2867 4072 die
2887 4015 3140 4071 venimus
3156 4023 3348 4071 contra
3367 4013 3590 4079 Chium,

2015 4116 2069 4165 et
2094 4108 2198 4164 alia
2239 4107 2602 4179 applicuimus
2650 4107 2902 4175 Samum,
2949 4117 3005 4164 et
3044 4107 3294 4179 sequenti
3319 4107 3407 4163 die
3433 4108 3592 4162 veni-

2018 4217 2138 4258 mus
2167 4199 2434 4257 Miletum.

2515 4382 2796 4437 Dominica
2849 4383 3104 4450 septima.

2055 4474 2356 4532 Admonitio
2383 4475 2679 4545 pastoralia
2714 4473 2874 4527 Pauli
2902 4473 2970 4526 ad
3001 4475 3334 4541 presbyteros
3368 4472 3557 4538 Ephesi

2607 4573 3016 4620 commorantes.

2659 4652 2962 4710 TEXTUS.

2088 4751 2203 4807 XX.
2224 4749 2412 4806 16-56.
2429 4747 2946 4818 Proposueratenim
2965 4744 3592 4814 Paulust-ransnavigare

2017 4839 2316 4909 Ephesum,
2337 4853 2406 4892 ne
2435 4850 2710 4907 qua-mora
2734 4833 2811 4889 illi
2847 4833 3067 4890 fieretin
3100 4833 3248 4888 Asia.
3275 4832 3595 4888 chtinabat

2017 4928 2190 4993 enim,
2219 4926 2263 4980 si
2298 4926 2562 4995 possibile
2593 4923 2698 4980 sibi
2736 4932 2904 4989 esset,
2939 4934 3000 4976 ut
3057 4922 3201 4978 diem
3239 4921 3592 4978 Pentecostcs

2022 5019 2229 5074 faceret
2282 5017 2670 5089 Jerosolymis.
2742 5015 2786 5069 Α
2845 5015 3036 5071 Mileto
3109 5023 3295 5070 autem
3368 5017 3593 5068 mittens

2027 5111 2322 5182 Ephesum,
2357 5111 2569 5165 vocavit
2606 5107 2837 5178 majores
2868 5115 2998 5162 natu
3025 5105 3300 5162 Ecclesiae.
3337 5106 3438 5172 Qui
3468 5119 3594 5159 cum

2025 5202 2306 5258 venissent
2337 5201 2404 5255 ad
2435 5215 2583 5264 eum,
2611 5206 2665 5254 ct
2687 5197 2855 5254 simul
2901 5208 3108 5262 essent,
3162 5196 3301 5251 dixit
3328 5198 3441 5251 eis:
3483 5193 3600 5249 Vos

2027 5293 2182 5353 scitis
2217 5293 2442 5362 aprima
2491 5290 2600 5355 die,
2657 5303 2762 5360 qua
2786 5289 3070 5359 ingressus
3132 5302 3251 5343 sum
3305 5287 3358 5341 in
3388 5285 3602 5348 Asiam,

1535 5475 1739 5538 Variae
1778 5475 2090 5539 lectiones
2137 5479 2198 5536 et
2244 5479 2436 5536 notae.

417 5580 467 5614 "
501 5580 722 5646 πάντες.
800 5581 847 5614 ⁵³
877 5582 1187 5637 καταπτάν.

422 5714 535 5786 (52)
570 5714 732 5788 Vulg.
770 5716 1039 5788 interpres
1079 5717 1266 5778 habet,
1305 5716 1554 5788 Iovisque
1581 5717 1768 5787 prolis,
1803 5715 1918 5771 fur-

344 5795 500 5858 tasse
541 5785 684 5855 quod
722 5785 1071 5858 Iegerit‘Azb;
1102 5788 1310 5858 παιδός.
1350 5785 1696 5858 Ιρεεξτειὶιιιιί
1731 5801 1915 5841 vocem

341 5855 621 5924 Graecam,
655 5855 927 5926 tum’quia
961 5857 1122 5914 unica
1153 5857 1344 5912 Latina
1373 5855 1524 5914 reddi
1559 5873 1668 5914 non
1705 5862 1918 5928 potest;

2028 5725 2142 5770 tum
2164 5713 2291 5781 quia
2323 5712 2392 5768 al)
2419 5721 2640 5768 auctore
2668 5713 2757 5767 hic
2781 5710 3108 5781 explicatur.

2101 5776 2215 5854 (53)
2260 5783 2416 5850 Vulg.
2448 5776 3036 5854 interpres_i\'cocor0u
3081 5779 3243 5836 vertit
3289 5776 3614 5842 cultricem;

2028 5851 2274 5927 plerique
2301 5854 2391 5909 alii
2421 5861 2638 5908 vertunt
2663 5851 2937 5908 a'dituam.
