4082 6422
485 429 624 497 1025

1365 421 1939 485 THEOPHYLACTI
1974 420 2387 483 BULGARIrE
2430 425 2789 488 ARCHIEP.

3570 419 3717 487 1016

486 540 726 613 qualiter
755 539 1036 594 vobiscum
1092 552 1188 609 per
1232 550 1392 592 omne
1424 544 1639 603 tempus
1684 532 1899 598 fuerim,
1935 546 2052 588 ser-

2184 538 2381 606 ιρὼτης
2415 538 2627 607 ἡμέρας
2659 536 2754 605 ἀφ’
2783 530 2849 609 ἧς
2879 534 3081 605 ἐπέϐην
3115 535 3193 599 είς
3225 533 3324 606 τὴν
3369 534 3572 599 ⁹Ασίαν,
3606 536 3727 599 πῶς

488 637 646 689 viens
674 633 906 688 Domino
940 648 1065 688 eum
1101 633 1250 688 omni
1280 630 1585 699 humilitate
1619 638 1674 684 et
1711 628 1969 700 laerymis
2001 636 2056 682 et

492 724 916 787 tentationibus,
975 737 1096 793 qua:
1142 722 1276 775 mihi
1333 719 1654 774 acciderunt
1713 734 1777 772 ex
1836 717 2057 774 insidiis

492 817 803 873 Iudaeorum
855 815 1177 886 :qnomodo
1209 813 1338 867 nihil
1387 810 1752 868 subtraxerim
1796 809 2039 876 utilium,

487 925 598 978 quo
666 908 851 962 minus
889 905 1272 960 annuntiarem
1304 904 1481 964 vobis,
1532 908 1590 957 et
1652 901 1905 956 docerem
1961 913 2061 955 vos

490 999 713 1069 publice
755 1007 811 1053 et
867 1012 964 1066 per
1012 997 1228 1058 domos,
1290 994 1595 1050 testiﬁcans
1636 991 1842 1048 Iudaeis
1899 1001 2060 1062 atque

488 1092 781 1165 gentilibus
810 1091 864 1145 in
891 1090 1058 1145 Deum
1100 1089 1482 1161 paenitentiam
1531 1099 1584 1144 et
1613 1087 1774 1143 iidem
1801 1087 1856 1141 in
1877 1085 2062 1141 Domi-

493 1201 626 1240 num
664 1194 915 1240 nostrum
946 1182 1132 1238 Jesum
1164 1182 1470 1238 Christum.
1508 1181 1576 1236 Et
1608 1194 1757 1237 nunc
1787 1193 1918 1235 ecce
1940 1177 2061 1233 alli-

490 1287 646 1347 gatus
675 1292 776 1347 ego
814 1276 1045 1347 Spiritu,
1078 1276 1217 1330 vado
1262 1278 1317 1331 in
1349 1274 1650 1331 Jerusalem
1679 1291 1695 1341 ;
1757 1288 1878 1343 qua:
1906 1271 1961 1325 in
1998 1282 2061 1325 ea

490 1376 717 1424 ventura
744 1370 857 1426 sint
888 1369 1042 1432 mihi,
1102 1370 1365 1439 ignorans
1424 1391 1439 1425 :
1484 1367 1588 1423 nisi
1621 1366 1765 1437 quod
1825 1365 2064 1436 Spiritus

491 1470 720 1516 sanctus
780 1476 882 1529 per
929 1474 1123 1516 omnes
1180 1460 1429 1515 civitates
1489 1459 1621 1512 mihi
1674 1458 2058 1526 protestatur,

499 1554 692 1608 dicens
764 1553 1021 1622 quoniam
1066 1550 1283 1605 vincula
1315 1558 1370 1605 et
1419 1548 1808 1602 tribulationes
1843 1545 2065 1601 Jeroso-

496 1642 659 1712 lymis
690 1655 778 1695 me
845 1646 1087 1693 manent.
1124 1635 1229 1693 Sed
1285 1636 1421 1689 nihil
1472 1636 1664 1690 horum
1700 1646 1916 1695 vereor,
1969 1642 2068 1685 nec

498 1733 640 1786 facio
667 1731 907 1786 animam
951 1743 1125 1785 meam
1157 1727 1539 1799 pretiosiorem
1571 1738 1732 1794 quam
1770 1737 1877 1786 me,
1910 1720 2069 1775 dum-

500 1820 663 1876 modo
687 1834 1063 1874 consummem
1092 1832 1315 1873 cursum
1358 1830 1562 1882 meum,
1609 1824 1664 1869 et
1705 1811 2067 1867 ministerium

501 1913 649 1968 verbi
687 1911 833 1981 quod
866 1910 1049 1979 accepi
1086 1925 1115 1965 a
1157 1909 1382 1964 Domino
1414 1907 1564 1971 Jesu,
1590 1903 1866 1961 testificari
1892 1902 2071 1957 Evan-

497 2002 697 2074 gelium
730 2000 894 2071 290
924 1999 1113 2070 gratiae
1144 1997 1259 2054 Dei.
1300 1996 1364 2050 Et
1413 2011 1559 2052 nune
1614 2008 1742 2050 ecce
1793 2006 1895 2063 ego
1927 1990 2070 2054 scio,

500 2093 629 2163 quia
689 2082 928 2161 amplius
992 2087 1416 2145 non'videbitis
1487 2085 1681 2140 faciem
1748 2099 1926 2139 meam
1973 2097 2071 2137 vos

499 2197 713 2247 omnes,
741 2195 838 2250 per
873 2194 1014 2249 quos
1066 2178 1299 2234 transivi
1332 2176 1641 2246 prmdicans
1698 2190 1925 2245 regnum
1952 2173 2071 2229 Dei.

503 2272 851 2343 Quapropter
878 2278 1163 2327 contestor
1201 2284 1298 2325 vos
1320 2269 1583 2324 hodierna
1615 2265 1725 2333 die,
1765 2267 1891 2336 quia
1914 2280 2074 2321 muri.-

504 2369 608 2420 dus
647 2379 770 2419 sum
819 2378 849 2418 a
895 2361 1160 2432 sanguine
1190 2359 1461 2418 omnium.
1494 2358 1611 2414 Non
1668 2358 1814 2413 enim
1863 2357 2079 2413 subter-

513 2454 653 2524 fugi,
685 2452 986 2524 quominus
1021 2452 1408 2507 annuntiarem
1433 2464 1596 2506 omne
1652 2448 1945 2506 consilium
1981 2448 2076 2505 Dei

505 2544 684 2600 vobis.

576 2725 854 2783 Attendite
903 2725 1060 2784 vobis
1113 2733 1168 2780 et
1198 2723 1456 2781 universo
1502 2724 1676 2795 gregi,
1722 2724 1778 2779 in
1827 2739 1936 2795 quo
1982 2739 2081 2781 vos

509 2818 749 2889 Spiritus
767 2825 998 2874 sanctus
1024 2817 1215 2889 posuit
1239 2817 1529 2887 episcopos
1558 2832 1747 2888 regere
1775 2814 2080 2872 Ecclesiam

513 2913 606 2966 Dei
630 2925 792 2981 quam
823 2909 1119 2979 acquisivit
1157 2909 1434 2979 sanguine
1467 2924 1593 2964 suo.
1641 2908 1755 2980 Ego
1784 2908 1924 2975 scio,
1945 2923 2085 2978 quo-

512 3007 660 3058 niam
733 3002 1018 3057 intrabunt
1084 3011 1207 3072 post
1271 3000 1667 3058 discessionem
1717 3014 1895 3056 meam
1969 3000 2082 3070 lupi

514 3108 743 3164 rapaces
766 3092 819 3147 in
848 3106 969 3154 vos.
1001 3106 1108 3145 non
1160 3099 1449 3159 parcentes
1487 3092 1658 3161 gregi.
1701 3089 1768 3144 Et
1812 3105 1878 3145 ex
1927 3089 2084 3146 vobis
2116 3100 2135 3137 ‘-

2162 630 2282 701 μεθ’
2311 631 2466 701 ὑμῶν
2493 631 2583 684 τὸν
2613 629 2792 685 πάντα
2816 629 3005 701 χρόνον
3030 628 3297 699 ἐγενόμην
3316 644 3329 660 ο
3361 627 3626 681 δουλεύων
3650 627 3730 697 τῷ

2158 720 2351 791 Κυρίῳ
2402 720 2543 789 μετὰ
2590 720 2774 790 πάσης
2818 717 3344 790 ταπεινοφροσύνης,
3376 717 3470 769 καὶ
3522 716 3732 768 πολλῶν

2160 812 2412 882 δακρύων
2443 811 2538 866 καὶ
2568 811 2891 883 πειρασμῶν
2917 810 3025 864 τῶν
3064 807 3387 879 συμϐάντων
3414 824 3504 877 μοι
3532 806 3589 858 ἐν
3610 806 3733 867 ταῖς

2160 904 2475 968 ἐπιϐουλαῖς
2520 903 2630 958 τῶν
2679 902 2984 957 Ἰουδαίων·
3029 901 3104 964 ὡς
3137 900 3289 953 οὐδὲν
3329 896 3732 964 ὑπεστειλάμην

2160 999 2270 1052 τῶν
2295 1001 2685 1068 συμφερόντων
2709 993 2803 1051 τοῦ
2833 995 2908 1067 μὴ
2935 988 3253 1062 ἀναγγεῖλαι
3285 992 3432 1061 ὑμῖν,
3465 990 3559 1042 καὶ
3582 987 3733 1041 διδά-

2164 1091 2254 1158 ξαι
2288 1086 2431 1162 ὑμᾶς
2461 1091 2694 1162 δημοσίᾳ
2740 1090 2832 1143 καὶ
2868 1087 2986 1142 κατ’
3020 1087 3202 1149 οἴκους
3223 1101 3237 1116 ι
3294 1082 3739 1154 διαμαρτυρόμε-

2163 1201 2253 1247 νος
2287 1180 2557 1245 Ἰουδαίοις
2591 1199 2651 1234 τε
2688 1180 2783 1235 καὶ
2814 1180 3037 1248 Ἕλλησι
3064 1175 3163 1247 τὴν
3184 1176 3263 1238 είς
3285 1174 3376 1227 τδν
3400 1173 3533 1226 Θεὸν
3571 1173 3740 1242 μετά-

2164 1296 2337 1340 νοιαν,
2370 1279 2465 1332 καὶ
2497 1279 2682 1331 πίστιν
2714 1276 2811 1346 τὴν
2846 1275 2921 1338 είς
2963 1273 3053 1327 τὸν
3095 1271 3299 1342 Κύριον
3330 1269 3488 1340 ἡμῶν
3530 1267 3738 1338 Ἰησοῦν

2166 1370 2419 1439 Χριστόν.
2452 1369 2560 1423 Kal
2590 1367 2685 1421 νῦν
2727 1367 2838 1420 ίδοὺ
2870 1364 3153 1434 δεδεμένος
3198 1360 3308 1429 ἐγὼ
3351 1359 3427 1429 τῷ
3459 1357 3738 1426 Πνεύματι

2171 1459 2473 1530 πορεύομαι
2504 1460 2584 1519 είς
2638 1454 3021 1527 Ἰερουσαλὴμ,
3055 1454 3124 1508 τὰ
3167 1455 3225 1507 ἐν
3279 1451 3417 1521 αὐτῇ
3463 1448 3744 1519 συμϐησό-

2174 1553 2311 1624 μενά
2344 1570 2432 1619 μοι
2464 1552 2537 1623 μὴ
2583 1551 2772 1614 είδώςο
2805 1548 2946 1619 πλὴν
2994 1548 3077 1600 ὅτι
3123 1546 3184 1599 τδ
3230 1543 3454 1612 Πνεῦμα
3495 1540 3556 1595 τὺ
3585 1540 3744 1606 ἀγιον

2172 1645 2313 1699 κατά
2347 1644 2502 1699 πόλιν
2534 1639 2965 1713 διαμαρτύρεταί
3000 1656 3090 1710 μοι
3120 1636 3279 1705 λέγον
3301 1652 3316 1667 ·
3348 1637 3430 1688 ὅτι
3465 1632 3640 1702 δεσμά
3676 1648 3743 1700 με

2172 1740 2269 1793 καὶ
2298 1738 2504 1807 θλίψεις
2540 1737 2811 1807 μένουσιν.
2849 1731 2992 1787 Ἀλλ’
3023 1729 3234 1794 οὐδενὸς
3267 1727 3425 1796 λόγον
3457 1725 3743 1794 ποιοῦμαι,

2173 1831 2295 1885 οὐδὲ
2326 1832 2433 1901 ἔχω
2464 1830 2562 1898 τὴν
2591 1829 2769 1899 ψυχήν
2808 1843 2908 1896 μου
2936 1824 3123 1894 τιμίαν
3150 1819 3398 1891 ἐμαυτῷ,
3425 1818 3500 1881 ὼς
3525 1814 3749 1870 τελειῶ-

2176 1942 2268 1977 σαι
2295 1925 2387 1976 τὸν
2416 1923 2616 1992 δρόμον
2660 1937 2760 1990 μου
2792 1917 2927 1987 μετά
2960 1916 3159 1987 χαρᾶς,
3192 1912 3286 1965 καὶ
3316 1911 3416 1980 τὴν
3446 1905 3746 1971 διακονίαν,

2173 2015 2242 2086 ἣν
2275 2013 2465 2068 ἔλαϐον
2494 2012 2644 2083 παρὰ
2678 2009 2772 2063 τοῦ
2806 2008 3012 2078 Κυρίου
3052 2003 3250 2075 Ἰησοῦ,
3274 1997 3750 2071 διαμαρτύρασθαι

2174 2107 2234 2160 τὸ
2282 2105 2611 2172 Εὐαγγέλιον
2636 2103 2735 2173 τῆς
2765 2102 2988 2173 χάριτος
3020 2097 3113 2151 τοῦ
3146 2093 3306 2149 Θεοῦ.
3347 2092 3458 2146 Kal
3503 2090 3597 2143 νῦν
3637 2088 3749 2140 ἰδοὺ

2177 2197 2288 2266 ἐγὼ
2319 2194 2457 2262 οἶδα,
2482 2197 2564 2250 ὅτι
2593 2194 2694 2248 οὑκ
2727 2192 2807 2246 ἔτι
2831 2188 3027 2260 ὄψεσθε
3055 2188 3115 2242 τὸ
3144 2183 3435 2257 πρόσωπόν
3463 2199 3563 2252 μου
3592 2179 3751 2249 ὑμεῖς

2178 2291 2401 2354 πάντες,
2435 2289 2493 2342 ἐν
2531 2284 2612 2349 οἷς
2643 2284 2857 2356 διῆλθον
2890 2279 3181 2354 κηρύσσων
3215 2278 3314 2348 τὴν
3346 2272 3622 2346 βασιλείαν
3653 2268 3750 2322 τοῦ

2177 2380 2337 2436 Θεοῦ.
2366 2379 2456 2433 Διὸ
2504 2378 2855 2450 μαρτύρομαι
2898 2375 3028 2443 ὑμῖν
3061 2374 3118 2425 ἐν
3164 2372 3232 2441 τῇ
3268 2369 3508 2438 σήμερον
3540 2363 3751 2435 ἡμέρᾳ,

2180 2476 2262 2528 ὅτι
2292 2471 2532 2542 καθαρός
2554 2473 2671 2540 εἰμι
2702 2467 2807 2524 ἀπὸ
2829 2465 2923 2520 τοῦ
2952 2466 3185 2536 αἵματος
3214 2461 3433 2515 πάντων
3466 2456 3639 2528 ὑμῶν.
3674 2454 3752 2507 Οὐ

2182 2567 2287 2634 γὰρ
2319 2561 2724 2631 ὑπεστειλάμην
2779 2558 2872 2613 τοῦ
2925 2557 3000 2629 μὴ
3047 2551 3369 2622 ἀναγγεῖλαι
3412 2551 3539 2619 ὑμῖν
3572 2547 3756 2599 πᾶσαν

2181 2659 2280 2731 τὴν
2305 2657 2503 2730 βουλὴν
2525 2655 2620 2709 τοῦ
2647 2653 2806 2707 Θεοῦ.

2256 2728 2559 2820 Προσέχετε
2589 2745 2681 2799 οῦν
2714 2745 2949 2806 ἑαυτοῖς,
2981 2739 3077 2793 καὶ
3112 2736 3275 2791 παντὶ
3298 2733 3374 2805 τῷ
3405 2730 3663 2800 ποιμνίῳ.
3696 2728 3758 2781 ἐν

2183 2835 2227 2912 ᾧ
2263 2845 2407 2914 ὑμᾶς
2435 2842 2497 2895 τὸ
2522 2839 2748 2908 Πνεῦμα
2789 2835 2848 2889 τὸ
2875 2835 3029 2903 ἅγιον
3060 2829 3212 2884 ἔθετο
3250 2825 3603 2885 ἐπισκόπους,
3632 2837 3757 2873 ποι-

2191 2936 2401 3007 μαίνειν
2423 2933 2523 3005 τὴν
2554 2928 2881 2999 Ἐκκλησίαν
2910 2923 3002 2980 τοῦ
3034 2920 3190 2985 Θεοῦ,
3230 2920 3294 2992 ἥν
3330 2914 3760 2988 περιεποιήσατο

2186 3003 2276 3083 διὰ
2325 3025 2421 3080 τοῦ
2478 3003 2609 3079 ίδίου
2667 3022 2923 3092 αἵματος.
2952 3014 3098 3083 Ἐγὼ
3133 3014 3242 3082 γάρ
3289 3007 3407 3065 οἶδα
3454 3007 3632 3069 τοῦτο,
3675 3003 3760 3055 ὅτι

2192 3120 2331 3191 μετά
2358 3118 2458 3189 τὴν
2486 3116 2670 3186 ἄφιξίν
2705 3129 2808 3184 μου
2848 3107 3248 3165 εἰσελεύσονται
3279 3100 3434 3153 λύκοι
3462 3097 3646 3169 βαρεῖς
3681 3093 3763 3154 εἰς

512 3182 650 3251 ipsis
678 3186 975 3250 exsurgent
1004 3178 1108 3234 viri
1150 3178 1437 3248 loquentes
1482 3192 1761 3248 perversa,
1811 3185 1873 3231 ut
1910 3177 2082 3233 abdu-

2190 3177 2356 3288 ὑμᾶς,
2490 3177 2912 3282 φειδόμενοιτοῦ
2942 3202 3194 3272 ποιμνίου
3217 3213 3231 3229 ⁸
3264 3197 3359 3251 καὶ
3385 3194 3444 3260 ἐξ
3477 3190 3629 3263 ὑμῶν
3655 3189 3763 3288 αὑ-

512 3281 643 3330 cant
689 3271 991 3342 discipulos
1050 3276 1174 3342 post
1223 3283 1303 3325 se.
1366 3268 1597 3339 Propter
1651 3269 1796 3337 quod
1841 3268 2082 3341 vigilate,

516 3364 783 3418 memoria
816 3361 1139 3427 retinentes,
1168 3360 1429 3430 quoniam
1456 3374 1556 3430 per
1586 3359 1882 3415 trienniqu
1926 3368 2090 3416 nocte

516 3463 573 3509 ct
598 3452 688 3509 die
709 3466 817 3507 non
843 3453 1081 3513 cessavi,
1126 3466 1253 3507 cum
1301 3450 1561 3522 lacrymis
1614 3465 1844 3508 monens
1882 3466 2090 3507 unum-

520 3558 794 3614 quemque
828 3551 1096 3598 vestrum.
1128 3541 1195 3595 Et
1224 3556 1369 3596 nunc
1400 3542 1719 3597 commendo
1766 3557 1866 3597 vos
1896 3541 2007 3597 Deo
2036 3549 2092 3598 et

518 3636 690 3693 verbo
713 3634 903 3706 gratiae
950 3633 1147 3704 ipsius,
1188 3633 1282 3703 qui
1334 3639 1530 3703 potens
1588 3638 1674 3689 est
1724 3632 2004 3689 aediﬁcare
2036 3640 2090 3688 et

519 3730 655 3785 dare
683 3726 1058 3783 haereditatem
1093 3726 1144 3781 in
1174 3725 1530 3782 sanetitlcalis
1559 3724 1839 3792 omnibus.
1882 3728 2091 3794 Argen-

519 3830 635 3875 tum
654 3828 715 3877 et
741 3834 935 3898 aurum
972 3827 1067 3874 aut
1094 3826 1303 3874 vestem
1367 3816 1577 3872 nullius
1607 3817 1922 3887 eoneupivi,
1951 3818 2095 3873 sicut

522 3913 627 3982 ipsi
658 3911 814 3968 scitis
842 3929 855 3965 :
883 3913 1142 3981 quoniam
1172 3908 1237 3963 ad
1291 3924 1354 3964 ea
1401 3923 1524 3978 qua:
1553 3907 1687 3961 mihi
1719 3922 1859 3978 opus
1910 3916 2092 3970 erant,

521 4013 577 4058 et
611 4003 699 4060 his
748 4003 843 4073 qui
901 4017 1115 4058 meeum
1169 4010 1319 4067 sunt,
1376 4000 1833 4059 ministraveruut
1900 4014 2096 4054 manus

523 4096 664 4151 istae.
697 4094 888 4149 Omnia
930 4093 1150 4149 ostendi
1184 4092 1362 4158 vobis,
1408 4093 1667 4163 quoniam
1716 4092 1798 4148 sic
1830 4092 2095 4147 laboran-

525 4196 634 4252 tes,
661 4192 880 4254 oportet
903 4186 1185 4253 suscipere
1209 4184 1482 4250 infirmos,
1511 4200 1575 4242 ac
1605 4185 1921 4240 meminisse
1944 4183 2097 4240 verbi

527 4276 747 4330 Domini
804 4274 933 4330 Jesu
993 4275 1253 4347 quoniam
1320 4277 1436 4346 ipse
1492 4277 1672 4335 dixit:
1736 4275 1959 4331 Bealius
2014 4285 2099 4330 est

528 4367 662 4421 dare
683 4380 848 4436 quam
878 4366 1151 4435 accipere.
1203 4363 1269 4419 Et
1307 4380 1433 4422 cum
1475 4367 1591 4425 lure
1625 4365 1872 4433 dixisset,
1901 4363 2097 4435 positis

527 4459 759 4531 genibus
789 4457 931 4523 suis,
961 4457 1140 4514 oravit
1168 4472 1293 4513 eum
1317 4458 1577 4514 omnibus
1600 4456 1734 4515 illis.

1033 4706 1600 4764 COMMENTARIUS.

610 4822 627 4854 ι
683 4803 820 4858 Cum
869 4801 1018 4855 omni
1072 4801 1382 4856 humilitate
1463 4807 1518 4854 et
1584 4796 1862 4869 lacrymis.
1926 4815 1945 4849 ι
2004 4796 2105 4852 Hic

536 4894 798 4948 doctrinae
826 4907 938 4948 suae
971 4893 1343 4948 characterem
1381 4892 1450 4946 ob
1484 4890 1675 4944 oculos
1699 4887 1875 4959 ponit,
1912 4902 2108 4957 nempe

537 4982 745 5040 invidia
787 4989 844 5038 et
875 4983 1015 5039 fastu
1047 4989 1325 5049 expertem
1356 4993 1498 5045 esse,
1529 4978 1760 5048 aliisque
1819 4977 2111 5032 condolere

547 5075 790 5144 (dolebat
828 5074 973 5128 enim
1002 5073 1095 5127 ille
1125 5080 1181 5128 et
1210 5085 1309 5141 pro
1349 5069 1459 5125 illis
1481 5068 1572 5138 qui
1611 5066 1884 5137 peribant,
1923 5073 1978 5121 et
2009 5080 2107 5135 pro

537 5169 603 5223 iis
634 5166 726 5237 qui
754 5163 1104 5235 perdebant),
1134 5171 1187 5216 et
1216 5159 1450 5215 humiles
1478 5173 1599 5214 esse
1662 5160 1740 5227 (at
1764 5172 1872 5212 non
1911 5165 2108 5211 utcun-

536 5272 665 5326 que,
707 5254 801 5312 sed
830 5270 952 5310 cum
979 5253 1127 5311 omni
1155 5252 1482 5312 humilitate.
1505 5264 1720 5319 nempe,
1745 5248 1799 5302 in
1829 5247 2015 5313 verbo,
2051 5247 2106 5299 iu

539 5362 726 5417 opere,
762 5363 888 5417 erga
916 5346 1228 5417 superiores
1258 5353 1313 5400 et
1364 5340 1698 5411 inferiores),
1728 5350 1782 5395 et
1807 5354 1928 5408 quae
1958 5338 2108 5393 utilia

543 5447 674 5493 sunt
739 5437 928 5507 loqui:
966 5444 1126 5491 erant
1159 5449 1395 5503 namque
1443 5430 1611 5486 multa
1644 5445 1766 5500 qua:
1810 5427 2110 5485 discereiis

543 5546 650 5586 non
676 5530 1027 5601 expediebat.
1053 5528 1228 5585 Sicuti
1249 5528 1392 5583 enim
1412 5524 1658 5598 qumdam
1683 5524 1792 5579 illis
1809 5522 2106 5586 occultare,

2189 3283 2298 3365 τῶν
2340 3283 2733 3377 ἀναστήσονται
2768 3299 2959 3368 ἄνδρες
3000 3292 3288 3353 λαλοῦντες
3330 3283 3764 3356 διεστραμμένα,

2190 3402 2285 3457 τοῦ
2314 3399 2568 3470 ἀποσπᾷν
2592 3396 2717 3459 τοὺς
2743 3388 2987 3464 μαθητὰς
3017 3385 3192 3441 ὀπίσω
3218 3381 3418 3438 αὐτῶν.
3450 3377 3540 3431 Διδ
3561 3391 3771 3470 γρηγο-

2194 3496 2339 3566 ρεῖτε
2365 3467 2814 3562 μνημονεύοντες,
2833 3485 2915 3536 ὅτι
2941 3477 3203 3551 τριετίαν,
3219 3473 3391 3528 νύκτα
3415 3470 3510 3524 καὶ
3528 3467 3768 3539 ἡμέραν,

2193 3563 2293 3640 οὐκ
2315 3581 2645 3651 ἐπαυσάμην
2679 3577 2817 3648 μετὰ
2840 3572 3092 3644 δακρύων
3115 3567 3379 3624 νουθετῶν
3413 3566 3509 3618 ἕνα
3535 3563 3769 3627 ἕκαστον

2196 3676 2373 3748 ὑμῶν.
2421 3674 2528 3727 Καὶ
2573 3670 2738 3725 τανῦν
2777 3664 3152 3738 παρατίθεμαι
3188 3662 3363 3731 ὑμᾶς,
3412 3655 3651 3725 ἀδελφοὶ,
3686 3652 3769 3723 τῷ

2195 3768 2315 3839 Θεῷ
2343 3767 2441 3820 καὶ
2467 3763 2546 3835 τῷ
2574 3762 2718 3831 λόγῳ
2753 3760 2849 3830 τῆς
2891 3759 3112 3830 χάριτος
3145 3751 3333 3817 αὐτοῦ,
3369 3747 3776 3839 τῷλδυναμένιι)

2196 3856 2618 3927 ἐποικοδομῆται
2663 3853 2760 3905 καὶ
2786 3847 2971 3902 δοῦναι
3013 3846 3145 3916 ἡμῖν
3174 3837 3542 3913 κληρονομίαν
3573 3838 3628 3888 ἐν
3659 3838 3775 3898 τοῖς

2198 3924 2553 4021 ἡγιασμένοις
2585 3936 3067 4011 πᾶσιν.Ἀργυρίου
3101 3934 3134 4006 ἢ
3162 3932 3394 4005 χρυσίου
3415 3929 3448 3999 ἢ
3472 3924 3774 3998 ἱματισμοῦ

2197 4020 2410 4104 οὐδενὸς
2458 4036 2802 4106 ἐπεθύμησα.
2847 4029 3013 4084 Αὐτοὶ
3063 4027 3120 4080 δὲ
3170 4024 3487 4092 γινώσκετε,
3540 4021 3620 4073 ὃτι
3652 4020 3778 4076 ταῖς

2200 4133 2411 4205 χρείαις
2452 4147 2578 4200 μου,
2612 4127 2705 4182 καὶ
2726 4126 2841 4188 τοῖς
2859 4122 2977 4177 οῦσι
3007 4119 3125 4191 μετ’
3155 4115 3311 4188 ἐμοῦ,
3333 4113 3689 4184 ὑπηρέτησαν
3718 4111 3777 4163 αἱ

2201 4204 2382 4297 χεῖρες
2398 4217 2578 4277 αὗται.
2591 4221 2773 4274 Πάντα
2786 4216 3037 4281 ὑπέδειξα
3054 4213 3203 4281 ὑμῖν,
3217 4211 3299 4263 ὅτι
3312 4207 3453 4262 οῦτω
3471 4204 3778 4266 κοπιῶντας

2201 4310 2789 4381 δείἀντιλαμϐάνεσθαι
2802 4307 2908 4360 τῶν
2925 4301 3313 4365 ἀσθενούντων,
3340 4315 3443 4368 μνη
3453 4294 3697 4373 μονεύειν
3718 4311 3778 4346 τε

2202 4408 2315 4464 τῶν
2356 4407 2532 4475 λόγων
2567 4403 2663 4458 τοῦ
2704 4399 2910 4470 Κυρίου
2950 4395 3149 4467 Ἰησοῦ,
3181 4394 3262 4447 ὅτι
3297 4390 3459 4453 αὐτὸς
3492 4383 3614 4441 εἷπε
3635 4386 3781 4439 ’Μα-
3839 4426 3855 4437 .

2136 4523 2179 4577 ι)
2209 4500 2402 4570 κάριόν
2422 4500 2538 4551 ἐστι
2571 4494 2769 4566 μᾶλλον
2788 4490 3010 4552 διδόναι,
3046 4487 3079 4557 ἢ
3107 4484 3425 4555 λαμϐάνειν.
3460 4479 3571 4533 Καὶ
3604 4477 3785 4531 ταῦτα

2207 4590 2398 4658 εἰπὼν,
2453 4588 2568 4651 θεὶς
2620 4586 2688 4640 τὰ
2738 4582 2942 4652 γόνατα
2998 4576 3184 4642 αὑτοῦ,
3226 4574 3324 4629 σὺν
3381 4573 3547 4627 πᾶσιν
3594 4573 3784 4631 αὐτοῖς

2818 4761 3198 4819 EPMHNEIA.
3556 4814 3563 4817 ν

2280 4866 2549 4923 Ἐνταῦθα
2606 4861 2933 4934 χαρακτῆρα
2992 4854 3341 4916 διδασκαλίας
3393 4852 3658 4909 δείκνυσι.
3719 4848 3784 4900 τὸ

2210 4962 2463 5032 ἄφθονον,
2481 4958 2541 5011 τὸ
2567 4957 2760 5011 ἄοκνον
2781 4953 2923 5017 ⁸⁵,τὸ
2946 4948 3230 5019 συμπαθὲς
3254 4945 3478 5017 (ἔπασχε
3507 4944 3613 5012 γάρ
3641 4942 3786 5010 ὑπὲρ

2210 5056 2318 5109 τῶν
2345 5050 2755 5121 ἀπολλυμένων,
2807 5044 2950 5115 ὑπὲρ
2982 5042 3090 5095 τῶν
3138 5035 3531 5106 ἀπολλύντων),
3577 5034 3672 5087 καὶ
3722 5034 3787 5085 τὸ

2211 5148 2465 5202 ταπεινὸν
2497 5143 2613 5214 (καὶ
2643 5140 2741 5210 οὐχ
2773 5136 2958 5199 ἁπλῶς
2980 5175 2997 5202 ,
3028 5132 3186 5197 ἀλλὰ,
3224 5150 3244 5183 ι
3284 5128 3422 5201 μετά
3471 5126 3651 5195 πάσης
3683 5141 3785 5177 τα-

2209 5233 2664 5307 πεινοφροσύνης,
2700 5250 2719 5283 ι
2767 5228 2924 5299 φησί·
2969 5223 3141 5279 πολλά
3166 5222 3275 5293 γὰρ
3308 5219 3427 5290 είδη
3468 5218 3568 5287 τῆς
3595 5232 3792 5270 ταπει-

2209 5327 2543 5399 νοφροσύνης
2576 5340 2588 5353 ·
2648 5325 2706 5375 ἐν
2758 5321 2921 5391 λόγῳ,
2969 5320 3025 5371 ἐν
3067 5315 3234 5385 ἔργῳ,
3281 5314 3419 5381 πρὸς
3492 5310 3783 5380 ἄρχοντας,

2209 5421 2347 5493 πρδς
2403 5412 2789 5490 ἀρχομένους),
2823 5412 2919 5466 καὶ
2950 5408 3011 5462 τὸ
3055 5407 3122 5461 τά
3174 5403 3530 5475 συμφέροντα
3567 5399 3783 5493 λέγεινξ

2209 5490 2277 5585 ἦν
2329 5512 2437 5584 γὰρ
2487 5508 2706 5581 πρῶτον
2731 5506 2778 5539 ⁸⁵
2824 5503 2926 5559 οὐκ
2962 5500 3069 5558 ἔδει
3098 5496 3313 5571 μαθεῖν.
3347 5494 3561 5565 Ὥσπερ
3591 5491 3699 5563 γὰρ
3726 5490 3793 5544 τό

1695 5701 1896 5765 Variae
1927 5698 2233 5762 lectiones
2276 5698 2335 5757 et
2381 5699 2570 5753 noue.

613 5804 660 5837 ”
686 5806 770 5859 ἷγ.
814 5807 1031 5873 ἄογκον.
1111 5809 1154 5842 ⁸⁵
1189 5808 1245 5859 ἃ.
