4082 6430
457 400 590 464 1017

1084 405 1620 466 EXPOLil'l‘lONlS
1649 405 1672 464 Ι
1683 403 1728 464 Ν
1773 400 1959 461 ACTA
1995 399 2296 464 TEXTUS
2327 406 2600 470 ALTER.
2651 432 2715 442 ·-
2739 408 2896 468 CAP.
2938 408 3065 467 XX.

3559 404 3694 470 1018

458 535 577 571 τινα
608 516 968 588 κρύπτεσθαι,
1018 520 1243 588 φθόνουο
1292 520 1435 575 οὕτω
1486 521 1579 574 καὶ
1615 520 1675 573 τὸ
1709 520 1817 572 πᾶν
1845 518 2024 585 λέγειν

2138 531 2219 573 res
2271 518 2469 575 fuisset
2523 519 2788 587 invidiae;
2840 520 2912 573 ita
2970 517 3154 574 omnia
3220 517 3441 580 dicere,
3496 516 3690 572 fuisset

457 612 660 675 αὐτοῖς,
703 613 905 674 ἀνοίας.
944 614 1054 668 Καὶ
1086 615 1173 669 διὰ
1205 614 1366 669 τοῦτο
1394 614 1703 684 προσέθηκε
1742 610 1846 665 τῶν
1884 627 2025 679 συμ-

457 704 732 775 φερόντων
758 705 859 758 οὐκ
890 706 1064 758 εἰπεῖν
1110 707 1287 776 μόνον,
1337 705 1472 760 ἀλλά
1519 704 1615 759 καὶ
1641 701 1871 767 διδάξαι.
1904 701 2026 754 Ἔν-

456 797 631 849 ταῦθα
677 796 758 858 είς
806 797 888 860 τὸ,
943 816 962 850 ι
997 797 1300 865 δεδεμένος,
1343 816 1362 850 ι
1399 796 1482 850 δεῖ
1515 795 1803 858 ὑποστίξαι
1839 834 1854 859 ,
1895 792 1962 845 ἵν’
1989 793 2022 861 ἡ

454 885 660 939 διάνοια
691 887 914 957 τοιαύτη
936 903 950 917 ο
981 886 1290 957 Πορεύομαι
1335 887 1415 951 είς
1470 885 1853 957 Ἰερουσαλήμ’
1885 899 2022 953 προ-

455 979 618 1046 γνοὺς
651 977 739 1032 διὰ
786 978 881 1031 τοῦ
937 978 1254 1047 Πνεύματος
1296 978 1366 1033 τὰ
1415 978 1672 1048 ἐσόμενα,
1718 974 2025 1045 πορεύομαι

452 1068 673 1138 δέσμιος
710 1068 806 1123 ὢν.
835 1070 951 1123 ’Ὶνα
995 1069 1051 1123 δὲ
1082 1069 1232 1140 δείξῃ
1277 1069 1359 1122 ὅτι
1400 1068 1562 1131 ἐκὼν,
1595 1067 1688 1120 καὶ
1726 1066 1848 1136 οὐχὶ
1878 1066 2025 1120 ἄκων

452 1160 775 1231 ἀπέρχεται,
827 1159 1032 1230 φησίν·
1078 1178 1098 1213 ι
1140 1160 1262 1214 Ὀτι
1313 1159 1454 1213 κατά
1506 1158 1661 1213 πόλιν
1709 1160 1885 1228 δεσμὰ
1931 1158 2025 1210 καὶ

455 1249 663 1319 θλίψεις
713 1266 782 1320 με
832 1250 1080 1319 μένουσι.
1119 1269 1139 1302 ι
1192 1281 1261 1294 -
1312 1270 1332 1303 ι
1377 1250 1630 1320 Καθαρός
1676 1252 1814 1320 είμι,
1862 1251 2021 1321 φησὶ,

453 1339 562 1392 ἀπὸ
588 1339 682 1391 τοῦ
717 1339 951 1407 αἵματος
982 1339 1226 1405 πάντων,
1258 1359 1276 1393 ι
1322 1341 1372 1393 εί
1403 1340 1786 1406 νυστάξαντες,
1819 1338 2026 1393 ἀποθα-

456 1432 593 1483 νεῖτε
617 1430 688 1462 ⁵⁸⁸
723 1430 826 1484 ὑπὸ
853 1429 948 1484 τοῦ
1004 1431 1264 1498 φονευτοῦ
1296 1431 1404 1485 τῶν
1432 1432 1639 1503 ψυχῶν.
1671 1432 1745 1485 Τὸ
1772 1431 1880 1503 γὰρ
1925 1430 2023 1485 τοῦ

453 1519 799 1584 διδασκάλου,
851 1522 1006 1591 φησι,
1065 1522 1362 1592 πεποίηκα,
1410 1522 1472 1576 τὸ
1518 1522 1847 1591 ἀπαγγείλαι
1896 1524 2024 1593 ύμῖν

453 1609 553 1678 τὴν
581 1608 778 1681 βουλὴν
824 1611 919 1663 τοῦ
944 1610 1102 1665 Θεοῦ.
1138 1613 1279 1682 ’Ἄρα
1311 1613 1339 1665 ὁ
1383 1613 1456 1683 μὴ
1484 1613 1677 1681 λέγων,
1724 1612 2025 1676 ὑπεύθυνος

452 1701 546 1752 τοῦ
569 1700 800 1770 αἵματός
833 1702 971 1768 ἐστι,
1014 1702 1262 1756 τουτέστι
1290 1701 1390 1769 τῆς
1429 1703 1646 1772 σφαγῆς
1674 1703 1875 1758 αὐτῶν.
1909 1703 2025 1756 Δεί-

455 1808 612 1845 κνυσι
641 1792 820 1846 τοίνυν
859 1795 942 1848 ὅτι
980 1795 1243 1856 κάκεῖνοι,
1289 1793 1357 1847 ἂν
1391 1794 1465 1864 μὴ
1510 1793 1756 1860 ποιῶσιν,
1791 1793 2024 1846 ύπεύθυ⁴

454 1882 535 1935 νοί
572 1885 679 1935 εἰσι
725 1883 821 1937 τοῦ
857 1885 989 1938 ἰδίου
1033 1886 1286 1955 αἵματος.
1338 1886 1443 1939 Δύο
1476 1886 1807 1956 προστάσσει
1852 1887 2024 1939 ποιεῖν

454 1974 583 2035 τοὺς
627 1973 1015 2039 διδασκάλους-ο
1069 1974 1194 2028 οὔτε
1245 1976 1352 2046 γὰρ
1393 1975 1455 2029 τὸ
1487 1977 1679 2046 ἐτέρου
1728 1975 2026 2044 κατορθοῦν

458 2067 641 2134 μόνον,
673 2065 784 2137 ἔχει
815 2067 1003 2136 κέρδος
1023 2083 1038 2099 ο
1074 2066 1198 2120 οὔτε
1228 2068 1290 2120 τὸ
1318 2067 1512 2121 ἑαυτοῦ
1550 2068 1708 2138 μόνον
1742 2068 2026 2136 ἐπιμελεῖ-

461 2155 613 2206 σθαι·
643 2156 672 2206 ὁ
704 2156 815 2226 γὰρ
843 2156 1107 2218 τοιοῦτος,
1141 2156 1417 2223 φίλαυτος.
1463 2157 1803 2226 Σημειωτέον
1832 2156 1911 2222 δὲ,
1943 2158 2027 2210 ὅτι

455 2243 549 2308 οὓς
616 2244 792 2299 ὀπίσω
844 2246 980 2316 φησὶ
1032 2246 1463 2318 πρεσϐυτέρους.
1511 2241 1635 2319 [ὧδε
1695 2247 2028 2311 ἐπισκόπους

463 2336 653 2390 καλεῖ·
701 2338 842 2409 ἢτοι,
894 2338 980 2392 διὰ
1027 2339 1088 2393 τὸ
1126 2340 1251 2402 τοὺς
1310 2340 1733 2413 πρεσϐυτέρους]
1784 2343 2028 2413 ἀνάγκην

461 2427 606 2498 ἔχειν
632 2428 957 2483 ἐποπτεύειν
979 2429 1046 2483 τὰ
1071 2431 1170 2499 τῆς
1197 2429 1524 2501 Ἐκκλησίας
1551 2431 1744 2499 λογικὰ
1779 2432 2026 2502 ποίμνια,

464 2518 539 2587 μή
572 2534 658 2577 τις
686 2517 883 2588 ἀσθενῆ
917 2521 982 2589 τῇ
1028 2518 1229 2582 πίστει,
1267 2520 1344 2590 μή
1390 2537 1474 2584 τις
1524 2520 1767 2591 πεινᾷ,ἢ
1819 2520 2028 2592 διψᾷ,ῆ

461 2608 683 2678 ἐλέγχου
718 2606 861 2681 [καὶ]
892 2610 1227 2680 ἐπιστροφῆς
1248 2610 1453 2663 δεῖται*
1486 2610 1519 2679 ἢ
1565 2610 1901 2674 ἐπισκόπους
1929 2607 2031 2664 ὦδε

458 2702 585 2764 τοὺς
629 2700 797 2764 ὅντως
851 2701 1183 2765 ἐπισκόπους
1241 2702 1415 2759 καλεῖ.
1450 2702 1563 2773 Τὴν
1614 2703 1770 2774 ῥίζαν
1818 2704 2034 2774 ἀναιρεῖ

460 2790 566 2844 τῶν
595 2793 802 2857 κακῶν,
830 2792 928 2863 τὴν
961 2792 1350 2864 φιλαργυρίαν.
1399 2794 1476 2846 Οὐ
1505 2792 1614 2862 γὰρ
1654 2792 1838 2856 ἁπλῶς
1876 2811 2028 2864 φησι,

459 2883 560 2937 οὐκ
587 2882 799 2949 ἔλαϐον,
835 2883 978 2948 ἀλλ’,
1012 2883 1134 2938 οὐδὲ
1166 2903 1185 2937 ι
1214 2883 1558 2955 ἐπεθύμησα.
1600 2903 1619 2936 ι
1654 2882 1789 2939 Εἶτα
1826 2884 2034 2939 δείκνυ-

463 2992 571 3039 σιν,
618 2975 702 3028 ὅτι
735 2974 939 3046 ἀληθὴς
1001 2975 1338 3047 ἐλεημοσύνη
1387 2977 1452 3029 ἐκ
1496 2975 1606 3028 τῶν
1655 2975 1800 3030 ίδίων
1851 2977 2034 3031 κόπων

464 3065 668 3134 ὀφείλει
712 3064 957 3132 γίνεσθαι
1000 3066 1114 3129 τοῖς
1146 3065 1417 3120 ἐνδεέσιν·
1466 3065 1591 3119 ἐπεὶ
1635 3068 1698 3120 ἐκ
1751 3066 1859 3122 τῶν
1887 3068 2036 3123 ἀλλο-

2127 612 2397 667 amentiae.
2420 613 2480 667 Et
2497 611 2618 668 ideo
2642 611 2848 667 addidit
2871 628 2885 666 :
2907 628 2926 661 ι
2954 610 3191 676 utilium,
3219 608 3511 679 quominus
3539 626 3558 660 ι
3585 624 3691 662 nou

2124 702 2300 756 solum
2335 703 2595 769 dicerem,
2627 702 2722 758 sed
2756 723 2775 754 ι
2816 710 2872 757 et
2895 702 3309 757 docerem.i—r
3351 701 3642 770 Alligatus.
3668 719 3687 752 ι

2127 795 2226 850 Hic
2292 797 2359 852 ad
2440 812 2627 853 vocem
2680 796 2938 867 alligatus
3005 793 3506 863 interpungendum
3568 799 3691 857 est;

2125 888 2284 959 29],
2319 897 2376 942 ut
2405 889 2505 944 iste
2538 889 2608 945 sit
2647 904 2881 944 sensus:
2919 885 3068 942 Vade
3097 887 3153 941 in
3194 886 3522 950 Jerusalem,
3552 898 3692 954 prte-

2125 979 2318 1034 videns
2345 995 2440 1049 per
2472 980 2734 1051 Spiritum
2786 986 3034 1034 sanctum
3064 993 3187 1046 quae
3236 969 3462 1032 ventura
3518 985 3645 1031 sunt
3673 1014 3689 1038 ,

2125 1072 2266 1125 vado
2300 1080 2480 1127 autem
2543 1072 2798 1143 alligatus
2831 1091 2844 1126 :
2885 1079 3053 1141 utque
3085 1070 3342 1124 ostendat
3392 1083 3452 1123 se
3474 1076 3690 1138 sponte,

2126 1171 2180 1217 et
2214 1178 2325 1217 non
2379 1163 2605 1217 invitum
2674 1163 2980 1228 discedere,
3046 1163 3240 1217 addit:
3283 1179 3303 1213 ι
3349 1161 3455 1216 Per
3502 1173 3694 1214 onmes

2126 1253 2373 1309 civitates
2400 1254 2614 1310 vincula
2652 1264 2703 1309 et
2736 1254 3123 1308 tribulatioues
3155 1267 3239 1307 me
3298 1240 3542 1305 manent.
3582 1266 3601 1301 ι
3624 1278 3695 1289 --

2132 1364 2150 1397 ι
2198 1344 2428 1401 Mundus
2460 1361 2603 1413 sum,
2627 1347 2863 1415 inquit,a
2893 1344 3158 1414 sanguine
3189 1344 3488 1410 omnium,»
3522 1342 3568 1395 si
3600 1355 3696 1396 vos

2126 1437 2535 1492 obdormientes
2559 1437 2886 1492 occidamiui
2940 1437 3009 1488 ab
3067 1434 3419 1489 interfectore
3481 1434 3694 1486 anima-

2125 1545 2268 1583 rum.
2305 1529 2664 1599 Praeceptoris
2698 1529 2843 1582 enim
2869 1527 3023 1581 oneri
3057 1525 3294 1582 satisfeci
3318 1525 3696 1580 annuutiando

2126 1619 2284 1673 vobis
2343 1618 2639 1673 consilium
2702 1615 2822 1671 Dei.
2883 1614 3026 1686 Ergo
3054 1615 3147 1683 qui
3212 1629 3321 1669 non
3375 1613 3512 1668 dicit
3576 1629 3696 1682 qurc

2128 1709 2305 1774 debet,
2338 1725 2463 1765 reus
2488 1716 2569 1764 est
2598 1707 2883 1778 sanguinis
2944 1722 3040 1761 seu
3069 1706 3258 1762 caedis.
3285 1707 3467 1770 Quare
3493 1705 3695 1770 innuit,

2131 1810 2187 1856 et
2220 1802 2369 1871 ipsos
2403 1801 2448 1856 si
2483 1816 2589 1855 non
2623 1800 2874 1865 fecerint,
2907 1814 3033 1854 reos
3066 1800 3282 1853 futuros
3331 1798 3537 1867 proprii
3570 1811 3698 1850 san—

2128 1892 2331 1961 guinis.
2364 1908 2387 1944 ι
2418 1890 2699 1945 Altendile
2746 1891 2901 1945 vobis
2948 1880 3003 1945 et
3038 1891 3292 1945 universo
3329 1889 3499 1961 gregi.
3534 1906 3552 1941 ι
3585 1887 3698 1942 Duo

2131 1983 2246 2036 b:cc
2303 1964 2624 2035 doctoribus
2683 1980 2980 2050 praecipit:
3042 1995 3168 2033 nam
3226 1994 3404 2048 neque
3473 1978 3699 2032 alterius

2133 2080 2342 2127 tantum
2374 2071 2578 2127 bonum
2611 2073 2891 2140 prosequi,
2932 2071 3066 2125 utile
3104 2080 3209 2135 est,
3246 2085 3417 2139 neque
3464 2068 3548 2123 sui
3575 2076 3697 2121 tan-

2133 2162 2412 2219 tummodo
2471 2176 2657 2215 curam
2706 2161 2943 2216 habere:
3011 2160 3137 2215 talis
3189 2161 3333 2214 enim
3387 2159 3472 2214 sui
3525 2158 3699 2227 ipsius

2131 2259 2342 2306 amator
2364 2250 2740 2305 tantummodo
2775 2257 2879 2304 est.
2923 2248 3308 2302 Adnotandum
3365 2262 3516 2310 vero,
3550 2247 3696 2316 quod

2131 2358 2247 2407 eos,
2279 2356 2417 2412 quos
2441 2356 2606 2412 supra
2670 2342 3018 2412 presbyteros
3049 2340 3206 2401 dixit,
3232 2355 3375 2393 nunc
3412 2340 3701 2408 episcopos

2133 2450 2226 2490 seu
2258 2435 2605 2504 inspectores
2654 2434 2911 2504 appellet,
2948 2434 3028 2487 vel
3075 2433 3202 2501 quia
3234 2447 3459 2487 necesse
3503 2440 3607 2494 est,
3642 2427 3700 2483 ut

2133 2525 2437 2596 presbyteri
2489 2525 2774 2580 attendant
2827 2537 2995 2592 supra
3032 2522 3339 2578 rationales
3388 2536 3601 2592 greges,
3635 2535 3702 2573 ne

2133 2619 2258 2687 quis
2291 2616 2375 2671 vel
2404 2616 2659 2672 inﬁrmus
2715 2616 2787 2675 sit
2819 2614 2944 2680 ﬁde,
2994 2615 3080 2669 vel
3143 2614 3374 2676 esuriat,
3422 2612 3508 2667 vel
3528 2611 3702 2675 sitiat,

2093 2707 2219 2768 Avel
2289 2705 2718 2777 reprehensione
2775 2712 2829 2759 et
2872 2704 3215 2759 correctione
3268 2703 3507 2771 indigeat
3560 2719 3573 2753 :
3619 2702 3702 2754 vel

2136 2799 2427 2868 episc0pos
2485 2797 2592 2863 hic,
2647 2796 2740 2866 qui
2816 2810 2945 2850 vere
3008 2794 3254 2864 episcopi
3309 2802 3459 2857 sunt,
3519 2801 3702 2847 vocat.

2141 2909 2160 2943 ι
2196 2890 2490 2961 Argentum
2522 2897 2577 2942 et
2619 2902 2838 2941 aurum.
2876 2905 2896 2938 ι
2931 2884 3188 2940 Radicem
3218 2885 3489 2941 exscindit
3535 2885 3705 2938 malo-

2137 2996 2282 3045 rum,
2311 2995 2507 3049 nempe
2540 2976 2868 3033 avaritiam:
2917 2991 3094 3044 neque
3150 2974 3296 3030 enim
3356 2973 3706 3030 solummodo

2137 3073 2290 3139 dicit,
2324 3086 2431 3126 non
2455 3070 2659 3140 accepi,
2695 3070 2812 3132 sed,
2834 3082 3014 3138 neque
3038 3086 3055 3118 ι
3082 3056 3412 3121 desideravi.
3445 3085 3465 3118 ι
3506 3064 3709 3121 Deinde

466 3158 632 3230 τρίων
658 3157 879 3223 διδόναι,
912 3158 973 3211 οὐ
1013 3158 1201 3231 καλόν.
1237 3153 1369 3212 Εἶτα
1400 3158 1495 3213 καὶ
1522 3159 1718 3230 χρῆσιν
1755 3161 1835 3224 είς
1867 3178 2035 3216 κατα-

2141 3165 2301 3220 docet
2333 3177 2515 3219 veram
2569 3161 2976 3231 eleemosynam
3016 3172 3084 3212 ex
3141 3157 3374 3227 propriis
3427 3157 3709 3211 laboribus

468 3249 666 3321 σκευὴν
704 3249 896 3304 τούτου
927 3249 1014 3303 διὰ
1042 3252 1224 3321 φωνῆς
1259 3250 1355 3303 τοῦ
1390 3250 1598 3322 Κυρίου
1651 3251 1904 3323 εἰρῆσθαί
1936 3271 2041 3323 φη-

467 3359 551 3395 σιν
577 3381 594 3408 ,
625 3343 763 3412 ὅπερ
807 3340 902 3395 νῦν
950 3341 1049 3411 οὐχ
1101 3339 1332 3411 εὕρηται
1381 3343 1440 3395 ἐν
1484 3343 1718 3413 Γραφῇ,
1768 3343 1864 3397 καὶ
1912 3344 2043 3409 ἴσως

465 3432 729 3504 ἀγράφως
776 3432 1097 3503 παρέδωκαν
1139 3434 1189 3486 oi
1214 3433 1505 3487 ἀπόστολοι
1530 3450 1545 3464 ο
1579 3434 1612 3504 ἦ
1651 3434 1710 3499 ἐξ
1758 3429 1833 3489 ὧν
1865 3437 1933 3491 ἄν
1957 3455 2042 3502 τις

467 3527 843 3596 συλλογίσαιτο
889 3527 1114 3582 δυνατὸν
1164 3526 1419 3599 εἰρῆσθαι
1473 3526 1541 3581 δι’
1593 3529 1797 3600 ἐτέρων
1844 3530 2044 3597 λέξεων

465 3617 626 3674 τοῦτο
675 3617 972 3688 δηλουσῶν.
1009 3618 1084 3673 Ού
1116 3617 1275 3672 τοῦτο
1311 3619 1368 3672 δέ
1414 3635 1601 3690 φησιν,
1655 3621 1739 3673 ὅτι
1784 3623 1953 3676 κακὸν
1983 3623 2045 3677 τὸ

468 3709 766 3780 λαμϐάνειν
798 3709 890 3764 καὶ
924 3709 1289 3780 μεταδιδόναι,
1317 3708 1454 3763 άλλά
1485 3710 1697 3780 βέλτιον
1738 3712 1800 3766 τὸ
1830 3715 1904 3783 μὴ
1945 3715 2043 3769 λα-

469 3803 617 3858 ϐεῖν’
669 3801 828 3857 τοῦτο
872 3802 980 3872 γὰρ
1033 3801 1378 3871 συμπαθείας
1407 3801 1509 3870 τῆς
1551 3803 1686 3873 πρὸς
1719 3806 1846 3867 τοὺς
1881 3805 2048 3860 deos.

470 3896 603 3957 νείς.
636 3893 791 3947 Ἐστι
818 3893 1000 3946 τοίνυν
1034 3892 1250 3963 πρῶτος
1279 3890 1508 3962 βαθμδς,
1554 3892 1706 3964 ῥῖψαι
1738 3893 1809 3948 τὰ
1835 3895 2005 3949 αὐτοῦ
2030 3913 2043 3927 ·

467 3986 741 4059 δεύτερος,
774 3984 953 4052 ἐαυτῷ
984 3985 1249 4055 ἐπαρκεῖν
1273 3997 1286 4012 °
1322 3983 1525 4054 τρίτος,
1567 3984 1628 4036 τὸ
1656 3986 1751 4038 καὶ
1794 3986 2004 4058 ἐτέροις
2026 4006 2040 4020 ο

469 4080 751 4149 τέταρτος,
805 4078 866 4132 τὸ
895 4077 990 4131 καὶ
1038 4074 1379 4147 κηρύττοντα
1426 4075 1522 4130 καὶ
1570 4076 1817 4140 ἐξουσίαν
1850 4079 2044 4149 ἔχοντα

471 4168 790 4239 λαμϐάνειν,
825 4167 899 4238 μὴ
932 4166 1257 4236 λαμϐάνειν.
1288 4164 1453 4219 ’Ὥστε
1497 4166 1632 4220 πολὺ
1663 4167 1771 4223 τῶν
1802 4169 2045 4243 ἀκτημό-

470 4280 579 4316 νων
606 4261 750 4315 οὕτω
770 4261 819 4294 ⁸⁸
850 4257 1072 4330 βελτίων
1106 4256 1223 4311 ἐστι
1243 4256 1312 4312 ⁸⁷.

2146 3254 2456 3312 faciendam
2489 3267 2639 3318 esse;
2692 3250 3138 3320 quandoquidem
3195 3263 3259 3303 ex
3292 3249 3487 3303 alienis
3553 3247 3707 3313 dare,

2143 3348 2289 3406 baud
2318 3349 2522 3403 bonum
2568 3352 2652 3400 est
2695 3342 2831 3413 (54).
2869 3342 3075 3398 Deinde
3121 3341 3175 3394 in
3205 3340 3370 3410 hujus
3405 3340 3479 3394 rei
3511 3341 3709 3394 contir-

2143 3443 2439 3498 matiouem
2471 3436 2757 3493 oraculum
2794 3434 3010 3489 Domini
3066 3431 3295 3503 profert,
3349 3430 3500 3502 quod
3550 3430 3713 3483 modo

2143 3534 2369 3606 quidem
2404 3532 2463 3587 in
2511 3530 2797 3599 Scriptura
2855 3543 2961 3583 non
3004 3525 3315 3596 reperitur;
3372 3534 3426 3580 et
3477 3522 3715 3578 fortasse

2143 3626 2280 3683 illud
2316 3624 2527 3694 absque
2561 3622 2769 3691 scripto
2796 3618 3074 3674 tradidere
3104 3617 3376 3686 apostoli:
3415 3615 3496 3669 vel
3543 3615 3716 3669 ratio-

2145 3714 2381 3773 cinando
2431 3713 2690 3780 colligere
2761 3710 2887 3779 quis
2952 3716 3149 3777 potest,
3194 3705 3246 3760 id
3303 3705 3512 3759 dictum
3569 3720 3714 3766 esse.

2145 3807 2268 3861 aliis
2301 3803 2483 3859 verbis
2517 3802 2619 3856 hoc
2645 3800 2786 3854 idem
2819 3797 3275 3867 significantibus.
3303 3793 3421 3849 Non
3463 3796 3536 3848 ait
3559 3810 3714 3860 vero,

2150 3896 2353 3952 malum
2389 3908 2511 3949 esse
2544 3890 2816 3960 accipere,
2843 3896 2898 3944 et
2930 3888 3011 3943 sic
3040 3888 3164 3942 aliis
3185 3886 3318 3941 dare
3347 3903 3363 3952 ;
3394 3885 3490 3942 sed
3521 3887 3718 3940 melius

2149 4002 2271 4046 esse
2307 4000 2416 4042 non
2457 3985 2744 4054 accipere:
2783 3982 2886 4035 hoc
2915 3980 3059 4036 enim
3109 3988 3192 4035 est
3226 3978 3719 4035 commiserationis

2151 4095 2282 4151 erga
2316 4078 2588 4132 infirmos.
2623 4073 2842 4128 Primus
2866 4073 3035 4144 igitur
3083 4070 3287 4143 gradus
3339 4069 3720 4140 (perfectionis

2151 4175 2256 4229 hac
2296 4174 2351 4228 in
2391 4169 2472 4241 re)
2501 4177 2584 4225 est
2619 4183 2717 4223 sua
2769 4167 3043 4236 abjicere;
3082 4163 3378 4229 secundus,
3425 4163 3527 4218 sibi
3562 4162 3719 4217 solli-

2154 4281 2317 4331 cere;
2380 4262 2602 4326 tertius,
2651 4267 2707 4314 et
2757 4259 2882 4313 aliis
2940 4257 3400 4322 subministrare;
3458 4265 3692 4324 quartus

471 4356 636 4412 etiam
702 4353 1134 4427 praedicatorem,
1201 4359 1257 4406 et
1315 4343 1408 4421 qui
1464 4349 1630 4407 habet
1703 4361 2028 4423 potestatem
2070 4358 2397 4432 accipiendi,
2449 4371 2557 4410 non
2618 4353 2888 4423 accipere.
2946 4349 3127 4416 Quare
3191 4348 3393 4403 Paulus
3479 4346 3571 4414 iis,
3630 4336 3722 4416 qui

475 4465 585 4507 non
621 4448 926 4522 possident,
959 4448 1136 4501 multo
1160 4444 1354 4500 melior
1373 4451 1515 4501 erat.

1071 4537 1462 4593 KEIMENON.

559 4632 766 4696 Ἱκανὸς
795 4629 853 4686 δέ
889 4628 1171 4700 κλαυθμὸς
1198 4630 1413 4697 ἐγένετο
1452 4628 1688 4695 πάντων,
1738 4632 1834 4686 καὶ
1861 4634 2054 4689 ἐπιπε-

477 4724 659 4786 σόντες
677 4724 768 4778 ἐπὶ
780 4721 1148 4793 τδντράχηλον
1168 4720 1261 4774 τοῦ
1280 4720 1515 4785 Παύλου,
1527 4723 1850 4791 κατεφίλουν
1867 4726 2051 4795 αὐτὸν,

476 4818 799 4887 ὀδυνώμενοι
858 4815 1093 4886 μάλιστα
1112 4814 1203 4866 ἐπὶ
1228 4812 1307 4881 τῷ
1332 4812 1493 4882 λόγῳ,
1515 4805 1560 4879 ᾧ
1597 4814 1832 4883 είρήκει,
1855 4816 1938 4870 ὄτι
1956 4820 2054 4873 οὐκ

476 4910 558 4962 ἐτι
577 4907 829 4978 μέλλουσι
858 4906 919 4959 τὸ
932 4905 1219 4975 πρόσωπον
1237 4903 1402 4958 αὐτοῦ
1429 4903 1670 4976 θεωρεῖν.
1694 4906 2055 4977 Προέπεμπω

477 5001 533 5054 δὲ
549 5000 711 5055 αὑτὸν
738 5000 816 5062 είς
832 4998 892 5051 τὸ
915 4999 1117 5052 πλοῖον.
1147 4994 1237 5059 Ὧς
1265 4996 1321 5048 δὲ
1341 4995 1557 5064 ἐγένετο
1577 4996 1878 5068 ἀναχθῆναι
1904 5000 2053 5069 ἡμᾶς

480 5089 931 5149 ἀποσπασθέντας
948 5089 1045 5141 ἀπ’
1062 5086 1264 5150 αὐτῶν,
1280 5086 1783 5157 εὐθυδρομήσαντες
1816 5088 2051 5158 ἤλθομεν

480 5183 559 5245 είς
574 5180 672 5252 τὴν
689 5180 805 5234 Κῶο
827 5180 892 5251 τῇ
912 5178 969 5232 δέ
987 5178 1111 5247 ἐξῆς
1128 5179 1208 5240 εἰς
1227 5175 1325 5248 τὴν
1338 5177 1544 5244 Ῥόδον,
1567 5178 1824 5232 κάκεῖθεν
1838 5180 1927 5253 είς,
1943 5180 2058 5234 Πά-

478 5288 655 5344 ταρα·
709 5271 803 5325 καὶ
857 5270 1109 5340 εὑρόντες
1161 5269 1346 5323 πλοῖον
1384 5269 1657 5341 διαπερῶν
1672 5271 1763 5334 sic:
1784 5271 2059 5344 Φοινίκην,

481 5364 771 5427 ἐπιϐάντες
788 5364 995 5433 ἀνήχθη
1005 5360 1521 5431 μεν.Ἀναςρανὲντες
1535 5359 1591 5414 δὲ
1603 5361 1681 5425 είς
1697 5360 1764 5431 τὴ
1777 5377 1797 5413 θ
1812 5362 1857 5413 Κ
1867 5360 1940 5414 ύπ
1947 5379 2059 5433 ρον,

485 5459 583 5512 καὶ
622 5455 1031 5535 καταλιπόντες
1082 5454 1256 5524 αὐτὴν
1301 5452 1618 5525 εὐώνυμον,
1672 5452 1938 5523 ἐπλέομεν
1976 5455 2058 5519 εἰς

2793 4535 3093 4591 TEXTUS.
3370 4585 3380 4594 .

2223 4636 2451 4703 XX,57,
2471 4634 2541 4687 '58
2565 4629 2740 4699 ;XX|,
2779 4629 2892 4685 1-8.
2921 4625 3148 4696 Magnus
3171 4631 3347 4677 autem
3377 4621 3533 4676 fletus
3553 4620 3729 4677 factus

2151 4739 2233 4784 est
2247 4728 2515 4787 omnium,
2536 4734 2591 4778 et
2610 4724 3030 4793 procumbentes
3050 4731 3212 4784 supra
3227 4715 3426 4769 collum
3449 4713 3620 4780 Pauli,
3639 4729 3730 4769 os-

2150 4820 2474 4877 culabantur
2486 4831 2630 4879 euut,
2646 4814 2891 4868 dolentes
2905 4810 3139 4863 maxime
3156 4809 3208 4861 in
3224 4806 3410 4872 verbo,
3425 4808 3568 4877 quod
3582 4806 3733 4860 dixe-

2153 4920 2260 4975 rat,
2295 4910 2555 4978 quoniam
2578 4904 2810 4973 amplius
2837 4901 3027 4955 faciem
3047 4899 3168 4968 ejus
3192 4913 3300 4952 non
3319 4905 3507 4953 essent
3525 4895 3730 4961 visuri;

2153 5010 2207 5057 et
2222 4998 2561 5056 deducebant
2576 5009 2698 5050 eum
2712 4994 2778 5047 ad
2799 5006 3010 5046 navem.
3027 4991 3160 5044 Cum
3180 4998 3356 5045 autem
3378 4988 3576 5042 factum
3591 4996 3735 5041 esset

2155 5100 2216 5145 ut
2236 5089 2618 5159 navigaremus
2635 5083 2889 5138 abstracti
2909 5083 2977 5137 ab
2994 5081 3096 5148 eis,
3111 5090 3263 5135 recto
3286 5094 3452 5133 cursu
3483 5078 3735 5131 venimus

2163 5181 2357 5247 Coum,
2386 5189 2439 5236 et
2468 5177 2720 5247 sequenti
2744 5178 2830 5230 die
2849 5174 3100 5230 Rhodum
3127 5183 3181 5228 et
3211 5172 3338 5226 inde
3360 5168 3636 5224 Pataram.
3666 5166 3733 5220 Et

2163 5289 2290 5328 cum
2321 5273 2724 5326 invenissemus
2746 5252 2907 5337 292
2961 5281 3151 5320 navem
3199 5260 3641 5317 transfretantem
3675 5259 3729 5312 in

2161 5364 2473 5421 Pbmnicem
2507 5404 2523 5429 ,
2557 5360 2915 5418 ascendentes
2944 5356 3346 5426 navigavimus.
3396 5353 3533 5408 Cum
3568 5366 3734 5420 appa-

2164 5457 2478 5512 ruissemus
2535 5462 2714 5507 autem
2775 5451 2974 5522 Cypro,
3048 5446 3418 5516 relinquentes
3490 5456 3609 5496 eam
3662 5442 3731 5496 ad

1649 5562 1850 5626 Variae
1873 5562 2184 5626 lectiones
2217 5570 2279 5626 et
2325 5568 2516 5626 notae.

556 5646 623 5679 ⁸⁸⁶
657 5642 989 5712 ἀποθάνητε.
1028 5642 1073 5674 ⁵⁸
1093 5635 1268 5705 οὗτος.
1343 5642 1390 5675 ⁵⁷
1417 5637 1506 5712 ἦν.

557 5738 671 5809 (⁸54)
707 5736 1133 5809 Cltrysostomus
1173 5738 1374 5795 habet:
1413 5739 1487 5793 Οὐ
1545 5736 1703 5806 μόνον
1751 5737 1810 5791 οὐ
1844 5736 2026 5804 καλὸν,

2138 5737 2200 5792 λὰ
2222 5740 2315 5794 καὶ
2344 5736 2672 5809 ἐπισφαλὲς,
2723 5749 2826 5789 non
2859 5731 3010 5787 modo
3061 5745 3167 5785 non
3201 5728 3392 5786 bonum
3473 5734 3574 5789 est,
3637 5719 3730 5776 sed

489 5807 647 5864 etiam
679 5807 1052 5877 periculosum.
