4082 6426
398 355 540 422 1019

1243 361 1827 424 THEOPHYLACTI
1872 365 2283 428 BULGARIIE
2317 369 2675 433 ARCIIIEP.

3503 377 3641 444 1030

394 465 697 538 sinistra-tn,
754 474 1130 546 navigavimus
1175 474 1230 529 in
1287 475 1546 548 Syriam,
1607 487 1662 533 et
1713 482 1946 535 venimus

2071 482 2292 554 Συρίαν,
2327 485 2419 538 καὶ
2455 479 2807 556 κατήχθημεν
2842 488 2919 550 είς
2965 489 3141 559 Τύρον
3163 507 3176 522 ·
3227 491 3410 544 ἐκεῖσε
3445 494 3552 564 γάρ
3574 495 3644 566 ἦν

393 565 632 639 Tyrum:
695 567 768 622 ibi
822 569 968 621 enim
1021 568 1174 623 navis
1227 570 1545 639 eXpositura
1617 579 1738 626 erat
1783 587 1954 629 onus.

395 661 637 718 Inventis
686 670 868 718 autem
925 664 1232 735 discipulis,
1286 667 1590 722 mansimus
1637 669 1712 723 ibi
1769 670 1964 727 diebus

394 763 638 823 septem:
699 755 798 824 qui
859 755 1031 811 Paulo
1083 757 1338 812 dicebant
1391 775 1489 829 per
1543 759 1835 831 Spiritum,
1893 781 1963 821 ne

393 843 713 898 ascenderet
740 843 1158 916 Jerosolymam.
1191 849 1258 903 Et
1291 849 1548 919 perfectis
1582 852 1804 920 diebus,
1834 871 1964 928 pro-

395 933 524 988 fecti
585 933 825 999 ibamus,
880 936 1274 992 deducentibus
1352 955 1452 996 nos
1517 943 1777 999 omnibus
1833 962 1958 1001 cum

396 1026 662 1080 uxoribus
697 1035 750 1079 et
781 1027 908 1080 ﬁliis
939 1043 1113 1097 usque
1139 1027 1288 1084 foras
1325 1032 1642 1101 civitatem;
1674 1044 1728 1090 et
1770 1038 1962 1106 positis

394 1115 625 1184 genibus
656 1115 710 1168 in
739 1115 942 1179 littore,
984 1118 1285 1173 oravimus.
1325 1119 1390 1173 Et
1451 1135 1575 1175 cum
1612 1122 1964 1179 valelecisse-

392 1221 512 1260 mus
543 1208 802 1272 invicem,
843 1209 1190 1264 ascendimus
1215 1227 1432 1277 navem,
1457 1213 1531 1267 illi
1583 1223 1763 1269 autem
1789 1218 1961 1271 redie-

392 1307 518 1349 runt
551 1297 604 1350 in
633 1314 752 1353 sua.
786 1300 898 1354 Nos
927 1316 1059 1354 vero
1095 1303 1444 1373 navigatione
1482 1306 1720 1375 expleta,
1759 1323 1786 1360 a
1812 1307 1959 1379 Tyro

387 1385 771 1444 descendimus
823 1389 1235 1457 Ptolemaidam,
1295 1403 1351 1448 et
1381 1395 1637 1451 salutatis
1671 1396 1960 1466 l'rattibus,

387 1478 694 1533 mansimus
719 1480 809 1536 die
835 1496 942 1535 una
974 1481 1115 1551 apud
1146 1483 1288 1539 illos.
1321 1484 1457 1563 Alia
1494 1496 1677 1544 autem
1704 1489 1816 1556 die,

891 1745 1462 1806 COMMENTARIUS.

463 1849 481 1882 ι
511 1829 650 1886 Cum
700 1833 1107 1893 invenissemus
1142 1840 1344 1894 navim.
1388 1859 1407 1892 ι
1451 1839 1568 1897 Hoc
1617 1843 1846 1912 perinde
1872 1856 1956 1902 est
1987 1826 2030 1882 Β

385 1937 449 1976 ac
480 1923 524 1976 si
544 1921 778 1980 diceret:
809 1925 945 1979 Cum
981 1944 1088 1981 non
1122 1928 1495 1986 inveniremus
1526 1934 1708 1988 navim
1751 1935 1957 1992 abeun-

386 2021 494 2067 tem
527 2013 856 2082 Caesaream,
889 2017 983 2072 sed
1015 2018 1068 2072 in
1095 2020 1436 2088 Phoenicem,
1466 2024 1643 2092 ipsam
1689 2040 1956 2082 conscen-

384 2105 568 2161 dimus
596 2148 608 2170 ,
631 2122 694 2161 ac
727 2107 964 2177 Cyprum
987 2109 1309 2179 reliquimus
1329 2122 1381 2166 et
1410 2113 1620 2183 Syriam
1652 2116 1786 2188 ('55).
1812 2120 1951 2175 Illud

383 2195 527 2248 enim
572 2213 586 2249 :
619 2213 639 2246 ‹
673 2197 1043 2268 relinquentes
1073 2215 1194 2255 eam
1219 2204 1280 2256 ad
1313 2204 1613 2271 sinistram,
1649 2225 1668 2259 ι
1698 2224 1806 2264 non
1834 2212 1953 2268 sine

383 2301 550 2340 causa
585 2289 792 2344 dictum
852 2298 968 2356 est;
1011 2292 1106 2347 sed
1146 2295 1405 2362 quoniam
1459 2301 1750 2366 nequidem
1782 2319 1952 2375 prope

383 2379 450 2432 ad
503 2377 716 2450 Syriam
768 2383 1030 2436 accedere
1093 2382 1427 2440 festinabant
1478 2389 1613 2460 (56).
1671 2389 1952 2449 Venerunt

382 2466 566 2536 itaque
605 2470 660 2523 in
712 2469 978 2542 Lyciam,-
1009 2486 1061 2528 et
1125 2476 1316 2530 relicta
1369 2477 1569 2550 Cypro,
1628 2485 1952 2556 navigarunt

382 2556 618 2627 Tyrum:
658 2560 731 2615 ibi
783 2563 930 2617 enim
977 2565 1254 2636 navigium
1280 2585 1422 2625 onus
1469 2587 1630 2627 suum
1673 2575 1948 2644 deposuit.

385 2666 406 2699 ι
439 2649 504 2703 Et
530 2650 808 2718 perlectis,
848 2673 867 2705 ι
897 2656 950 2710 id
1004 2671 1089 2712 est
1107 2661 1339 2728 expletis
1375 2681 1394 2714 ‹
1423 2664 1638 2728 diebus.
1674 2684 1694 2718 ›
1757 2684 1951 2740 nempe

379 2743 595 2797 statutis
625 2759 639 2808 ;
673 2745 776 2801 hoc
833 2754 918 2802 est
953 2759 1077 2818 post
1116 2752 1233 2807 dies
1283 2752 1645 2825 Azytnorum,
1676 2771 1948 2817 venerunt

379 2832 644 2890 Troadem
674 2838 868 2896 diebus
897 2843 1160 2913 quinque.

943 2934 1175 2992 CAPUT
1212 2936 1384 2994 XXX.

376 3018 546 3088 Αθηὺί
570 3019 845 3089 prophetia
868 3023 931 3080 de
961 3027 1026 3082 iis
1057 3043 1175 3097 qua;
1206 3042 1459 3089 eventura
1489 3046 1642 3094 erant
1683 3038 1858 3097 Paulo
1891 3045 1946 3100 in

1001 3120 1324 3180 Jerusalem.

696 3207 855 3265 Feria
894 3212 928 3266 2
959 3211 1315 3270 hebdomadre
1355 3221 1626 3288 septimae.

1009 3304 1312 3364 TEXTUS.

441 3388 586 3458 XXI,
605 3390 758 3447 8-14.
779 3393 1298 3460 Profecti,venimus
1309 3401 1634 3459 Caesaream.
1653 3405 1718 3460 Et
1737 3409 1948 3465 intran-

372 3483 686 3536 tesdomum
701 3483 933 3556 Philippi
949 3491 1311 3559 evangelistae,
1331 3484 1556 3562 quierat
1577 3514 1716 3554 unus
1737 3501 1804 3556 de
1820 3517 1944 3570 sep-

374 3580 506 3637 t--m,
531 3575 830 3630 mansimus
857 3579 998 3646 apud
1021 3593 1166 3636 eum.
1192 3582 1328 3638 Huic
1347 3597 1521 3640 autem
1537 3599 1946 3660 erantquatuor

379 3662 501 3718 tiliae
545 3665 784 3734 virgines
840 3671 1250 3739 propltetantes.
1299 3677 1364 3730 Et
1421 3694 1544 3734 cum
1603 3699 1945 3742 moraremur

374 3769 468 3821 per
493 3754 609 3811 dies
639 3757 870 3826 aliquot,
927 3766 1245 3830 supervenit
1269 3768 1492 3835 quidam
1531 3786 1560 3825 a
1590 3772 1773 3830 Iudaea
1814 3793 1938 3847 pro-

375 3845 559 3912 plteta,
617 3851 841 3905 nomine
875 3853 1116 3922 Agabus.
1171 3855 1221 3912 ls
1277 3874 1401 3913 cum
1436 3863 1677 3918 venisset
1721 3867 1788 3921 ad
1815 3845 1939 3936 nos,

372 3935 705 3992 tulitzonam
739 3937 916 4006 Pauli,
950 3952 1004 3996 et
1031 3944 1261 4014 alligans
1299 3949 1401 4005 sibi
1451 3952 1616 4020 pedes
1662 3955 1822 4026 293
1885 3935 1942 4015 et

371 4042 587 4089 manus.
622 4030 794 4084 dixit:
827 4030 951 4087 Haec
980 4034 1113 4090 dicit
1166 4037 1405 4105 Spiritus
1439 4052 1700 4100 sanctus:
1751 4048 1937 4105 Virum

367 4117 529 4184 cujus
555 4129 641 4173 est
701 4137 839 4176 zona
888 4122 1024 4189 haec,
1058 4125 1141 4181 sic
1176 4130 1481 4199 alligabunt
1529 4134 1584 4188 in
1631 4133 1936 4195 Jerusalem

370 4206 560 4274 ladani,
595 4220 649 4264 et
705 4210 924 4266 tradent
956 4215 1010 4268 in
1044 4231 1239 4272 manus
1279 4223 1546 4289 gentium.
1616 4225 1770 4290 Quod
1812 4247 1935 4286 cum

368 4301 757 4367 audissemus,
810 4304 1134 4375 rogabamus
1216 4327 1317 4366 nos
1377 4324 1430 4368 et
1487 4318 1580 4385 qui
1635 4319 1739 4374 loci
1791 4323 1938 4380 illius

366 4399 546 4458 erant,
581 4409 649 4448 ne
679 4399 998 4452 ascenderet
1028 4396 1446 4472 Jerosolymam.
1473 4407 1627 4465 Tunc
1654 4414 1936 4482 respondit

2066 571 2126 625 τὸ
2165 572 2346 626 πλοῖον
2383 575 2882 647 ἀποφορτιζόμενον
2929 579 3020 632 τὸν
3067 580 3260 650 γόμον.
3294 584 3640 655 Ἀνευρόντες

2064 662 2123 716 δέ
2149 663 2275 725 τοὺς
2303 663 2571 733 μαθητὰς,
2595 666 2965 737 ἐπεμείναμεν
2996 669 3179 732 αὐτοῖς
3210 671 3424 742 ἡμέρας
3462 673 3628 726 ἑπτά.

2067 753 2280 816 Οῑτινες
2328 754 2513 822 ἔλεγον
2564 755 2641 826 τῷ
2697 757 2893 828 Παύλῳ
2945 759 3033 812 διὰ
3072 759 3165 812 τοῦ
3215 762 3530 832 Πνεύματος
3563 765 3638 836 μὴ

2063 843 2365 897 ἐπιϐαίνειν
2416 847 2498 908 είς
2532 847 2903 918 Ἱεροσόλυμα.
2940 850 3068 902 Ὅτε
3123 850 3179 903 δέ
3223 852 3442 918 ἐγένετο
3489 855 3640 922 ἡμᾶς

2065 929 2346 1001 ἐξαρτίσαι
2367 934 2464 997 τὰς
2494 935 2725 1006 ἡμέρας,
2761 937 3065 1003 ἐξελθόντες
3088 941 3484 1011 ἐπορευόμεθα,
3508 961 3643 1013 προ-

2065 1023 2392 1091 πεμπόντων
2442 1027 2590 1096 ήμᾶς
2636 1029 2854 1082 πάντων
2887 1029 2986 1082 σὺν
3022 1032 3237 1099 γυναιξὶ
3289 1034 3380 1086 καὶ
3427 1035 3640 1098 τέκνοις

2063 1112 2164 1176 ἓως
2201 1113 2306 1178 ἔξω
2326 1115 2428 1185 τῆς
2452 1116 2660 1182 πόλεως
2683 1136 2697 1151 ο
2743 1123 2838 1174 καὶ
2875 1121 3064 1184 θέντες
3093 1124 3160 1176 τὰ
3189 1126 3391 1192 γόνατα
3417 1126 3509 1179 ἐπὶ
3547 1127 3638 1181 τὸν

2063 1204 2329 1272 αἰγιαλὸν,
2360 1209 2803 1281 προσηυξάμεθα.
2837 1214 2946 1266 Καὶ
2974 1215 3353 1283 ἀσπασάμενοι
3377 1217 3638 1288 ἀλλήλους

2063 1297 2336 1366 ἀνέὸημεν
2366 1300 2446 1360 είς
2477 1301 2537 1352 τὸ
2568 1305 2748 1356 πλοῖον
2769 1319 2785 1335 ·
2822 1305 3021 1358 ἐκεῖνοί
3058 1323 3118 1358 τε
3164 1307 3512 1378 ὑπέστρεψαν
3557 1311 3639 1373 είς

2061 1388 2129 1440 τὰ
2179 1389 2305 1443 ίδια.
2352 1391 2543 1460 Ἡμεῖς
2586 1393 2641 1445 δέ
2683 1395 2773 1448 τὸν
2811 1397 2977 1450 πλοῦν
3004 1397 3357 1462 διανύσαντες
3385 1400 3492 1453 ἀπὸ
3534 1401 3638 1454 Τύ-

2065 1497 2180 1548 ρου,
2213 1483 2637 1554 κατηντήσαμεν
2665 1487 2744 1549 είς
2777 1488 3118 1559 Πτολεμαΐδα
3136 1507 3151 1521 ο
3182 1491 3275 1544 καὶ
3303 1492 3636 1563 ἀσπασάμε-

2061 1589 2142 1625 νοι
2190 1575 2316 1637 τοὺς
2358 1576 2648 1643 ἀδελφοὺς,
2700 1581 3000 1652 ἐμείναμεν
3055 1569 3273 1654 ἡμέραν
3327 1587 3458 1653 μίαν
3505 1589 3634 1658 παρ’

2061 1666 2261 1729 αὐτοῖς.
2296 1666 2373 1736 Τῇ
2414 1666 2469 1719 δέ
2502 1670 2786 1740 ἐπαύριον,

2670 1761 3051 1816 ΕΡΜΗΝΕΙΑ.

2133 1848 2198 1900 Ὀ
2227 1847 2375 1915 λέγει
2411 1850 2651 1904 τοιοῦτόν
2696 1850 2848 1902 ἐστι·
2905 1851 2996 1922 Μὴ
3051 1852 3404 1924 εὑρίσκοντες
3451 1857 3633 1910 πλοῖον

2055 1937 2428 2008 ἀπερχόμενον
2488 1944 2566 2004 είς
2626 1942 2984 2012 Καισάρειαν,
3035 1945 3152 1997 ἀλλ’
3213 1947 3294 2008 είς
3360 1949 3632 2019 Φοινίκην,

2055 2028 2292 2097 ἀνῆλθον
2326 2031 2407 2094 είς
2451 2033 2602 2097 αὐτὸ,
2635 2034 2728 2085 καὶ
2761 2033 2985 2104 Κύπρον
3015 2035 3071 2088 δέ
3101 2037 3292 2090 εἴασαν
3316 2039 3360 2071 ⁸⁸
3405 2040 3498 2093 καὶ
3529 2042 3633 2094 Συ-

2055 2116 2199 2188 ρίαν.
2233 2119 2305 2171 Τὸ
2355 2121 2485 2190 γὰρ,
2525 2140 2543 2173 t
2579 2122 2986 2187 Καταλιπόντες
3031 2126 3198 2197 αὐτὴν
3255 2127 3552 2200 εὐώνυμον,
3605 2151 3624 2183 ι

2054 2208 2152 2278 οὐχ
2173 2209 2362 2271 ἁπλῶς
2395 2212 2630 2282 εἴρηται,
2661 2213 2778 2265 ἀλλ’
2809 2215 2891 2266 ὅτι
2918 2215 3040 2268 οὐδέ
3065 2217 3231 2283 ἐγγὺς
3253 2219 3504 2286 γενέσθαι
3530 2223 3628 2288 τῆς

2054 2299 2252 2368 Συρίας
2301 2301 2579 2356 ἔσπευδον.
2619 2298 2821 2357 Ἦλθον
2855 2305 2948 2359 οὖν
3001 2306 3081 2370 είς
3119 2309 3352 2374 Λυκίαν,
3392 2311 3481 2364 καὶ
3531 2312 3628 2382 τὴν

2053 2389 2278 2458 Κύπρον
2325 2392 2573 2460 ἀφέντες,
2635 2394 2716 2457 είς
2763 2394 2939 2466 Τύρον
2987 2397 3403 2452 κατέπλευσαν
3449 2403 3628 2456 ἐκεῖσε

2051 2479 2159 2549 γὰρ
2189 2479 2249 2533 τὸ
2279 2480 2459 2534 πλοῖον
2492 2482 2850 2552 ἁπεφόρτωσε
2893 2485 2986 2537 τὸν
3048 2485 3242 2554 γόμον.
3284 2487 3376 2550 Τὸ,
3419 2507 3436 2537 ι
3467 2489 3629 2557 ἐξαρ-

2049 2569 2218 2637 τίσαι,
2260 2590 2280 2625 ι
2319 2574 2443 2627 ἀντὶ
2474 2573 2592 2639 τοῦ,
2624 2573 2930 2646 πληρῶσαι,
2968 2577 3123 2644 φησὶ,
3158 2577 3257 2640 τὰς
3285 2580 3627 2648 τεταγμένας

2051 2661 2295 2732 ἡμέρας·
2359 2666 2626 2728 τουτέστι,
2684 2666 2820 2734 μετά
2871 2667 2941 2720 τὰ
2993 2667 3235 2738 Ἀζυμα,
3288 2673 3364 2733 είς
3397 2671 3628 2739 Τρωάδα

2048 2745 2211 2825 ἦλθον
2241 2753 2308 2808 δι’
2347 2755 2572 2826 ήμερῶν
2599 2758 2781 2811 πέντε.

2652 2937 2882 2994 ΚΕΦΑΛ
2894 2983 2907 2997 .
2943 2944 3022 2997 Λ’.

2062 3023 2302 3097 Ἁγάϐου
2359 3031 2695 3097 προφητεία
2765 3033 2899 3100 περὶ
2974 3033 3092 3086 τῶν
3147 3036 3630 3106 συμϐησομένων

2444 3123 2663 3188 Παύλῳ
2699 3124 2770 3177 ἐν
2812 3125 3234 3195 Ἰερουσαλήμ.

2482 3213 2560 3284 Τῇ
2596 3213 2642 3284 β’
2667 3216 2764 3284 τῆς
2791 3215 2836 3280 ξ’
2872 3218 3185 3285 ἑϐδομάδος.

2373 3289 2376 3292 ’
2639 3305 3027 3362 ΚΕΙΜΕΝΟΝ.

2130 3391 2470 3457 Ἐξελθόντες
2502 3396 2741 3468 ἤλθομεν
2784 3400 2864 3462 είς
2899 3401 3270 3469 Καισάρειαν·
3309 3402 3400 3455 καὶ
3446 3405 3628 3458 είσελ-

2047 3481 2232 3548 θόντες
2275 3486 2355 3549 είς
2412 3487 2502 3539 τὸν
2552 3485 2702 3542 οἶκον
2743 3490 3012 3543 Φιλίππου
3061 3491 3155 3544 τοῦ
3209 3492 3622 3562 εὐαγγελιστοῦ,

2045 3573 2196 3637 ὄντος
2220 3575 2284 3628 ἐκ
2310 3576 2418 3630 τῶν
2439 3577 2600 3642 ἐπτά,
2629 3579 2925 3650 ἐμείναμεν
2967 3581 3101 3654 παρ’
3128 3582 3295 3654 αὐτῷ.
3345 3586 3534 3658 Τούτῳ
3564 3589 3623 3642 δὲ

2044 3661 2184 3737 ἦσαν
2217 3667 2516 3737 θυγατέρες
2547 3671 2810 3740 παρθένοι
2841 3672 3106 3743 τέσσαρες
3152 3679 3619 3747 προφητεύουσαι.

2058 3757 2459 3826 Ἐπιμενόντων
2509 3757 2564 3812 δὲ
2613 3760 2772 3830 ἡμῶν
2823 3763 3038 3834 ἡμέρας
3087 3764 3330 3832 πλείους,
3384 3769 3621 3834 κατῆλθὲ

2045 3866 2127 3912 τις
2160 3851 2269 3902 ἀπὸ
2298 3849 2398 3918 τῆς
2442 3851 2702 3916 Ἰουδαίας
2753 3856 3039 3926 προφήτης
3084 3858 3308 3929 ὀνόματι
3345 3863 3612 3931 ’Ἄγαϐος-

2043 3941 2137 3994 καὶ
2173 3940 2341 3995 ἐλθὼν
2369 3942 2505 4014 πρὸς
2535 3944 2704 4013 ἡμᾶς,
2729 3945 2823 3998 καὶ
2853 3946 2991 4018 ἄρας
3016 3950 3116 4020 τὴν
3149 3950 3327 4023 ζώνην
3348 3953 3439 4007 τοῦ
3472 3956 3622 4009 Παύ-

2042 4030 2156 4095 λου,
2199 4031 2369 4102 δήσας
2407 4049 2466 4085 τε
2517 4033 2684 4088 αὑτοῦ
2719 4036 2845 4100 τοὺς
2894 4039 3062 4103 πόδας
3108 4043 3200 4094 καὶ
3249 4045 3348 4106 τὰς
3405 4050 3617 4116 χεῖρας,

2041 4121 2164 4176 εἷπε
2185 4140 2201 4156 ο
2234 4125 2374 4180 Τάδε
2417 4125 2568 4194 λέγει
2629 4126 2690 4180 τὸ
2734 4128 2956 4200 Πνεῦμα
2988 4133 3048 4184 τὸ
3079 4133 3234 4200 ἅγιον
3259 4151 3273 4167 ο
3308 4136 3410 4190 Τὸν
3451 4140 3621 4211 ἀνδρα

2041 4208 2101 4267 οὗ
2147 4215 2295 4267 ἐστιν
2323 4216 2358 4284 ή
2388 4214 2534 4285 ζώνη
2565 4215 2728 4288 αὓτη,
2767 4217 2910 4274 οὕτω
2944 4221 3199 4292 δήσουσιν
3233 4227 3290 4277 ἐν
3342 4208 3620 4300 Ἰερουσα-

2038 4303 2152 4374 λὴμ
2177 4305 2226 4356 ot
2269 4304 2530 4370 Ἰουδαῖοι,
2549 4307 2641 4360 καὶ
2661 4309 3076 4379 παραδώσουσιν
3104 4315 3186 4377 είς
3209 4317 3394 4386 χεῖρας
3423 4319 3614 4378 ἐθνῶν.

2053 4396 2140 4457 Ὠς
2169 4393 2225 4447 δὲ
2266 4394 2581 4466 ἠκούσαμεν
2615 4398 2809 4466 ταῦτα,
2865 4402 3288 4476 παρεκαλοῦμεν
3345 4411 3505 4480 ήμεῖς
3556 4431 3617 4467 τε

366 4483 566 4539 Paulus
590 4492 642 4538 et
680 4483 858 4575 dixit:
887 4486 1027 4553 Quid
1062 4489 1241 4548 facitis
1282 4493 1473 4553 ﬂentes
1538 4509 1593 4555 et
1634 4501 1932 4575 alﬂigentes

2048 4485 2136 4537 καὶ
2162 4485 2212 4537 οἱ
2238 4486 2492 4554 ἐντόπιοι,
2524 4489 2619 4543 τοῦ
2651 4491 2727 4562 μὴ
2751 4491 3259 4554 ἀναδαίνειν·αύτὸν
3292 4501 3371 4565 είς
3415 4501 3614 4574 Ἰερου-

365 4585 462 4622 cor
491 4570 710 4626 meumiI
747 4572 859 4643 Ego
924 4577 1069 4631 enim
1101 4595 1213 4634 non
1281 4584 1459 4639 solum
1488 4587 1725 4658 alligari,
1749 4570 1855 4648 sed
1886 4602 1941 4650 et

365 4661 500 4714 mori
541 4661 595 4714 in
657 4661 960 4721 Jerusalem
996 4681 1219 4739 paratus
1287 4690 1408 4729 sum
1473 4691 1695 4750 propter
1738 4699 1937 4741 nomen

365 4753 755 4811 DuminiJesu.
791 4758 856 4810 Et
897 4773 1021 4813 cum
1074 4762 1123 4815 ei
1165 4763 1400 4821 suadere
1456 4783 1566 4827 non
1626 4787 1933 4844 possemus,

359 4845 696 4914 quievimus,
718 4847 1001 4906 dicentes:
1039 4851 1252 4909 Domini
1291 4857 1545 4915 voluntas
1570 4860 1685 4918 ﬁat.

440 5179 488 5210 ⁸⁸
515 5177 803 5250 εἰάσαμεν.

426 5273 541 5342 (35)
579 5272 870 5361 Perperam
924 5275 1014 5361 hic
1081 5278 1331 5361 additum
1383 5299 1528 5361 esse,
1581 5297 1631 5342 et
1673 5288 1912 5361 Syriam,

353 5344 574 5418 clarum
625 5353 746 5410 est;
787 5362 913 5401 eum
959 5348 1064 5404 hoc
1118 5355 1420 5410 narrationi
1491 5344 1654 5412 Lucae
1694 5344 1916 5418 contra:

358 5415 495 5466 rium
531 5414 624 5466 sit.

424 5483 536 5561 (56)
569 5483 778 5569 'l‘extns
821 5487 925 5543 iste
983 5487 1118 5544 adeo
1170 5491 1360 5569 mutila
1402 5509 1466 5549 ex
1513 5496 1914 5569 Cltrysostomo

351 5563 660 5639 exscriptus
702 5566 816 5639 cst,-
845 5569 905 5611 ιιι
940 5573 1160 5639 sensum
1207 5561 1397 5639 ell‘erat
1433 5575 1540 5618 tam
1590 5561 1692 5637 ipsi
1748 5587 1910 5639 quam

355 5624 724 5704 saeroltelxtui
769 5627 927 5704 [iane
965 5629 1282 5704 adversum.
1330 5624 1714 5704 Cltrysostomi
1749 5624 1913 5696 verba

353 5687 427 5770 ita
451 5704 509 5781 se
534 5687 961 5781 babent'tToGro
985 5699 1394 5781 ςῃαταλιπόντες
1409 5687 1911 5781 αὖκτῆνῨε-ξίῷνυμονδ

350 5757 449 5826 οὐχ
475 5758 660 5822 ἁπλῶς
706 5761 942 5832 ειρηται,
981 5757 1095 5839 {tax
1130 5769 1218 5825 ἵνα
1245 5757 1393 5844 δείξῄ
1414 5815 1427 5841 ,
1461 5757 1710 5831 sane
1757 5757 1921 5849 εἴγὺέ

2057 4576 2260 4646 σαλήμ.
2293 4576 2590 4651 Ἀπεκρίθη
2630 4597 2689 4634 τε
2722 4584 2749 4635 ὁ
2780 4582 2991 4647 Παῦλος
3014 4599 3028 4615 ·
3061 4586 3127 4638 Τί
3160 4591 3362 4642 ποιεῖτε
3405 4593 3615 4647 κλαίον-

2035 4684 2149 4733 τες,
2190 4667 2283 4721 καὶ
2310 4669 2728 4741 συνθρίπτοντές
2758 4691 2861 4744 μου
2897 4674 2997 4746 τὴν
3026 4679 3286 4750 καρδίαν;
3336 4682 3476 4752 Ἐγὼ
3505 4685 3613 4758 γὰρ

2034 4762 2094 4814 οὖ
2139 4761 2298 4832 μόνον
2322 4764 2566 4835 δεθῆναι,
2599 4767 2738 4821 ἀλλά
2771 4771 2866 4823 καὶ
2899 4773 3192 4829 ἀποθανεῖν
3221 4779 3302 4840 εὶς
3343 4777 3613 4849 Ἰερουσα-

2032 4851 2144 4922 λὴμ
2196 4853 2435 4924 ἑτοίμως
2484 4855 2594 4926 ἔχω
2635 4858 2777 4930 ὑπὲρ
2831 4861 2924 4915 τοῦ
2979 4863 3241 4934 ὀνόματος
3269 4867 3364 4920 τοῦ
3403 4871 3608 4942 Κυρίου

2051 4943 2248 5015 Ἰησοῦ.
2286 4946 2376 5014 Μὴ
2428 4948 2753 5018 πειθομένου
2786 4951 2843 5004 δέ
2886 4953 3076 5020 αὐτοῦ,
3122 4959 3494 5032 ἡσυχάσαμεν,
3536 4967 3610 5018 εί-

2037 5036 2232 5098 πόντες
2255 5052 2268 5065 ·
2303 5037 2376 5089 Τὸ
2409 5036 2623 5111 θέλημα
2646 5040 2744 5094 τοῦ
2780 5043 2986 5115 Κυρίου
3010 5047 3272 5115 γενέσθω.

1506 5112 1719 5190 Νοτίω
1747 5115 2055 5187 lectiones
2097 5131 2158 5188 et
2202 5131 2392 5189 noue.

2024 5296 2197 5386 αὐτῆς
2268 5299 2536 5386 γενέσθαι
2582 5301 2803 5386 natoue,
2844 5306 3108 5386 λιστευθὺ
3183 5309 3436 5386 πλέοντες
3506 5317 3602 5386 τῆς

2023 5369 2243 5453 Συρίας.
2281 5369 2477 5453 φῦ-τως
2511 5369 2794 5453 ἔσπευδεν.
2835 5372 2950 5428 Hoc
3001 5378 3217 5453 (nempe
3257 5369 3602 5453 relinquentes

2021 5453 2140 5491 eam
2170 5439 2239 5518 ad
2268 5441 2566 5510 sinistram)
2598 5458 2699 5495 non
2724 5443 2834 5518 sine
2857 5439 3022 5518 causa
3051 5439 3252 5503 dictum
3283 5463 3360 5504 est
3377 5439 3414 5518 ς’
3435 5439 3525 5509 sed
3545 5439 3601 5510 ut

2021 5509 2339 5596 ostenderet,
2370 5528 2431 5596 ne
2461 5509 2624 5596 prope
2671 5514 2888 5594 quidem
2942 5515 3096 5596 illam
3157 5509 3434 5596 (videlicet
3490 5509 3596 5596 Cy;

2023 5582 2212 5645 prum)
2259 5582 2502 5663 accedere
2538 5581 2789 5663 voluisse,
2807 5600 2923 5663 cum
2941 5594 3080 5663 rego
3107 5581 3371 5663 cu‘rsuyin;
3387 5581 3600 5663 Syria'm

2019 5662 2318 5715 pergerent:
2350 5653 2427 5704 ita
2458 5667 2637 5719 nempe
2667 5653 2975 5720 festinabat.
3003 5655 3208 5712 Textus
3239 5661 3307 5714 ab
3329 5653 3598 5720 Hen'tenio

2027 5719 2211 5790 editus
2231 5722 2500 5790 congruit
2527 5737 2648 5774 cum
2669 5719 2863 5779 nostro
2886 5723 3116 5784 codice:
3147 5730 3399 5787 similiter
3429 5719 3594 5790 etiam

2030 5788 2200 5842 codex
2231 5785 2603 5847 Florentinus.
