  <div class='ocr_page' id='page_1' title='image "/cluster/home/n/w/nwhite01/storage/ocr_20150623/125:no.3/coo.31924054870302/518.png"; bbox 0 0 4082 6426; ppageno 0'>
   <div class='ocr_carea' id='block_1_1' title="bbox 429 365 552 432">
    <p class='ocr_par' dir='ltr' id='par_1_1' title="bbox 429 365 552 432">
     <span class='ocr_line' id='line_1_1' title="bbox 429 365 552 432; baseline -0.033 0"><span class='ocrx_word' id='word_1_1' title='bbox 429 365 552 432; x_wconf 76' lang='grc'><strong>1021</strong></span> 
     </span>
    </p>
   </div>
   <div class='ocr_carea' id='block_1_2' title="bbox 1028 483 1410 538">
    <p class='ocr_par' dir='ltr' id='par_1_2' title="bbox 1028 483 1410 538">
     <span class='ocr_line' id='line_1_2' title="bbox 1028 483 1410 538; baseline 0 0"><span class='ocrx_word' id='word_1_2' title='bbox 1028 483 1410 538; x_wconf 81' lang='grc' dir='ltr'><strong>ΕΡΜΗΝΕΙΔ.</strong></span> 
     </span>
    </p>
   </div>
   <div class='ocr_carea' id='block_1_3' title="bbox 493 568 1995 644">
    <p class='ocr_par' dir='ltr' id='par_1_3' title="bbox 493 568 1995 644">
     <span class='ocr_line' id='line_1_3' title="bbox 493 568 1995 644; baseline -0.001 -18"><span class='ocrx_word' id='word_1_3' title='bbox 493 572 855 643; x_wconf 74' lang='grc' dir='ltr'>Σημειωτέθν,</span> <span class='ocrx_word' id='word_1_4' title='bbox 907 573 991 627; x_wconf 83' lang='grc' dir='ltr'>ὅτι</span> <span class='ocrx_word' id='word_1_5' title='bbox 1026 573 1120 627; x_wconf 84' lang='grc' dir='ltr'>τοῦ</span> <span class='ocrx_word' id='word_1_6' title='bbox 1165 574 1416 629; x_wconf 83' lang='grc' dir='ltr'><strong>διακόνου</strong></span> <span class='ocrx_word' id='word_1_7' title='bbox 1456 573 1722 626; x_wconf 79' lang='grc' dir='ltr'>Φιλίππου</span> <span class='ocrx_word' id='word_1_8' title='bbox 1762 568 1902 644; x_wconf 84' lang='grc' dir='ltr'>ἦσαν</span> <span class='ocrx_word' id='word_1_9' title='bbox 1940 573 1995 628; x_wconf 86' lang='grc' dir='ltr'><strong>αί</strong></span> 
     </span>
    </p>
   </div>
   <div class='ocr_carea' id='block_1_4' title="bbox 421 659 1996 738">
    <p class='ocr_par' dir='ltr' id='par_1_4' title="bbox 421 659 1996 738">
     <span class='ocr_line' id='line_1_4' title="bbox 421 659 1996 738; baseline 0.001 -24"><span class='ocrx_word' id='word_1_10' title='bbox 421 663 719 738; x_wconf 70' lang='grc' dir='ltr'><strong>θυγατέρες</strong></span> <span class='ocrx_word' id='word_1_11' title='bbox 741 679 757 696; x_wconf 77' lang='grc' dir='ltr'><strong><em>ο</em></strong></span> <span class='ocrx_word' id='word_1_12' title='bbox 785 663 926 717; x_wconf 83' lang='grc' dir='ltr'>ὥστε</span> <span class='ocrx_word' id='word_1_13' title='bbox 987 659 1081 718; x_wconf 76' lang='grc' dir='ltr'>οὖν</span> <span class='ocrx_word' id='word_1_14' title='bbox 1126 665 1220 718; x_wconf 77' lang='grc' dir='ltr'>καὶ</span> <span class='ocrx_word' id='word_1_15' title='bbox 1249 664 1329 735; x_wconf 85' lang='grc' dir='ltr'>τῷ</span> <span class='ocrx_word' id='word_1_16' title='bbox 1380 665 1772 734; x_wconf 86' lang='grc' dir='ltr'>κοινωνήσαντι</span> <span class='ocrx_word' id='word_1_17' title='bbox 1801 663 1996 733; x_wconf 82' lang='grc' dir='ltr'>γάμων</span> 
     </span>
    </p>
   </div>
   <div class='ocr_carea' id='block_1_5' title="bbox 418 753 1993 825">
    <p class='ocr_par' dir='ltr' id='par_1_5' title="bbox 418 753 1993 825">
     <span class='ocr_line' id='line_1_5' title="bbox 418 753 1993 825; baseline 0 -19"><span class='ocrx_word' id='word_1_18' title='bbox 418 754 688 808; x_wconf 74' lang='grc' dir='ltr'><strong>διακονεῖν</strong></span> <span class='ocrx_word' id='word_1_19' title='bbox 723 753 920 820; x_wconf 73' lang='grc' dir='ltr'>ἔξεστι.</span> <span class='ocrx_word' id='word_1_20' title='bbox 951 754 1266 825; x_wconf 84' lang='grc' dir='ltr'>Σημείωσαι</span> <span class='ocrx_word' id='word_1_21' title='bbox 1296 755 1372 819; x_wconf 78' lang='grc' dir='ltr'><strong>δὲ,</strong></span> <span class='ocrx_word' id='word_1_22' title='bbox 1403 755 1486 808; x_wconf 81' lang='grc' dir='ltr'>ὅτι</span> <span class='ocrx_word' id='word_1_23' title='bbox 1509 756 1603 807; x_wconf 73' lang='grc' dir='ltr'>καὶ</span> <span class='ocrx_word' id='word_1_24' title='bbox 1632 756 1686 808; x_wconf 86' lang='grc' dir='ltr'><strong>αί</strong></span> <span class='ocrx_word' id='word_1_25' title='bbox 1725 754 1993 825; x_wconf 85' lang='grc' dir='ltr'>προφητί-</span> 
     </span>
    </p>
   </div>
   <div class='ocr_carea' id='block_1_6' title="bbox 417 840 1994 917">
    <p class='ocr_par' dir='ltr' id='par_1_6' title="bbox 417 840 1994 917">
     <span class='ocr_line' id='line_1_6' title="bbox 417 840 1994 917; baseline -0.001 -19"><span class='ocrx_word' id='word_1_26' title='bbox 417 845 507 908; x_wconf 76' lang='grc' dir='ltr'><strong>δες</strong></span> <span class='ocrx_word' id='word_1_27' title='bbox 545 846 603 900; x_wconf 80' lang='grc' dir='ltr'>αἱ</span> <span class='ocrx_word' id='word_1_28' title='bbox 665 845 964 915; x_wconf 83' lang='grc' dir='ltr'><strong>θυγατέρες</strong></span> <span class='ocrx_word' id='word_1_29' title='bbox 1015 845 1178 899; x_wconf 82' lang='grc' dir='ltr'>αὑτοῦ</span> <span class='ocrx_word' id='word_1_30' title='bbox 1231 845 1491 917; x_wconf 79' lang='grc' dir='ltr'><strong>παρθένοι</strong></span> <span class='ocrx_word' id='word_1_31' title='bbox 1543 840 1706 916; x_wconf 80' lang='grc' dir='ltr'>ἦσαν,</span> <span class='ocrx_word' id='word_1_32' title='bbox 1760 846 1856 897; x_wconf 80' lang='grc' dir='ltr'>καὶ</span> <span class='ocrx_word' id='word_1_33' title='bbox 1910 845 1994 896; x_wconf 84' lang='grc' dir='ltr'>ὅτι</span> 
     </span>
    </p>
   </div>
   <div class='ocr_carea' id='block_1_7' title="bbox 417 935 1988 1009">
    <p class='ocr_par' dir='ltr' id='par_1_7' title="bbox 417 935 1988 1009">
     <span class='ocr_line' id='line_1_7' title="bbox 417 935 1988 1009; baseline 0 -20"><span class='ocrx_word' id='word_1_34' title='bbox 417 939 620 1007; x_wconf 82' lang='grc' dir='ltr'>ἦσκουν</span> <span class='ocrx_word' id='word_1_35' title='bbox 639 938 707 993; x_wconf 86' lang='grc' dir='ltr'><strong>δι’</strong></span> <span class='ocrx_word' id='word_1_36' title='bbox 737 937 1023 991; x_wconf 80' lang='grc' dir='ltr'>εὐλάϐειαν</span> <span class='ocrx_word' id='word_1_37' title='bbox 1060 938 1257 1009; x_wconf 80' lang='grc' dir='ltr'>μᾶλλον</span> <span class='ocrx_word' id='word_1_38' title='bbox 1281 935 1438 992; x_wconf 77' lang='grc' dir='ltr'>τοῦτο</span> <span class='ocrx_word' id='word_1_39' title='bbox 1467 977 1482 1004; x_wconf 90' lang='grc'><em>,</em></span> <span class='ocrx_word' id='word_1_40' title='bbox 1509 938 1651 991; x_wconf 82' lang='grc' dir='ltr'>ὥστε</span> <span class='ocrx_word' id='word_1_41' title='bbox 1717 938 1811 990; x_wconf 80' lang='grc' dir='ltr'>καὶ</span> <span class='ocrx_word' id='word_1_42' title='bbox 1855 955 1988 1006; x_wconf 80' lang='grc' dir='ltr'>προο</span> 
     </span>
    </p>
   </div>
   <div class='ocr_carea' id='block_1_8' title="bbox 419 1028 1992 1099">
    <p class='ocr_par' dir='ltr' id='par_1_8' title="bbox 419 1028 1992 1099">
     <span class='ocr_line' id='line_1_8' title="bbox 419 1028 1992 1099; baseline 0.001 -18"><span class='ocrx_word' id='word_1_43' title='bbox 419 1029 646 1098; x_wconf 75' lang='grc' dir='ltr'>φητείας</span> <span class='ocrx_word' id='word_1_44' title='bbox 674 1028 955 1096; x_wconf 72' lang='grc' dir='ltr'>ἠξιῶσθαι.</span> <span class='ocrx_word' id='word_1_45' title='bbox 993 1028 1156 1081; x_wconf 81' lang='grc' dir='ltr'>Ὥστε</span> <span class='ocrx_word' id='word_1_46' title='bbox 1185 1029 1364 1098; x_wconf 76' lang='grc' dir='ltr'>δῆλον,</span> <span class='ocrx_word' id='word_1_47' title='bbox 1401 1030 1486 1082; x_wconf 81' lang='grc' dir='ltr'>ὅτι</span> <span class='ocrx_word' id='word_1_48' title='bbox 1523 1029 1992 1099; x_wconf 76' lang='grc' dir='ltr'>περισπούδαστον</span> 
     </span>
    </p>
   </div>
   <div class='ocr_carea' id='block_1_9' title="bbox 417 1114 2026 1190">
    <p class='ocr_par' dir='ltr' id='par_1_9' title="bbox 417 1114 2026 1190">
     <span class='ocr_line' id='line_1_9' title="bbox 417 1114 2026 1190; baseline 0.001 -18"><span class='ocrx_word' id='word_1_49' title='bbox 417 1114 487 1188; x_wconf 78' lang='grc' dir='ltr'>ἦν</span> <span class='ocrx_word' id='word_1_50' title='bbox 516 1120 706 1183; x_wconf 87' lang='grc' dir='ltr'>αὐταῖς</span> <span class='ocrx_word' id='word_1_51' title='bbox 727 1122 761 1189; x_wconf 80' lang='grc' dir='ltr'><strong>ἡ</strong></span> <span class='ocrx_word' id='word_1_52' title='bbox 793 1119 1078 1189; x_wconf 83' lang='grc' dir='ltr'>παρθενία.</span> <span class='ocrx_word' id='word_1_53' title='bbox 1102 1120 1287 1190; x_wconf 82' lang='grc' dir='ltr'>Είγὰρ</span> <span class='ocrx_word' id='word_1_54' title='bbox 1312 1120 1386 1190; x_wconf 84' lang='grc' dir='ltr'>μὴ</span> <span class='ocrx_word' id='word_1_55' title='bbox 1406 1115 1473 1190; x_wconf 78' lang='grc' dir='ltr'>ἦν</span> <span class='ocrx_word' id='word_1_56' title='bbox 1503 1120 1988 1190; x_wconf 67' lang='grc' dir='ltr'>περισπούδαστον,</span> <span class='ocrx_word' id='word_1_57' title='bbox 2024 1132 2026 1135; x_wconf 85' lang='grc'><em>’</em></span> 
     </span>
    </p>
   </div>
   <div class='ocr_carea' id='block_1_10' title="bbox 419 1211 1991 1284">
    <p class='ocr_par' dir='ltr' id='par_1_10' title="bbox 419 1211 1991 1284">
     <span class='ocr_line' id='line_1_10' title="bbox 419 1211 1991 1284; baseline 0.001 -21"><span class='ocrx_word' id='word_1_58' title='bbox 419 1211 520 1264; x_wconf 82' lang='grc' dir='ltr'><strong>ούκ</strong></span> <span class='ocrx_word' id='word_1_59' title='bbox 548 1211 616 1265; x_wconf 81' lang='grc' dir='ltr'>ἂν</span> <span class='ocrx_word' id='word_1_60' title='bbox 643 1211 984 1284; x_wconf 79' lang='grc' dir='ltr'><strong>προσέθηκεν</strong></span> <span class='ocrx_word' id='word_1_61' title='bbox 1021 1213 1050 1266; x_wconf 82' lang='grc' dir='ltr'>ὁ</span> <span class='ocrx_word' id='word_1_62' title='bbox 1080 1213 1454 1282; x_wconf 74' lang='grc' dir='ltr'>συγγραφεὺς,</span> <span class='ocrx_word' id='word_1_63' title='bbox 1487 1213 1569 1266; x_wconf 86' lang='grc' dir='ltr'>ὃτι</span> <span class='ocrx_word' id='word_1_64' title='bbox 1603 1213 1699 1266; x_wconf 77' lang='grc' dir='ltr'>καὶ</span> <span class='ocrx_word' id='word_1_65' title='bbox 1733 1212 1991 1283; x_wconf 82' lang='grc' dir='ltr'>παρθένοι</span> 
     </span>
    </p>
   </div>
   <div class='ocr_carea' id='block_1_11' title="bbox 461 1319 582 1358">
    <p class='ocr_par' dir='ltr' id='par_1_11' title="bbox 461 1319 582 1358">
     <span class='ocr_line' id='line_1_11' title="bbox 461 1319 582 1358; baseline 0.033 -4"><span class='ocrx_word' id='word_1_66' title='bbox 461 1319 582 1358; x_wconf 87' lang='grc' dir='ltr'>σαν.</span> 
     </span>
    </p>
   </div>
   <div class='ocr_carea' id='block_1_12' title="bbox 417 1297 1401 1449">
    <p class='ocr_par' dir='ltr' id='par_1_12' title="bbox 417 1297 1401 1449">
     <span class='ocr_line' id='line_1_12' title="bbox 417 1297 582 1372; baseline 0.024 -18"><span class='ocrx_word' id='word_1_67' title='bbox 417 1297 582 1372; x_wconf 75' lang='grc' dir='ltr'>ἦσαν.</span> 
     </span>
     <span class='ocr_line' id='line_1_13' title="bbox 1010 1394 1401 1449; baseline 0.005 -2"><span class='ocrx_word' id='word_1_68' title='bbox 1010 1394 1401 1449; x_wconf 79' lang='grc' dir='ltr'><strong>ΚΕΙΜΕΝΟΝ.</strong></span> 
     </span>
    </p>
   </div>
   <div class='ocr_carea' id='block_1_13' title="bbox 489 1483 1989 1557">
    <p class='ocr_par' dir='ltr' id='par_1_13' title="bbox 489 1483 1989 1557">
     <span class='ocr_line' id='line_1_14' title="bbox 489 1483 1989 1557; baseline -0.001 -19"><span class='ocrx_word' id='word_1_69' title='bbox 489 1485 645 1539; x_wconf 69' lang='lat' dir='ltr'><strong>Met:</strong></span> <span class='ocrx_word' id='word_1_70' title='bbox 695 1485 753 1539; x_wconf 78' lang='grc' dir='ltr'><strong>δε</strong></span> <span class='ocrx_word' id='word_1_71' title='bbox 805 1486 903 1550; x_wconf 85' lang='grc' dir='ltr'><strong>τὰς</strong></span> <span class='ocrx_word' id='word_1_72' title='bbox 967 1486 1182 1557; x_wconf 85' lang='grc' dir='ltr'>ἡμέρας</span> <span class='ocrx_word' id='word_1_73' title='bbox 1227 1483 1432 1548; x_wconf 88' lang='grc' dir='ltr'>ταύτας</span> <span class='ocrx_word' id='word_1_74' title='bbox 1482 1484 1989 1554; x_wconf 83' lang='grc' dir='ltr'>ἀποσκευασάμενοι</span> 
     </span>
    </p>
   </div>
   <div class='ocr_carea' id='block_1_14' title="bbox 416 1575 1990 1646">
    <p class='ocr_par' dir='ltr' id='par_1_14' title="bbox 416 1575 1990 1646">
     <span class='ocr_line' id='line_1_15' title="bbox 416 1575 1990 1646; baseline -0.001 -18"><span class='ocrx_word' id='word_1_75' title='bbox 416 1576 773 1646; x_wconf 77' lang='grc' dir='ltr'>ἀνεϐαίνομεν</span> <span class='ocrx_word' id='word_1_76' title='bbox 807 1578 889 1640; x_wconf 83' lang='grc' dir='ltr'><strong>είς</strong></span> <span class='ocrx_word' id='word_1_77' title='bbox 919 1575 1301 1646; x_wconf 81' lang='grc' dir='ltr'>Ἰερουσαλήμ.</span> <span class='ocrx_word' id='word_1_78' title='bbox 1335 1576 1603 1644; x_wconf 81' lang='grc' dir='ltr'>Συνῆλθον</span> <span class='ocrx_word' id='word_1_79' title='bbox 1631 1576 1688 1628; x_wconf 82' lang='grc' dir='ltr'>δὲ</span> <span class='ocrx_word' id='word_1_80' title='bbox 1740 1577 1832 1630; x_wconf 72' lang='grc' dir='ltr'>καὶ</span> <span class='ocrx_word' id='word_1_81' title='bbox 1880 1575 1990 1628; x_wconf 86' lang='grc' dir='ltr'><strong>τῶν</strong></span> 
     </span>
    </p>
   </div>
   <div class='ocr_carea' id='block_1_15' title="bbox 421 1659 2060 1766">
    <p class='ocr_par' dir='ltr' id='par_1_15' title="bbox 421 1659 2060 1766">
     <span class='ocr_line' id='line_1_16' title="bbox 421 1659 2060 1766; baseline 0.001 -46"><span class='ocrx_word' id='word_1_82' title='bbox 421 1668 677 1739; x_wconf 72' lang='grc' dir='ltr'>μαθητῶν</span> <span class='ocrx_word' id='word_1_83' title='bbox 705 1670 812 1722; x_wconf 80' lang='grc' dir='ltr'><strong>ἀπὸ</strong></span> <span class='ocrx_word' id='word_1_84' title='bbox 863 1668 1198 1738; x_wconf 78' lang='grc' dir='ltr'>Καισαρείας</span> <span class='ocrx_word' id='word_1_85' title='bbox 1241 1668 1337 1721; x_wconf 83' lang='grc' dir='ltr'>σὺν</span> <span class='ocrx_word' id='word_1_86' title='bbox 1363 1671 1495 1739; x_wconf 78' lang='grc' dir='ltr'>ἡμῖν</span> <span class='ocrx_word' id='word_1_87' title='bbox 1532 1670 1755 1738; x_wconf 81' lang='grc' dir='ltr'>ἄγοντες</span> <span class='ocrx_word' id='word_1_88' title='bbox 1786 1667 1916 1738; x_wconf 78' lang='grc' dir='ltr'>παρ’</span> <span class='ocrx_word' id='word_1_89' title='bbox 1944 1659 1988 1734; x_wconf 80' lang='grc' dir='ltr'>ᾧ</span> <span class='ocrx_word' id='word_1_90' title='bbox 2022 1713 2060 1766; x_wconf 70' lang='grc' dir='ltr'>Β</span> 
     </span>
    </p>
   </div>
   <div class='ocr_carea' id='block_1_16' title="bbox 419 1758 1984 1832">
    <p class='ocr_par' dir='ltr' id='par_1_16' title="bbox 419 1758 1984 1832">
     <span class='ocr_line' id='line_1_17' title="bbox 419 1758 1984 1832; baseline -0.007 -9"><span class='ocrx_word' id='word_1_91' title='bbox 419 1758 768 1830; x_wconf 76' lang='grc' dir='ltr'>ξενισθῶμεν,</span> <span class='ocrx_word' id='word_1_92' title='bbox 797 1763 1055 1816; x_wconf 71' lang='grc' dir='ltr'>Μνᾶισωνί</span> <span class='ocrx_word' id='word_1_93' title='bbox 1078 1782 1183 1817; x_wconf 89' lang='grc' dir='ltr'>τινι</span> <span class='ocrx_word' id='word_1_94' title='bbox 1214 1763 1452 1832; x_wconf 82' lang='grc' dir='ltr'>Κυπρίῳ</span> <span class='ocrx_word' id='word_1_95' title='bbox 1480 1760 1700 1832; x_wconf 81' lang='grc' dir='ltr'>ἀρχαίῳ</span> <span class='ocrx_word' id='word_1_96' title='bbox 1745 1760 1984 1831; x_wconf 83' lang='grc' dir='ltr'>μαθητῇ.</span> 
     </span>
    </p>
   </div>
   <div class='ocr_carea' id='block_1_17' title="bbox 420 1849 1994 1924">
    <p class='ocr_par' dir='ltr' id='par_1_17' title="bbox 420 1849 1994 1924">
     <span class='ocr_line' id='line_1_18' title="bbox 420 1849 1994 1924; baseline 0.001 -25"><span class='ocrx_word' id='word_1_97' title='bbox 420 1849 728 1918; x_wconf 78' lang='grc' dir='ltr'>Γενομένων</span> <span class='ocrx_word' id='word_1_98' title='bbox 747 1850 803 1904; x_wconf 83' lang='grc' dir='ltr'>δὲ</span> <span class='ocrx_word' id='word_1_99' title='bbox 825 1852 980 1921; x_wconf 81' lang='grc' dir='ltr'>ἡμῶν</span> <span class='ocrx_word' id='word_1_100' title='bbox 1000 1853 1079 1915; x_wconf 83' lang='grc' dir='ltr'><strong>είς</strong></span> <span class='ocrx_word' id='word_1_101' title='bbox 1092 1853 1160 1906; x_wconf 86' lang='grc' dir='ltr'>Ίε</span> <span class='ocrx_word' id='word_1_102' title='bbox 1169 1853 1459 1924; x_wconf 78' lang='grc' dir='ltr'>ροσόλυμα,</span> <span class='ocrx_word' id='word_1_103' title='bbox 1474 1851 1722 1921; x_wconf 86' lang='grc' dir='ltr'>ἁσμένως</span> <span class='ocrx_word' id='word_1_104' title='bbox 1748 1850 1994 1914; x_wconf 80' lang='grc' dir='ltr'>ἐδέξαντο</span> 
     </span>
    </p>
   </div>
   <div class='ocr_carea' id='block_1_18' title="bbox 414 1941 1990 2015">
    <p class='ocr_par' dir='ltr' id='par_1_18' title="bbox 414 1941 1990 2015">
     <span class='ocr_line' id='line_1_19' title="bbox 414 1941 1990 2015; baseline 0.001 -23"><span class='ocrx_word' id='word_1_105' title='bbox 414 1943 564 2010; x_wconf 72' lang='grc' dir='ltr'>ἡμᾶς</span> <span class='ocrx_word' id='word_1_106' title='bbox 596 1941 644 1993; x_wconf 89' lang='grc' dir='ltr'><strong>οί</strong></span> <span class='ocrx_word' id='word_1_107' title='bbox 666 1941 904 2010; x_wconf 82' lang='grc' dir='ltr'>ἀδελφοί.</span> <span class='ocrx_word' id='word_1_108' title='bbox 936 1943 1014 2014; x_wconf 83' lang='grc' dir='ltr'><strong>Τῇ</strong></span> <span class='ocrx_word' id='word_1_109' title='bbox 1049 1943 1108 1996; x_wconf 87' lang='grc' dir='ltr'><strong>δέ</strong></span> <span class='ocrx_word' id='word_1_110' title='bbox 1139 1942 1370 2015; x_wconf 89' lang='grc' dir='ltr'>ἐπιούσῃ</span> <span class='ocrx_word' id='word_1_111' title='bbox 1392 1942 1568 2012; x_wconf 82' lang='grc' dir='ltr'>εἰσῄει</span> <span class='ocrx_word' id='word_1_112' title='bbox 1598 1943 1627 1994; x_wconf 92' lang='grc' dir='ltr'><strong>ό</strong></span> <span class='ocrx_word' id='word_1_113' title='bbox 1659 1941 1871 2003; x_wconf 82' lang='grc' dir='ltr'>Παῦλος</span> <span class='ocrx_word' id='word_1_114' title='bbox 1891 1941 1990 1993; x_wconf 81' lang='grc' dir='ltr'>σὺν</span> 
     </span>
    </p>
   </div>
   <div class='ocr_carea' id='block_1_19' title="bbox 416 2028 1991 2102">
    <p class='ocr_par' dir='ltr' id='par_1_19' title="bbox 416 2028 1991 2102">
     <span class='ocr_line' id='line_1_20' title="bbox 416 2028 1991 2102; baseline -0.005 -21"><span class='ocrx_word' id='word_1_115' title='bbox 416 2029 548 2097; x_wconf 84' lang='grc' dir='ltr'>ἡμῖν</span> <span class='ocrx_word' id='word_1_116' title='bbox 578 2028 715 2099; x_wconf 82' lang='grc' dir='ltr'>πρὸς</span> <span class='ocrx_word' id='word_1_117' title='bbox 754 2029 1040 2084; x_wconf 84' lang='grc' dir='ltr'>Ἰάκωϐον·</span> <span class='ocrx_word' id='word_1_118' title='bbox 1084 2030 1284 2095; x_wconf 84' lang='grc' dir='ltr'>πάντες</span> <span class='ocrx_word' id='word_1_119' title='bbox 1322 2032 1430 2101; x_wconf 85' lang='grc' dir='ltr'><strong>γὰρ</strong></span> <span class='ocrx_word' id='word_1_120' title='bbox 1487 2029 1649 2102; x_wconf 68' lang='grc' dir='ltr'>[υιιις.</span> <span class='ocrx_word' id='word_1_121' title='bbox 1703 2028 1787 2100; x_wconf 85' lang='grc' dir='ltr'><strong>τε]</strong></span> <span class='ocrx_word' id='word_1_122' title='bbox 1847 2045 1991 2100; x_wconf 87' lang='grc' dir='ltr'>παρ-</span> 
     </span>
    </p>
   </div>
   <div class='ocr_carea' id='block_1_20' title="bbox 426 2123 1989 2196">
    <p class='ocr_par' dir='ltr' id='par_1_20' title="bbox 426 2123 1989 2196">
     <span class='ocr_line' id='line_1_21' title="bbox 426 2123 1989 2196; baseline 0.008 -22"><span class='ocrx_word' id='word_1_123' title='bbox 426 2123 677 2189; x_wconf 76' lang='grc' dir='ltr'>εγέ·.οντο</span> <span class='ocrx_word' id='word_1_124' title='bbox 705 2125 754 2177; x_wconf 80' lang='grc' dir='ltr'>οἱ</span> <span class='ocrx_word' id='word_1_125' title='bbox 779 2124 1162 2195; x_wconf 86' lang='grc' dir='ltr'>πρεσϐύτεροι.</span> <span class='ocrx_word' id='word_1_126' title='bbox 1206 2125 1316 2180; x_wconf 71' lang='grc' dir='ltr'><strong>Καὶ</strong></span> <span class='ocrx_word' id='word_1_127' title='bbox 1342 2125 1729 2196; x_wconf 80' lang='grc' dir='ltr'>ἀσπασάμενος</span> <span class='ocrx_word' id='word_1_128' title='bbox 1770 2123 1989 2187; x_wconf 79' lang='grc' dir='ltr'>αὐτοὺς,</span> 
     </span>
    </p>
   </div>
   <div class='ocr_carea' id='block_1_21' title="bbox 413 2210 1992 2287">
    <p class='ocr_par' dir='ltr' id='par_1_21' title="bbox 413 2210 1992 2287">
     <span class='ocr_line' id='line_1_22' title="bbox 413 2210 1992 2287; baseline 0 -20"><span class='ocrx_word' id='word_1_129' title='bbox 413 2213 664 2282; x_wconf 79' lang='grc' dir='ltr'>ἐξηγεῖτο</span> <span class='ocrx_word' id='word_1_130' title='bbox 693 2216 814 2270; x_wconf 83' lang='grc' dir='ltr'>καθ’</span> <span class='ocrx_word' id='word_1_131' title='bbox 835 2216 892 2269; x_wconf 83' lang='grc' dir='ltr'>ἓν</span> <span class='ocrx_word' id='word_1_132' title='bbox 915 2216 1165 2279; x_wconf 73' lang='grc' dir='ltr'>ἕκαστον,</span> <span class='ocrx_word' id='word_1_133' title='bbox 1194 2210 1269 2270; x_wconf 84' lang='grc' dir='ltr'>ὧν</span> <span class='ocrx_word' id='word_1_134' title='bbox 1305 2216 1559 2287; x_wconf 84' lang='grc' dir='ltr'>ἐποίησεν</span> <span class='ocrx_word' id='word_1_135' title='bbox 1592 2217 1620 2268; x_wconf 88' lang='grc' dir='ltr'>ὁ</span> <span class='ocrx_word' id='word_1_136' title='bbox 1641 2213 1772 2277; x_wconf 81' lang='grc' dir='ltr'>Θεὸς</span> <span class='ocrx_word' id='word_1_137' title='bbox 1800 2213 1858 2266; x_wconf 85' lang='grc' dir='ltr'><strong>ἐν</strong></span> <span class='ocrx_word' id='word_1_138' title='bbox 1880 2215 1992 2278; x_wconf 88' lang='grc' dir='ltr'>τοῖς</span> 
     </span>
    </p>
   </div>
   <div class='ocr_carea' id='block_1_22' title="bbox 413 2306 1340 2376">
    <p class='ocr_par' dir='ltr' id='par_1_22' title="bbox 413 2306 1340 2376">
     <span class='ocr_line' id='line_1_23' title="bbox 413 2306 1340 2376; baseline 0.004 -18"><span class='ocrx_word' id='word_1_139' title='bbox 413 2306 594 2360; x_wconf 71' lang='grc' dir='ltr'>ἔθνεσι</span> <span class='ocrx_word' id='word_1_140' title='bbox 615 2306 703 2360; x_wconf 81' lang='grc' dir='ltr'><strong>διὰ</strong></span> <span class='ocrx_word' id='word_1_141' title='bbox 737 2307 834 2376; x_wconf 82' lang='grc' dir='ltr'>τῆς</span> <span class='ocrx_word' id='word_1_142' title='bbox 849 2307 1126 2373; x_wconf 83' lang='grc' dir='ltr'>διακονίας</span> <span class='ocrx_word' id='word_1_143' title='bbox 1148 2308 1340 2362; x_wconf 82' lang='grc' dir='ltr'>αὐτοῦ.</span> 
     </span>
    </p>
   </div>
   <div class='ocr_carea' id='block_1_23' title="bbox 988 2395 1416 2456">
    <p class='ocr_par' dir='ltr' id='par_1_23' title="bbox 988 2395 1416 2456">
     <span class='ocr_line' id='line_1_24' title="bbox 988 2395 1416 2456; baseline 0.007 -4"><span class='ocrx_word' id='word_1_144' title='bbox 988 2399 1243 2456; x_wconf 79' lang='grc' dir='ltr'><strong>ΚΕΦΑΛ.</strong></span> <span class='ocrx_word' id='word_1_145' title='bbox 1287 2395 1416 2455; x_wconf 78' lang='lat' dir='ltr'><strong>AA&#39;.</strong></span> 
     </span>
    </p>
   </div>
   <div class='ocr_carea' id='block_1_24' title="bbox 416 2488 1989 2560">
    <p class='ocr_par' dir='ltr' id='par_1_24' title="bbox 416 2488 1989 2560">
     <span class='ocr_line' id='line_1_25' title="bbox 416 2488 1989 2560; baseline 0.001 -17"><span class='ocrx_word' id='word_1_146' title='bbox 416 2491 774 2558; x_wconf 77' lang='grc' dir='ltr'>Παραίνεσις</span> <span class='ocrx_word' id='word_1_147' title='bbox 795 2490 1082 2546; x_wconf 80' lang='grc' dir='ltr'>Ἰακώϐου</span> <span class='ocrx_word' id='word_1_148' title='bbox 1110 2491 1264 2560; x_wconf 83' lang='grc' dir='ltr'>πρὸς</span> <span class='ocrx_word' id='word_1_149' title='bbox 1291 2490 1537 2545; x_wconf 76' lang='grc' dir='ltr'>Παῦλον</span> <span class='ocrx_word' id='word_1_150' title='bbox 1575 2490 1709 2559; x_wconf 69' lang='grc' dir='ltr'>περὶ</span> <span class='ocrx_word' id='word_1_151' title='bbox 1759 2489 1866 2544; x_wconf 80' lang='grc' dir='ltr'>τοῦ</span> <span class='ocrx_word' id='word_1_152' title='bbox 1902 2488 1989 2558; x_wconf 80' lang='grc' dir='ltr'>μὴ</span> 
     </span>
    </p>
   </div>
   <div class='ocr_carea' id='block_1_25' title="bbox 454 2580 1949 2651">
    <p class='ocr_par' dir='ltr' id='par_1_25' title="bbox 454 2580 1949 2651">
     <span class='ocr_line' id='line_1_26' title="bbox 454 2580 1949 2651; baseline 0 -18"><span class='ocrx_word' id='word_1_153' title='bbox 454 2580 654 2635; x_wconf 80' lang='grc' dir='ltr'>δοκεῖν</span> <span class='ocrx_word' id='word_1_154' title='bbox 681 2582 937 2636; x_wconf 76' lang='grc' dir='ltr'>κωλύειν</span> <span class='ocrx_word' id='word_1_155' title='bbox 957 2582 1100 2649; x_wconf 79' lang='grc' dir='ltr'>τοὺς</span> <span class='ocrx_word' id='word_1_156' title='bbox 1137 2582 1445 2651; x_wconf 79' lang='grc' dir='ltr'>Ἑϐραίους</span> <span class='ocrx_word' id='word_1_157' title='bbox 1476 2581 1949 2650; x_wconf 79' lang='grc' dir='ltr'>περιτέμνεσθαι.</span> 
     </span>
    </p>
   </div>
   <div class='ocr_carea' id='block_1_26' title="bbox 486 2666 1989 2737">
    <p class='ocr_par' dir='ltr' id='par_1_26' title="bbox 486 2666 1989 2737">
     <span class='ocr_line' id='line_1_27' title="bbox 486 2666 1989 2737; baseline -0.001 -14"><span class='ocrx_word' id='word_1_158' title='bbox 486 2673 547 2723; x_wconf 85' lang='grc' dir='ltr'><strong>Οἱ</strong></span> <span class='ocrx_word' id='word_1_159' title='bbox 578 2671 636 2724; x_wconf 71' lang='grc' dir='ltr'>δὲ</span> <span class='ocrx_word' id='word_1_160' title='bbox 686 2670 1040 2737; x_wconf 85' lang='grc' dir='ltr'>ἀκούσαντες,</span> <span class='ocrx_word' id='word_1_161' title='bbox 1090 2670 1346 2737; x_wconf 77' lang='grc' dir='ltr'>ἐδόξασαν</span> <span class='ocrx_word' id='word_1_162' title='bbox 1373 2671 1466 2724; x_wconf 62' lang='grc' dir='ltr'><strong>τὸν</strong></span> <span class='ocrx_word' id='word_1_163' title='bbox 1512 2671 1679 2725; x_wconf 81' lang='grc' dir='ltr'><strong>Θεόν⁸</strong></span> <span class='ocrx_word' id='word_1_164' title='bbox 1720 2666 1873 2725; x_wconf 82' lang='grc' dir='ltr'>εῖπον</span> <span class='ocrx_word' id='word_1_165' title='bbox 1933 2669 1989 2722; x_wconf 79' lang='grc' dir='ltr'>δὲ</span> 
     </span>
    </p>
   </div>
   <div class='ocr_carea' id='block_1_27' title="bbox 413 2761 1988 2836">
    <p class='ocr_par' dir='ltr' id='par_1_27' title="bbox 413 2761 1988 2836">
     <span class='ocr_line' id='line_1_28' title="bbox 413 2761 1988 2836; baseline 0.001 -22"><span class='ocrx_word' id='word_1_166' title='bbox 413 2761 564 2830; x_wconf 82' lang='grc' dir='ltr'><strong>αύτῷ</strong></span> <span class='ocrx_word' id='word_1_167' title='bbox 591 2778 605 2792; x_wconf 79' lang='grc' dir='ltr'><strong>ο</strong></span> <span class='ocrx_word' id='word_1_168' title='bbox 634 2762 896 2833; x_wconf 78' lang='grc' dir='ltr'>Θεωρεῖς,</span> <span class='ocrx_word' id='word_1_169' title='bbox 953 2761 1172 2833; x_wconf 81' lang='grc' dir='ltr'>άδελφέ,</span> <span class='ocrx_word' id='word_1_170' title='bbox 1223 2764 1390 2818; x_wconf 87' lang='grc' dir='ltr'>πόσαι</span> <span class='ocrx_word' id='word_1_171' title='bbox 1433 2764 1691 2836; x_wconf 83' lang='grc' dir='ltr'>μυριάδες</span> <span class='ocrx_word' id='word_1_172' title='bbox 1740 2764 1848 2817; x_wconf 70' lang='grc' dir='ltr'>εἰσὶ</span> <span class='ocrx_word' id='word_1_173' title='bbox 1877 2762 1988 2817; x_wconf 90' lang='grc' dir='ltr'><strong>τῶν</strong></span> 
     </span>
    </p>
   </div>
   <div class='ocr_carea' id='block_1_28' title="bbox 415 2850 1986 2923">
    <p class='ocr_par' dir='ltr' id='par_1_28' title="bbox 415 2850 1986 2923">
     <span class='ocr_line' id='line_1_29' title="bbox 415 2850 1986 2923; baseline 0.001 -20"><span class='ocrx_word' id='word_1_174' title='bbox 415 2851 860 2906; x_wconf 82' lang='grc' dir='ltr'>πεπιστευκότων</span> <span class='ocrx_word' id='word_1_175' title='bbox 904 2852 1197 2919; x_wconf 82' lang='grc' dir='ltr'>Ἰουδαίων,</span> <span class='ocrx_word' id='word_1_176' title='bbox 1245 2855 1341 2908; x_wconf 56' lang='grc' dir='ltr'><strong>καὶ⁵</strong></span> <span class='ocrx_word' id='word_1_177' title='bbox 1384 2855 1587 2916; x_wconf 79' lang='grc' dir='ltr'>πάντες</span> <span class='ocrx_word' id='word_1_178' title='bbox 1624 2852 1868 2923; x_wconf 74' lang='grc' dir='ltr'>ζηλωταὶ</span> <span class='ocrx_word' id='word_1_179' title='bbox 1891 2850 1986 2904; x_wconf 83' lang='grc' dir='ltr'><strong>τοῦ</strong></span> 
     </span>
    </p>
   </div>
   <div class='ocr_carea' id='block_1_29' title="bbox 411 2943 1986 3016">
    <p class='ocr_par' dir='ltr' id='par_1_29' title="bbox 411 2943 1986 3016">
     <span class='ocr_line' id='line_1_30' title="bbox 411 2943 1986 3016; baseline 0.003 -22"><span class='ocrx_word' id='word_1_180' title='bbox 411 2943 579 3013; x_wconf 81' lang='grc' dir='ltr'>νόμου</span> <span class='ocrx_word' id='word_1_181' title='bbox 621 2943 950 3015; x_wconf 83' lang='grc' dir='ltr'>ὑπάρχουσι.</span> <span class='ocrx_word' id='word_1_182' title='bbox 1005 2946 1415 3016; x_wconf 84' lang='grc' dir='ltr'>Κατηχήθησαν</span> <span class='ocrx_word' id='word_1_183' title='bbox 1461 2945 1519 3000; x_wconf 77' lang='grc' dir='ltr'>δὲ</span> <span class='ocrx_word' id='word_1_184' title='bbox 1565 2947 1696 3016; x_wconf 78' lang='grc' dir='ltr'>περὶ</span> <span class='ocrx_word' id='word_1_185' title='bbox 1745 2943 1862 3010; x_wconf 82' lang='grc' dir='ltr'>σοῦ,</span> <span class='ocrx_word' id='word_1_186' title='bbox 1905 2945 1986 2998; x_wconf 85' lang='grc' dir='ltr'>ὃτι</span> 
     </span>
    </p>
   </div>
   <div class='ocr_carea' id='block_1_30' title="bbox 993 367 2988 445">
    <p class='ocr_par' dir='ltr' id='par_1_30' title="bbox 993 367 2988 445">
     <span class='ocr_line' id='line_1_31' title="bbox 993 367 2988 445; baseline 0.008 -15"><span class='ocrx_word' id='word_1_187' title='bbox 993 368 1532 430; x_wconf 73' lang='lat' dir='ltr'><strong>EXPOSI&#39;I‘IONIS</strong></span> <span class='ocrx_word' id='word_1_188' title='bbox 1563 367 1645 428; x_wconf 81' lang='grc' dir='ltr'><strong>ΙΝ</strong></span> <span class='ocrx_word' id='word_1_189' title='bbox 1668 367 1857 428; x_wconf 78' lang='lat' dir='ltr'><strong>ACTA</strong></span> <span class='ocrx_word' id='word_1_190' title='bbox 1894 369 2199 431; x_wconf 83' lang='lat' dir='ltr'><strong>TEXTUS</strong></span> <span class='ocrx_word' id='word_1_191' title='bbox 2234 373 2503 435; x_wconf 77' lang='lat' dir='ltr'><strong>ALTER.</strong></span> <span class='ocrx_word' id='word_1_192' title='bbox 2535 401 2602 410; x_wconf 90' lang='grc'><strong>-</strong></span> <span class='ocrx_word' id='word_1_193' title='bbox 2623 378 2784 440; x_wconf 76' lang='lat' dir='ltr'><strong>CAP.</strong></span> <span class='ocrx_word' id='word_1_194' title='bbox 2826 380 2988 445; x_wconf 85' lang='lat' dir='ltr'><strong>XXI.</strong></span> 
     </span>
    </p>
   </div>
   <div class='ocr_carea' id='block_1_31' title="bbox 3536 377 3676 443">
    <p class='ocr_par' dir='ltr' id='par_1_31' title="bbox 3536 377 3676 443">
     <span class='ocr_line' id='line_1_32' title="bbox 3536 377 3676 443; baseline -0.014 0"><span class='ocrx_word' id='word_1_195' title='bbox 3536 377 3676 443; x_wconf 76' lang='lat'><strong>1022</strong></span> 
     </span>
    </p>
   </div>
   <div class='ocr_carea' id='block_1_32' title="bbox 2589 487 3194 554">
    <p class='ocr_par' dir='ltr' id='par_1_32' title="bbox 2589 487 3194 554">
     <span class='ocr_line' id='line_1_33' title="bbox 2589 487 3194 554; baseline 0 -10"><span class='ocrx_word' id='word_1_196' title='bbox 2589 487 3160 547; x_wconf 75' lang='lat' dir='ltr'><strong>COMMENTARIUS.</strong></span> <span class='ocrx_word' id='word_1_197' title='bbox 3191 551 3194 554; x_wconf 94' lang='lat'><strong><em>_</em></strong></span> 
     </span>
    </p>
   </div>
   <div class='ocr_carea' id='block_1_33' title="bbox 2171 575 3669 648">
    <p class='ocr_par' dir='ltr' id='par_1_33' title="bbox 2171 575 3669 648">
     <span class='ocr_line' id='line_1_34' title="bbox 2171 575 3669 648; baseline 0.001 -19"><span class='ocrx_word' id='word_1_198' title='bbox 2171 575 2584 641; x_wconf 85' lang='lat' dir='ltr'><strong>Adnotandum,</strong></span> <span class='ocrx_word' id='word_1_199' title='bbox 2620 577 2857 648; x_wconf 82' lang='lat' dir='ltr'><strong>Philippi</strong></span> <span class='ocrx_word' id='word_1_200' title='bbox 2897 579 3116 635; x_wconf 89' lang='lat' dir='ltr'><strong>diaconi</strong></span> <span class='ocrx_word' id='word_1_201' title='bbox 3153 578 3292 634; x_wconf 83' lang='lat' dir='ltr'><strong>filias</strong></span> <span class='ocrx_word' id='word_1_202' title='bbox 3327 577 3446 633; x_wconf 81' lang='lat' dir='ltr'><strong>illas</strong></span> <span class='ocrx_word' id='word_1_203' title='bbox 3482 575 3669 632; x_wconf 86' lang='lat' dir='ltr'><strong>fuisse:</strong></span> 
     </span>
    </p>
   </div>
   <div class='ocr_carea' id='block_1_34' title="bbox 2098 668 3675 737">
    <p class='ocr_par' dir='ltr' id='par_1_34' title="bbox 2098 668 3675 737">
     <span class='ocr_line' id='line_1_35' title="bbox 2098 668 3675 737; baseline 0.001 -17"><span class='ocrx_word' id='word_1_204' title='bbox 2098 682 2269 737; x_wconf 88' lang='lat' dir='ltr'><strong>quare</strong></span> <span class='ocrx_word' id='word_1_205' title='bbox 2294 669 2458 723; x_wconf 91' lang='lat' dir='ltr'><strong>etiam</strong></span> <span class='ocrx_word' id='word_1_206' title='bbox 2485 671 2733 726; x_wconf 78' lang='lat' dir='ltr'><strong>uxoratis</strong></span> <span class='ocrx_word' id='word_1_207' title='bbox 2755 671 2882 725; x_wconf 89' lang='lat' dir='ltr'><strong>licet</strong></span> <span class='ocrx_word' id='word_1_208' title='bbox 2909 670 3236 725; x_wconf 78' lang='lat' dir='ltr'><strong>diaconatus</strong></span> <span class='ocrx_word' id='word_1_209' title='bbox 3257 668 3492 724; x_wconf 71' lang='lat' dir='ltr'><strong>officium</strong></span> <span class='ocrx_word' id='word_1_210' title='bbox 3517 684 3675 723; x_wconf 84' lang='lat' dir='ltr'><strong>exer-</strong></span> 
     </span>
    </p>
   </div>
   <div class='ocr_carea' id='block_1_35' title="bbox 2096 758 3676 831">
    <p class='ocr_par' dir='ltr' id='par_1_35' title="bbox 2096 758 3676 831">
     <span class='ocr_line' id='line_1_36' title="bbox 2096 758 3676 831; baseline -0.001 -19"><span class='ocrx_word' id='word_1_211' title='bbox 2096 759 2380 829; x_wconf 66' lang='lat' dir='ltr'><strong>cere2(57).</strong></span> <span class='ocrx_word' id='word_1_212' title='bbox 2408 758 2647 816; x_wconf 83' lang='lat' dir='ltr'><strong>Observa</strong></span> <span class='ocrx_word' id='word_1_213' title='bbox 2689 776 2818 816; x_wconf 89' lang='lat' dir='ltr'><strong>vero</strong></span> <span class='ocrx_word' id='word_1_214' title='bbox 2844 763 3008 816; x_wconf 91' lang='lat' dir='ltr'><strong>etiam</strong></span> <span class='ocrx_word' id='word_1_215' title='bbox 3035 763 3406 831; x_wconf 87' lang='lat' dir='ltr'><strong>prophetissas</strong></span> <span class='ocrx_word' id='word_1_216' title='bbox 3435 760 3579 813; x_wconf 89' lang='lat' dir='ltr'><strong>illius</strong></span> <span class='ocrx_word' id='word_1_217' title='bbox 3611 759 3676 811; x_wconf 85' lang='lat' dir='ltr'><strong>fi-</strong></span> 
     </span>
    </p>
   </div>
   <div class='ocr_carea' id='block_1_36' title="bbox 2096 849 3672 924">
    <p class='ocr_par' dir='ltr' id='par_1_36' title="bbox 2096 849 3672 924">
     <span class='ocr_line' id='line_1_37' title="bbox 2096 849 3672 924; baseline 0.003 -22"><span class='ocrx_word' id='word_1_218' title='bbox 2096 849 2198 905; x_wconf 87' lang='lat' dir='ltr'><strong>lias</strong></span> <span class='ocrx_word' id='word_1_219' title='bbox 2236 850 2406 906; x_wconf 86' lang='lat' dir='ltr'><strong>fuisse</strong></span> <span class='ocrx_word' id='word_1_220' title='bbox 2436 851 2700 923; x_wconf 82' lang='lat' dir='ltr'><strong>virgines,</strong></span> <span class='ocrx_word' id='word_1_221' title='bbox 2730 869 2794 908; x_wconf 90' lang='lat' dir='ltr'><strong>ac</strong></span> <span class='ocrx_word' id='word_1_222' title='bbox 2825 863 3047 924; x_wconf 77' lang='lat' dir='ltr'><strong>propter</strong></span> <span class='ocrx_word' id='word_1_223' title='bbox 3073 854 3327 924; x_wconf 74' lang='lat' dir='ltr'><strong>pietatem</strong></span> <span class='ocrx_word' id='word_1_224' title='bbox 3362 854 3465 908; x_wconf 82' lang='lat' dir='ltr'><strong>hoc</strong></span> <span class='ocrx_word' id='word_1_225' title='bbox 3497 853 3672 920; x_wconf 83' lang='lat' dir='ltr'><strong>magis</strong></span> 
     </span>
    </p>
   </div>
   <div class='ocr_carea' id='block_1_37' title="bbox 2094 941 3668 1014">
    <p class='ocr_par' dir='ltr' id='par_1_37' title="bbox 2094 941 3668 1014">
     <span class='ocr_line' id='line_1_38' title="bbox 2094 941 3668 1014; baseline 0.001 -20"><span class='ocrx_word' id='word_1_226' title='bbox 2094 941 2408 998; x_wconf 80' lang='lat' dir='ltr'><strong>exercuisse</strong></span> <span class='ocrx_word' id='word_1_227' title='bbox 2431 960 2448 1004; x_wconf 87' lang='lat'><strong>;</strong></span> <span class='ocrx_word' id='word_1_228' title='bbox 2485 944 2628 999; x_wconf 91' lang='lat' dir='ltr'><strong>unde</strong></span> <span class='ocrx_word' id='word_1_229' title='bbox 2649 943 2946 1013; x_wconf 73' lang='lat' dir='ltr'><strong>prophetia:</strong></span> <span class='ocrx_word' id='word_1_230' title='bbox 2962 945 3106 998; x_wconf 89' lang='lat' dir='ltr'><strong>dono</strong></span> <span class='ocrx_word' id='word_1_231' title='bbox 3131 943 3307 1014; x_wconf 68' lang='lat' dir='ltr'><strong>digna:</strong></span> <span class='ocrx_word' id='word_1_232' title='bbox 3333 942 3487 997; x_wconf 77' lang='lat' dir='ltr'><strong>factae</strong></span> <span class='ocrx_word' id='word_1_233' title='bbox 3514 950 3668 996; x_wconf 89' lang='lat' dir='ltr'><strong>sunt.</strong></span> 
     </span>
    </p>
   </div>
   <div class='ocr_carea' id='block_1_38' title="bbox 2095 1031 3665 1105">
    <p class='ocr_par' dir='ltr' id='par_1_38' title="bbox 2095 1031 3665 1105">
     <span class='ocr_line' id='line_1_39' title="bbox 2095 1031 3665 1105; baseline 0 -19"><span class='ocrx_word' id='word_1_234' title='bbox 2095 1031 2172 1088; x_wconf 81' lang='lat' dir='ltr'><strong>Ex</strong></span> <span class='ocrx_word' id='word_1_235' title='bbox 2195 1049 2305 1102; x_wconf 91' lang='lat' dir='ltr'><strong>quo</strong></span> <span class='ocrx_word' id='word_1_236' title='bbox 2328 1043 2495 1104; x_wconf 87' lang='lat' dir='ltr'><strong>patet,</strong></span> <span class='ocrx_word' id='word_1_237' title='bbox 2522 1051 2739 1091; x_wconf 90' lang='lat' dir='ltr'><strong>summo</strong></span> <span class='ocrx_word' id='word_1_238' title='bbox 2779 1036 2900 1091; x_wconf 84' lang='lat' dir='ltr'><strong>illas</strong></span> <span class='ocrx_word' id='word_1_239' title='bbox 2950 1037 3138 1090; x_wconf 87' lang='lat' dir='ltr'><strong>studio</strong></span> <span class='ocrx_word' id='word_1_240' title='bbox 3172 1036 3536 1105; x_wconf 70' lang='lat' dir='ltr'><strong>virginitatem</strong></span> <span class='ocrx_word' id='word_1_241' title='bbox 3569 1049 3665 1088; x_wconf 89' lang='lat' dir='ltr'><strong>co-</strong></span> 
     </span>
    </p>
   </div>
   <div class='ocr_carea' id='block_1_39' title="bbox 2095 1121 3663 1197">
    <p class='ocr_par' dir='ltr' id='par_1_39' title="bbox 2095 1121 3663 1197">
     <span class='ocr_line' id='line_1_40' title="bbox 2095 1121 3663 1197; baseline 0.001 -21"><span class='ocrx_word' id='word_1_242' title='bbox 2095 1124 2299 1181; x_wconf 87' lang='lat' dir='ltr'><strong>luisse:</strong></span> <span class='ocrx_word' id='word_1_243' title='bbox 2341 1125 2500 1180; x_wconf 89' lang='lat' dir='ltr'><strong>aliter</strong></span> <span class='ocrx_word' id='word_1_244' title='bbox 2537 1141 2694 1182; x_wconf 88' lang='lat' dir='ltr'><strong>sacer</strong></span> <span class='ocrx_word' id='word_1_245' title='bbox 2751 1128 2986 1197; x_wconf 75' lang='lat' dir='ltr'><strong>scriptor</strong></span> <span class='ocrx_word' id='word_1_246' title='bbox 3017 1141 3126 1181; x_wconf 91' lang='lat' dir='ltr'><strong>non</strong></span> <span class='ocrx_word' id='word_1_247' title='bbox 3165 1125 3484 1190; x_wconf 89' lang='lat' dir='ltr'><strong>addidisset,</strong></span> <span class='ocrx_word' id='word_1_248' title='bbox 3517 1121 3663 1195; x_wconf 88' lang='lat' dir='ltr'><strong>quod</strong></span> 
     </span>
    </p>
   </div>
   <div class='ocr_carea' id='block_1_40' title="bbox 2094 1215 2581 1286">
    <p class='ocr_par' dir='ltr' id='par_1_40' title="bbox 2094 1215 2581 1286">
     <span class='ocr_line' id='line_1_41' title="bbox 2094 1215 2581 1286; baseline 0.008 -17"><span class='ocrx_word' id='word_1_249' title='bbox 2094 1221 2281 1270; x_wconf 86' lang='lat' dir='ltr'><strong>essent</strong></span> <span class='ocrx_word' id='word_1_250' title='bbox 2315 1215 2581 1286; x_wconf 78' lang='lat' dir='ltr'><strong>virgines.</strong></span> 
     </span>
    </p>
   </div>
   <div class='ocr_carea' id='block_1_41' title="bbox 2727 1396 3028 1452">
    <p class='ocr_par' dir='ltr' id='par_1_41' title="bbox 2727 1396 3028 1452">
     <span class='ocr_line' id='line_1_42' title="bbox 2727 1396 3028 1452; baseline 0.003 -1"><span class='ocrx_word' id='word_1_251' title='bbox 2727 1396 3028 1452; x_wconf 80' lang='lat' dir='ltr'><strong>TEXTUS.</strong></span> 
     </span>
    </p>
   </div>
   <div class='ocr_carea' id='block_1_42' title="bbox 2161 1485 3669 1559">
    <p class='ocr_par' dir='ltr' id='par_1_42' title="bbox 2161 1485 3669 1559">
     <span class='ocr_line' id='line_1_43' title="bbox 2161 1485 3669 1559; baseline -0.001 -19"><span class='ocrx_word' id='word_1_252' title='bbox 2161 1485 2389 1550; x_wconf 76' lang='lat' dir='ltr'><strong>XXl,15</strong></span> <span class='ocrx_word' id='word_1_253' title='bbox 2424 1486 2968 1544; x_wconf 72' lang='lat' dir='ltr'><strong>19.Postdicsautem</strong></span> <span class='ocrx_word' id='word_1_254' title='bbox 2990 1491 3121 1544; x_wconf 89' lang='lat' dir='ltr'><strong>istos</strong></span> <span class='ocrx_word' id='word_1_255' title='bbox 3150 1488 3454 1559; x_wconf 79' lang='lat' dir='ltr'><strong>praeparati.</strong></span> <span class='ocrx_word' id='word_1_256' title='bbox 3476 1502 3669 1543; x_wconf 85' lang='lat' dir='ltr'><strong>ascen-</strong></span> 
     </span>
    </p>
   </div>
   <div class='ocr_carea' id='block_1_43' title="bbox 2091 1575 3671 1646">
    <p class='ocr_par' dir='ltr' id='par_1_43' title="bbox 2091 1575 3671 1646">
     <span class='ocr_line' id='line_1_44' title="bbox 2091 1575 3671 1646; baseline 0.001 -15"><span class='ocrx_word' id='word_1_257' title='bbox 2091 1577 2272 1632; x_wconf 89' lang='lat' dir='ltr'><strong>dimus</strong></span> <span class='ocrx_word' id='word_1_258' title='bbox 2294 1575 2620 1632; x_wconf 83' lang='lat' dir='ltr'><strong>Jerusalem.</strong></span> <span class='ocrx_word' id='word_1_259' title='bbox 2647 1577 2926 1633; x_wconf 76' lang='lat' dir='ltr'><strong>Venerunt</strong></span> <span class='ocrx_word' id='word_1_260' title='bbox 2945 1591 3122 1632; x_wconf 89' lang='lat' dir='ltr'><strong>autem</strong></span> <span class='ocrx_word' id='word_1_261' title='bbox 3149 1587 3202 1634; x_wconf 93' lang='lat' dir='ltr'><strong>et</strong></span> <span class='ocrx_word' id='word_1_262' title='bbox 3232 1594 3297 1634; x_wconf 76' lang='lat' dir='ltr'><strong>ex</strong></span> <span class='ocrx_word' id='word_1_263' title='bbox 3325 1578 3610 1646; x_wconf 84' lang='lat' dir='ltr'><strong>discipulis</strong></span> <span class='ocrx_word' id='word_1_264' title='bbox 3640 1591 3671 1631; x_wconf 88' lang='lat' dir='ltr'><strong>a</strong></span> 
     </span>
    </p>
   </div>
   <div class='ocr_carea' id='block_1_44' title="bbox 2091 1667 3669 1738">
    <p class='ocr_par' dir='ltr' id='par_1_44' title="bbox 2091 1667 3669 1738">
     <span class='ocr_line' id='line_1_45' title="bbox 2091 1667 3669 1738; baseline 0.001 -18"><span class='ocrx_word' id='word_1_265' title='bbox 2091 1667 2340 1720; x_wconf 82' lang='lat' dir='ltr'><strong>Caesarea</strong></span> <span class='ocrx_word' id='word_1_266' title='bbox 2367 1667 2676 1731; x_wconf 89' lang='lat' dir='ltr'><strong>nobiscum,</strong></span> <span class='ocrx_word' id='word_1_267' title='bbox 2703 1669 3036 1731; x_wconf 79' lang='lat' dir='ltr'><strong>adducentes</strong></span> <span class='ocrx_word' id='word_1_268' title='bbox 3073 1684 3258 1723; x_wconf 90' lang='lat' dir='ltr'><strong>secum</strong></span> <span class='ocrx_word' id='word_1_269' title='bbox 3310 1668 3476 1737; x_wconf 88' lang='lat' dir='ltr'><strong>(apud</strong></span> <span class='ocrx_word' id='word_1_270' title='bbox 3507 1683 3669 1738; x_wconf 68' lang='lat' dir='ltr'><strong>que‘n</strong></span> 
     </span>
    </p>
   </div>
   <div class='ocr_carea' id='block_1_45' title="bbox 2100 1759 3676 1831">
    <p class='ocr_par' dir='ltr' id='par_1_45' title="bbox 2100 1759 3676 1831">
     <span class='ocr_line' id='line_1_46' title="bbox 2100 1759 3676 1831; baseline 0.001 -20"><span class='ocrx_word' id='word_1_271' title='bbox 2100 1759 2526 1830; x_wconf 85' lang='lat' dir='ltr'><strong>bospitaremur)</strong></span> <span class='ocrx_word' id='word_1_272' title='bbox 2559 1759 2880 1814; x_wconf 87' lang='lat' dir='ltr'><strong>Mnasonem</strong></span> <span class='ocrx_word' id='word_1_273' title='bbox 2931 1759 3222 1830; x_wconf 86' lang='lat' dir='ltr'><strong>quemdam</strong></span> <span class='ocrx_word' id='word_1_274' title='bbox 3257 1759 3540 1831; x_wconf 80' lang='lat' dir='ltr'><strong>Cyprium,</strong></span> <span class='ocrx_word' id='word_1_275' title='bbox 3571 1773 3676 1812; x_wconf 85' lang='lat' dir='ltr'><strong>an-</strong></span> 
     </span>
    </p>
   </div>
   <div class='ocr_carea' id='block_1_46' title="bbox 2098 1848 3672 1919">
    <p class='ocr_par' dir='ltr' id='par_1_46' title="bbox 2098 1848 3672 1919">
     <span class='ocr_line' id='line_1_47' title="bbox 2098 1848 3672 1919; baseline -0.001 -17"><span class='ocrx_word' id='word_1_276' title='bbox 2098 1851 2306 1919; x_wconf 86' lang='lat' dir='ltr'><strong>tiquum</strong></span> <span class='ocrx_word' id='word_1_277' title='bbox 2354 1849 2709 1918; x_wconf 89' lang='lat' dir='ltr'><strong>discipulum.</strong></span> <span class='ocrx_word' id='word_1_278' title='bbox 2745 1849 2808 1903; x_wconf 88' lang='lat' dir='ltr'><strong>Et</strong></span> <span class='ocrx_word' id='word_1_279' title='bbox 2838 1865 2960 1903; x_wconf 89' lang='lat' dir='ltr'><strong>cum</strong></span> <span class='ocrx_word' id='word_1_280' title='bbox 3017 1851 3360 1905; x_wconf 82' lang='lat' dir='ltr'><strong>venissemus</strong></span> <span class='ocrx_word' id='word_1_281' title='bbox 3389 1848 3672 1917; x_wconf 79' lang='lat' dir='ltr'><strong>Jerosoly-</strong></span> 
     </span>
    </p>
   </div>
   <div class='ocr_carea' id='block_1_47' title="bbox 2097 1938 3670 2007">
    <p class='ocr_par' dir='ltr' id='par_1_47' title="bbox 2097 1938 3670 2007">
     <span class='ocr_line' id='line_1_48' title="bbox 2097 1938 3670 2007; baseline 0.001 -15"><span class='ocrx_word' id='word_1_282' title='bbox 2097 1953 2264 2000; x_wconf 86' lang='lat' dir='ltr'><strong>mam,</strong></span> <span class='ocrx_word' id='word_1_283' title='bbox 2313 1939 2544 1993; x_wconf 88' lang='lat' dir='ltr'><strong>libenter</strong></span> <span class='ocrx_word' id='word_1_284' title='bbox 2590 1948 2925 2005; x_wconf 80' lang='lat' dir='ltr'><strong>exceperunt</strong></span> <span class='ocrx_word' id='word_1_285' title='bbox 2974 1956 3075 1994; x_wconf 89' lang='lat' dir='ltr'><strong>nos</strong></span> <span class='ocrx_word' id='word_1_286' title='bbox 3137 1938 3357 1993; x_wconf 88' lang='lat' dir='ltr'><strong>fratres.</strong></span> <span class='ocrx_word' id='word_1_287' title='bbox 3409 1939 3670 2007; x_wconf 83' lang='lat' dir='ltr'><strong>Sequenti</strong></span> 
     </span>
    </p>
   </div>
   <div class='ocr_carea' id='block_1_48' title="bbox 2095 2028 3668 2092">
    <p class='ocr_par' dir='ltr' id='par_1_48' title="bbox 2095 2028 3668 2092">
     <span class='ocr_line' id='line_1_49' title="bbox 2095 2028 3668 2092; baseline -0.001 -9"><span class='ocrx_word' id='word_1_288' title='bbox 2095 2039 2274 2085; x_wconf 90' lang='lat' dir='ltr'><strong>autem</strong></span> <span class='ocrx_word' id='word_1_289' title='bbox 2306 2031 2394 2085; x_wconf 82' lang='lat' dir='ltr'><strong>(lie</strong></span> <span class='ocrx_word' id='word_1_290' title='bbox 2429 2031 2691 2088; x_wconf 89' lang='lat' dir='ltr'><strong>introibat</strong></span> <span class='ocrx_word' id='word_1_291' title='bbox 2722 2031 2922 2086; x_wconf 82' lang='lat' dir='ltr'><strong>Paulus</strong></span> <span class='ocrx_word' id='word_1_292' title='bbox 2958 2032 3248 2087; x_wconf 86' lang='lat' dir='ltr'><strong>nobiscum</strong></span> <span class='ocrx_word' id='word_1_293' title='bbox 3285 2029 3353 2084; x_wconf 89' lang='lat' dir='ltr'><strong>ad</strong></span> <span class='ocrx_word' id='word_1_294' title='bbox 3379 2028 3668 2092; x_wconf 88' lang='lat' dir='ltr'><strong>Jacobum,</strong></span> 
     </span>
    </p>
   </div>
   <div class='ocr_carea' id='block_1_49' title="bbox 2094 2121 3669 2191">
    <p class='ocr_par' dir='ltr' id='par_1_49' title="bbox 2094 2121 3669 2191">
     <span class='ocr_line' id='line_1_50' title="bbox 2094 2121 3669 2191; baseline 0.001 -17"><span class='ocrx_word' id='word_1_295' title='bbox 2094 2135 2393 2191; x_wconf 87' lang='lat' dir='ltr'><strong>onmesque</strong></span> <span class='ocrx_word' id='word_1_296' title='bbox 2423 2123 2634 2178; x_wconf 89' lang='lat' dir='ltr'><strong>collecti</strong></span> <span class='ocrx_word' id='word_1_297' title='bbox 2683 2134 2813 2178; x_wconf 92' lang='lat' dir='ltr'><strong>sunt</strong></span> <span class='ocrx_word' id='word_1_298' title='bbox 2861 2124 3130 2179; x_wconf 88' lang='lat' dir='ltr'><strong>seniores.</strong></span> <span class='ocrx_word' id='word_1_299' title='bbox 3165 2122 3315 2188; x_wconf 86' lang='lat' dir='ltr'><strong>Quos</strong></span> <span class='ocrx_word' id='word_1_300' title='bbox 3342 2136 3467 2177; x_wconf 91' lang='lat' dir='ltr'><strong>cum</strong></span> <span class='ocrx_word' id='word_1_301' title='bbox 3518 2121 3669 2177; x_wconf 83' lang='lat' dir='ltr'><strong>salu-</strong></span> 
     </span>
    </p>
   </div>
   <div class='ocr_carea' id='block_1_50' title="bbox 2094 2213 3668 2286">
    <p class='ocr_par' dir='ltr' id='par_1_50' title="bbox 2094 2213 3668 2286">
     <span class='ocr_line' id='line_1_51' title="bbox 2094 2213 3668 2286; baseline 0 -20"><span class='ocrx_word' id='word_1_302' title='bbox 2094 2221 2287 2276; x_wconf 83' lang='lat' dir='ltr'><strong>lasset,</strong></span> <span class='ocrx_word' id='word_1_303' title='bbox 2312 2214 2572 2268; x_wconf 82' lang='lat' dir='ltr'><strong>narrabat</strong></span> <span class='ocrx_word' id='word_1_304' title='bbox 2601 2230 2696 2284; x_wconf 90' lang='lat' dir='ltr'><strong>per</strong></span> <span class='ocrx_word' id='word_1_305' title='bbox 2727 2216 2941 2286; x_wconf 85' lang='lat' dir='ltr'><strong>singula</strong></span> <span class='ocrx_word' id='word_1_306' title='bbox 2995 2231 3118 2285; x_wconf 61' lang='lat' dir='ltr'><strong>quae</strong></span> <span class='ocrx_word' id='word_1_307' title='bbox 3173 2215 3316 2270; x_wconf 88' lang='lat' dir='ltr'><strong>Deus</strong></span> <span class='ocrx_word' id='word_1_308' title='bbox 3348 2213 3568 2269; x_wconf 81' lang='lat' dir='ltr'><strong>fecisset</strong></span> <span class='ocrx_word' id='word_1_309' title='bbox 3613 2213 3668 2267; x_wconf 89' lang='lat' dir='ltr'><strong>in</strong></span> 
     </span>
    </p>
   </div>
   <div class='ocr_carea' id='block_1_51' title="bbox 2093 2305 3098 2376">
    <p class='ocr_par' dir='ltr' id='par_1_51' title="bbox 2093 2305 3098 2376">
     <span class='ocr_line' id='line_1_52' title="bbox 2093 2305 3098 2376; baseline 0.001 -18"><span class='ocrx_word' id='word_1_310' title='bbox 2093 2305 2351 2376; x_wconf 76' lang='lat' dir='ltr'><strong>gentibus</strong></span> <span class='ocrx_word' id='word_1_311' title='bbox 2378 2320 2472 2374; x_wconf 89' lang='lat' dir='ltr'><strong>per</strong></span> <span class='ocrx_word' id='word_1_312' title='bbox 2502 2306 2870 2361; x_wconf 86' lang='lat' dir='ltr'><strong>ministerium</strong></span> <span class='ocrx_word' id='word_1_313' title='bbox 2904 2307 3098 2374; x_wconf 87' lang='lat' dir='ltr'><strong>ipsius.</strong></span> 
     </span>
    </p>
   </div>
   <div class='ocr_carea' id='block_1_52' title="bbox 2645 2396 3107 2452">
    <p class='ocr_par' dir='ltr' id='par_1_52' title="bbox 2645 2396 3107 2452">
     <span class='ocr_line' id='line_1_53' title="bbox 2645 2396 3107 2452; baseline 0 -1"><span class='ocrx_word' id='word_1_314' title='bbox 2645 2396 2872 2452; x_wconf 74' lang='lat' dir='ltr'><strong>CAPUT</strong></span> <span class='ocrx_word' id='word_1_315' title='bbox 2912 2396 3107 2451; x_wconf 81' lang='lat' dir='ltr'><strong>XXXI.</strong></span> 
     </span>
    </p>
   </div>
   <div class='ocr_carea' id='block_1_53' title="bbox 2094 2484 3755 2562">
    <p class='ocr_par' dir='ltr' id='par_1_53' title="bbox 2094 2484 3755 2562">
     <span class='ocr_line' id='line_1_54' title="bbox 2094 2484 3755 2562; baseline -0.002 -20"><span class='ocrx_word' id='word_1_316' title='bbox 2094 2487 2418 2546; x_wconf 81' lang='lat' dir='ltr'><strong>Adliortatio</strong></span> <span class='ocrx_word' id='word_1_317' title='bbox 2452 2487 2642 2543; x_wconf 80' lang='lat' dir='ltr'><strong>Jacobi</strong></span> <span class='ocrx_word' id='word_1_318' title='bbox 2662 2487 2730 2540; x_wconf 85' lang='lat' dir='ltr'><strong>ad</strong></span> <span class='ocrx_word' id='word_1_319' title='bbox 2779 2487 3011 2541; x_wconf 82' lang='lat' dir='ltr'><strong>Paulum</strong></span> <span class='ocrx_word' id='word_1_320' title='bbox 3045 2488 3109 2542; x_wconf 81' lang='lat' dir='ltr'><strong>de</strong></span> <span class='ocrx_word' id='word_1_321' title='bbox 3137 2504 3198 2542; x_wconf 84' lang='lat' dir='ltr'><strong>eo</strong></span> <span class='ocrx_word' id='word_1_322' title='bbox 3232 2486 3370 2557; x_wconf 81' lang='lat' dir='ltr'><strong>quod</strong></span> <span class='ocrx_word' id='word_1_323' title='bbox 3405 2501 3508 2538; x_wconf 83' lang='lat' dir='ltr'><strong>non</strong></span> <span class='ocrx_word' id='word_1_324' title='bbox 3533 2484 3672 2538; x_wconf 80' lang='lat' dir='ltr'><strong>vide-</strong></span> <span class='ocrx_word' id='word_1_325' title='bbox 3747 2554 3755 2562; x_wconf 36' lang='lat'><strong><em>.</em></strong></span> 
     </span>
    </p>
   </div>
   <div class='ocr_carea' id='block_1_54' title="bbox 2336 2576 3414 2643">
    <p class='ocr_par' dir='ltr' id='par_1_54' title="bbox 2336 2576 3414 2643">
     <span class='ocr_line' id='line_1_55' title="bbox 2336 2576 3414 2643; baseline 0.003 -15"><span class='ocrx_word' id='word_1_326' title='bbox 2336 2585 2480 2631; x_wconf 80' lang='lat' dir='ltr'><strong>retur</strong></span> <span class='ocrx_word' id='word_1_327' title='bbox 2497 2577 2771 2643; x_wconf 79' lang='lat' dir='ltr'><strong>prohibere</strong></span> <span class='ocrx_word' id='word_1_328' title='bbox 2796 2576 3046 2631; x_wconf 69' lang='lat' dir='ltr'><strong>Hebrive:</strong></span> <span class='ocrx_word' id='word_1_329' title='bbox 3078 2578 3414 2631; x_wconf 82' lang='lat' dir='ltr'><strong>circumcidi.</strong></span> 
     </span>
    </p>
   </div>
   <div class='ocr_carea' id='block_1_55' title="bbox 2161 2666 3674 2738">
    <p class='ocr_par' dir='ltr' id='par_1_55' title="bbox 2161 2666 3674 2738">
     <span class='ocr_line' id='line_1_56' title="bbox 2161 2666 3674 2738; baseline -0.001 -18"><span class='ocrx_word' id='word_1_330' title='bbox 2161 2666 2304 2732; x_wconf 81' lang='lat' dir='ltr'><strong>XXI,</strong></span> <span class='ocrx_word' id='word_1_331' title='bbox 2324 2667 2509 2722; x_wconf 61' lang='lat'><strong>20-25.</strong></span> <span class='ocrx_word' id='word_1_332' title='bbox 2538 2668 2606 2720; x_wconf 87' lang='lat' dir='ltr'><strong>At</strong></span> <span class='ocrx_word' id='word_1_333' title='bbox 2629 2668 2704 2721; x_wconf 92' lang='lat' dir='ltr'><strong>illi</strong></span> <span class='ocrx_word' id='word_1_334' title='bbox 2743 2682 2867 2721; x_wconf 88' lang='lat' dir='ltr'><strong>eum</strong></span> <span class='ocrx_word' id='word_1_335' title='bbox 2911 2667 3216 2733; x_wconf 85' lang='lat' dir='ltr'><strong>audissent,</strong></span> <span class='ocrx_word' id='word_1_336' title='bbox 3245 2667 3674 2738; x_wconf 80' lang='lat' dir='ltr'><strong>magniﬁcabant</strong></span> 
     </span>
    </p>
   </div>
   <div class='ocr_carea' id='block_1_56' title="bbox 2092 2757 3670 2830">
    <p class='ocr_par' dir='ltr' id='par_1_56' title="bbox 2092 2757 3670 2830">
     <span class='ocr_line' id='line_1_57' title="bbox 2092 2757 3670 2830; baseline -0.001 -18"><span class='ocrx_word' id='word_1_337' title='bbox 2092 2759 2284 2825; x_wconf 87' lang='lat' dir='ltr'><strong>Deum,</strong></span> <span class='ocrx_word' id='word_1_338' title='bbox 2309 2760 2671 2830; x_wconf 77' lang='lat' dir='ltr'><strong>dixeruntque</strong></span> <span class='ocrx_word' id='word_1_339' title='bbox 2691 2760 2740 2814; x_wconf 90' lang='lat' dir='ltr'><strong>ei</strong></span> <span class='ocrx_word' id='word_1_340' title='bbox 2758 2757 2964 2822; x_wconf 82' lang='lat' dir='ltr'><strong>:Vidcs,</strong></span> <span class='ocrx_word' id='word_1_341' title='bbox 2993 2759 3188 2824; x_wconf 81' lang='lat' dir='ltr'><strong>frater,</strong></span> <span class='ocrx_word' id='word_1_342' title='bbox 3208 2767 3345 2828; x_wconf 81' lang='lat' dir='ltr'><strong>quot</strong></span> <span class='ocrx_word' id='word_1_343' title='bbox 3360 2760 3525 2813; x_wconf 90' lang='lat' dir='ltr'><strong>millia</strong></span> <span class='ocrx_word' id='word_1_344' title='bbox 3542 2769 3670 2812; x_wconf 88' lang='lat' dir='ltr'><strong>sunt</strong></span> 
     </span>
    </p>
   </div>
   <div class='ocr_carea' id='block_1_57' title="bbox 2091 2847 3670 2920">
    <p class='ocr_par' dir='ltr' id='par_1_57' title="bbox 2091 2847 3670 2920">
     <span class='ocr_line' id='line_1_58' title="bbox 2091 2847 3670 2920; baseline -0.001 -17"><span class='ocrx_word' id='word_1_345' title='bbox 2091 2849 2143 2903; x_wconf 90' lang='lat' dir='ltr'><strong>in</strong></span> <span class='ocrx_word' id='word_1_346' title='bbox 2167 2847 2370 2905; x_wconf 60' lang='lat' dir='ltr'><strong>Juda&#39;is</strong></span> <span class='ocrx_word' id='word_1_347' title='bbox 2388 2850 2476 2920; x_wconf 87' lang='lat' dir='ltr'><strong>qui</strong></span> <span class='ocrx_word' id='word_1_348' title='bbox 2501 2849 2874 2912; x_wconf 88' lang='lat' dir='ltr'><strong>crediderunt,</strong></span> <span class='ocrx_word' id='word_1_349' title='bbox 2893 2858 2947 2904; x_wconf 83' lang='lat' dir='ltr'><strong>et</strong></span> <span class='ocrx_word' id='word_1_350' title='bbox 2964 2863 3158 2903; x_wconf 81' lang='lat' dir='ltr'><strong>omnes</strong></span> <span class='ocrx_word' id='word_1_351' title='bbox 3175 2849 3518 2903; x_wconf 72' lang='lat' dir='ltr'><strong>autiulatores</strong></span> <span class='ocrx_word' id='word_1_352' title='bbox 3540 2856 3670 2903; x_wconf 89' lang='lat' dir='ltr'><strong>sunt</strong></span> 
     </span>
    </p>
   </div>
   <div class='ocr_carea' id='block_1_58' title="bbox 2091 2939 3669 3012">
    <p class='ocr_par' dir='ltr' id='par_1_58' title="bbox 2091 2939 3669 3012">
     <span class='ocr_line' id='line_1_59' title="bbox 2091 2939 3669 3012; baseline -0.002 -18"><span class='ocrx_word' id='word_1_353' title='bbox 2091 2941 2246 3012; x_wconf 80' lang='lat' dir='ltr'><strong>legis.</strong></span> <span class='ocrx_word' id='word_1_354' title='bbox 2285 2943 2594 2996; x_wconf 83' lang='lat' dir='ltr'><strong>Audierant</strong></span> <span class='ocrx_word' id='word_1_355' title='bbox 2629 2951 2812 2994; x_wconf 85' lang='lat' dir='ltr'><strong>autem</strong></span> <span class='ocrx_word' id='word_1_356' title='bbox 2846 2942 2910 2994; x_wconf 91' lang='lat' dir='ltr'><strong>de</strong></span> <span class='ocrx_word' id='word_1_357' title='bbox 2959 2947 3032 3008; x_wconf 83' lang='lat' dir='ltr'><strong>te,</strong></span> <span class='ocrx_word' id='word_1_358' title='bbox 3081 2940 3209 3010; x_wconf 90' lang='lat' dir='ltr'><strong>quia</strong></span> <span class='ocrx_word' id='word_1_359' title='bbox 3269 2939 3669 2994; x_wconf 88' lang='lat' dir='ltr'><strong>discessionem</strong></span> 
     </span>
    </p>
   </div>
   <div class='ocr_carea' id='block_1_59' title="bbox 413 3027 1991 3103">
    <p class='ocr_par' dir='ltr' id='par_1_59' title="bbox 413 3035 1982 3101">
     <span class='ocr_line' id='line_1_60' title="bbox 413 3035 1982 3101; baseline -0.001 -11"><span class='ocrx_word' id='word_1_360' title='bbox 413 3036 755 3091; x_wconf 81' lang='grc' dir='ltr'>ἀποστασίαν</span> <span class='ocrx_word' id='word_1_361' title='bbox 792 3036 1064 3100; x_wconf 82' lang='grc' dir='ltr'>διδάσκεις</span> <span class='ocrx_word' id='word_1_362' title='bbox 1108 3037 1216 3091; x_wconf 79' lang='grc' dir='ltr'><strong>ἀπὸ</strong></span> <span class='ocrx_word' id='word_1_363' title='bbox 1253 3037 1533 3101; x_wconf 83' lang='grc' dir='ltr'>Μωῠσέως</span> <span class='ocrx_word' id='word_1_364' title='bbox 1574 3038 1697 3101; x_wconf 80' lang='grc' dir='ltr'>τοὺς</span> <span class='ocrx_word' id='word_1_365' title='bbox 1734 3035 1875 3091; x_wconf 80' lang='grc' dir='ltr'>κατὰ</span> <span class='ocrx_word' id='word_1_366' title='bbox 1912 3035 1982 3090; x_wconf 83' lang='grc' dir='ltr'><strong>τά</strong></span> 
     </span>
    </p>
   </div>
   <div class='ocr_carea' id='block_1_60' title="bbox 2092 3027 3675 3103">
    <p class='ocr_par' dir='ltr' id='par_1_60' title="bbox 2092 3027 3675 3103">
     <span class='ocr_line' id='line_1_61' title="bbox 2092 3027 3675 3103; baseline -0.003 -17"><span class='ocrx_word' id='word_1_367' title='bbox 2092 3033 2286 3088; x_wconf 84' lang='lat' dir='ltr'><strong>doceas</strong></span> <span class='ocrx_word' id='word_1_368' title='bbox 2319 3047 2350 3086; x_wconf 87' lang='lat' dir='ltr'><strong>a</strong></span> <span class='ocrx_word' id='word_1_369' title='bbox 2382 3031 2568 3103; x_wconf 79' lang='lat' dir='ltr'><strong>Moyse</strong></span> <span class='ocrx_word' id='word_1_370' title='bbox 2598 3047 2789 3086; x_wconf 89' lang='lat' dir='ltr'><strong>eorum</strong></span> <span class='ocrx_word' id='word_1_371' title='bbox 2822 3030 2914 3100; x_wconf 91' lang='lat' dir='ltr'><strong>qui</strong></span> <span class='ocrx_word' id='word_1_372' title='bbox 2936 3046 3032 3101; x_wconf 90' lang='lat' dir='ltr'><strong>per</strong></span> <span class='ocrx_word' id='word_1_373' title='bbox 3063 3039 3255 3100; x_wconf 88' lang='lat' dir='ltr'><strong>gentes</strong></span> <span class='ocrx_word' id='word_1_374' title='bbox 3306 3037 3434 3084; x_wconf 88' lang='lat' dir='ltr'><strong>sunt</strong></span> <span class='ocrx_word' id='word_1_375' title='bbox 3459 3027 3675 3082; x_wconf 67' lang='lat' dir='ltr'><strong>Judaeu-</strong></span> 
     </span>
    </p>
   </div>
   <div class='ocr_carea' id='block_1_61' title="bbox 413 3127 1986 3201">
    <p class='ocr_par' dir='ltr' id='par_1_61' title="bbox 413 3127 1986 3201">
     <span class='ocr_line' id='line_1_62' title="bbox 413 3127 1986 3201; baseline 0.001 -21"><span class='ocrx_word' id='word_1_376' title='bbox 413 3127 538 3196; x_wconf 77' lang='grc' dir='ltr'>ἔθνη</span> <span class='ocrx_word' id='word_1_377' title='bbox 572 3128 781 3192; x_wconf 82' lang='grc' dir='ltr'>πάντας</span> <span class='ocrx_word' id='word_1_378' title='bbox 819 3129 1129 3195; x_wconf 84' lang='grc' dir='ltr'>Ἰουδαίους,</span> <span class='ocrx_word' id='word_1_379' title='bbox 1165 3129 1364 3198; x_wconf 87' lang='grc' dir='ltr'>λέγων,</span> <span class='ocrx_word' id='word_1_380' title='bbox 1400 3133 1476 3201; x_wconf 78' lang='grc' dir='ltr'><strong>μὴ</strong></span> <span class='ocrx_word' id='word_1_381' title='bbox 1503 3129 1851 3198; x_wconf 81' lang='grc' dir='ltr'>περιτέμνειν</span> <span class='ocrx_word' id='word_1_382' title='bbox 1886 3128 1986 3182; x_wconf 84' lang='grc' dir='ltr'>αύ-</span> 
     </span>
    </p>
   </div>
   <div class='ocr_carea' id='block_1_62' title="bbox 413 3218 1988 3290">
    <p class='ocr_par' dir='ltr' id='par_1_62' title="bbox 413 3218 1988 3290">
     <span class='ocr_line' id='line_1_63' title="bbox 413 3218 1988 3290; baseline -0.001 -18"><span class='ocrx_word' id='word_1_383' title='bbox 413 3219 540 3283; x_wconf 77' lang='grc' dir='ltr'>τοὺς</span> <span class='ocrx_word' id='word_1_384' title='bbox 565 3218 636 3272; x_wconf 84' lang='grc' dir='ltr'><strong>τά</strong></span> <span class='ocrx_word' id='word_1_385' title='bbox 662 3219 852 3282; x_wconf 85' lang='grc' dir='ltr'>τέκνα,</span> <span class='ocrx_word' id='word_1_386' title='bbox 885 3220 1018 3290; x_wconf 76' lang='grc' dir='ltr'>μηδὲ</span> <span class='ocrx_word' id='word_1_387' title='bbox 1059 3221 1170 3284; x_wconf 83' lang='grc' dir='ltr'>τοῖς</span> <span class='ocrx_word' id='word_1_388' title='bbox 1218 3220 1366 3273; x_wconf 80' lang='grc' dir='ltr'>ἐθεσι</span> <span class='ocrx_word' id='word_1_389' title='bbox 1411 3222 1756 3289; x_wconf 81' lang='grc' dir='ltr'>περιπατεῖν.</span> <span class='ocrx_word' id='word_1_390' title='bbox 1791 3218 1857 3272; x_wconf 90' lang='grc' dir='ltr'>Τί</span> <span class='ocrx_word' id='word_1_391' title='bbox 1895 3218 1988 3272; x_wconf 79' lang='grc' dir='ltr'>οὖν</span> 
     </span>
    </p>
   </div>
   <div class='ocr_carea' id='block_1_63' title="bbox 418 3309 1990 3381">
    <p class='ocr_par' dir='ltr' id='par_1_63' title="bbox 418 3309 1990 3381">
     <span class='ocr_line' id='line_1_64' title="bbox 418 3309 1990 3381; baseline -0.001 -18"><span class='ocrx_word' id='word_1_392' title='bbox 418 3312 537 3365; x_wconf 87' lang='grc' dir='ltr'>ἐστι</span> <span class='ocrx_word' id='word_1_393' title='bbox 563 3328 579 3378; x_wconf 89' lang='grc'>;</span> <span class='ocrx_word' id='word_1_394' title='bbox 614 3312 838 3374; x_wconf 82' lang='grc' dir='ltr'>Πάντως</span> <span class='ocrx_word' id='word_1_395' title='bbox 861 3311 942 3365; x_wconf 85' lang='grc' dir='ltr'>δεῖ</span> <span class='ocrx_word' id='word_1_396' title='bbox 973 3312 1176 3380; x_wconf 78' lang='grc' dir='ltr'>πλῆθος</span> <span class='ocrx_word' id='word_1_397' title='bbox 1207 3311 1506 3365; x_wconf 76' lang='grc' dir='ltr'>συνελθεῖν·</span> <span class='ocrx_word' id='word_1_398' title='bbox 1537 3311 1858 3365; x_wconf 82' lang='grc' dir='ltr'>ἀκούσονται</span> <span class='ocrx_word' id='word_1_399' title='bbox 1881 3309 1990 3381; x_wconf 85' lang='grc' dir='ltr'><strong>γὰρ</strong></span> 
     </span>
    </p>
   </div>
   <div class='ocr_carea' id='block_1_64' title="bbox 408 3401 1990 3474">
    <p class='ocr_par' dir='ltr' id='par_1_64' title="bbox 408 3401 1990 3474">
     <span class='ocr_line' id='line_1_65' title="bbox 408 3401 1990 3474; baseline -0.002 -18"><span class='ocrx_word' id='word_1_400' title='bbox 408 3405 491 3456; x_wconf 82' lang='grc' dir='ltr'>ὅτι</span> <span class='ocrx_word' id='word_1_401' title='bbox 524 3403 809 3474; x_wconf 83' lang='grc' dir='ltr'>ἐλήλυθας.</span> <span class='ocrx_word' id='word_1_402' title='bbox 833 3401 1004 3458; x_wconf 79' lang='grc' dir='ltr'>Τοῦτο</span> <span class='ocrx_word' id='word_1_403' title='bbox 1029 3403 1120 3457; x_wconf 82' lang='grc' dir='ltr'>οὖν</span> <span class='ocrx_word' id='word_1_404' title='bbox 1149 3402 1377 3474; x_wconf 87' lang='grc' dir='ltr'>ποίησον</span> <span class='ocrx_word' id='word_1_405' title='bbox 1403 3403 1432 3456; x_wconf 81' lang='grc' dir='ltr'>ὅ</span> <span class='ocrx_word' id='word_1_406' title='bbox 1461 3419 1544 3456; x_wconf 90' lang='grc' dir='ltr'><strong>σοι</strong></span> <span class='ocrx_word' id='word_1_407' title='bbox 1573 3401 1823 3471; x_wconf 84' lang='grc' dir='ltr'>λέγομεν.</span> <span class='ocrx_word' id='word_1_408' title='bbox 1841 3402 1990 3454; x_wconf 71' lang='grc' dir='ltr'>Εἰσὶν</span> 
     </span>
    </p>
   </div>
   <div class='ocr_carea' id='block_1_65' title="bbox 417 3492 1985 3566">
    <p class='ocr_par' dir='ltr' id='par_1_65' title="bbox 417 3492 1985 3566">
     <span class='ocr_line' id='line_1_66' title="bbox 417 3492 1985 3566; baseline -0.003 -18"><span class='ocrx_word' id='word_1_409' title='bbox 417 3499 476 3548; x_wconf 84' lang='grc' dir='ltr'><strong>ἐν</strong></span> <span class='ocrx_word' id='word_1_410' title='bbox 506 3497 641 3564; x_wconf 77' lang='grc' dir='ltr'>ἡμῖν</span> <span class='ocrx_word' id='word_1_411' title='bbox 670 3495 864 3566; x_wconf 77' lang='grc' dir='ltr'>ἄνδρες</span> <span class='ocrx_word' id='word_1_412' title='bbox 902 3496 1169 3566; x_wconf 83' lang='grc' dir='ltr'>τέσσαρες</span> <span class='ocrx_word' id='word_1_413' title='bbox 1198 3495 1364 3565; x_wconf 70' lang='grc' dir='ltr'>εὐχὴν</span> <span class='ocrx_word' id='word_1_414' title='bbox 1398 3493 1615 3564; x_wconf 79' lang='grc' dir='ltr'>ἔχοντες</span> <span class='ocrx_word' id='word_1_415' title='bbox 1651 3492 1985 3562; x_wconf 79' lang='grc' dir='ltr'>ἐφ’ἐαυτῶν.</span> 
     </span>
    </p>
   </div>
   <div class='ocr_carea' id='block_1_66' title="bbox 412 3582 1988 3657">
    <p class='ocr_par' dir='ltr' id='par_1_66' title="bbox 412 3582 1988 3657">
     <span class='ocr_line' id='line_1_67' title="bbox 412 3582 1988 3657; baseline -0.002 -20"><span class='ocrx_word' id='word_1_416' title='bbox 412 3585 648 3648; x_wconf 84' lang='grc' dir='ltr'>Τούτους</span> <span class='ocrx_word' id='word_1_417' title='bbox 698 3585 1035 3657; x_wconf 85' lang='grc' dir='ltr'>παραλαϐὼν</span> <span class='ocrx_word' id='word_1_418' title='bbox 1064 3585 1350 3654; x_wconf 78' lang='grc' dir='ltr'>ἁγνίσθητι</span> <span class='ocrx_word' id='word_1_419' title='bbox 1383 3586 1481 3638; x_wconf 77' lang='grc' dir='ltr'>σὺν</span> <span class='ocrx_word' id='word_1_420' title='bbox 1519 3585 1726 3649; x_wconf 83' lang='grc' dir='ltr'>αὐτοῖς,</span> <span class='ocrx_word' id='word_1_421' title='bbox 1775 3583 1868 3636; x_wconf 77' lang='grc' dir='ltr'>καὶ</span> <span class='ocrx_word' id='word_1_422' title='bbox 1897 3582 1988 3634; x_wconf 84' lang='grc' dir='ltr'>δα-</span> 
     </span>
    </p>
   </div>
   <div class='ocr_carea' id='block_1_67' title="bbox 412 3671 1985 3745">
    <p class='ocr_par' dir='ltr' id='par_1_67' title="bbox 412 3671 1985 3745">
     <span class='ocr_line' id='line_1_68' title="bbox 412 3671 1985 3745; baseline -0.001 -19"><span class='ocrx_word' id='word_1_423' title='bbox 412 3673 653 3744; x_wconf 84' lang='grc' dir='ltr'>πάνησον</span> <span class='ocrx_word' id='word_1_424' title='bbox 703 3674 792 3727; x_wconf 84' lang='grc' dir='ltr'>ἐπ’</span> <span class='ocrx_word' id='word_1_425' title='bbox 819 3674 1024 3740; x_wconf 79' lang='grc' dir='ltr'>αὐτοῖς,</span> <span class='ocrx_word' id='word_1_426' title='bbox 1049 3674 1140 3728; x_wconf 76' lang='grc' dir='ltr'>ἵνα</span> <span class='ocrx_word' id='word_1_427' title='bbox 1191 3673 1536 3745; x_wconf 81' lang='grc' dir='ltr'>ξυρήσωνται</span> <span class='ocrx_word' id='word_1_428' title='bbox 1568 3673 1670 3744; x_wconf 77' lang='grc' dir='ltr'>τὴν</span> <span class='ocrx_word' id='word_1_429' title='bbox 1698 3671 1946 3742; x_wconf 74' lang='grc' dir='ltr'>κεφαλήν</span> <span class='ocrx_word' id='word_1_430' title='bbox 1969 3687 1985 3703; x_wconf 76' lang='grc'><strong><em>⁸</em></strong></span> 
     </span>
    </p>
   </div>
   <div class='ocr_carea' id='block_1_68' title="bbox 412 3759 1987 3835">
    <p class='ocr_par' dir='ltr' id='par_1_68' title="bbox 412 3759 1987 3835">
     <span class='ocr_line' id='line_1_69' title="bbox 412 3759 1987 3835; baseline -0.004 -15"><span class='ocrx_word' id='word_1_431' title='bbox 412 3767 508 3820; x_wconf 82' lang='grc' dir='ltr'>καὶ</span> <span class='ocrx_word' id='word_1_432' title='bbox 541 3765 840 3835; x_wconf 84' lang='grc' dir='ltr'>γνώσονται</span> <span class='ocrx_word' id='word_1_433' title='bbox 874 3766 1096 3831; x_wconf 89' lang='grc' dir='ltr'>πάντες,</span> <span class='ocrx_word' id='word_1_434' title='bbox 1128 3766 1210 3819; x_wconf 76' lang='grc' dir='ltr'>ὅτι</span> <span class='ocrx_word' id='word_1_435' title='bbox 1237 3759 1312 3818; x_wconf 84' lang='grc' dir='ltr'>ὧν</span> <span class='ocrx_word' id='word_1_436' title='bbox 1344 3765 1680 3834; x_wconf 82' lang='grc' dir='ltr'>κατήχηνται</span> <span class='ocrx_word' id='word_1_437' title='bbox 1729 3765 1858 3831; x_wconf 76' lang='grc' dir='ltr'>περὶ</span> <span class='ocrx_word' id='word_1_438' title='bbox 1893 3762 1987 3815; x_wconf 81' lang='grc' dir='ltr'>σοῦ</span> 
     </span>
    </p>
   </div>
   <div class='ocr_carea' id='block_1_69' title="bbox 410 3852 1988 3932">
    <p class='ocr_par' dir='ltr' id='par_1_69' title="bbox 410 3852 1988 3932">
     <span class='ocr_line' id='line_1_70' title="bbox 410 3852 1988 3932; baseline -0.003 -23"><span class='ocrx_word' id='word_1_439' title='bbox 410 3856 566 3909; x_wconf 79' lang='grc' dir='ltr'>οὐδέν</span> <span class='ocrx_word' id='word_1_440' title='bbox 598 3858 769 3920; x_wconf 87' lang='grc' dir='ltr'>ἐστιν,</span> <span class='ocrx_word' id='word_1_441' title='bbox 803 3855 939 3910; x_wconf 68' lang='grc' dir='ltr'>ἀλλὰ</span> <span class='ocrx_word' id='word_1_442' title='bbox 973 3857 1204 3932; x_wconf 82' lang='grc' dir='ltr'>στοιχεῖς</span> <span class='ocrx_word' id='word_1_443' title='bbox 1234 3856 1328 3908; x_wconf 75' lang='grc' dir='ltr'>καὶ</span> <span class='ocrx_word' id='word_1_444' title='bbox 1359 3854 1523 3916; x_wconf 78' lang='grc' dir='ltr'>αὐτὸς</span> <span class='ocrx_word' id='word_1_445' title='bbox 1573 3854 1865 3922; x_wconf 85' lang='grc' dir='ltr'>φυλάσσων</span> <span class='ocrx_word' id='word_1_446' title='bbox 1899 3852 1988 3905; x_wconf 74' lang='grc' dir='ltr'>τὸν</span> 
     </span>
    </p>
   </div>
   <div class='ocr_carea' id='block_1_70' title="bbox 411 3943 1990 4017">
    <p class='ocr_par' dir='ltr' id='par_1_70' title="bbox 411 3943 1990 4017">
     <span class='ocr_line' id='line_1_71' title="bbox 411 3943 1990 4017; baseline -0.003 -18"><span class='ocrx_word' id='word_1_447' title='bbox 411 3949 594 4017; x_wconf 86' lang='grc' dir='ltr'>νόμον.</span> <span class='ocrx_word' id='word_1_448' title='bbox 648 3947 786 4016; x_wconf 79' lang='grc' dir='ltr'>Περὶ</span> <span class='ocrx_word' id='word_1_449' title='bbox 835 3947 892 4000; x_wconf 87' lang='grc' dir='ltr'><strong>δέ</strong></span> <span class='ocrx_word' id='word_1_450' title='bbox 951 3946 1064 4000; x_wconf 87' lang='grc' dir='ltr'><strong>τῶν</strong></span> <span class='ocrx_word' id='word_1_451' title='bbox 1110 3945 1552 3999; x_wconf 71' lang='grc' dir='ltr'>πεπιστευκότων</span> <span class='ocrx_word' id='word_1_452' title='bbox 1603 3943 1768 3996; x_wconf 90' lang='grc' dir='ltr'>ἐθνῶν</span> <span class='ocrx_word' id='word_1_453' title='bbox 1827 3946 1990 4014; x_wconf 81' lang='grc' dir='ltr'>ἡμεῖς</span> 
     </span>
    </p>
   </div>
   <div class='ocr_carea' id='block_1_71' title="bbox 410 4037 1989 4110">
    <p class='ocr_par' dir='ltr' id='par_1_71' title="bbox 410 4037 1989 4110">
     <span class='ocr_line' id='line_1_72' title="bbox 410 4037 1989 4110; baseline -0.002 -18"><span class='ocrx_word' id='word_1_454' title='bbox 410 4039 826 4109; x_wconf 86' lang='grc' dir='ltr'>ἐπεστείλαμεν,</span> <span class='ocrx_word' id='word_1_455' title='bbox 879 4038 1166 4110; x_wconf 89' lang='grc' dir='ltr'>κρίναντες</span> <span class='ocrx_word' id='word_1_456' title='bbox 1215 4038 1382 4108; x_wconf 83' lang='grc' dir='ltr'>μηδὲν</span> <span class='ocrx_word' id='word_1_457' title='bbox 1399 4037 1641 4091; x_wconf 84' lang='grc' dir='ltr'>τοιοῦτον</span> <span class='ocrx_word' id='word_1_458' title='bbox 1668 4040 1856 4107; x_wconf 79' lang='grc' dir='ltr'>τηρεῖν</span> <span class='ocrx_word' id='word_1_459' title='bbox 1884 4038 1989 4090; x_wconf 85' lang='grc' dir='ltr'><strong>αὐ-</strong></span> 
     </span>
    </p>
   </div>
   <div class='ocr_carea' id='block_1_72' title="bbox 409 4130 1987 4202">
    <p class='ocr_par' dir='ltr' id='par_1_72' title="bbox 409 4130 1987 4202">
     <span class='ocr_line' id='line_1_73' title="bbox 409 4130 1987 4202; baseline 0 -18"><span class='ocrx_word' id='word_1_460' title='bbox 409 4133 558 4197; x_wconf 80' lang='grc' dir='ltr'>τοὺς,</span> <span class='ocrx_word' id='word_1_461' title='bbox 604 4133 652 4184; x_wconf 82' lang='grc' dir='ltr'>εἰ</span> <span class='ocrx_word' id='word_1_462' title='bbox 693 4131 770 4202; x_wconf 80' lang='grc' dir='ltr'>μὴ</span> <span class='ocrx_word' id='word_1_463' title='bbox 803 4131 1174 4201; x_wconf 79' lang='grc' dir='ltr'>φυλάσσεσθαι</span> <span class='ocrx_word' id='word_1_464' title='bbox 1210 4131 1408 4194; x_wconf 83' lang='grc' dir='ltr'>αὐτοὺς</span> <span class='ocrx_word' id='word_1_465' title='bbox 1437 4131 1499 4184; x_wconf 90' lang='grc' dir='ltr'><strong>τό</strong></span> <span class='ocrx_word' id='word_1_466' title='bbox 1515 4137 1588 4184; x_wconf 84' lang='grc' dir='ltr'>’τε</span> <span class='ocrx_word' id='word_1_467' title='bbox 1616 4130 1987 4197; x_wconf 77' lang='grc' dir='ltr'>εἰδωλόθυτον,</span> 
     </span>
    </p>
   </div>
   <div class='ocr_carea' id='block_1_73' title="bbox 413 4219 1706 4297">
    <p class='ocr_par' dir='ltr' id='par_1_73' title="bbox 413 4219 1706 4297">
     <span class='ocr_line' id='line_1_74' title="bbox 413 4219 1706 4297; baseline -0.001 -18"><span class='ocrx_word' id='word_1_468' title='bbox 413 4225 589 4279; x_wconf 75' lang='grc' dir='ltr'>καὶτὸ</span> <span class='ocrx_word' id='word_1_469' title='bbox 621 4219 779 4295; x_wconf 80' lang='grc' dir='ltr'>αἷμα,</span> <span class='ocrx_word' id='word_1_470' title='bbox 807 4223 986 4276; x_wconf 82' lang='grc' dir='ltr'>καὶτὸ</span> <span class='ocrx_word' id='word_1_471' title='bbox 1021 4223 1265 4290; x_wconf 77' lang='grc' dir='ltr'>πνικτὸν,</span> <span class='ocrx_word' id='word_1_472' title='bbox 1301 4224 1396 4277; x_wconf 66' lang='grc' dir='ltr'>καὶ</span> <span class='ocrx_word' id='word_1_473' title='bbox 1426 4224 1706 4297; x_wconf 77' lang='grc' dir='ltr'>πορνείαν.</span> 
     </span>
    </p>
   </div>
   <div class='ocr_carea' id='block_1_74' title="bbox 1021 4316 1409 4372">
    <p class='ocr_par' dir='ltr' id='par_1_74' title="bbox 1021 4316 1409 4372">
     <span class='ocr_line' id='line_1_75' title="bbox 1021 4316 1409 4372; baseline 0.005 -3"><span class='ocrx_word' id='word_1_474' title='bbox 1021 4316 1409 4372; x_wconf 83' lang='lat' dir='ltr'><strong>EPMHNEIA.</strong></span> 
     </span>
    </p>
   </div>
   <div class='ocr_carea' id='block_1_75' title="bbox 489 4406 1991 4482">
    <p class='ocr_par' dir='ltr' id='par_1_75' title="bbox 489 4406 1991 4482">
     <span class='ocr_line' id='line_1_76' title="bbox 489 4406 1991 4482; baseline 0.007 -26"><span class='ocrx_word' id='word_1_475' title='bbox 489 4426 507 4456; x_wconf 78' lang='grc' dir='ltr'><strong>ι</strong></span> <span class='ocrx_word' id='word_1_476' title='bbox 557 4406 1081 4477; x_wconf 82' lang='grc' dir='ltr'>Ἐπισκευασάμενοι</span> <span class='ocrx_word' id='word_1_477' title='bbox 1109 4446 1125 4472; x_wconf 86' lang='grc'><em>,</em></span> <span class='ocrx_word' id='word_1_478' title='bbox 1166 4425 1185 4459; x_wconf 77' lang='grc' dir='ltr'><strong>ι</strong></span> <span class='ocrx_word' id='word_1_479' title='bbox 1222 4407 1491 4474; x_wconf 86' lang='grc' dir='ltr'>τουτέστι,</span> <span class='ocrx_word' id='word_1_480' title='bbox 1542 4408 1612 4462; x_wconf 80' lang='grc' dir='ltr'>τὰ</span> <span class='ocrx_word' id='word_1_481' title='bbox 1651 4409 1787 4480; x_wconf 84' lang='grc' dir='ltr'>πρὸς</span> <span class='ocrx_word' id='word_1_482' title='bbox 1808 4410 1904 4482; x_wconf 82' lang='grc' dir='ltr'>τὴν</span> <span class='ocrx_word' id='word_1_483' title='bbox 1933 4413 1991 4466; x_wconf 87' lang='grc' dir='ltr'><strong>ὁ·-</strong></span> 
     </span>
    </p>
   </div>
   <div class='ocr_carea' id='block_1_76' title="bbox 411 4496 1990 4568">
    <p class='ocr_par' dir='ltr' id='par_1_76' title="bbox 411 4496 1990 4568">
     <span class='ocr_line' id='line_1_77' title="bbox 411 4496 1990 4568; baseline 0.004 -20"><span class='ocrx_word' id='word_1_484' title='bbox 411 4496 692 4568; x_wconf 80' lang='grc' dir='ltr'>δοιπορίαν</span> <span class='ocrx_word' id='word_1_485' title='bbox 746 4496 1025 4560; x_wconf 89' lang='grc' dir='ltr'>λαϐόντες.</span> <span class='ocrx_word' id='word_1_486' title='bbox 1062 4496 1551 4568; x_wconf 67' lang='grc' dir='ltr'>Συμϐουὶεύουσιν,</span> <span class='ocrx_word' id='word_1_487' title='bbox 1612 4501 1713 4554; x_wconf 87' lang='grc' dir='ltr'>οὐκ</span> <span class='ocrx_word' id='word_1_488' title='bbox 1767 4502 1990 4555; x_wconf 82' lang='grc' dir='ltr'>ἐπιτάτ-</span> 
     </span>
    </p>
   </div>
   <div class='ocr_carea' id='block_1_77' title="bbox 411 4589 1991 4663">
    <p class='ocr_par' dir='ltr' id='par_1_77' title="bbox 411 4589 1991 4663">
     <span class='ocr_line' id='line_1_78' title="bbox 411 4589 1991 4663; baseline 0.003 -22"><span class='ocrx_word' id='word_1_489' title='bbox 411 4606 593 4643; x_wconf 84' lang='grc' dir='ltr'>τουσιν</span> <span class='ocrx_word' id='word_1_490' title='bbox 637 4591 688 4642; x_wconf 76' lang='lat' dir='ltr'><strong>oi</strong></span> <span class='ocrx_word' id='word_1_491' title='bbox 721 4589 850 4663; x_wconf 81' lang='grc' dir='ltr'>περὶ</span> <span class='ocrx_word' id='word_1_492' title='bbox 878 4589 972 4643; x_wconf 76' lang='grc' dir='ltr'>τὸν</span> <span class='ocrx_word' id='word_1_493' title='bbox 1016 4589 1297 4645; x_wconf 82' lang='grc' dir='ltr'>Ἰάκωϐον.</span> <span class='ocrx_word' id='word_1_494' title='bbox 1349 4592 1412 4644; x_wconf 88' lang='grc' dir='ltr'><strong>Οἱ</strong></span> <span class='ocrx_word' id='word_1_495' title='bbox 1446 4591 1557 4662; x_wconf 76' lang='grc' dir='ltr'><strong>γὰρ</strong></span> <span class='ocrx_word' id='word_1_496' title='bbox 1594 4593 1654 4645; x_wconf 83' lang='grc' dir='ltr'><strong>ἐν</strong></span> <span class='ocrx_word' id='word_1_497' title='bbox 1693 4592 1991 4663; x_wconf 82' lang='grc' dir='ltr'>Ἱεροσολύ-</span> 
     </span>
    </p>
   </div>
   <div class='ocr_carea' id='block_1_78' title="bbox 415 4680 1990 4753">
    <p class='ocr_par' dir='ltr' id='par_1_78' title="bbox 415 4680 1990 4753">
     <span class='ocr_line' id='line_1_79' title="bbox 415 4680 1990 4753; baseline 0.004 -21"><span class='ocrx_word' id='word_1_498' title='bbox 415 4697 538 4747; x_wconf 86' lang='grc' dir='ltr'>μοις</span> <span class='ocrx_word' id='word_1_499' title='bbox 581 4681 974 4744; x_wconf 81' lang='grc' dir='ltr'>πιστεύσαντες</span> <span class='ocrx_word' id='word_1_500' title='bbox 1024 4680 1133 4735; x_wconf 85' lang='grc' dir='ltr'><strong>άπὺ</strong></span> <span class='ocrx_word' id='word_1_501' title='bbox 1181 4682 1286 4734; x_wconf 88' lang='grc' dir='ltr'><strong>τῶν</strong></span> <span class='ocrx_word' id='word_1_502' title='bbox 1310 4682 1585 4736; x_wconf 85' lang='grc' dir='ltr'>Ἰουδαίων</span> <span class='ocrx_word' id='word_1_503' title='bbox 1646 4683 1716 4736; x_wconf 78' lang='grc' dir='ltr'>τὰ</span> <span class='ocrx_word' id='word_1_504' title='bbox 1773 4684 1870 4753; x_wconf 84' lang='grc' dir='ltr'><strong>ἐθη</strong></span> <span class='ocrx_word' id='word_1_505' title='bbox 1920 4686 1990 4739; x_wconf 83' lang='grc' dir='ltr'>τὰ</span> 
     </span>
    </p>
   </div>
   <div class='ocr_carea' id='block_1_79' title="bbox 411 4771 1990 4845">
    <p class='ocr_par' dir='ltr' id='par_1_79' title="bbox 411 4771 1990 4845">
     <span class='ocr_line' id='line_1_80' title="bbox 411 4771 1990 4845; baseline 0.003 -23"><span class='ocrx_word' id='word_1_506' title='bbox 411 4771 612 4841; x_wconf 77' lang='grc' dir='ltr'>νομικά</span> <span class='ocrx_word' id='word_1_507' title='bbox 657 4771 849 4842; x_wconf 75' lang='grc' dir='ltr'>ἢθελον</span> <span class='ocrx_word' id='word_1_508' title='bbox 874 4772 954 4825; x_wconf 83' lang='grc' dir='ltr'><strong>ἐτι</strong></span> <span class='ocrx_word' id='word_1_509' title='bbox 989 4771 1304 4842; x_wconf 79' lang='grc' dir='ltr'>φυλάττειν.</span> <span class='ocrx_word' id='word_1_510' title='bbox 1322 4773 1508 4845; x_wconf 84' lang='grc' dir='ltr'>Ἔργῳ</span> <span class='ocrx_word' id='word_1_511' title='bbox 1556 4773 1658 4843; x_wconf 79' lang='grc' dir='ltr'>τὴν</span> <span class='ocrx_word' id='word_1_512' title='bbox 1695 4773 1990 4842; x_wconf 78' lang='grc' dir='ltr'>ἀπολογίαν</span> 
     </span>
    </p>
   </div>
   <div class='ocr_carea' id='block_1_80' title="bbox 414 4862 1988 4934">
    <p class='ocr_par' dir='ltr' id='par_1_80' title="bbox 414 4862 1988 4934">
     <span class='ocr_line' id='line_1_81' title="bbox 414 4862 1988 4934; baseline 0.004 -20"><span class='ocrx_word' id='word_1_513' title='bbox 414 4863 638 4930; x_wconf 83' lang='grc' dir='ltr'>ποιῆσαι</span> <span class='ocrx_word' id='word_1_514' title='bbox 667 4862 820 4934; x_wconf 87' lang='grc' dir='ltr'>αύτῷ</span> <span class='ocrx_word' id='word_1_515' title='bbox 863 4864 1348 4934; x_wconf 86' lang='grc' dir='ltr'>συμϐουλεύουσιν,</span> <span class='ocrx_word' id='word_1_516' title='bbox 1382 4866 1444 4918; x_wconf 87' lang='grc' dir='ltr'><strong>ού</strong></span> <span class='ocrx_word' id='word_1_517' title='bbox 1496 4866 1664 4934; x_wconf 85' lang='grc' dir='ltr'>λόγῳ.</span> <span class='ocrx_word' id='word_1_518' title='bbox 1697 4866 1868 4919; x_wconf 84' lang='grc' dir='ltr'>Τοῦτο</span> <span class='ocrx_word' id='word_1_519' title='bbox 1895 4862 1988 4921; x_wconf 81' lang='grc' dir='ltr'>οὖν</span> 
     </span>
    </p>
   </div>
   <div class='ocr_carea' id='block_1_81' title="bbox 415 4953 1990 5025">
    <p class='ocr_par' dir='ltr' id='par_1_81' title="bbox 415 4953 1990 5025">
     <span class='ocr_line' id='line_1_82' title="bbox 415 4953 1990 5025; baseline 0.003 -19"><span class='ocrx_word' id='word_1_520' title='bbox 415 4967 548 5020; x_wconf 83' lang='grc' dir='ltr'>φησι</span> <span class='ocrx_word' id='word_1_521' title='bbox 575 4953 644 5007; x_wconf 74' lang='grc'><strong>⁸⁸.</strong></span> <span class='ocrx_word' id='word_1_522' title='bbox 673 4954 784 5017; x_wconf 80' lang='grc' dir='ltr'><strong>Τὰς</strong></span> <span class='ocrx_word' id='word_1_523' title='bbox 841 4956 1296 5025; x_wconf 87' lang='grc' dir='ltr'>προσφερομένας</span> <span class='ocrx_word' id='word_1_524' title='bbox 1326 4955 1466 5025; x_wconf 82' lang='grc' dir='ltr'>ὑπὲρ</span> <span class='ocrx_word' id='word_1_525' title='bbox 1493 4955 1676 5008; x_wconf 85' lang='grc' dir='ltr'>αὐτῶν</span> <span class='ocrx_word' id='word_1_526' title='bbox 1726 4957 1871 5010; x_wconf 80' lang='grc' dir='ltr'>κατὰ</span> <span class='ocrx_word' id='word_1_527' title='bbox 1896 4957 1990 5011; x_wconf 77' lang='grc' dir='ltr'>τὸν</span> 
     </span>
    </p>
   </div>
   <div class='ocr_carea' id='block_1_82' title="bbox 413 5042 1990 5116">
    <p class='ocr_par' dir='ltr' id='par_1_82' title="bbox 413 5042 1990 5116">
     <span class='ocr_line' id='line_1_83' title="bbox 413 5042 1990 5116; baseline 0.003 -24"><span class='ocrx_word' id='word_1_528' title='bbox 413 5042 576 5109; x_wconf 79' lang='grc' dir='ltr'>νόμον</span> <span class='ocrx_word' id='word_1_529' title='bbox 618 5043 808 5108; x_wconf 87' lang='grc' dir='ltr'>θυσίας</span> <span class='ocrx_word' id='word_1_530' title='bbox 873 5045 939 5098; x_wconf 77' lang='grc' dir='ltr'>σὺ</span> <span class='ocrx_word' id='word_1_531' title='bbox 967 5046 1240 5116; x_wconf 83' lang='grc' dir='ltr'>πάρασχε,</span> <span class='ocrx_word' id='word_1_532' title='bbox 1271 5044 1359 5097; x_wconf 83' lang='grc' dir='ltr'>ἵνα</span> <span class='ocrx_word' id='word_1_533' title='bbox 1398 5043 1563 5115; x_wconf 81' lang='grc' dir='ltr'>λύσῃς</span> <span class='ocrx_word' id='word_1_534' title='bbox 1607 5045 1706 5115; x_wconf 79' lang='grc' dir='ltr'>τὴν</span> <span class='ocrx_word' id='word_1_535' title='bbox 1730 5047 1990 5115; x_wconf 68' lang='grc' dir='ltr'>ὑποψίαν,</span> 
     </span>
    </p>
   </div>
   <div class='ocr_carea' id='block_1_83' title="bbox 415 5133 1987 5207">
    <p class='ocr_par' dir='ltr' id='par_1_83' title="bbox 415 5133 1987 5207">
     <span class='ocr_line' id='line_1_84' title="bbox 415 5133 1987 5207; baseline 0.004 -23"><span class='ocrx_word' id='word_1_536' title='bbox 415 5134 507 5185; x_wconf 74' lang='grc' dir='ltr'>καὶ</span> <span class='ocrx_word' id='word_1_537' title='bbox 534 5133 739 5206; x_wconf 81' lang='grc' dir='ltr'>δείξῃς,</span> <span class='ocrx_word' id='word_1_538' title='bbox 759 5137 841 5190; x_wconf 85' lang='grc' dir='ltr'>ὅτι</span> <span class='ocrx_word' id='word_1_539' title='bbox 870 5137 930 5190; x_wconf 85' lang='grc' dir='ltr'>οὐ</span> <span class='ocrx_word' id='word_1_540' title='bbox 968 5139 1130 5207; x_wconf 86' lang='grc' dir='ltr'>μόνον</span> <span class='ocrx_word' id='word_1_541' title='bbox 1161 5137 1222 5190; x_wconf 84' lang='grc' dir='ltr'>οὐ</span> <span class='ocrx_word' id='word_1_542' title='bbox 1257 5136 1529 5199; x_wconf 84' lang='grc' dir='ltr'>διδάσκεις</span> <span class='ocrx_word' id='word_1_543' title='bbox 1558 5133 1664 5200; x_wconf 78' lang='grc' dir='ltr'>ἐξω</span> <span class='ocrx_word' id='word_1_544' title='bbox 1681 5137 1774 5190; x_wconf 82' lang='grc' dir='ltr'>τοῦ</span> <span class='ocrx_word' id='word_1_545' title='bbox 1799 5139 1987 5207; x_wconf 82' lang='grc' dir='ltr'>νόμου,</span> 
     </span>
    </p>
   </div>
   <div class='ocr_carea' id='block_1_84' title="bbox 414 5221 1989 5296">
    <p class='ocr_par' dir='ltr' id='par_1_84' title="bbox 414 5221 1989 5296">
     <span class='ocr_line' id='line_1_85' title="bbox 414 5221 1989 5296; baseline 0.003 -23"><span class='ocrx_word' id='word_1_546' title='bbox 414 5221 530 5275; x_wconf 83' lang='grc' dir='ltr'>ἀλλ’</span> <span class='ocrx_word' id='word_1_547' title='bbox 559 5225 640 5279; x_wconf 83' lang='grc' dir='ltr'>ὅτι</span> <span class='ocrx_word' id='word_1_548' title='bbox 680 5225 778 5279; x_wconf 77' lang='grc' dir='ltr'>καὶ</span> <span class='ocrx_word' id='word_1_549' title='bbox 805 5227 968 5290; x_wconf 80' lang='grc' dir='ltr'>αὐτὸς</span> <span class='ocrx_word' id='word_1_550' title='bbox 999 5226 1290 5296; x_wconf 83' lang='grc' dir='ltr'>φυλάττεις</span> <span class='ocrx_word' id='word_1_551' title='bbox 1313 5226 1380 5279; x_wconf 78' lang='grc' dir='ltr'><strong>τὰ</strong></span> <span class='ocrx_word' id='word_1_552' title='bbox 1407 5227 1466 5278; x_wconf 87' lang='grc' dir='ltr'><strong>ἐν</strong></span> <span class='ocrx_word' id='word_1_553' title='bbox 1499 5224 1577 5296; x_wconf 77' lang='grc' dir='ltr'><strong>τῷ</strong></span> <span class='ocrx_word' id='word_1_554' title='bbox 1605 5225 1776 5296; x_wconf 89' lang='grc' dir='ltr'>νόμῳ.</span> <span class='ocrx_word' id='word_1_555' title='bbox 1795 5226 1913 5280; x_wconf 83' lang='grc' dir='ltr'>Ἵνα</span> <span class='ocrx_word' id='word_1_556' title='bbox 1930 5227 1989 5279; x_wconf 83' lang='grc' dir='ltr'><strong>δέ</strong></span> 
     </span>
    </p>
   </div>
   <div class='ocr_carea' id='block_1_85' title="bbox 417 5313 1985 5389">
    <p class='ocr_par' dir='ltr' id='par_1_85' title="bbox 417 5313 1985 5389">
     <span class='ocr_line' id='line_1_86' title="bbox 417 5313 1985 5389; baseline 0.003 -23"><span class='ocrx_word' id='word_1_557' title='bbox 417 5313 492 5384; x_wconf 80' lang='grc' dir='ltr'>μὴ</span> <span class='ocrx_word' id='word_1_558' title='bbox 508 5315 660 5389; x_wconf 84' lang='grc' dir='ltr'>λέγῃ·</span> <span class='ocrx_word' id='word_1_559' title='bbox 687 5318 814 5372; x_wconf 80' lang='grc' dir='ltr'>Ἐὰν</span> <span class='ocrx_word' id='word_1_560' title='bbox 842 5318 910 5372; x_wconf 84' lang='grc' dir='ltr'><strong>τὰ</strong></span> <span class='ocrx_word' id='word_1_561' title='bbox 949 5318 1076 5389; x_wconf 84' lang='grc' dir='ltr'>ἐθνη</span> <span class='ocrx_word' id='word_1_562' title='bbox 1119 5317 1281 5372; x_wconf 85' lang='grc' dir='ltr'>τοῦτο</span> <span class='ocrx_word' id='word_1_563' title='bbox 1319 5315 1554 5388; x_wconf 86' lang='grc' dir='ltr'>μάθωσι,</span> <span class='ocrx_word' id='word_1_564' title='bbox 1587 5317 1985 5388; x_wconf 76' lang='grc' dir='ltr'>σκανδαλισθήο</span> 
     </span>
    </p>
   </div>
   <div class='ocr_carea' id='block_1_86' title="bbox 416 5407 1987 5479">
    <p class='ocr_par' dir='ltr' id='par_1_86' title="bbox 416 5407 1987 5479">
     <span class='ocr_line' id='line_1_87' title="bbox 416 5407 1987 5479; baseline 0.005 -25"><span class='ocrx_word' id='word_1_565' title='bbox 416 5419 624 5460; x_wconf 73' lang='grc' dir='ltr'>σονταιο</span> <span class='ocrx_word' id='word_1_566' title='bbox 651 5409 888 5478; x_wconf 79' lang='grc' dir='ltr'>ἐπάγειο</span> <span class='ocrx_word' id='word_1_567' title='bbox 945 5427 964 5462; x_wconf 74' lang='grc' dir='ltr'><strong>ι</strong></span> <span class='ocrx_word' id='word_1_568' title='bbox 1004 5409 1140 5479; x_wconf 75' lang='grc' dir='ltr'>Περὶ</span> <span class='ocrx_word' id='word_1_569' title='bbox 1172 5407 1280 5462; x_wconf 87' lang='grc' dir='ltr'><strong>τῶν</strong></span> <span class='ocrx_word' id='word_1_570' title='bbox 1337 5408 1780 5462; x_wconf 85' lang='grc' dir='ltr'>πεπιστευκότων</span> <span class='ocrx_word' id='word_1_571' title='bbox 1817 5409 1987 5464; x_wconf 87' lang='grc' dir='ltr'>ἐθνῶν</span> 
     </span>
    </p>
   </div>
   <div class='ocr_carea' id='block_1_87' title="bbox 2091 3119 3675 3178">
    <p class='ocr_par' dir='ltr' id='par_1_87' title="bbox 2091 3119 3675 3178">
     <span class='ocr_line' id='line_1_88' title="bbox 2091 3119 3675 3178; baseline -0.002 0"><span class='ocrx_word' id='word_1_572' title='bbox 2091 3139 2246 3178; x_wconf 87' lang='lat' dir='ltr'><strong>rum:</strong></span> <span class='ocrx_word' id='word_1_573' title='bbox 2290 3123 2480 3178; x_wconf 88' lang='lat' dir='ltr'><strong>dicens</strong></span> <span class='ocrx_word' id='word_1_574' title='bbox 2518 3138 2627 3178; x_wconf 90' lang='lat' dir='ltr'><strong>non</strong></span> <span class='ocrx_word' id='word_1_575' title='bbox 2681 3122 2880 3177; x_wconf 88' lang='lat' dir='ltr'><strong>debere</strong></span> <span class='ocrx_word' id='word_1_576' title='bbox 2933 3137 3028 3176; x_wconf 92' lang='lat' dir='ltr'><strong>eos</strong></span> <span class='ocrx_word' id='word_1_577' title='bbox 3078 3121 3475 3177; x_wconf 84' lang='lat' dir='ltr'><strong>circumcidere</strong></span> <span class='ocrx_word' id='word_1_578' title='bbox 3533 3119 3675 3175; x_wconf 81' lang='lat' dir='ltr'><strong>ﬁlios</strong></span> 
     </span>
    </p>
   </div>
   <div class='ocr_carea' id='block_1_88' title="bbox 2093 3208 3668 3282">
    <p class='ocr_par' dir='ltr' id='par_1_88' title="bbox 2093 3208 3668 3282">
     <span class='ocr_line' id='line_1_89' title="bbox 2093 3208 3668 3282; baseline -0.003 -14"><span class='ocrx_word' id='word_1_579' title='bbox 2093 3229 2248 3274; x_wconf 89' lang='lat' dir='ltr'><strong>suos,</strong></span> <span class='ocrx_word' id='word_1_580' title='bbox 2305 3212 2852 3282; x_wconf 37' lang='lat' dir='ltr'><strong>neque‘secundum</strong></span> <span class='ocrx_word' id='word_1_581' title='bbox 2913 3213 3372 3267; x_wconf 83' lang='lat' dir='ltr'><strong>consuetudinem</strong></span> <span class='ocrx_word' id='word_1_582' title='bbox 3435 3208 3668 3280; x_wconf 85' lang='lat' dir='ltr'><strong>ingredi.</strong></span> 
     </span>
    </p>
   </div>
   <div class='ocr_carea' id='block_1_89' title="bbox 2092 3300 3677 3376">
    <p class='ocr_par' dir='ltr' id='par_1_89' title="bbox 2092 3300 3677 3376">
     <span class='ocr_line' id='line_1_90' title="bbox 2092 3300 3677 3376; baseline -0.001 -18"><span class='ocrx_word' id='word_1_583' title='bbox 2092 3305 2234 3372; x_wconf 87' lang='lat' dir='ltr'><strong>Quid</strong></span> <span class='ocrx_word' id='word_1_584' title='bbox 2278 3321 2409 3376; x_wconf 88' lang='lat' dir='ltr'><strong>ergo</strong></span> <span class='ocrx_word' id='word_1_585' title='bbox 2461 3306 2584 3362; x_wconf 87' lang='lat' dir='ltr'><strong>est?</strong></span> <span class='ocrx_word' id='word_1_586' title='bbox 2620 3305 2828 3376; x_wconf 80' lang='lat' dir='ltr'><strong>Utique</strong></span> <span class='ocrx_word' id='word_1_587' title='bbox 2866 3313 3084 3376; x_wconf 86' lang='lat' dir='ltr'><strong>oportet</strong></span> <span class='ocrx_word' id='word_1_588' title='bbox 3145 3304 3442 3360; x_wconf 87' lang='lat' dir='ltr'><strong>convenire</strong></span> <span class='ocrx_word' id='word_1_589' title='bbox 3507 3300 3677 3372; x_wconf 63' lang='grc'><strong>294</strong></span> 
     </span>
    </p>
   </div>
   <div class='ocr_carea' id='block_1_90' title="bbox 2089 3395 3670 3466">
    <p class='ocr_par' dir='ltr' id='par_1_90' title="bbox 2089 3395 3670 3466">
     <span class='ocr_line' id='line_1_91' title="bbox 2089 3395 3670 3466; baseline -0.004 -13"><span class='ocrx_word' id='word_1_590' title='bbox 2089 3398 2554 3453; x_wconf 89' lang='lat' dir='ltr'><strong>multitudinem:</strong></span> <span class='ocrx_word' id='word_1_591' title='bbox 2604 3399 2828 3454; x_wconf 88' lang='lat' dir='ltr'><strong>audient</strong></span> <span class='ocrx_word' id='word_1_592' title='bbox 2903 3399 3049 3454; x_wconf 86' lang='lat' dir='ltr'><strong>enim</strong></span> <span class='ocrx_word' id='word_1_593' title='bbox 3131 3405 3185 3452; x_wconf 92' lang='lat' dir='ltr'><strong>te</strong></span> <span class='ocrx_word' id='word_1_594' title='bbox 3261 3395 3670 3466; x_wconf 80' lang='lat' dir='ltr'><strong>supervenisse.</strong></span> 
     </span>
    </p>
   </div>
   <div class='ocr_carea' id='block_1_91' title="bbox 2091 3487 3672 3560">
    <p class='ocr_par' dir='ltr' id='par_1_91' title="bbox 2091 3487 3672 3560">
     <span class='ocr_line' id='line_1_92' title="bbox 2091 3487 3672 3560; baseline -0.001 -17"><span class='ocrx_word' id='word_1_595' title='bbox 2091 3488 2206 3545; x_wconf 88' lang='lat' dir='ltr'><strong>Iloc</strong></span> <span class='ocrx_word' id='word_1_596' title='bbox 2262 3505 2394 3560; x_wconf 84' lang='lat' dir='ltr'><strong>ergo</strong></span> <span class='ocrx_word' id='word_1_597' title='bbox 2459 3491 2543 3546; x_wconf 85' lang='lat' dir='ltr'><strong>fac</strong></span> <span class='ocrx_word' id='word_1_598' title='bbox 2594 3491 2739 3560; x_wconf 88' lang='lat' dir='ltr'><strong>quod</strong></span> <span class='ocrx_word' id='word_1_599' title='bbox 2801 3491 2897 3545; x_wconf 89' lang='lat' dir='ltr'><strong>tibi</strong></span> <span class='ocrx_word' id='word_1_600' title='bbox 2949 3490 3220 3545; x_wconf 84' lang='lat' dir='ltr'><strong>dicimus:</strong></span> <span class='ocrx_word' id='word_1_601' title='bbox 3293 3490 3432 3546; x_wconf 90' lang='lat' dir='ltr'><strong>Sunt</strong></span> <span class='ocrx_word' id='word_1_602' title='bbox 3514 3487 3672 3542; x_wconf 88' lang='lat' dir='ltr'><strong>nobis</strong></span> 
     </span>
    </p>
   </div>
   <div class='ocr_carea' id='block_1_92' title="bbox 2094 3581 3669 3653">
    <p class='ocr_par' dir='ltr' id='par_1_92' title="bbox 2094 3581 3669 3653">
     <span class='ocr_line' id='line_1_93' title="bbox 2094 3581 3669 3653; baseline -0.003 -16"><span class='ocrx_word' id='word_1_603' title='bbox 2094 3583 2190 3637; x_wconf 89' lang='lat' dir='ltr'><strong>viri</strong></span> <span class='ocrx_word' id='word_1_604' title='bbox 2215 3591 2470 3653; x_wconf 84' lang='lat' dir='ltr'><strong>quatuor,</strong></span> <span class='ocrx_word' id='word_1_605' title='bbox 2503 3591 2689 3637; x_wconf 85' lang='lat' dir='ltr'><strong>votum</strong></span> <span class='ocrx_word' id='word_1_606' title='bbox 2712 3581 2974 3651; x_wconf 80' lang='lat' dir='ltr'><strong>habentes</strong></span> <span class='ocrx_word' id='word_1_607' title='bbox 2999 3596 3168 3651; x_wconf 87' lang='lat' dir='ltr'><strong>super</strong></span> <span class='ocrx_word' id='word_1_608' title='bbox 3205 3597 3285 3636; x_wconf 91' lang='lat' dir='ltr'><strong>se.</strong></span> <span class='ocrx_word' id='word_1_609' title='bbox 3324 3581 3420 3635; x_wconf 79' lang='lat' dir='ltr'><strong>llis</strong></span> <span class='ocrx_word' id='word_1_610' title='bbox 3453 3595 3669 3636; x_wconf 85' lang='lat' dir='ltr'><strong>assum-</strong></span> 
     </span>
    </p>
   </div>
   <div class='ocr_carea' id='block_1_93' title="bbox 2091 3671 3672 3742">
    <p class='ocr_par' dir='ltr' id='par_1_93' title="bbox 2091 3671 3672 3742">
     <span class='ocr_line' id='line_1_94' title="bbox 2091 3671 3672 3742; baseline -0.002 -16"><span class='ocrx_word' id='word_1_611' title='bbox 2091 3674 2218 3742; x_wconf 86' lang='lat' dir='ltr'><strong>ptis,</strong></span> <span class='ocrx_word' id='word_1_612' title='bbox 2251 3673 2529 3729; x_wconf 86' lang='lat' dir='ltr'><strong>sanctifica</strong></span> <span class='ocrx_word' id='word_1_613' title='bbox 2562 3682 2615 3726; x_wconf 93' lang='lat' dir='ltr'><strong>te</strong></span> <span class='ocrx_word' id='word_1_614' title='bbox 2656 3688 2780 3727; x_wconf 89' lang='lat' dir='ltr'><strong>cum</strong></span> <span class='ocrx_word' id='word_1_615' title='bbox 2813 3672 2948 3737; x_wconf 90' lang='lat' dir='ltr'><strong>illis,</strong></span> <span class='ocrx_word' id='word_1_616' title='bbox 2982 3680 3038 3727; x_wconf 89' lang='lat' dir='ltr'><strong>et</strong></span> <span class='ocrx_word' id='word_1_617' title='bbox 3068 3671 3322 3742; x_wconf 88' lang='lat' dir='ltr'><strong>impende</strong></span> <span class='ocrx_word' id='word_1_618' title='bbox 3364 3672 3420 3727; x_wconf 89' lang='lat' dir='ltr'><strong>in</strong></span> <span class='ocrx_word' id='word_1_619' title='bbox 3465 3672 3574 3726; x_wconf 88' lang='lat' dir='ltr'><strong>illis</strong></span> <span class='ocrx_word' id='word_1_620' title='bbox 3611 3677 3672 3724; x_wconf 86' lang='lat' dir='ltr'><strong>ut</strong></span> 
     </span>
    </p>
   </div>
   <div class='ocr_carea' id='block_1_94' title="bbox 2092 3763 3672 3832">
    <p class='ocr_par' dir='ltr' id='par_1_94' title="bbox 2092 3763 3672 3832">
     <span class='ocr_line' id='line_1_95' title="bbox 2092 3763 3672 3832; baseline -0.002 -15"><span class='ocrx_word' id='word_1_621' title='bbox 2092 3763 2287 3817; x_wconf 83' lang='lat' dir='ltr'><strong>radant</strong></span> <span class='ocrx_word' id='word_1_622' title='bbox 2332 3764 2547 3832; x_wconf 85' lang='lat' dir='ltr'><strong>capita;</strong></span> <span class='ocrx_word' id='word_1_623' title='bbox 2601 3771 2655 3817; x_wconf 91' lang='lat' dir='ltr'><strong>et</strong></span> <span class='ocrx_word' id='word_1_624' title='bbox 2709 3763 2885 3817; x_wconf 89' lang='lat' dir='ltr'><strong>scient</strong></span> <span class='ocrx_word' id='word_1_625' title='bbox 2935 3777 3124 3818; x_wconf 86' lang='lat' dir='ltr'><strong>omnes</strong></span> <span class='ocrx_word' id='word_1_626' title='bbox 3173 3763 3301 3832; x_wconf 86' lang='lat' dir='ltr'><strong>quia</strong></span> <span class='ocrx_word' id='word_1_627' title='bbox 3357 3778 3480 3830; x_wconf 74' lang='lat' dir='ltr'><strong>qua:</strong></span> <span class='ocrx_word' id='word_1_628' title='bbox 3519 3763 3583 3815; x_wconf 83' lang='lat' dir='ltr'><strong>de</strong></span> <span class='ocrx_word' id='word_1_629' title='bbox 3617 3767 3672 3814; x_wconf 88' lang='lat' dir='ltr'><strong>te</strong></span> 
     </span>
    </p>
   </div>
   <div class='ocr_carea' id='block_1_95' title="bbox 2090 3851 3670 3922">
    <p class='ocr_par' dir='ltr' id='par_1_95' title="bbox 2090 3851 3670 3922">
     <span class='ocr_line' id='line_1_96' title="bbox 2090 3851 3670 3922; baseline -0.003 -12"><span class='ocrx_word' id='word_1_630' title='bbox 2090 3856 2384 3910; x_wconf 86' lang='lat' dir='ltr'><strong>audierunt</strong></span> <span class='ocrx_word' id='word_1_631' title='bbox 2413 3853 2548 3908; x_wconf 84' lang='lat' dir='ltr'><strong>falsa</strong></span> <span class='ocrx_word' id='word_1_632' title='bbox 2574 3865 2723 3919; x_wconf 89' lang='lat' dir='ltr'><strong>sunt,</strong></span> <span class='ocrx_word' id='word_1_633' title='bbox 2746 3854 2840 3910; x_wconf 90' lang='lat' dir='ltr'><strong>sed</strong></span> <span class='ocrx_word' id='word_1_634' title='bbox 2868 3853 3120 3907; x_wconf 88' lang='lat' dir='ltr'><strong>ambulas</strong></span> <span class='ocrx_word' id='word_1_635' title='bbox 3145 3853 3328 3922; x_wconf 90' lang='lat' dir='ltr'><strong>etipse</strong></span> <span class='ocrx_word' id='word_1_636' title='bbox 3354 3851 3670 3906; x_wconf 86' lang='lat' dir='ltr'><strong>custodiens</strong></span> 
     </span>
    </p>
   </div>
   <div class='ocr_carea' id='block_1_96' title="bbox 2091 3943 3668 4018">
    <p class='ocr_par' dir='ltr' id='par_1_96' title="bbox 2091 3943 3668 4018">
     <span class='ocr_line' id='line_1_97' title="bbox 2091 3943 3668 4018; baseline -0.003 -18"><span class='ocrx_word' id='word_1_637' title='bbox 2091 3947 2282 4018; x_wconf 85' lang='lat' dir='ltr'><strong>legem.</strong></span> <span class='ocrx_word' id='word_1_638' title='bbox 2321 3945 2397 4000; x_wconf 91' lang='lat' dir='ltr'><strong>De</strong></span> <span class='ocrx_word' id='word_1_639' title='bbox 2429 3946 2516 4001; x_wconf 87' lang='lat' dir='ltr'><strong>his</strong></span> <span class='ocrx_word' id='word_1_640' title='bbox 2568 3953 2749 4000; x_wconf 89' lang='lat' dir='ltr'><strong>autem</strong></span> <span class='ocrx_word' id='word_1_641' title='bbox 2785 3946 2875 4016; x_wconf 82' lang='lat' dir='ltr'><strong>qui</strong></span> <span class='ocrx_word' id='word_1_642' title='bbox 2900 3946 3256 4000; x_wconf 89' lang='lat' dir='ltr'><strong>crediderunt</strong></span> <span class='ocrx_word' id='word_1_643' title='bbox 3287 3959 3352 3998; x_wconf 76' lang='lat' dir='ltr'><strong>ex</strong></span> <span class='ocrx_word' id='word_1_644' title='bbox 3391 3943 3668 4014; x_wconf 89' lang='lat' dir='ltr'><strong>gentibus,</strong></span> 
     </span>
    </p>
   </div>
   <div class='ocr_carea' id='block_1_97' title="bbox 2093 4035 3670 4109">
    <p class='ocr_par' dir='ltr' id='par_1_97' title="bbox 2093 4035 3670 4109">
     <span class='ocr_line' id='line_1_98' title="bbox 2093 4035 3670 4109; baseline -0.003 -17"><span class='ocrx_word' id='word_1_645' title='bbox 2093 4054 2191 4092; x_wconf 88' lang='lat' dir='ltr'><strong>nos</strong></span> <span class='ocrx_word' id='word_1_646' title='bbox 2223 4037 2901 4109; x_wconf 84' lang='lat' dir='ltr'><strong>scripsimusjudicantes,</strong></span> <span class='ocrx_word' id='word_1_647' title='bbox 2928 4045 2986 4090; x_wconf 92' lang='lat' dir='ltr'><strong>ut</strong></span> <span class='ocrx_word' id='word_1_648' title='bbox 3011 4038 3325 4092; x_wconf 88' lang='lat' dir='ltr'><strong>abstineant</strong></span> <span class='ocrx_word' id='word_1_649' title='bbox 3357 4051 3416 4090; x_wconf 90' lang='lat' dir='ltr'><strong>se</strong></span> <span class='ocrx_word' id='word_1_650' title='bbox 3452 4037 3519 4088; x_wconf 89' lang='lat' dir='ltr'><strong>ab</strong></span> <span class='ocrx_word' id='word_1_651' title='bbox 3553 4035 3670 4088; x_wconf 86' lang='lat' dir='ltr'><strong>ido-</strong></span> 
     </span>
    </p>
   </div>
   <div class='ocr_carea' id='block_1_98' title="bbox 2092 4124 3667 4200">
    <p class='ocr_par' dir='ltr' id='par_1_98' title="bbox 2092 4124 3667 4200">
     <span class='ocr_line' id='line_1_99' title="bbox 2092 4124 3667 4200; baseline -0.003 -17"><span class='ocrx_word' id='word_1_652' title='bbox 2092 4131 2159 4185; x_wconf 90' lang='lat' dir='ltr'><strong>lis</strong></span> <span class='ocrx_word' id='word_1_653' title='bbox 2222 4130 2508 4186; x_wconf 86' lang='lat' dir='ltr'><strong>immolato</strong></span> <span class='ocrx_word' id='word_1_654' title='bbox 2564 4139 2617 4186; x_wconf 87' lang='lat' dir='ltr'><strong>et</strong></span> <span class='ocrx_word' id='word_1_655' title='bbox 2665 4131 2930 4200; x_wconf 88' lang='lat' dir='ltr'><strong>sanguine</strong></span> <span class='ocrx_word' id='word_1_656' title='bbox 2964 4138 3020 4185; x_wconf 90' lang='lat' dir='ltr'><strong>et</strong></span> <span class='ocrx_word' id='word_1_657' title='bbox 3043 4127 3310 4184; x_wconf 82' lang='lat' dir='ltr'><strong>suffocato</strong></span> <span class='ocrx_word' id='word_1_658' title='bbox 3341 4135 3395 4181; x_wconf 89' lang='lat' dir='ltr'><strong>et</strong></span> <span class='ocrx_word' id='word_1_659' title='bbox 3427 4124 3667 4181; x_wconf 83' lang='lat' dir='ltr'><strong>fornica-</strong></span> 
     </span>
    </p>
   </div>
   <div class='ocr_carea' id='block_1_99' title="bbox 2093 4221 2270 4277">
    <p class='ocr_par' dir='ltr' id='par_1_99' title="bbox 2093 4221 2270 4277">
     <span class='ocr_line' id='line_1_100' title="bbox 2093 4221 2270 4277; baseline 0 -1"><span class='ocrx_word' id='word_1_660' title='bbox 2093 4221 2270 4277; x_wconf 87' lang='lat' dir='ltr'><strong>tione.</strong></span> 
     </span>
    </p>
   </div>
   <div class='ocr_carea' id='block_1_100' title="bbox 2600 4308 3171 4365">
    <p class='ocr_par' dir='ltr' id='par_1_100' title="bbox 2600 4308 3171 4365">
     <span class='ocr_line' id='line_1_101' title="bbox 2600 4308 3171 4365; baseline -0.002 0"><span class='ocrx_word' id='word_1_661' title='bbox 2600 4308 3171 4365; x_wconf 78' lang='lat' dir='ltr'><strong>COMMENTARIUS.</strong></span> 
     </span>
    </p>
   </div>
   <div class='ocr_carea' id='block_1_101' title="bbox 2165 4399 3668 4471">
    <p class='ocr_par' dir='ltr' id='par_1_101' title="bbox 2165 4399 3668 4471">
     <span class='ocr_line' id='line_1_102' title="bbox 2165 4399 3668 4471; baseline 0 -17"><span class='ocrx_word' id='word_1_662' title='bbox 2165 4421 2184 4454; x_wconf 85' lang='grc' dir='ltr'><strong>ι</strong></span> <span class='ocrx_word' id='word_1_663' title='bbox 2225 4402 2544 4471; x_wconf 82' lang='lat' dir='ltr'><strong>Praeparati,</strong></span> <span class='ocrx_word' id='word_1_664' title='bbox 2565 4420 2584 4453; x_wconf 75' lang='grc' dir='ltr'><strong>ι</strong></span> <span class='ocrx_word' id='word_1_665' title='bbox 2631 4403 2736 4455; x_wconf 84' lang='lat' dir='ltr'><strong>hoc</strong></span> <span class='ocrx_word' id='word_1_666' title='bbox 2766 4409 2850 4456; x_wconf 90' lang='lat' dir='ltr'><strong>est</strong></span> <span class='ocrx_word' id='word_1_667' title='bbox 2888 4401 3139 4470; x_wconf 78' lang='lat' dir='ltr'><strong>Sumptis,</strong></span> <span class='ocrx_word' id='word_1_668' title='bbox 3187 4415 3310 4470; x_wconf 76' lang='lat' dir='ltr'><strong>quze</strong></span> <span class='ocrx_word' id='word_1_669' title='bbox 3343 4399 3412 4454; x_wconf 90' lang='lat' dir='ltr'><strong>ad</strong></span> <span class='ocrx_word' id='word_1_670' title='bbox 3441 4401 3544 4454; x_wconf 90' lang='lat' dir='ltr'><strong>iter</strong></span> <span class='ocrx_word' id='word_1_671' title='bbox 3573 4415 3668 4454; x_wconf 79' lang='lat' dir='ltr'><strong>ne—</strong></span> 
     </span>
    </p>
   </div>
   <div class='ocr_carea' id='block_1_102' title="bbox 2084 4490 3669 4556">
    <p class='ocr_par' dir='ltr' id='par_1_102' title="bbox 2084 4490 3669 4556">
     <span class='ocr_line' id='line_1_103' title="bbox 2084 4490 3669 4556; baseline -0.005 -5"><span class='ocrx_word' id='word_1_672' title='bbox 2084 4495 2328 4551; x_wconf 84' lang='lat' dir='ltr'><strong>cessaria</strong></span> <span class='ocrx_word' id='word_1_673' title='bbox 2385 4503 2562 4548; x_wconf 87' lang='lat' dir='ltr'><strong>erant.</strong></span> <span class='ocrx_word' id='word_1_674' title='bbox 2605 4511 2622 4543; x_wconf 87' lang='grc' dir='ltr'><strong>ι</strong></span> <span class='ocrx_word' id='word_1_675' title='bbox 2667 4490 2849 4555; x_wconf 86' lang='lat' dir='ltr'><strong>Vides,</strong></span> <span class='ocrx_word' id='word_1_676' title='bbox 2877 4491 3108 4545; x_wconf 66' lang='lat' dir='ltr'><strong>frater.»</strong></span> <span class='ocrx_word' id='word_1_677' title='bbox 3170 4490 3474 4545; x_wconf 87' lang='lat' dir='ltr'><strong>Consilium</strong></span> <span class='ocrx_word' id='word_1_678' title='bbox 3515 4490 3669 4556; x_wconf 87' lang='lat' dir='ltr'><strong>dant,</strong></span> 
     </span>
    </p>
   </div>
   <div class='ocr_carea' id='block_1_103' title="bbox 2089 4579 3671 4654">
    <p class='ocr_par' dir='ltr' id='par_1_103' title="bbox 2089 4579 3671 4654">
     <span class='ocr_line' id='line_1_104' title="bbox 2089 4579 3671 4654; baseline -0.004 -13"><span class='ocrx_word' id='word_1_679' title='bbox 2089 4602 2199 4641; x_wconf 87' lang='lat' dir='ltr'><strong>non</strong></span> <span class='ocrx_word' id='word_1_680' title='bbox 2221 4585 2415 4654; x_wconf 70' lang='lat' dir='ltr'><strong>iubent</strong></span> <span class='ocrx_word' id='word_1_681' title='bbox 2438 4585 2680 4639; x_wconf 85' lang='lat' dir='ltr'><strong>Jacobus</strong></span> <span class='ocrx_word' id='word_1_682' title='bbox 2711 4592 2766 4638; x_wconf 89' lang='lat' dir='ltr'><strong>et</strong></span> <span class='ocrx_word' id='word_1_683' title='bbox 2787 4583 2922 4636; x_wconf 88' lang='lat' dir='ltr'><strong>socii</strong></span> <span class='ocrx_word' id='word_1_684' title='bbox 2953 4582 3093 4650; x_wconf 87' lang='lat' dir='ltr'><strong>ejus.</strong></span> <span class='ocrx_word' id='word_1_685' title='bbox 3130 4579 3342 4634; x_wconf 89' lang='lat' dir='ltr'><strong>Etenim</strong></span> <span class='ocrx_word' id='word_1_686' title='bbox 3388 4581 3482 4649; x_wconf 89' lang='lat' dir='ltr'><strong>qui</strong></span> <span class='ocrx_word' id='word_1_687' title='bbox 3509 4579 3671 4634; x_wconf 88' lang='lat' dir='ltr'><strong>Jero-</strong></span> 
     </span>
    </p>
   </div>
   <div class='ocr_carea' id='block_1_104' title="bbox 2088 4670 3666 4748">
    <p class='ocr_par' dir='ltr' id='par_1_104' title="bbox 2088 4670 3666 4748">
     <span class='ocr_line' id='line_1_105' title="bbox 2088 4670 3666 4748; baseline -0.005 -16"><span class='ocrx_word' id='word_1_688' title='bbox 2088 4677 2313 4748; x_wconf 86' lang='lat' dir='ltr'><strong>solymis</strong></span> <span class='ocrx_word' id='word_1_689' title='bbox 2368 4690 2432 4730; x_wconf 73' lang='lat' dir='ltr'><strong>ex</strong></span> <span class='ocrx_word' id='word_1_690' title='bbox 2479 4674 2687 4730; x_wconf 70' lang='lat' dir='ltr'><strong>Judaeis</strong></span> <span class='ocrx_word' id='word_1_691' title='bbox 2717 4673 3092 4736; x_wconf 87' lang='lat' dir='ltr'><strong>crediderant,</strong></span> <span class='ocrx_word' id='word_1_692' title='bbox 3145 4671 3340 4741; x_wconf 83' lang='lat' dir='ltr'><strong>legalia</strong></span> <span class='ocrx_word' id='word_1_693' title='bbox 3407 4670 3666 4725; x_wconf 90' lang='lat' dir='ltr'><strong>instituta</strong></span> 
     </span>
    </p>
   </div>
   <div class='ocr_carea' id='block_1_105' title="bbox 2090 4760 3672 4832">
    <p class='ocr_par' dir='ltr' id='par_1_105' title="bbox 2090 4760 3672 4832">
     <span class='ocr_line' id='line_1_106' title="bbox 2090 4760 3672 4832; baseline -0.005 -10"><span class='ocrx_word' id='word_1_694' title='bbox 2090 4769 2272 4823; x_wconf 86' lang='lat' dir='ltr'><strong>adhuc</strong></span> <span class='ocrx_word' id='word_1_695' title='bbox 2303 4782 2521 4822; x_wconf 82' lang='lat' dir='ltr'><strong>Schare</strong></span> <span class='ocrx_word' id='word_1_696' title='bbox 2552 4765 2826 4820; x_wconf 85' lang='lat' dir='ltr'><strong>volebant.</strong></span> <span class='ocrx_word' id='word_1_697' title='bbox 2866 4783 2883 4815; x_wconf 86' lang='grc' dir='ltr'><strong>ι</strong></span> <span class='ocrx_word' id='word_1_698' title='bbox 2927 4764 3156 4818; x_wconf 86' lang='lat' dir='ltr'><strong>Puritica</strong></span> <span class='ocrx_word' id='word_1_699' title='bbox 3195 4773 3267 4817; x_wconf 86' lang='lat' dir='ltr'><strong>te.</strong></span> <span class='ocrx_word' id='word_1_700' title='bbox 3312 4781 3332 4814; x_wconf 75' lang='grc' dir='ltr'><strong>ι</strong></span> <span class='ocrx_word' id='word_1_701' title='bbox 3370 4760 3441 4816; x_wconf 84' lang='lat' dir='ltr'><strong>Ut</strong></span> <span class='ocrx_word' id='word_1_702' title='bbox 3480 4776 3672 4832; x_wconf 84' lang='lat' dir='ltr'><strong>opere,</strong></span> 
     </span>
    </p>
   </div>
   <div class='ocr_carea' id='block_1_106' title="bbox 2089 4851 3680 4924">
    <p class='ocr_par' dir='ltr' id='par_1_106' title="bbox 2089 4851 3680 4924">
     <span class='ocr_line' id='line_1_107' title="bbox 2089 4851 3680 4924; baseline -0.006 -11"><span class='ocrx_word' id='word_1_703' title='bbox 2089 4874 2200 4913; x_wconf 91' lang='lat' dir='ltr'><strong>non</strong></span> <span class='ocrx_word' id='word_1_704' title='bbox 2232 4857 2399 4914; x_wconf 87' lang='lat' dir='ltr'><strong>verbo</strong></span> <span class='ocrx_word' id='word_1_705' title='bbox 2429 4855 2808 4910; x_wconf 85' lang='lat' dir='ltr'><strong>defensionem</strong></span> <span class='ocrx_word' id='word_1_706' title='bbox 2851 4855 2955 4908; x_wconf 91' lang='lat' dir='ltr'><strong>sibi</strong></span> <span class='ocrx_word' id='word_1_707' title='bbox 2988 4864 3166 4923; x_wconf 87' lang='lat' dir='ltr'><strong>paret,</strong></span> <span class='ocrx_word' id='word_1_708' title='bbox 3200 4853 3452 4908; x_wconf 88' lang='lat' dir='ltr'><strong>suadent.</strong></span> <span class='ocrx_word' id='word_1_709' title='bbox 3481 4851 3680 4924; x_wconf 62' lang='lat' dir='ltr'><strong>Igitur,</strong></span> 
     </span>
    </p>
   </div>
   <div class='ocr_carea' id='block_1_107' title="bbox 2088 4942 3663 5016">
    <p class='ocr_par' dir='ltr' id='par_1_107' title="bbox 2088 4942 3663 5016">
     <span class='ocr_line' id='line_1_108' title="bbox 2088 4942 3663 5016; baseline -0.003 -16"><span class='ocrx_word' id='word_1_710' title='bbox 2088 4947 2262 5013; x_wconf 88' lang='lat' dir='ltr'><strong>aiunt,</strong></span> <span class='ocrx_word' id='word_1_711' title='bbox 2288 4962 2402 5012; x_wconf 89' lang='lat' dir='ltr'><strong>eas,</strong></span> <span class='ocrx_word' id='word_1_712' title='bbox 2453 4960 2595 5016; x_wconf 88' lang='lat' dir='ltr'><strong>quas</strong></span> <span class='ocrx_word' id='word_1_713' title='bbox 2661 4944 2764 5014; x_wconf 82' lang='lat' dir='ltr'><strong>ipsi</strong></span> <span class='ocrx_word' id='word_1_714' title='bbox 2821 4945 2977 5013; x_wconf 80' lang='lat' dir='ltr'><strong>juxta</strong></span> <span class='ocrx_word' id='word_1_715' title='bbox 3007 4945 3176 5015; x_wconf 81' lang='lat' dir='ltr'><strong>legem</strong></span> <span class='ocrx_word' id='word_1_716' title='bbox 3222 4942 3476 5005; x_wconf 81' lang='lat' dir='ltr'><strong>offerunt,</strong></span> <span class='ocrx_word' id='word_1_717' title='bbox 3509 4942 3663 4997; x_wconf 83' lang='lat' dir='ltr'><strong>victi-</strong></span> 
     </span>
    </p>
   </div>
   <div class='ocr_carea' id='block_1_108' title="bbox 2091 5034 3674 5109">
    <p class='ocr_par' dir='ltr' id='par_1_108' title="bbox 2091 5034 3674 5109">
     <span class='ocr_line' id='line_1_109' title="bbox 2091 5034 3674 5109; baseline -0.003 -16"><span class='ocrx_word' id='word_1_718' title='bbox 2091 5055 2211 5093; x_wconf 89' lang='lat' dir='ltr'><strong>mas</strong></span> <span class='ocrx_word' id='word_1_719' title='bbox 2262 5039 2382 5109; x_wconf 87' lang='lat' dir='ltr'><strong>ipse</strong></span> <span class='ocrx_word' id='word_1_720' title='bbox 2429 5036 2742 5106; x_wconf 87' lang='lat' dir='ltr'><strong>suppedita,</strong></span> <span class='ocrx_word' id='word_1_721' title='bbox 2780 5046 2840 5089; x_wconf 94' lang='lat' dir='ltr'><strong>ut</strong></span> <span class='ocrx_word' id='word_1_722' title='bbox 2892 5037 3263 5105; x_wconf 89' lang='lat' dir='ltr'><strong>suspicionem</strong></span> <span class='ocrx_word' id='word_1_723' title='bbox 3313 5050 3477 5106; x_wconf 89' lang='lat' dir='ltr'><strong>quam</strong></span> <span class='ocrx_word' id='word_1_724' title='bbox 3523 5034 3591 5089; x_wconf 89' lang='lat' dir='ltr'><strong>de</strong></span> <span class='ocrx_word' id='word_1_725' title='bbox 3619 5043 3674 5089; x_wconf 85' lang='lat' dir='ltr'><strong>te</strong></span> 
     </span>
    </p>
   </div>
   <div class='ocr_carea' id='block_1_109' title="bbox 2091 5127 3667 5197">
    <p class='ocr_par' dir='ltr' id='par_1_109' title="bbox 2091 5127 3667 5197">
     <span class='ocr_line' id='line_1_110' title="bbox 2091 5127 3667 5197; baseline -0.004 -13"><span class='ocrx_word' id='word_1_726' title='bbox 2091 5131 2314 5193; x_wconf 85' lang='lat' dir='ltr'><strong>habent,</strong></span> <span class='ocrx_word' id='word_1_727' title='bbox 2344 5128 2637 5195; x_wconf 79' lang='lat' dir='ltr'><strong>dissolvas,</strong></span> <span class='ocrx_word' id='word_1_728' title='bbox 2681 5127 2904 5197; x_wconf 86' lang='lat' dir='ltr'><strong>illisque</strong></span> <span class='ocrx_word' id='word_1_729' title='bbox 2949 5127 3208 5183; x_wconf 86' lang='lat' dir='ltr'><strong>ostendas</strong></span> <span class='ocrx_word' id='word_1_730' title='bbox 3242 5128 3388 5196; x_wconf 91' lang='lat' dir='ltr'><strong>quod</strong></span> <span class='ocrx_word' id='word_1_731' title='bbox 3423 5140 3531 5178; x_wconf 91' lang='lat' dir='ltr'><strong>non</strong></span> <span class='ocrx_word' id='word_1_732' title='bbox 3557 5127 3667 5178; x_wconf 49' lang='lat' dir='ltr'><strong>‘so-</strong></span> 
     </span>
    </p>
   </div>
   <div class='ocr_carea' id='block_1_110' title="bbox 2089 5219 3676 5292">
    <p class='ocr_par' dir='ltr' id='par_1_110' title="bbox 2089 5219 3676 5292">
     <span class='ocr_line' id='line_1_111' title="bbox 2089 5219 3676 5292; baseline -0.004 -14"><span class='ocrx_word' id='word_1_733' title='bbox 2089 5225 2202 5278; x_wconf 93' lang='lat' dir='ltr'><strong>lum</strong></span> <span class='ocrx_word' id='word_1_734' title='bbox 2264 5223 2408 5277; x_wconf 87' lang='lat' dir='ltr'><strong>nihil</strong></span> <span class='ocrx_word' id='word_1_735' title='bbox 2435 5234 2626 5278; x_wconf 90' lang='lat' dir='ltr'><strong>contra</strong></span> <span class='ocrx_word' id='word_1_736' title='bbox 2685 5223 2858 5292; x_wconf 81' lang='lat' dir='ltr'><strong>legem</strong></span> <span class='ocrx_word' id='word_1_737' title='bbox 2900 5222 3122 5286; x_wconf 88' lang='lat' dir='ltr'><strong>doceas,</strong></span> <span class='ocrx_word' id='word_1_738' title='bbox 3175 5220 3272 5277; x_wconf 87' lang='lat' dir='ltr'><strong>sed</strong></span> <span class='ocrx_word' id='word_1_739' title='bbox 3330 5221 3448 5290; x_wconf 86' lang='lat' dir='ltr'><strong>ipse</strong></span> <span class='ocrx_word' id='word_1_740' title='bbox 3505 5219 3676 5271; x_wconf 82' lang='lat' dir='ltr'><strong>etiam</strong></span> 
     </span>
    </p>
   </div>
   <div class='ocr_carea' id='block_1_111' title="bbox 2095 5309 3672 5388">
    <p class='ocr_par' dir='ltr' id='par_1_111' title="bbox 2095 5309 3672 5388">
     <span class='ocr_line' id='line_1_112' title="bbox 2095 5309 3672 5388; baseline -0.006 -18"><span class='ocrx_word' id='word_1_741' title='bbox 2095 5333 2217 5388; x_wconf 63' lang='lat' dir='ltr'><strong>quae</strong></span> <span class='ocrx_word' id='word_1_742' title='bbox 2259 5317 2392 5386; x_wconf 80' lang='lat' dir='ltr'><strong>legis</strong></span> <span class='ocrx_word' id='word_1_743' title='bbox 2431 5325 2582 5382; x_wconf 88' lang='lat' dir='ltr'><strong>sunt,</strong></span> <span class='ocrx_word' id='word_1_744' title='bbox 2620 5316 2898 5370; x_wconf 84' lang='lat' dir='ltr'><strong>observes.</strong></span> <span class='ocrx_word' id='word_1_745' title='bbox 2946 5312 3026 5369; x_wconf 87' lang='lat' dir='ltr'><strong>Ne</strong></span> <span class='ocrx_word' id='word_1_746' title='bbox 3056 5327 3183 5368; x_wconf 87' lang='lat' dir='ltr'><strong>vero</strong></span> <span class='ocrx_word' id='word_1_747' title='bbox 3240 5310 3445 5366; x_wconf 88' lang='lat' dir='ltr'><strong>Paulus</strong></span> <span class='ocrx_word' id='word_1_748' title='bbox 3483 5309 3672 5364; x_wconf 86' lang='lat' dir='ltr'><strong>dicat:</strong></span> 
     </span>
    </p>
   </div>
   <div class='ocr_carea' id='block_1_112' title="bbox 2095 5400 3678 5478">
    <p class='ocr_par' dir='ltr' id='par_1_112' title="bbox 2095 5400 3678 5478">
     <span class='ocr_line' id='line_1_113' title="bbox 2095 5400 3678 5478; baseline -0.006 -16"><span class='ocrx_word' id='word_1_749' title='bbox 2095 5407 2152 5462; x_wconf 89' lang='lat' dir='ltr'><strong>Si</strong></span> <span class='ocrx_word' id='word_1_750' title='bbox 2178 5409 2293 5462; x_wconf 63' lang='lat' dir='ltr'><strong>haec</strong></span> <span class='ocrx_word' id='word_1_751' title='bbox 2339 5408 2573 5478; x_wconf 86' lang='lat' dir='ltr'><strong>gentiles</strong></span> <span class='ocrx_word' id='word_1_752' title='bbox 2601 5404 2948 5474; x_wconf 82' lang='lat' dir='ltr'><strong>resciverim,</strong></span> <span class='ocrx_word' id='word_1_753' title='bbox 2986 5403 3309 5460; x_wconf 90' lang='lat' dir='ltr'><strong>scandalum</strong></span> <span class='ocrx_word' id='word_1_754' title='bbox 3364 5400 3678 5473; x_wconf 65' lang='lat' dir='ltr'><strong>patientur,</strong></span> 
     </span>
    </p>
   </div>
   <div class='ocr_carea' id='block_1_113' title="bbox 1562 5521 2454 5585">
    <p class='ocr_par' dir='ltr' id='par_1_113' title="bbox 1562 5521 2454 5585">
     <span class='ocr_line' id='line_1_114' title="bbox 1562 5521 2454 5585; baseline 0.001 -4"><span class='ocrx_word' id='word_1_755' title='bbox 1562 5521 1763 5583; x_wconf 68' lang='lat' dir='ltr'><strong>Variae</strong></span> <span class='ocrx_word' id='word_1_756' title='bbox 1796 5521 2104 5585; x_wconf 85' lang='lat' dir='ltr'><strong>lectiones</strong></span> <span class='ocrx_word' id='word_1_757' title='bbox 2145 5529 2210 5585; x_wconf 88' lang='lat' dir='ltr'><strong>et</strong></span> <span class='ocrx_word' id='word_1_758' title='bbox 2259 5529 2454 5584; x_wconf 73' lang='lat' dir='ltr'><strong>notia.</strong></span> 
     </span>
    </p>
   </div>
   <div class='ocr_carea' id='block_1_114' title="bbox 487 5615 720 5686">
    <p class='ocr_par' dir='ltr' id='par_1_114' title="bbox 487 5615 720 5686">
     <span class='ocr_line' id='line_1_115' title="bbox 487 5615 720 5686; baseline 0.009 -16"><span class='ocrx_word' id='word_1_759' title='bbox 487 5615 532 5650; x_wconf 80' lang='lat'>”</span> <span class='ocrx_word' id='word_1_760' title='bbox 566 5636 720 5686; x_wconf 68' lang='grc' dir='ltr'>φασι.</span> 
     </span>
    </p>
   </div>
   <div class='ocr_carea' id='block_1_115' title="bbox 491 5757 2554 5830">
    <p class='ocr_par' dir='ltr' id='par_1_115' title="bbox 491 5757 2554 5830">
     <span class='ocr_line' id='line_1_116' title="bbox 491 5757 2554 5830; baseline 0.001 -18"><span class='ocrx_word' id='word_1_761' title='bbox 491 5759 602 5830; x_wconf 79' lang='lat'><strong>(37)</strong></span> <span class='ocrx_word' id='word_1_762' title='bbox 638 5757 850 5830; x_wconf 77' lang='lat' dir='ltr'><strong>Utique,</strong></span> <span class='ocrx_word' id='word_1_763' title='bbox 881 5760 975 5817; x_wconf 85' lang='lat' dir='ltr'><strong>ubi</strong></span> <span class='ocrx_word' id='word_1_764' title='bbox 1006 5776 1116 5818; x_wconf 86' lang='lat' dir='ltr'><strong>non</strong></span> <span class='ocrx_word' id='word_1_765' title='bbox 1138 5761 1322 5818; x_wconf 87' lang='lat' dir='ltr'><strong>obstat</strong></span> <span class='ocrx_word' id='word_1_766' title='bbox 1364 5759 1737 5818; x_wconf 87' lang='lat' dir='ltr'><strong>ecclesiastica</strong></span> <span class='ocrx_word' id='word_1_767' title='bbox 1760 5759 1866 5828; x_wconf 81' lang='lat' dir='ltr'><strong>lex,</strong></span> <span class='ocrx_word' id='word_1_768' title='bbox 1904 5767 1965 5815; x_wconf 90' lang='lat' dir='ltr'><strong>ut</strong></span> <span class='ocrx_word' id='word_1_769' title='bbox 1994 5759 2049 5815; x_wconf 88' lang='lat' dir='ltr'><strong>in</strong></span> <span class='ocrx_word' id='word_1_770' title='bbox 2072 5760 2304 5816; x_wconf 87' lang='lat' dir='ltr'><strong>ecclesia</strong></span> <span class='ocrx_word' id='word_1_771' title='bbox 2338 5757 2554 5817; x_wconf 86' lang='lat' dir='ltr'><strong>Latina.</strong></span> 
     </span>
    </p>
   </div>
  </div>
