4082 6424
418 362 554 424 1023

1257 358 1840 423 ΤΙΙΕΟΡΙΙΥΕΑΕΤῒ
1882 356 2183 417 131]ιῦΜῖ
2200 354 2291 413 [Αἰ
2325 355 2529 416 ARCll
2543 353 2682 413 [EP.

3515 348 3650 412 1024

414 470 689 527 subdunt:
738 489 755 520 ι
795 466 867 522 De
893 469 976 523 his
1006 476 1188 522 autem
1218 470 1311 539 qui
1344 469 1700 524 crediderunt
1729 482 1792 520 ex
1832 480 1969 535 gen-

2088 463 2240 532 ἡμεῖς
2273 462 2689 531 ἐπεστείλαμεν,
2714 459 2870 533 φησὶ,
2895 461 3179 532 κρίναντες
3207 462 3375 533 μηδὲν
3407 462 3650 515 τοιοῦτον

407 564 617 624 tilibus,
644 576 745 615 nos
767 560 1109 628 scripsimus,
1137 560 1476 629 iudicantes,
1512 579 1530 611 ι
1572 558 1704 612 nihil
1769 558 1967 610 horum

408 654 737 709 servandum
778 651 886 706 illis
935 667 1080 708 esse.
1131 650 1598 718 Quemadmodum
1650 649 1971 719 igiturnos,

408 745 510 800 etsi
532 741 736 797 Judasis
773 741 1154 812 praedicemus,
1186 743 1295 796 illis
1330 739 1697 809 praecipimus,
1729 739 1810 793 sic
1832 748 1886 792 et
1914 745 1971 792 tu

408 835 503 904 qui
542 834 796 906 gentibus
826 834 1114 904 praedicas,
1141 836 1297 890 nobis
1325 847 1645 902 cooperare.
1695 831 1975 899 Attempe-

410 927 550 979 ratio
577 935 698 993 est;
730 927 864 981 nihil
902 927 1200 995 suSpicare.
1238 925 1300 979 Et
1333 924 1552 994 quidem
1600 923 1705 977 hoc
1745 921 1975 977 Jeroso-

409 1012 571 1082 lymis
607 1011 788 1067 facere
811 1013 1028 1067 diliicile
1054 1028 1162 1066 non
1202 1021 1306 1068 est.
1348 1011 1462 1067 lloc
1500 1012 1668 1081 igitur
1716 1009 1801 1065 lac
1865 1009 1974 1076 hic,

411 1114 467 1156 ιιι
500 1104 628 1158 illud
662 1105 785 1159 alibi
813 1104 910 1158 tibi
939 1104 1116 1159 facere
1157 1105 1337 1160 liceat.
1369 1103 1466 1159 His
1493 1117 1791 1174 persuasus
1836 1100 1978 1155 Pau-

412 1192 495 1245 lus
525 1208 585 1247 se
613 1193 871 1259 totondit,
911 1203 966 1249 et
1004 1196 1183 1249 omnia
1216 1194 1410 1262 legalia
1445 1191 1694 1263 perfecit.

957 1335 1186 1391 CAPUT
1217 1335 1435 1391 XXXII.

409 1459 488 1514 De
516 1462 906 1527 perturbatione
930 1473 1073 1517 mota
1104 1474 1288 1518 contra
1324 1463 1556 1517 Paulum
1606 1461 1980 1533 Jerosolymis,

478 1562 528 1605 et
558 1555 818 1620 quomodo
844 1570 961 1607 eum
999 1555 1244 1609 tribunus
1286 1572 1313 1609 e
1357 1555 1713 1609 multitudinis
1742 1557 1982 1612 manibus

442 1634 748 1711 'eripuerit.

762 1751 916 1807 Fcria
944 1755 977 1808 5
1004 1754 1356 1809 hebdomadas
1379 1755 1641 1825 septimae.

1041 1899 1342 1956 TEXTUS.

482 2003 628 2070 XXI,
642 2003 837 2060 26.40.
856 2006 1009 2062 Tunc
1033 2005 1253 2072 Paulus,
1273 2009 1571 2078 assumptis
1594 2010 1748 2075 viris,
1766 2018 1985 2079 postera

414 2096 502 2151 die
526 2096 844 2165 puriﬁcattts
864 2111 986 2150 cum
1012 2098 1117 2152 illis
1137 2098 1362 2151 intravit
1383 2099 1435 2151 in
1464 2101 1746 2169 templum,
1770 2115 1985 2155 annuu-

416 2184 562 2238 tians
578 2183 941 2251 expletionem
960 2183 1173 2238 dierum
1197 2186 1614 2254 puriﬁcationis,
1632 2187 1804 2240 donec
1827 2185 1987 2241 otfer-

414 2281 563 2328 retur
582 2289 677 2342 pro
699 2289 1029 2343 unoquoque
1041 2289 1232 2329 eorum
1251 2276 1476 2330 oblatio.
1515 2278 1647 2330 Dum
1665 2286 1844 2332 autem
1864 2294 1987 2348 sep-

413 2376 522 2420 tem
541 2365 659 2419 dies
672 2372 1206 2429 ronsummarentur,
1226 2367 1278 2420 lii
1294 2370 1385 2436 qui
1398 2369 1463 2421 de
1479 2368 1605 2422 Asia
1623 2378 1778 2423 erant
1792 2369 1984 2439 Judaei,

415 2473 540 2512 cum
576 2458 837 2512 vidissent
860 2472 980 2512 eum
1007 2459 1058 2512 in
1091 2460 1312 2528 templo,
1330 2461 1742 2515 concitaverunt
1768 2477 1983 2517 omnem

416 2547 697 2616 populum,
721 2557 774 2603 et
809 2547 1116 2617 iniecerunt
1146 2550 1194 2603 ei
1231 2549 1623 2620 manus,295
1650 2551 1982 2606 clamantes:

418 2636 531 2691 Viri
564 2636 844 2703 israelitae,
872 2640 1125 2707 adiuvate
1152 2658 1165 2693 :
1202 2639 1292 2694 hic
1322 2648 1406 2695 est
1439 2641 1627 2704 homo,
1655 2640 1746 2710 qui
1787 2640 1983 2696 adver-

414 2743 511 2783 sus
539 2728 797 2799 populum
836 2742 890 2785 et
920 2731 1090 2800 legem
1132 2738 1189 2785 et
1219 2730 1395 2785 locum
1446 2731 1591 2785 hunc
1626 2747 1817 2787 omnes
1865 2734 1987 2788 ubi-

413 2835 521 2889 que
542 2820 765 2883 docens,
800 2822 1026 2886 insuper
1045 2831 1100 2875 et
1122 2822 1353 2891 gentiles
1378 2821 1593 2876 induxit
1616 2822 1671 2876 in
1700 2824 1983 2893 templum,

414 2917 469 2961 et
524 2908 746 2963 violavit
797 2921 1047 2964 sanctum
1083 2910 1262 2964 locum
1316 2910 1505 2964 istum.
1547 2908 1813 2966 Viderant
1839 2912 1985 2966 enim

415 2997 771 3068 Trophimum
804 2999 1097 3070 Ephesium
1134 3002 1189 3054 in
1213 3002 1439 3056 civitate
1467 3017 1589 3057 cum
1639 3002 1783 3072 ipso,
1819 3018 1982 3073 quem

414 3089 850 3153 aestimaverunt,
884 3091 1143 3159 quoniam
1185 3091 1239 3145 in
1280 3093 1543 3162 templum
1586 3093 1983 3149 introduxisset

416 3177 644 3234 Paulus.
678 3180 1072 3251 Commotaque
1103 3192 1188 3236 est
1213 3182 1408 3238 civitas
1437 3191 1547 3237 tota
1584 3224 1598 3249 ,
1630 3192 1684 3239 et
1723 3183 1865 3240 facta
1900 3197 1983 3242 est

417 3271 712 3326 concursio
744 3272 951 3341 populi.
981 3272 1047 3327 Et
1092 3276 1568 3345 apprehendentes
1595 3275 1846 3343 Paulum,
1875 3286 1987 3333 tra-

418 3361 621 3416 hebant
649 3378 775 3417 ettm
804 3373 958 3419 extra
991 3367 1274 3435 templum,
1306 3375 1361 3422 et
1388 3369 1574 3423 statim
1626 3369 1828 3425 clausa:
1860 3380 1987 3425 sunt

414 3452 616 3521 ianua.
652 3452 1037 3520 Quaerentibus
1065 3466 1247 3511 autem
1304 3473 1426 3513 eum
1461 3459 1736 3525 occidere,
1767 3462 1987 3516 nuntia-

421 3552 534 3596 tttm
572 3554 655 3599 est
708 3545 929 3601 tribuno
970 3548 1415 3620 cohortis,'quia
1466 3559 1577 3606 tota
1633 3552 1989 3607 confunditur

418 3632 746 3690 Jerusalem.
783 3635 886 3703 Qui
918 3639 1128 3703 statim,
1152 3641 1449 3711 assumptis
1477 3642 1743 3699 militibus
1769 3655 1822 3700 et
1854 3662 1987 3701 cen-
2029 3682 2037 3689 -

422 3727 752 3794 turiOnibus,
789 3729 1037 3784 decurrit
1083 3732 1149 3785 ad
1202 3732 1346 3788 illos.
1405 3734 1507 3800 Qui
1568 3751 1690 3790 cum
1722 3738 1989 3794 vidissent

420 3817 697 3875 tribunum
749 3830 804 3877 et
854 3824 1072 3889 milites,
1114 3837 1469 3882 cessaverunt
1517 3838 1804 3898 percutere
1845 3831 1987 3887 Pau-

420 3909 554 3965 lum.

495 4199 651 4255 Tunc
692 4201 956 4259 accedens
1015 4204 1273 4262 tribunus
1328 4208 1694 4278 apprehendit
1741 4226 1887 4275 cum,
1934 4219 1989 4267 et

420 4291 585 4357 iussit
621 4306 744 4345 eum
771 4292 982 4364 alligari
1009 4296 1220 4351 catenis
1251 4297 1485 4363 duabus,
1514 4308 1569 4353 et
1617 4300 1989 4371 interrogabat

421 4379 544 4448 quis
622 4389 788 4444 esset,
867 4394 921 4436 et
970 4382 1099 4452 quid
1147 4382 1385 4441 fecisset.
1453 4386 1559 4440 Alii
1607 4397 1787 4443 autent
1841 4391 1988 4446 aliud

2079 558 2267 625 τηρεῖν
2299 554 2514 618 αὐτούς.
2546 574 2565 605 ι
2602 553 2814 624 Ὠσπερ
2844 548 2938 606 οὖν
2987 555 3150 623 ἡμεῖς
3204 554 3432 615 ἐκείνοις
3457 552 3654 605 ἐπετά-

2078 647 2270 718 ξαμεν,
2302 648 2479 701 καίτοι
2513 644 2800 718 ΑἸουδαίοις
2849 645 3213 717 κηρύττοντες
3232 686 3247 709 ,
3281 644 3426 698 οῦτω
3458 644 3554 698 καὶ
3584 645 3648 697 σὺ

2074 716 2189 801 τοῖς
2243 738 2421 792 ἔθνεσι
2453 716 2767 809 κηρύσσων,
2806 716 3127 806 σύμπραξον
3157 738 3312 807 ἡμῖν.
3364 737 3650 804 Συγκατα-

2077 829 2292 893 ϐάσεως
2353 830 2512 883 τοῦτό
2548 830 2685 895 ἐστι,
2748 829 2917 898 μηδὲν
2947 828 3327 898 ὑποπτεύσῃς·
3359 827 3456 881 καὶ
3493 828 3554 880 τὸ
3590 829 3651 880 ἐν

2093 920 2493 993 Ἰεροσολύμοις
2545 921 2602 975 δὲ
2637 919 2796 975 τοῦτο
2849 923 3043 986 ποιεῖν,
3100 920 3358 991 φορητόν.
3411 920 3646 989 Ποίησον

2078 1014 2173 1069 οὖν
2200 1016 2357 1070 τοῦτο
2386 1016 2641 1082 ἐνταῦθα,
2670 1017 2761 1070 ἵνα
2808 1016 2902 1086 ἐξῇ
2955 1032 3036 1068 σοι
3065 1013 3218 1087 [ἔξω]
3243 1015 3419 1066 ποιεῖν
3451 1015 3647 1066 ἐκεῖνο.

2081 1105 2214 1162 Εἶτα
2250 1110 2476 1180 ἐπείσθη
2518 1094 2720 1175 αὐτοῖς,
2776 1108 3026 1181 ἐξυρᾶτο,
3053 1108 3145 1160 καὶ
3190 1106 3367 1160 πάντα
3418 1105 3485 1159 τά
3527 1104 3653 1158 Ἰου-

2078 1198 2239 1253 δαϊκὰ
2270 1198 2536 1254 ἐτέλεσεν.

2651 1344 2901 1398 ΚΕΦΑΛ.
2938 1344 3059 1396 AB'.

2084 1470 2221 1537 Περί
2249 1470 2360 1539 τῆς
2387 1472 2456 1524 ἐν
2480 1471 2878 1539 Ἰερουσαλὴμ
2901 1470 3052 1538 κατὰ
3078 1470 3186 1525 τοῦ
3218 1472 3462 1526 Παύλου
3487 1488 3655 1540 κινη-

2153 1563 2362 1630 θείσης
2384 1564 2653 1630 ἀταξίας,
2686 1564 2846 1631 ὅπως
2862 1581 2925 1618 τε
2953 1564 3140 1618 αὐτὸν
3161 1566 3194 1618 ό
3218 1566 3527 1634 χιλίαρχος
3549 1565 3656 1626 τοῦ

2155 1653 2430 1720 πλήθους
2462 1654 2799 1721 ἐξαιρεῖται.

2495 1765 2573 1835 Τῇ
2605 1764 2652 1834 γ’
2698 1766 2796 1835 τῆς
2835 1763 2879 1827 ζ’
2916 1765 3234 1836 ἑϐδομάδος.

2670 1891 3055 1945 ΚΕΙΜΕΝΟΝ.

2157 1997 2290 2048 Τότε
2313 1996 2342 2048 6
2377 1994 2589 2058 Παῦλος
2639 1996 2973 2066 παραλαϐὼν
3008 1999 3132 2060 τοὺς
3179 2000 3391 2070 ινδρας,
3434 2002 3497 2070 τῇ
3534 2000 3656 2070 ἐχο-

2090 2088 2226 2159 μένῃ
2253 2088 2458 2158 ἡμέρᾳ,
2499 2090 2595 2141 καὶ
2622 2090 2720 2142 σὺν
2750 2089 2939 2151 αὐτοῖς
2961 2090 3260 2158 ἁγνισθεὶς,
3282 2090 3456 2162 εἰσῄει
3490 2092 3569 2154 εἰς
3599 2091 3657 2143 τὸ

2088 2177 2253 2247 ἱερὸν,
2281 2177 2611 2247 διαγγέλλων
2643 2179 2739 2248 τὴν
2782 2179 3128 2249 ἐκπλήρωσιν
3163 2180 3269 2233 τῶν
3310 2181 3535 2251 ἡμερῶν
3564 2180 3656 2234 τοῦ

2086 2269 2378 2340 ἁγνισμοῦ,
2419 2270 2525 2334 ἕως
2560 2263 2621 2322 οὗ
2676 2270 3027 2342 προσηνέχθη
3083 2273 3221 2344 ὑπὲρ
3271 2274 3387 2335 ἐνὸς
3420 2274 3655 2328 ἑκάστου

2087 2361 2266 2413 αὐτῶν
2300 2364 2331 2430 ή
2366 2363 2671 2433 προσφορά.
2718 2363 2807 2425 Ὠς
2860 2364 2915 2416 δὲ
2948 2364 3171 2433 ἔμελλον
3204 2368 3260 2419 αί
3286 2367 3422 2420 ἑπτὰ
3453 2368 3659 2438 ἡμέραι

2090 2450 2480 2513 συντελεῖσθαι,
2505 2453 2554 2505 οἱ
2582 2453 2687 2505 ἀπὸ
2710 2455 2807 2522 τῆς
2846 2454 3029 2519 Ἀσίας
3060 2455 3298 2509 Ἰουδαῖοι
3330 2457 3659 2527 θεασάμενοι

2089 2541 2251 2593 αὐτὸν
2295 2542 2351 2594 ἐν
2403 2542 2481 2613 τῷ
2509 2542 2659 2612 ἱερῷ,
2708 2544 2960 2614 συνέχεον
3008 2546 3095 2598 ἐπ’
3140 2547 3305 2600 αὑτὸν
3337 2549 3515 2602 πάντα
3568 2551 3660 2601 τὸν

2087 2632 2261 2701 δχλον,
2285 2631 2379 2686 καὶ
2404 2633 2669 2687 ἐπέϐα).ον
2697 2635 2781 2686 ἐπ’
2804 2634 2964 2688 αὑτὸν
2987 2635 3083 2699 τὰς
3103 2638 3308 2707 χεῖρας,
3336 2637 3658 2709 κράζοντεςο

2094 2724 2322 2794 ’Δνδρες
2368 2724 2718 2795 Ἰσραηλῖται,
2762 2725 3040 2795 βοηθεῖτε·
3075 2722 3228 2790 οὗτός
3285 2730 3434 2780 ἐστιν
3482 2731 3509 2781 6
3565 2730 3662 2784 άνο

2090 2813 2305 2884 θρωπος
2343 2815 2372 2867 6
2399 2815 2537 2868 κατὰ
2569 2816 2662 2869 τοῦ
2696 2816 2847 2883 λαοῦ,
2895 2818 2986 2870 καὶ
3034 2819 3128 2872 τοῦ
3171 2820 3358 2889 νόμου,
3421 2818 3513 2872 καὶ
3565 2820 3659 2873 τοῦ

2087 2904 2254 2957 τόπου
2285 2904 2498 2971 τούτου,
2540 2908 2749 2970 πάντας
2796 2908 3075 2979 πανταχοῦ
3134 2909 3401 2964 διδάσκων
3425 2928 3439 2943 ο
3490 2910 3569 2964 ἐτι
3599 2929 3660 2965 τε

2088 2997 2184 3051 καὶ
2219 2996 2481 3067 Ἕλληνας
2513 3000 2806 3069 εἰσήγαγεν
2826 3002 2906 3064 εἰς
2930 3001 2991 3054 τὸ
3033 3003 3196 3074 ίερδν,
3234 3003 3331 3057 καὶ
3364 3005 3660 3057 κεκοίνωκε

2088 3086 2179 3143 τὸν
2234 3086 2390 3155 ἅγιον
2426 3088 2591 3143 τόπον
2643 3088 2832 3144 τοῦτον
2880 3086 3042 3163 (ἦσαν
3079 3091 3188 3163 γὰρ
3243 3094 3658 3163 προεωρακότες

2091 3177 2369 3248 Τρόφιμον
2425 3179 2513 3233 τὸν
2546 3180 2791 3249 Ἐφέσιον
2839 3178 2897 3235 ἐν
2929 3185 2993 3253 τῇ
3026 3183 3204 3237 ἑπόλει
3254 3183 3351 3237 σὺν
3383 3183 3556 3254 αὐτῷ,
3602 3185 3662 3239 ὃν

2090 3269 2338 3339 ἐνόμιζον
2377 3271 2460 3325 ὅτι
2491 3272 2573 3336 είς
2603 3272 2664 3326 τὸ
2696 3273 3151 3344 ίερὸνείσήγαγεν
3182 3276 3210 3329 6
3245 3274 3496 3345 Παῦλος).
3517 3276 3663 3329 Ἐκιο

2093 3359 2229 3431 νήθη
2249 3378 2308 3414 τε
2339 3362 2373 3433 ἠ
2398 3362 2551 3426 πόλις
2572 3363 2689 3434 ὅλη,
2721 3364 2814 3418 καὶ
2830 3364 3048 3433 ἐγένετο
3071 3366 3346 3437 συνδρομὴ
3378 3367 3471 3421 τοῦ
3494 3367 3622 3421 λαοῦ
3645 3385 3659 3398 ο

2094 3451 2189 3505 καὶ
2215 3452 2599 3524 ἐπιλαϐόμενοι
2630 3456 2726 3508 τοῦ
2757 3455 2994 3523 Παύλου,
3022 3452 3205 3511 εἷλκον
3235 3458 3398 3512 αὑτὸν
3428 3457 3533 3523 ἔξω
3566 3460 3661 3513 τοῦ

2097 3543 2245 3614 ἱεροῦ
2271 3563 2283 3574 ·
2316 3544 2411 3598 καὶ
2436 3544 2638 3609 εὐθέως
2659 3546 3015 3617 ἐκλείσθησαν
3035 3551 3094 3602 αἰ
3127 3549 3312 3619 θύραι.
3346 3550 3663 3620 Ζητούντων

2091 3633 2148 3686 δὲ
2186 3634 2350 3688 αὐτὸν
2374 3636 2714 3701 ἀποκτεῖναι,
2758 3638 2925 3708 ἀνέϐη
2963 3640 3128 3709 φάσις
3161 3641 3241 3710 τῷ
3265 3642 3531 3713 χιλιάρχῳ
3565 3645 3663 3714 τῆς

2093 3727 2343 3798 σπείρης,
2375 3730 2456 3783 ὅτι
2494 3729 2589 3801 ὅλη
2629 3732 2959 3803 συγκέχυται
2998 3736 3033 3806 ἡ
3071 3735 3457 3806 Ἰερουσαλήμ.
3480 3739 3579 3800 Ὃς
3604 3736 3664 3802 ἐξ

2090 3818 2263 3888 αὐτῆς
2322 3820 2657 3892 παραλαϐὼν
2700 3825 3040 3895 στρατιώτας
3071 3828 3166 3878 καὶ
3211 3827 3661 3899 ἑκατοντάρχους,

2091 3912 2432 3984 κατέδραμεν
2455 3917 2544 3968 ἐπ’
2583 3916 2800 3977 αὐτούς.
2831 3917 2895 3970 Oi
2927 3917 3006 3983 δὲ,
3040 3917 3241 3981 ἰδόντες
3263 3917 3355 3972 τὸν
3380 3917 3664 3988 χιλίαρχον

2090 4005 2186 4058 καὶ
2214 4007 2340 4071 τοὺς
2371 4007 3065 4079 στρατιώτας,’ἐπαύσαντο
3085 4010 3378 4074 τύπτοντες
3402 4011 3495 4065 τὸν
3519 4012 3665 4067 Παῦ-

2096 4150 2099 4155 .
2121 4115 2202 4153 ον.

2160 4208 2296 4261 Τότε
2347 4209 2574 4277 ἐγγίσας
2600 4211 2628 4264 6
2654 4211 2957 4281 χιλίαρχος,
2995 4211 3292 4267 ἐπελάϐετο
3336 4213 3525 4279 αὑτοῦ,
3570 4216 3663 4269 καὶ⁵

2091 4297 2345 4350 ἐκέλευσε
2370 4298 2594 4369 δεθῆναι
2641 4300 2863 4356 ἁλύσεσι
2896 4303 3017 4355 δυσί
3039 4317 3053 4333 ο
3088 4303 3183 4355 καὶ
3230 4304 3557 4359 ἐπυνθάνετο
3580 4307 3663 4371 τίς

2093 4388 2159 4442 ἂν
2188 4389 2296 4459 εἰη,
2341 4391 2436 4443 καὶ
2471 4390 2525 4443 τί
2574 4393 2691 4446 ἐστι
2735 4394 3075 4462 πεποιηκώς.
3109 4395 3293 4449 Ἀλλοι
3324 4397 3380 4450 δὲ
3443 4398 3569 4452 ἄλλο
3607 4417 3662 4453 τι

420 4472 730 4527 clamabant
773 4473 827 4527 in
884 4475 1064 4530 turba.
1115 4474 1181 4529 Et
1231 4492 1354 4532 cum
1401 4494 1513 4533 non
1562 4489 1746 4549 posset
1774 4491 1981 4537 certum

2091 4480 2403 4547 ἐπεφώνουν
2437 4482 2494 4535 ἐν
2515 4482 2593 4552 τῷ
2614 4482 2775 4553 ὄχλῳ.
2799 4484 2889 4555 Μὴ
2917 4483 3217 4555 δυναμένου
3248 4487 3305 4540 δὲ
3332 4489 3496 4542 αὑτοῦ
3530 4491 3662 4557 γνῶ⁴

419 4579 749 4634 rognoscere
831 4581 943 4635 pra:
1008 4568 1268 4635 tumultu,
1324 4570 1493 4639 iussit
1549 4570 1673 4626 duci
1720 4587 1846 4627 eum
1926 4574 1983 4628 in

419 4666 618 4712 castra.
677 4658 742 4713 Et
794 4674 920 4714 cum
987 4663 1229 4716 venisset
1284 4663 1349 4717 ad
1417 4665 1659 4734 gradus,
1717 4666 1983 4737 contigit,

422 4755 483 4802 ut
539 4757 848 4819 portaretur
908 4765 937 4804 a
995 4751 1259 4807 militibus
1319 4763 1541 4823 propter
1597 4756 1704 4809 vim
1776 4758 1982 4827 populi.

422 4842 759 4911 Sequebatur
835 4844 978 4898 enim
1044 4844 1334 4900 multitudo
1407 4847 1590 4916 populi
1684 4848 1983 4905 clamans:

421 4927 573 4984 Tolle
624 4947 768 4985 eum.
817 4932 1047 4990 Etcum
1109 4938 1368 5007 cmpisset
1422 4940 1605 4997 induci
1665 4941 1719 4995 in
1782 4951 1986 5006 castra,

421 5022 622 5079 Paulus
665 5025 798 5080 dicit
838 5029 1057 5085 tribuno
1098 5049 1112 5085 :
1180 5032 1236 5087 Si
1306 5035 1432 5088 licet
1484 5035 1615 5089 mihi
1663 5036 1810 5104 loqui
1884 5034 1985 5088 ali-

420 5115 548 5184 quid
611 5119 675 5170 ail
725 5119 821 5174 te?
876 5120 978 5188 Qui
1019 5124 1156 5178 dixit
1196 5141 1211 5177 :
1249 5125 1434 5181 Graece
1474 5127 1662 5181 nosti?
1693 5127 1885 5182 Nonne
1929 5135 1987 5181 tu

422 5223 480 5261 cs
513 5206 824 5280 Aﬂgyptius,
858 5216 950 5282 qui
979 5225 1104 5268 ante
1135 5215 1233 5270 hos
1266 5216 1384 5271 dies
1410 5219 1704 5272 tumultum
1738 5219 1985 5272 concita-

422 5300 493 5354 sti
521 5311 572 5354 et
600 5302 839 5357 eduxisti
872 5305 924 5357 in
956 5304 1232 5360 desertum
1265 5316 1505 5377 quatuor
1545 5310 1715 5363 millia
1744 5309 1985 5364 virorum

424 5386 793 5443 sicariorum?
829 5390 895 5444 Et
941 5392 1075 5445 dixit
1114 5395 1181 5448 ad
1212 5410 1337 5448 eum
1392 5395 1627 5451 Paulus:
1683 5396 1796 5467 Ego
1827 5397 1989 5451 homo

426 5490 544 5529 sum
595 5479 813 5548 quidem
869 5480 1095 5541 Judaaus
1125 5501 1153 5538 a
1192 5486 1365 5542 Tarso
1394 5487 1621 5551 Cilicia),
1655 5503 1761 5541 non
1791 5489 1990 5559 ignota:

425 5566 663 5619 civitatis
711 5572 1015 5642 municeps.
1059 5573 1210 5646 Rogo
1242 5585 1422 5631 autem
1471 5584 1546 5637 te,
1579 5577 1827 5645 permitte
1857 5577 1986 5630 mihi

428 5653 573 5723 loqui
607 5657 671 5711 ad
699 5661 980 5730 populum.
1018 5664 1231 5720 Etcum
1275 5667 1363 5721 ille
1397 5668 1755 5737 permisisset,
1790 5668 1989 5724 Paulus

430 5752 585 5799 stans
605 5746 657 5802 in
680 5751 958 5819 gradibus,
977 5757 1164 5812 annuit
1188 5774 1349 5813 ntautt
1371 5758 1437 5815 ad
1466 5759 1677 5830 plebem
1700 5770 1751 5817 ct
1793 5774 1990 5832 magno

2090 4587 2178 4622 ναι
2235 4572 2295 4624 τὸ
2322 4574 2562 4643 ἀσφαλὲς
2601 4576 2688 4630 διὰ
2724 4577 2816 4630 τῖον
2851 4576 3099 4647 θόρυϐον,
3152 4579 3439 4635 ἐκέλευσεν
3496 4582 3661 4636 αὐτὸν

2085 4660 2114 4712 6
2145 4662 2419 4734 χιλίαρχος
2467 4665 2693 4733 ἄγεσθαι
2743 4667 2825 4729 εἰς
2882 4665 2985 4739 τὴν
3041 4668 3412 4741 παρεμϐολήν.
3444 4671 3572 4723 Ὅτε
3602 4671 3662 4724 δὲ

2088 4754 2304 4818 ἐγένετο
2337 4756 2429 4809 ἐαιιτί⁵
2470 4756 2596 4820 τοὺς
2624 4757 2995 4829 άναϐαθμοὺς,
3050 4761 3247 4831 συνέϐη
3293 4761 3661 4832 βαστάζεσθαι

2087 4844 2248 4899 αὑτὸν
2276 4845 2381 4898 ὑπὸ
2410 4847 2517 4901 τῶν
2568 4848 2918 4918 στρατιωτῶν
2947 4848 3035 4902 διὰ
3061 4850 3161 4920 τὴν
3208 4849 3329 4919 βίαν
3358 4852 3450 4904 τοῦ
3479 4852 3658 4922 ὄχλου.

2100 4936 2397 5007 Ἦκολούθη
2442 4938 2553 5008 γὰρ
2598 4940 2660 4992 τὸ
2707 4939 2907 5009 πλῆθος
2956 4940 3051 4993 τοῦ
3110 4940 3241 4995 λαοῦ
3265 4981 3279 5007 ,
3321 4943 3614 5013 κράζοντες
3643 4959 3659 4976 ο

2086 5022 2222 5098 Αἶρε
2250 5028 2433 5083 αὐτόν.
2469 5030 2697 5084 Μέλλων
2745 5049 2805 5085 τε
2828 5031 3145 5098 εἰσάγεσθαι
3198 5034 3278 5096 είς
3315 5033 3417 5105 τὴν
3444 5052 3661 5107 παρεμ-

2089 5118 2250 5190 ϐολὴν
2282 5123 2311 5173 6
2345 5118 2576 5187 Παῦλος,
2613 5121 2763 5190 λέγει
2797 5121 2876 5193 τῷ
2904 5121 3171 5192 χιλιάρχῳ
3198 5139 3209 5151 ·
3255 5120 3317 5174 El
3357 5123 3536 5187 ἔξεστί
3569 5140 3658 5194 μοι

2092 5211 2268 5264 εἰπεῖν
2315 5228 2370 5263 τι
2421 5212 2558 5281 πρὸς
2616 5212 2718 5276 at;
2761 5212 2819 5265 Ὀ
2852 5212 2910 5265 δὲ
2959 5212 3105 5283 ἔφη*
3151 5212 3453 5283 Ἑλληνιστὶ
3496 5214 3661 5282 γινὼ-

2091 5317 2277 5368 σκεις;
2304 5302 2419 5355 Οὐκ
2436 5300 2546 5371 ἄρα
2581 5302 2645 5354 σὺ
2672 5298 2722 5355 εἷ
2756 5305 2786 5355 6
2813 5302 3108 5370 Αἰγύπτιος
3130 5305 3158 5357 6
3186 5304 3294 5375 πρὸ
3326 5305 3527 5359 τούτων
3552 5305 3660 5359 τῶν

2087 5391 2310 5463 ἡμερῶν
2340 5391 2747 5459 ἀναστατώσας,
2778 5396 2871 5447 καὶ
2905 5395 3191 5464 ἐξαγαγὼν
3220 5397 3298 5458 εἰς
3323 5397 3421 5466 τὴν
3450 5397 3658 5465 ἔρημον

2089 5485 2219 5548 τοὺς
2270 5486 2738 5555 τετρακισχιλίους
2786 5485 2988 5556 ἄνδρας
3039 5485 3148 5538 τῶν
3176 5487 3477 5557 σικαρίων;
3522 5484 3658 5540 Eine

2089 5576 2147 5628 δὲ
2198 5576 2227 5629 6
2286 5576 2496 5640 Παῦλος
2521 5593 2536 5608 ·
2585 5575 2728 5645 Ἐγὼ
2777 5576 3062 5646 ἄνθρωπος
3110 5578 3210 5648 μέν
3258 5580 3373 5647 εἰμι
3406 5577 3657 5641 Ἰουδαῖος

2092 5669 2339 5738 Ταρσεὺς
2358 5668 2458 5739 τῆς
2489 5668 2764 5732 Κιλικῐας,
2795 5666 2894 5721 οὐκ
2927 5669 3143 5740 ἀσήμου
3176 5669 3381 5733 πόλεως
3412 5668 3655 5736 πολίτης.

2095 5759 2296 5830 Δέομαι
2320 5759 2379 5813 δέ
2412 5777 2525 5826 σου,
2550 5759 2841 5829 ἐπίτρεψόν
2862 5777 2954 5830 μοι
2978 5759 3211 5831 λαλῆσαι
3239 5758 3371 5830 πρὸς
3398 5760 3489 5814 τδν
3508 5759 3654 5813 λαόν.
