4082 6426
433 399 571 466 1025

1064 406 1600 474 EXPOSITIONIS
1627 413 1708 475 IN
1748 415 1937 476 ACTA
1976 415 2274 476 TEXTUS
2302 416 2568 477 ALTER.
2602 443 2668 452 —
2695 418 2853 478 cur.
2884 400 3074 486 xin.

3468 456 3475 461 ο
3522 423 3659 490 1026

440 514 866 588 Ἐπιτρέψαντος
894 515 951 571 δέ
983 516 1171 585 αὐτοῦ,
1225 521 1254 573 ὁ
1288 512 1500 585 Παῦλος
1555 524 1726 588 ἐστὼς
1756 526 1850 578 ἐπὶ⁵
1886 525 1989 579 τῶν

2100 526 2319 581 silentio
2369 527 2532 593 facto,
2590 528 2858 585 allocutus
2906 543 2992 588 est
3046 534 3226 604 lingua
3282 533 3528 605 Hebraea,
3585 541 3669 596 di-

429 608 785 678 ἀναϐαθμῶν,
831 610 1116 662 κατέσεισε
1148 613 1214 681 τῇ
1250 616 1395 684 χειρὶ
1433 613 1513 683 τῷ
1537 614 1671 684 λαῷ.
1705 616 1914 687 Πολλῆς
1937 618 1994 672 δὲ

431 699 591 768 σιγῆς
626 697 944 767 γενομένης,
990 701 1381 770 προσεφώνησε
1411 705 1476 774 τῇ
1521 702 1761 775 Ἐϐραΐδι
1813 704 1994 760 διαλέ-

430 806 562 858 κτῳ,
595 787 790 857 λέγων.
1202 856 1218 869 ε

430 880 674 934 Παύλου
724 879 1093 945 κατάστασις
1148 881 1280 950 περὶ
1336 882 1545 950 αὐτοῦ,
1606 884 1706 938 καὶ
1756 884 1869 954 τῆς
1908 887 1996 952 εις

753 972 1106 1026 ἀπόστολον
1140 973 1327 1028 αὐτοῦ
1364 975 1661 1045 κλήσεως.

504 1061 734 1131 Ἄνδρες
756 1061 975 1131 ἀδελφοὶ
1009 1063 1102 1115 καὶ
1136 1066 1393 1133 πατέρες,
1447 1065 1719 1121 ἀκούσατέ
1764 1084 1866 1136 μου
1897 1068 1995 1136 τῆς

430 1146 567 1217 πρὸς
614 1148 759 1218 ὑμᾶς
791 1148 910 1201 νυνὶ
966 1149 1263 1217 ἀπολογίας
1285 1151 1643 1223 (ἀκούσαντες
1698 1156 1757 1209 δέ
1808 1159 1892 1210 ὅτι
1924 1160 1991 1228 τῇ

440 1237 680 1307 Ἐϐραΐδι
711 1237 974 1309 διαλέκτῳ
1027 1240 1365 1310 προσεφώνει
1396 1244 1602 1309 αὐτοῖς,
1629 1247 1827 1316 μᾶλλον
1851 1264 1995 1318 παρ-

428 1331 574 1397 εῖχον
620 1330 871 1400 ἡσυχίαν.
943 1332 1052 1385 Καί
1104 1336 1290 1409 φησιν)
1320 1353 1333 1369 ·
1378 1338 1520 1406 Ἐγὼ
1556 1339 1656 1408 μέν
1695 1341 1809 1409 εἰμι
1857 1341 1994 1411 ἀνὴρ

442 1420 719 1488 Ἰουδαῖος,
763 1427 1160 1494 γεγεννημένος
1209 1430 1268 1483 ἐν
1325 1427 1526 1500 Ταρσῷ
1566 1432 1667 1501 τῆς
1718 1433 1992 1497 Κιλικίας,

429 1510 918 1582 ἀνατεθραμμένος
945 1514 999 1568 δὲ
1047 1516 1105 1568 ὲν
1145 1520 1210 1588 τῇ
1270 1519 1424 1573 πόλει
1474 1520 1645 1591 ταύτῃ
1678 1521 1830 1591 παρὰ
1867 1524 1994 1587 τοὺς

431 1600 600 1663 πόδας
627 1601 933 1673 Γαμαλιήλ,
968 1606 1401 1677 πεπαιδευμένος
1429 1611 1571 1664 κατά
1592 1612 1877 1681 ἀκρίϐειαν
1900 1613 1995 1667 τοῦ

434 1689 688 1762 πατρῴου
722 1692 908 1762 νόμου,
936 1694 1186 1767 ζηλωτὴς
1217 1699 1477 1770 ὑπάρχων
1498 1701 1592 1754 τοῦ
1622 1702 1781 1766 Θεοῦ.
1814 1704 1994 1768 καθὼς

430 1782 633 1847 πάντες
685 1784 843 1853 ὑμεῖς
894 1787 1015 1840 ἐστε
1058 1790 1317 1860 σήμερον.
1349 1792 1446 1855 Ὃς
1492 1792 1700 1865 ταύτην
1731 1795 1832 1865 τὴν
1879 1796 1997 1848 ὁδὸν

2104 631 2255 672 ecus.

2142 887 2300 944 Pauli
2327 892 2568 946 narratio
2603 894 2665 947 de
2694 895 2887 964 seipse,
2926 910 3128 966 suaque
3164 895 3234 950 ad
3283 899 3636 966 apostolalum

2747 980 3032 1041 vocatione.

2174 1071 2340 1140 XXII,
2368 1075 2517 1130 l-H.
2544 1076 2657 1131 Viri
2680 1075 2875 1133 fratres
2905 1087 2956 1135 et
2977 1087 3179 1150 patres,
3203 1082 3387 1138 audite
3414 1097 3577 1152 quam
3604 1084 3670 1137 ad
3742 1102 3748 1109 α

2100 1181 2199 1221 vos
2228 1166 2393 1221 reddo
2410 1166 2697 1222 rationem.
2717 1169 2853 1224 Cum
2889 1172 3170 1228 audissent
3188 1183 3392 1238 autem,
3418 1175 3544 1244 quia
3566 1172 3673 1228 He-

2101 1255 2244 1310 braea
2262 1256 2440 1326 lingua
2454 1258 2840 1326 loquereturad
2858 1261 3000 1327 illos,
3021 1264 3195 1333 magis
3215 1264 3673 1333 praestiteruntjsi-

2104 1346 2352 1401 lentium.
2400 1346 2464 1401 Et
2497 1349 2630 1404 dicit
2664 1366 2680 1403 :
2732 1349 2844 1421 Ego
2882 1367 3002 1406 sum
3039 1354 3116 1407 vir
3146 1353 3392 1420 inflatus,
3424 1365 3587 1408 natus
3614 1354 3668 1408 in

2103 1437 2277 1493 Tarso
2298 1438 2523 1504 Cilicim,
2559 1442 2798 1496 nutritus
2819 1452 2999 1497 autem
3027 1445 3080 1498 in
3110 1446 3213 1501 ista
3247 1449 3484 1512 civitate,
3510 1461 3670 1502 secus

2101 1530 2266 1599 pedes
2310 1530 2594 1596 Gamaliel,
2629 1533 2877 1589 eruditus
2905 1535 3058 1603 juxta
3086 1538 3371 1593 veritatem
3424 1548 3667 1609 paterna:

2104 1616 2258 1691 legis,
2312 1624 2598 1677 mandatur
2651 1623 2806 1694 legis,
2840 1626 2984 1681 sicut
3019 1633 3075 1681 et
3117 1627 3281 1698 296
3327 1643 3428 1684 vos
3479 1643 3670 1684 omnes

2104 1713 2239 1769 estis
2271 1713 2467 1768 hodie:
2505 1715 2598 1784 qui
2634 1714 2778 1769 hanc
2812 1717 2951 1770 viam
2982 1730 3307 1786 persecutus
3343 1734 3463 1774 sum
3492 1734 3670 1794 usque

2103 1805 2168 1859 ad
2194 1813 2446 1868 mortem,
2479 1806 2708 1876 alligans
2739 1814 2805 1877 et.
2824 1808 3043 1865 tradens
3089 1809 3144 1863 in
3193 1809 3476 1865 custodias
3520 1812 3668 1866 viros

428 1872 626 1969 ἐδίωξα
677 1875 804 1945 ἄχρι
833 1876 1089 1945 θανάτου,
1117 1881 1397 1952 δεσμεύων
1431 1885 1523 1937 καὶ
1557 1886 1885 1956 παραδιδοὺς
1917 1890 1989 1951 εἰς

2099 1911 2163 1950 ac
2197 1898 2489 1964 mulieres;
2524 1872 2666 1952 sicut
2694 1872 2954 1969 princeps
2977 1899 3326 1955 sacerdotum
3366 1900 3497 1954 mihi
3519 1901 3672 1955 testi-

431 1962 677 2030 φυλακὰς
693 1965 891 2036 ἄνδρας
918 1983 976 2020 τε
996 1969 1090 2022 καὶ
1119 1974 1400 2038 γυναῖκας,
1428 1973 1505 2037 ὡς
1527 1975 1619 2027 καὶ
1649 1977 1677 2027 ὁ
1705 1977 1997 2045 ἀρχιερεὺς

434 2059 705 2126 μαρτυρεῖ
725 2073 815 2126 μοι
855 2059 949 2111 καὶ
983 2061 1089 2115 πᾶν
1110 2063 1172 2115 τὸ
1197 2063 1586 2135 πρεσϐυτέριον
1602 2080 1615 2094 ⁸
1644 2068 1775 2136 παρ’
1803 2061 1878 2120 ὧν
1903 2068 1997 2119 καὶ

430 2144 717 2208 ἐπιστολὰς
763 2147 1056 2218 δεξάμενος
1101 2152 1243 2221 πρὸς
1291 2155 1414 2217 τοὺς
1446 2155 1729 2224 ἀδελφοὺς,
1777 2157 1857 2220 εἰς
1887 2160 1996 2209 Δα-

434 2228 1057 2311 μασκὸνλέπορευόμην,
1084 2241 1229 2307 ἄξων
1275 2245 1373 2297 καὶ⁹
1426 2247 1555 2309 τοὺς
1606 2248 1789 2301 ἐκεῖσε
1833 2247 1995 2311 ὄντας

428 2326 743 2397 δεδεμένους
768 2332 845 2393 είς
882 2329 1255 2405 Ἰερουσαλὴμ,
1286 2335 1373 2389 ἵνα
1403 2337 1812 2407 τιμωρηθῶσιν.
1844 2338 1995 2406 Ἐγέ-

428 2436 550 2473 νετο
584 2420 640 2474 δέ
675 2439 766 2492 μοι
785 2425 1159 2497 πορευομένῳ,
1194 2428 1287 2481 καὶ
1316 2428 1588 2497 ἐγγίζοντι
1616 2432 1684 2501 τῇ
1718 2431 1994 2503 Δαμασκῷ

427 2514 554 2582 περὶ
595 2513 964 2585 μεσημϐρίαν,
998 2518 1256 2589 ἐξαίφνης
1305 2521 1370 2573 ἐκ
1410 2520 1504 2574 τοῦ
1554 2521 1786 2591 οὐρανοῦ
1840 2539 1996 2592 περι-

428 2603 843 2674 αστρὰιᾷαιφῶς
868 2607 1049 2660 ίκανδν
1074 2611 1201 2678 περὶ
1227 2610 1569 2680 ἐμέ.Ἐπεσά
1591 2628 1652 2665 τε
1676 2613 1758 2676 είς
1794 2612 1855 2666 τὸ
1881 2611 1997 2667 ἐδα-

426 2710 545 2763 φος,
564 2698 658 2747 καὶ
687 2697 896 2768 ηκουσα
917 2699 1098 2769 φωνῆς
1120 2699 1384 2772 λεγούσης
1423 2718 1514 2773 μοι
1532 2718 1547 2732 ·
1579 2703 1769 2769 Σαοὺλ,
1795 2705 1990 2769 Σαοὺλ,

424 2787 477 2839 τί
514 2804 582 2857 με
613 2787 864 2857 διῶκεις;
910 2791 1052 2859 Ἐγὼ
1080 2793 1137 2846 δὲ
1184 2794 1520 2865 ἀπεκρίθην·
1545 2796 1640 2858 Τίς
1675 2790 1746 2862 ei,
1787 2796 1988 2868 Κύριε;

426 2876 559 2933 Εἰπέ
596 2896 656 2933 τε
692 2881 830 2951 πρός
855 2899 922 2952 με
947 2901 961 2915 ο
1005 2882 1145 2953 Ἐγώ
1186 2887 1302 2957 ειμι
1345 2885 1601 2957 Ἰησοῦςό
1645 2886 1988 2960 Ναζωραῖος,

422 2974 481 3026 δν
519 2974 584 3028 σὺ
625 2972 862 3038 διώκεις.
894 2976 959 3029 Oi
987 2976 1044 3032 δέ
1097 2979 1194 3031 σὺν
1248 2980 1372 3049 ἐμοὶ
1419 2979 1573 3044 ὄντες
1627 2980 1687 3034 τὸ
1741 2981 1841 3052 μὲν
1875 2982 1990 3051 φῶς

422 3062 734 3128 ἐθεάσαντο,
759 3066 856 3119 καὶ
885 3064 1114 3137 ἔμφοϐοι
1154 3066 1405 3136 ἐγένοντο
1425 3108 1441 3135 ,
1473 3069 1572 3140 τὴν
1600 3069 1656 3123 δὲ
1678 3071 1862 3141 φωνὴν
1890 3072 1991 3126 οὐκ

421 3155 659 3225 ⁴ἥκουσαν
688 3154 783 3210 τοῦ
840 3157 1128 3223 λαλοῦντός
1164 3177 1271 3232 μοι.
1314 3156 1479 3220 Εἶπον
1510 3161 1603 3216 δέοο
1645 3162 1711 3216 Τί
1748 3164 1983 3234 ποιήσω,

421 3246 629 3315 Κύριε;
668 3247 726 3300 '0
773 3234 831 3300 δὲ
887 3247 1087 3320 Κύριος
1116 3245 1239 3303 εῐπε
1275 3251 1412 3320 πρός
1455 3269 1521 3323 με
1545 3267 1563 3285 ο
1609 3253 1872 3318 ’Δναστὲς
1896 3272 1991 3308 πο-

423 3339 582 3411 ρεύου
641 3343 720 3402 είς
758 3342 1067 3411 Δαμασκὸν,
1100 3344 1265 3396 κάκεῖ
1327 3360 1411 3397 σοι
1439 3344 1804 3416 λαληθήσεται
1858 3347 1987 3418 περὶ

421 3434 637 3487 πάντων
670 3426 745 3488 ὧν
775 3434 1049 3500 ξτέτακταί
1104 3453 1184 3489 σοι
1215 3436 1456 3506 ποιῆσαι.
1498 3436 1588 3500 Ὠς
1616 3436 1672 3490 δὲ
1731 3440 1833 3492 οὐκ
1889 3441 1989 3494 ἀν-

2100 1987 2344 2041 mouium
2381 1988 2580 2051 reddit,
2601 1998 2657 2044 et
2682 2004 2872 2045 omnes
2919 1991 3155 2059 majores
3198 2000 3371 2058 natu;
3403 2005 3433 2046 a
3465 1992 3668 2062 quibus

2097 2085 2154 2132 et
2189 2077 2455 2149 epistolas
2493 2079 2772 2148 accipiens
2801 2078 2868 2133 ad
2901 2080 3098 2136 fratres
3128 2079 3459 2135 Damascum
3485 2095 3670 2152 perge-

2096 2170 2242 2233 bam,
2274 2179 2333 2224 ut
2379 2170 2707 2226 adducerem
2754 2171 2883 2228 inde
2928 2174 3144 2228 vinctos
3172 2173 3226 2226 in
3269 2172 3575 2227 Jerusalem
3608 2182 3668 2227 ut

2095 2261 2443 2332 punirentur.
2470 2259 2697 2316 Factum
2747 2272 2834 2318 est
2873 2272 3077 2331 autem,
3111 2274 3277 2320 eunte
3322 2278 3429 2329 me,
3466 2273 3520 2319 et
3570 2278 3669 2334 ap-

2098 2353 2506 2423 propinquante
2533 2351 2796 2408 Damasco
2829 2353 3005 2408 media
3030 2353 3141 2419 die,
3179 2353 3367 2409 subito
3407 2352 3476 2409 de
3525 2354 3669 2409 caelo

2095 2441 2460 2499 circumfulsit
2489 2458 2575 2498 me
2603 2444 2695 2498 lux
2724 2445 2980 2515 c0piosa:
3010 2452 3067 2500 et
3085 2444 3346 2502 decidens
3367 2444 3421 2498 in
3441 2453 3667 2510 terram,

2095 2534 2277 2589 audiri
2322 2547 2509 2588 vocem
2545 2534 2817 2589 dicentem
2873 2534 3048 2590 mihi:
3091 2534 3277 2601 Saule,
3315 2534 3502 2600 Saule,
3534 2534 3666 2605 quid

2095 2642 2181 2679 me
2223 2626 2613 2697 persequeris?
2657 2620 2767 2697 Ego
2815 2636 2993 2682 autem
3056 2626 3354 2697 respondi:
3400 2628 3533 2695 Quis
3585 2635 3670 2682 est

2098 2713 2355 2770 Domine?
2380 2715 2636 2786 Dixitque
2663 2717 2731 2772 ad
2761 2731 2888 2772 me:
2925 2718 3038 2787 Ego
3059 2733 3178 2775 sum
3225 2718 3389 2775 Jesus
3429 2717 3670 2773 Nazare-

2093 2820 2220 2872 nus,
2260 2821 2422 2875 quem
2479 2814 2535 2861 tu
2580 2808 2947 2877 persequeris.
2984 2807 3052 2862 Et
3100 2808 3193 2878 qui
3234 2824 3448 2863 meeum
3488 2817 3665 2875 erant,

2091 2896 2274 2951 lumen
2299 2897 2517 2968 quidem
2566 2897 2838 2965 viderunt,
2873 2913 3060 2956 vocem
3110 2909 3288 2955 autem
3337 2915 3444 2956 non
3474 2898 3668 2955 audie-

2091 2998 2219 3042 runt
2250 2990 2368 3059 ejus
2402 2990 2494 3060 qui
2530 2990 2855 3059 loquebatur
2883 3006 3115 3046 mecum.
3146 2991 3214 3046 Et
3243 2990 3388 3046 dixi:
3413 2988 3557 3057 Quid
3584 2990 3666 3043 fa-

2093 3081 2257 3147 ciam,
2287 3080 2519 3135 Domine
2547 3082 2570 3135 ἲ
2602 3083 2867 3137 Dominus
2889 3089 3072 3137 autem
3101 3082 3239 3137 dixit
3265 3081 3333 3136 ad
3366 3097 3452 3136 me
3478 3099 3492 3136 :
3535 3079 3667 3136 Sur-

2020 3213 2065 3275 c
2097 3189 2251 3243 gens,
2296 3173 2430 3229 vade
2468 3173 2818 3241 Damascum,
2846 3182 2900 3230 et
2932 3175 3004 3228 ibi
3030 3173 3127 3230 tibi
3161 3174 3374 3229 dicetur
3395 3172 3463 3229 de
3489 3172 3667 3229 omni-

2097 3265 2201 3319 bus
2232 3281 2353 3335 qua:
2385 3273 2437 3321 te
2460 3276 2709 3334 oporteat
2738 3265 2940 3321 facere.
2994 3266 3061 3320 Et
3103 3279 3228 3319 cum
3285 3278 3397 3318 non
3428 3264 3665 3318 viderem

2096 3374 2208 3429 prae
2238 3359 2483 3413 claritate
2514 3358 2738 3414 luminis
2769 3359 2937 3423 illius,
2992 3358 3060 3413 ad
3091 3373 3314 3412 manum
3344 3355 3608 3413 deductus
3636 3371 3668 3409 a

2099 3448 2413 3512 comitibus,
2447 3449 2567 3503 veni
2599 3446 2946 3502 Damascum.

417 3525 645 3577 έϐλεπον
681 3526 790 3578 ἀπὸ
823 3526 918 3596 τῆς
948 3525 1104 3597 δόξης
1134 3526 1225 3579 τοῦ
1255 3527 1432 3595 φωτὸς
1465 3527 1695 3592 ἐκείνου,
1730 3534 2234 3607 χειραγωγούμενος
2295 3537 2399 3591 ὑπὸ
2436 3537 2544 3591 τῶν
2607 3537 2873 3592 συνόντων
2937 3554 3051 3608 μοι,
3121 3532 3285 3609 ἦλθον
3354 3537 3436 3600 εις
3481 3536 3668 3607 Δαμχ-

420 3622 568 3676 σκόν.

416 3715 557 3783 Περὶ
581 3708 668 3769 ὧν
689 3714 805 3784 ἔφη
836 3717 868 3768 ὁ
897 3716 1179 3781 Ἀνανίας
1198 3715 1349 3785 πρὸς
1380 3715 1488 3770 τὸν
1515 3716 1759 3774 Παῦλον
1788 3720 1860 3773 ἐν
1887 3723 1996 3776 Δα-

480 3807 698 3875 μασκῷ
716 3824 732 3838 ο
758 3808 1053 3873 ὀπτασίας
1071 3824 1135 3861 τε
1151 3810 1245 3861 καὶ
1270 3808 1478 3876 φωνῆς
1500 3810 1648 3864 Θεοῦ
1667 3811 1993 3879 γενομένης

484 3897 555 3950 ἐν
608 3894 689 3961 τῷ
720 3896 891 3964 ιερῷ’
941 3896 1042 3953 καὶ
1088 3897 1176 3950 ὅτι
1226 3896 1475 3966 μέλλων
1525 3902 1558 3952 ό
1599 3900 1843 3966 Παῦλος
1891 3901 1993 3955 ἐπὶ

488 3988 723 4054 τούτοις
770 3988 1117 4053 τύπτεσθαι,
1160 3988 1344 4042 ειπὼιν
1398 3989 1487 4044 ὅτι
1530 3990 1813 4059 Ῥωμαῖός
1849 3994 1987 4062 εἰμί,

486 4078 692 4148 ἀνέθη.

500 4172 749 4244 ’Δνανίας
797 4171 853 4225 δέ
882 4190 983 4236 τις,
1015 4172 1154 4243 ἀνὴρ
1205 4171 1437 4240 εὐλαϐὴς
1467 4174 1609 4228 κατά
1657 4174 1748 4228 τὸν
1795 4176 1981 4246 νόμον,

420 4265 865 4337 μαρτυρούμενος
909 4264 1015 4318 ὑπὸ
1068 4268 1289 4320 πάντων
1324 4265 1435 4317 τῶν
1467 4266 1871 4321 κατοικούντων
1923 4270 1983 4321 ἐν

414 4357 694 4428 Δαμασκῷ
734 4357 1030 4426 Ἰουδαίων,
1088 4358 1258 4412 ἐλθὼν
1288 4358 1426 4429 πρός
1460 4376 1549 4429 με,
1585 4362 1683 4415 καὶ
1731 4361 1980 4427 ἐπιστὰς,

417 4443 539 4498 εἶπέ
573 4464 698 4519 μοι·
740 4448 914 4501 Σαοὺλ
939 4448 1156 4518 ἀδελφέ,
1186 4449 1508 4520 ἀνάϐλεψον.
1546 4450 1717 4519 Καγὼ
1741 4451 1882 4522 αὐτῇ
1913 4453 1980 4523 τῇ

2092 3720 2170 3774 De
2209 3721 2278 3774 iis
2298 3736 2415 3789 qua:
2442 3720 2696 3775 Damasci
2720 3720 2958 3775 Ananias
3000 3718 3072 3773 ad
3113 3718 3341 3773 Paulum
3366 3718 3541 3784 dixit;
3575 3720 3668 3774 de-

2161 3827 2261 3880 que
2284 3811 2482 3865 visionc
2506 3821 2556 3865 et
2589 3827 2711 3866 voce
2740 3812 2835 3866 Dei
2881 3812 3025 3880 facta
3067 3810 3123 3864 in
3169 3808 3361 3878 templo
3388 3825 3407 3863 :
3440 3819 3487 3862 et
3529 3825 3662 3879 quo-

2155 3902 2308 3956 modo
2328 3901 2558 3971 jamjam
2614 3902 2677 3955 ob
2708 3903 2820 3956 hac
2873 3901 3253 3968 verberandus,
3279 3900 3369 3954 ubi
3386 3916 3442 3956 se
3472 3898 3666 3955 Roma‘

2159 4010 2285 4048 num
2316 3996 2474 4061 dixit,
2509 3997 2762 4049 liberatus
2784 3995 2875 4048 sit.

2162 4168 2326 4235 XXII,
2353 4168 2531 4229 12-22.
2556 4171 2794 4225 Anamas
2812 4177 2988 4225 autem
3003 4168 3246 4241 quidam,
3264 4170 3345 4224 vir
3361 4169 3663 4251 secundum

2087 4264 2258 4334 legem
2291 4263 2662 4318 testimonium
2691 4262 2898 4320 habens
2930 4263 2997 4318 ab
3013 4263 3270 4320 omnibus
3303 4262 3666 4341 cohabitanti-

2090 4354 2191 4409 bus
2204 4353 2668 4418 Judais,venirns
2690 4356 2756 4407 ad
2784 4369 2871 4410 me
2885 4362 3139 4409 etastans
3158 4352 3296 4408 dixit
3311 4354 3441 4408 mihi
3463 4370 3479 4408 :
3502 4352 3666 4410 Saule

2089 4445 2279 4511 frater,
2305 4447 2542 4517 respice.
2576 4445 2641 4500 Et
2667 4461 2770 4518 ego
2800 4447 2990 4502 eadem
3018 4446 3151 4500 hora
3181 4447 3397 4515 respexi
3426 4446 3480 4499 in
3514 4461 3660 4501 eum.

415 4536 536 4607 ὥρᾳ
564 4536 834 4607 ἀνέϐλεψα
863 4539 943 4602 εἰς
971 4539 1159 4593 αὐτόν.
1204 4539 1262 4593 ’0
1306 4538 1362 4592 δέ
1386 4534 1543 4592 εἶπεν
1565 4553 1581 4569 ⁸
1628 4541 1686 4593 Ὀ
1709 4540 1842 4604 Θεὸς
1874 4540 1983 4593 τῶν

2093 4536 2276 4590 Atille
2303 4535 2472 4592 dixit:
2517 4534 2662 4591 Deus
2705 4543 2920 4605 patrum
2951 4542 3271 4590 nostrorum
3326 4534 3666 4604 praeordina-

416 4628 669 4700 πατέρων
717 4629 872 4700 ἡμῶν
905 4629 1317 4700 προεχειρίσατό
1358 4647 1417 4682 σε
1448 4630 1650 4698 γνῶναι
1676 4630 1735 4683 τὸ
1770 4631 1985 4702 θέλημα

416 4717 602 4785 αὐτοῦ,
632 4719 723 4772 καὶ
754 4719 880 4773 ίδεϊν
926 4720 1018 4773 τὸν
1055 4720 1286 4787 δίκαιον,
1310 4721 1404 4774 καὶ
1441 4721 1677 4775 ἀκοῦσαι
1711 4722 1897 4793 φωνὴν
1925 4723 1990 4776 ἐκ

416 4803 514 4857 τοῦ
545 4805 812 4875 στόματος
858 4806 1061 4861 αὐτοῦ·
1116 4806 1198 4860 ὅτι
1246 4807 1345 4879 ἔσῃ
1379 4810 1588 4878 μάρτυς
1634 4809 1798 4862 αὑτοῦ
1852 4811 1990 4880 πρὸς

418 4896 627 4959 πάντας
658 4897 1004 4969 ἀνθρώπους,
1060 4891 1134 4952 ὧν
1170 4898 1424 4969 ἑώρακας
1457 4904 1550 4954 καὶ
1593 4901 1851 4970 ἤκουσας.
1879 4903 1988 4957 Καὶ

417 4987 515 5040 νῦν
545 4990 600 5041 τί
642 4990 893 5059 μέλλεις;
921 4990 1185 5054 ’Δναστὰς
1236 4990 1497 5061 βάπτισαι
1539 4994 1633 5047 καὶ
1688 4993 1985 5048 ἀπόλουσαι

416 5077 516 5141 τὰς
545 5077 819 5148 ἁμαρτίας
843 5095 958 5141 σου,
991 5077 1458 5147 ἐπικαλεσάμενος
1502 5078 1564 5131 τὸ
1588 5078 1761 5149 ὄνομα
1794 5079 1982 5137 αὑτοῦ.

432 5164 675 5235 Ἐγένετο
717 5169 774 5221 δέ
808 5184 900 5238 μοι
931 5168 1330 5239 ὑποστρέφοντι
1356 5168 1437 5232 εἰς
1478 5167 1859 5241 Ἰερουσαλὴμ,
1891 5170 1986 5224 καὶ

420 5260 839 5330 προσευχομένῳ
879 5277 968 5330 μοι
1027 5263 1086 5313 ἐν
1113 5258 1192 5330 τῷ
1233 5259 1385 5332 ἱερῷ,
1428 5260 1682 5329 γενέσθαι
1708 5278 1776 5331 με
1813 5262 1872 5315 ἐν
1896 5265 1987 5315 ἐκ·

420 5353 628 5414 στάσει,
672 5354 767 5405 καὶ
813 5353 943 5405 ἰδεῖν
986 5352 1149 5407 αὐτὸν
1172 5353 1401 5422 λέγοντά
1453 5369 1584 5425 μοι·
1614 5353 1858 5407 Σπεῦσον
1893 5353 1986 5406 καλ⁵

416 5443 600 5508 ἔξελθε
633 5445 691 5497 ἐν
725 5446 880 5515 τάχει
916 5445 977 5510 ἐξ
1016 5445 1373 5516 Ἰερουσαλήμ
1397 5461 1410 5476 ·
1447 5445 1583 5499 διότι
1633 5446 1694 5499 οὐ
1751 5446 1987 5516 παραδέ-

418 5536 596 5599 ξονταί
622 5554 715 5588 σου
744 5537 844 5605 τὴν
878 5537 1192 5608 μαρτυρίαν
1221 5538 1349 5608 περὶ
1383 5535 1541 5607 ἐμοῦ.
1576 5536 1747 5606 Κάγὼ
1798 5532 1981 5591 εἶπονο

419 5626 612 5699 Κύριε,
640 5630 793 5682 αὐτοὶ
831 5631 1150 5683 ἐπίστανται
1197 5629 1281 5682 ὅτι
1331 5629 1441 5699 ἐγὼ
1470 5630 1620 5701 ήμην
1668 5629 1984 5698 φυλακίζων

418 5721 515 5773 καὶ
557 5720 729 5790 δέρων
776 5719 918 5774 κατά
962 5719 1063 5783 τὰς
1098 5712 1426 5789 συναγωγὰς
1470 5721 1596 5784 τοὺς
1624 5719 1980 5782 πιστεύοντας

418 5815 510 5866 ἐπὶ
537 5812 637 5865 σέ·
694 5814 789 5868 καὶ
849 5815 936 5868 ὅτε
966 5813 1246 5885 ἐξεχύνετο
1288 5815 1350 5869 τὸ
1402 5808 1543 5885 αἷμα
1583 5815 1856 5882 Στεφάνου
1884 5813 1977 5869 τοῦ

2093 4628 2192 4694 vit,
2229 4640 2288 4683 ut
2326 4641 2688 4699 cognosceres
2740 4625 3075 4681 voluntatem
3130 4624 3272 4694 ejus,
3331 4631 3386 4680 et
3445 4625 3662 4681 videres

2085 4719 2320 4790 justum,
2353 4726 2408 4774 et
2446 4717 2666 4773 audires
2720 4730 2909 4772 vocem
2962 4731 3029 4772 ex
3073 4729 3169 4771 ore
3198 4717 3362 4785 ejus;
3390 4716 3517 4786 quia
3552 4717 3663 4772 eris

2091 4813 2249 4868 testis
2278 4811 2428 4866 illius
2456 4811 2523 4864 ad
2558 4823 2749 4863 omnes
2781 4809 3033 4863 homines
3079 4821 3295 4874 eorum,
3324 4823 3447 4878 quae
3475 4808 3659 4863 vidisti

2088 4910 2145 4956 et
2176 4901 2402 4957 audisti.
2431 4900 2498 4954 Et
2527 4915 2673 4955 nunc
2707 4899 2839 4969 quid
2871 4900 3105 4955 moraris
3129 4899 3153 4952 ἲ
3182 4898 3451 4970 Exsurge,
3484 4908 3537 4955 et
3564 4900 3663 4954 ha-

2087 4992 2319 5061 ptizare,
2366 4999 2422 5045 et
2479 4990 2638 5045 ablue
2694 5000 2920 5057 peccata
2968 4997 3085 5053 tua,
3134 4989 3391 5045 invocato
3442 4990 3662 5044 nomine

2089 5083 2285 5153 ipsius.
2328 5080 2555 5136 Factum
2587 5089 2675 5135 est
2695 5088 2874 5135 autem
2907 5081 3203 5135 revertenti
3237 5080 3370 5134 mihi
3417 5081 3471 5133 in
3500 5077 3660 5133 Jeru-

2087 5175 2281 5238 salem,
2303 5183 2358 5229 et
2379 5174 2557 5228 oranti
2589 5173 2645 5226 in
2675 5174 2895 5242 templo,
2914 5171 3029 5227 ﬁeri
3064 5187 3150 5226 me
3170 5172 3224 5226 in
3259 5178 3482 5241 stupore
3504 5184 3659 5224 men-

2088 5264 2245 5329 tis,et
2273 5264 2452 5317 videre
2477 5262 2627 5316 illum
2644 5262 2912 5317 dicentem
2938 5263 3067 5317 mihi
3093 5280 3107 5317 :
3132 5263 3373 5325 Festina,
3397 5263 3540 5317 etexi
3562 5278 3657 5318 ve-

2086 5355 2349 5412 lociterex
2374 5355 2694 5421 Jerusalem,
2716 5358 2974 5426 quoniam
2998 5373 3105 5411 non
3133 5356 3396 5425 recipient
3415 5356 3660 5410 testimo-

2087 5448 2237 5502 nium
2269 5458 2417 5503 tuum
2444 5448 2633 5504 deme.
2657 5448 2717 5503 Et
2739 5463 2839 5518 ego
2864 5450 2978 5504 dixi
3005 5449 3417 5519 :,Domine,ipsi
3449 5448 3654 5515 sciunt,
3698 5479 3704 5485 -

2084 5541 2210 5612 quia
2236 5556 2336 5611 ego
2361 5557 2510 5596 eram
2534 5541 2865 5604 concludens
2881 5543 2934 5596 in
2957 5556 3233 5619 carcerem
3245 5551 3299 5598 et
3321 5540 3538 5599 cmdens
3562 5556 3659 5612 per

2083 5647 2386 5704 synagogas
2421 5649 2517 5688 eos
2544 5635 2635 5704 qui
2660 5635 3025 5704 credebantjin
3053 5643 3106 5688 te
3133 5642 3220 5688 :et
3246 5647 3372 5688 eum
3401 5632 3659 5689 fundere-

2082 5733 2175 5779 tur
2195 5726 2419 5794 sanguis
2449 5725 2707 5797 Stephani
2734 5726 2891 5782 testis
2917 5726 3018 5789 tui.
3048 5741 3150 5797 ego
3165 5727 3435 5793 astabant,
3461 5738 3515 5782 et
3533 5741 3661 5781 con-

2082 5818 2381 5874 sentiebant
2411 5828 2466 5873 ct
2506 5818 2882 5876 custodiebam
2948 5818 3268 5877 vestimenta
3317 5819 3655 5876 interﬁcien-
