4082 6416
399 348 538 414 1029

898 307 900 309 λ
991 360 1533 429 EXPOSITIONIS
1571 365 1878 434 INiACTA
1910 375 2210 438 TEXTUS
2242 380 2512 445 ALTER.
2550 413 2618 422 —
2643 388 2797 451 CAP.
2837 394 3062 458 XXIII.

391 459 527 532 σις’]
581 461 888 533 Φαρισαῖοι,
943 465 1314 539 Σαδδουκαῖοι,
1343 474 1440 527 καὶ
1503 477 1770 550 Ἐσσηνοί.
1831 476 1944 537 Οῦτι

391 551 479 588 ir)“;
505 551 618 588 αξη..
659 554 988 588 κεσιυλφριιλιι
1018 559 1243 588 λευκῇ-.
1322 566 1404 588 ..Α
1426 567 1576 588 έκκνγς
1599 587 1606 588 ,
1686 571 1708 588 ιν

2046 495 2065 549 ι
2095 487 2183 554 qui
2216 488 2448 547 sicarios
2475 509 2637 550 unam
2666 512 2730 553 ex
2753 497 3069 561 Iudaeorum
3098 509 3264 568 sectis
3286 526 3408 570 esse
3453 508 3662 588 putent.

387 551 479 604 τὸν
503 551 618 622 βίον
659 554 988 628 σεμνότερον
1016 559 1266 627 ἀσκοῦσι,
1320 566 1638 639 φιλάλληλοι
1683 571 1838 638 ὄντες
1885 575 1984 629 καὶ

389 641 706 710 ἐγκρατεῖς·
736 643 816 696 διὸ
857 645 950 698 καὶ
984 647 1234 719 Ἐσσηνοὶ
1263 659 1781 728 προσαγορεύονται,
1814 663 1982 733 ἧτουν

389 733 549 788 ὅσιοι.
605 735 786 789 Ἀλλοι
815 737 871 790 δὲ
920 738 1118 804 αὐτοὺς
1156 746 1438 814 σικαρίους
1482 750 1772 819 ἐκάλεσαν,
1817 755 1982 825 ἧτουν

388 822 655 894 ζηλωτάς.
701 845 719 878 ι
744 829 806 881 El
848 829 1136 902 ἄνθρωπον
1169 832 1458 906 Ῥωμαῖον.
1500 859 1519 892 ι
1559 843 1673 896 Ούκ
1711 822 1981 913 ἐψεύσατο

387 915 598 980 Παῦλος
637 918 908 988 Ῥωμαῖον
939 923 1132 978 ἑαυτὸν
1198 926 1460 996 καλέσας,
1499 933 1679 986 καίτοι
1726 936 1980 1001 Ἰουδαῖος

385 1009 670 1078 ὑπάρχων,
710 1011 784 1073 ὡς
818 1015 914 1066 καὶ
947 1015 1106 1079 αὐτὸς
1146 1019 1252 1088 πρὸ
1299 1020 1480 1089 ὀλίγου
1523 1022 1649 1095 ἔφη.
1698 1027 1832 1080 Ἀπὸ
1869 1029 1975 1100 γὰρ

395 1099 678 1169 Ἀδριανοῦ
711 1105 909 1176 συνέϐη
939 1109 1152 1174 πάντας
1177 1106 1318 1165 εῖναι
1361 1112 1687 1185 Ῥωμαίους.
1715 1099 1976 1189 Μεγάλην

384 1189 490 1261 γὰρ
538 1188 682 1261 εἶχον
723 1194 844 1247 τότε
890 1198 1148 1268 πρόνοιαν
1201 1201 1252 1254 oi
1308 1202 1484 1268 οὕτως
1519 1205 1834 1277 ἀξιούμενοι
1868 1188 1969 1264 κα-

379 1279 610 1336 λείσθαι.
650 1283 822 1340 Τοῦτο
842 1287 899 1340 δέ
927 1307 1111 1360 φησιν,
1146 1293 1232 1346 ἵνα
1261 1294 1336 1365 μὴ
1381 1298 1723 1370 μαστιχθεὶς,
1747 1302 1974 1356 εὐκατα-

378 1375 646 1445 φρόνητος
693 1377 939 1448 γένηται.
989 1380 1052 1435 El
1109 1384 1216 1454 γάρ
1272 1387 1598 1456 έμάστιξαν,
1653 1393 1749 1446 καὶ
1827 1411 1971 1465 παρ-

377 1460 617 1530 έτρεψαν
660 1464 726 1517 ἂν
764 1467 824 1519 τὸ
858 1471 1113 1540 πρᾶγμα,
1144 1474 1235 1526 καὶ
1269 1475 1598 1530 ἀπέκτειναν
1623 1481 1809 1535 αὐτόν.
1854 1460 1970 1536 Νῦν

375 1550 453 1616 δὲ,
484 1554 535 1605 εί
574 1557 666 1606 καὶ
707 1554 726 1627 [
757 1557 831 1627 μὴ
869 1557 989 1629 ]·δι’
1022 1561 1226 1632 ἕτερον,
1259 1564 1396 1618 ἀλλά
1436 1584 1495 1634 γε
1529 1567 1617 1620 διὰ
1673 1570 1850 1637 τοῦτο,
1905 1574 1966 1626 ού

377 1642 660 1708 μόνονούκ
709 1649 1030 1718 ὲμάστιξαν,
1079 1653 1216 1708 ἀλλά
1257 1657 1352 1710 καὶ
1389 1659 1686 1716 ἀπέλυσαν.
1748 1680 1768 1714 ι
1819 1663 1879 1718 '0
1909 1665 1967 1719 δὲ

374 1729 585 1795 Παῦλος
615 1732 743 1804 ἔφη.
788 1755 806 1787 ι
844 1739 1128 1795 Δείκνυσιν
1165 1738 1261 1797 οῦν
1305 1745 1334 1798 6
1374 1746 1607 1814 Παῦλος,
1659 1749 1740 1804 ὅτι
1785 1743 1881 1808 καὶ
1937 1757 1966 1809 6

2094 573 2231 634 Tres
2289 582 2434 637 enim
2499 594 2631 640 sunt
2693 594 2975 659 generales
3041 597 3163 667 ejus
3216 607 3400 673 gentis
3451 619 3662 666 sectae:

2086 684 2284 742 nempe
2322 671 2610 746 Pharistei,
2651 678 3012 743 Sadducmiet
3039 671 3255 750 Esseni.
3313 694 3408 752 lsti
3451 705 3663 760 caeteris

2084 763 2458 824 honestiorem
2493 773 2662 828 vitam
2691 775 2924 844 ducunt,
2962 795 3026 838 ac
3061 797 3254 842 mutuo
3301 807 3360 848 se
3402 795 3660 869 diligunt,

2081 864 2137 908 et
2167 857 2567 916 continentiam
2611 866 2823 924 colunt.
2857 870 3040 936 Quare
3069 874 3261 934 Esseni
3294 857 3658 957 appellantur,
3771 949 3774 951 ,

2080 949 2239 1014 quasi
2272 950 2402 1015 osii,
2432 952 2483 1007 id
2514 963 2602 1008 est
2629 960 2829 1026 sancti,
2853 978 2990 1032 quos
3029 967 3122 1023 alii
3167 971 3398 1030 sicarios
3437 990 3654 1046 vocant,

2079 1035 2183 1092 hoc
2233 1048 2337 1106 est,
2368 1045 2595 1101 zelotas.
2633 1064 2652 1098 ι
2694 1046 2749 1102 Si
2790 1051 3066 1111 hominem
3120 1058 3449 1120 Romanum.
3485 1087 3504 1120 ›
3535 1068 3652 1125 Νοιι

2078 1129 2272 1198 utique
2293 1135 2662 1192 mentiebatur
2707 1139 2910 1199 Paulus
2939 1161 3064 1203 sese
3101 1147 3412 1210 Romanum
3469 1163 3656 1230 appel-

2076 1215 2220 1282 lans,
2259 1225 2476 1278 tametsi
2521 1223 2743 1286 Judaeus
2763 1243 2928 1300 esset,
2973 1245 3034 1291 ut
3066 1238 3182 1308 ipse
3216 1245 3378 1312 paulo
3409 1215 3653 1304 ante-di-

2073 1315 2247 1362 xerat.
2279 1309 2412 1365 Nam
2445 1314 2513 1367 ab
2545 1316 2770 1373 Adriani
2806 1329 3051 1395 tempore
3078 1309 3333 1401 contigit,
3366 1345 3424 1390 ut
3455 1353 3650 1395 omnes

2072 1407 2265 1454 essent
2313 1399 2588 1473 Romani;
2626 1424 2823 1480 magna
2857 1417 3004 1470 enim
3048 1420 3188 1474 ratio
3221 1424 3442 1480 illorum
3479 1429 3650 1484 habe-

2070 1486 2252 1555 batur,
2281 1494 2373 1562 qui
2413 1496 2552 1553 hanc
2582 1503 2813 1569 gratiam
2841 1513 3124 1566 consecuti
3145 1525 3322 1580 erant,
3367 1528 3424 1572 ut
3455 1521 3527 1574 ita
3559 1537 3650 1592 ap-

2069 1581 2262 1649 pellari
2296 1598 2547 1655 possent.
2579 1591 2691 1649 lloc
2712 1608 2896 1654 autem
2951 1603 3172 1660 dicebat
3227 1607 3430 1668 Paulus
3462 1630 3551 1679 ne,
3596 1581 3647 1670 si

2067 1670 2300 1743 flagellis
2330 1679 2652 1749 caederetur,
2700 1687 2756 1742 in
2798 1701 3171 1764 contemptum
3205 1699 3367 1756 facile
3418 1708 3644 1763 veniret.

2068 1763 2131 1820 Et
2163 1768 2384 1836 quidem
2435 1775 2479 1830 si
2515 1773 2883 1847 ﬂagellasseut
2934 1802 3082 1855 eum,
3146 1801 3200 1846 et
3259 1809 3373 1849 rem
3428 1812 3645 1854 omnem

371 1822 557 1894 πατὴρ
579 1825 742 1878 αὑτοῦ
780 1827 1050 1899 Ῥωμαῖος
1083 1827 1172 1904 ἦν.
1221 1836 1336 1907 Πρὸ
1371 1839 1479 1909 γάρ
1510 1839 1605 1894 τοῦ
1629 1845 1944 1917 γεννηθῆναι

371 1913 462 1942 -λιι
492 1914 702 1942 π-ππ--.
746 1923 1020 1942 -.-_-__,-_.,p
1112 1941 1118 1942 ,
1189 1929 1215 1942 .-
1277 1929 1316 1942 .ν
1350 1929 1367 1942 ι
1449 1930 1462 1942 ι
1573 1933 1587 1942 .
1647 1935 1661 1942 -
1722 1937 1774 1942 -._
1923 1939 1933 1942 _

2179 1822 2194 1836 ι
2311 1822 2384 1826 -___
2435 1822 2479 1830 --
2515 1822 2883 1847 ---ηωιιιυυνιιι
2934 1822 3082 1855 uuln,
3146 1822 3200 1846 cs
3260 1822 3373 1849 lcul
3428 1822 3642 1854 UlllllClll

2063 1868 2378 1924 pervertere
2431 1867 2767 1936 potuissent,
2807 1889 2871 1928 ac
2927 1878 3092 1933 etiam
3150 1896 3276 1936 eum
3315 1886 3642 1942 interficere.

369 1913 462 1966 τὸν
492 1914 723 1982 Παῦλον,
746 1923 1122 1995 γεγενημένης
1153 1929 1253 1995 τῆς
1277 1929 1532 1996 Κιλικίας
1564 1933 1674 1987 ὑπὸ
1722 1913 1962 2008 Ῥωμαί-

368 2023 484 2072 ους,
517 2007 734 2079 ἀνάγκη
768 2013 864 2064 καὶ
891 2013 1072 2080 αὐτὸν,
1104 2015 1179 2080 ὡς
1219 2018 1350 2072 ὄντα
1397 2022 1488 2074 ὑπ’
1541 2024 1759 2091 αὐτοὺς,
1821 2028 1955 2082 Ῥω-

371 2101 528 2167 μαίον
552 2099 714 2157 εἶναι.
745 2103 894 2166 Τέως
911 2105 968 2158 δὲ
994 2107 1137 2161 κατά
1160 2110 1258 2179 τὴν
1281 2114 1621 2182 προφητείαν
1651 2117 1953 2190 ἐδεσμεύθη

367 2189 426 2242 ὲν
471 2189 849 2264 Ἰερουσαλήμ.
887 2195 952 2248 Τί
981 2196 1076 2251 οῦν
1109 2200 1217 2252 ἀπὸ
1265 2202 1458 2256 τούτου
1490 2204 1731 2273 γίνεταις
1770 2189 1955 2274 Λύσας

367 2281 680 2350 κατήγαγεν
727 2285 890 2339 αύτδν
961 2287 1098 2358 πρὸς
1143 2291 1272 2354 τοὺς
1328 2293 1632 2359 Ἰουδαίους.
1677 2300 1792 2354 Οὐκ
1843 2301 1952 2374 ἀρα

364 2368 561 2438 ψεῦδος
587 2367 677 2444 ἦν,
709 2376 792 2429 ὃτι
832 2375 1100 2448 Ῥωμαῖος
1135 2375 1226 2452 ἧν.
1275 2400 1295 2434 t
1340 2385 1613 2457 Ἑφοϐήθη
1670 2390 1800 2461 γὰρ,
1851 2367 1955 2462 ξρή-

367 2461 473 2524 civ,
524 2465 552 2516 6
601 2465 897 2538 χιλίαρχος,
962 2472 1219 2538 ἐπιγνοὺς
1275 2475 1356 2529 δτι
1418 2477 1692 2549 Ῥωμαῖός
1753 2461 1946 2550 sunt

364 2554 646 2609 τουτέστιν
695 2558 1069 2628 ἀξιωματικοῦ
1111 2565 1303 2633 γένους
1337 2569 1488 2626 ὄντα.

367 2655 554 2712 postea
585 2651 853 2722 contigit?
899 2652 1072 2710 Solvit
1129 2672 1254 2712 eum
1307 2661 1564 2720 tribunus
1595 2674 1650 2720 et
1679 2666 1837 2724 duxit
1871 2669 1938 2724 ad
1977 2651 2216 2732 Judaeos.
2252 2651 2390 2736 lfcre
2441 2651 2627 2756 itaque
2695 2651 2898 2748 Paulus

1389 2763 1682 2826 postquam
1747 2759 2010 2848 .rescivit,
2051 2767 2178 2834 quia
2225 2769 2364 2827 civis
2430 2773 2734 2848 Romanus,
2785 2800 2805 2834 ι
2865 2782 2971 2840 hoc
3020 2796 3106 2842 est
3163 2788 3364 2845 nobilis
3409 2806 3632 2862 genere.

381 2736 520 2790 muit
583 2740 755 2806 enim,
815 2743 1018 2812 inquit,
1079 2747 1335 2805 tribunus

364 2839 503 2885 erat.

779 2931 862 3002 Τῇ
898 2933 952 2986 δ’
1000 2934 1099 3004 τῆς
1128 2934 1182 3001 ζ’
1216 2937 1530 3011 ἑϐδομάδος.

961 3026 1352 3087 ΚΕΙΜΕΝΟΝ.

445 3109 718 3174 ’Δτενίσας
760 3112 817 3166 δὲ
865 3114 894 3167 6
933 3115 1145 3182 Παῦλος
1196 3122 1255 3174 ἐν
1295 3121 1376 3193 τῷ
1432 3125 1694 3198 συνεδρίῳ
1747 3124 1936 3184 εἷπεν·

365 3199 592 3271 Ἀνδρες
624 3201 864 3271 ἀδελφοὶ,
908 3206 1020 3274 ἐγὼ
1041 3209 1188 3280 πάσῃ
1215 3214 1519 3285 συνειδήσει
1565 3218 1742 3291 ἀγαθῇ
1770 3238 1940 3276 πεποο

360 3291 612 3362 λίτευμαι
669 3295 746 3364 τῷ
796 3295 918 3368 Θεῷ
955 3299 1083 3370 ἀχρι
1110 3302 1314 3374 ταύτης
1353 3304 1455 3376 τῆς
1498 3309 1732 3380 ἡμέρας.
1777 3313 1837 3367 Ὀ
1881 3315 1938 3368 δὲ

358 3382 648 3452 ἀρχιερεὺς
677 3386 927 3450 Ἀνανίας
953 3389 1182 3455 ἐπέταξε
1215 3395 1330 3458 τοῖς
1380 3398 1726 3467 παρεστῶσιν
1765 3403 1934 3474 αὐτῷ,

357 3474 584 3529 τύπτειν
611 3477 776 3530 αὑτοῦ
804 3480 865 3532 τὸ
896 3483 1090 3550 στόμα.
1120 3485 1255 3539 Τότε
1285 3489 1314 3542 6
1336 3486 1549 3555 Παῦλος
1593 3493 1732 3563 πρὸς
1776 3496 1937 3551 αὐτὸν

356 3559 508 3619 εἷπε·
547 3565 782 3622 Τύπτειν
815 3586 873 3622 σε
907 3571 1090 3640 μέλλει
1120 3575 1148 3626 6
1183 3575 1333 3643 Θεὸς,
1372 3581 1520 3651 τοῖχε
1559 3559 1934 3655 κεκονιαμένε.

356 3655 464 3706 Καὶ
485 3657 549 3708 σὺ
587 3655 728 3728 κάθῃ
755 3658 954 3728 κρίνων
981 3678 1050 3730 με
1109 3664 1253 3718 κατά
1283 3668 1376 3720 τὸν
1408 3669 1594 3739 νόμον,
1636 3674 1731 3726 καὶ
1755 3690 1937 3747 παρα-

355 3745 538 3815 νομῶν
576 3748 818 3814 κελεύεις
882 3768 950 3821 με
973 3754 1313 3824 τύπτεσθαι;
1377 3760 1442 3812 Οί
1473 3760 1532 3814 δὲ
1585 3764 1938 3832 παρεστῶτες

354 3833 507 3891 εἶπον
537 3839 615 3909 τῷ
636 3840 836 3912 Παύλῳ
858 3857 872 3872 ⁶
911 3845 1016 3898 Τὸν
1049 3847 1309 3918 ἀρχιερέα
1334 3850 1429 3904 τοῦ
1469 3852 1606 3906 Θεοῦ
1635 3854 1932 3926 λοιδορεῖςς

357 3930 500 4000 Ἔφη
517 3947 575 3983 τε
602 3933 631 3984 6
655 3933 860 3997 Παῦλος
884 3949 899 3964 ’
932 3937 1045 3990 Ούκ
1074 3939 1242 4008 ᾔδειν,
1274 3941 1513 4012 ἀδελφοὶ,
1539 3945 1619 3998 δτι
1645 3945 1937 4018 ἀρχιερεύς

353 4020 488 4073 ἐστι.
535 4020 848 4092 Γέγραπται
893 4026 1019 4096 γὰρ,
1053 4031 1160 4095 ὃτι,
1195 4031 1466 4102 Ἄρχοντα
1513 4035 1609 4088 τοῦ
1651 4036 1782 4089 λαοῦ
1838 4054 1934 4091 σου

353 4111 451 4163 οὐκ
482 4114 626 4181 ὲρείς
652 4115 858 4178 κακῶς.
891 4117 1055 4181 Γνοὺς
1083 4120 1140 4172 δὲ
1181 4124 1210 4175 ὀ
1248 4123 1458 4188 Παῦλος
1481 4126 1563 4178 ὅτι
1591 4128 1652 4181 τὸ
1679 4127 1737 4179 ἓν
1766 4129 1935 4199 μέρος

355 4205 470 4256 ἐστὶ
507 4205 900 4275 Σαδδουκαίων,
929 4210 988 4262 τὸ
1015 4211 1072 4263 δὲ
1098 4212 1283 4283 ἕτερον
1319 4216 1652 4286 Φαρισαίων,
1703 4219 1934 4288 ἔκραξεν

351 4295 407 4346 ὲν
450 4296 527 4365 τῷ
566 4298 852 4368 συνεδρίῳ·
906 4300 1132 4372 ’Ἄνδρες
1173 4303 1415 4371 ἀδελφοὶ,
1467 4304 1579 4374 ἐγὼ
1639 4309 1934 4377 Φαρισαῖός

350 4386 487 4455 είμι,
510 4389 620 4451 υίὸς
649 4389 942 4459 Φαρισαίου
969 4407 983 4422 ·
1015 4394 1143 4461 περὶ
1187 4393 1403 4458 ἐλπίδος
1453 4397 1546 4449 καὶ
1585 4399 1933 4463 ἀναστάσεως

350 4477 556 4547 νεκρῶν

349 4568 562 4634 ἐγένετο
612 4573 799 4634 στάσις
851 4573 958 4626 τῶν
1011 4573 1384 4629 Σαδδουκαίων
1446 4580 1541 4630 καὶ
1591 4580 1924 4653 Φαρισαίων,

346 4661 439 4711 καὶ
469 4661 691 4732 ἐσχίσθη
712 4663 772 4716 τὸ
801 4663 1027 4735 πλῆθος.
1058 4665 1401 4720 Σαδδουκαῖοι
1424 4669 1522 4739 μὲν
1547 4670 1656 4740 γὰρ
1684 4671 1925 4741 λέγουσι,

348 4747 422 4818 μὴ
457 4744 593 4801 εἴναι
641 4751 956 4817 ἀνάστασιν,
1003 4755 1138 4822 μήτε
1181 4754 1443 4824 ἄγγελον,
1483 4759 1621 4828 μήτε
1669 4761 1923 4832 πνεῦμα·

340 4838 621 4909 Φαρισαῖοι
663 4842 720 4894 δὲ
759 4843 1080 4911 ὁμολογοῦσι
1111 4845 1180 4898 τὰ
1216 4847 1522 4918 ἀμφότερα.
1589 4850 1837 4918 Ἐγένετο
1862 4852 1920 4905 δὲ

342 4930 559 5001 κραυγὴ
611 4931 821 5003 μεγάλη
850 4951 862 4963 ο
905 4935 999 4986 καὶ
1029 4935 1360 4999 ἀναστάντες
1395 4939 1540 5003 τινὲς
1582 4941 1692 4993 τῶν
1737 4941 1924 5013 Γραμ-

346 5021 560 5088 ματέων
622 5021 716 5076 τοῦ
778 5023 976 5094 μέρους
1043 5026 1152 5080 τῶν
1214 5027 1522 5099 Φαρισαίων
1575 5031 1919 5102 διεμάχοντο,

339 5108 588 5176 λέγοντες
609 5127 624 5143 ο
657 5112 824 5166 Οὐδὲν
871 5116 1038 5168 κακὸν
1073 5117 1399 5190 εὑρίσκομεν
1441 5123 1500 5174 ὲν
1528 5123 1607 5194 τῷ
1648 5125 1921 5196 ἀνθρώπῳ

339 5199 548 5269 τούτῳο
591 5205 639 5254 εί
687 5202 745 5256 δὲ
797 5204 1013 5275 πνεῦμα
1063 5207 1325 5279 ἐλάλησεν
1373 5212 1542 5284 αὐτῷ,
1591 5215 1624 5286 ἢ
1669 5216 1917 5286 ἄγγελος,

341 5289 417 5360 μὴ
472 5291 851 5364 θεομαχῶμεν.
919 5297 1124 5370 Πολλῆς
1173 5300 1231 5353 δὲ
1291 5304 1592 5374 γενομένης
1653 5309 1918 5376 στάσεως,

340 5380 596 5448 φοϐηθεὶς
645 5385 673 5435 6
728 5386 1008 5456 χιλίαρχος
1052 5391 1128 5459 μὴ
1157 5391 1462 5464 διασπασθῇ
1515 5397 1544 5449 ὁ
1589 5398 1798 5462 Παῦλος
1823 5401 1917 5453 ὑπ’

338 5470 543 5536 αὐτῶν,
571 5473 822 5528 ἐκέλευσε
855 5477 917 5530 τὺ
963 5481 1277 5551 στράτευμα
1304 5485 1631 5554 καταϐῆναι,
1673 5492 1767 5542 καὶ
1808 5491 1914 5563 ἀρ·

337 5562 506 5616 σπάσαι
537 5565 696 5620 αὑτὸν
725 5570 788 5621 ὲκ
819 5569 983 5640 μέσου
1015 5573 1214 5642 αὐτῶν,
1242 5574 1396 5644 ἄγειν
1435 5595 1494 5631 τε
1530 5581 1608 5644 είς
1640 5580 1740 5653 τὴν
1775 5562 1915 5656 παρ-

331 5654 592 5724 εμῦολήν.
656 5659 734 5729 Τῇ
797 5661 855 5714 δὲ
919 5663 1148 5736 ἐπιούσῃ
1204 5669 1362 5722 νυκτὶ
1408 5672 1636 5736 ὲπιστάς
1691 5654 1913 5747 αὐτῷ-ὁ

331 5745 559 5816 Κύριος,
602 5743 724 5802 εἷπε
749 5767 763 5782 ·
809 5751 1035 5823 Θάρσει,
1065 5755 1241 5811 Παῦλε
1267 5774 1282 5789 ’
1320 5761 1396 5822 ὡς
1431 5763 1538 5832 γὰρ
1563 5743 1911 5841 διεμαρτύρω

2061 1943 2219 2002 Nunc
2249 1965 2399 2017 vero,
2453 1954 2538 2009 sin
2574 1958 2645 2011 ob
2694 1961 2881 2028 aliam,
2914 1975 3064 2022 certe
3099 1970 3169 2022 ob
3196 1973 3356 2026 istam
3399 1990 3641 2043 causam,

2060 2053 2170 2091 non
2200 2041 2378 2096 solum
2417 2060 2522 2100 non
2549 2046 2982 2121 flagellaverunt,
3014 2059 3110 2112 sed
3140 2061 3304 2115 etiam
3343 2078 3372 2116 a
3406 2066 3641 2123 vinculis

2059 2125 2365 2184 solverunt.
2414 2151 2434 2184 ι
2471 2133 2678 2193 Paulus
2716 2141 2814 2196 ait.
2868 2160 2887 2193 ι
2938 2145 3148 2202 Iudicat
3202 2148 3428 2220 Paulus,
3471 2153 3640 2210 etiam

2058 2226 2271 2286 patrem
2321 2237 2482 2278 suum
2543 2225 2850 2286 Romanum
2903 2233 3095 2292 fuisse.
3141 2239 3446 2311 Antequam
3493 2247 3640 2302 enim

2058 2307 2264 2382 Paulps
2291 2327 2634 2387 nasceretur,
2662 2335 2786 2377 cum
2813 2325 3004 2382 Cilicia
3027 2307 3534 2391 Romanae-ditionis
3559 2336 3640 2392 fa-

2058 2408 2146 2454 cta
2181 2412 2351 2471 esset,
2397 2423 2625 2467 necesse
2673 2412 2778 2469 fuit
2837 2426 2896 2473 ut
2957 2419 3004 2476 is
3057 2422 3246 2490 etiam,
3299 2436 3485 2497 utpote
3529 2428 3640 2485 illis

2056 2490 2368 2561 subjectus,
2420 2500 2704 2560 Romanus
2748 2517 2917 2564 esset.
2959 2510 3184 2568 interim
3241 2490 3446 2584 tamen,
3479 2518 3636 2590 juxta

2057 2582 2228 2654 Agabi
2268 2591 2628 2661 prephetiam,
2654 2598 2908 2668 alligatus
2940 2612 3022 2657 est
3055 2603 3109 2658 in
3134 2582 3460 2664 Jerusalem.
3479 2582 3635 2677 'Quid

2944 2691 3228 2752 Romanus
3294 2709 3432 2754 erat.
3482 2718 3501 2752 ‹
3543 2699 3635 2756 Ti-

2365 2962 2520 3019 Feria
2563 2967 2597 3021 4
2654 2969 3008 3029 Ιιοὺάοιητιᾱεθ
3041 2978 3317 3048 ,εεριὶωακ

2685 3058 2868 3116 TEXT
2880 3064 2988 3121 US.

1967 3161 2010 3222 ο
2114 3137 2304 3211 XXIII,
2343 3147 2798 3216 l-ll,lntendens
2819 3168 2999 3212 autem
3027 3159 3624 3240 inconciliumPaulus,

2042 3233 2119 3286 ait
2148 3251 2160 3287 :
2191 3235 2304 3291 Viri
2326 3239 2547 3310 fratres,
2580 3261 2682 3318 ego
2705 3250 2855 3306 omni
2880 3255 3215 3311 conscientia
3234 3258 3376 3315 bona
3399 3275 3626 3320 conver-

2041 3334 2194 3382 satus
2213 3343 2334 3384 sum
2356 3334 2682 3403 anteDeum,
2698 3343 2936 3412 usqnein
2953 3345 3276 3404 hodiernum
3289 3351 3452 3408 diem.
3469 3353 3626 3411 Prin-

2041 3431 2167 3488 ceps
2187 3429 2368 3479 autem
2400 3430 2750 3485 sacerdotum
2780 3434 3020 3493 Ananias
3037 3441 3295 3512 praecepit
3316 3445 3626 3505 astantibus

2039 3509 2141 3565 sibi
2167 3521 2676 3592 percntereosejus.
2695 3522 2848 3580 Tunc
2861 3528 3063 3586 Paulus
3082 3509 3300 3590 dixit'ad
3319 3551 3473 3592 eum:
3497 3538 3626 3595 Per-

2041 3607 2216 3660 cutiet
2248 3615 2299 3660 te
2329 3607 2496 3676 Dens,
2518 3615 2701 3680 paries
2725 3595 2999 3675 dealbate.
3038 3623 3106 3676 Et
3137 3634 3190 3678 tu
3239 3629 3438 3683 sedens
3463 3629 3621 3700 judi-

2040 3705 2133 3747 cas
2157 3709 2244 3750 me
2278 3699 2581 3755 secundum
2609 3701 2802 3773 legem,
2834 3716 2888 3761 et
2918 3717 3109 3764 contra
3138 3712 3310 3782 legem
3343 3699 3502 3784 jubes
3531 3735 3620 3777 me

2041 3785 2252 3852 percuti
2277 3785 2299 3838 ἲ
2323 3787 2393 3841 Ει
2436 3791 2531 3859 qui
2577 3793 2816 3863 stabant,
2870 3797 3130 3857 dixerunt
3161 3819 3174 3856 :
3205 3802 3491 3863 Summum
3526 3825 3618 3866 sa-

2036 3874 2318 3930 cerdotem
2358 3879 2524 3951 299
2555 3881 2649 3938 Dei
2686 3887 3020 3946 maledicis?
3050 3891 3200 3949 Dixit
3248 3905 3432 3953 autem
3467 3899 3616 3956 Pau-

2037 3960 2124 4019 lus
2156 3983 2170 4020 :
2202 3965 2548 4057 Nesciebam,
2583 3973 2807 4044 fratres,
2878 3982 3008 4051 quia
3042 3985 3296 4057 princeps
3324 4000 3405 4045 est
3435 4007 3618 4048 sacer-

2035 4050 2248 4108 dotum.
2294 4050 2572 4130 Scripium
2602 4075 2688 4120 est
2725 4068 2876 4122 enim
2897 4050 2932 4126 ές
2977 4050 3284 4145 Ρίίησίρεῖιι
3316 4082 3502 4149 populi
3533 4081 3613 4136 tui

2034 4159 2146 4200 non
2190 4149 2502 4209 maledices.
2567 4156 2760 4214 Sciens
2808 4171 2992 4218 autem
3048 4163 3273 4232 Paulus,
3326 4172 3454 4240 quia
3501 4189 3612 4229 una

2036 4251 2163 4305 pars
2209 4250 2357 4296 esset
2416 4243 2849 4306 Sadducseorum
2889 4265 2943 4310 et
2975 4257 3147 4312 altera
3186 4257 3614 4334 Pharisaeorum,

2033 4329 2359 4387 exclamavit
2385 4334 2436 4388 in
2466 4341 2702 4395 concilio
2736 4361 2749 4396 :
2784 4341 2901 4398 Viri
2933 4347 3153 4414 fratres,
3176 4365 3277 4422 ego
3301 4351 3612 4413 Pharisaeus

2034 4433 2154 4474 sum
2189 4462 2203 4484 ,
2237 4424 2378 4480 ﬁlius
2438 4425 2729 4495 Pliarismi;
2771 4434 2839 4489 de
2907 4452 3004 4506 spe
3064 4448 3118 4493 et
3205 4446 3611 4501 resurrectione

610 4478 719 4546 ἐγὼ
763 4480 1042 4552 κρίνομαι.
1108 4484 1277 4537 Τοῦτο
1319 4486 1374 4538 δὲ
1435 4488 1603 4540 αὑτοῦ
1654 4492 1922 4558 εἰπόντος,

614 4573 798 4595 ἈΔ-,ρ
852 4573 958 4595 -.¹“.-.
1011 4573 1186 4595 Ὀγβὲ--
1213 4576 1304 4595 --μθ
1358 4593 1382 4595 ν,
1451 4594 1457 4595 ,
1519 4580 1531 4595 ι
1596 4580 1630 4595 ι
1813 4582 1825 4595 ι

2191 4478 2201 4484 ,
2324 4478 2330 4479 ,
2357 4478 2373 4480 _
2441 4478 2459 4479 κ
2484 4478 2567 4482 --.η
2585 4478 2696 4485 ---πη
2715 4478 2729 4495 ,
2773 4478 2838 4489 ..ν
2907 4478 3004 4506 υιιν
3065 4478 3118 4493 ν-
3205 4478 3606 4501 ιυουιιςιιιυηυ

2050 4518 2373 4566 nurtuorum
2402 4530 2502 4584 ego
2530 4517 2771 4581 judicor.
2809 4521 3020 4580 Etcum
3045 4527 3160 4583 haec
3188 4529 3438 4595 dixisset,
3466 4532 3606 4591 facta

2031 4606 2116 4653 est
2153 4599 2431 4658 dissensio
2470 4604 2616 4660 inter
2661 4607 2970 4668 Pharismos
3025 4625 3081 4671 et
3141 4618 3495 4685 Sadducaaos,
3553 4638 3606 4680 et

2029 4691 2209 4746 soluta
2247 4702 2332 4750 est
2384 4696 2698 4753 multitudo.
2753 4701 3035 4759 Sadducazi
3099 4709 3244 4762 enim
3274 4709 3463 4768 dicunt
3493 4729 3602 4770 non

2027 4798 2152 4839 esse
2174 4788 2651 4854 resurrectionem,
2684 4807 2862 4863 neque
2907 4798 3180 4868 angelum,
3209 4817 3383 4873 neque
3439 4807 3604 4877 spiri-

2030 4882 2142 4927 tum
2175 4892 2190 4927 :
2221 4875 2483 4932 Pharisai
2516 4886 2700 4935 autem
2732 4894 2964 4956 utraque
2991 4891 3352 4950 confitentur.
3399 4875 3602 4957 Factus

2026 4971 2111 5019 cst
2156 4973 2336 5020 autem
2370 4967 2577 5024 clamor
2619 4988 2870 5044 magnus.
2923 4978 2988 5034 Et
3036 4993 3326 5055 surgentes
3377 4990 3599 5058 quidam

2025 5053 2428 5112 Pharisaeorum
2492 5065 2829 5132 pugnabant,
2852 5067 3097 5128 dicentes
3124 5053 3158 5130 ε*
3178 5074 3327 5132 Nihil
3357 5053 3483 5134 mali
3515 5081 3602 5135 in-

2023 5146 2278 5200 venimus
2313 5146 2368 5202 in
2401 5148 2624 5205 homine
2655 5153 2763 5209 ism
2804 5173 2821 5214 :
2851 5159 2984 5228 quid
3015 5162 3061 5216 si
3110 5166 3338 5235 spiritus
3380 5169 3601 5228 locutus

2020 5241 2108 5289 est
2136 5235 2208 5300 ei,
2236 5245 2333 5290 aut
2359 5240 2630 5308 angelus?
2659 5240 2726 5296 Et
2775 5260 2900 5302 cum
2929 5265 3124 5320 magna
3154 5256 3422 5314 dissensio
3451 5260 3597 5316 facta

2020 5337 2190 5392 esset,
2228 5329 2431 5386 timens
2458 5334 2715 5392 tribunus
2772 5355 2840 5395 ne
2865 5342 3268 5415 discerperetur
3298 5347 3501 5407 Paulus
3527 5356 3597 5408 ab

2021 5418 2178 5488 ipsis,
2204 5419 2377 5489 jussit
2412 5423 2614 5481 milites
2644 5427 2981 5491 descendere
3010 5446 3065 5491 et
3109 5452 3305 5508 rapere
3351 5456 3476 5496 eum
3528 5445 3598 5500 de

2019 5510 2203 5566 medio
2231 5525 2420 5567 eorum
2461 5529 2527 5569 ac
2551 5515 2826 5579 deducere
2850 5539 2974 5580 eum
3001 5525 3054 5581 in
3078 5538 3278 5586 castra.
3328 5531 3592 5605 Sequenti

2016 5608 2199 5656 autem
2252 5610 2414 5658 nocte
2469 5606 2738 5666 assistens
2768 5614 2819 5667 ei
2850 5614 3138 5687 Dominus,
3173 5622 3247 5678 ait
3277 5641 3292 5684 :
3321 5624 3594 5684 Constans

2015 5702 2136 5748 esto
2177 5693 2362 5752 :sicut
2399 5697 2545 5751 enim
2579 5704 2905 5765 testiﬁcatus
2945 5724 3006 5766 es
3040 5712 3109 5768 de
3155 5729 3242 5770 me
3281 5716 3336 5773 in
3365 5716 3594 5776 Jerusa-

2017 5779 2145 5844 lem,
2175 5778 2258 5833 sic
2286 5787 2338 5833 te
2369 5791 2594 5852 Oportet
2613 5793 2668 5840 et
2697 5785 2885 5848 Romae
2924 5797 3232 5858 testiﬁcari.

328 5843 399 5893 τὰ
428 5842 560 5911 περὶ
601 5841 737 5913 ἐμοῦ
769 5845 849 5908 είς
888 5843 1266 5920 Ἰερουσαλὴμ,
1299 5850 1442 5907 οὕτω
1470 5873 1530 5909 σε
1579 5857 1662 5910 δεῖ
1701 5863 1794 5914 καὶ
1831 5867 1913 5932 εἰς
1962 5841 2188 5943 Ῥώμην
2239 5841 2604 5952 μαρτύρῆσαι.
