4082 6438
462 350 593 416 1031

578 476 585 481 ’
961 456 1533 515 COMMENTARIUS.

539 573 556 605 ι
601 552 874 608 Percutiet
903 558 956 606 te
989 550 1155 615 Deus,
1210 550 1390 618 paries
1453 547 1723 603 dealbate.
1773 563 1792 597 ι
1842 544 2030 614 Inqui-

463 642 664 697 sitione
702 641 925 711 dignum
989 649 1095 706 est,
1141 636 1420 708 quomodo
1464 635 1688 699 Paulus,
1720 650 1845 691 cum
1902 635 2030 690 alibi

1312 342 1890 407 THEOPHYLACTI
1924 337 2336 401 BULGARIIE
2381 335 2741 397 ARCHIEP.

3586 328 3722 391 1032

2742 447 3096 503 EPMHNEIA
3107 487 3121 501 .

2207 544 2394 608 ’Ἄξιον
2453 542 2707 611 ζητῆσαι,
2760 539 2880 603 πῶς
2931 541 2959 592 ὁ
3018 537 3178 599 αὐτὸς
3228 534 3465 606 ἀλλαχοῦ
3524 535 3717 602 εἰπὼν,

2142 653 2163 690 μ
2201 634 2620 704 Λοιδορούμενοι
2649 631 2999 700 εὐλογοῦμεν,
3039 625 3513 700 βλασφημούμενοι
3540 643 3720 697 παρα-

463 735 696 789 dixerit:
738 751 756 784 ι
792 731 1169 787 Maledicimur
1202 739 1257 784 et
1311 728 1724 794 bcnedicimus;
1778 727 2035 797 blasphe-

2154 727 2429 796 ιαλοῦμεν,
2477 745 2495 773 ι
2543 723 2779 778 ἐνταῦθα
2806 723 3117 776 τούναντίον
3147 721 3208 774 οὐ
3263 718 3422 788 μόνον
3458 717 3719 789 λοιδορεῖ-

460 842 697 892 mamur,
732 832 786 880 et
817 825 1171 880 obsecramus
1202 822 1268 886 ⁸³,
1293 839 1311 873 ι
1342 831 1448 875 etc.
1475 836 1493 886 ;
1535 820 1622 873 hic
1654 835 1684 875 e
1705 828 1897 874 contra
1927 834 2032 873 non

2154 835 2245 881 ται,
2284 817 2420 871 ἀλλὰ
2460 817 2556 869 καὶ
2592 816 2893 887 ἐπαρᾶται.
2931 814 3041 866 Καί
3075 829 3278 883 φαμεν,
3321 812 3403 864 ὅτι
3433 808 3607 863 ταῦτα
3652 809 3721 861 τὰ

462 917 643 971 solum
678 914 1040 977 convicietur,
1065 912 1157 967 sed
1194 912 1358 965 etiam
1398 909 1730 963 maledicat?
1784 909 2033 978 Respon-

464 1009 659 1062 demus
693 1008 808 1061 liaec
875 1006 1040 1060 verba
1072 1003 1229 1059 liberi
1267 1003 1449 1072 potius
1479 1001 1647 1055 animi
1694 1017 1837 1064 esse,
1868 1014 2034 1070 quam

2154 1002 2387 1056 ιῦούλετο
2442 1000 2920 1070 εὐκαταφρόνητος

467 1096 623 1150 irati:
657 1111 762 1150 non
794 1094 938 1149 enim
985 1094 1196 1148 volebat
1242 1091 1671 1161 contemptibilis
1724 1090 1897 1144 videri
1933 1090 2036 1143 tri-

2138 913 2356 983 ῥήματα
2400 907 2713 980 παρρησίας
2747 905 2948 975 μᾶλλόν
2987 905 3136 958 ἐστιν
3179 903 3212 974 ἢ
3256 899 3453 972 θυμοῦ.
3506 901 3582 954 (iii
3611 899 3721 970 γὰρ

3009 997 3242 1068 φανῆναι
3303 994 3380 1065 τῷ
3434 993 3723 1064 χιλιάρχῳ.

2137 1097 2202 1148 Εἰ
2223 1094 2329 1165 γὰρ
2355 1093 2518 1156 αὐτὸς
2539 1093 2637 1163 μὲν
2663 1092 2920 1159 ἐφείσατο
2944 1087 3222 1161 μαστίξαι,
3260 1087 3335 1150 ὡς
3362 1084 3426 1154 δὴ
3445 1085 3556 1146 τοῖς
3589 1085 3722 1136 Ἰου-

472 1187 638 1239 buno.
683 1182 739 1237 Si
776 1184 919 1238 enim
956 1182 1203 1236 Auanias
1243 1178 1463 1250 quidem
1515 1180 1584 1234 ab
1613 1194 1679 1234 eo
1708 1177 2035 1249 ﬂagellando

2154 1186 2307 1247 ῑαίοις
2355 1184 2657 1238 ἐκδίδοσθαι
2704 1183 2995 1253 μέλλοντα’
3043 1182 3102 1234 τὸ
3146 1179 3252 1233 ὑπὸ
3313 1178 3421 1231 τῶν
3492 1176 3722 1230 οἰκετῶν

464 1276 840 1338 abstinuisset,
879 1273 1024 1343 quod
1073 1287 1198 1327 mox
1255 1270 1460 1326 Judaeis
1520 1271 1817 1326 tradendus
1868 1280 2035 1335 esset,

467 1366 732 1435 profecto,
756 1365 904 1434 quod
934 1365 1131 1420 Paulus
1160 1378 1190 1417 a
1214 1363 1431 1418 famulis
1454 1364 1854 1429 verberaretur,
1889 1362 2039 1415 illum

467 1456 821 1509 audaciorem
874 1454 1170 1509 effecisset.
1233 1451 1308 1505 Ea
1368 1458 1551 1506 autem
1605 1451 1769 1505 verba
1820 1464 1951 1516 non,
1984 1456 2042 1503 ut

467 1546 621 1599 aiunt
683 1546 928 1615 quidam,
972 1544 1038 1598 ad
1086 1544 1443 1610 ministrum,
1499 1544 1591 1598 sed
1642 1544 1708 1597 ad
1759 1541 2041 1609 iubentem

472 1638 651 1706 ipsum
724 1637 960 1700 direxit;
1016 1649 1080 1688 ac
1128 1643 1419 1704 propterea
1477 1634 1662 1688 statim
1720 1647 1779 1687 se
1807 1646 2044 1702 purgare

476 1726 809 1798 aggreditur.
834 1725 1027 1780 Sciens
1057 1727 1203 1779 enim
1257 1725 1463 1789 justam
1504 1724 1667 1778 etiam
1700 1722 1837 1776 iram
1871 1722 2044 1792 repri-

2139 1276 2438 1328 τύπτεσθαι
2495 1273 2696 1344 μᾶλλον
2730 1273 2795 1326 ἂν
2820 1274 3025 1325 ἐκεῖνον
3051 1268 3387 1341 θρασύτερον
3405 1265 3724 1336 εἰργάσατο».

2141 1367 2312 1419 Τοῦτο
2340 1367 2394 1419 δὲ
2425 1366 2545 1435 οὐχ,
2579 1365 2655 1426 ὡς
2694 1365 2828 1434 φασί
2856 1380 3021 1426 τινες,
3067 1362 3204 1430 πρὸς
3249 1359 3341 1413 τὸν
3384 1358 3549 1412 παῖδα
3585 1357 3725 1409 ἁπο-

2142 1458 2396 1522 τείνεται,
2425 1457 2561 1511 ἀλλὰ
2611 1456 2748 1528 πρὸς
2784 1455 2948 1508 αὐτὸν
2979 1453 3068 1507 τὸν
3093 1450 3459 1516 ἐπιτάξανταθ
3506 1448 3588 1501 διὸ
3629 1447 3727 1500 καὶ

2144 1549 2491 1617 ἀπολογεῖται
2535 1547 2759 1608 εὐθέως.
2810 1544 2979 1608 Εἰδὼς
3014 1542 3140 1615 γὰρ,
3178 1543 3259 1595 ὅτι
3298 1540 3381 1593 δεῖ
3417 1537 3514 1593 καὶ
3552 1537 3727 1608 θυμὸν

2142 1640 2353 1693 δίκαιον
2392 1636 2793 1707 περιστέλλειν,
2817 1636 2911 1689 καὶ
2961 1633 3335 1701 ἀγανάκτησιν
3381 1626 3594 1682 δικαίαν
3635 1642 3728 1679 κα·
3760 1698 3777 1711 χ

2142 1726 2393 1791 λύπτειν,
2441 1725 2631 1797 ὥσπερ
2679 1720 3077 1794 μεταμεληθεὶς
3135 1719 3319 1785 λέγει·
3355 1734 3375 1768 ε
3422 1715 3537 1768 Ούκ
3574 1712 3727 1784 ᾔδειν

476 1820 730 1874 mendam
781 1834 924 1883 esse,
987 1833 1050 1872 ac
1084 1818 1291 1887 justam
1346 1832 1565 1889 quoque
1612 1815 2037 1885 indignationem

2154 1819 2230 1871 ὅτι
2274 1817 2422 1870 ἐστιν
2463 1815 2774 1885 ἀρχιερεὺς,
2821 1831 2841 1865 ι
2880 1812 3057 1866 καίτοι
3124 1808 3305 1874 εἰδὼς,
3352 1806 3528 1878 (ἔλεγε
3577 1807 3723 1875 γάρ’

472 1911 831 1973 obruendam,
855 1909 1019 1964 veluti
1044 1909 1364 1979 poenitentia
1391 1908 1610 1970 ductus,
1636 1906 1744 1960 ait:
1777 1924 1796 1956 ι
1825 1904 2043 1960 Nescie-

476 2003 595 2053 bam
631 2000 758 2069 quia
813 1999 1068 2069 princeps
1109 2008 1192 2053 est
1241 1999 1612 2054 sacerdotum.
1662 2016 1681 2050 ›
1720 1997 1784 2051 Et
1822 1997 2041 2068 quidem

472 2091 564 2144 ille
609 2090 817 2144 sciebat
880 2088 1035 2158 (39);
1091 2088 1329 2159 (dixerat
1373 2088 1538 2158 300
1574 2088 1758 2143 enim:
1822 2107 1840 2138 ι
1876 2086 1944 2141 Et
1985 2096 2045 2141 tu

474 2182 672 2237 sedens
700 2180 920 2251 judicas
954 2196 1040 2236 me
1101 2176 1405 2235 secundum
1460 2180 1667 2248 legem?
1708 2197 1725 2230 ι
1801 2187 2042 2234 attamen

474 2271 843 2341 ignorantiam
876 2270 1082 2324 nemini
1116 2270 1362 2335 noxiam,
1394 2267 1488 2324 sed
1513 2269 1614 2323 sibi
1646 2268 1835 2324 utilem
1867 2270 2041 2325 simu-

474 2363 567 2416 lat.
605 2360 685 2414 Ad
710 2360 882 2416 animi
916 2362 1060 2415 enim
1104 2362 1413 2416 libertatem
1453 2367 1683 2430 spectat,
1748 2362 2042 2417 vehemen-

474 2452 613 2506 tiore
640 2450 971 2523 quandoque
999 2452 1077 2505 uti
1124 2450 1423 2506 locutione.
1467 2452 1535 2506 Et
1594 2453 1812 2522 quidem
1850 2453 2045 2507 intem-

476 2542 686 2609 pestiva
739 2540 997 2611 loquendi
1029 2540 1257 2596 libertas
1297 2541 1513 2597 veritati
1565 2559 1709 2611 saepe
1762 2550 1955 2611 nocet;
1989 2553 2044 2598 at

474 2633 819 2695 opportunus
882 2628 1005 2697 ejus
1054 2644 1189 2684 usus
1225 2628 1543 2700 frequenter
1607 2632 1854 2697 conﬁcit,
1895 2633 2043 2703 quod

475 2718 797 2773 intenditur.
867 2740 885 2771 ε
958 2718 1150 2777 Sciens
1203 2729 1384 2777 autem
1452 2721 1677 2779 Paulus.
1744 2742 1764 2776 ι
1830 2717 2044 2782 Rursus

472 2810 715 2863 humana
754 2810 928 2864 utitur
974 2811 1266 2878 industria,
1320 2828 1385 2867 ac
1443 2829 1551 2869 non
1600 2830 1820 2884 semper
1865 2817 2043 2885 gratia

474 2900 694 2955 fruitur.
733 2901 792 2956 Et
821 2902 1039 2972 quidem
1083 2920 1179 2974 per
1207 2904 1327 2969 hoc,
1359 2906 1504 2962 sicut
1577 2915 1632 2962 et
1661 2915 1871 2977 poStea,
1905 2909 2046 2962 mul-

474 2991 786 3057 titudinem,
819 3008 940 3062 qua:
967 3002 1158 3049 contra
1189 2995 1363 3065 ipsum
1385 2997 1574 3068 inique
1611 2998 2043 3068 conspiraverat,

474 3080 719 3135 dividere
746 3082 951 3136 studet.
997 3082 1170 3153 Atque
1207 3085 1294 3138 hic
1354 3084 1518 3138 etiam
1571 3100 1681 3141 non
1746 3087 2042 3141 mentitur:

473 3178 594 3223 erat
615 3170 759 3223 enim
791 3184 857 3224 ex
890 3173 1331 3241 prOgenitoribus
1380 3171 1711 3227 Pliarisaaus.
1738 3172 2048 3246 Sadductei,

480 3270 667 3329 utpote
731 3263 928 3324 crassi,
1003 3262 1237 3319 fortasse
1307 3279 1486 3334 neque
1555 3264 1725 3320 Deum
1809 3274 2044 3323 norant:

475 3354 736 3422 quocirca
794 3353 958 3407 etiam
1014 3356 1471 3409 resurrectionem
1511 3371 1635 3413 esse
1697 3372 1807 3412 non
1859 3360 2047 3414 crede—

475 3443 629 3498 bant.
674 3462 693 3496 (
735 3431 996 3500 Pbarisrci
1017 3455 1200 3503 autem
1244 3457 1477 3516 utraque
1537 3448 1891 3504 confitentur.
1921 3470 1940 3502 ›
1980 3452 2045 3505 At

477 3550 602 3588 cum
629 3534 731 3587 tria
755 3544 882 3590 sunt
919 3576 933 3602 ,
972 3536 1246 3607 quomodo
1272 3535 1401 3591 dicit
1424 3555 1443 3589 ‹
1477 3537 1746 3607 utraque?
1774 3557 1793 3589 ι
1818 3538 2045 3609 Nempe,

477 3626 561 3679 vel
591 3626 716 3695 quia
775 3629 1025 3697 spiritum
1051 3634 1105 3681 ct
1140 3627 1391 3696 angelqu
1428 3642 1528 3698 pro
1581 3643 1687 3682 una
1716 3645 1774 3684 re
1810 3631 2047 3701 accipit:

476 3716 562 3770 vel
594 3719 721 3786 quia
747 3718 918 3772 dictio
947 3724 1179 3786 utraque
1210 3731 1316 3772 non
1351 3718 1524 3772 solum
1560 3718 1628 3774 de
1665 3719 1878 3776 duobus
1905 3720 2047 3794 (qurc

479 3807 698 3876 quidem
752 3807 972 3875 proprie
1026 3805 1341 3876 signiﬁcat),
1388 3807 1480 3862 sed
1534 3808 1703 3863 etiam
1748 3808 1816 3864 de
1872 3810 2047 3866 tribus

478 3898 815 3965 (quanquam
854 3894 1036 3949 minus
1093 3896 1328 3968 proprie)
1382 3897 1670 3967 accipitur.
1726 3898 1867 3956 Hinc
1934 3917 2046 3958 non

479 3993 697 4054 oportet
725 3989 791 4039 ad
825 3983 1084 4055 profante.
1122 3988 1416 4044 locutionis
1462 3990 1850 4060 proprietatem
1909 3995 2044 4050 sim-

477 4077 705 4145 plicium
760 4084 818 4132 et
877 4079 1093 4133 rudium
1151 4081 1489 4150 piscatorum
1551 4083 1754 4153 scripta
1802 4086 2043 4158 exigere.

547 4260 648 4313 ³³1
690 4259 816 4315 Cor.
878 4278 951 4327 tv,
991 4263 1052 4317 2|

2152 1926 2171 1959 ι
2210 1908 2318 1960 Καὶ
2344 1908 2407 1960 σὺ
2438 1905 2581 1977 κάθῃ
2624 1904 2827 1975 κρίνων
2852 1919 2918 1973 με
2943 1901 3086 1954 κατὰ
3135 1898 3229 1953 τὸν
3277 1897 3470 1969 νόμον;
3504 1896 3563 1966 ι)
3590 1893 3729 1950 ἀλλὰ

2149 2002 2530 2068 προσποιεῖται
2568 1998 2811 2066 ἄγνοιαν,
2845 1996 2906 2048 ού
2954 1994 3320 2064 βλάπτουσαν,
3374 1988 3489 2046 ἀλλ’
3520 1989 3728 2042 οἰκονο-

2151 2090 2381 2160 μοῦσαν.
2440 2090 2596 2142 Ἐστι
2641 2089 2750 2157 γὰρ
2791 2087 2883 2141 καὶ
2942 2082 3354 2156 μεταχειρισμῷ
3415 2079 3729 2153 χρήσασθαι

2155 2183 2493 2254 ἰσχυροτέρῳ
2523 2181 2859 2252 παρρησίας.
2890 2177 3158 2239 Πολλάκις
3187 2175 3411 2246 μὲνγὰρ
3446 2171 3729 2244 παρρησία

2148 2276 2373 2344 ἄκαιρος
2435 2271 2636 2343 ἔϐλαψε
2678 2270 2776 2342 τὴν
2827 2268 3125 2339 ἀλήθειαν·
3191 2264 3616 2337 μεταχειρισμὸς
3669 2262 3729 2314 δὲ

2148 2346 2405 2435 εὔκαιρος
2433 2362 2763 2434 κατώρθωσε
2789 2358 2851 2415 τὸ
2881 2358 3262 2432 προκείμενον.
3315 2353 3484 2407 Πάλιν
3510 2351 3697 2419 ἀνθρω
3715 2376 3730 2389 ο

2149 2455 2321 2517 πίνως
2338 2454 2668 2521 διαλέγεται,
2692 2454 2786 2506 καὶ
2814 2454 2876 2507 οὐ
2906 2447 3182 2521 πανταχοῦ
3215 2445 3314 2515 τῆς
3342 2445 3564 2514 χάριτος
3588 2442 3728 2494 ἀπο-

2148 2542 2304 2596 λάϐει
2329 2543 2376 2575 ⁸⁸³
2401 2583 2414 2597 .
2453 2544 2567 2595 Καὶ
2599 2543 2656 2597 ὲν
2683 2541 2878 2611 τούτῳ,
2907 2540 3002 2595 καὶ
3038 2541 3176 2609 μετὰ
3213 2535 3409 2600 ταῦτα,
3453 2528 3730 2604 ἡΰουλήθη

2152 2635 2336 2705 σχίσαι
2384 2633 2445 2687 τὸ
2480 2632 2683 2703 πλῆθος
2712 2634 2773 2686 τὸ
2826 2631 3011 2695 κακῶς
3053 2628 3312 2701 δμονοοῦν
3378 2629 3495 2682 κατ’
3536 2621 3727 2680 αὐτοῦ.

2152 2727 2261 2780 Καὶ
2297 2727 2357 2779 ού
2410 2725 2666 2795 ψεύδεται
2704 2724 2831 2778 οὐδὲ
2866 2722 3135 2776 ἐνταῦθα’
3182 2721 3475 2792 Φαρισαῖος
3503 2719 3613 2788 γὰρ
3657 2714 3730 2788 ἦν

2150 2817 2216 2869 ἐκ
2248 2815 2547 2886 πρὸγόνων.
2581 2814 2929 2867 Σαδδουηῖοι
2959 2815 3149 2883 παχεῖς
3185 2827 3329 2874 τινες
3367 2812 3545 2877 ὄντες,
3586 2810 3730 2880 τάχα.

2150 2906 2270 2960 οὐδὲ
2288 2906 2380 2959 τὸν
2416 2905 2550 2959 Θεὸν
2572 2904 2785 2959 ἴσασινο
2808 2904 2930 2959 ὅθεν
2962 2903 3085 2957 οὐδὲ
3116 2904 3412 2958 ἀνάστασιν
3447 2901 3730 2972 βούλονται

2153 2998 2430 3053 πιστεύειν
2461 2995 2624 3054 εἶναι.
2663 3017 2683 3051 ι
2716 3001 3003 3068 Φαρισαῖοι
3041 2998 3100 3052 δὲ
3161 2996 3485 3067 ὁμολογοῦσι
3529 2996 3596 3051 τὰ
3623 2996 3732 3065 ἁμ-

2154 3090 2379 3161 φότερα.
2419 3109 2439 3144 ι
2477 3092 2588 3145 Καὶ
2617 3091 2725 3161 μὴν
2752 3092 2880 3162 τρία
2909 3091 3046 3155 ἐστὶ,
3075 3088 3192 3152 πῶς
3246 3088 3338 3143 οὖν
3367 3088 3535 3156 λέγει,
3571 3105 3592 3141 ι
3627 3087 3733 3157 ἀμ-

2154 3180 2392 3253 φότερα;
2430 3201 2448 3234 ι
2478 3183 2551 3236 Ἦ
2598 3183 2681 3237 ὅτι
2728 3180 2947 3252 πνεῦμα
2984 3185 3077 3235 καὶ
3112 3180 3341 3249 ἄγγελον
3375 3180 3436 3234 ἓν
3468 3196 3655 3251 φησιν,
3694 3180 3730 3248 ἢ

2153 3274 2463 3343 tumeat;
2519 3277 2579 3329 ού
2625 3276 2785 3347 μόνον
2828 3277 2955 3345 περὶ
2994 3274 3088 3328 δύο
3116 3273 3284 3341 λέγει.
3323 3274 3461 3343 ὅπερ
3521 3271 3728 3341 κυρίως

2151 3364 2303 3434 δηλοῖ
2322 3365 2401 3430 τὸ,
2434 3366 2747 3436 ἀμφότερα,
2798 3365 2935 3419 ἀλλὰ
2968 3366 3061 3419 καὶ
3088 3364 3218 3432 περὶ
3248 3363 3414 3433 τριῶν
3449 3362 3469 3435 [
3504 3362 3733 3432 λαμϐά-

2151 3472 2301 3509 νεται
2413 3456 2576 3509 Ὥστε
2605 3454 2700 3510 οὖν
2743 3457 2804 3511 οὐ
2861 3457 2943 3511 δεῖ
2989 3458 3054 3510 ὲκ
3075 3457 3172 3525 τῆς
3209 3454 3407 3523 ἔξωθεν
3445 3454 3734 3525 ἀκριϐολέ-

2152 3565 2282 3604 κτον
2307 3551 2626 3621 κυριότητος
2648 3552 2856 3622 κρίνειν
2869 3550 2967 3614 τὰς
2991 3550 3100 3604 τῶν
3122 3548 3310 3603 ἁπλῶν
3328 3547 3420 3601 καὶ
3435 3545 3738 3617 ἀγραμμά-

2150 3658 2258 3694 των
2297 3640 2491 3695 ἁλιὲων
2534 3643 2881 3713 συγγραφάς.
2929 3640 3103 3712 Διχῶς
3143 3640 3262 3692 ἔστι
3302 3639 3492 3706 νοῆσαι
3539 3634 3600 3688 τὸ
3646 3638 3735 3689 εἰ-

2151 3729 2423 3800 ρημένον·
2486 3730 2519 3800 ἢ
2548 3730 2656 3801 γὰρ
2691 3731 2867 3783 λείπει
2914 3747 2967 3783 τι
2986 3730 3134 3799 αύτῷ
3159 3729 3295 3799 πρὸς
3345 3726 3734 3796 ἀναπλήρωσιν

2145 3820 2241 3883 τοῦ
2274 3822 2565 3891 νοήματος,
2596 3823 2686 3877 ἵνα
2772 3822 2945 3884 οὕτως
2967 3836 2979 3851 ’
3010 3823 3072 3875 Ei
3106 3820 3163 3874 δὲ
3189 3818 3407 3889 πνεῦμα
3436 3817 3469 3886 ἢ
3499 3816 3735 3884 ἄγγελος

2145 3910 2601 3983 ὲλάλησεναύτῷ,
2644 3912 2861 3984 ἄδηλον,
2889 3912 3052 3982 φησιν
3072 3928 3086 3944 ⁸
3119 3911 3154 3982 ἢ
3182 3910 3257 3974 ὡς
3284 3905 3392 3963 ἀπδ
3424 3908 3532 3961 τῶν
3561 3908 3731 3976 Φαριο

2153 4001 2320 4055 σαίων
2362 4002 2424 4055 τὸ
2468 4002 2625 4073 ρῆμα
2667 4002 2910 4057 λεκτέον.
2965 4023 2985 4055 ι
3023 4003 3086 4056 Ei.
3122 4001 3179 4055 δὲ
3205 4000 3421 4070 πνεῦμα
3466 3998 3734 4068 ἐλάλησεν

2154 4089 2325 4160 αὐτῷ,
2356 4089 2389 4160 ἢ
2421 4090 2673 4159 ἄγγελος.
2713 4110 2732 4143 ι
2779 4092 2927 4147 Ἀντὶ
2965 4094 3083 4158 τοῦ,
3148 4093 3281 4147 Ἰδοὺ
3310 4090 3381 4145 τὰ
3425 4090 3553 4160 περὶ
3599 4089 3735 4143 ἀνα-

1674 4358 1874 4422 Variaa
1900 4358 2208 4423 lectiones
2252 4365 2315 4422 et
2358 4365 2548 4424 notis.
2650 4336 2664 4346 ’

554 4455 598 4487 ⁶⁰
638 4456 920 4512 ἀπολαύει.

557 4613 669 4684 ('59)
703 4613 921 4687 Mirum,
953 4616 1099 4686 quod
1122 4623 1316 4673 auctor
1342 4619 1467 4684 iste,
1504 4617 1599 4687 qui
1625 4616 1762 4687 alias
1807 4617 2049 4687 Cbryso-
2080 4620 2126 4677 D
2154 4626 2372 4687 quenter
2401 4615 2619 4675 Iudaeos
2641 4615 2981 4679 convenisset,
3010 4616 3303 4684 videretque
3331 4633 3447 4671 eum
3476 4618 3532 4671 in
3556 4618 3731 4673 media

482 4694 722 4740 stantum
756 4686 867 4741 fere
894 4688 1176 4751 exscribit,
1215 4688 1303 4742 bic
1344 4688 1549 4744 diserte
1606 4687 1674 4740 ab
1705 4686 1820 4751 illo,
1878 4686 1954 4746 et.
1989 4696 2052 4741 ut

486 4771 585 4823 ego
617 4755 835 4823 quidem
865 4765 1019 4825 puto,
1040 4758 1218 4827 etiam
1246 4772 1277 4810 a
1301 4758 1535 4827 veritate
1562 4755 1834 4827 discedat.
1876 4754 2055 4827 Chry-

487 4832 786 4889 sostomus,
820 4835 880 4895 ut
911 4826 1142 4894 aequitas
1174 4827 1292 4895 ipsa
1319 4826 1598 4895 postulare
1653 4825 1894 4889 videtur,
1926 4825 2058 4895 ceu:

489 4900 575 4947 set
629 4902 683 4946 et
715 4893 1247 4950 sustinet’Pauluin
1298 4893 1489 4950 revera
1553 4893 1856 4961 ignorasse,
1913 4893 2057 4963 quod

489 4963 730 5035 {inanitas
750 4978 816 5018 eo
874 4976 1118 5035 tempore
1170 4965 1428 5035 princeps
1483 4972 1630 5035 esset
1687 4963 2055 5035 sacerdotum.

498 5030 692 5097 Verba,
727 5048 849 5103 quae
877 5036 968 5088 ille
986 5030 1334 5088 habet‘liom.
1365 5030 1537 5088 sum
1587 5031 1641 5103 in
1683 5034 1826 5103 ‘Act.
1851 5049 1941 5101 ap.
1972 5034 2063 5088 hic

489 5104 695 5167 referre
725 5100 878 5167 libet,
913 5114 972 5157 ut
1002 5118 1161 5155 nemo
1189 5102 1648 5157 comtneutatoris
1683 5100 1847 5170 hujus
1876 5100 1976 5156 liae
2002 5103 2054 5155 in

490 5179 644 5239 parte
669 5172 997 5240 expositioni
1045 5170 1189 5223 lidat.
1221 5170 1326 5240 Ait,
1365 5174 1553 5240 itaque
1583 5171 1743 5225 initio
1786 5186 1939 5225 nunt.
1969 5171 2004 5224 2
2040 5187 2053 5223 :

489 5239 965 5304 Quidam’dicunt
1044 5246 1230 5309 (verna
1288 5239 1476 5295 Graeca
1545 5240 1828 5310 brevitatis
1886 5249 2060 5310 gratia

417 5328 422 5332 ·
487 5312 706 5379 omitto)
735 5324 827 5376 per
860 5307 1087 5364 ironiam
1119 5310 1348 5362 locutum
1380 5326 1516 5364 esse.
1544 5307 1680 5362 Mihi
1712 5307 2061 5364 autem'vide-

491 5391 578 5431 tur
632 5381 802 5448 ipsum
857 5381 1066 5449 omnino
1117 5379 1417 5442 nescivisse,
1462 5379 1600 5449 quod
1624 5389 1759 5433 esset
1822 5380 2061 5448 princeps

490 5455 861 5502 sacerdotum:
903 5448 1141 5518 alioquin
1203 5449 1360 5502 illum
1408 5448 1738 5503 lio’norasset.
1782 5449 1907 5503 Ideo
1950 5465 2059 5502 sese

487 5530 677 5585 purgat
717 5527 1019 5583 accusatus,
1047 5531 1091 5570 et
1142 5519 1327 5574 addit:
1367 5537 1387 5570 ι
1426 5518 1722 5585 Ρνίηεὶμεηι
1770 5518 2061 5586 papuli'tui

492 5601 596 5637 non
626 5588 924 5650 maledicas.
960 5606 982 5640 θ
1016 5588 1081 5641 Ει
1102 5590 1267 5658 paulo
1295 5598 1453 5658 post:
1488 5586 1555 5642 Et
1608 5591 1819 5641 omnino
1841 5604 2060 5657 persua-

493 5670 587 5709 sus
610 5670 746 5718 sum,
785 5658 1057 5710 nescivisse
1084 5658 1254 5719 illum,
1291 5663 1427 5728 quod
1461 5658 1701 5727 princeps
1729 5659 2057 5712 sacerdotum

492 5734 647 5789 isset,
689 5728 827 5791 quod
855 5738 970 5793 post
1019 5727 1227 5799 longum
1263 5727 1462 5796 tempus
1515 5728 1779 5794 rediisset,
1832 5744 1923 5781 nec
1952 5729 2063 5796 [re-

2164 4686 2452 4740 multorum
2484 4686 2759 4751 aliorum;
2790 4701 2892 4739 non
2925 4687 3060 4740 enim
3109 4687 3419 4754 manifestus
3448 4699 3560 4740 erat
3583 4690 3735 4750 priu-

2166 4772 2285 4823 ceps
2346 4757 2677 4810 sacerdotum
2726 4757 2862 4809 inter
2910 4756 3102 4823 multos
3154 4766 3203 4808 et
3248 4756 3477 4811 diversos
3522 4766 3729 4810 astans.

2164 4822 2233 4879 Et
2267 4827 2323 4879 in
2377 4829 2481 4878 line
2511 4825 2672 4895 hujus
2708 4825 2957 4895 numeri:
2992 4822 3326 4886 Nesciebat»,
3365 4826 3557 4894 inquit,
3587 4828 3731 4893 quod

2165 4909 2403 4963 summus
2429 4892 2675 4948 sacerdos
2699 4894 2792 4947 sit.
2819 4892 2961 4963 Ergo
2988 4908 3061 4963 ea:
3085 4895 3391 4963 ignorantia
3435 4892 3730 4962 increpatio

2168 4964 2292 5032 fuit.
2326 4962 2445 5015 Nisi
2472 4966 2612 5016 enim
2634 4965 2734 5016 hoc
2788 4962 2945 5022 esset.
2979 4962 3072 5032 illo
3099 4962 3313 5031 accepto
3366 4964 3600 5021 abiisset.
3634 4979 3732 5017 nec

2170 5030 2441 5102 tacuisset,
2501 5041 2655 5102 atque
2706 5033 2878 5101 ipsum
2929 5030 3039 5102 iiiis
3084 5030 3326 5086 tribunus
3391 5034 3728 5087 tradidisset.

2164 5101 2430 5156 Similiter
2488 5100 2642 5155 num.
2687 5117 2885 5170 seqq.:
2936 5100 3279 5170 Nesciebam,
3341 5101 3531 5170 inquit,
3588 5104 3731 5170 quod

2167 5186 2404 5224 summus
2455 5170 2699 5240 sacerdos
2752 5169 2845 5223 Dei
2892 5179 3049 5223 esset.
3108 5169 3220 5223 Hoc
3244 5169 3418 5233 dixit,
3453 5169 3615 5240 neque
3644 5170 3733 5224 hic

2167 5242 2355 5299 stetit;
2385 5238 2475 5292 sed
2508 5241 2783 5293 ostendens
2835 5255 2890 5293 se
2938 5256 3042 5292 non
3087 5240 3286 5293 ironice
3317 5240 3480 5307 loqui,
3530 5238 3731 5307 addit:

2175 5328 2194 5361 ι
2234 5308 2537 5375 Principcm
2595 5311 2776 5377 populi
2841 5309 2919 5361 tui
2976 5324 3081 5362 non
3131 5306 3426 5362 maledices.
3488 5326 3508 5360 ι
3566 5306 3729 5377 Nulla

2170 5380 2355 5432 verior
2386 5387 2483 5432 aut
2532 5376 2742 5447 aequior
2774 5378 3042 5446 expositio
3068 5378 3157 5431 bic
3184 5377 3303 5431 dari
3328 5387 3523 5447 potest.
3548 5376 3728 5432 Caete-

2168 5464 2289 5502 rum
2329 5450 2383 5501 in
2410 5445 2820 5501 Commentario
2851 5445 2957 5502 isto
3011 5448 3114 5502 sub
3143 5445 3359 5501 nomine
3406 5445 3727 5502 (Ecumenii

2166 5520 2314 5571 edito
2343 5518 2577 5571 refertur
2601 5521 2766 5571 etiam
2797 5518 2910 5585 haec
2940 5517 3253 5585 explicatio,
3289 5516 3436 5570 velut
3468 5532 3727 5584 quorum-

2167 5588 2331 5639 dam:
2366 5588 2509 5649 τινές
2527 5584 2902 5656 φασι,‹μιὶάαιιι
2940 5584 3143 5648 dicunt.
3177 5584 3344 5640 Miror
3391 5601 3552 5656 vero,
3576 5600 3731 5656 com-

2169 5658 2478 5724 pilatorem,
2514 5654 2571 5709 ut
2602 5654 2919 5726 plurimum,
2951 5656 3323 5726 Chrysostomi
3381 5663 3492 5726 tam
3532 5654 3729 5725 frigide

2170 5728 2290 5794 ejus
2319 5724 2669 5792 sententiam,
2701 5725 2873 5794 ipsius
2901 5724 3078 5781 ferme
3094 5726 3294 5791 verbis,
3319 5725 3543 5781 referre.
