4082 6428
408 382 556 457 1035

1263 393 1838 456 THEOPHYLACTI
1878 395 2285 459 BULGARL‘E
2318 400 2674 462 ARCHIEP.

3530 398 3674 468 1036

412 503 598 558 minis.
620 503 685 557 Et
716 516 841 556 cum
875 501 1006 556 mihi
1042 501 1313 572 perlatum
1344 512 1490 559 esset
1524 503 1592 559 de
1614 503 1982 572 insidiisquas

2086 507 2285 573 αἰτίαν,
2320 508 2389 560 δι’
2411 509 2477 580 ἢν
2498 508 2790 563 ἐνεκάλουν
2836 510 3008 578 αὐτῷ,
3035 513 3355 583 κατήγαγον
3398 512 3677 576 αὐτδννείς

412 602 742 663 paraverant
764 594 863 657 illi.
884 592 1009 647 misi
1041 608 1165 649 eum
1194 593 1262 648 ad
1292 602 1343 648 te
1371 595 1728 661 denuntians,
1756 603 1811 649 et
1828 610 1990 651 accu-

417 686 718 753 satoribus,
747 693 807 740 ut
835 685 1025 740 dicant
1059 684 1206 756 apud
1236 694 1307 741 te.
1330 685 1480 740 Vale.
1541 704 1560 738 ι

2096 596 2159 649 τὸ
2192 599 2469 670 συνέδριον
2500 601 2705 657 αὐτῶν.
2747 603 2844 655 Ὃν
2904 597 3063 674 εὗρον
3090 603 3491 673 ἐγκαλούμενον
3546 604 3679 672 περὶ

2106 687 2443 765 ζητημάτων
2473 694 2567 747 τοῦ
2607 694 2773 765 νόμου
2817 695 3023 762 αὐτῶν,
3056 698 3220 770 μηδὲν
3248 697 3306 751 δὲ
3328 697 3478 763 ἄξιον
3508 697 3680 751 θανά-

406 794 512 835 ’του
552 775 587 848 ἢ
641 777 858 848 δεσμῶν
889 778 1086 849 ἔχοντα
1114 776 1389 848 ἔγκλημα.
1424 776 1781 850 Μηνυθείσης
1809 778 1865 831 δέ
1902 796 1993 847 μοι
2030 779 2322 855 ἐπιϐουλῆς
2356 788 2436 850 είς
2487 787 2579 842 τὸν
2623 789 2793 860 ἄνδρα
2847 790 3061 860 μέλλειν
3116 790 3337 846 ἔσεσθαι
3402 790 3509 844 ὑπὸ
3567 789 3680 844 τῶν

423 871 719 939 Ἰουδαίων,
745 869 806 935 ἐξ
850 868 1023 940 αὐτῆς
1069 867 1293 941 ἔπεμψα
1318 868 1457 941 πρὸς
1506 869 1584 935 σὲ,
1615 870 1996 943 παραγγείλας
2035 873 2131 927 καὶ
2162 878 2276 942 τοῖς
2346 880 2677 952 κατηγόροις
2743 883 2921 952 λέγειν
2946 883 3015 939 τὰ
3053 884 3190 955 πρὸς
3223 883 3387 938 αὑτὸν
3420 884 3511 938 ἐπὶ
3558 883 3674 939 σοῦ,

412 964 689 1037 Ἐῥρωσο.
722 982 741 1016 ι
1214 974 1219 975 ⁷
1634 1032 1647 1043 κ

488 1059 691 1113 Milites
704 1069 834 1127 ergo
863 1054 1170 1111 secundum
1201 1061 1530 1123 praeceptum
1562 1053 1686 1120 sibi,
1712 1067 1998 1111 assumen-

412 1161 497 1207 tcs
529 1149 757 1204 Paulum
792 1149 1072 1204 duxerunt
1104 1161 1200 1217 per
1220 1144 1383 1217 302
1418 1154 1634 1201 noctem
1669 1147 1723 1201 in
1752 1147 1990 1216 Antipa-

403 1245 640 1308 tridem;
675 1249 729 1298 et
757 1249 975 1312 postera
1000 1240 1111 1305 die,
1136 1239 1386 1294 dimissis
1408 1239 1712 1309 equitibus,
1756 1245 1816 1293 ut
1866 1253 1992 1293 cum

408 1353 475 1393 co
511 1338 676 1400 irent,
711 1334 919 1391 reversi
941 1341 1070 1389 sunt
1098 1330 1168 1386 ad
1194 1339 1399 1386 castra.
1419 1330 1523 1397 Qui
1553 1341 1678 1386 cum
1710 1331 1991 1391 venissent

401 1429 721 1485 Carsaream
766 1435 821 1483 et
859 1424 1216 1482 tradidissent
1247 1424 1539 1495 epistolam
1596 1422 1839 1493 praesidi,
1871 1429 1988 1476 sta-

409 1530 639 1578 tuerunt
671 1528 797 1576 ante
819 1519 974 1574 illum
1000 1523 1055 1573 et
1081 1516 1335 1572 Paulum.
1359 1515 1495 1571 Cum
1523 1514 1748 1585 legisset
1801 1520 1985 1568 autem

404 1626 462 1668 et
495 1615 894 1682 interrogasset
922 1611 989 1666 de
1013 1624 1121 1680 qua
1152 1609 1434 1678 provincia
1461 1620 1610 1663 esset
1636 1624 1652 1674 ;
1689 1613 1745 1661 et
1775 1619 1985 1677 cogno-

409 1718 596 1767 secus,
634 1702 765 1772 quia
797 1702 866 1756 de
916 1699 1108 1754 Cilicia
1144 1697 1422 1754 :Audiam
1479 1703 1554 1763 te,
1604 1695 1806 1766 inquit,
1858 1710 1983 1751 cum

407 1804 759 1853 accusatores
780 1795 866 1850 tui
895 1792 1163 1850 venerint.
1182 1788 1467 1862 Jussitque
1498 1791 1554 1845 in
1588 1790 1844 1861 praetorio
1876 1787 1984 1844 lle-

320 1869 325 1874 .
406 1888 559 1944 rodis
585 1884 859 1944 custodiri
885 1899 1034 1940 eum.

913 2158 1147 2219 CAPUT
1194 2156 1413 2216 XXXV.

407 2252 636 2312 Tertulli
655 2248 931 2310 accusatio
963 2262 1155 2309 contra
1185 2250 1443 2317 Paulum,
1478 2261 1527 2307 et
1558 2250 1718 2321 hujus
1746 2249 1982 2322 defensio

965 2360 1150 2399 coram
1164 2344 1413 2413 preside.
1451 2354 1455 2358 ‘

474 2437 666 2505 λχιν,
698 2437 848 2494 1-26.
886 2434 1020 2493 Post
1052 2438 1295 2507 quinque
1325 2445 1506 2493 autem
1538 2436 1657 2492 dies
1705 2436 1984 2492 descendit

406 2534 664 2606 princeps
680 2530 1019 2587 sacerdotum
1032 2528 1276 2586 Ananias
1288 2544 1413 2584 cum
1434 2528 1986 2599 senioribusquibus-

405 2628 531 2678 dam
551 2633 605 2679 et
630 2622 873 2677 Tertullo
894 2620 1130 2690 quodam
1149 2629 1387 2687 oratore,
1412 2621 1503 2690 qui
1525 2619 1779 2675 adierunt
1795 2619 1984 2689 praesi-

404 2719 529 2770 dcm
556 2716 818 2771 adversus
842 2712 1095 2769 Paulum.
1118 2710 1208 2779 Et,
1230 2713 1399 2767 citato
1418 2712 1608 2779 Paulo,
1628 2711 1793 2782 erepit
1818 2726 1982 2766 accu-

402 2817 528 2858 sare
548 2800 849 2868 Tertullus,
872 2800 1063 2857 dicens
1096 2798 1271 2856 :Cum
1302 2800 1359 2855 in
1398 2801 1571 2856 multa
1600 2815 1735 2872 pace
1757 2815 1984 2871 agamus

403 2910 502 2966 per
526 2903 599 2960 te,
649 2902 704 2950 et
738 2892 910 2948 multa
973 2892 1320 2963 corrigantur
1359 2907 1456 2962 per
1501 2905 1647 2948 tuam
1688 2891 1984 2962 providen-

404 2987 575 3051 tiam,
621 2999 835 3054 semper
860 2990 916 3039 et
962 2982 1167 3054 ubique
1197 2983 1557 3054 suscipimus,
1590 2981 1980 3055 optimeFelix,

402 3090 530 3130 eam
575 3073 725 3127 onini
762 3074 1066 3143 gratiarum
1128 3074 1365 3128 actione.
1426 3072 1505 3128 Ne
1558 3073 1769 3129 diutius
1799 3081 1981 3128 autem

405 3179 458 3223 te
480 3167 828 3240 'protraham,
859 3181 977 3233 oro,
1006 3167 1244 3223 breviter
1276 3166 1471 3223 audias
1500 3182 1602 3224 nos
1636 3182 1736 3238 pro
1760 3175 1852 3222 tua
1866 3166 1983 3223 cle-

2168 1060 2233 1113 Οί
2264 1060 2365 1131 μὲν
2398 1059 2494 1114 οῦν
2536 1062 2870 1134 στρατιῶται
2916 1062 3006 1117 διὰ
3052 1063 3269 1128 νυκτὸς,
3302 1061 3445 1117 κατὰ
3470 1062 3532 1116 τὸ
3557 1062 3673 1117 δια-

2093 1152 2429 1222 τεταγμένον
2456 1153 2660 1220 αύτοῖς,
2691 1154 3054 1218 ἀνα“ιασόντες
3090 1154 3182 1208 τὸν
3211 1154 3446 1219 Παῦλον,
3469 1154 3675 1224 ἤγαγον

2093 1245 2172 1307 είς
2235 1245 2335 1317 τὴν
2377 1247 2786 1316 ’Δντιπατρίδα.
2842 1247 2885 1301 Τ
2889 1251 2921 1317 ᾖ
2968 1247 3027 1302 δὲ
3077 1247 3343 1316 ἐπαύριον
3408 1247 3673 1309 ἐάσαντες

2092 1333 2219 1398 τοὺς
2272 1336 2460 1399 ἱππεῖς
2490 1337 2823 1408 πορεύεσθαι
2862 1339 2958 1393 σὺν
3006 1335 3177 1407 αὐτῷ,
3205 1334 3559 1406 ὑπέστρεψαν
3593 1336 3675 1397 είς

2090 1424 2190 1494 τὴν
2224 1426 2601 1499 παρεμϐολήν.
2637 1427 2849 1490 Οἴτινες
2893 1425 3228 1489 εἰσελθόντες
3267 1427 3349 1489 είς
3399 1424 3499 1496 τὴν
3532 1425 3675 1478 Και-

2092 1516 2343 1587 σάρειαν,
2370 1519 2466 1571 καλ⁸
2511 1519 2796 1582 ἀναδόντες
2831 1518 2929 1589 τὴν
2977 1517 3269 1587 ἐπιστολὴν
3300 1517 3379 1587 τῷ
3416 1517 3672 1588 ήγεμόνι,

2091 1609 2438 1681 παρίστησαν
2488 1610 2583 1664 καὶ
2626 1611 2717 1665 τὸν
2777 1611 2989 1665 Παῦλον
3018 1610 3191 1681 αὐτῷ.
3246 1611 3525 1677 Δναγνοὺς
3556 1610 3613 1662 δὲ
3644 1611 3674 1662 ὁ

2089 1702 2336 1773 ἡγεμὼν,
2370 1704 2467 1757 καὶ
2517 1704 2875 1776 ἐπερωτήσας
2913 1706 2976 1758 ἐκ
3022 1704 3180 1768 ποίας
3230 1703 3498 1775 ἐπαρχίας
3529 1704 3671 1770 ἐστὶ,

2092 1796 2185 1848 καὶ
2220 1795 2528 1866 πυθόμενος
2556 1796 2640 1850 ὅτι
2682 1795 2790 1850 ἀπὸ
2837 1796 3115 1865 Κιλικίας,
3146 1795 3519 1868 Διακούσομαί
3548 1812 3669 1860 σου,

2018 1880 2062 1936 Β
2089 1886 2219 1959 ἐφη,
2250 1887 2379 1941 ὅταν
2408 1888 2506 1942 καὶ
2545 1890 2595 1942 οί
2624 1889 2926 1960 κατήγοροί
2963 1906 3060 1943 σου
3103 1889 3546 1961 παραγένωνται,
3572 1905 3669 1942 κε-

2089 1979 2287 2044 λεύσας
2343 1983 2403 2035 ὲν
2457 1981 2537 2054 τῷ
2593 1983 2918 2054 πραιτωρίῳ
2975 1982 3221 2055 Ἡρώδου
3295 1982 3670 2052 φυλάσσεσθαι

2088 2072 2269 2128 αὐτόν.

2670 2167 2925 2222 ΚΕΦᾹΛ..
2949 2167 3037 2221 ΛΕ
3057 2208 3072 2223 .

2094 2254 2432 2323 Τερτύλλου
2468 2255 2619 2310 κατὰ
2655 2257 2902 2311 Παύλου
2948 2256 3294 2325 κατηγορία,
3338 2253 3438 2310 καὶ
3481 2251 3673 2308 αὐτοῦ

2428 2346 2728 2416 ἀπολογία
2749 2346 2848 2401 ἐπὶ
2877 2346 2985 2401 τοῦ
3006 2346 3321 2415 ἡγεμόνος.

2159 2435 2319 2491 Μετὰ
2340 2437 2397 2491 δὲ
2426 2437 2589 2491 πέντε
2612 2438 2852 2509 ἡμέρας,
2885 2437 3094 2509 κατέϐη
3119 2438 3149 2489 ὁ
3180 2434 3473 2508 ἀρχιερεὺς
3506 2434 3670 2488 Ἀναο

2089 2527 2210 2590 νίας
2265 2528 2405 2597 μετὰ
2462 2527 2855 2599 πρεσϐυτέρων
2902 2527 3086 2595 τινῶν,
3121 2527 3217 2581 καὶ
3268 2527 3500 2596 ῥήτορος
3529 2525 3670 2595 Τερ⁸

2087 2619 2283 2674 τύλλου
2320 2619 2464 2683 τινὸς
2488 2659 2507 2686 ,
2531 2620 2728 2684 οἵτινες
2759 2621 3100 2691 ὲνεφάνησαν
3140 2618 3217 2690 τῷ
3250 2617 3478 2690 ήγεμόνι
3527 2617 3670 2670 κατὰ

2087 2712 2184 2767 τοῦ
2219 2711 2459 2768 Παύλου.
2487 2712 2800 2784 κληθέντος
2847 2713 2903 2767 δὲ
2938 2713 3132 2779 αὑτοῦ,
3172 2711 3377 2784 ήρξατο
3432 2725 3671 2779 κατηγο-

2093 2808 2207 2878 ρεῖν
2235 2808 2263 2861 ὁ
2284 2806 2585 2876 Τέρτυλλος
2615 2806 2792 2875 λέγων
2811 2821 2828 2840 ο
2853 2806 3064 2877 Πολλῆς
3106 2807 3332 2878 εἰρήνης
3369 2806 3669 2876 τυγχάνον·

2087 2915 2182 2961 τες
2213 2897 2302 2952 διὰ
2333 2897 2453 2965 σοῦ,
2481 2898 2578 2952 καὶ⁵
2607 2897 2822 2952 πολλῶν
2868 2898 3312 2967 κατορθωμάτων
3357 2897 3669 2967 γενομένων

2089 2988 2167 3061 τῷ
2189 2989 2334 3044 ἔθνει
2369 2990 2549 3063 τούτῳ
2581 2990 2673 3044 διὰ
2702 2989 2801 3061 τῆς
2830 2990 2928 3060 σῆς
2958 2988 3240 3061 προνοίας,
3280 2989 3457 3059 πάντη
3489 3005 3547 3041 τε
3572 2989 3671 3041 καὶ

2090 3083 2368 3154 πανταχοῦ
2398 3082 2803 3154 ἀποδεχόμεθα,
2839 3083 3099 3154 κράτιστε
3117 3082 3302 3153 Φῆλιξ,
3327 3081 3467 3153 μετὰ
3482 3082 3668 3152 πάσης

2089 3175 2461 3247 εὐχαριστίας.
2491 3176 2611 3229 Ἵνα
2664 3176 2723 3230 δὲ
2753 3175 2832 3247 μὴ
2882 3175 2977 3230 ἐπὶ
3032 3174 3216 3229 πλεῖόν
3274 3191 3336 3227 σε
3390 3175 3667 3241 ὲκκόπτω,

406 3258 632 3312 mentia.
673 3256 992 3312 invenimus
1053 3255 1202 3311 hunc
1233 3255 1512 3311 hominem
1566 3256 1889 3327 pestiferum
1929 3261 1985 3310 et

2089 3242 2393 3341 παρακαλῶ
2416 3269 2650 3325 ἀκοῦσαί
2680 3287 2741 3323 σε
2754 3242 2928 3341 ⁷ἡμῶν
2955 3269 3258 3340 συντόμως,
3294 3270 3359 3338 τῇ
3393 3270 3457 3337 σῇ
3495 3268 3670 3320 ὲπιειρ

405 3350 777 3405 concitantem
815 3348 1118 3404 seditiones
1167 3347 1430 3404 omnibus
1476 3345 1685 3404 Iudaeis
1735 3348 1793 3403 in
1857 3347 1985 3403 uni-

390 3455 572 3496 'verso
611 3439 765 3505 orbe,
795 3448 851 3495 et
881 3446 1165 3495 auctorem
1191 3439 1475 3494 seditionis
1527 3448 1692 3494 sectae
1742 3438 1986 3494 Nazare.

406 3546 604 3588 norum
637 3548 651 3585 :
683 3529 779 3601 qui
818 3529 981 3586 etiam
1016 3531 1277 3601 templum
1337 3530 1542 3586 violare
1591 3538 1821 3586 conatus
1875 3538 1983 3598 est,

406 3638 569 3694 quem
601 3631 656 3678 et
686 3623 1091 3693 apprehensum
1142 3621 1420 3678 voluimus
1451 3621 1754 3679 secundum
1810 3621 1983 3691 legem

405 3722 653 3766 nostram
694 3711 962 3782 judicare.
1025 3710 1436 3783 Superveniens
1488 3722 1674 3768 autem
1730 3712 1985 3769 tribunus

399 3803 615 3875 Lysias,
638 3818 763 3858 cum
796 3803 849 3858 vi
888 3818 1087 3875 magna
1114 3804 1321 3874 eripuit
1356 3818 1481 3860 eum
1518 3805 1585 3860 de
1607 3805 1862 3862 manibus
1885 3820 1986 3859 no-

403 3896 778 3966 stris,jubens
800 3905 1152 3952 accusatores
1193 3895 1315 3966 ejus
1351 3895 1420 3951 ad
1447 3906 1501 3950 te
1548 3897 1736 3953 venire
1763 3912 1779 3952 :
1809 3912 1840 3952 a
1871 3913 1982 3969 quo

401 3987 609 4059 poteris
640 3988 760 4058 ipse
782 3987 1062 4058 judicans,
1091 3989 1160 4044 de
1179 3988 1439 4044 omnibus
1469 3990 1593 4045 istis
1643 4004 1982 4061 cegnoscere

400 4079 471 4134 de
497 4080 697 4150 quibus
718 4094 820 4136 nos
847 4093 1170 4136 accusamus
1190 4095 1337 4136 eum.
1359 4079 1694 4151 Adjecerunt
1721 4090 1903 4137 autem
1926 4090 1982 4139 et

398 4172 597 4237 Judaei,
619 4170 995 4228 dicentesth
1020 4173 1096 4226 ita
1129 4187 1187 4227 se
1216 4170 1757 4245 habere.,Respondit
1797 4184 1981 4231 autem

404 4257 606 4315 Paulus
639 4259 936 4328 (annuente
975 4260 1082 4314 sibi
1116 4261 1345 4330 praeside
1393 4262 1597 4328 dicere)
1633 4281 1647 4318 :
1684 4265 1764 4319 Ex
1796 4265 1981 4322 multis

403 4354 565 4407 annis
599 4363 650 4408 te
670 4367 795 4409 esse
813 4353 1023 4423 justum
1048 4353 1288 4424 judiccm
1308 4358 1453 4423 genti
1476 4356 1603 4413 huic
1633 4359 1813 4413 sciens
1837 4358 1980 4414 bono

402 4446 589 4501 animo
614 4461 712 4517 pro
736 4461 823 4502 me
840 4445 1202 4502 satisfaciam.
1237 4445 1402 4503 Potes
1430 4449 1575 4503 enim
1623 4464 1981 4521 cognoscere,

402 4540 533 4609 quia
581 4552 693 4595 non
725 4540 851 4611 plus
901 4538 1035 4594 mihi
1070 4539 1188 4594 dies
1223 4555 1387 4610 quam
1423 4541 1731 4608 duodecim,
1758 4558 1826 4598 ex
1873 4559 1981 4613 quo
2007 4574 2060 4635 Β

399 4631 619 4688 ascendi
650 4632 880 4690 adorare
912 4634 966 4688 in
999 4631 1327 4702 Jerusalem,
1350 4642 1404 4690 et
1435 4650 1616 4705 neque
1671 4635 1727 4690 in
1780 4637 1981 4707 templo

400 4724 730 4780 invenerunt
752 4741 838 4781 me
867 4741 991 4781 cum
1039 4726 1224 4796 aliquo
1284 4727 1680 4795 disputantem,
1719 4738 1814 4783 aut
1851 4745 1985 4785 con-

400 4831 621 4870 cursum
647 4815 935 4871 facientem
959 4819 1152 4885 turba',
1176 4834 1351 4889 neque
1386 4819 1440 4873 in
1458 4810 1786 4890 ‘synagogis,
1809 4834 1987 4890 neque

402 4908 456 4961 in
484 4907 730 4974 civitate,
761 4924 941 4978 neque
986 4909 1221 4980 probare
1250 4918 1487 4981 possunt
1528 4911 1626 4966 tibi
1676 4912 1746 4966 de
1785 4912 1985 4982 quibus

399 5014 548 5054 nunc
580 5015 666 5054 me
684 5002 1287 5056 accusant-Conliteor
1319 5013 1506 5058 autem
1537 5003 1642 5058 hoc
1680 5003 1801 5067 tibi,
1835 5003 1984 5074 quod

399 5108 427 5146 s
450 5091 704 5167 'ctlndum
764 5103 998 5156 sectam,
1033 5108 1199 5163 quam
1230 5092 1421 5147 dicunt
1452 5093 1725 5157 haeresim,
1756 5095 1838 5149 sic
1889 5094 1984 5151 de-

400 5181 583 5234 servio
604 5179 753 5235 Patri
784 5190 839 5236 et
860 5180 971 5236 Deo
1007 5196 1149 5245 meo,
1200 5181 1431 5237 credens
1461 5183 1718 5237 omnibus
1761 5200 1880 5253 quae
1928 5187 1982 5239 in

400 5278 517 5344 lege
546 5283 600 5329 et
633 5274 919 5344 prephetis
972 5275 1176 5343 scripta
1229 5285 1405 5328 sunt:
1454 5289 1605 5345 spem
1670 5276 1877 5334 habens
1929 5279 1982 5332 in

398 5372 593 5436 Deum,
613 5384 778 5440 quam
810 5376 864 5422 et
903 5368 958 5421 hi
991 5368 1095 5439 ipsi
1123 5376 1467 5438 exspectant,
1519 5372 1978 5427 resurrecrionem

405 5463 647 5516 l‘uturam
689 5462 967 5531 justorum
1018 5470 1073 5514 et
1130 5460 1464 5530 iniquorum.
1504 5459 1564 5514 ln
1590 5461 1693 5517 hoc
1753 5470 1808 5516 et
1868 5463 1984 5533 ipse

399 5554 594 5608 studeo
640 5555 760 5608 sine
804 5553 1138 5610 oli'endiculo
1191 5552 1588 5608 conscientiam
1659 5555 1862 5610 habere
1915 5556 1981 5610 ad

411 5644 579 5698 Deum
613 5654 669 5699 ct
694 5647 760 5701 ad
793 5646 1046 5702 homines
1102 5661 1341 5715 semper.
1384 5645 1517 5702 Post
1584 5662 1760 5703 annos
1801 5658 1981 5703 autem

402 5736 584 5803 plures
603 5737 979 5806 eleemosyuas
1007 5732 1170 5808 303
1202 5741 1446 5795 facturus
1475 5740 1528 5793 in
1553 5749 1769 5810 gentem
1805 5756 1980 5795 meam

404 5824 527 5877 veni
563 5830 616 5878 et
635 5822 946 5879 oblationes
978 5832 1033 5880 et
1064 5835 1185 5880 vota
1231 5843 1245 5879 :
1301 5827 1353 5879 in
1387 5826 1586 5895 quibus
1646 5829 1978 5885 invenerunt

2087 3362 2234 3433 κείᾳ.
2269 3361 2539 3433 Εύρόντες
2598 3360 2707 3432 γὰρ
2754 3361 2848 3414 τδν
2908 3359 3079 3432 ἄνδρα
3113 3358 3304 3414 τοῦτον
3331 3359 3540 3429 λοιμὸν,
3569 3359 3667 3413 καὶ

2086 3451 2341 3506 κινοῦντα
2373 3450 2593 3513 στάσεις
2621 3451 2756 3505 πᾶσι
2793 3450 2907 3514 τοῖς
2946 3448 3220 3513 Ἰουδαίοις
3249 3451 3364 3513 τοῖς
3396 3450 3538 3502 κατὰ
3565 3450 3666 3518 τὴν

2086 3541 2440 3613 οἰκουμένην,
2475 3543 2870 3612 πρωτοστάτην
2900 3558 2960 3595 τε
2991 3541 3121 3595 ὄντα
3160 3541 3262 3611 τῆς
3308 3538 3416 3593 τῶν
3465 3538 3665 3601 Ναζω-

2087 3635 2258 3706 ραίων
2308 3635 2601 3705 αἱρέσεως·
2631 3632 2688 3696 ὃς
2732 3632 2825 3686 καὶ
2856 3631 2919 3686 τὸ
2950 3632 3094 3702 ἱερὸν
3123 3630 3379 3702 ἐπείρασε
3428 3629 3663 3701 βεϐηλώ-

2087 3741 2201 3790 σαι,
2234 3723 2294 3777 δν
2324 3724 2420 3778 καὶ
2457 3724 2870 3796 ἐκρατήσαμεν,
2903 3722 3000 3776 καὶ
3045 3722 3189 3777 κατά
3238 3723 3329 3776 τὸν
3381 3721 3654 3792 ἡμέτερον

2085 3815 2250 3887 νόμον
2295 3813 2647 3886 ἠθελήσαμεν
2679 3812 2915 3886 κρίνειν.
2956 3810 3252 3884 Παρελθὼν
3283 3811 3341 3866 δὲ
3390 3811 3594 3875 Λυσίας
3634 3810 3667 3863 ό

2082 3905 2393 3977 χιλίαρχος,
2440 3904 2582 3977 μετὰ
2610 3902 2816 3973 πολλῆς
2840 3902 2965 3975 βίας
2993 3902 3061 3956 ὲκ
3112 3900 3223 3955 τῶν
3274 3900 3475 3972 χειρῶν
3502 3898 3665 3970 ήμῶν

2084 3999 2371 4071 ἀπήγαγε,
2398 3996 2662 4060 κελεύσας
2720 3997 2848 4059 τοὺς
2894 3993 3236 4067 κατηγόρους
3294 3990 3463 4047 αὑτοῦ
3504 3990 3665 4063 ἔρχε-

2086 4091 2213 4145 σθαι
2252 4091 2345 4144 ἐπὶ
2383 4089 2463 4143 σέ.
2497 4088 2635 4159 Παρ⁹
2670 4078 2732 4141 οὗ
2772 4087 2980 4160 δυνήσῃ
3014 4085 3112 4140 καὶ
3147 4083 3311 4148 αὐτὸς
3359 4083 3663 4154 ἀνακρίνας

2084 4184 2218 4255 περὶ
2267 4180 2487 4236 πάντων
2542 4180 2752 4234 τούτων
2780 4178 3100 4249 ἐπιγνῶναι,
3134 4170 3210 4232 ὧν
3236 4177 3396 4248 ἡμεῖς
3429 4189 3667 4246 κατηγο-

2089 4271 2296 4341 ροῦμεν
2354 4265 2545 4323 αύτοῦ.
2605 4266 2975 4321 Συνεπέθεντο
3044 4265 3102 4319 δὲ
3161 4263 3259 4319 καὶ
3313 4266 3362 4317 οί
3397 4264 3665 4329 Ἰουδαῖοι,

2085 4362 2386 4431 φάσκοντες
2416 4358 2594 4412 ταῦτα
2623 4358 2800 4422 οὕτως
2838 4358 3005 4430 ἔχειν.
3039 4356 3340 4427 Ἀπεκρίθη
3373 4356 3430 4410 δὲ
3461 4357 3489 4409 ὁ
3511 4356 3666 4410 Παῦε-

2084 4453 2197 4519 λος,
2223 4449 2514 4514 νεύσαντος
2554 4450 2703 4521 αὐτῷ
2737 4449 2832 4502 τοῦ
2861 4449 3127 4520 ἡγεμόνος
3154 4448 3337 4517 λέγειν
3357 4463 3370 4477 ·
3406 4448 3501 4501 Ἐκ
3534 4446 3665 4500 πολ-

2085 4544 2195 4600 λῶν
2228 4543 2366 4599 ἐτῶν
2395 4545 2526 4599 ὅντα
2559 4561 2620 4597 σε
2651 4544 2845 4613 κριτὴν
2888 4540 3097 4594 δίκαιον
3159 4541 3236 4611 τῷ
3291 4540 3438 4594 ἔθνει
3485 4540 3665 4610 τούτῳ

2086 4637 2472 4708 ἐπιστάμενος,
2525 4633 2780 4704 εὐθύμως
2824 4633 2893 4687 τὰ
2925 4635 3053 4704 περὶ
3094 4632 3334 4704 ἐμαυτοῦ
3362 4631 3664 4701 ἀπολογοῦ-

2088 4746 2210 4800 μαι,
2245 4725 2548 4798 δυναμένου
2593 4741 2688 4778 σου
2726 4724 3047 4792 ἐπιγνῶναι,
3078 4723 3161 4777 ὅτι
3191 4725 3253 4777 ού
3308 4722 3525 4786 πλείους
3554 4724 3664 4776 είσί

2087 4837 2179 4888 μοι
2208 4819 2410 4891 ἡμέραι
2444 4819 2477 4888 ἢ
2527 4816 2756 4883 δώδεκα,
2789 4817 2883 4886 ἀφ’
2916 4810 2983 4887 ἧς
3016 4816 3219 4886 ἀνέϐην
3264 4823 3665 4888 προσκυνήσων

2084 4915 2167 4978 είς
2228 4914 2625 4982 Ἰερουσαλήμ’
2667 4911 2766 4965 καὶ
2816 4909 2939 4965 οῦτε
2995 4911 3052 4962 ὲν
3084 4908 3164 4977 τῷ
3218 4907 3349 4979 ἱερῷ
3398 4903 3555 4979 εὗρόν
3593 4924 3663 4977 με

2086 5006 2223 5078 πρός
2275 5023 2399 5059 τινα
2436 5004 2844 5073 διαλεγόμενον,
2897 5003 2931 5072 ἦ
2987 5002 3353 5056 ὲπισύστασιν
3402 4999 3667 5053 ποιοῦντα

2086 5097 2270 5167 ὖχλου,
2296 5096 2423 5149 οὔτε
2475 5097 2532 5149 ὲν
2560 5097 2676 5158 ταῖς
2708 5095 3078 5161 συναγωγαῖς,
3111 5091 3233 5145 οὔτε
3266 5090 3409 5147 κατὰ
3441 5089 3538 5160 τὴν
3565 5090 3663 5142 πό-

2083 5190 2199 5242 λιν·
2248 5186 2373 5242 οῦτε
2427 5186 2782 5258 παραστῆσαι
2811 5185 3067 5239 δύνανταί
3124 5201 3228 5250 σοι,
3286 5184 3415 5252 περὶ
3442 5175 3517 5235 ὧν
3544 5183 3664 5234 νυνῖ⁹

2085 5275 2454 5347 κατηγοροῦσί
2497 5292 2623 5345 μου.
2670 5274 2951 5345 Ὁμολογῶ
2991 5274 3048 5328 δὲ
3082 5271 3240 5327 τοῦτό
3262 5289 3368 5337 σοι,
3391 5271 3472 5323 δτι
3519 5273 3663 5323 κατὰ

2084 5371 2183 5441 τὴν
2222 5370 2363 5434 ὁδὸν,
2398 5371 2463 5439 ἣν
2514 5368 2769 5437 λέγουσιν
2829 5368 3062 5438 αἵρεσιν,
3119 5364 3264 5419 οὕτω
3304 5362 3555 5434 λατρεύω
3583 5361 3662 5431 τῷ

2085 5463 2328 5534 πατρῴῳ
2357 5459 2503 5531 Θεῷ,
2545 5461 2819 5516 πιστεύων
2854 5461 2989 5513 πᾶσι
3018 5460 3130 5520 τοῖς
3174 5454 3317 5511 κατὰ
3346 5457 3438 5511 τὸν
3472 5456 3661 5525 νόμον,

2085 5557 2179 5609 καὶ
2231 5557 2344 5618 τοῖς
2396 5557 2452 5608 ὲν
2483 5557 2602 5616 τοῖς
2635 5553 2949 5622 προφήταις
2990 5550 3429 5621 γεγραμμένοις,
3468 5546 3665 5600 ἐλπίδα

2084 5646 2223 5719 ἔχων
2258 5646 2395 5717 πρὶς
2426 5644 2515 5697 τὸν
2555 5644 2711 5710 Θεὸν,
2742 5643 2812 5713 ἢν
2841 5642 2935 5694 καὶ
2967 5642 3120 5693 αὐτοὶ
3152 5635 3299 5694 οὗτοι
3333 5636 3665 5710 πρεσδέχον-

2082 5755 2195 5802 ται,
2236 5737 2534 5791 ἀνάστασιν
2588 5735 2805 5806 μέλλειν
2828 5733 3048 5787 ἔσεσθαι
3075 5731 3300 5785 δικαίων
3323 5748 3382 5783 τε
3422 5730 3515 5783 καὶ
3540 5726 3664 5781 ἁδί-

2086 5848 2217 5887 κων.
2264 5833 2349 5885 Ἐν
2387 5830 2559 5901 τούτῳ
2588 5828 2681 5882 καὶ
2719 5827 2882 5889 αὐτὸς
2929 5826 3081 5880 ἁσκῶ
3122 5825 3485 5896 ἀπρόσκοπον,
3516 5819 3667 5892 ἔχειν
