  <div class='ocr_page' id='page_1' title='image "/cluster/home/n/w/nwhite01/storage/ocr_20150623/125:no.3/coo.31924054870302/526.png"; bbox 0 0 4082 6420; ppageno 0'>
   <div class='ocr_carea' id='block_1_1' title="bbox 463 389 600 462">
    <p class='ocr_par' dir='ltr' id='par_1_1' title="bbox 463 389 600 462">
     <span class='ocr_line' id='line_1_1' title="bbox 463 389 600 462; baseline -0.022 -1"><span class='ocrx_word' id='word_1_1' title='bbox 463 389 600 462; x_wconf 78' lang='grc' dir='ltr'><strong>103Ἱ</strong></span> 
     </span>
    </p>
   </div>
   <div class='ocr_carea' id='block_1_2' title="bbox 1087 391 3164 479">
    <p class='ocr_par' dir='ltr' id='par_1_2' title="bbox 1087 391 3164 479">
     <span class='ocr_line' id='line_1_2' title="bbox 1087 391 3164 479; baseline -0.001 -21"><span class='ocrx_word' id='word_1_2' title='bbox 1087 394 1622 460; x_wconf 74' lang='lat' dir='ltr'><strong>exrosmoms</strong></span> <span class='ocrx_word' id='word_1_3' title='bbox 1663 395 1744 459; x_wconf 70' lang='grc' dir='ltr'><strong>ιιι</strong></span> <span class='ocrx_word' id='word_1_4' title='bbox 1783 394 1973 457; x_wconf 64' lang='grc' dir='ltr'><strong>ΑσςΤΑ</strong></span> <span class='ocrx_word' id='word_1_5' title='bbox 2008 391 2313 457; x_wconf 68' lang='lat' dir='ltr'><strong>rsx&#39;rus</strong></span> <span class='ocrx_word' id='word_1_6' title='bbox 2345 391 2617 456; x_wconf 83' lang='lat' dir='ltr'><strong>ALTER.</strong></span> <span class='ocrx_word' id='word_1_7' title='bbox 2645 420 2714 432; x_wconf 90' lang='lat'><strong>-—</strong></span> <span class='ocrx_word' id='word_1_8' title='bbox 2753 392 3164 479; x_wconf 60' lang='lat' dir='ltr'><strong>unxxw.</strong></span> 
     </span>
    </p>
   </div>
   <div class='ocr_carea' id='block_1_3' title="bbox 3567 389 3705 459">
    <p class='ocr_par' dir='ltr' id='par_1_3' title="bbox 3567 389 3705 459">
     <span class='ocr_line' id='line_1_3' title="bbox 3567 389 3705 459; baseline -0.014 0"><span class='ocrx_word' id='word_1_9' title='bbox 3567 389 3705 459; x_wconf 82' lang='lat'><strong>1038</strong></span> 
     </span>
    </p>
   </div>
   <div class='ocr_carea' id='block_1_4' title="bbox 457 505 2033 581">
    <p class='ocr_par' dir='ltr' id='par_1_4' title="bbox 457 505 2033 580">
     <span class='ocr_line' id='line_1_4' title="bbox 457 505 2033 580; baseline -0.001 -18"><span class='ocrx_word' id='word_1_10' title='bbox 457 505 766 577; x_wconf 68' lang='grc' dir='ltr'><strong>συνείδησιν</strong></span> <span class='ocrx_word' id='word_1_11' title='bbox 820 506 958 575; x_wconf 82' lang='grc' dir='ltr'>πρός</span> <span class='ocrx_word' id='word_1_12' title='bbox 1003 524 1065 561; x_wconf 86' lang='grc' dir='ltr'><strong>τε</strong></span> <span class='ocrx_word' id='word_1_13' title='bbox 1111 509 1203 563; x_wconf 77' lang='grc' dir='ltr'><strong>τὸν</strong></span> <span class='ocrx_word' id='word_1_14' title='bbox 1255 509 1392 563; x_wconf 82' lang='grc' dir='ltr'><strong>Θεὸν</strong></span> <span class='ocrx_word' id='word_1_15' title='bbox 1435 509 1686 571; x_wconf 78' lang='grc' dir='ltr'>καὶτοὺς</span> <span class='ocrx_word' id='word_1_16' title='bbox 1711 508 2033 580; x_wconf 80' lang='grc' dir='ltr'><strong>ἀνθρώπους</strong></span> 
     </span>
    </p>
   </div>
   <div class='ocr_carea' id='block_1_5' title="bbox 2136 505 3704 581">
    <p class='ocr_par' dir='ltr' id='par_1_5' title="bbox 2142 508 3704 581">
     <span class='ocr_line' id='line_1_5' title="bbox 2142 508 3704 581; baseline 0.001 -18"><span class='ocrx_word' id='word_1_17' title='bbox 2142 525 2229 565; x_wconf 89' lang='lat' dir='ltr'><strong>me</strong></span> <span class='ocrx_word' id='word_1_18' title='bbox 2253 508 2674 579; x_wconf 79' lang='lat' dir='ltr'><strong>puriﬁeatumin</strong></span> <span class='ocrx_word' id='word_1_19' title='bbox 2701 508 2925 578; x_wconf 86' lang='lat' dir='ltr'><strong>templo,</strong></span> <span class='ocrx_word' id='word_1_20' title='bbox 2962 524 3070 562; x_wconf 84' lang='lat' dir='ltr'><strong>non</strong></span> <span class='ocrx_word' id='word_1_21' title='bbox 3116 521 3244 563; x_wconf 91' lang='lat' dir='ltr'><strong>cum</strong></span> <span class='ocrx_word' id='word_1_22' title='bbox 3298 508 3479 576; x_wconf 82' lang='lat' dir='ltr'><strong>turba,</strong></span> <span class='ocrx_word' id='word_1_23' title='bbox 3524 524 3704 581; x_wconf 75' lang='lat' dir='ltr'><strong>neque</strong></span> 
     </span>
    </p>
   </div>
   <div class='ocr_carea' id='block_1_6' title="bbox 453 598 2034 674">
    <p class='ocr_par' dir='ltr' id='par_1_6' title="bbox 453 598 2034 674">
     <span class='ocr_line' id='line_1_6' title="bbox 453 598 2034 674; baseline 0.006 -24"><span class='ocrx_word' id='word_1_24' title='bbox 453 598 770 662; x_wconf 84' lang='grc' dir='ltr'>διαπαντός.</span> <span class='ocrx_word' id='word_1_25' title='bbox 804 601 882 653; x_wconf 86' lang='grc' dir='ltr'><strong>Δι’</strong></span> <span class='ocrx_word' id='word_1_26' title='bbox 905 603 1044 655; x_wconf 78' lang='grc' dir='ltr'>ἐτῶν</span> <span class='ocrx_word' id='word_1_27' title='bbox 1072 600 1129 655; x_wconf 82' lang='grc' dir='ltr'>δὲ</span> <span class='ocrx_word' id='word_1_28' title='bbox 1168 602 1431 657; x_wconf 83' lang='grc' dir='ltr'>πλειόνων</span> <span class='ocrx_word' id='word_1_29' title='bbox 1476 601 1850 674; x_wconf 76' lang='grc' dir='ltr'><strong>ἐλεημοσύνας</strong></span> <span class='ocrx_word' id='word_1_30' title='bbox 1879 603 2034 674; x_wconf 81' lang='grc' dir='ltr'>ποιῆ-</span> 
     </span>
    </p>
   </div>
   <div class='ocr_carea' id='block_1_7' title="bbox 455 691 2030 769">
    <p class='ocr_par' dir='ltr' id='par_1_7' title="bbox 455 691 2030 769">
     <span class='ocr_line' id='line_1_7' title="bbox 455 691 2030 769; baseline 0.004 -25"><span class='ocrx_word' id='word_1_31' title='bbox 455 706 567 745; x_wconf 85' lang='grc' dir='ltr'><strong>σων</strong></span> <span class='ocrx_word' id='word_1_32' title='bbox 596 693 677 754; x_wconf 80' lang='grc' dir='ltr'><strong>εἰς</strong></span> <span class='ocrx_word' id='word_1_33' title='bbox 702 693 766 746; x_wconf 85' lang='grc' dir='ltr'>τὸ</span> <span class='ocrx_word' id='word_1_34' title='bbox 818 691 971 757; x_wconf 73' lang='grc' dir='ltr'>ἔθνος</span> <span class='ocrx_word' id='word_1_35' title='bbox 1005 712 1109 763; x_wconf 87' lang='grc' dir='ltr'><strong>μου</strong></span> <span class='ocrx_word' id='word_1_36' title='bbox 1152 695 1540 767; x_wconf 81' lang='grc' dir='ltr'><strong>παρεγενόμην</strong></span> <span class='ocrx_word' id='word_1_37' title='bbox 1576 697 1670 750; x_wconf 76' lang='grc' dir='ltr'>καὶ</span> <span class='ocrx_word' id='word_1_38' title='bbox 1695 698 2030 769; x_wconf 84' lang='grc' dir='ltr'>προσφοράς.</span> 
     </span>
    </p>
   </div>
   <div class='ocr_carea' id='block_1_8' title="bbox 468 778 2034 859">
    <p class='ocr_par' dir='ltr' id='par_1_8' title="bbox 468 778 2034 859">
     <span class='ocr_line' id='line_1_8' title="bbox 468 778 2034 859; baseline 0.005 -24"><span class='ocrx_word' id='word_1_39' title='bbox 468 784 556 836; x_wconf 80' lang='grc' dir='ltr'>Ἑν</span> <span class='ocrx_word' id='word_1_40' title='bbox 586 779 677 847; x_wconf 76' lang='grc' dir='ltr'><strong>αἷς</strong></span> <span class='ocrx_word' id='word_1_41' title='bbox 710 778 869 855; x_wconf 75' lang='grc' dir='ltr'>εὗρόν</span> <span class='ocrx_word' id='word_1_42' title='bbox 918 803 987 855; x_wconf 86' lang='grc' dir='ltr'><strong>με</strong></span> <span class='ocrx_word' id='word_1_43' title='bbox 1025 788 1355 858; x_wconf 78' lang='grc' dir='ltr'><strong>ἡγνισμένον</strong></span> <span class='ocrx_word' id='word_1_44' title='bbox 1398 789 1458 842; x_wconf 79' lang='grc' dir='ltr'>ἐν</span> <span class='ocrx_word' id='word_1_45' title='bbox 1493 788 1572 859; x_wconf 82' lang='grc' dir='ltr'>τῷ</span> <span class='ocrx_word' id='word_1_46' title='bbox 1604 788 1759 859; x_wconf 77' lang='grc' dir='ltr'>ἱερῷ,</span> <span class='ocrx_word' id='word_1_47' title='bbox 1781 789 1844 842; x_wconf 83' lang='grc' dir='ltr'>οὐ</span> <span class='ocrx_word' id='word_1_48' title='bbox 1894 789 2034 859; x_wconf 86' lang='grc' dir='ltr'><strong>μετά</strong></span> 
     </span>
    </p>
   </div>
   <div class='ocr_carea' id='block_1_9' title="bbox 452 873 2035 951">
    <p class='ocr_par' dir='ltr' id='par_1_9' title="bbox 452 873 2035 951">
     <span class='ocr_line' id='line_1_9' title="bbox 452 873 2035 951; baseline 0.004 -26"><span class='ocrx_word' id='word_1_49' title='bbox 452 873 634 944; x_wconf 69' lang='grc' dir='ltr'>ὄχλου,</span> <span class='ocrx_word' id='word_1_50' title='bbox 668 873 791 928; x_wconf 78' lang='grc' dir='ltr'>οὐδὲ</span> <span class='ocrx_word' id='word_1_51' title='bbox 823 875 965 946; x_wconf 84' lang='grc' dir='ltr'>μετὰ</span> <span class='ocrx_word' id='word_1_52' title='bbox 991 877 1246 950; x_wconf 91' lang='grc' dir='ltr'>θορύϐου,</span> <span class='ocrx_word' id='word_1_53' title='bbox 1280 878 1425 943; x_wconf 76' lang='grc' dir='ltr'>τινὲς</span> <span class='ocrx_word' id='word_1_54' title='bbox 1455 879 1564 933; x_wconf 83' lang='grc' dir='ltr'>τῶν</span> <span class='ocrx_word' id='word_1_55' title='bbox 1586 881 1693 934; x_wconf 85' lang='grc' dir='ltr'>ἀπὸ</span> <span class='ocrx_word' id='word_1_56' title='bbox 1715 880 1815 951; x_wconf 85' lang='grc' dir='ltr'><strong>τῆς</strong></span> <span class='ocrx_word' id='word_1_57' title='bbox 1849 880 2035 945; x_wconf 81' lang='grc' dir='ltr'>Ἀσίας</span> 
     </span>
    </p>
   </div>
   <div class='ocr_carea' id='block_1_10' title="bbox 466 963 2034 1041">
    <p class='ocr_par' dir='ltr' id='par_1_10' title="bbox 466 963 2034 1041">
     <span class='ocr_line' id='line_1_10' title="bbox 466 963 2034 1041; baseline 0.003 -23"><span class='ocrx_word' id='word_1_58' title='bbox 466 963 769 1020; x_wconf 75' lang='grc' dir='ltr'>Ἰουδαίων’</span> <span class='ocrx_word' id='word_1_59' title='bbox 796 965 892 1031; x_wconf 80' lang='grc' dir='ltr'>οὓς</span> <span class='ocrx_word' id='word_1_60' title='bbox 919 967 1028 1022; x_wconf 77' lang='grc' dir='ltr'>ἔδει</span> <span class='ocrx_word' id='word_1_61' title='bbox 1061 970 1153 1023; x_wconf 66' lang='grc' dir='ltr'><strong>ἰπὶ</strong></span> <span class='ocrx_word' id='word_1_62' title='bbox 1184 968 1281 1023; x_wconf 76' lang='grc' dir='ltr'><strong>σοῦ</strong></span> <span class='ocrx_word' id='word_1_63' title='bbox 1343 972 1602 1041; x_wconf 87' lang='grc' dir='ltr'>παρεῖναι</span> <span class='ocrx_word' id='word_1_64' title='bbox 1655 971 1753 1025; x_wconf 61' lang='grc' dir='ltr'><strong>καλ⁸</strong></span> <span class='ocrx_word' id='word_1_65' title='bbox 1795 986 2034 1039; x_wconf 87' lang='grc' dir='ltr'>κατηγο·</span> 
     </span>
    </p>
   </div>
   <div class='ocr_carea' id='block_1_11' title="bbox 454 1056 2035 1134">
    <p class='ocr_par' dir='ltr' id='par_1_11' title="bbox 454 1056 2035 1134">
     <span class='ocr_line' id='line_1_11' title="bbox 454 1056 2035 1134; baseline 0.004 -27"><span class='ocrx_word' id='word_1_66' title='bbox 454 1056 569 1120; x_wconf 88' lang='grc' dir='ltr'>ρεῖν</span> <span class='ocrx_word' id='word_1_67' title='bbox 598 1056 653 1111; x_wconf 83' lang='grc' dir='ltr'>εῐ</span> <span class='ocrx_word' id='word_1_68' title='bbox 681 1073 733 1111; x_wconf 90' lang='grc' dir='ltr'><strong>τι</strong></span> <span class='ocrx_word' id='word_1_69' title='bbox 762 1056 829 1111; x_wconf 83' lang='grc' dir='ltr'>ἂν</span> <span class='ocrx_word' id='word_1_70' title='bbox 856 1056 1032 1129; x_wconf 69' lang='grc' dir='ltr'>ἔχοιεν</span> <span class='ocrx_word' id='word_1_71' title='bbox 1059 1061 1194 1132; x_wconf 85' lang='grc' dir='ltr'>πρός</span> <span class='ocrx_word' id='word_1_72' title='bbox 1228 1079 1296 1132; x_wconf 83' lang='grc' dir='ltr'><strong>με</strong></span> <span class='ocrx_word' id='word_1_73' title='bbox 1317 1075 1331 1090; x_wconf 82' lang='grc'><strong><em>⁸</em></strong></span> <span class='ocrx_word' id='word_1_74' title='bbox 1364 1062 1398 1134; x_wconf 79' lang='grc' dir='ltr'>ἢ</span> <span class='ocrx_word' id='word_1_75' title='bbox 1432 1062 1587 1117; x_wconf 73' lang='grc' dir='ltr'>αὐτοὶ</span> <span class='ocrx_word' id='word_1_76' title='bbox 1616 1062 1950 1127; x_wconf 76' lang='grc' dir='ltr'>εἰπάτωσαν,</span> <span class='ocrx_word' id='word_1_77' title='bbox 1981 1061 2035 1115; x_wconf 91' lang='grc' dir='ltr'><strong>τί</strong></span> 
     </span>
    </p>
   </div>
   <div class='ocr_carea' id='block_1_12' title="bbox 453 1137 2034 1226">
    <p class='ocr_par' dir='ltr' id='par_1_12' title="bbox 453 1137 2034 1226">
     <span class='ocr_line' id='line_1_12' title="bbox 453 1137 2034 1226; baseline 0.006 -27"><span class='ocrx_word' id='word_1_78' title='bbox 453 1137 610 1218; x_wconf 71' lang='grc' dir='ltr'>εὗρον</span> <span class='ocrx_word' id='word_1_79' title='bbox 633 1150 690 1202; x_wconf 78' lang='grc' dir='ltr'>ὲν</span> <span class='ocrx_word' id='word_1_80' title='bbox 706 1145 829 1221; x_wconf 72' lang='grc' dir='ltr'>ἐμοὶ</span> <span class='ocrx_word' id='word_1_81' title='bbox 858 1150 1122 1224; x_wconf 83' lang='grc' dir='ltr'>ἀδίκημα,</span> <span class='ocrx_word' id='word_1_82' title='bbox 1155 1153 1340 1207; x_wconf 90' lang='grc' dir='ltr'>στάντι</span> <span class='ocrx_word' id='word_1_83' title='bbox 1369 1172 1460 1224; x_wconf 89' lang='grc' dir='ltr'><strong>μοι</strong></span> <span class='ocrx_word' id='word_1_84' title='bbox 1491 1156 1550 1208; x_wconf 78' lang='grc' dir='ltr'>ἐν</span> <span class='ocrx_word' id='word_1_85' title='bbox 1579 1153 1654 1224; x_wconf 81' lang='grc' dir='ltr'>τῷ</span> <span class='ocrx_word' id='word_1_86' title='bbox 1682 1150 1965 1226; x_wconf 82' lang='grc' dir='ltr'>συνεδρίῳ,</span> <span class='ocrx_word' id='word_1_87' title='bbox 2000 1153 2034 1225; x_wconf 81' lang='grc' dir='ltr'>ἢ</span> 
     </span>
    </p>
   </div>
   <div class='ocr_carea' id='block_1_13' title="bbox 454 1238 2032 1318">
    <p class='ocr_par' dir='ltr' id='par_1_13' title="bbox 454 1238 2032 1318">
     <span class='ocr_line' id='line_1_13' title="bbox 454 1238 2032 1318; baseline 0.006 -27"><span class='ocrx_word' id='word_1_88' title='bbox 454 1240 585 1310; x_wconf 76' lang='grc' dir='ltr'>περὶ</span> <span class='ocrx_word' id='word_1_89' title='bbox 620 1240 749 1310; x_wconf 83' lang='grc' dir='ltr'>μιᾶς</span> <span class='ocrx_word' id='word_1_90' title='bbox 776 1238 979 1312; x_wconf 79' lang='grc' dir='ltr'><strong>ταύτης</strong></span> <span class='ocrx_word' id='word_1_91' title='bbox 1003 1244 1207 1315; x_wconf 83' lang='grc' dir='ltr'>φωνῆς,</span> <span class='ocrx_word' id='word_1_92' title='bbox 1227 1239 1296 1317; x_wconf 80' lang='grc' dir='ltr'>ἧς</span> <span class='ocrx_word' id='word_1_93' title='bbox 1313 1245 1519 1318; x_wconf 75' lang='grc' dir='ltr'>ἐκραξα</span> <span class='ocrx_word' id='word_1_94' title='bbox 1543 1248 1601 1299; x_wconf 80' lang='grc' dir='ltr'>ἐν</span> <span class='ocrx_word' id='word_1_95' title='bbox 1628 1244 1809 1310; x_wconf 74' lang='grc' dir='ltr'>αὐτοῖς</span> <span class='ocrx_word' id='word_1_96' title='bbox 1841 1246 2032 1309; x_wconf 79' lang='grc' dir='ltr'>ἑστὼς,</span> 
     </span>
    </p>
   </div>
   <div class='ocr_carea' id='block_1_14' title="bbox 457 1328 2035 1410">
    <p class='ocr_par' dir='ltr' id='par_1_14' title="bbox 457 1328 2035 1410">
     <span class='ocr_line' id='line_1_14' title="bbox 457 1328 2035 1410; baseline 0.005 -27"><span class='ocrx_word' id='word_1_97' title='bbox 457 1333 541 1384; x_wconf 73' lang='grc' dir='ltr'>ὅτι</span> <span class='ocrx_word' id='word_1_98' title='bbox 570 1328 705 1403; x_wconf 72' lang='grc' dir='ltr'>Περὶ</span> <span class='ocrx_word' id='word_1_99' title='bbox 736 1334 1086 1400; x_wconf 77' lang='grc' dir='ltr'><strong>ἀναστάσεως</strong></span> <span class='ocrx_word' id='word_1_100' title='bbox 1117 1339 1325 1405; x_wconf 83' lang='grc' dir='ltr'>νεκρῶν</span> <span class='ocrx_word' id='word_1_101' title='bbox 1350 1339 1463 1406; x_wconf 73' lang='grc' dir='ltr'><strong>ἐγὼ</strong></span> <span class='ocrx_word' id='word_1_102' title='bbox 1496 1338 1754 1410; x_wconf 77' lang='grc' dir='ltr'>κρίνομαι</span> <span class='ocrx_word' id='word_1_103' title='bbox 1795 1337 2035 1408; x_wconf 81' lang='grc' dir='ltr'><strong>σήμερον</strong></span> 
     </span>
    </p>
   </div>
   <div class='ocr_carea' id='block_1_15' title="bbox 452 1424 2033 1501">
    <p class='ocr_par' dir='ltr' id='par_1_15' title="bbox 452 1424 2033 1501">
     <span class='ocr_line' id='line_1_15' title="bbox 452 1424 2033 1501; baseline 0.002 -22"><span class='ocrx_word' id='word_1_104' title='bbox 452 1424 546 1496; x_wconf 76' lang='grc' dir='ltr'><strong>ὑφ’</strong></span> <span class='ocrx_word' id='word_1_105' title='bbox 582 1425 758 1497; x_wconf 78' lang='grc' dir='ltr'>ὑμῶν.</span> <span class='ocrx_word' id='word_1_106' title='bbox 804 1425 1073 1492; x_wconf 82' lang='grc' dir='ltr'>’Δκούσας</span> <span class='ocrx_word' id='word_1_107' title='bbox 1111 1424 1171 1482; x_wconf 84' lang='grc' dir='ltr'>δὲ</span> <span class='ocrx_word' id='word_1_108' title='bbox 1222 1428 1395 1483; x_wconf 87' lang='grc' dir='ltr'>ταῦτα</span> <span class='ocrx_word' id='word_1_109' title='bbox 1449 1431 1479 1484; x_wconf 85' lang='grc' dir='ltr'>ὁ</span> <span class='ocrx_word' id='word_1_110' title='bbox 1516 1424 1684 1501; x_wconf 77' lang='grc' dir='ltr'>Φῆλιξ</span> <span class='ocrx_word' id='word_1_111' title='bbox 1737 1425 2033 1485; x_wconf 83' lang='grc' dir='ltr'>ἀνεϐάλετο</span> 
     </span>
    </p>
   </div>
   <div class='ocr_carea' id='block_1_16' title="bbox 454 1516 2032 1590">
    <p class='ocr_par' dir='ltr' id='par_1_16' title="bbox 454 1516 2032 1590">
     <span class='ocr_line' id='line_1_16' title="bbox 454 1516 2032 1590; baseline -0.001 -20"><span class='ocrx_word' id='word_1_112' title='bbox 454 1516 1089 1590; x_wconf 77' lang='grc' dir='ltr'>αὐτοὺς,,ἀκριϐἑστερον</span> <span class='ocrx_word' id='word_1_113' title='bbox 1116 1516 1272 1583; x_wconf 87' lang='grc' dir='ltr'>εἰδὼς</span> <span class='ocrx_word' id='word_1_114' title='bbox 1298 1519 1367 1573; x_wconf 80' lang='grc' dir='ltr'><strong>τά</strong></span> <span class='ocrx_word' id='word_1_115' title='bbox 1396 1520 1525 1590; x_wconf 76' lang='grc' dir='ltr'>περὶ</span> <span class='ocrx_word' id='word_1_116' title='bbox 1552 1520 1653 1590; x_wconf 89' lang='grc' dir='ltr'><strong>τῆς</strong></span> <span class='ocrx_word' id='word_1_117' title='bbox 1679 1519 1820 1584; x_wconf 80' lang='grc' dir='ltr'>ὀδοῦ,</span> <span class='ocrx_word' id='word_1_118' title='bbox 1843 1518 2032 1573; x_wconf 82' lang='grc' dir='ltr'>εἰπών·</span> 
     </span>
    </p>
   </div>
   <div class='ocr_carea' id='block_1_17' title="bbox 455 1604 2036 1683">
    <p class='ocr_par' dir='ltr' id='par_1_17' title="bbox 455 1604 2036 1683">
     <span class='ocr_line' id='line_1_17' title="bbox 455 1604 2036 1683; baseline -0.001 -19"><span class='ocrx_word' id='word_1_119' title='bbox 455 1609 627 1665; x_wconf 81' lang='grc' dir='ltr'>Ὅταν</span> <span class='ocrx_word' id='word_1_120' title='bbox 660 1611 867 1674; x_wconf 87' lang='grc' dir='ltr'>Λυσίας</span> <span class='ocrx_word' id='word_1_121' title='bbox 890 1612 918 1664; x_wconf 84' lang='grc' dir='ltr'><strong>ὁ</strong></span> <span class='ocrx_word' id='word_1_122' title='bbox 947 1609 1230 1683; x_wconf 80' lang='grc' dir='ltr'>χιλίαρχος</span> <span class='ocrx_word' id='word_1_123' title='bbox 1259 1604 1497 1682; x_wconf 81' lang='grc' dir='ltr'>καταϐῇ,</span> <span class='ocrx_word' id='word_1_124' title='bbox 1545 1611 1919 1681; x_wconf 77' lang='grc' dir='ltr'>διαγνώσομαι</span> <span class='ocrx_word' id='word_1_125' title='bbox 1968 1609 2036 1663; x_wconf 74' lang='grc' dir='ltr'><strong>τὰ</strong></span> 
     </span>
    </p>
   </div>
   <div class='ocr_carea' id='block_1_18' title="bbox 455 1696 2035 1775">
    <p class='ocr_par' dir='ltr' id='par_1_18' title="bbox 455 1696 2035 1775">
     <span class='ocr_line' id='line_1_18' title="bbox 455 1696 2035 1775; baseline 0 -20"><span class='ocrx_word' id='word_1_126' title='bbox 455 1701 578 1756; x_wconf 84' lang='grc' dir='ltr'>καθ’</span> <span class='ocrx_word' id='word_1_127' title='bbox 608 1702 774 1773; x_wconf 79' lang='grc' dir='ltr'>ὑμᾶς,</span> <span class='ocrx_word' id='word_1_128' title='bbox 796 1696 1193 1774; x_wconf 77' lang='grc' dir='ltr'><strong>διαταξάμενος</strong></span> <span class='ocrx_word' id='word_1_129' title='bbox 1224 1703 1303 1773; x_wconf 82' lang='grc' dir='ltr'>τῷ</span> <span class='ocrx_word' id='word_1_130' title='bbox 1346 1703 1721 1775; x_wconf 80' lang='grc' dir='ltr'>ἑκατοντάρχῃ</span> <span class='ocrx_word' id='word_1_131' title='bbox 1755 1701 2035 1774; x_wconf 80' lang='grc' dir='ltr'>τηρεῖσθαι</span> 
     </span>
    </p>
   </div>
   <div class='ocr_carea' id='block_1_19' title="bbox 454 1793 2036 1867">
    <p class='ocr_par' dir='ltr' id='par_1_19' title="bbox 454 1793 2036 1867">
     <span class='ocr_line' id='line_1_19' title="bbox 454 1793 2036 1867; baseline 0 -20"><span class='ocrx_word' id='word_1_132' title='bbox 454 1793 638 1860; x_wconf 73' lang='grc' dir='ltr'>αὑτὸν,</span> <span class='ocrx_word' id='word_1_133' title='bbox 679 1793 823 1865; x_wconf 78' lang='grc' dir='ltr'>ἔχειν</span> <span class='ocrx_word' id='word_1_134' title='bbox 872 1812 933 1848; x_wconf 86' lang='grc' dir='ltr'><strong>τε</strong></span> <span class='ocrx_word' id='word_1_135' title='bbox 977 1793 1185 1860; x_wconf 83' lang='grc' dir='ltr'>ἄνεσιν,</span> <span class='ocrx_word' id='word_1_136' title='bbox 1219 1797 1316 1849; x_wconf 78' lang='grc' dir='ltr'>καὶ</span> <span class='ocrx_word' id='word_1_137' title='bbox 1362 1796 1571 1867; x_wconf 80' lang='grc' dir='ltr'>μηδένα</span> <span class='ocrx_word' id='word_1_138' title='bbox 1636 1793 1865 1849; x_wconf 77' lang='grc' dir='ltr'>κωλύειν</span> <span class='ocrx_word' id='word_1_139' title='bbox 1927 1794 2036 1847; x_wconf 87' lang='grc' dir='ltr'>τῶν</span> 
     </span>
    </p>
   </div>
   <div class='ocr_carea' id='block_1_20' title="bbox 2135 598 3709 670">
    <p class='ocr_par' dir='ltr' id='par_1_20' title="bbox 2135 598 3709 670">
     <span class='ocr_line' id='line_1_20' title="bbox 2135 598 3709 670; baseline -0.002 -13"><span class='ocrx_word' id='word_1_140' title='bbox 2135 617 2261 657; x_wconf 92' lang='lat' dir='ltr'><strong>cum</strong></span> <span class='ocrx_word' id='word_1_141' title='bbox 2289 601 2551 666; x_wconf 91' lang='lat' dir='ltr'><strong>tumultu,</strong></span> <span class='ocrx_word' id='word_1_142' title='bbox 2588 598 2811 670; x_wconf 86' lang='lat' dir='ltr'><strong>quidam</strong></span> <span class='ocrx_word' id='word_1_143' title='bbox 2864 611 3043 654; x_wconf 84' lang='lat' dir='ltr'><strong>autem</strong></span> <span class='ocrx_word' id='word_1_144' title='bbox 3086 616 3151 656; x_wconf 76' lang='lat' dir='ltr'><strong>ex</strong></span> <span class='ocrx_word' id='word_1_145' title='bbox 3176 600 3304 655; x_wconf 82' lang='lat' dir='ltr'><strong>Asia</strong></span> <span class='ocrx_word' id='word_1_146' title='bbox 3335 599 3530 666; x_wconf 70' lang='lat' dir='ltr'><strong>Judaei,</strong></span> <span class='ocrx_word' id='word_1_147' title='bbox 3570 618 3709 670; x_wconf 71' lang='lat' dir='ltr'><strong>quos</strong></span> 
     </span>
    </p>
   </div>
   <div class='ocr_carea' id='block_1_21' title="bbox 2135 689 3706 763">
    <p class='ocr_par' dir='ltr' id='par_1_21' title="bbox 2135 689 3706 763">
     <span class='ocr_line' id='line_1_21' title="bbox 2135 689 3706 763; baseline -0.001 -16"><span class='ocrx_word' id='word_1_148' title='bbox 2135 691 2426 762; x_wconf 75' lang='lat' dir='ltr'><strong>oportebat</strong></span> <span class='ocrx_word' id='word_1_149' title='bbox 2450 689 2603 761; x_wconf 84' lang='lat' dir='ltr'><strong>apud</strong></span> <span class='ocrx_word' id='word_1_150' title='bbox 2628 699 2681 744; x_wconf 86' lang='lat' dir='ltr'><strong>te</strong></span> <span class='ocrx_word' id='word_1_151' title='bbox 2720 697 2922 760; x_wconf 84' lang='lat' dir='ltr'><strong>praesto</strong></span> <span class='ocrx_word' id='word_1_152' title='bbox 2946 705 3091 753; x_wconf 88' lang='lat' dir='ltr'><strong>esse,</strong></span> <span class='ocrx_word' id='word_1_153' title='bbox 3134 698 3191 745; x_wconf 88' lang='lat' dir='ltr'><strong>et</strong></span> <span class='ocrx_word' id='word_1_154' title='bbox 3208 705 3475 752; x_wconf 78' lang='lat' dir='ltr'><strong>accusare</strong></span> <span class='ocrx_word' id='word_1_155' title='bbox 3501 692 3549 747; x_wconf 87' lang='lat' dir='ltr'><strong>si</strong></span> <span class='ocrx_word' id='word_1_156' title='bbox 3575 694 3706 763; x_wconf 86' lang='lat' dir='ltr'><strong>quid</strong></span> 
     </span>
    </p>
   </div>
   <div class='ocr_carea' id='block_1_22' title="bbox 2139 778 3710 852">
    <p class='ocr_par' dir='ltr' id='par_1_22' title="bbox 2139 778 3710 852">
     <span class='ocr_line' id='line_1_22' title="bbox 2139 778 3710 852; baseline -0.001 -16"><span class='ocrx_word' id='word_1_157' title='bbox 2139 782 2402 836; x_wconf 86' lang='lat' dir='ltr'><strong>baberent</strong></span> <span class='ocrx_word' id='word_1_158' title='bbox 2428 778 2719 834; x_wconf 89' lang='lat' dir='ltr'><strong>adversum</strong></span> <span class='ocrx_word' id='word_1_159' title='bbox 2754 794 2839 834; x_wconf 92' lang='lat' dir='ltr'><strong>me</strong></span> <span class='ocrx_word' id='word_1_160' title='bbox 2862 795 2879 834; x_wconf 88' lang='lat'><strong>:</strong></span> <span class='ocrx_word' id='word_1_161' title='bbox 2903 786 2999 834; x_wconf 92' lang='lat' dir='ltr'><strong>aut</strong></span> <span class='ocrx_word' id='word_1_162' title='bbox 3022 779 3076 833; x_wconf 83' lang='lat' dir='ltr'><strong>lti</strong></span> <span class='ocrx_word' id='word_1_163' title='bbox 3118 779 3235 849; x_wconf 88' lang='lat' dir='ltr'><strong>ipse</strong></span> <span class='ocrx_word' id='word_1_164' title='bbox 3262 779 3451 835; x_wconf 84' lang='lat' dir='ltr'><strong>dicant</strong></span> <span class='ocrx_word' id='word_1_165' title='bbox 3498 782 3544 836; x_wconf 89' lang='lat' dir='ltr'><strong>si</strong></span> <span class='ocrx_word' id='word_1_166' title='bbox 3576 784 3710 852; x_wconf 84' lang='lat' dir='ltr'><strong>quid</strong></span> 
     </span>
    </p>
   </div>
   <div class='ocr_carea' id='block_1_23' title="bbox 2138 871 3711 942">
    <p class='ocr_par' dir='ltr' id='par_1_23' title="bbox 2138 871 3711 942">
     <span class='ocr_line' id='line_1_23' title="bbox 2138 871 3711 942; baseline -0.001 -13"><span class='ocrx_word' id='word_1_167' title='bbox 2138 874 2466 929; x_wconf 88' lang='lat' dir='ltr'><strong>invenerunt</strong></span> <span class='ocrx_word' id='word_1_168' title='bbox 2489 872 2543 926; x_wconf 88' lang='lat' dir='ltr'><strong>in</strong></span> <span class='ocrx_word' id='word_1_169' title='bbox 2569 887 2655 926; x_wconf 92' lang='lat' dir='ltr'><strong>me</strong></span> <span class='ocrx_word' id='word_1_170' title='bbox 2686 871 2994 942; x_wconf 84' lang='lat' dir='ltr'><strong>iniquitatis</strong></span> <span class='ocrx_word' id='word_1_171' title='bbox 3022 886 3149 926; x_wconf 90' lang='lat' dir='ltr'><strong>cum</strong></span> <span class='ocrx_word' id='word_1_172' title='bbox 3178 881 3316 926; x_wconf 83' lang='lat' dir='ltr'><strong>stem</strong></span> <span class='ocrx_word' id='word_1_173' title='bbox 3350 873 3403 926; x_wconf 90' lang='lat' dir='ltr'><strong>in</strong></span> <span class='ocrx_word' id='word_1_174' title='bbox 3453 874 3711 937; x_wconf 87' lang='lat' dir='ltr'><strong>concilio,</strong></span> 
     </span>
    </p>
   </div>
   <div class='ocr_carea' id='block_1_24' title="bbox 2138 963 3710 1033">
    <p class='ocr_par' dir='ltr' id='par_1_24' title="bbox 2138 963 3710 1033">
     <span class='ocr_line' id='line_1_24' title="bbox 2138 963 3710 1033; baseline -0.001 -13"><span class='ocrx_word' id='word_1_175' title='bbox 2138 965 2245 1020; x_wconf 87' lang='lat' dir='ltr'><strong>nisi</strong></span> <span class='ocrx_word' id='word_1_176' title='bbox 2301 965 2370 1020; x_wconf 88' lang='lat' dir='ltr'><strong>de</strong></span> <span class='ocrx_word' id='word_1_177' title='bbox 2423 980 2530 1019; x_wconf 88' lang='lat' dir='ltr'><strong>una</strong></span> <span class='ocrx_word' id='word_1_178' title='bbox 2591 964 2694 1019; x_wconf 87' lang='lat' dir='ltr'><strong>hac</strong></span> <span class='ocrx_word' id='word_1_179' title='bbox 2751 963 3099 1019; x_wconf 80' lang='lat' dir='ltr'><strong>solummodo</strong></span> <span class='ocrx_word' id='word_1_180' title='bbox 3134 978 3268 1019; x_wconf 89' lang='lat' dir='ltr'><strong>voce</strong></span> <span class='ocrx_word' id='word_1_181' title='bbox 3323 978 3430 1033; x_wconf 88' lang='lat' dir='ltr'><strong>qua</strong></span> <span class='ocrx_word' id='word_1_182' title='bbox 3479 965 3710 1021; x_wconf 75' lang='lat' dir='ltr'><strong>clamavi</strong></span> 
     </span>
    </p>
   </div>
   <div class='ocr_carea' id='block_1_25' title="bbox 2139 1054 3715 1126">
    <p class='ocr_par' dir='ltr' id='par_1_25' title="bbox 2139 1054 3715 1126">
     <span class='ocr_line' id='line_1_25' title="bbox 2139 1054 3715 1126; baseline 0.001 -15"><span class='ocrx_word' id='word_1_183' title='bbox 2139 1058 2283 1113; x_wconf 91' lang='lat' dir='ltr'><strong>inter</strong></span> <span class='ocrx_word' id='word_1_184' title='bbox 2306 1072 2405 1112; x_wconf 89' lang='lat' dir='ltr'><strong>eos</strong></span> <span class='ocrx_word' id='word_1_185' title='bbox 2441 1065 2624 1123; x_wconf 89' lang='lat' dir='ltr'><strong>stans,</strong></span> <span class='ocrx_word' id='word_1_186' title='bbox 2680 1055 2941 1126; x_wconf 87' lang='lat' dir='ltr'><strong>quoniam</strong></span> <span class='ocrx_word' id='word_1_187' title='bbox 3001 1054 3076 1111; x_wconf 88' lang='lat' dir='ltr'><strong>De</strong></span> <span class='ocrx_word' id='word_1_188' title='bbox 3131 1057 3535 1113; x_wconf 78' lang='lat' dir='ltr'><strong>resurrectione</strong></span> <span class='ocrx_word' id='word_1_189' title='bbox 3569 1073 3715 1113; x_wconf 53' lang='lat' dir='ltr'><strong>mor.</strong></span> 
     </span>
    </p>
   </div>
   <div class='ocr_carea' id='block_1_26' title="bbox 2140 1146 3710 1219">
    <p class='ocr_par' dir='ltr' id='par_1_26' title="bbox 2140 1146 3710 1219">
     <span class='ocr_line' id='line_1_26' title="bbox 2140 1146 3710 1219; baseline 0 -17"><span class='ocrx_word' id='word_1_190' title='bbox 2140 1159 2360 1203; x_wconf 88' lang='lat' dir='ltr'><strong>tuorum</strong></span> <span class='ocrx_word' id='word_1_191' title='bbox 2388 1163 2489 1219; x_wconf 76' lang='lat' dir='ltr'><strong>ego</strong></span> <span class='ocrx_word' id='word_1_192' title='bbox 2531 1147 2752 1216; x_wconf 82' lang='lat' dir='ltr'><strong>judicur</strong></span> <span class='ocrx_word' id='word_1_193' title='bbox 2773 1146 2936 1202; x_wconf 86' lang='lat' dir='ltr'><strong>hodie</strong></span> <span class='ocrx_word' id='word_1_194' title='bbox 2986 1162 3017 1200; x_wconf 92' lang='lat' dir='ltr'><strong>a</strong></span> <span class='ocrx_word' id='word_1_195' title='bbox 3051 1147 3223 1203; x_wconf 85' lang='lat' dir='ltr'><strong>vobis.</strong></span> <span class='ocrx_word' id='word_1_196' title='bbox 3270 1146 3499 1213; x_wconf 74' lang='lat' dir='ltr'><strong>Distulit</strong></span> <span class='ocrx_word' id='word_1_197' title='bbox 3530 1162 3710 1205; x_wconf 89' lang='lat' dir='ltr'><strong>autem</strong></span> 
     </span>
    </p>
   </div>
   <div class='ocr_carea' id='block_1_27' title="bbox 2139 1237 3714 1306">
    <p class='ocr_par' dir='ltr' id='par_1_27' title="bbox 2139 1237 3714 1306">
     <span class='ocr_line' id='line_1_27' title="bbox 2139 1237 3714 1306; baseline 0 -13"><span class='ocrx_word' id='word_1_198' title='bbox 2139 1241 2264 1295; x_wconf 90' lang='lat' dir='ltr'><strong>illos</strong></span> <span class='ocrx_word' id='word_1_199' title='bbox 2288 1237 2461 1305; x_wconf 81' lang='lat' dir='ltr'><strong>Felix,</strong></span> <span class='ocrx_word' id='word_1_200' title='bbox 2494 1239 2798 1296; x_wconf 84' lang='lat' dir='ltr'><strong>certissime</strong></span> <span class='ocrx_word' id='word_1_201' title='bbox 2819 1240 3002 1295; x_wconf 88' lang='lat' dir='ltr'><strong>sciens</strong></span> <span class='ocrx_word' id='word_1_202' title='bbox 3028 1239 3097 1297; x_wconf 88' lang='lat' dir='ltr'><strong>de</strong></span> <span class='ocrx_word' id='word_1_203' title='bbox 3150 1241 3237 1295; x_wconf 86' lang='lat' dir='ltr'><strong>via</strong></span> <span class='ocrx_word' id='word_1_204' title='bbox 3283 1240 3407 1306; x_wconf 84' lang='lat' dir='ltr'><strong>bac,</strong></span> <span class='ocrx_word' id='word_1_205' title='bbox 3464 1240 3658 1297; x_wconf 88' lang='lat' dir='ltr'><strong>dicens</strong></span> <span class='ocrx_word' id='word_1_206' title='bbox 3699 1256 3714 1293; x_wconf 90' lang='lat'>:</span> 
     </span>
    </p>
   </div>
   <div class='ocr_carea' id='block_1_28' title="bbox 2136 1332 3713 1405">
    <p class='ocr_par' dir='ltr' id='par_1_28' title="bbox 2136 1332 3713 1405">
     <span class='ocr_line' id='line_1_28' title="bbox 2136 1332 3713 1405; baseline -0.001 -16"><span class='ocrx_word' id='word_1_207' title='bbox 2136 1332 2273 1390; x_wconf 80' lang='lat' dir='ltr'><strong>Cum</strong></span> <span class='ocrx_word' id='word_1_208' title='bbox 2299 1332 2555 1387; x_wconf 85' lang='lat' dir='ltr'><strong>tribunus</strong></span> <span class='ocrx_word' id='word_1_209' title='bbox 2609 1332 2804 1405; x_wconf 75' lang='lat' dir='ltr'><strong>Lysias</strong></span> <span class='ocrx_word' id='word_1_210' title='bbox 2864 1333 3243 1402; x_wconf 85' lang='lat' dir='ltr'><strong>descenderit,</strong></span> <span class='ocrx_word' id='word_1_211' title='bbox 3299 1333 3517 1389; x_wconf 85' lang='lat' dir='ltr'><strong>audiam</strong></span> <span class='ocrx_word' id='word_1_212' title='bbox 3594 1350 3713 1390; x_wconf 88' lang='lat' dir='ltr'><strong>vos.</strong></span> 
     </span>
    </p>
   </div>
   <div class='ocr_carea' id='block_1_29' title="bbox 2136 1419 3714 1491">
    <p class='ocr_par' dir='ltr' id='par_1_29' title="bbox 2136 1419 3714 1491">
     <span class='ocr_line' id='line_1_29' title="bbox 2136 1419 3714 1491; baseline 0 -15"><span class='ocrx_word' id='word_1_213' title='bbox 2136 1419 2421 1491; x_wconf 67' lang='lat' dir='ltr'><strong>iussitque</strong></span> <span class='ocrx_word' id='word_1_214' title='bbox 2450 1421 2759 1475; x_wconf 89' lang='lat' dir='ltr'><strong>centurioni</strong></span> <span class='ocrx_word' id='word_1_215' title='bbox 2790 1420 3071 1477; x_wconf 89' lang='lat' dir='ltr'><strong>custodire</strong></span> <span class='ocrx_word' id='word_1_216' title='bbox 3110 1436 3260 1488; x_wconf 87' lang='lat' dir='ltr'><strong>cum,</strong></span> <span class='ocrx_word' id='word_1_217' title='bbox 3288 1429 3345 1476; x_wconf 84' lang='lat' dir='ltr'><strong>et</strong></span> <span class='ocrx_word' id='word_1_218' title='bbox 3394 1421 3599 1477; x_wconf 85' lang='lat' dir='ltr'><strong>habere</strong></span> <span class='ocrx_word' id='word_1_219' title='bbox 3630 1439 3714 1476; x_wconf 87' lang='lat' dir='ltr'><strong>re-</strong></span> 
     </span>
    </p>
   </div>
   <div class='ocr_carea' id='block_1_30' title="bbox 2138 1512 3719 1582">
    <p class='ocr_par' dir='ltr' id='par_1_30' title="bbox 2138 1512 3719 1582">
     <span class='ocr_line' id='line_1_30' title="bbox 2138 1512 3719 1582; baseline 0.001 -17"><span class='ocrx_word' id='word_1_220' title='bbox 2138 1512 2344 1582; x_wconf 88' lang='lat' dir='ltr'><strong>quiem,</strong></span> <span class='ocrx_word' id='word_1_221' title='bbox 2377 1526 2481 1566; x_wconf 88' lang='lat' dir='ltr'><strong>nec</strong></span> <span class='ocrx_word' id='word_1_222' title='bbox 2502 1525 2830 1582; x_wconf 86' lang='lat' dir='ltr'><strong>quemquam</strong></span> <span class='ocrx_word' id='word_1_223' title='bbox 2865 1512 2933 1567; x_wconf 88' lang='lat' dir='ltr'><strong>de</strong></span> <span class='ocrx_word' id='word_1_224' title='bbox 2957 1512 3074 1568; x_wconf 88' lang='lat' dir='ltr'><strong>suis</strong></span> <span class='ocrx_word' id='word_1_225' title='bbox 3087 1512 3379 1582; x_wconf 81' lang='lat' dir='ltr'><strong>prohibere</strong></span> <span class='ocrx_word' id='word_1_226' title='bbox 3402 1512 3719 1568; x_wconf 83' lang='lat' dir='ltr'><strong>ministrare</strong></span> 
     </span>
    </p>
   </div>
   <div class='ocr_carea' id='block_1_31' title="bbox 2136 1603 3719 1674">
    <p class='ocr_par' dir='ltr' id='par_1_31' title="bbox 2136 1603 3719 1674">
     <span class='ocr_line' id='line_1_31' title="bbox 2136 1603 3719 1674; baseline -0.001 -15"><span class='ocrx_word' id='word_1_227' title='bbox 2136 1604 2212 1660; x_wconf 90' lang='lat' dir='ltr'><strong>ei.</strong></span> <span class='ocrx_word' id='word_1_228' title='bbox 2242 1603 2374 1660; x_wconf 88' lang='lat' dir='ltr'><strong>Post</strong></span> <span class='ocrx_word' id='word_1_229' title='bbox 2414 1604 2633 1674; x_wconf 86' lang='lat' dir='ltr'><strong>aliquos</strong></span> <span class='ocrx_word' id='word_1_230' title='bbox 2681 1613 2862 1660; x_wconf 86' lang='lat' dir='ltr'><strong>autem</strong></span> <span class='ocrx_word' id='word_1_231' title='bbox 2909 1605 3029 1661; x_wconf 85' lang='lat' dir='ltr'><strong>dies</strong></span> <span class='ocrx_word' id='word_1_232' title='bbox 3091 1605 3317 1662; x_wconf 85' lang='lat' dir='ltr'><strong>veniens</strong></span> <span class='ocrx_word' id='word_1_233' title='bbox 3371 1605 3521 1661; x_wconf 81' lang='lat' dir='ltr'><strong>Felix</strong></span> <span class='ocrx_word' id='word_1_234' title='bbox 3592 1620 3719 1662; x_wconf 86' lang='lat' dir='ltr'><strong>cum</strong></span> 
     </span>
    </p>
   </div>
   <div class='ocr_carea' id='block_1_32' title="bbox 2138 1694 3719 1766">
    <p class='ocr_par' dir='ltr' id='par_1_32' title="bbox 2138 1694 3719 1766">
     <span class='ocr_line' id='line_1_32' title="bbox 2138 1694 3719 1766; baseline 0.001 -17"><span class='ocrx_word' id='word_1_235' title='bbox 2138 1695 2376 1751; x_wconf 78' lang='lat' dir='ltr'><strong>Drusilla</strong></span> <span class='ocrx_word' id='word_1_236' title='bbox 2401 1710 2681 1752; x_wconf 72' lang='lat' dir='ltr'><strong>uxoresua</strong></span> <span class='ocrx_word' id='word_1_237' title='bbox 2709 1711 2831 1765; x_wconf 70' lang='lat' dir='ltr'><strong>quze</strong></span> <span class='ocrx_word' id='word_1_238' title='bbox 2854 1694 3197 1766; x_wconf 68' lang='lat' dir='ltr'><strong>eratJudaa,</strong></span> <span class='ocrx_word' id='word_1_239' title='bbox 3227 1698 3440 1754; x_wconf 77' lang='lat' dir='ltr'><strong>vocavit</strong></span> <span class='ocrx_word' id='word_1_240' title='bbox 3466 1697 3719 1761; x_wconf 80' lang='lat' dir='ltr'><strong>Paulum,</strong></span> 
     </span>
    </p>
   </div>
   <div class='ocr_carea' id='block_1_33' title="bbox 2137 1786 3720 1859">
    <p class='ocr_par' dir='ltr' id='par_1_33' title="bbox 2137 1786 3720 1859">
     <span class='ocr_line' id='line_1_33' title="bbox 2137 1786 3720 1859; baseline -0.002 -15"><span class='ocrx_word' id='word_1_241' title='bbox 2137 1796 2193 1844; x_wconf 90' lang='lat' dir='ltr'><strong>et</strong></span> <span class='ocrx_word' id='word_1_242' title='bbox 2222 1788 2434 1844; x_wconf 81' lang='lat' dir='ltr'><strong>audivit</strong></span> <span class='ocrx_word' id='word_1_243' title='bbox 2456 1789 2532 1844; x_wconf 84' lang='lat' dir='ltr'><strong>ab</strong></span> <span class='ocrx_word' id='word_1_244' title='bbox 2557 1804 2623 1845; x_wconf 88' lang='lat' dir='ltr'><strong>eo</strong></span> <span class='ocrx_word' id='word_1_245' title='bbox 2656 1787 2819 1844; x_wconf 79' lang='lat' dir='ltr'><strong>tidem</strong></span> <span class='ocrx_word' id='word_1_246' title='bbox 2843 1804 2969 1859; x_wconf 72' lang='lat' dir='ltr'><strong>qua:</strong></span> <span class='ocrx_word' id='word_1_247' title='bbox 3003 1797 3090 1844; x_wconf 89' lang='lat' dir='ltr'><strong>est</strong></span> <span class='ocrx_word' id='word_1_248' title='bbox 3116 1789 3172 1844; x_wconf 77' lang='lat' dir='ltr'><strong>in</strong></span> <span class='ocrx_word' id='word_1_249' title='bbox 3203 1786 3485 1845; x_wconf 83' lang='lat' dir='ltr'><strong>Christqu</strong></span> <span class='ocrx_word' id='word_1_250' title='bbox 3510 1787 3720 1845; x_wconf 79' lang='lat' dir='ltr'><strong>Jesum.</strong></span> 
     </span>
    </p>
   </div>
   <div class='ocr_carea' id='block_1_34' title="bbox 454 1879 2033 1960">
    <p class='ocr_par' dir='ltr' id='par_1_34' title="bbox 454 1880 2033 1960">
     <span class='ocr_line' id='line_1_34' title="bbox 454 1880 2033 1960; baseline 0.001 -22"><span class='ocrx_word' id='word_1_251' title='bbox 454 1884 602 1939; x_wconf 82' lang='grc' dir='ltr'>ίδίων</span> <span class='ocrx_word' id='word_1_252' title='bbox 638 1882 806 1939; x_wconf 74' lang='grc' dir='ltr'>αὐτοῦ</span> <span class='ocrx_word' id='word_1_253' title='bbox 829 1887 1144 1958; x_wconf 79' lang='grc' dir='ltr'>ὑπηρετεῖν,</span> <span class='ocrx_word' id='word_1_254' title='bbox 1178 1887 1212 1958; x_wconf 80' lang='grc' dir='ltr'>ἢ</span> <span class='ocrx_word' id='word_1_255' title='bbox 1249 1880 1652 1960; x_wconf 70' lang='grc' dir='ltr'>προσέρχεσθαι</span> <span class='ocrx_word' id='word_1_256' title='bbox 1681 1886 1853 1958; x_wconf 84' lang='grc' dir='ltr'>αύτῷ.</span> <span class='ocrx_word' id='word_1_257' title='bbox 1882 1887 2033 1941; x_wconf 84' lang='grc' dir='ltr'>Μετά</span> 
     </span>
    </p>
   </div>
   <div class='ocr_carea' id='block_1_35' title="bbox 2136 1879 3724 1960">
    <p class='ocr_par' dir='ltr' id='par_1_35' title="bbox 2143 1879 3724 1951">
     <span class='ocr_line' id='line_1_35' title="bbox 2143 1879 3724 1951; baseline 0.001 -17"><span class='ocrx_word' id='word_1_258' title='bbox 2143 1879 2467 1951; x_wconf 86' lang='lat' dir='ltr'><strong>Disputante</strong></span> <span class='ocrx_word' id='word_1_259' title='bbox 2485 1888 2669 1936; x_wconf 85' lang='lat' dir='ltr'><strong>autem</strong></span> <span class='ocrx_word' id='word_1_260' title='bbox 2694 1880 2789 1936; x_wconf 90' lang='lat' dir='ltr'><strong>illo</strong></span> <span class='ocrx_word' id='word_1_261' title='bbox 2819 1881 2888 1937; x_wconf 90' lang='lat' dir='ltr'><strong>de</strong></span> <span class='ocrx_word' id='word_1_262' title='bbox 2920 1881 3136 1951; x_wconf 74' lang='lat' dir='ltr'><strong>iustitia</strong></span> <span class='ocrx_word' id='word_1_263' title='bbox 3159 1889 3218 1936; x_wconf 86' lang='lat' dir='ltr'><strong>et</strong></span> <span class='ocrx_word' id='word_1_264' title='bbox 3263 1881 3522 1936; x_wconf 89' lang='lat' dir='ltr'><strong>castitate</strong></span> <span class='ocrx_word' id='word_1_265' title='bbox 3551 1890 3606 1937; x_wconf 90' lang='lat' dir='ltr'><strong>et</strong></span> <span class='ocrx_word' id='word_1_266' title='bbox 3655 1881 3724 1936; x_wconf 83' lang='lat' dir='ltr'><strong>de</strong></span> 
     </span>
    </p>
   </div>
   <div class='ocr_carea' id='block_1_36' title="bbox 450 1973 2031 2049">
    <p class='ocr_par' dir='ltr' id='par_1_36' title="bbox 450 1973 2031 2049">
     <span class='ocr_line' id='line_1_36' title="bbox 450 1973 2031 2049; baseline 0.002 -23"><span class='ocrx_word' id='word_1_267' title='bbox 450 1973 507 2027; x_wconf 77' lang='grc' dir='ltr'>δὲ</span> <span class='ocrx_word' id='word_1_268' title='bbox 538 1974 751 2047; x_wconf 74' lang='grc' dir='ltr'>ἡμέρας</span> <span class='ocrx_word' id='word_1_269' title='bbox 781 1977 931 2041; x_wconf 76' lang='grc' dir='ltr'>τινάς</span> <span class='ocrx_word' id='word_1_270' title='bbox 955 1977 1405 2049; x_wconf 82' lang='grc' dir='ltr'>παραγενόμενος</span> <span class='ocrx_word' id='word_1_271' title='bbox 1431 1978 1460 2031; x_wconf 87' lang='grc' dir='ltr'>ὁ</span> <span class='ocrx_word' id='word_1_272' title='bbox 1488 1978 1658 2048; x_wconf 79' lang='grc' dir='ltr'>Φῆλιξ</span> <span class='ocrx_word' id='word_1_273' title='bbox 1683 1979 1783 2031; x_wconf 77' lang='grc' dir='ltr'><strong>σὺν</strong></span> <span class='ocrx_word' id='word_1_274' title='bbox 1807 1977 2031 2049; x_wconf 91' lang='grc' dir='ltr'>Δροσίλ-</span> 
     </span>
    </p>
   </div>
   <div class='ocr_carea' id='block_1_37' title="bbox 451 2050 2034 2142">
    <p class='ocr_par' dir='ltr' id='par_1_37' title="bbox 451 2050 2034 2142">
     <span class='ocr_line' id='line_1_37' title="bbox 451 2050 2034 2142; baseline 0.002 -25"><span class='ocrx_word' id='word_1_275' title='bbox 451 2065 522 2139; x_wconf 77' lang='grc' dir='ltr'>λῃ</span> <span class='ocrx_word' id='word_1_276' title='bbox 553 2070 620 2138; x_wconf 81' lang='grc' dir='ltr'><strong>τῇ</strong></span> <span class='ocrx_word' id='word_1_277' title='bbox 656 2066 763 2140; x_wconf 78' lang='grc' dir='ltr'>ἰδίᾳ</span> <span class='ocrx_word' id='word_1_278' title='bbox 784 2050 1028 2138; x_wconf 68' lang='grc' dir='ltr'>γυναικὶ,</span> <span class='ocrx_word' id='word_1_279' title='bbox 1059 2069 1196 2142; x_wconf 76' lang='grc' dir='ltr'>οὔσῃ</span> <span class='ocrx_word' id='word_1_280' title='bbox 1228 2067 1480 2141; x_wconf 75' lang='grc' dir='ltr'>Ἰουδαίᾳ,</span> <span class='ocrx_word' id='word_1_281' title='bbox 1522 2067 1915 2140; x_wconf 69' lang='grc' dir='ltr'>μετεπέμψατο</span> <span class='ocrx_word' id='word_1_282' title='bbox 1942 2067 2034 2120; x_wconf 84' lang='grc' dir='ltr'>τὸν</span> 
     </span>
    </p>
   </div>
   <div class='ocr_carea' id='block_1_38' title="bbox 454 2146 2032 2232">
    <p class='ocr_par' dir='ltr' id='par_1_38' title="bbox 454 2146 2032 2232">
     <span class='ocr_line' id='line_1_38' title="bbox 454 2146 2032 2232; baseline 0.001 -20"><span class='ocrx_word' id='word_1_283' title='bbox 454 2146 691 2227; x_wconf 76' lang='grc' dir='ltr'>Παῦλον,</span> <span class='ocrx_word' id='word_1_284' title='bbox 730 2160 825 2213; x_wconf 79' lang='grc' dir='ltr'>καὶ</span> <span class='ocrx_word' id='word_1_285' title='bbox 875 2160 1109 2232; x_wconf 75' lang='grc' dir='ltr'>ῆκουσεν</span> <span class='ocrx_word' id='word_1_286' title='bbox 1161 2159 1327 2213; x_wconf 84' lang='grc' dir='ltr'>αὑτοῦ</span> <span class='ocrx_word' id='word_1_287' title='bbox 1383 2155 1515 2230; x_wconf 73' lang='grc' dir='ltr'>περὶ</span> <span class='ocrx_word' id='word_1_288' title='bbox 1558 2159 1659 2229; x_wconf 82' lang='grc' dir='ltr'><strong>τῆς</strong></span> <span class='ocrx_word' id='word_1_289' title='bbox 1690 2161 1771 2224; x_wconf 85' lang='grc' dir='ltr'><strong>είς</strong></span> <span class='ocrx_word' id='word_1_290' title='bbox 1794 2159 2032 2232; x_wconf 86' lang='grc' dir='ltr'>Χριστὸν</span> 
     </span>
    </p>
   </div>
   <div class='ocr_carea' id='block_1_39' title="bbox 464 2249 2031 2324">
    <p class='ocr_par' dir='ltr' id='par_1_39' title="bbox 464 2249 2031 2324">
     <span class='ocr_line' id='line_1_39' title="bbox 464 2249 2031 2324; baseline 0.001 -20"><span class='ocrx_word' id='word_1_291' title='bbox 464 2251 676 2323; x_wconf 78' lang='grc' dir='ltr'>Ἰησοῦν</span> <span class='ocrx_word' id='word_1_292' title='bbox 709 2252 965 2317; x_wconf 84' lang='grc' dir='ltr'>πίστεως.</span> <span class='ocrx_word' id='word_1_293' title='bbox 1011 2251 1411 2324; x_wconf 72' lang='grc' dir='ltr'>Διαλεγομένου</span> <span class='ocrx_word' id='word_1_294' title='bbox 1448 2249 1508 2307; x_wconf 85' lang='grc' dir='ltr'>δὲ</span> <span class='ocrx_word' id='word_1_295' title='bbox 1556 2251 1723 2307; x_wconf 78' lang='grc' dir='ltr'>αὐτοῦ</span> <span class='ocrx_word' id='word_1_296' title='bbox 1770 2253 1897 2323; x_wconf 77' lang='grc' dir='ltr'>περὶ</span> <span class='ocrx_word' id='word_1_297' title='bbox 1952 2252 2031 2306; x_wconf 87' lang='grc' dir='ltr'>δι-</span> 
     </span>
    </p>
   </div>
   <div class='ocr_carea' id='block_1_40' title="bbox 453 2336 2028 2416">
    <p class='ocr_par' dir='ltr' id='par_1_40' title="bbox 453 2336 2028 2416">
     <span class='ocr_line' id='line_1_40' title="bbox 453 2336 2028 2416; baseline 0.002 -22"><span class='ocrx_word' id='word_1_298' title='bbox 453 2342 773 2414; x_wconf 84' lang='grc' dir='ltr'>καιοσύνης,</span> <span class='ocrx_word' id='word_1_299' title='bbox 812 2345 908 2399; x_wconf 74' lang='grc' dir='ltr'>καὶ</span> <span class='ocrx_word' id='word_1_300' title='bbox 947 2345 1301 2416; x_wconf 76' lang='grc' dir='ltr'>ἐγκρατείας,</span> <span class='ocrx_word' id='word_1_301' title='bbox 1331 2345 1428 2399; x_wconf 79' lang='grc' dir='ltr'>καὶ</span> <span class='ocrx_word' id='word_1_302' title='bbox 1477 2344 1572 2399; x_wconf 89' lang='grc' dir='ltr'><strong>τοῦ</strong></span> <span class='ocrx_word' id='word_1_303' title='bbox 1622 2343 1892 2416; x_wconf 78' lang='grc' dir='ltr'>κρίματος</span> <span class='ocrx_word' id='word_1_304' title='bbox 1932 2336 2028 2397; x_wconf 82' lang='grc' dir='ltr'><strong>τοῦ</strong></span> 
     </span>
    </p>
   </div>
   <div class='ocr_carea' id='block_1_41' title="bbox 455 2431 2029 2509">
    <p class='ocr_par' dir='ltr' id='par_1_41' title="bbox 455 2431 2029 2509">
     <span class='ocr_line' id='line_1_41' title="bbox 455 2431 2029 2509; baseline 0.003 -24"><span class='ocrx_word' id='word_1_305' title='bbox 455 2434 743 2503; x_wconf 77' lang='grc' dir='ltr'>μέλλοντος</span> <span class='ocrx_word' id='word_1_306' title='bbox 780 2431 1022 2503; x_wconf 68' lang='grc' dir='ltr'>ἔσεσθαι,</span> <span class='ocrx_word' id='word_1_307' title='bbox 1050 2435 1290 2508; x_wconf 78' lang='grc' dir='ltr'>ἔμφοϐος</span> <span class='ocrx_word' id='word_1_308' title='bbox 1317 2436 1609 2509; x_wconf 86' lang='grc' dir='ltr'>γενόμενος</span> <span class='ocrx_word' id='word_1_309' title='bbox 1640 2436 1669 2489; x_wconf 85' lang='grc' dir='ltr'><strong>ὁ</strong></span> <span class='ocrx_word' id='word_1_310' title='bbox 1702 2432 1870 2507; x_wconf 79' lang='grc' dir='ltr'>Φῆλιξ</span> <span class='ocrx_word' id='word_1_311' title='bbox 1918 2436 2029 2490; x_wconf 77' lang='grc' dir='ltr'>ἀπο</span> 
     </span>
    </p>
   </div>
   <div class='ocr_carea' id='block_1_42' title="bbox 2136 1970 3743 2045">
    <p class='ocr_par' dir='ltr' id='par_1_42' title="bbox 2136 1970 3743 2045">
     <span class='ocr_line' id='line_1_42' title="bbox 2136 1970 3743 2045; baseline -0.001 -18"><span class='ocrx_word' id='word_1_312' title='bbox 2136 1972 2347 2045; x_wconf 87' lang='lat' dir='ltr'><strong>judicio</strong></span> <span class='ocrx_word' id='word_1_313' title='bbox 2392 1971 2598 2036; x_wconf 79' lang='lat' dir='ltr'><strong>futuro,</strong></span> <span class='ocrx_word' id='word_1_314' title='bbox 2647 1971 3000 2027; x_wconf 78' lang='lat' dir='ltr'><strong>tremefactus</strong></span> <span class='ocrx_word' id='word_1_315' title='bbox 3025 1970 3176 2027; x_wconf 81' lang='lat' dir='ltr'><strong>Felix</strong></span> <span class='ocrx_word' id='word_1_316' title='bbox 3203 1973 3488 2043; x_wconf 87' lang='lat' dir='ltr'><strong>respondit</strong></span> <span class='ocrx_word' id='word_1_317' title='bbox 3517 1990 3532 2028; x_wconf 89' lang='lat'><strong>:</strong></span> <span class='ocrx_word' id='word_1_318' title='bbox 3571 1972 3743 2040; x_wconf 80' lang='lat' dir='ltr'><strong>Quod.</strong></span> 
     </span>
    </p>
   </div>
   <div class='ocr_carea' id='block_1_43' title="bbox 2144 2063 3725 2135">
    <p class='ocr_par' dir='ltr' id='par_1_43' title="bbox 2144 2063 3725 2135">
     <span class='ocr_line' id='line_1_43' title="bbox 2144 2063 3725 2135; baseline 0 -15"><span class='ocrx_word' id='word_1_319' title='bbox 2144 2080 2288 2120; x_wconf 88' lang='lat' dir='ltr'><strong>nunc</strong></span> <span class='ocrx_word' id='word_1_320' title='bbox 2325 2065 2541 2129; x_wconf 85' lang='lat' dir='ltr'><strong>attinet,</strong></span> <span class='ocrx_word' id='word_1_321' title='bbox 2579 2063 2713 2119; x_wconf 86' lang='lat' dir='ltr'><strong>vade</strong></span> <span class='ocrx_word' id='word_1_322' title='bbox 2737 2081 2756 2119; x_wconf 90' lang='lat'><strong>:</strong></span> <span class='ocrx_word' id='word_1_323' title='bbox 2782 2075 3030 2134; x_wconf 89' lang='lat' dir='ltr'><strong>tempore</strong></span> <span class='ocrx_word' id='word_1_324' title='bbox 3059 2071 3243 2120; x_wconf 85' lang='lat' dir='ltr'><strong>autem</strong></span> <span class='ocrx_word' id='word_1_325' title='bbox 3292 2074 3605 2135; x_wconf 88' lang='lat' dir='ltr'><strong>opportuno</strong></span> <span class='ocrx_word' id='word_1_326' title='bbox 3628 2081 3725 2120; x_wconf 55' lang='lat' dir='ltr'><strong>ac-</strong></span> 
     </span>
    </p>
   </div>
   <div class='ocr_carea' id='block_1_44' title="bbox 2142 2154 3725 2228">
    <p class='ocr_par' dir='ltr' id='par_1_44' title="bbox 2142 2154 3725 2228">
     <span class='ocr_line' id='line_1_44' title="bbox 2142 2154 3725 2228; baseline 0.001 -17"><span class='ocrx_word' id='word_1_327' title='bbox 2142 2170 2359 2213; x_wconf 88' lang='lat' dir='ltr'><strong>cersam</strong></span> <span class='ocrx_word' id='word_1_328' title='bbox 2395 2166 2487 2211; x_wconf 86' lang='lat' dir='ltr'><strong>te:</strong></span> <span class='ocrx_word' id='word_1_329' title='bbox 2519 2154 2684 2211; x_wconf 86' lang='lat' dir='ltr'><strong>simul</strong></span> <span class='ocrx_word' id='word_1_330' title='bbox 2714 2165 2770 2212; x_wconf 88' lang='lat' dir='ltr'><strong>et</strong></span> <span class='ocrx_word' id='word_1_331' title='bbox 2798 2170 3050 2227; x_wconf 86' lang='lat' dir='ltr'><strong>sperans,</strong></span> <span class='ocrx_word' id='word_1_332' title='bbox 3082 2155 3227 2228; x_wconf 87' lang='lat' dir='ltr'><strong>quod</strong></span> <span class='ocrx_word' id='word_1_333' title='bbox 3275 2157 3508 2227; x_wconf 88' lang='lat' dir='ltr'><strong>pecunia</strong></span> <span class='ocrx_word' id='word_1_334' title='bbox 3552 2157 3604 2213; x_wconf 90' lang='lat' dir='ltr'><strong>ei</strong></span> <span class='ocrx_word' id='word_1_335' title='bbox 3628 2158 3725 2212; x_wconf 88' lang='lat' dir='ltr'><strong>da-</strong></span> 
     </span>
    </p>
   </div>
   <div class='ocr_carea' id='block_1_45' title="bbox 2144 2246 3725 2320">
    <p class='ocr_par' dir='ltr' id='par_1_45' title="bbox 2144 2246 3725 2320">
     <span class='ocr_line' id='line_1_45' title="bbox 2144 2246 3725 2320; baseline 0 -16"><span class='ocrx_word' id='word_1_336' title='bbox 2144 2258 2299 2304; x_wconf 88' lang='lat' dir='ltr'><strong>retur</strong></span> <span class='ocrx_word' id='word_1_337' title='bbox 2329 2263 2360 2303; x_wconf 93' lang='lat' dir='ltr'><strong>a</strong></span> <span class='ocrx_word' id='word_1_338' title='bbox 2382 2246 2578 2315; x_wconf 88' lang='lat' dir='ltr'><strong>Paulo,</strong></span> <span class='ocrx_word' id='word_1_339' title='bbox 2614 2257 2842 2318; x_wconf 77' lang='lat' dir='ltr'><strong>propter</strong></span> <span class='ocrx_word' id='word_1_340' title='bbox 2871 2248 3019 2318; x_wconf 90' lang='lat' dir='ltr'><strong>quod</strong></span> <span class='ocrx_word' id='word_1_341' title='bbox 3050 2256 3106 2304; x_wconf 90' lang='lat' dir='ltr'><strong>et</strong></span> <span class='ocrx_word' id='word_1_342' title='bbox 3138 2247 3485 2320; x_wconf 76' lang='lat' dir='ltr'><strong>frequentem</strong></span> <span class='ocrx_word' id='word_1_343' title='bbox 3534 2263 3725 2305; x_wconf 85' lang='lat' dir='ltr'><strong>accer-</strong></span> 
     </span>
    </p>
   </div>
   <div class='ocr_carea' id='block_1_46' title="bbox 2150 2340 3084 2412">
    <p class='ocr_par' dir='ltr' id='par_1_46' title="bbox 2150 2340 3084 2412">
     <span class='ocr_line' id='line_1_46' title="bbox 2150 2340 3084 2412; baseline -0.004 -12"><span class='ocrx_word' id='word_1_344' title='bbox 2150 2356 2284 2400; x_wconf 82' lang='lat' dir='ltr'><strong>sens</strong></span> <span class='ocrx_word' id='word_1_345' title='bbox 2317 2356 2444 2399; x_wconf 87' lang='lat' dir='ltr'><strong>eum</strong></span> <span class='ocrx_word' id='word_1_346' title='bbox 2477 2340 2807 2412; x_wconf 83' lang='lat' dir='ltr'><strong>loquebatur</strong></span> <span class='ocrx_word' id='word_1_347' title='bbox 2836 2356 2962 2397; x_wconf 89' lang='lat' dir='ltr'><strong>cum</strong></span> <span class='ocrx_word' id='word_1_348' title='bbox 2994 2356 3084 2399; x_wconf 92' lang='lat' dir='ltr'><strong>eo.</strong></span> 
     </span>
    </p>
   </div>
   <div class='ocr_carea' id='block_1_47' title="bbox 449 2525 3725 2602">
    <p class='ocr_par' dir='ltr' id='par_1_47' title="bbox 449 2525 3725 2602">
     <span class='ocr_line' id='line_1_47' title="bbox 449 2525 3725 2602; baseline -0.001 -20"><span class='ocrx_word' id='word_1_349' title='bbox 449 2528 646 2601; x_wconf 80' lang='grc' dir='ltr'>εκρίθη</span> <span class='ocrx_word' id='word_1_350' title='bbox 666 2546 680 2561; x_wconf 89' lang='grc'><strong>·</strong></span> <span class='ocrx_word' id='word_1_351' title='bbox 716 2528 792 2583; x_wconf 82' lang='grc' dir='ltr'><strong>Τὸ</strong></span> <span class='ocrx_word' id='word_1_352' title='bbox 824 2529 917 2583; x_wconf 89' lang='grc' dir='ltr'><strong>νῦν</strong></span> <span class='ocrx_word' id='word_1_353' title='bbox 945 2529 1069 2602; x_wconf 77' lang='grc' dir='ltr'>ἔχον</span> <span class='ocrx_word' id='word_1_354' title='bbox 1105 2528 1337 2602; x_wconf 77' lang='grc' dir='ltr'>πορεύου</span> <span class='ocrx_word' id='word_1_355' title='bbox 1357 2543 1371 2559; x_wconf 85' lang='grc'><strong>·</strong></span> <span class='ocrx_word' id='word_1_356' title='bbox 1392 2531 1585 2600; x_wconf 81' lang='grc' dir='ltr'>καιρὸν</span> <span class='ocrx_word' id='word_1_357' title='bbox 1624 2530 1680 2584; x_wconf 78' lang='grc' dir='ltr'>δὲ</span> <span class='ocrx_word' id='word_1_358' title='bbox 1706 2526 2029 2601; x_wconf 86' lang='grc' dir='ltr'>μεταλαϐὼν</span> <span class='ocrx_word' id='word_1_359' title='bbox 2067 2528 2512 2601; x_wconf 77' lang='grc' dir='ltr'>μετακαλέσομαί</span> <span class='ocrx_word' id='word_1_360' title='bbox 2541 2545 2603 2582; x_wconf 88' lang='grc' dir='ltr'><strong>σε</strong></span> <span class='ocrx_word' id='word_1_361' title='bbox 2622 2544 2635 2559; x_wconf 88' lang='grc'><strong>·</strong></span> <span class='ocrx_word' id='word_1_362' title='bbox 2668 2527 2788 2599; x_wconf 73' lang='grc' dir='ltr'>ἅμα</span> <span class='ocrx_word' id='word_1_363' title='bbox 2809 2525 2868 2582; x_wconf 81' lang='grc' dir='ltr'>δὲ</span> <span class='ocrx_word' id='word_1_364' title='bbox 2890 2527 2983 2581; x_wconf 73' lang='grc' dir='ltr'>διαὶ</span> <span class='ocrx_word' id='word_1_365' title='bbox 3007 2526 3266 2592; x_wconf 73' lang='grc' dir='ltr'>ἐλπίζων,</span> <span class='ocrx_word' id='word_1_366' title='bbox 3319 2527 3404 2581; x_wconf 82' lang='grc' dir='ltr'>ὅτι</span> <span class='ocrx_word' id='word_1_367' title='bbox 3464 2527 3725 2599; x_wconf 85' lang='grc' dir='ltr'>χρήματα</span> 
     </span>
    </p>
   </div>
   <div class='ocr_carea' id='block_1_48' title="bbox 452 2616 3725 2696">
    <p class='ocr_par' dir='ltr' id='par_1_48' title="bbox 452 2616 3725 2696">
     <span class='ocr_line' id='line_1_48' title="bbox 452 2616 3725 2696; baseline -0 -24"><span class='ocrx_word' id='word_1_368' title='bbox 452 2618 736 2691; x_wconf 78' lang='grc' dir='ltr'>δοθήσεται</span> <span class='ocrx_word' id='word_1_369' title='bbox 770 2621 920 2696; x_wconf 83' lang='grc' dir='ltr'><strong>αύτῷ</strong></span> <span class='ocrx_word' id='word_1_370' title='bbox 960 2623 1066 2678; x_wconf 73' lang='grc' dir='ltr'><strong>ὑπὸ</strong></span> <span class='ocrx_word' id='word_1_371' title='bbox 1096 2621 1192 2677; x_wconf 86' lang='grc' dir='ltr'><strong>τοῦ</strong></span> <span class='ocrx_word' id='word_1_372' title='bbox 1220 2619 1459 2688; x_wconf 84' lang='grc' dir='ltr'>Παύλου,</span> <span class='ocrx_word' id='word_1_373' title='bbox 1485 2619 1634 2688; x_wconf 82' lang='grc' dir='ltr'>ὅπως</span> <span class='ocrx_word' id='word_1_374' title='bbox 1659 2623 1798 2695; x_wconf 81' lang='grc' dir='ltr'>λύσῃ</span> <span class='ocrx_word' id='word_1_375' title='bbox 1835 2621 2030 2679; x_wconf 75' lang='grc' dir='ltr'>αὐτόν’</span> <span class='ocrx_word' id='word_1_376' title='bbox 2106 2624 2188 2678; x_wconf 80' lang='grc' dir='ltr'>διὸ</span> <span class='ocrx_word' id='word_1_377' title='bbox 2247 2622 2345 2679; x_wconf 75' lang='grc' dir='ltr'>καὶ</span> <span class='ocrx_word' id='word_1_378' title='bbox 2375 2616 2737 2693; x_wconf 78' lang='grc' dir='ltr'>πυκνότερον</span> <span class='ocrx_word' id='word_1_379' title='bbox 2765 2621 2931 2677; x_wconf 81' lang='grc' dir='ltr'>αὐτὸν</span> <span class='ocrx_word' id='word_1_380' title='bbox 2974 2635 3495 2692; x_wconf 77' lang='grc' dir='ltr'>μεταπεμπομενος,</span> <span class='ocrx_word' id='word_1_381' title='bbox 3527 2620 3725 2693; x_wconf 80' lang='grc' dir='ltr'>ὡμίλει</span> 
     </span>
    </p>
   </div>
   <div class='ocr_carea' id='block_1_49' title="bbox 450 2708 622 2787">
    <p class='ocr_par' dir='ltr' id='par_1_49' title="bbox 450 2708 622 2787">
     <span class='ocr_line' id='line_1_49' title="bbox 450 2708 622 2787; baseline 0.035 -22"><span class='ocrx_word' id='word_1_382' title='bbox 450 2708 622 2787; x_wconf 80' lang='grc' dir='ltr'>αύτῷ.</span> 
     </span>
    </p>
   </div>
   <div class='ocr_carea' id='block_1_50' title="bbox 1022 2809 1457 2891">
    <p class='ocr_par' dir='ltr' id='par_1_50' title="bbox 1022 2809 1457 2891">
     <span class='ocr_line' id='line_1_50' title="bbox 1022 2809 1457 2891; baseline 0.007 -26"><span class='ocrx_word' id='word_1_383' title='bbox 1022 2809 1271 2891; x_wconf 66' lang='grc' dir='ltr'><strong>ΚΕΦΔΛ.</strong></span> <span class='ocrx_word' id='word_1_384' title='bbox 1311 2814 1457 2881; x_wconf 71' lang='grc' dir='ltr'>Αςι.</span> 
     </span>
    </p>
   </div>
   <div class='ocr_carea' id='block_1_51' title="bbox 453 2888 2033 2983">
    <p class='ocr_par' dir='ltr' id='par_1_51' title="bbox 453 2888 2033 2983">
     <span class='ocr_line' id='line_1_51' title="bbox 453 2888 2033 2983; baseline 0.005 -28"><span class='ocrx_word' id='word_1_385' title='bbox 453 2902 595 2971; x_wconf 68' lang='grc' dir='ltr'>Περὶ</span> <span class='ocrx_word' id='word_1_386' title='bbox 641 2888 769 2973; x_wconf 48' lang='grc' dir='ltr'>τῆς(</span> <span class='ocrx_word' id='word_1_387' title='bbox 802 2888 1080 2983; x_wconf 66' lang='grc' dir='ltr'><strong>ΔΦήλικος</strong></span> <span class='ocrx_word' id='word_1_388' title='bbox 1130 2904 1440 2977; x_wconf 79' lang='grc' dir='ltr'>διαδοχῆς,</span> <span class='ocrx_word' id='word_1_389' title='bbox 1496 2908 1595 2963; x_wconf 78' lang='grc' dir='ltr'><strong>καί</strong></span> <span class='ocrx_word' id='word_1_390' title='bbox 1645 2906 1756 2978; x_wconf 80' lang='grc' dir='ltr'><strong>τῆς</strong></span> <span class='ocrx_word' id='word_1_391' title='bbox 1785 2900 2033 2980; x_wconf 78' lang='grc' dir='ltr'>Φήστου</span> 
     </span>
    </p>
   </div>
   <div class='ocr_carea' id='block_1_52' title="bbox 522 2988 2033 3069">
    <p class='ocr_par' dir='ltr' id='par_1_52' title="bbox 522 2988 2033 3069">
     <span class='ocr_line' id='line_1_52' title="bbox 522 2988 2033 3069; baseline 0.005 -22"><span class='ocrx_word' id='word_1_392' title='bbox 522 2995 900 3065; x_wconf 78' lang='grc' dir='ltr'>προαγωγίας</span> <span class='ocrx_word' id='word_1_393' title='bbox 924 3035 942 3061; x_wconf 94' lang='grc'><strong>,</strong></span> <span class='ocrx_word' id='word_1_394' title='bbox 994 2988 1109 3065; x_wconf 82' lang='grc' dir='ltr'><strong>τῆς</strong></span> <span class='ocrx_word' id='word_1_395' title='bbox 1158 3012 1225 3052; x_wconf 78' lang='grc' dir='ltr'><strong>τε</strong></span> <span class='ocrx_word' id='word_1_396' title='bbox 1273 2997 1368 3052; x_wconf 78' lang='grc' dir='ltr'><strong>ἐπ’</strong></span> <span class='ocrx_word' id='word_1_397' title='bbox 1419 2990 1608 3055; x_wconf 79' lang='grc' dir='ltr'>αὑτοῦ</span> <span class='ocrx_word' id='word_1_398' title='bbox 1657 2999 2033 3069; x_wconf 74' lang='grc' dir='ltr'>ἀνακρίσεως</span> 
     </span>
    </p>
   </div>
   <div class='ocr_carea' id='block_1_53' title="bbox 523 3083 1227 3159">
    <p class='ocr_par' dir='ltr' id='par_1_53' title="bbox 523 3083 1227 3159">
     <span class='ocr_line' id='line_1_53' title="bbox 523 3083 1227 3159; baseline 0.006 -18"><span class='ocrx_word' id='word_1_399' title='bbox 523 3084 769 3143; x_wconf 66' lang='grc' dir='ltr'>Παύλου</span> <span class='ocrx_word' id='word_1_400' title='bbox 805 3088 901 3142; x_wconf 76' lang='grc' dir='ltr'>καὶ</span> <span class='ocrx_word' id='word_1_401' title='bbox 932 3083 1227 3159; x_wconf 71' lang='grc' dir='ltr'>ἀφέσεως.</span> 
     </span>
    </p>
   </div>
   <div class='ocr_carea' id='block_1_54' title="bbox 523 3175 2031 3254">
    <p class='ocr_par' dir='ltr' id='par_1_54' title="bbox 523 3175 2031 3254">
     <span class='ocr_line' id='line_1_54' title="bbox 523 3175 2031 3254; baseline 0.003 -23"><span class='ocrx_word' id='word_1_402' title='bbox 523 3180 740 3242; x_wconf 81' lang='grc' dir='ltr'>Διετίας</span> <span class='ocrx_word' id='word_1_403' title='bbox 786 3179 846 3234; x_wconf 73' lang='grc' dir='ltr'>δὲ</span> <span class='ocrx_word' id='word_1_404' title='bbox 880 3180 1290 3254; x_wconf 83' lang='grc' dir='ltr'>πληρωθείσης,</span> <span class='ocrx_word' id='word_1_405' title='bbox 1323 3176 1483 3237; x_wconf 78' lang='grc' dir='ltr'>ἔλαϐε</span> <span class='ocrx_word' id='word_1_406' title='bbox 1523 3175 1765 3254; x_wconf 81' lang='grc' dir='ltr'>διάδοχον</span> <span class='ocrx_word' id='word_1_407' title='bbox 1793 3183 1822 3235; x_wconf 89' lang='grc' dir='ltr'><strong>ὁ</strong></span> <span class='ocrx_word' id='word_1_408' title='bbox 1863 3180 2031 3254; x_wconf 82' lang='grc' dir='ltr'>Φῆλιξ</span> 
     </span>
    </p>
   </div>
   <div class='ocr_carea' id='block_1_55' title="bbox 456 3248 2108 3346">
    <p class='ocr_par' dir='ltr' id='par_1_55' title="bbox 456 3248 2108 3346">
     <span class='ocr_line' id='line_1_55' title="bbox 456 3248 2108 3346; baseline 0.003 -21"><span class='ocrx_word' id='word_1_409' title='bbox 456 3272 689 3343; x_wconf 83' lang='grc' dir='ltr'>Πόρκιον</span> <span class='ocrx_word' id='word_1_410' title='bbox 738 3271 951 3342; x_wconf 79' lang='grc' dir='ltr'>Φῆστον</span> <span class='ocrx_word' id='word_1_411' title='bbox 971 3248 1008 3304; x_wconf 40' lang='grc' dir='ltr'><strong><em>ἶ</em></strong></span> <span class='ocrx_word' id='word_1_412' title='bbox 1037 3248 1232 3328; x_wconf 39' lang='grc' dir='ltr'>θέλων-</span> <span class='ocrx_word' id='word_1_413' title='bbox 1257 3274 1316 3328; x_wconf 81' lang='grc' dir='ltr'>δὲ</span> <span class='ocrx_word' id='word_1_414' title='bbox 1359 3274 1521 3346; x_wconf 82' lang='grc' dir='ltr'>χάριν</span> <span class='ocrx_word' id='word_1_415' title='bbox 1555 3248 1889 3331; x_wconf 73' lang='grc' dir='ltr'>καταθέσθαι</span> <span class='ocrx_word' id='word_1_416' title='bbox 1917 3248 2035 3341; x_wconf 77' lang='grc' dir='ltr'>τοῖς</span> <span class='ocrx_word' id='word_1_417' title='bbox 2061 3248 2108 3312; x_wconf 76' lang='lat' dir='ltr'><strong>C</strong></span> 
     </span>
    </p>
   </div>
   <div class='ocr_carea' id='block_1_56' title="bbox 465 3362 2035 3439">
    <p class='ocr_par' dir='ltr' id='par_1_56' title="bbox 465 3362 2035 3439">
     <span class='ocr_line' id='line_1_56' title="bbox 465 3362 2035 3439; baseline 0.005 -24"><span class='ocrx_word' id='word_1_418' title='bbox 465 3363 747 3428; x_wconf 75' lang='grc' dir='ltr'>Ἰουδαίοις</span> <span class='ocrx_word' id='word_1_419' title='bbox 780 3365 809 3417; x_wconf 86' lang='grc' dir='ltr'>ὁ</span> <span class='ocrx_word' id='word_1_420' title='bbox 835 3362 1024 3435; x_wconf 79' lang='grc' dir='ltr'>Φῆλιξ,</span> <span class='ocrx_word' id='word_1_421' title='bbox 1059 3364 1320 3419; x_wconf 85' lang='grc' dir='ltr'>κατέλιπε</span> <span class='ocrx_word' id='word_1_422' title='bbox 1349 3366 1442 3421; x_wconf 81' lang='grc' dir='ltr'>τὸν</span> <span class='ocrx_word' id='word_1_423' title='bbox 1479 3366 1694 3421; x_wconf 85' lang='grc' dir='ltr'>Παῦλον</span> <span class='ocrx_word' id='word_1_424' title='bbox 1723 3367 2035 3439; x_wconf 80' lang='grc' dir='ltr'>δεδεμένον.</span> 
     </span>
    </p>
   </div>
   <div class='ocr_carea' id='block_1_57' title="bbox 450 3452 2039 3534">
    <p class='ocr_par' dir='ltr' id='par_1_57' title="bbox 450 3452 2039 3534">
     <span class='ocr_line' id='line_1_57' title="bbox 450 3452 2039 3534; baseline 0.004 -24"><span class='ocrx_word' id='word_1_425' title='bbox 450 3456 661 3526; x_wconf 80' lang='grc' dir='ltr'>Φῆστος</span> <span class='ocrx_word' id='word_1_426' title='bbox 689 3452 783 3512; x_wconf 84' lang='grc' dir='ltr'>οὖν</span> <span class='ocrx_word' id='word_1_427' title='bbox 821 3457 1024 3522; x_wconf 77' lang='grc' dir='ltr'>ἐπιϐάς</span> <span class='ocrx_word' id='word_1_428' title='bbox 1050 3461 1117 3531; x_wconf 82' lang='grc' dir='ltr'>τῇ</span> <span class='ocrx_word' id='word_1_429' title='bbox 1148 3459 1416 3532; x_wconf 78' lang='grc' dir='ltr'>ἐπαρχίᾳ,</span> <span class='ocrx_word' id='word_1_430' title='bbox 1450 3460 1593 3532; x_wconf 83' lang='grc' dir='ltr'>μετὰ</span> <span class='ocrx_word' id='word_1_431' title='bbox 1645 3464 1796 3534; x_wconf 82' lang='grc' dir='ltr'>τρεῖς</span> <span class='ocrx_word' id='word_1_432' title='bbox 1822 3462 2039 3533; x_wconf 83' lang='grc' dir='ltr'>ἡμέρας</span> 
     </span>
    </p>
   </div>
   <div class='ocr_carea' id='block_1_58' title="bbox 452 3548 2039 3624">
    <p class='ocr_par' dir='ltr' id='par_1_58' title="bbox 452 3548 2039 3624">
     <span class='ocr_line' id='line_1_58' title="bbox 452 3548 2039 3624; baseline 0.003 -22"><span class='ocrx_word' id='word_1_433' title='bbox 452 3548 623 3620; x_wconf 81' lang='grc' dir='ltr'>ἀνέϐη</span> <span class='ocrx_word' id='word_1_434' title='bbox 648 3550 730 3613; x_wconf 85' lang='grc' dir='ltr'><strong>είς</strong></span> <span class='ocrx_word' id='word_1_435' title='bbox 775 3549 1128 3623; x_wconf 86' lang='grc' dir='ltr'>Ἰεροσόλυμα</span> <span class='ocrx_word' id='word_1_436' title='bbox 1176 3552 1287 3606; x_wconf 79' lang='grc' dir='ltr'>ἀπὸ</span> <span class='ocrx_word' id='word_1_437' title='bbox 1336 3553 1700 3624; x_wconf 80' lang='grc' dir='ltr'>Καισαρείας.</span> <span class='ocrx_word' id='word_1_438' title='bbox 1741 3553 2039 3624; x_wconf 80' lang='grc' dir='ltr'>Ἐνεφάνη-</span> 
     </span>
    </p>
   </div>
   <div class='ocr_carea' id='block_1_59' title="bbox 454 3642 2036 3717">
    <p class='ocr_par' dir='ltr' id='par_1_59' title="bbox 454 3642 2036 3717">
     <span class='ocr_line' id='line_1_59' title="bbox 454 3642 2036 3717; baseline 0.003 -23"><span class='ocrx_word' id='word_1_439' title='bbox 454 3642 556 3697; x_wconf 88' lang='grc' dir='ltr'><strong>σάν</strong></span> <span class='ocrx_word' id='word_1_440' title='bbox 588 3659 646 3696; x_wconf 89' lang='grc' dir='ltr'><strong>τε</strong></span> <span class='ocrx_word' id='word_1_441' title='bbox 677 3642 828 3714; x_wconf 86' lang='grc' dir='ltr'><strong>αύτῷ</strong></span> <span class='ocrx_word' id='word_1_442' title='bbox 880 3645 932 3698; x_wconf 82' lang='grc' dir='ltr'><strong>οῖ</strong></span> <span class='ocrx_word' id='word_1_443' title='bbox 988 3645 1270 3716; x_wconf 82' lang='grc' dir='ltr'>ἀρχιερεῖς</span> <span class='ocrx_word' id='word_1_444' title='bbox 1302 3645 1398 3699; x_wconf 74' lang='grc' dir='ltr'>καὶ</span> <span class='ocrx_word' id='word_1_445' title='bbox 1436 3647 1487 3699; x_wconf 88' lang='grc' dir='ltr'><strong>οί</strong></span> <span class='ocrx_word' id='word_1_446' title='bbox 1521 3644 1732 3717; x_wconf 79' lang='grc' dir='ltr'>πρῶτοι</span> <span class='ocrx_word' id='word_1_447' title='bbox 1753 3645 1864 3702; x_wconf 85' lang='grc' dir='ltr'><strong>τῶν</strong></span> <span class='ocrx_word' id='word_1_448' title='bbox 1903 3646 2036 3700; x_wconf 86' lang='grc' dir='ltr'>Ἰου-</span> 
     </span>
    </p>
   </div>
   <div class='ocr_carea' id='block_1_60' title="bbox 450 3734 2033 3809">
    <p class='ocr_par' dir='ltr' id='par_1_60' title="bbox 450 3734 2033 3809">
     <span class='ocr_line' id='line_1_60' title="bbox 450 3734 2033 3809; baseline 0.003 -22"><span class='ocrx_word' id='word_1_449' title='bbox 450 3734 617 3788; x_wconf 83' lang='grc' dir='ltr'>δαίων</span> <span class='ocrx_word' id='word_1_450' title='bbox 647 3734 789 3790; x_wconf 82' lang='grc' dir='ltr'><strong>κατά</strong></span> <span class='ocrx_word' id='word_1_451' title='bbox 822 3734 915 3790; x_wconf 88' lang='grc' dir='ltr'><strong>τοῦ</strong></span> <span class='ocrx_word' id='word_1_452' title='bbox 947 3737 1186 3801; x_wconf 87' lang='grc' dir='ltr'>Παύλου,</span> <span class='ocrx_word' id='word_1_453' title='bbox 1216 3738 1317 3792; x_wconf 75' lang='grc' dir='ltr'>καὶ</span> <span class='ocrx_word' id='word_1_454' title='bbox 1339 3737 1695 3809; x_wconf 84' lang='grc' dir='ltr'>παρεκάλουν</span> <span class='ocrx_word' id='word_1_455' title='bbox 1729 3739 1916 3803; x_wconf 75' lang='grc' dir='ltr'>αὐτὸν,</span> <span class='ocrx_word' id='word_1_456' title='bbox 1945 3739 2033 3791; x_wconf 87' lang='grc' dir='ltr'>αί-</span> 
     </span>
    </p>
   </div>
   <div class='ocr_carea' id='block_1_61' title="bbox 452 3826 2034 3900">
    <p class='ocr_par' dir='ltr' id='par_1_61' title="bbox 452 3826 2034 3900">
     <span class='ocr_line' id='line_1_61' title="bbox 452 3826 2034 3900; baseline 0.003 -21"><span class='ocrx_word' id='word_1_457' title='bbox 452 3826 709 3897; x_wconf 89' lang='grc' dir='ltr'>τούμενοι</span> <span class='ocrx_word' id='word_1_458' title='bbox 754 3829 915 3900; x_wconf 87' lang='grc' dir='ltr'>χάριν</span> <span class='ocrx_word' id='word_1_459' title='bbox 960 3830 1086 3883; x_wconf 87' lang='grc' dir='ltr'>κατ’</span> <span class='ocrx_word' id='word_1_460' title='bbox 1136 3828 1331 3893; x_wconf 75' lang='grc' dir='ltr'>αὐτοῦ,</span> <span class='ocrx_word' id='word_1_461' title='bbox 1390 3829 1540 3893; x_wconf 85' lang='grc' dir='ltr'>ὅπως</span> <span class='ocrx_word' id='word_1_462' title='bbox 1604 3828 2034 3899; x_wconf 75' lang='grc' dir='ltr'>μεταπέμψηται</span> 
     </span>
    </p>
   </div>
   <div class='ocr_carea' id='block_1_62' title="bbox 451 3919 2024 3993">
    <p class='ocr_par' dir='ltr' id='par_1_62' title="bbox 451 3919 2024 3993">
     <span class='ocr_line' id='line_1_62' title="bbox 451 3919 2024 3993; baseline 0.001 -22"><span class='ocrx_word' id='word_1_463' title='bbox 451 3919 619 3972; x_wconf 78' lang='grc' dir='ltr'>αὐτὸν</span> <span class='ocrx_word' id='word_1_464' title='bbox 677 3922 759 3985; x_wconf 83' lang='grc' dir='ltr'><strong>είς</strong></span> <span class='ocrx_word' id='word_1_465' title='bbox 811 3921 1194 3993; x_wconf 76' lang='grc' dir='ltr'>Ἰερουσαλὴμ,</span> <span class='ocrx_word' id='word_1_466' title='bbox 1235 3920 1459 3993; x_wconf 78' lang='grc' dir='ltr'>ἐνέδραν</span> <span class='ocrx_word' id='word_1_467' title='bbox 1496 3920 1779 3984; x_wconf 87' lang='grc' dir='ltr'>ποιοῦντες</span> <span class='ocrx_word' id='word_1_468' title='bbox 1812 3920 2024 3974; x_wconf 82' lang='grc' dir='ltr'>ἀνελεῖν</span> 
     </span>
    </p>
   </div>
   <div class='ocr_carea' id='block_1_63' title="bbox 452 4009 2022 4083">
    <p class='ocr_par' dir='ltr' id='par_1_63' title="bbox 452 4009 2022 4083">
     <span class='ocr_line' id='line_1_63' title="bbox 452 4009 2022 4083; baseline 0 -19"><span class='ocrx_word' id='word_1_469' title='bbox 452 4012 617 4065; x_wconf 76' lang='grc' dir='ltr'>αὐτὸν</span> <span class='ocrx_word' id='word_1_470' title='bbox 647 4013 786 4066; x_wconf 86' lang='grc' dir='ltr'><strong>κατά</strong></span> <span class='ocrx_word' id='word_1_471' title='bbox 813 4012 911 4083; x_wconf 76' lang='grc' dir='ltr'>τὴν</span> <span class='ocrx_word' id='word_1_472' title='bbox 959 4011 1100 4067; x_wconf 84' lang='grc' dir='ltr'>ὁδόν.</span> <span class='ocrx_word' id='word_1_473' title='bbox 1146 4011 1205 4066; x_wconf 85' lang='lat'><strong>&#39;0</strong></span> <span class='ocrx_word' id='word_1_474' title='bbox 1234 4012 1334 4082; x_wconf 82' lang='grc' dir='ltr'>μὲν</span> <span class='ocrx_word' id='word_1_475' title='bbox 1376 4010 1471 4065; x_wconf 78' lang='grc' dir='ltr'>οὖν</span> <span class='ocrx_word' id='word_1_476' title='bbox 1490 4012 1698 4082; x_wconf 77' lang='grc' dir='ltr'>Φῆστος</span> <span class='ocrx_word' id='word_1_477' title='bbox 1738 4009 2022 4081; x_wconf 79' lang='grc' dir='ltr'>ἀπεκρίθη</span> 
     </span>
    </p>
   </div>
   <div class='ocr_carea' id='block_1_64' title="bbox 451 4102 2031 4176">
    <p class='ocr_par' dir='ltr' id='par_1_64' title="bbox 451 4102 2031 4176">
     <span class='ocr_line' id='line_1_64' title="bbox 451 4102 2031 4176; baseline -0.001 -20"><span class='ocrx_word' id='word_1_478' title='bbox 451 4106 738 4175; x_wconf 78' lang='grc' dir='ltr'>τηρεῖσθαι</span> <span class='ocrx_word' id='word_1_479' title='bbox 760 4107 853 4159; x_wconf 82' lang='grc' dir='ltr'>τὸν</span> <span class='ocrx_word' id='word_1_480' title='bbox 886 4106 1100 4160; x_wconf 80' lang='grc' dir='ltr'>Παῦλον</span> <span class='ocrx_word' id='word_1_481' title='bbox 1133 4106 1191 4158; x_wconf 78' lang='grc' dir='ltr'>ὲν</span> <span class='ocrx_word' id='word_1_482' title='bbox 1219 4105 1554 4176; x_wconf 81' lang='grc' dir='ltr'>Καισαρείᾳ,</span> <span class='ocrx_word' id='word_1_483' title='bbox 1588 4103 1783 4157; x_wconf 78' lang='grc' dir='ltr'>ἑαυτὸν</span> <span class='ocrx_word' id='word_1_484' title='bbox 1812 4103 1869 4157; x_wconf 71' lang='grc' dir='ltr'>δὲ</span> <span class='ocrx_word' id='word_1_485' title='bbox 1900 4102 2031 4175; x_wconf 82' lang='grc' dir='ltr'><strong>μὲλ-</strong></span> 
     </span>
    </p>
   </div>
   <div class='ocr_carea' id='block_1_65' title="bbox 451 4195 2027 4270">
    <p class='ocr_par' dir='ltr' id='par_1_65' title="bbox 451 4195 2027 4270">
     <span class='ocr_line' id='line_1_65' title="bbox 451 4195 2027 4270; baseline 0.001 -21"><span class='ocrx_word' id='word_1_486' title='bbox 451 4198 564 4250; x_wconf 88' lang='grc' dir='ltr'>λειν</span> <span class='ocrx_word' id='word_1_487' title='bbox 590 4199 648 4251; x_wconf 82' lang='grc' dir='ltr'>ὲν</span> <span class='ocrx_word' id='word_1_488' title='bbox 678 4200 834 4268; x_wconf 84' lang='grc' dir='ltr'>τάχει</span> <span class='ocrx_word' id='word_1_489' title='bbox 886 4197 1309 4270; x_wconf 72' lang='grc' dir='ltr'>ἐκπορεύεσθαι.</span> <span class='ocrx_word' id='word_1_490' title='bbox 1342 4198 1405 4251; x_wconf 91' lang='grc' dir='ltr'><strong>Οί</strong></span> <span class='ocrx_word' id='word_1_491' title='bbox 1425 4195 1519 4251; x_wconf 81' lang='grc' dir='ltr'>οὖν</span> <span class='ocrx_word' id='word_1_492' title='bbox 1549 4197 1766 4250; x_wconf 74' lang='grc' dir='ltr'>δυνατοὶ</span> <span class='ocrx_word' id='word_1_493' title='bbox 1792 4197 1850 4248; x_wconf 77' lang='grc' dir='ltr'>ὲν</span> <span class='ocrx_word' id='word_1_494' title='bbox 1877 4196 2027 4267; x_wconf 84' lang='grc' dir='ltr'>ὑμῖν,</span> 
     </span>
    </p>
   </div>
   <div class='ocr_carea' id='block_1_66' title="bbox 450 4287 2031 4361">
    <p class='ocr_par' dir='ltr' id='par_1_66' title="bbox 450 4287 2031 4361">
     <span class='ocr_line' id='line_1_66' title="bbox 450 4287 2031 4361; baseline -0.001 -19"><span class='ocrx_word' id='word_1_495' title='bbox 450 4290 611 4360; x_wconf 76' lang='grc' dir='ltr'>φησὶ,</span> <span class='ocrx_word' id='word_1_496' title='bbox 641 4289 1110 4360; x_wconf 88' lang='grc' dir='ltr'>συγκαταϐάντες,</span> <span class='ocrx_word' id='word_1_497' title='bbox 1146 4288 1202 4343; x_wconf 86' lang='grc' dir='ltr'><strong>εί</strong></span> <span class='ocrx_word' id='word_1_498' title='bbox 1219 4292 1273 4343; x_wconf 90' lang='grc' dir='ltr'><strong>τί</strong></span> <span class='ocrx_word' id='word_1_499' title='bbox 1295 4292 1445 4342; x_wconf 76' lang='grc' dir='ltr'>ἐστιν</span> <span class='ocrx_word' id='word_1_500' title='bbox 1473 4291 1532 4343; x_wconf 79' lang='grc' dir='ltr'>ὲν</span> <span class='ocrx_word' id='word_1_501' title='bbox 1556 4288 1637 4361; x_wconf 81' lang='grc' dir='ltr'>τῷ</span> <span class='ocrx_word' id='word_1_502' title='bbox 1664 4288 1822 4360; x_wconf 76' lang='grc' dir='ltr'>ἀνδρὶ</span> <span class='ocrx_word' id='word_1_503' title='bbox 1854 4287 2031 4360; x_wconf 85' lang='grc' dir='ltr'>τούτῳ</span> 
     </span>
    </p>
   </div>
   <div class='ocr_carea' id='block_1_67' title="bbox 449 4382 2030 4456">
    <p class='ocr_par' dir='ltr' id='par_1_67' title="bbox 449 4382 2030 4456">
     <span class='ocr_line' id='line_1_67' title="bbox 449 4382 2030 4456; baseline -0.001 -18"><span class='ocrx_word' id='word_1_504' title='bbox 449 4384 689 4447; x_wconf 80' lang='grc' dir='ltr'>ἄτοπον,</span> <span class='ocrx_word' id='word_1_505' title='bbox 734 4386 1216 4456; x_wconf 81' lang='grc' dir='ltr'>κατηγορείτωσαν</span> <span class='ocrx_word' id='word_1_506' title='bbox 1284 4382 1475 4438; x_wconf 82' lang='grc' dir='ltr'>αὐτοῦ.</span> <span class='ocrx_word' id='word_1_507' title='bbox 1510 4382 1814 4455; x_wconf 81' lang='grc' dir='ltr'>Διατρίψας</span> <span class='ocrx_word' id='word_1_508' title='bbox 1871 4384 1930 4438; x_wconf 83' lang='grc' dir='ltr'>δὲ</span> <span class='ocrx_word' id='word_1_509' title='bbox 1970 4384 2030 4437; x_wconf 83' lang='grc' dir='ltr'>ὲν</span> 
     </span>
    </p>
   </div>
   <div class='ocr_carea' id='block_1_68' title="bbox 449 4475 2031 4548">
    <p class='ocr_par' dir='ltr' id='par_1_68' title="bbox 449 4475 2031 4548">
     <span class='ocr_line' id='line_1_68' title="bbox 449 4475 2031 4548; baseline -0.001 -18"><span class='ocrx_word' id='word_1_510' title='bbox 449 4476 637 4539; x_wconf 76' lang='grc' dir='ltr'>αὐτοῖς</span> <span class='ocrx_word' id='word_1_511' title='bbox 666 4477 880 4548; x_wconf 81' lang='grc' dir='ltr'>ἡμέρας</span> <span class='ocrx_word' id='word_1_512' title='bbox 902 4479 963 4530; x_wconf 90' lang='grc' dir='ltr'><strong>ού</strong></span> <span class='ocrx_word' id='word_1_513' title='bbox 997 4477 1216 4541; x_wconf 84' lang='grc' dir='ltr'>πλείους</span> <span class='ocrx_word' id='word_1_514' title='bbox 1242 4476 1411 4541; x_wconf 79' lang='grc' dir='ltr'>ὀκτὼ,</span> <span class='ocrx_word' id='word_1_515' title='bbox 1442 4477 1475 4548; x_wconf 80' lang='grc' dir='ltr'>ἢ</span> <span class='ocrx_word' id='word_1_516' title='bbox 1499 4475 1654 4542; x_wconf 77' lang='grc' dir='ltr'>δέκα,</span> <span class='ocrx_word' id='word_1_517' title='bbox 1680 4476 1928 4539; x_wconf 86' lang='grc' dir='ltr'>καταϐὰς</span> <span class='ocrx_word' id='word_1_518' title='bbox 1950 4477 2031 4539; x_wconf 87' lang='grc' dir='ltr'><strong>είς</strong></span> 
     </span>
    </p>
   </div>
   <div class='ocr_carea' id='block_1_69' title="bbox 2700 2806 3225 2865">
    <p class='ocr_par' dir='ltr' id='par_1_69' title="bbox 2700 2806 3225 2865">
     <span class='ocr_line' id='line_1_69' title="bbox 2700 2806 3225 2865; baseline -0.008 0"><span class='ocrx_word' id='word_1_519' title='bbox 2700 2806 2932 2865; x_wconf 81' lang='lat' dir='ltr'><strong>CAPUT</strong></span> <span class='ocrx_word' id='word_1_520' title='bbox 2984 2806 3225 2862; x_wconf 73' lang='lat' dir='ltr'><strong>XXXVI.</strong></span> 
     </span>
    </p>
   </div>
   <div class='ocr_carea' id='block_1_70' title="bbox 2138 2897 3724 2971">
    <p class='ocr_par' dir='ltr' id='par_1_70' title="bbox 2138 2897 3724 2971">
     <span class='ocr_line' id='line_1_70' title="bbox 2138 2897 3724 2971; baseline -0.001 -10"><span class='ocrx_word' id='word_1_521' title='bbox 2138 2905 2218 2962; x_wconf 85' lang='lat' dir='ltr'><strong>De</strong></span> <span class='ocrx_word' id='word_1_522' title='bbox 2248 2904 2440 2962; x_wconf 71' lang='lat' dir='ltr'><strong>Felicis</strong></span> <span class='ocrx_word' id='word_1_523' title='bbox 2468 2903 2798 2960; x_wconf 63' lang='lat' dir='ltr'><strong>“crassioris</strong></span> <span class='ocrx_word' id='word_1_524' title='bbox 2821 2912 2871 2957; x_wconf 85' lang='lat' dir='ltr'><strong>et</strong></span> <span class='ocrx_word' id='word_1_525' title='bbox 2900 2897 3049 2957; x_wconf 81' lang='lat' dir='ltr'><strong>Festi</strong></span> <span class='ocrx_word' id='word_1_526' title='bbox 3062 2901 3351 2971; x_wconf 64' lang='lat' dir='ltr'><strong>(unctione,</strong></span> <span class='ocrx_word' id='word_1_527' title='bbox 3371 2913 3422 2963; x_wconf 73' lang='lat' dir='ltr'><strong>et</strong></span> <span class='ocrx_word' id='word_1_528' title='bbox 3459 2901 3523 2959; x_wconf 74' lang='lat' dir='ltr'><strong>de</strong></span> <span class='ocrx_word' id='word_1_529' title='bbox 3562 2902 3724 2960; x_wconf 78' lang='lat' dir='ltr'><strong>Pauli</strong></span> 
     </span>
    </p>
   </div>
   <div class='ocr_carea' id='block_1_71' title="bbox 2421 2994 3435 3070">
    <p class='ocr_par' dir='ltr' id='par_1_71' title="bbox 2421 2994 3435 3070">
     <span class='ocr_line' id='line_1_71' title="bbox 2421 2994 3435 3070; baseline 0.002 -19"><span class='ocrx_word' id='word_1_530' title='bbox 2421 3012 2601 3052; x_wconf 77' lang='lat' dir='ltr'><strong>coram</strong></span> <span class='ocrx_word' id='word_1_531' title='bbox 2630 2996 2743 3064; x_wconf 75' lang='lat' dir='ltr'><strong>ipso</strong></span> <span class='ocrx_word' id='word_1_532' title='bbox 2767 2995 3012 3052; x_wconf 70' lang='lat' dir='ltr'><strong>examine</strong></span> <span class='ocrx_word' id='word_1_533' title='bbox 3037 3005 3088 3050; x_wconf 81' lang='grc' dir='ltr'><strong>ιι</strong></span> <span class='ocrx_word' id='word_1_534' title='bbox 3102 2994 3435 3070; x_wconf 64' lang='lat' dir='ltr'><strong>diutissime.</strong></span> 
     </span>
    </p>
   </div>
   <div class='ocr_carea' id='block_1_72' title="bbox 2208 3185 3727 3256">
    <p class='ocr_par' dir='ltr' id='par_1_72' title="bbox 2208 3185 3727 3256">
     <span class='ocr_line' id='line_1_72' title="bbox 2208 3185 3727 3256; baseline -0.002 -10"><span class='ocrx_word' id='word_1_535' title='bbox 2208 3186 2480 3254; x_wconf 62' lang='lat' dir='ltr'><strong>Mill/,2?</strong></span> <span class='ocrx_word' id='word_1_536' title='bbox 2498 3185 2696 3253; x_wconf 77' lang='lat' dir='ltr'><strong>;XXV,</strong></span> <span class='ocrx_word' id='word_1_537' title='bbox 2716 3186 2873 3243; x_wconf 78' lang='lat' dir='ltr'><strong>l-l3.</strong></span> <span class='ocrx_word' id='word_1_538' title='bbox 2899 3185 3126 3241; x_wconf 88' lang='lat' dir='ltr'><strong>Biennio</strong></span> <span class='ocrx_word' id='word_1_539' title='bbox 3153 3191 3337 3243; x_wconf 86' lang='lat' dir='ltr'><strong>autem</strong></span> <span class='ocrx_word' id='word_1_540' title='bbox 3358 3186 3597 3256; x_wconf 78' lang='lat' dir='ltr'><strong>expleto,</strong></span> <span class='ocrx_word' id='word_1_541' title='bbox 3634 3202 3727 3243; x_wconf 78' lang='lat' dir='ltr'><strong>ac-</strong></span> 
     </span>
    </p>
   </div>
   <div class='ocr_carea' id='block_1_73' title="bbox 2140 3275 3720 3353">
    <p class='ocr_par' dir='ltr' id='par_1_73' title="bbox 2140 3275 3720 3353">
     <span class='ocr_line' id='line_1_73' title="bbox 2140 3275 3720 3353; baseline -0.001 -16"><span class='ocrx_word' id='word_1_542' title='bbox 2140 3282 2289 3353; x_wconf 89' lang='lat' dir='ltr'><strong>cepit</strong></span> <span class='ocrx_word' id='word_1_543' title='bbox 2302 3294 2678 3337; x_wconf 86' lang='lat' dir='ltr'><strong>successorem</strong></span> <span class='ocrx_word' id='word_1_544' title='bbox 2697 3277 2846 3335; x_wconf 79' lang='lat' dir='ltr'><strong>Felix</strong></span> <span class='ocrx_word' id='word_1_545' title='bbox 2864 3277 3110 3333; x_wconf 85' lang='lat' dir='ltr'><strong>Portium</strong></span> <span class='ocrx_word' id='word_1_546' title='bbox 3129 3275 3377 3334; x_wconf 80' lang='lat' dir='ltr'><strong>Festum.</strong></span> <span class='ocrx_word' id='word_1_547' title='bbox 3402 3277 3604 3334; x_wconf 79' lang='lat' dir='ltr'><strong>Vuleus</strong></span> <span class='ocrx_word' id='word_1_548' title='bbox 3621 3293 3720 3335; x_wconf 82' lang='lat' dir='ltr'><strong>au-</strong></span> 
     </span>
    </p>
   </div>
   <div class='ocr_carea' id='block_1_74' title="bbox 2140 3365 3719 3444">
    <p class='ocr_par' dir='ltr' id='par_1_74' title="bbox 2140 3365 3719 3444">
     <span class='ocr_line' id='line_1_74' title="bbox 2140 3365 3719 3444; baseline -0.003 -15"><span class='ocrx_word' id='word_1_549' title='bbox 2140 3381 2249 3429; x_wconf 88' lang='lat' dir='ltr'><strong>tem</strong></span> <span class='ocrx_word' id='word_1_550' title='bbox 2272 3374 2504 3444; x_wconf 81' lang='lat' dir='ltr'><strong>gratiam</strong></span> <span class='ocrx_word' id='word_1_551' title='bbox 2525 3379 2787 3442; x_wconf 60' lang='lat' dir='ltr'><strong>praestare</strong></span> <span class='ocrx_word' id='word_1_552' title='bbox 2813 3368 3022 3425; x_wconf 64' lang='lat' dir='ltr'><strong>ludatis</strong></span> <span class='ocrx_word' id='word_1_553' title='bbox 3051 3365 3225 3434; x_wconf 85' lang='lat' dir='ltr'><strong>Felix,</strong></span> <span class='ocrx_word' id='word_1_554' title='bbox 3248 3369 3468 3438; x_wconf 88' lang='lat' dir='ltr'><strong>reliquit</strong></span> <span class='ocrx_word' id='word_1_555' title='bbox 3490 3369 3719 3425; x_wconf 86' lang='lat' dir='ltr'><strong>Paulum</strong></span> 
     </span>
    </p>
   </div>
   <div class='ocr_carea' id='block_1_75' title="bbox 2142 3455 3721 3533">
    <p class='ocr_par' dir='ltr' id='par_1_75' title="bbox 2142 3455 3721 3533">
     <span class='ocr_line' id='line_1_75' title="bbox 2142 3455 3721 3533; baseline -0.001 -17"><span class='ocrx_word' id='word_1_556' title='bbox 2142 3464 2410 3519; x_wconf 91' lang='lat' dir='ltr'><strong>vinctum.</strong></span> <span class='ocrx_word' id='word_1_557' title='bbox 2451 3460 2650 3518; x_wconf 87' lang='lat' dir='ltr'><strong>Festus</strong></span> <span class='ocrx_word' id='word_1_558' title='bbox 2675 3475 2807 3533; x_wconf 78' lang='lat' dir='ltr'><strong>ergo</strong></span> <span class='ocrx_word' id='word_1_559' title='bbox 2837 3475 2962 3516; x_wconf 90' lang='lat' dir='ltr'><strong>cum</strong></span> <span class='ocrx_word' id='word_1_560' title='bbox 2997 3460 3240 3516; x_wconf 80' lang='lat' dir='ltr'><strong>venisset</strong></span> <span class='ocrx_word' id='word_1_561' title='bbox 3268 3455 3324 3515; x_wconf 91' lang='lat' dir='ltr'><strong>in</strong></span> <span class='ocrx_word' id='word_1_562' title='bbox 3358 3462 3721 3531; x_wconf 86' lang='lat' dir='ltr'><strong>provinciam,</strong></span> 
     </span>
    </p>
   </div>
   <div class='ocr_carea' id='block_1_76' title="bbox 2139 3549 3721 3633">
    <p class='ocr_par' dir='ltr' id='par_1_76' title="bbox 2139 3549 3721 3633">
     <span class='ocr_line' id='line_1_76' title="bbox 2139 3549 3721 3633; baseline 0 -21"><span class='ocrx_word' id='word_1_563' title='bbox 2139 3562 2262 3627; x_wconf 80' lang='lat' dir='ltr'><strong>post</strong></span> <span class='ocrx_word' id='word_1_564' title='bbox 2293 3556 2534 3610; x_wconf 88' lang='lat' dir='ltr'><strong>triduum</strong></span> <span class='ocrx_word' id='word_1_565' title='bbox 2597 3549 2849 3611; x_wconf 84' lang='lat' dir='ltr'><strong>ascendit</strong></span> <span class='ocrx_word' id='word_1_566' title='bbox 2911 3550 3721 3633; x_wconf 74' lang='lat' dir='ltr'><strong>Jerosolymama‘Czesatea.</strong></span> 
     </span>
    </p>
   </div>
   <div class='ocr_carea' id='block_1_77' title="bbox 2136 3644 3714 3719">
    <p class='ocr_par' dir='ltr' id='par_1_77' title="bbox 2136 3644 3714 3719">
     <span class='ocr_line' id='line_1_77' title="bbox 2136 3644 3714 3719; baseline -0.002 -14"><span class='ocrx_word' id='word_1_567' title='bbox 2136 3650 2515 3719; x_wconf 86' lang='lat' dir='ltr'><strong>Adieruntque</strong></span> <span class='ocrx_word' id='word_1_568' title='bbox 2562 3661 2687 3702; x_wconf 90' lang='lat' dir='ltr'><strong>eum</strong></span> <span class='ocrx_word' id='word_1_569' title='bbox 2718 3644 2999 3716; x_wconf 84' lang='lat' dir='ltr'><strong>principes</strong></span> <span class='ocrx_word' id='word_1_570' title='bbox 3045 3644 3394 3701; x_wconf 74' lang='lat' dir='ltr'><strong>Sacerdotum</strong></span> <span class='ocrx_word' id='word_1_571' title='bbox 3444 3654 3501 3701; x_wconf 85' lang='lat' dir='ltr'><strong>et</strong></span> <span class='ocrx_word' id='word_1_572' title='bbox 3551 3648 3714 3717; x_wconf 88' lang='lat' dir='ltr'><strong>primi</strong></span> 
     </span>
    </p>
   </div>
   <div class='ocr_carea' id='block_1_78' title="bbox 2134 3736 3725 3811">
    <p class='ocr_par' dir='ltr' id='par_1_78' title="bbox 2134 3736 3725 3811">
     <span class='ocr_line' id='line_1_78' title="bbox 2134 3736 3725 3811; baseline -0.004 -13"><span class='ocrx_word' id='word_1_573' title='bbox 2134 3740 2450 3798; x_wconf 68' lang='lat' dir='ltr'><strong>Judtcorum</strong></span> <span class='ocrx_word' id='word_1_574' title='bbox 2480 3737 2747 3794; x_wconf 85' lang='lat' dir='ltr'><strong>adversus</strong></span> <span class='ocrx_word' id='word_1_575' title='bbox 2779 3736 3032 3801; x_wconf 87' lang='lat' dir='ltr'><strong>Paulum,</strong></span> <span class='ocrx_word' id='word_1_576' title='bbox 3063 3744 3119 3792; x_wconf 88' lang='lat' dir='ltr'><strong>et</strong></span> <span class='ocrx_word' id='word_1_577' title='bbox 3151 3737 3586 3808; x_wconf 78' lang='lat' dir='ltr'><strong>rogabanteum,</strong></span> <span class='ocrx_word' id='word_1_578' title='bbox 3623 3756 3725 3811; x_wconf 73' lang='grc' dir='ltr'>ρος·</span> 
     </span>
    </p>
   </div>
   <div class='ocr_carea' id='block_1_79' title="bbox 2133 3829 3720 3902">
    <p class='ocr_par' dir='ltr' id='par_1_79' title="bbox 2133 3829 3720 3902">
     <span class='ocr_line' id='line_1_79' title="bbox 2133 3829 3720 3902; baseline 0 -14"><span class='ocrx_word' id='word_1_579' title='bbox 2133 3833 2406 3891; x_wconf 86' lang='lat' dir='ltr'><strong>stulantes</strong></span> <span class='ocrx_word' id='word_1_580' title='bbox 2437 3832 2665 3902; x_wconf 74' lang='lat' dir='ltr'><strong>gratiam</strong></span> <span class='ocrx_word' id='word_1_581' title='bbox 2694 3829 2958 3885; x_wconf 75' lang='lat' dir='ltr'><strong>adverSus</strong></span> <span class='ocrx_word' id='word_1_582' title='bbox 3003 3845 3152 3897; x_wconf 87' lang='lat' dir='ltr'><strong>eum,</strong></span> <span class='ocrx_word' id='word_1_583' title='bbox 3178 3841 3235 3884; x_wconf 91' lang='lat' dir='ltr'><strong>ut</strong></span> <span class='ocrx_word' id='word_1_584' title='bbox 3248 3830 3467 3900; x_wconf 84' lang='lat' dir='ltr'><strong>juberet</strong></span> <span class='ocrx_word' id='word_1_585' title='bbox 3488 3833 3720 3901; x_wconf 87' lang='lat' dir='ltr'><strong>perduci</strong></span> 
     </span>
    </p>
   </div>
   <div class='ocr_carea' id='block_1_80' title="bbox 2133 3920 3723 3992">
    <p class='ocr_par' dir='ltr' id='par_1_80' title="bbox 2133 3920 3723 3992">
     <span class='ocr_line' id='line_1_80' title="bbox 2133 3920 3723 3992; baseline -0.001 -9"><span class='ocrx_word' id='word_1_586' title='bbox 2133 3940 2260 3983; x_wconf 89' lang='lat' dir='ltr'><strong>eum</strong></span> <span class='ocrx_word' id='word_1_587' title='bbox 2292 3926 2347 3980; x_wconf 94' lang='lat' dir='ltr'><strong>in</strong></span> <span class='ocrx_word' id='word_1_588' title='bbox 2370 3922 2699 3992; x_wconf 79' lang='lat' dir='ltr'><strong>Jerusalem,</strong></span> <span class='ocrx_word' id='word_1_589' title='bbox 2732 3920 2964 3978; x_wconf 87' lang='lat' dir='ltr'><strong>insidias</strong></span> <span class='ocrx_word' id='word_1_590' title='bbox 3012 3923 3321 3988; x_wconf 84' lang='lat' dir='ltr'><strong>tendentes,</strong></span> <span class='ocrx_word' id='word_1_591' title='bbox 3353 3936 3413 3978; x_wconf 91' lang='lat' dir='ltr'><strong>ut</strong></span> <span class='ocrx_word' id='word_1_592' title='bbox 3441 3924 3723 3982; x_wconf 77' lang='lat' dir='ltr'><strong>interﬁce-</strong></span> 
     </span>
    </p>
   </div>
   <div class='ocr_carea' id='block_1_81' title="bbox 2131 4006 3720 4082">
    <p class='ocr_par' dir='ltr' id='par_1_81' title="bbox 2131 4006 3720 4082">
     <span class='ocr_line' id='line_1_81' title="bbox 2131 4006 3720 4082; baseline -0.001 -11"><span class='ocrx_word' id='word_1_593' title='bbox 2131 4025 2258 4071; x_wconf 89' lang='lat' dir='ltr'><strong>rent</strong></span> <span class='ocrx_word' id='word_1_594' title='bbox 2307 4029 2434 4071; x_wconf 91' lang='lat' dir='ltr'><strong>eum</strong></span> <span class='ocrx_word' id='word_1_595' title='bbox 2468 4013 2525 4067; x_wconf 90' lang='lat' dir='ltr'><strong>in</strong></span> <span class='ocrx_word' id='word_1_596' title='bbox 2557 4012 2666 4068; x_wconf 87' lang='lat' dir='ltr'><strong>via.</strong></span> <span class='ocrx_word' id='word_1_597' title='bbox 2700 4006 2899 4068; x_wconf 77' lang='lat' dir='ltr'><strong>FeStus</strong></span> <span class='ocrx_word' id='word_1_598' title='bbox 2949 4020 3133 4066; x_wconf 88' lang='lat' dir='ltr'><strong>autem</strong></span> <span class='ocrx_word' id='word_1_599' title='bbox 3170 4012 3454 4082; x_wconf 79' lang='lat' dir='ltr'><strong>respondit</strong></span> <span class='ocrx_word' id='word_1_600' title='bbox 3509 4009 3720 4070; x_wconf 84' lang='lat' dir='ltr'><strong>servari</strong></span> 
     </span>
    </p>
   </div>
   <div class='ocr_carea' id='block_1_82' title="bbox 2131 4102 3720 4176">
    <p class='ocr_par' dir='ltr' id='par_1_82' title="bbox 2131 4102 3720 4176">
     <span class='ocr_line' id='line_1_82' title="bbox 2131 4102 3720 4176; baseline -0.001 -13"><span class='ocrx_word' id='word_1_601' title='bbox 2131 4106 2360 4163; x_wconf 89' lang='lat' dir='ltr'><strong>Paulum</strong></span> <span class='ocrx_word' id='word_1_602' title='bbox 2384 4107 2439 4161; x_wconf 89' lang='lat' dir='ltr'><strong>in</strong></span> <span class='ocrx_word' id='word_1_603' title='bbox 2467 4102 2741 4171; x_wconf 62' lang='lat' dir='ltr'><strong>Caesarea,</strong></span> <span class='ocrx_word' id='word_1_604' title='bbox 2791 4112 2852 4160; x_wconf 84' lang='lat' dir='ltr'><strong>se</strong></span> <span class='ocrx_word' id='word_1_605' title='bbox 2884 4112 3071 4158; x_wconf 87' lang='lat' dir='ltr'><strong>autem</strong></span> <span class='ocrx_word' id='word_1_606' title='bbox 3125 4105 3403 4161; x_wconf 87' lang='lat' dir='ltr'><strong>maturius</strong></span> <span class='ocrx_word' id='word_1_607' title='bbox 3439 4105 3720 4176; x_wconf 54' lang='lat' dir='ltr'><strong>profectu.</strong></span> 
     </span>
    </p>
   </div>
   <div class='ocr_carea' id='block_1_83' title="bbox 2133 4190 3723 4271">
    <p class='ocr_par' dir='ltr' id='par_1_83' title="bbox 2133 4190 3723 4271">
     <span class='ocr_line' id='line_1_83' title="bbox 2133 4190 3723 4271; baseline -0.002 -13"><span class='ocrx_word' id='word_1_608' title='bbox 2133 4218 2281 4259; x_wconf 90' lang='lat' dir='ltr'><strong>rum.</strong></span> <span class='ocrx_word' id='word_1_609' title='bbox 2308 4198 2558 4271; x_wconf 79' lang='lat' dir='ltr'><strong>Quiel‘go</strong></span> <span class='ocrx_word' id='word_1_610' title='bbox 2588 4199 2643 4253; x_wconf 90' lang='lat' dir='ltr'><strong>in</strong></span> <span class='ocrx_word' id='word_1_611' title='bbox 2668 4198 2823 4254; x_wconf 82' lang='lat' dir='ltr'><strong>vobis</strong></span> <span class='ocrx_word' id='word_1_612' title='bbox 2859 4190 2982 4269; x_wconf 81' lang='lat' dir='ltr'><strong>(ait)</strong></span> <span class='ocrx_word' id='word_1_613' title='bbox 3016 4205 3269 4268; x_wconf 86' lang='lat' dir='ltr'><strong>potentes</strong></span> <span class='ocrx_word' id='word_1_614' title='bbox 3305 4202 3459 4265; x_wconf 87' lang='lat' dir='ltr'><strong>sunt,</strong></span> <span class='ocrx_word' id='word_1_615' title='bbox 3485 4198 3723 4256; x_wconf 87' lang='lat' dir='ltr'><strong>descen-</strong></span> 
     </span>
    </p>
   </div>
   <div class='ocr_carea' id='block_1_84' title="bbox 2131 4288 3722 4362">
    <p class='ocr_par' dir='ltr' id='par_1_84' title="bbox 2131 4288 3722 4362">
     <span class='ocr_line' id='line_1_84' title="bbox 2131 4288 3722 4362; baseline -0.004 -11"><span class='ocrx_word' id='word_1_616' title='bbox 2131 4298 2325 4353; x_wconf 85' lang='lat' dir='ltr'><strong>dentes</strong></span> <span class='ocrx_word' id='word_1_617' title='bbox 2342 4293 2528 4357; x_wconf 90' lang='lat' dir='ltr'><strong>simul,</strong></span> <span class='ocrx_word' id='word_1_618' title='bbox 2553 4291 2770 4362; x_wconf 89' lang='lat' dir='ltr'><strong>siquod</strong></span> <span class='ocrx_word' id='word_1_619' title='bbox 2828 4297 2914 4345; x_wconf 87' lang='lat' dir='ltr'><strong>est</strong></span> <span class='ocrx_word' id='word_1_620' title='bbox 2955 4288 3011 4342; x_wconf 90' lang='lat' dir='ltr'><strong>in</strong></span> <span class='ocrx_word' id='word_1_621' title='bbox 3043 4289 3162 4345; x_wconf 93' lang='lat' dir='ltr'><strong>viro</strong></span> <span class='ocrx_word' id='word_1_622' title='bbox 3186 4289 3417 4357; x_wconf 87' lang='lat' dir='ltr'><strong>crimen,</strong></span> <span class='ocrx_word' id='word_1_623' title='bbox 3456 4302 3722 4347; x_wconf 77' lang='lat' dir='ltr'><strong>accusent</strong></span> 
     </span>
    </p>
   </div>
   <div class='ocr_carea' id='block_1_85' title="bbox 2131 4377 3722 4452">
    <p class='ocr_par' dir='ltr' id='par_1_85' title="bbox 2131 4377 3722 4452">
     <span class='ocr_line' id='line_1_85' title="bbox 2131 4377 3722 4452; baseline -0.003 -12"><span class='ocrx_word' id='word_1_624' title='bbox 2131 4400 2277 4441; x_wconf 87' lang='lat' dir='ltr'><strong>eum.</strong></span> <span class='ocrx_word' id='word_1_625' title='bbox 2302 4383 2628 4439; x_wconf 80' lang='lat' dir='ltr'><strong>Demorntus</strong></span> <span class='ocrx_word' id='word_1_626' title='bbox 2648 4392 2825 4435; x_wconf 86' lang='lat' dir='ltr'><strong>autem</strong></span> <span class='ocrx_word' id='word_1_627' title='bbox 2857 4377 3020 4452; x_wconf 64' lang='grc'><strong>304</strong></span> <span class='ocrx_word' id='word_1_628' title='bbox 3041 4380 3185 4435; x_wconf 90' lang='lat' dir='ltr'><strong>inter</strong></span> <span class='ocrx_word' id='word_1_629' title='bbox 3202 4394 3299 4436; x_wconf 90' lang='lat' dir='ltr'><strong>eos</strong></span> <span class='ocrx_word' id='word_1_630' title='bbox 3325 4380 3442 4436; x_wconf 88' lang='lat' dir='ltr'><strong>dies</strong></span> <span class='ocrx_word' id='word_1_631' title='bbox 3466 4395 3576 4437; x_wconf 89' lang='lat' dir='ltr'><strong>non</strong></span> <span class='ocrx_word' id='word_1_632' title='bbox 3601 4396 3722 4435; x_wconf 61' lang='lat' dir='ltr'><strong>ama</strong></span> 
     </span>
    </p>
   </div>
   <div class='ocr_carea' id='block_1_86' title="bbox 2134 4470 3718 4547">
    <p class='ocr_par' dir='ltr' id='par_1_86' title="bbox 2134 4470 3718 4547">
     <span class='ocr_line' id='line_1_86' title="bbox 2134 4470 3718 4547; baseline -0.004 -16"><span class='ocrx_word' id='word_1_633' title='bbox 2134 4476 2278 4547; x_wconf 89' lang='lat' dir='ltr'><strong>plius</strong></span> <span class='ocrx_word' id='word_1_634' title='bbox 2303 4490 2468 4546; x_wconf 89' lang='lat' dir='ltr'><strong>quam</strong></span> <span class='ocrx_word' id='word_1_635' title='bbox 2513 4482 2640 4528; x_wconf 88' lang='lat' dir='ltr'><strong>octo</strong></span> <span class='ocrx_word' id='word_1_636' title='bbox 2672 4481 2765 4526; x_wconf 90' lang='lat' dir='ltr'><strong>aut</strong></span> <span class='ocrx_word' id='word_1_637' title='bbox 2800 4471 3012 4534; x_wconf 82' lang='lat' dir='ltr'><strong>decem,</strong></span> <span class='ocrx_word' id='word_1_638' title='bbox 3062 4471 3347 4527; x_wconf 88' lang='lat' dir='ltr'><strong>descendit</strong></span> <span class='ocrx_word' id='word_1_639' title='bbox 3387 4470 3718 4533; x_wconf 70' lang='lat' dir='ltr'><strong>Cresaream,</strong></span> 
     </span>
    </p>
   </div>
   <div class='ocr_carea' id='block_1_87' title="bbox 453 4562 2033 4646">
    <p class='ocr_par' dir='ltr' id='par_1_87' title="bbox 453 4566 2024 4641">
     <span class='ocr_line' id='line_1_87' title="bbox 453 4566 2024 4641; baseline -0.001 -19"><span class='ocrx_word' id='word_1_640' title='bbox 453 4569 813 4640; x_wconf 78' lang='grc' dir='ltr'>Καισάρειαν,</span> <span class='ocrx_word' id='word_1_641' title='bbox 846 4570 914 4640; x_wconf 81' lang='grc' dir='ltr'><strong>τῇ</strong></span> <span class='ocrx_word' id='word_1_642' title='bbox 946 4569 1213 4641; x_wconf 78' lang='grc' dir='ltr'>ἐπαύριον</span> <span class='ocrx_word' id='word_1_643' title='bbox 1250 4567 1485 4631; x_wconf 86' lang='grc' dir='ltr'>καθίσας</span> <span class='ocrx_word' id='word_1_644' title='bbox 1512 4568 1608 4622; x_wconf 78' lang='grc' dir='ltr'><strong>ἐπὶ</strong></span> <span class='ocrx_word' id='word_1_645' title='bbox 1633 4567 1728 4620; x_wconf 87' lang='grc' dir='ltr'><strong>τοῦ</strong></span> <span class='ocrx_word' id='word_1_646' title='bbox 1760 4566 2024 4639; x_wconf 85' lang='grc' dir='ltr'>βήματος,</span> 
     </span>
    </p>
   </div>
   <div class='ocr_carea' id='block_1_88' title="bbox 2136 4562 3717 4646">
    <p class='ocr_par' dir='ltr' id='par_1_88' title="bbox 2136 4562 3717 4635">
     <span class='ocr_line' id='line_1_88' title="bbox 2136 4562 3717 4635; baseline -0.004 -10"><span class='ocrx_word' id='word_1_647' title='bbox 2136 4582 2186 4625; x_wconf 89' lang='lat' dir='ltr'><strong>et</strong></span> <span class='ocrx_word' id='word_1_648' title='bbox 2219 4570 2389 4624; x_wconf 86' lang='lat' dir='ltr'><strong>altera</strong></span> <span class='ocrx_word' id='word_1_649' title='bbox 2436 4567 2526 4623; x_wconf 92' lang='lat' dir='ltr'><strong>die</strong></span> <span class='ocrx_word' id='word_1_650' title='bbox 2555 4567 2697 4622; x_wconf 78' lang='lat' dir='ltr'><strong>sedit</strong></span> <span class='ocrx_word' id='word_1_651' title='bbox 2723 4579 2822 4635; x_wconf 91' lang='lat' dir='ltr'><strong>pro</strong></span> <span class='ocrx_word' id='word_1_652' title='bbox 2849 4562 3128 4627; x_wconf 86' lang='lat' dir='ltr'><strong>tribunali,</strong></span> <span class='ocrx_word' id='word_1_653' title='bbox 3182 4570 3239 4618; x_wconf 91' lang='lat' dir='ltr'><strong>et</strong></span> <span class='ocrx_word' id='word_1_654' title='bbox 3288 4563 3455 4634; x_wconf 84' lang='lat' dir='ltr'><strong>jussit</strong></span> <span class='ocrx_word' id='word_1_655' title='bbox 3485 4562 3717 4619; x_wconf 83' lang='lat' dir='ltr'><strong>Paulum</strong></span> 
     </span>
    </p>
   </div>
   <div class='ocr_carea' id='block_1_89' title="bbox 448 4653 2033 4733">
    <p class='ocr_par' dir='ltr' id='par_1_89' title="bbox 448 4660 2026 4733">
     <span class='ocr_line' id='line_1_89' title="bbox 448 4660 2026 4733; baseline 0.001 -21"><span class='ocrx_word' id='word_1_656' title='bbox 448 4661 703 4714; x_wconf 77' lang='grc' dir='ltr'>ἐκέλευσε</span> <span class='ocrx_word' id='word_1_657' title='bbox 751 4661 843 4714; x_wconf 79' lang='grc' dir='ltr'>τὸν</span> <span class='ocrx_word' id='word_1_658' title='bbox 892 4661 1105 4714; x_wconf 84' lang='grc' dir='ltr'>Παῦλον</span> <span class='ocrx_word' id='word_1_659' title='bbox 1149 4660 1400 4731; x_wconf 87' lang='grc' dir='ltr'>ἀχθῆναι.</span> <span class='ocrx_word' id='word_1_660' title='bbox 1461 4661 1916 4733; x_wconf 81' lang='grc' dir='ltr'>Παραγενομένου</span> <span class='ocrx_word' id='word_1_661' title='bbox 1966 4660 2026 4713; x_wconf 72' lang='grc' dir='ltr'>δὲ</span> 
     </span>
    </p>
   </div>
   <div class='ocr_carea' id='block_1_90' title="bbox 2136 4653 3719 4733">
    <p class='ocr_par' dir='ltr' id='par_1_90' title="bbox 2136 4653 3719 4728">
     <span class='ocr_line' id='line_1_90' title="bbox 2136 4653 3719 4728; baseline -0.007 -11"><span class='ocrx_word' id='word_1_662' title='bbox 2136 4661 2352 4717; x_wconf 83' lang='lat' dir='ltr'><strong>adduci.</strong></span> <span class='ocrx_word' id='word_1_663' title='bbox 2383 4658 2508 4728; x_wconf 84' lang='lat' dir='ltr'><strong>Qui,</strong></span> <span class='ocrx_word' id='word_1_664' title='bbox 2535 4671 2659 4713; x_wconf 90' lang='lat' dir='ltr'><strong>cum</strong></span> <span class='ocrx_word' id='word_1_665' title='bbox 2690 4655 2987 4726; x_wconf 81' lang='lat' dir='ltr'><strong>perductus</strong></span> <span class='ocrx_word' id='word_1_666' title='bbox 3007 4661 3176 4715; x_wconf 86' lang='lat' dir='ltr'><strong>esset,</strong></span> <span class='ocrx_word' id='word_1_667' title='bbox 3223 4653 3719 4710; x_wconf 85' lang='lat' dir='ltr'><strong>circumsteterunt</strong></span> 
     </span>
    </p>
   </div>
   <div class='ocr_carea' id='block_1_91' title="bbox 449 4745 2033 4827">
    <p class='ocr_par' dir='ltr' id='par_1_91' title="bbox 449 4751 2027 4827">
     <span class='ocr_line' id='line_1_91' title="bbox 449 4751 2027 4827; baseline 0 -21"><span class='ocrx_word' id='word_1_668' title='bbox 449 4752 636 4819; x_wconf 83' lang='grc' dir='ltr'>αὐτοῦ,</span> <span class='ocrx_word' id='word_1_669' title='bbox 679 4753 1051 4823; x_wconf 83' lang='grc' dir='ltr'>περιέστησαν</span> <span class='ocrx_word' id='word_1_670' title='bbox 1101 4751 1300 4827; x_wconf 79' lang='grc' dir='ltr'>[αὐτῷ]</span> <span class='ocrx_word' id='word_1_671' title='bbox 1359 4754 1410 4807; x_wconf 86' lang='grc' dir='ltr'>οἱ</span> <span class='ocrx_word' id='word_1_672' title='bbox 1462 4753 1572 4807; x_wconf 81' lang='grc' dir='ltr'>ἀπὸ</span> <span class='ocrx_word' id='word_1_673' title='bbox 1638 4752 2027 4823; x_wconf 84' lang='grc' dir='ltr'>Ἰεροσολύμων</span> 
     </span>
    </p>
   </div>
   <div class='ocr_carea' id='block_1_92' title="bbox 2136 4745 3713 4827">
    <p class='ocr_par' dir='ltr' id='par_1_92' title="bbox 2136 4745 3713 4826">
     <span class='ocr_line' id='line_1_92' title="bbox 2136 4745 3713 4826; baseline -0.006 -15"><span class='ocrx_word' id='word_1_674' title='bbox 2136 4772 2278 4820; x_wconf 88' lang='lat' dir='ltr'><strong>eum,</strong></span> <span class='ocrx_word' id='word_1_675' title='bbox 2301 4756 2392 4826; x_wconf 86' lang='lat' dir='ltr'><strong>qui</strong></span> <span class='ocrx_word' id='word_1_676' title='bbox 2424 4754 2492 4808; x_wconf 89' lang='lat' dir='ltr'><strong>ab</strong></span> <span class='ocrx_word' id='word_1_677' title='bbox 2519 4749 2855 4822; x_wconf 81' lang='lat' dir='ltr'><strong>Jerolosyma</strong></span> <span class='ocrx_word' id='word_1_678' title='bbox 2873 4746 3270 4802; x_wconf 84' lang='lat' dir='ltr'><strong>descenderant</strong></span> <span class='ocrx_word' id='word_1_679' title='bbox 3286 4745 3483 4810; x_wconf 73' lang='lat' dir='ltr'><strong>Judaei,</strong></span> <span class='ocrx_word' id='word_1_680' title='bbox 3513 4747 3713 4801; x_wconf 86' lang='lat' dir='ltr'><strong>multas</strong></span> 
     </span>
    </p>
   </div>
   <div class='ocr_carea' id='block_1_93' title="bbox 451 4840 2029 4916">
    <p class='ocr_par' dir='ltr' id='par_1_93' title="bbox 451 4840 2029 4916">
     <span class='ocr_line' id='line_1_93' title="bbox 451 4840 2029 4916; baseline 0.001 -18"><span class='ocrx_word' id='word_1_681' title='bbox 451 4840 788 4908; x_wconf 85' lang='grc' dir='ltr'>καταϐάντες</span> <span class='ocrx_word' id='word_1_682' title='bbox 826 4846 1094 4909; x_wconf 82' lang='grc' dir='ltr'>Ἰουδαῖοι,</span> <span class='ocrx_word' id='word_1_683' title='bbox 1127 4844 1301 4899; x_wconf 88' lang='grc' dir='ltr'>πολλά</span> <span class='ocrx_word' id='word_1_684' title='bbox 1343 4846 1440 4898; x_wconf 75' lang='grc' dir='ltr'>καὶ</span> <span class='ocrx_word' id='word_1_685' title='bbox 1501 4845 1673 4916; x_wconf 83' lang='grc' dir='ltr'>βαρέα</span> <span class='ocrx_word' id='word_1_686' title='bbox 1727 4846 2029 4913; x_wconf 81' lang='grc' dir='ltr'>αἰτιάματα</span> 
     </span>
    </p>
   </div>
   <div class='ocr_carea' id='block_1_94' title="bbox 452 4936 2025 5008">
    <p class='ocr_par' dir='ltr' id='par_1_94' title="bbox 452 4936 2025 5008">
     <span class='ocr_line' id='line_1_94' title="bbox 452 4936 2025 5008; baseline 0 -18"><span class='ocrx_word' id='word_1_687' title='bbox 452 4937 710 5008; x_wconf 76' lang='grc' dir='ltr'>φέροντες</span> <span class='ocrx_word' id='word_1_688' title='bbox 736 4938 878 4991; x_wconf 85' lang='grc' dir='ltr'><strong>κατά</strong></span> <span class='ocrx_word' id='word_1_689' title='bbox 897 4937 992 4992; x_wconf 89' lang='grc' dir='ltr'><strong>τοῦ</strong></span> <span class='ocrx_word' id='word_1_690' title='bbox 1020 4937 1260 5001; x_wconf 90' lang='grc' dir='ltr'>Παύλου,</span> <span class='ocrx_word' id='word_1_691' title='bbox 1297 4936 1333 4992; x_wconf 77' lang='grc' dir='ltr'><strong>ἃ</strong></span> <span class='ocrx_word' id='word_1_692' title='bbox 1364 4938 1466 4991; x_wconf 83' lang='grc' dir='ltr'>οὐκ</span> <span class='ocrx_word' id='word_1_693' title='bbox 1499 4938 1688 5008; x_wconf 74' lang='grc' dir='ltr'>ἴσχυον</span> <span class='ocrx_word' id='word_1_694' title='bbox 1716 4937 2025 5002; x_wconf 83' lang='grc' dir='ltr'>ἀποδεῖξαι·</span> 
     </span>
    </p>
   </div>
   <div class='ocr_carea' id='block_1_95' title="bbox 450 5027 2030 5101">
    <p class='ocr_par' dir='ltr' id='par_1_95' title="bbox 450 5027 2030 5101">
     <span class='ocr_line' id='line_1_95' title="bbox 450 5027 2030 5101; baseline -0.001 -19"><span class='ocrx_word' id='word_1_695' title='bbox 450 5031 545 5083; x_wconf 89' lang='grc' dir='ltr'><strong>τοῦ</strong></span> <span class='ocrx_word' id='word_1_696' title='bbox 574 5030 790 5084; x_wconf 85' lang='grc' dir='ltr'>Παύλου</span> <span class='ocrx_word' id='word_1_697' title='bbox 820 5030 1287 5101; x_wconf 82' lang='grc' dir='ltr'>ἀπολογουμένου,</span> <span class='ocrx_word' id='word_1_698' title='bbox 1316 5030 1399 5082; x_wconf 84' lang='grc' dir='ltr'>ὅτι</span> <span class='ocrx_word' id='word_1_699' title='bbox 1447 5027 1585 5083; x_wconf 77' lang='grc' dir='ltr'>Οὔτε</span> <span class='ocrx_word' id='word_1_700' title='bbox 1620 5030 1702 5092; x_wconf 79' lang='grc' dir='ltr'><strong>εἰς</strong></span> <span class='ocrx_word' id='word_1_701' title='bbox 1748 5028 1840 5082; x_wconf 79' lang='grc' dir='ltr'><strong>τὸν</strong></span> <span class='ocrx_word' id='word_1_702' title='bbox 1866 5030 2030 5100; x_wconf 86' lang='grc' dir='ltr'>νόμον</span> 
     </span>
    </p>
   </div>
   <div class='ocr_carea' id='block_1_96' title="bbox 452 5120 2033 5194">
    <p class='ocr_par' dir='ltr' id='par_1_96' title="bbox 452 5120 2033 5194">
     <span class='ocr_line' id='line_1_96' title="bbox 452 5120 2033 5194; baseline -0.001 -18"><span class='ocrx_word' id='word_1_703' title='bbox 452 5125 559 5177; x_wconf 82' lang='grc' dir='ltr'><strong>τῶν</strong></span> <span class='ocrx_word' id='word_1_704' title='bbox 593 5124 889 5187; x_wconf 86' lang='grc' dir='ltr'>Ἰουδαίων,</span> <span class='ocrx_word' id='word_1_705' title='bbox 910 5122 1033 5177; x_wconf 72' lang='grc' dir='ltr'>οὔτε</span> <span class='ocrx_word' id='word_1_706' title='bbox 1063 5125 1144 5186; x_wconf 81' lang='grc' dir='ltr'><strong>είς</strong></span> <span class='ocrx_word' id='word_1_707' title='bbox 1183 5123 1246 5176; x_wconf 85' lang='grc' dir='ltr'><strong>τδ</strong></span> <span class='ocrx_word' id='word_1_708' title='bbox 1276 5122 1442 5194; x_wconf 76' lang='grc' dir='ltr'>ἱερὸν,</span> <span class='ocrx_word' id='word_1_709' title='bbox 1468 5120 1591 5175; x_wconf 79' lang='grc' dir='ltr'>οὔτε</span> <span class='ocrx_word' id='word_1_710' title='bbox 1645 5124 1726 5185; x_wconf 86' lang='grc' dir='ltr'><strong>είς</strong></span> <span class='ocrx_word' id='word_1_711' title='bbox 1776 5122 2033 5192; x_wconf 79' lang='grc' dir='ltr'>Καίσαρά</span> 
     </span>
    </p>
   </div>
   <div class='ocr_carea' id='block_1_97' title="bbox 452 5214 2033 5290">
    <p class='ocr_par' dir='ltr' id='par_1_97' title="bbox 452 5214 2033 5290">
     <span class='ocr_line' id='line_1_97' title="bbox 452 5214 2033 5290; baseline -0.004 -19"><span class='ocrx_word' id='word_1_712' title='bbox 452 5235 504 5271; x_wconf 88' lang='grc' dir='ltr'><strong>τι</strong></span> <span class='ocrx_word' id='word_1_713' title='bbox 533 5219 807 5290; x_wconf 78' lang='grc' dir='ltr'>ἥμαρτον.</span> <span class='ocrx_word' id='word_1_714' title='bbox 834 5218 1046 5285; x_wconf 78' lang='grc' dir='ltr'>Φῆστος</span> <span class='ocrx_word' id='word_1_715' title='bbox 1071 5216 1151 5280; x_wconf 73' lang='grc' dir='ltr'>δὲ,</span> <span class='ocrx_word' id='word_1_716' title='bbox 1186 5216 1358 5269; x_wconf 81' lang='grc' dir='ltr'>θέλων</span> <span class='ocrx_word' id='word_1_717' title='bbox 1410 5217 1524 5278; x_wconf 88' lang='grc' dir='ltr'>τοῖς</span> <span class='ocrx_word' id='word_1_718' title='bbox 1565 5214 1841 5279; x_wconf 88' lang='grc' dir='ltr'>Ἰουδαίοις</span> <span class='ocrx_word' id='word_1_719' title='bbox 1872 5215 2033 5286; x_wconf 82' lang='grc' dir='ltr'>χάριν</span> 
     </span>
    </p>
   </div>
   <div class='ocr_carea' id='block_1_98' title="bbox 463 5303 2033 5379">
    <p class='ocr_par' dir='ltr' id='par_1_98' title="bbox 463 5303 2033 5379">
     <span class='ocr_line' id='line_1_98' title="bbox 463 5303 2033 5379; baseline -0.001 -17"><span class='ocrx_word' id='word_1_720' title='bbox 463 5311 805 5376; x_wconf 76' lang='grc' dir='ltr'>ιαταθὲσθαι,</span> <span class='ocrx_word' id='word_1_721' title='bbox 842 5309 1168 5379; x_wconf 79' lang='grc' dir='ltr'>ἀποκριθεὶς</span> <span class='ocrx_word' id='word_1_722' title='bbox 1194 5308 1272 5378; x_wconf 84' lang='grc' dir='ltr'>τῷ</span> <span class='ocrx_word' id='word_1_723' title='bbox 1302 5307 1521 5379; x_wconf 85' lang='grc' dir='ltr'>Παύλῳ,</span> <span class='ocrx_word' id='word_1_724' title='bbox 1555 5303 1707 5361; x_wconf 76' lang='grc' dir='ltr'>εἴπεο</span> <span class='ocrx_word' id='word_1_725' title='bbox 1738 5307 1924 5371; x_wconf 76' lang='grc' dir='ltr'>Θέλεις</span> <span class='ocrx_word' id='word_1_726' title='bbox 1953 5309 2033 5369; x_wconf 88' lang='grc' dir='ltr'><strong>είς</strong></span> 
     </span>
    </p>
   </div>
   <div class='ocr_carea' id='block_1_99' title="bbox 463 5396 2032 5472">
    <p class='ocr_par' dir='ltr' id='par_1_99' title="bbox 463 5396 2032 5472">
     <span class='ocr_line' id='line_1_99' title="bbox 463 5396 2032 5472; baseline -0.004 -18"><span class='ocrx_word' id='word_1_727' title='bbox 463 5400 813 5472; x_wconf 80' lang='grc' dir='ltr'>Ἰεροσόλυμα</span> <span class='ocrx_word' id='word_1_728' title='bbox 846 5400 1074 5464; x_wconf 82' lang='grc' dir='ltr'>ἀναϐὰς,</span> <span class='ocrx_word' id='word_1_729' title='bbox 1110 5400 1231 5451; x_wconf 73' lang='grc' dir='ltr'>ἐκεῖ</span> <span class='ocrx_word' id='word_1_730' title='bbox 1274 5398 1405 5470; x_wconf 79' lang='grc' dir='ltr'>περὶ</span> <span class='ocrx_word' id='word_1_731' title='bbox 1435 5397 1639 5451; x_wconf 85' lang='grc' dir='ltr'>τούτων</span> <span class='ocrx_word' id='word_1_732' title='bbox 1662 5396 1919 5465; x_wconf 78' lang='grc' dir='ltr'>κριθῆναι</span> <span class='ocrx_word' id='word_1_733' title='bbox 1947 5397 2032 5448; x_wconf 80' lang='grc' dir='ltr'><strong>ἐπ’</strong></span> 
     </span>
    </p>
   </div>
   <div class='ocr_carea' id='block_1_100' title="bbox 452 5489 2034 5566">
    <p class='ocr_par' dir='ltr' id='par_1_100' title="bbox 452 5489 2034 5566">
     <span class='ocr_line' id='line_1_100' title="bbox 452 5489 2034 5566; baseline -0.004 -18"><span class='ocrx_word' id='word_1_734' title='bbox 452 5495 619 5566; x_wconf 86' lang='grc' dir='ltr'>εμοῦ;</span> <span class='ocrx_word' id='word_1_735' title='bbox 655 5490 790 5547; x_wconf 65' lang='lat' dir='ltr'><strong>Eius</strong></span> <span class='ocrx_word' id='word_1_736' title='bbox 816 5494 874 5546; x_wconf 84' lang='grc' dir='ltr'>δὲ</span> <span class='ocrx_word' id='word_1_737' title='bbox 900 5496 928 5546; x_wconf 85' lang='grc' dir='ltr'>ὁ</span> <span class='ocrx_word' id='word_1_738' title='bbox 952 5493 1200 5555; x_wconf 72' lang='grc' dir='ltr'>Παῦλος*</span> <span class='ocrx_word' id='word_1_739' title='bbox 1253 5490 1379 5544; x_wconf 77' lang='grc' dir='ltr'>Ἐπὶ</span> <span class='ocrx_word' id='word_1_740' title='bbox 1414 5489 1508 5543; x_wconf 86' lang='grc' dir='ltr'><strong>τοῦ</strong></span> <span class='ocrx_word' id='word_1_741' title='bbox 1541 5489 1784 5560; x_wconf 85' lang='grc' dir='ltr'>βήματος</span> <span class='ocrx_word' id='word_1_742' title='bbox 1824 5491 2034 5543; x_wconf 83' lang='grc' dir='ltr'>Καίσα-</span> 
     </span>
    </p>
   </div>
   <div class='ocr_carea' id='block_1_101' title="bbox 455 5578 2036 5659">
    <p class='ocr_par' dir='ltr' id='par_1_101' title="bbox 455 5578 2036 5659">
     <span class='ocr_line' id='line_1_101' title="bbox 455 5578 2036 5659; baseline -0.004 -17"><span class='ocrx_word' id='word_1_743' title='bbox 455 5605 548 5659; x_wconf 89' lang='grc' dir='ltr'><strong>ρος</strong></span> <span class='ocrx_word' id='word_1_744' title='bbox 601 5587 775 5652; x_wconf 83' lang='grc' dir='ltr'>ἑστώς</span> <span class='ocrx_word' id='word_1_745' title='bbox 813 5588 952 5657; x_wconf 89' lang='grc' dir='ltr'>είμι,</span> <span class='ocrx_word' id='word_1_746' title='bbox 990 5578 1052 5639; x_wconf 78' lang='grc' dir='ltr'><strong>οὗ</strong></span> <span class='ocrx_word' id='word_1_747' title='bbox 1123 5602 1191 5656; x_wconf 85' lang='grc' dir='ltr'><strong>με</strong></span> <span class='ocrx_word' id='word_1_748' title='bbox 1233 5584 1318 5638; x_wconf 88' lang='grc' dir='ltr'><strong>δεῖ</strong></span> <span class='ocrx_word' id='word_1_749' title='bbox 1362 5584 1648 5655; x_wconf 86' lang='grc' dir='ltr'>κρίνεσθαι</span> <span class='ocrx_word' id='word_1_750' title='bbox 1674 5600 1688 5614; x_wconf 90' lang='grc'><strong>·</strong></span> <span class='ocrx_word' id='word_1_751' title='bbox 1748 5583 2036 5647; x_wconf 82' lang='grc' dir='ltr'>Ἰουδαίους</span> 
     </span>
    </p>
   </div>
   <div class='ocr_carea' id='block_1_102' title="bbox 454 5674 2031 5751">
    <p class='ocr_par' dir='ltr' id='par_1_102' title="bbox 454 5674 2031 5751">
     <span class='ocr_line' id='line_1_102' title="bbox 454 5674 2031 5751; baseline -0.004 -17"><span class='ocrx_word' id='word_1_752' title='bbox 454 5680 609 5734; x_wconf 73' lang='grc' dir='ltr'>οὐδὲν</span> <span class='ocrx_word' id='word_1_753' title='bbox 667 5680 932 5751; x_wconf 71' lang='grc' dir='ltr'>ἠδίκησα,</span> <span class='ocrx_word' id='word_1_754' title='bbox 975 5678 1052 5743; x_wconf 83' lang='grc' dir='ltr'>ὡς</span> <span class='ocrx_word' id='word_1_755' title='bbox 1106 5677 1203 5731; x_wconf 76' lang='grc' dir='ltr'>καὶ</span> <span class='ocrx_word' id='word_1_756' title='bbox 1251 5677 1318 5730; x_wconf 79' lang='grc' dir='ltr'>σὺ</span> <span class='ocrx_word' id='word_1_757' title='bbox 1368 5675 1586 5729; x_wconf 85' lang='grc' dir='ltr'>κάλλιον</span> <span class='ocrx_word' id='word_1_758' title='bbox 1625 5674 2031 5744; x_wconf 78' lang='grc' dir='ltr'>ἐπιγινώσκεις.</span> 
     </span>
    </p>
   </div>
   <div class='ocr_carea' id='block_1_103' title="bbox 458 5767 2033 5844">
    <p class='ocr_par' dir='ltr' id='par_1_103' title="bbox 458 5767 2033 5844">
     <span class='ocr_line' id='line_1_103' title="bbox 458 5767 2033 5844; baseline -0.004 -18"><span class='ocrx_word' id='word_1_759' title='bbox 458 5773 521 5827; x_wconf 80' lang='lat' dir='ltr'><strong>Et</strong></span> <span class='ocrx_word' id='word_1_760' title='bbox 548 5773 647 5844; x_wconf 79' lang='grc' dir='ltr'>μὲν</span> <span class='ocrx_word' id='word_1_761' title='bbox 672 5770 765 5827; x_wconf 86' lang='grc' dir='ltr'><strong>οῦν</strong></span> <span class='ocrx_word' id='word_1_762' title='bbox 785 5771 958 5826; x_wconf 86' lang='grc' dir='ltr'>ἀδικῶ</span> <span class='ocrx_word' id='word_1_763' title='bbox 995 5772 1094 5825; x_wconf 73' lang='grc' dir='ltr'>καὶ</span> <span class='ocrx_word' id='word_1_764' title='bbox 1121 5770 1273 5832; x_wconf 79' lang='grc' dir='ltr'>ἀξιον</span> <span class='ocrx_word' id='word_1_765' title='bbox 1310 5768 1542 5822; x_wconf 87' lang='grc' dir='ltr'>θανάτου</span> <span class='ocrx_word' id='word_1_766' title='bbox 1579 5767 1842 5837; x_wconf 83' lang='grc' dir='ltr'>πέπραχά</span> <span class='ocrx_word' id='word_1_767' title='bbox 1869 5785 1944 5830; x_wconf 87' lang='grc' dir='ltr'><strong>τι,</strong></span> <span class='ocrx_word' id='word_1_768' title='bbox 1972 5767 2033 5820; x_wconf 84' lang='grc' dir='ltr'><strong>ού</strong></span> 
     </span>
    </p>
   </div>
   <div class='ocr_carea' id='block_1_104' title="bbox 457 5853 2035 5941">
    <p class='ocr_par' dir='ltr' id='par_1_104' title="bbox 457 5853 2035 5941">
     <span class='ocr_line' id='line_1_104' title="bbox 457 5853 2035 5941; baseline -0.007 -18"><span class='ocrx_word' id='word_1_769' title='bbox 457 5869 832 5941; x_wconf 81' lang='grc' dir='ltr'>παραιτοῦμαι</span> <span class='ocrx_word' id='word_1_770' title='bbox 859 5866 953 5922; x_wconf 88' lang='grc' dir='ltr'><strong>τοῦ</strong></span> <span class='ocrx_word' id='word_1_771' title='bbox 977 5866 1268 5921; x_wconf 83' lang='grc' dir='ltr'>ἀποθανεῖν</span> <span class='ocrx_word' id='word_1_772' title='bbox 1290 5880 1304 5895; x_wconf 76' lang='grc' dir='ltr'><strong><em>ο</em></strong></span> <span class='ocrx_word' id='word_1_773' title='bbox 1334 5866 1382 5917; x_wconf 84' lang='grc' dir='ltr'>εἰ</span> <span class='ocrx_word' id='word_1_774' title='bbox 1398 5862 1453 5916; x_wconf 74' lang='grc' dir='ltr'>δὲ</span> <span class='ocrx_word' id='word_1_775' title='bbox 1475 5861 1626 5918; x_wconf 83' lang='grc' dir='ltr'>οὐδέν</span> <span class='ocrx_word' id='word_1_776' title='bbox 1646 5863 1815 5932; x_wconf 79' lang='grc' dir='ltr'>ἐστιν,</span> <span class='ocrx_word' id='word_1_777' title='bbox 1837 5854 1911 5917; x_wconf 81' lang='grc' dir='ltr'><strong>ὧν</strong></span> <span class='ocrx_word' id='word_1_778' title='bbox 1942 5853 2035 5914; x_wconf 76' lang='grc' dir='ltr'>οὗ·</span> 
     </span>
    </p>
   </div>
   <div class='ocr_carea' id='block_1_105' title="bbox 2131 4840 3718 4921">
    <p class='ocr_par' dir='ltr' id='par_1_105' title="bbox 2131 4840 3718 4921">
     <span class='ocr_line' id='line_1_105' title="bbox 2131 4840 3718 4921; baseline -0.008 -15"><span class='ocrx_word' id='word_1_779' title='bbox 2131 4859 2188 4907; x_wconf 89' lang='lat' dir='ltr'><strong>et</strong></span> <span class='ocrx_word' id='word_1_780' title='bbox 2218 4862 2413 4921; x_wconf 79' lang='lat' dir='ltr'><strong>graves</strong></span> <span class='ocrx_word' id='word_1_781' title='bbox 2471 4856 2672 4902; x_wconf 84' lang='lat' dir='ltr'><strong>causas</strong></span> <span class='ocrx_word' id='word_1_782' title='bbox 2726 4840 3073 4913; x_wconf 75' lang='lat' dir='ltr'><strong>objicientes,</strong></span> <span class='ocrx_word' id='word_1_783' title='bbox 3145 4854 3283 4911; x_wconf 87' lang='lat' dir='ltr'><strong>quas</strong></span> <span class='ocrx_word' id='word_1_784' title='bbox 3312 4855 3419 4894; x_wconf 84' lang='lat' dir='ltr'><strong>non</strong></span> <span class='ocrx_word' id='word_1_785' title='bbox 3467 4846 3718 4910; x_wconf 87' lang='lat' dir='ltr'><strong>poterant</strong></span> 
     </span>
    </p>
   </div>
   <div class='ocr_carea' id='block_1_106' title="bbox 2134 4927 3714 5008">
    <p class='ocr_par' dir='ltr' id='par_1_106' title="bbox 2134 4927 3714 5008">
     <span class='ocr_line' id='line_1_106' title="bbox 2134 4927 3714 5008; baseline -0.005 -18"><span class='ocrx_word' id='word_1_786' title='bbox 2134 4938 2386 5008; x_wconf 81' lang='lat' dir='ltr'><strong>probare,</strong></span> <span class='ocrx_word' id='word_1_787' title='bbox 2402 4932 2572 4987; x_wconf 88' lang='lat' dir='ltr'><strong>Paulo</strong></span> <span class='ocrx_word' id='word_1_788' title='bbox 2593 4932 2859 4986; x_wconf 86' lang='lat' dir='ltr'><strong>rationem</strong></span> <span class='ocrx_word' id='word_1_789' title='bbox 2880 4928 3162 4993; x_wconf 86' lang='lat' dir='ltr'><strong>reddente,</strong></span> <span class='ocrx_word' id='word_1_790' title='bbox 3185 4927 3443 4998; x_wconf 89' lang='lat' dir='ltr'><strong>quoniam</strong></span> <span class='ocrx_word' id='word_1_791' title='bbox 3460 4928 3646 4997; x_wconf 87' lang='lat' dir='ltr'><strong>Neque</strong></span> <span class='ocrx_word' id='word_1_792' title='bbox 3661 4928 3714 4982; x_wconf 93' lang='lat' dir='ltr'><strong>in</strong></span> 
     </span>
    </p>
   </div>
   <div class='ocr_carea' id='block_1_107' title="bbox 2134 5019 3713 5100">
    <p class='ocr_par' dir='ltr' id='par_1_107' title="bbox 2134 5019 3713 5100">
     <span class='ocr_line' id='line_1_107' title="bbox 2134 5019 3713 5100; baseline -0.006 -16"><span class='ocrx_word' id='word_1_793' title='bbox 2134 5033 2305 5100; x_wconf 80' lang='lat' dir='ltr'><strong>legem</strong></span> <span class='ocrx_word' id='word_1_794' title='bbox 2360 5025 2697 5089; x_wconf 66' lang='lat' dir='ltr'><strong>Iudaeorum,</strong></span> <span class='ocrx_word' id='word_1_795' title='bbox 2755 5034 2933 5092; x_wconf 82' lang='lat' dir='ltr'><strong>neque</strong></span> <span class='ocrx_word' id='word_1_796' title='bbox 2995 5022 3050 5075; x_wconf 88' lang='lat' dir='ltr'><strong>in</strong></span> <span class='ocrx_word' id='word_1_797' title='bbox 3101 5021 3390 5091; x_wconf 82' lang='lat' dir='ltr'><strong>templum,</strong></span> <span class='ocrx_word' id='word_1_798' title='bbox 3449 5035 3624 5091; x_wconf 84' lang='lat' dir='ltr'><strong>neque</strong></span> <span class='ocrx_word' id='word_1_799' title='bbox 3656 5019 3713 5075; x_wconf 80' lang='lat' dir='ltr'><strong>in</strong></span> 
     </span>
    </p>
   </div>
   <div class='ocr_carea' id='block_1_108' title="bbox 2134 5112 3714 5190">
    <p class='ocr_par' dir='ltr' id='par_1_108' title="bbox 2134 5112 3714 5190">
     <span class='ocr_line' id='line_1_108' title="bbox 2134 5112 3714 5190; baseline -0.006 -11"><span class='ocrx_word' id='word_1_800' title='bbox 2134 5122 2410 5179; x_wconf 67' lang='lat' dir='ltr'><strong>Ca&#39;sarem</strong></span> <span class='ocrx_word' id='word_1_801' title='bbox 2466 5117 2769 5190; x_wconf 87' lang='lat' dir='ltr'><strong>quidquam</strong></span> <span class='ocrx_word' id='word_1_802' title='bbox 2818 5116 3063 5185; x_wconf 79' lang='lat' dir='ltr'><strong>peccavi.</strong></span> <span class='ocrx_word' id='word_1_803' title='bbox 3098 5112 3295 5169; x_wconf 85' lang='lat' dir='ltr'><strong>Festus</strong></span> <span class='ocrx_word' id='word_1_804' title='bbox 3321 5125 3502 5169; x_wconf 89' lang='lat' dir='ltr'><strong>autem</strong></span> <span class='ocrx_word' id='word_1_805' title='bbox 3524 5115 3714 5169; x_wconf 89' lang='lat' dir='ltr'><strong>volens</strong></span> 
     </span>
    </p>
   </div>
   <div class='ocr_carea' id='block_1_109' title="bbox 2135 5206 3709 5284">
    <p class='ocr_par' dir='ltr' id='par_1_109' title="bbox 2135 5206 3709 5284">
     <span class='ocr_line' id='line_1_109' title="bbox 2135 5206 3709 5284; baseline -0.004 -17"><span class='ocrx_word' id='word_1_806' title='bbox 2135 5216 2369 5284; x_wconf 70' lang='lat' dir='ltr'><strong>gratiam</strong></span> <span class='ocrx_word' id='word_1_807' title='bbox 2388 5209 2898 5284; x_wconf 66' lang='lat' dir='ltr'><strong>prtestareJudaeis,</strong></span> <span class='ocrx_word' id='word_1_808' title='bbox 2927 5209 3271 5278; x_wconf 87' lang='lat' dir='ltr'><strong>respondens</strong></span> <span class='ocrx_word' id='word_1_809' title='bbox 3297 5206 3489 5272; x_wconf 88' lang='lat' dir='ltr'><strong>Paulo,</strong></span> <span class='ocrx_word' id='word_1_810' title='bbox 3519 5207 3659 5261; x_wconf 82' lang='lat' dir='ltr'><strong>dixit</strong></span> <span class='ocrx_word' id='word_1_811' title='bbox 3694 5249 3709 5271; x_wconf 90' lang='lat'><strong>,</strong></span> 
     </span>
    </p>
   </div>
   <div class='ocr_carea' id='block_1_110' title="bbox 2136 5296 3708 5374">
    <p class='ocr_par' dir='ltr' id='par_1_110' title="bbox 2136 5296 3708 5374">
     <span class='ocr_line' id='line_1_110' title="bbox 2136 5296 3708 5374; baseline -0.006 -13"><span class='ocrx_word' id='word_1_812' title='bbox 2136 5304 2233 5362; x_wconf 83' lang='lat' dir='ltr'><strong>Vis</strong></span> <span class='ocrx_word' id='word_1_813' title='bbox 2262 5305 2659 5374; x_wconf 81' lang='lat' dir='ltr'><strong>Jerosolymam</strong></span> <span class='ocrx_word' id='word_1_814' title='bbox 2701 5301 3019 5366; x_wconf 87' lang='lat' dir='ltr'><strong>ascendere,</strong></span> <span class='ocrx_word' id='word_1_815' title='bbox 3041 5300 3187 5355; x_wconf 87' lang='lat' dir='ltr'><strong>ctibi</strong></span> <span class='ocrx_word' id='word_1_816' title='bbox 3223 5296 3291 5353; x_wconf 87' lang='lat' dir='ltr'><strong>de</strong></span> <span class='ocrx_word' id='word_1_817' title='bbox 3350 5298 3435 5354; x_wconf 79' lang='lat' dir='ltr'><strong>liis</strong></span> <span class='ocrx_word' id='word_1_818' title='bbox 3472 5298 3708 5367; x_wconf 78' lang='lat' dir='ltr'><strong>judicari</strong></span> 
     </span>
    </p>
   </div>
   <div class='ocr_carea' id='block_1_111' title="bbox 2138 5391 3709 5471">
    <p class='ocr_par' dir='ltr' id='par_1_111' title="bbox 2138 5391 3709 5471">
     <span class='ocr_line' id='line_1_111' title="bbox 2138 5391 3709 5471; baseline -0.006 -17"><span class='ocrx_word' id='word_1_819' title='bbox 2138 5401 2284 5471; x_wconf 90' lang='lat' dir='ltr'><strong>apud</strong></span> <span class='ocrx_word' id='word_1_820' title='bbox 2331 5414 2416 5454; x_wconf 89' lang='lat' dir='ltr'><strong>me</strong></span> <span class='ocrx_word' id='word_1_821' title='bbox 2441 5397 2631 5453; x_wconf 66' lang='lat' dir='ltr'><strong>YDixit</strong></span> <span class='ocrx_word' id='word_1_822' title='bbox 2658 5404 2840 5450; x_wconf 88' lang='lat' dir='ltr'><strong>autem</strong></span> <span class='ocrx_word' id='word_1_823' title='bbox 2869 5395 3070 5448; x_wconf 86' lang='lat' dir='ltr'><strong>Paulus</strong></span> <span class='ocrx_word' id='word_1_824' title='bbox 3104 5409 3121 5447; x_wconf 87' lang='lat'><strong>:</strong></span> <span class='ocrx_word' id='word_1_825' title='bbox 3156 5393 3236 5447; x_wconf 83' lang='lat' dir='ltr'><strong>Ad</strong></span> <span class='ocrx_word' id='word_1_826' title='bbox 3259 5393 3496 5447; x_wconf 87' lang='lat' dir='ltr'><strong>tribunal</strong></span> <span class='ocrx_word' id='word_1_827' title='bbox 3527 5391 3709 5447; x_wconf 59' lang='lat' dir='ltr'><strong>Caesa.</strong></span> 
     </span>
    </p>
   </div>
   <div class='ocr_carea' id='block_1_112' title="bbox 2140 5484 3708 5561">
    <p class='ocr_par' dir='ltr' id='par_1_112' title="bbox 2140 5484 3708 5561">
     <span class='ocr_line' id='line_1_112' title="bbox 2140 5484 3708 5561; baseline -0.007 -14"><span class='ocrx_word' id='word_1_828' title='bbox 2140 5495 2217 5548; x_wconf 78' lang='lat' dir='ltr'><strong>tis</strong></span> <span class='ocrx_word' id='word_1_829' title='bbox 2249 5503 2357 5560; x_wconf 90' lang='lat' dir='ltr'><strong>sto,</strong></span> <span class='ocrx_word' id='word_1_830' title='bbox 2388 5493 2461 5545; x_wconf 90' lang='lat' dir='ltr'><strong>ibi</strong></span> <span class='ocrx_word' id='word_1_831' title='bbox 2486 5498 2703 5561; x_wconf 80' lang='lat' dir='ltr'><strong>oportet</strong></span> <span class='ocrx_word' id='word_1_832' title='bbox 2756 5504 2842 5543; x_wconf 92' lang='lat' dir='ltr'><strong>me</strong></span> <span class='ocrx_word' id='word_1_833' title='bbox 2869 5487 3127 5557; x_wconf 72' lang='lat' dir='ltr'><strong>iudicari.</strong></span> <span class='ocrx_word' id='word_1_834' title='bbox 3155 5484 3358 5540; x_wconf 68' lang='lat' dir='ltr'><strong>Judaeis</strong></span> <span class='ocrx_word' id='word_1_835' title='bbox 3384 5499 3495 5540; x_wconf 87' lang='lat' dir='ltr'><strong>non</strong></span> <span class='ocrx_word' id='word_1_836' title='bbox 3523 5485 3708 5548; x_wconf 88' lang='lat' dir='ltr'><strong>nocui,</strong></span> 
     </span>
    </p>
   </div>
   <div class='ocr_carea' id='block_1_113' title="bbox 2138 5576 3709 5648">
    <p class='ocr_par' dir='ltr' id='par_1_113' title="bbox 2138 5576 3709 5648">
     <span class='ocr_line' id='line_1_113' title="bbox 2138 5576 3709 5648; baseline -0.009 -6"><span class='ocrx_word' id='word_1_837' title='bbox 2138 5588 2286 5643; x_wconf 85' lang='lat' dir='ltr'><strong>sicut</strong></span> <span class='ocrx_word' id='word_1_838' title='bbox 2326 5593 2384 5639; x_wconf 88' lang='lat' dir='ltr'><strong>tu</strong></span> <span class='ocrx_word' id='word_1_839' title='bbox 2416 5582 2613 5638; x_wconf 86' lang='lat' dir='ltr'><strong>melius</strong></span> <span class='ocrx_word' id='word_1_840' title='bbox 2641 5582 2808 5638; x_wconf 89' lang='lat' dir='ltr'><strong>nosti.</strong></span> <span class='ocrx_word' id='word_1_841' title='bbox 2835 5580 2892 5633; x_wconf 85' lang='lat' dir='ltr'><strong>Si</strong></span> <span class='ocrx_word' id='word_1_842' title='bbox 2936 5579 3083 5632; x_wconf 87' lang='lat' dir='ltr'><strong>enim</strong></span> <span class='ocrx_word' id='word_1_843' title='bbox 3142 5576 3306 5631; x_wconf 87' lang='lat' dir='ltr'><strong>nocui</strong></span> <span class='ocrx_word' id='word_1_844' title='bbox 3348 5588 3442 5632; x_wconf 89' lang='lat' dir='ltr'><strong>aut</strong></span> <span class='ocrx_word' id='word_1_845' title='bbox 3488 5577 3709 5648; x_wconf 79' lang='lat' dir='ltr'><strong>dignum</strong></span> 
     </span>
    </p>
   </div>
   <div class='ocr_carea' id='block_1_114' title="bbox 2138 5653 3709 5743">
    <p class='ocr_par' dir='ltr' id='par_1_114' title="bbox 2138 5653 3709 5743">
     <span class='ocr_line' id='line_1_114' title="bbox 2138 5653 3709 5743; baseline -0.007 -11"><span class='ocrx_word' id='word_1_846' title='bbox 2138 5685 2316 5732; x_wconf 86' lang='lat' dir='ltr'><strong>morte</strong></span> <span class='ocrx_word' id='word_1_847' title='bbox 2356 5674 2560 5743; x_wconf 85' lang='lat' dir='ltr'><strong>aliquid</strong></span> <span class='ocrx_word' id='word_1_848' title='bbox 2591 5672 2719 5737; x_wconf 84' lang='lat' dir='ltr'><strong>I&#39;eci,</strong></span> <span class='ocrx_word' id='word_1_849' title='bbox 2749 5686 2859 5727; x_wconf 90' lang='lat' dir='ltr'><strong>non</strong></span> <span class='ocrx_word' id='word_1_850' title='bbox 2896 5685 3095 5727; x_wconf 89' lang='lat' dir='ltr'><strong>recuso</strong></span> <span class='ocrx_word' id='word_1_851' title='bbox 3114 5653 3252 5725; x_wconf 82' lang='lat' dir='ltr'><strong>mori</strong></span> <span class='ocrx_word' id='word_1_852' title='bbox 3285 5685 3300 5736; x_wconf 90' lang='lat'><strong>;</strong></span> <span class='ocrx_word' id='word_1_853' title='bbox 3337 5670 3383 5725; x_wconf 89' lang='lat' dir='ltr'><strong>si</strong></span> <span class='ocrx_word' id='word_1_854' title='bbox 3416 5685 3546 5725; x_wconf 89' lang='lat' dir='ltr'><strong>vero</strong></span> <span class='ocrx_word' id='word_1_855' title='bbox 3572 5661 3709 5723; x_wconf 86' lang='lat' dir='ltr'><strong>nihil</strong></span> 
     </span>
    </p>
   </div>
   <div class='ocr_carea' id='block_1_115' title="bbox 2138 5766 3708 5837">
    <p class='ocr_par' dir='ltr' id='par_1_115' title="bbox 2138 5766 3708 5837">
     <span class='ocr_line' id='line_1_115' title="bbox 2138 5766 3708 5837; baseline -0.006 -14"><span class='ocrx_word' id='word_1_856' title='bbox 2138 5778 2223 5824; x_wconf 87' lang='lat' dir='ltr'><strong>est</strong></span> <span class='ocrx_word' id='word_1_857' title='bbox 2272 5782 2463 5822; x_wconf 73' lang='lat' dir='ltr'><strong>eorum</strong></span> <span class='ocrx_word' id='word_1_858' title='bbox 2509 5782 2630 5837; x_wconf 75' lang='lat' dir='ltr'><strong>qua:</strong></span> <span class='ocrx_word' id='word_1_859' title='bbox 2654 5766 3003 5831; x_wconf 27' lang='lat' dir='ltr'><strong>biﬁaccusaut</strong></span> <span class='ocrx_word' id='word_1_860' title='bbox 3030 5778 3138 5828; x_wconf 80' lang='lat' dir='ltr'><strong>me.</strong></span> <span class='ocrx_word' id='word_1_861' title='bbox 3172 5778 3331 5817; x_wconf 89' lang='lat' dir='ltr'><strong>nemo</strong></span> <span class='ocrx_word' id='word_1_862' title='bbox 3388 5771 3570 5832; x_wconf 82' lang='lat' dir='ltr'><strong>potest</strong></span> <span class='ocrx_word' id='word_1_863' title='bbox 3617 5774 3708 5814; x_wconf 85' lang='lat' dir='ltr'><strong>mo</strong></span> 
     </span>
    </p>
   </div>
   <div class='ocr_carea' id='block_1_116' title="bbox 2141 5850 3709 5931">
    <p class='ocr_par' dir='ltr' id='par_1_116' title="bbox 2141 5850 3709 5931">
     <span class='ocr_line' id='line_1_116' title="bbox 2141 5850 3709 5931; baseline -0.007 -15"><span class='ocrx_word' id='word_1_864' title='bbox 2141 5862 2251 5916; x_wconf 83' lang='lat' dir='ltr'><strong>illis</strong></span> <span class='ocrx_word' id='word_1_865' title='bbox 2276 5858 2504 5931; x_wconf 83' lang='lat' dir='ltr'><strong>donare.</strong></span> <span class='ocrx_word' id='word_1_866' title='bbox 2534 5857 2802 5915; x_wconf 64' lang='lat' dir='ltr'><strong>Caesarem</strong></span> <span class='ocrx_word' id='word_1_867' title='bbox 2848 5855 3085 5927; x_wconf 82' lang='lat' dir='ltr'><strong>appello.</strong></span> <span class='ocrx_word' id='word_1_868' title='bbox 3122 5850 3279 5911; x_wconf 80' lang='lat' dir='ltr'><strong>Tunc</strong></span> <span class='ocrx_word' id='word_1_869' title='bbox 3327 5852 3523 5913; x_wconf 84' lang='lat' dir='ltr'><strong>Festus</strong></span> <span class='ocrx_word' id='word_1_870' title='bbox 3581 5864 3709 5909; x_wconf 85' lang='lat' dir='ltr'><strong>cum</strong></span> 
     </span>
    </p>
   </div>
  </div>
