4082 6418
383 377 526 448 1039

1310 376 1887 440 THEOPHYLACTI
1930 376 2346 439 BULGARIIE
2382 379 2737 442 ARCHIEP.

3508 381 3644 449 1040

380 495 620 552 concilio
672 494 890 550 locutus
940 488 1271 563 respondit:
1315 487 1590 547 (ἔπεσι-ειη
1621 486 1951 560 appellasti?

2060 489 2144 541 τοί
2195 507 2296 559 μου
2349 490 2803 562 κατηγοροῦσιν,,
2833 490 3008 556 οὐδείς
3064 509 3130 564 με
3176 492 3402 549 δύναται
3458 497 3643 562 αὐτοῖς

354 586 452 641 .ad
518 584 785 641 Cresarem
842 581 969 639 ibis.
1024 580 1091 636 Et
1135 595 1259 637 cum
1292 579 1410 636 dies
1453 580 1661 652 aliquot
1688 577 1953 632 transacti

377 688 583 743 essent,

866 954 1431 1014 COMMENTARIUS.

456 1093 477 1128 ι
505 1074 1072 1139 Anathemntizarunt,
1103 1089 1200 1131 seu
1232 1073 1565 1129 deret-erunt
1596 1089 1676 1140 se,
1714 1092 1732 1126 ι
1754 1074 1952 1145 inquit,

379 1168 483 1223 hoc
509 1176 595 1223 est
644 1165 877 1238 professi
906 1175 1056 1233 sunt,
1088 1181 1149 1224 se
1174 1173 1332 1223 extra
1371 1165 1465 1221 Dei
1491 1165 1652 1222 tidem
1683 1166 1823 1232 fore,
1846 1168 1952 1224 nisi

377 1256 522 1325 quod
586 1247 778 1311 contra
855 1254 1082 1312 Paulum
1150 1259 1505 1311 decreverant
1564 1253 1951 1325 perfecissent.

375 1348 512 1400 Cum
554 1354 736 1400 autem
788 1345 987 1416 duplex
1039 1345 1112 1400 sit
1176 1343 1508 1409 ana‘t‘hema,
1555 1358 1656 1400 seu
1710 1354 1952 1400 votum:

378 1453 549 1492 unum
606 1437 828 1505 quidem
885 1435 1139 1491 omnibus
1211 1436 1297 1491 vel
1338 1435 1528 1491 multis
1586 1435 1952 1503 inaccessum,

376 1532 488 1585 Deo
520 1540 700 1584 autem
728 1528 831 1583 soli
858 1529 1127 1595 oblatum;
1148 1528 1379 1584 alterum
1399 1536 1579 1582 autem
1607 1529 1757 1583 omni
1781 1526 1954 1584 ferme

375 1633 717 1678 rreatm‘aaac
740 1630 889 1677 certe
913 1622 1119 1677 sanctis
1150 1622 1545 1691 potestatibus,
1575 1623 1839 1690 intactum
1895 1631 1952 1677 et

375 1734 401 1766 ιι
442 1713 554 1769 Deo
620 1714 890 1778 alienum,
955 1712 1157 1784 quippe
1211 1712 1359 1784 quod
1418 1713 1635 1769 diabolo
1695 1714 1952 1771 convenit

2062 583 2417 653 χαρίσασθαι.
2446 584 2706 655 Καίσαρα
2750 584 3145 656 ἐπικαλοῦμαι.
3203 587 3338 641 Τότε
3367 589 3396 641 6
3424 589 3642 660 Φῆστος

2061 674 2404 745 συλλαλήσας
2436 674 2580 745 μετά
2626 676 2722 730 τοῦ
2775 676 3128 748 συμϐουλίου,
3155 678 3433 751 ἀπεκρίθη
3454 697 3468 713 ο
3502 683 3642 737 Καί-

2061 783 2204 838 σαρα
2228 768 2621 838 ἐπικέκλησαι,
2646 769 2737 823 ἐπὶ
2766 770 3028 842 Καίσαρα
3082 772 3348 846 πορεύσῃ.
3386 773 3644 847 ἐΗ-μερῶν

2052 859 2113 913 δὲ
2142 860 2542 932 διαγενομένων
2570 862 2757 928 τινῶν,

2655 965 3040 1028 ΕΡΜΗΝΕΙΑ.

2136 1104 2155 1137 ι
2198 1082 2647 1157 Ἀνεθεμάτισαν,
2670 1087 2856 1158 φησὶν,
2884 1084 3141 1153 ἑαυτοὺς,
3175 1106 3193 1140 ι
3224 1084 3509 1144 τουτέστιν
3535 1089 3641 1156 ἔξω

2056 1170 2199 1226 εἶναι
2224 1174 2326 1245 τῆς
2359 1178 2502 1229 κατά
2543 1174 2676 1229 Θεὸν
2721 1177 2962 1240 πίστεως
2988 1171 3146 1230 εἷπον
3177 1178 3425 1243 ἑαυτοὺς,
3475 1180 3528 1232 εί
3558 1181 3637 1251 μῆ

2057 1267 2343 1337 ποιήσαιεν
2369 1267 2437 1322 τὰ
2469 1267 2700 1332 δόξαντα
2715 1269 2757 1301 δ’
2783 1267 2952 1342 [κατὰ
3006 1269 3271 1343 Παύλου.]
3306 1270 3414 1325 Τοῦ
3443 1272 3638 1326 ἀναθέ-

2059 1373 2226 1426 ματος
2255 1357 2442 1411 δισσοῦ
2475 1358 2768 1428 νοουμένου
2797 1375 2813 1393 ο
2846 1357 2952 1414 τοῦ
2993 1360 3114 1430 μὲν,
3157 1360 3232 1425 ὼς
3261 1363 3374 1425 τοῖς
3386 1352 3575 1417 ιπᾶσιν
3603 1363 3636 1433 ἦ

2056 1450 2272 1514 πολλοῖς
2306 1451 2531 1505 ἀθίκτου
2553 1454 2620 1518 ⁸²,
2658 1451 2780 1525 Θεῷ
2808 1452 2863 1507 δὲ
2919 1453 3067 1525 μόνῳ
3092 1454 3516 1525 ἀνατιθεμένου·
3541 1454 3641 1509 τοῦ

2054 1540 2132 1604 δὲ,
2159 1541 2234 1605 ὡς
2264 1542 2415 1615 πάσῃ
2463 1545 2531 1614 τῇ
2584 1544 2763 1597 κτίσει
2799 1545 2894 1598 καὶ
2950 1547 3073 1609 ταῖς
3103 1545 3291 1614 ἁγίαις
3339 1545 3637 1616 δυνάμεσιν

2055 1632 2358 1703 ἀψαύστου,
2391 1634 2486 1688 καὶ
2530 1635 2653 1707 Θεῷ
2695 1635 3005 1708 ἀλλοτρίου,
3033 1636 3109 1701 ὡς
3143 1637 3223 1706 τῷ
3253 1637 3487 1706 διαϐόλῳ
3510 1639 3639 1693 ἀνα-

2054 1726 2334 1797 κειμένου,
2369 1726 2458 1781 διὰ
2504 1726 2603 1798 τὴν
2637 1728 2811 1800 ἀμιγῆ
2868 1729 2965 1783 τοῦ
3020 1728 3188 1784 καλοῦ
3245 1728 3633 1800 ἀλλοτρίωσιν·

376 1814 598 1877 propter
647 1802 1021 1861 οπῑηῗῐποάθηι
1080 1804 1462 1860 θίίθηδῑίοηεπι
1524 1820 1553 1858 ³
1600 1805 1777 1873 δοιιοτ
1822 1804 1950 1902 huic
1976 1838 2028 1902 Β
2056 1819 2285 1891 τοιούτῳ
2308 1819 2404 1874 νῦν
2433 1821 2528 1874 καὶ
2560 1815 2708 1876 οὗτοι
2738 1821 3125 1877 ἐπιϐάλλουσιν
3158 1823 3384 1886 ἑαυτοὺς
3435 1822 3634 1877 ἃναθέ·

376 1897 666 1967 posteriori
697 1895 1031 1953 anathemati
1082 1896 1173 1951 isti
1211 1910 1359 1951 nunc
1411 1896 1736 1952 semetiosos
1779 1888 1951 1967 subji-

373 1993 548 2045 ciunt.
580 1989 969 2049 Adnotandum
996 2002 1155 2055 vero,
1183 1987 1329 2058 quod
1369 1984 1515 2044 Felix
1545 1987 1708 2044 ﬁdem
1765 1997 1949 2045 notam

2061 1928 2215 1981 ματι.
2248 1910 2614 1981 Σημειωτέον,
2645 1911 2859 1984 ὄτιῇδει
2885 1896 3097 1984 suam:
3114 1913 3211 1985 τὴν
3240 1914 3446 1980 πίστιν,
3473 1914 3634 1983 ἀκρι-

2055 2003 2167 2063 ϐῶς
2214 2003 2547 2074 κατηχηθεὶς
2590 2004 2660 2058 τὰ
2706 2006 2830 2074 περὶ
2858 2004 2951 2058 τοῦ
2985 2003 3224 2076 Χριστοῦ
3274 2008 3340 2060 ὲκ
3366 2007 3463 2076 τῆς
3505 2008 3628 2069 ’Πα-

376 2084 616 2147 haberet,
649 2088 839 2151 utpo'te
859 2088 1112 2136 accurate
1161 2079 1467 2138 instructus
1490 2080 1559 2136 de
1596 2081 1665 2138 iis
1713 2095 1837 2153 qua:
1882 2084 1949 2139 ad

2055 2094 2246 2157 λαιᾶςο
2277 2096 2416 2166 πρὸς
2464 2096 2624 2167 χάριν
2672 2095 2728 2150 δὲ
2766 2097 2878 2151 τῶν
2923 2096 3196 2151 Ἰουδαίων
3246 2098 3347 2151 οὐκ
3390 2097 3633 2153 ἀπέλυσε

373 2175 647 2231 Christum
690 2182 962 2244 spectant,
997 2173 1268 2229 exV'eteri
1319 2172 1694 2231 Testamento.
1749 2175 1953 2231 Nihilo-

374 2266 559 2321 minus
592 2281 703 2321 non
728 2263 968 2321 absolvit
1001 2263 1254 2332 Paulum,
1278 2262 1347 2321 ad
1374 2263 1686 2321 Iudaeorum
1717 2269 1950 2338 gratiam

373 2358 700 2429 captandam
730 2399 746 2427 ,
776 2358 894 2414 sive
923 2357 1068 2429 quod
1092 2371 1323 2411 munera
1349 2371 1409 2413 se
1441 2367 1792 2428 accepturum
1817 2374 1942 2431 spe-

373 2450 551 2513 rabat,
581 2457 639 2504 ut
668 2450 722 2504 in
755 2448 1113 2520 sequentibus
1143 2449 1415 2503 innuitur.
1466 2447 1706 2505 Noverat
1766 2461 1951 2507 autem

373 2542 561 2606 etiam,
594 2542 975 2611 quia-uxorem
998 2538 1240 2596 Iudaeam
1272 2539 1581 2606 ha’bebat,a
1605 2555 1716 2612 qua
1771 2544 1951 2598 conti-

374 2641 570 2689 neuter
590 2632 693 2687 ista
710 2629 1057 2686 audiebat.Et
1074 2629 1295 2701 quidem
1310 2629 1423 2697 illa,
1436 2628 1625 2686 Iudaea
1639 2645 1764 2687 cum
1776 2641 1948 2697 esset,

374 2732 562 2778 contra
584 2723 758 2795 legem
792 2721 998 2779 homini
1024 2719 1225 2777 Gentili
1256 2729 1541 2792 nupserat.
1568 2719 1669 2778 Vel
1716 2722 1951 2779 fortasse

371 2822 491 2871 erat
515 2814 736 2882 quidem
764 2815 1000 2886 primum
1028 2811 1239 2881 Iudaea,
1275 2822 1333 2868 at
1356 2826 1483 2869 cum
1512 2813 1591 2869 illi
1643 2813 1947 2885 nupsisset,

2056 2188 2147 2241 τὸν
2178 2188 2415 2254 Παῦλον,
2448 2189 2480 2259 ἢ
2525 2188 2619 2242 καὶ
2648 2188 2738 2242 διὰ
2769 2188 3135 2263 δωροληψίαν,
3165 2188 3241 2255 ὡς
3274 2191 3633 2261 παρακατιὼν

2051 2280 2081 2332 6
2104 2279 2260 2348 λόγος
2289 2278 2515 2345 ἔδειξεν,
2552 2280 2707 2353 ᾝδει
2736 2279 2794 2334 δὲ
2840 2282 2935 2335 καὶ
2959 2281 3035 2345 ὡς
3069 2279 3209 2352 ἔχων
3236 2284 3472 2351 γυναῖκα
3501 2283 3634 2335 Ἰου-

2050 2371 2229 2439 δαίαν,
2261 2373 2391 2444 παρ’
2422 2368 2490 2446 ῆς
2520 2373 2759 2444 συνεχῶς
2778 2374 2947 2445 ῆκουε
2982 2375 3175 2429 ταῦτα.
3209 2371 3357 2445 Αὕτη
3385 2375 3440 2427 δὲ
3467 2376 3619 2443 παρά

2050 2468 2142 2524 τὸν
2198 2471 2365 2540 νόμον
2405 2468 2653 2540 συνήφθη
2707 2467 2878 2539 αὐτῷ,
2930 2467 3170 2522 ’Ἰουδαία
3208 2465 3366 2533 οὖσα,
3383 2465 3631 2537 Ἕλληη.

2052 2562 2123 2616 Ἢ
2141 2561 2283 2634 τάχα
2319 2557 2388 2634 ἦν
2416 2563 2514 2634 μὲν
2559 2559 2788 2618 Ἰουδαία
2807 2602 2823 2627 ,
2859 2560 3174 2633 γαμηθεῖσα
3223 2559 3278 2615 δὲ
3306 2557 3476 2628 αὐτῷ,
3505 2556 3632 2626 ἐγί-

2050 2671 2173 2709 νετο
2209 2652 2482 2725 Ἑλληνίς.
2520 2653 2613 2708 Διὸ
2653 2654 2749 2708 καὶ
2796 2653 2982 2722 ἔλεγεν
3007 2652 3156 2724 αύτῷ
3194 2652 3291 2723 τὴν
3308 2652 3507 2720 ἑαυτῆς
3540 2649 3633 2704 πί-

2052 2766 2190 2815 στιν,
2223 2748 2488 2802 πείθουσα
2538 2747 2747 2802 καὶτὸν
2797 2746 2966 2820 ἄνδρα
3001 2747 3325 2818 παραϐάτην
3354 2742 3629 2814 γενέσθαι.

2056 2854 2077 2889 ι
2101 2832 2238 2890 Είπε
2266 2836 2326 2890 δὲ
2358 2839 2386 2891 6
2406 2835 2619 2901 Παῦλος
2647 2836 2743 2890 ἐπὶ
2764 2835 2881 2892 τοῦ.
2912 2855 2930 2889 ι
2961 2834 3132 2891 Τοῦτο
3160 2835 3217 2890 δὲ
3246 2831 3400 2891 είπεν
3428 2835 3458 2889 6
3479 2834 3631 2891 Παῦ-

376 2910 518 2963 facta
544 2915 630 2963 est
658 2904 894 2963 Gentilis
951 2920 1170 2977 :quare
1212 2908 1479 2975 exposuit
1530 2906 1610 2961 illi
1668 2908 1948 2978 propriam

2055 2928 2161 2994 λος,
2189 2928 2512 3000 βουλόμενος
2544 2930 2643 2993 τὰς
2669 2929 2781 2985 τῶν
2819 2928 3091 2984 Ἰουδαίων
3116 2931 3304 3001 χεῖρας
3333 2930 3592 2999 ἐκφυγεῖν
3610 2942 3632 2962 ο

372 2998 559 3062 tidem,
608 3006 664 3052 et
735 2998 790 3053 in
868 2997 1377 3069 pmvaricationem
1431 2997 1665 3053 induxit.
1726 3015 1748 3050 ι
1804 2996 1950 3052 Dixit

374 3099 557 3144 autem
584 3088 809 3145 Paulus.
842 3107 865 3145 ι
892 3088 1009 3145 Hoc
1051 3089 1294 3162 (nempe,
1322 3088 1550 3146 Romam
1578 3104 1803 3161 pergere
1823 3090 1947 3145 volo

373 3183 444 3238 ad
474 3182 771 3250 Caesarem,
811 3190 867 3238 et
900 3183 981 3238 ibi
1016 3181 1283 3255 iudicari)
1308 3183 1460 3239 dixit
1510 3179 1735 3250 Paulus,
1757 3194 1826 3239 ut
1848 3181 1946 3240 ‘Ju-
1973 3197 2020 3259 ο

381 3271 614 3327 deorum
638 3283 835 3328 manus
870 3269 1159 3342 eﬂugeret.

792 3383 955 3457 305
988 3381 1218 3442 uapor
1255 3382 1519 3441 xxxvu.

445 3501 693 3572 Agrippw
722 3510 772 3557 et
801 3496 1042 3555 Bernicis
1076 3499 1353 3567 adventus,
1410 3511 1461 3554 et
1517 3501 1864 3573 interrogatio
1887 3501 1951 3556 de

968 3609 1134 3648 causa
1188 3592 1373 3649 Pauli.

725 3678 885 3741 Feria
903 3683 935 3738 6
953 3684 1307 3742 heddomada:
1323 3688 1588 3759 septimae.

1009 3774 1312 3836 TEXTUS.

442 3864 1075 3942 XXV,'l'5-l9.Agrippa
1106 3888 1199 3927 rex
1215 3881 1268 3928 et
1294 3872 1523 3932 Bernice
1549 3875 1953 3939 descenderunt

370 3962 673 4020 Caesaream
702 3967 767 4017 ad
782 3963 1128 4019 salutandum
1143 3961 1389 4024 Festum.
1407 3969 1609 4026 Etcum
1629 3973 1748 4030 dies
1766 3976 1951 4044 plures

373 4056 447 4112 ibi
476 4054 915 4125 demorarentur,
958 4054 1157 4113 Festus
1204 4060 1319 4130 regi
1348 4061 1614 4120 indicavit
1661 4066 1728 4122 de
1755 4066 1950 4138 Paulo,

372 4146 600 4205 dicens:
634 4146 736 4203 Vir
775 4150 994 4218 quidam
1023 4160 1112 4205 est
1134 4151 1430 4210 derelictus
1456 4169 1487 4209 a
1511 4153 1693 4212 Felice
1713 4159 1950 4229 vinctus,

377 4240 447 4296 de
478 4256 587 4311 quo
621 4255 744 4296 cum
779 4256 958 4298 essem
995 4241 1381 4318 Je‘rosolymis,
1399 4246 1653 4305 adierunt
1682 4266 1767 4307 me
1799 4253 1953 4323 prin-

374 4331 523 4402 cipes
548 4334 896 4387 sacerdotum
921 4344 976 4389 et
1007 4335 1260 4394 seniores
1279 4338 1614 4408 ludmorum,
1669 4345 1953 4414 postulan-

374 4433 457 4480 tes
483 4420 751 4482 adversus
781 4425 931 4482 illum
958 4428 1389 4488 damnationem.
1424 4434 1504 4488 Ad
1538 4451 1679 4504 quos
1718 4453 1952 4508 respon-

2047 3023 2355 3088 τουτέστιν,
2396 3023 2494 3076 Ἔν
2524 3023 2590 3092 τῇ
2629 3020 2821 3095 Ῥώμῃ
2854 3020 2996 3076 θέλω
3051 3021 3306 3076 ἀπελθεῖν
3350 3022 3502 3093 παρά
3547 3019 3636 3091 τῷ

2050 3112 2285 3185 βασιλεῖ,
2314 3115 2478 3168 κάκεῖ
2501 3112 2849 3169 δικάσασθαι.

2632 3404 2884 3460 ΚΕΦΑΛ.
2927 3402 3050 3461 AZ'.

2064 3520 2359 3589 Ἀγρίππα
2405 3518 2506 3573 καί
2559 3517 2852 3587 Βερνίκης
2882 3519 3206 3587 παρουσία,
3264 3518 3365 3573 καὶ
3412 3516 3631 3587 πεῦσις

2530 3608 2652 3664 τῶν
2679 3609 2831 3663 κατὰ
2859 3611 3127 3665 Παύλου.

2483 3705 2559 3775 Τῇ
2590 3701 2632 3757 ε’
2660 3704 2759 3773 τῆς
2786 3701 2830 3767 ζ’
2862 3703 3179 3773 ἑϐδομάδος.

2658 3797 2703 3848 Κ
2714 3796 3048 3850 EIMENON.

2150 3888 2460 3958 ’Δγρίππας
2496 3891 2523 3943 ὁ
2566 3887 2819 3959 βασιλεὺς
2857 3887 2952 3941 καὶ
3001 3886 3234 3959 Βερνίκη
3283 3887 3637 3959 κατήντησαν

2053 3981 2136 4044 εἰς
2182 3981 2550 4051 Καισάρειαν,
2618 3978 2994 4047 ἀσπασόμενοι
3043 3977 3137 4031 τὸν
3173 3976 3401 4046 Φῆστον.
3458 3976 3547 4041 Ὠς
3573 3977 3632 4031 δὲ

2052 4073 2273 4137 πλείους
2309 4073 2521 4143 ἡμέρας
2542 4072 2810 4146 διέτριϐον
2847 4074 2983 4139 ἐκεῖ,
3010 4073 3039 4125 6
3071 4070 3280 4142 ⁴Ιφῆστος
3311 4070 3391 4141 τῷ
3420 4070 3635 4142 βασιλιῐ

2053 4166 2277 4241 ἀνέθετο
2328 4166 2397 4219 τὰ
2452 4164 2593 4219 κατά
2631 4164 2721 4218 τὸν
2760 4163 2971 4217 Παῦλον
2999 4205 3015 4231 ,
3063 4162 3241 4232 λέγων
3270 4178 3284 4192 ·
3341 4163 3507 4234 ’Λνήρ
3541 4161 3628 4225 τίς

2053 4261 2167 4313 ἐστι
2195 4257 2690 4328 καταλελειμμένος
2729 4256 2834 4310 ὑπὸ
2862 4255 3092 4327 Φήλικος
3111 4254 3353 4326 δέσμιος,
3385 4260 3516 4327 περὶ
3541 4249 3639 4323 οὗ,

2053 4351 2351 4422 γενομένου
2389 4368 2492 4420 μου
2531 4353 2611 4414 εἰς
2653 4350 3033 4420 Ἱεροσόλυμα,
3075 4348 3419 4417 ὲνεφάνησαν
3448 4347 3499 4400 οί
3534 4348 3641 4417 ἀρ-

2053 4446 2256 4515 χιερεῖς
2289 4443 2385 4496 καὶ
2419 4442 2470 4494 oi.
2498 4441 2864 4511 πρεσϐύτεροι
2896 4438 3003 4491 τῶν
3045 4437 3335 4503 Ἰουδαίων,
3370 4436 3632 4507 αίτούμε-

373 4516 452 4581 di,
509 4516 636 4588 quia
679 4513 799 4574 Non
849 4527 934 4575 est
990 4521 1251 4579 Romanis
1303 4525 1647 4591 consuetudo
1693 4527 1951 4586 damnare

2058 4552 2140 4588 νοι
2171 4534 2288 4587 κατ’
2314 4533 2485 4586 αὑτοῦ
2523 4532 2700 4601 δίκην.
2749 4531 2891 4602 Προς
2920 4528 3013 4593 οὒς
3045 4529 3373 4600 ἀπεκρίθην,
3400 4530 3484 4584 ὅτι
3520 4530 3636 4584 Οὐκ

373 4608 610 4679 aliquem
668 4609 976 4681 hominem,
1032 4613 1351 4686 priusquam
1408 4616 1456 4671 is
1510 4618 1603 4688 qui
1653 4629 1948 4676 accusatur

373 4709 671 4772 praesentes
688 4702 888 4758 habeat
915 4714 1282 4773 accusatores,
1315 4708 1604 4780 locumque
1644 4710 1946 4769 defenden-

372 4793 427 4847 di
459 4792 696 4864 accipiat
749 4795 817 4850 ad
875 4797 1149 4852 abluenda
1179 4798 1442 4855 crimina.
1472 4800 1623 4858 'Cum
1655 4818 1787 4876 ergo
1837 4806 1947 4863 huc

374 4888 773 4943 convenissent
820 4888 942 4944 sine
968 4889 1078 4944 ulla
1111 4890 1399 4960 dilatione,
1446 4899 1695 4965 sequenti
1727 4897 1815 4954 die
1862 4916 1949 4957 se—

373 4978 508 5034 dens
559 4994 657 5049 pro
688 4980 971 5049 tribunali,
994 4981 1137 5051 iussi
1168 4983 1295 5038 duci
1349 4984 1545 5041 virum.
1570 4986 1643 5044 De
1676 5005 1788 5061 quo
1820 5008 1946 5049 cum

373 5072 660 5126 stetissent
694 5080 1070 5137 accusatores,
1103 5075 1306 5130 nullam
1337 5070 1564 5132 causam
1604 5080 1946 5151 deferebant,

371 5164 437 5218 «le
464 5163 666 5233 quibus
693 5177 794 5234 ego
815 5165 1164 5234 suspicabar,
1192 5169 1413 5224 malam.
1440 5168 1781 5237 Quaastiones
1812 5194 1946 5233 vero

372 5254 638 5325 quasdam
686 5255 755 5310 de
797 5272 894 5311 sua
945 5259 1340 5328 superStitione
1385 5262 1657 5320 habebant
1685 5268 1950 5324 adversus

375 5366 524 5411 Clllll,
552 5357 606 5403 ct
636 5352 704 5404 de
733 5352 971 5419 quodam
1039 5352 1166 5408 Jcsu
1210 5355 1493 5426 defuncto,
1524 5375 1684 5431 quem
1717 5344 1950 5418 allirma-

376 5444 461 5493 hut
486 5443 687 5497 Paulus
722 5444 924 5498 vivere.

2058 4626 2204 4680 ἔστιν
2226 4626 2345 4690 ἔθος
2387 4624 2677 4694 Ῥωμαίοις
2722 4621 3050 4693 χαρίζεσθαί
3095 4638 3213 4677 τινα
3244 4621 3531 4692 ἄνθρωπον
3554 4622 3640 4686 εἰς

2054 4719 2354 4782 ἀπώλειαν,
2384 4718 2517 4788 πρὶν
2543 4716 2577 4788 ἢ
2613 4718 2641 4769 6
2673 4714 3149 4786 κατηγορούμενος
3178 4712 3319 4768 κατά
3342 4714 3637 4784 πρόσωπον

2053 4811 2169 4883 ἔχοι
2223 4813 2352 4875 τοὺς
2402 4809 2779 4878 κατηγόρους,
2832 4808 2999 4861 τόπον
3031 4825 3090 4861 τε
3142 4807 3440 4874 ἀπολογίας
3476 4806 3631 4861 λάϐοι

2056 4902 2187 4974 περὶ
2207 4900 2301 4954 τοῦ
2328 4900 2496 4970 ὲγκλή
2506 4915 2694 4969 ματος.
2730 4895 3105 4950 Συνελθόντων
3127 4895 3183 4949 δὲ
3213 4894 3394 4949 αὐτῶν
3419 4892 3628 4955 ὲνθάδε,

2057 4993 2333 5063 ἀναϐολὴν
2373 4990 2647 5062 μηδεμίαν
2679 4989 3080 5061 ποιησάμενος,
3126 4990 3190 5057 τῇ
3234 4985 3364 5055 ἑξῆς
3400 4984 3633 5046 καθίσας

2054 5087 2149 5141 ἐπὶ
2178 5084 2271 5139 τοῦ
2308 5084 2571 5156 βήματος,
2602 5082 2866 5135 ἐκέλευσα
2898 5081 3132 5150 ἀχθῆναι
3163 5077 3254 5133 τὸν
3282 5077 3477 5147 ἄνδρα.
3499 5075 3640 5145 Περὶ

2052 5174 2114 5233 οὗ
2150 5153 2536 5239 σταθέντεςόί
2571 5178 2890 5246 κατήγοροι,
2921 5172 3179 5244 οὐδεμίαν
3209 5170 3392 5225 αἰτίαν
3434 5170 3634 5237 ἐπέφε-

2057 5288 2147 5342 ρον
2195 5267 2317 5321 κατ’
2355 5265 2548 5327 αὑτοῦ,
2588 5259 2662 5318 ὧν
2696 5266 2808 5333 ἐγὼ
2840 5265 3103 5320 ὑπενόουν
3135 5263 3400 5334 πονηράν.
3456 5261 3636 5331 Ζητή-

2060 5377 2204 5429 ματα
2244 5360 2300 5411 δέ
2331 5374 2453 5411 τινα
2494 5357 2624 5427 περὶ
2672 5358 2771 5427 τῆς
2822 5356 2957 5421 ἰδίας
3007 5352 3431 5424 δεισιδαιμονίας
3488 5348 3635 5422 εἶχον

2059 5455 2193 5523 προς
2242 5452 2426 5517 αὐτὸν,
2472 5450 2567 5503 καὶ
2608 5449 2734 5520 περί
2777 5467 2922 5513 τινος
2977 5447 3153 5519 Ἰησοῦ
3199 5446 3551 5518 τεθνηκότος,
3576 5444 3642 5499 ὃν

2057 5545 2294 5613 ἔφασκεν
2332 5545 2361 5596 ὀ
2403 5539 2611 5603 Παῦλος
2638 5539 2759 5611 ζῇν.

1742 5720 1941 5783 Variae
1970 5720 2304 5786 lectiones.

454 5837 497 5867 "
521 5837 581 5887 τὸ
607 5833 783 5899 δόξαν.
861 5839 904 5868 ⁸³
932 5840 1247 5907 ἀνεφίκτου.
