4082 6458
382 463 514 527 1041
958 466 1493 530 EXPOSITIONIS
1532 467 1611 529 IN
1652 467 1842 529 ACTA
1873 468 2172 532 TEXTUS
2204 472 2473 534 ALTER.
2517 497 2587 507 —
2628 472 2789 534 CAP.
2822 473 3035 536 XXVI.

967 583 1351 638 ΕΡΜΗΝΕῘΑ.
1974 622 1987 647 Α

2546 589 3128 655 COMMENTARIUS.

456 668 552 733 Είς
583 668 738 734 τάξιν
780 670 1048 741 βασιλέως
1088 672 1282 745 κατῄει
1316 674 1375 726 ἑν
1411 675 1534 738 ταῖς
1586 674 1882 746 ἐπαρχίαις
1933 677 1965 727 ὁ

2145 685 2252 739 Aut
2281 700 2378 755 pro
2406 700 2533 755 rege
2578 699 2675 741 seu
2703 685 3035 756 imperatore
3085 685 3141 741 in
3191 684 3505 756 provincias
3548 687 3644 741 de-

396 760 731 830 Ἀγρίππας,
755 762 850 815 καὶ
878 761 968 818 διὰ
987 759 1150 818 τοῦτο
1170 764 1266 818 καὶ
1289 763 1544 836 βασιλεὺς
1573 767 1961 837 ἐχρημάτιζεν

2091 775 2365 833 .ccndebat
2394 777 2653 848 Agrippa,
2714 785 2769 832 et
2806 776 3013 832 ideirco
3044 791 3136 831 rex
3172 777 3475 846 appellatus
3508 788 3597 833 est
3633 794 3646 806 ·

388 852 423 925 ἢ
448 852 544 906 καὶ
568 850 712 922 τάχα
742 851 999 922 βασιλεὺς
1025 850 1094 926 ἦν
1140 856 1236 909 καὶ
1263 856 1427 920 αὐτὸς
1465 856 1575 910 τῶν
1624 857 1962 912 ἀνατολικῶν

2091 867 2157 924 rel
2185 881 2375 923 revera
2406 882 2499 921 rex
2530 875 2649 922 erat
2681 866 2845 921 etiam
2871 865 2987 937 ipse
3020 866 3073 921 in
3105 865 3352 936 partibus
3391 863 3651 920 Oricum--

388 945 593 1015 μερῶν,
613 943 710 998 τοῦ
734 945 987 1017 Νέρωνος
1006 946 1115 1002 τῶν
1137 948 1369 1004 δντικῶν
1390 949 1672 1020 ἄρχοντος,
1698 949 1794 1004 καὶ
1814 950 1967 1016 ἀντος

2091 958 2231 1025 ibus,
2263 973 2388 1013 cum
2415 956 2557 1015 Nero
2592 959 2646 1013 in
2681 955 2977 1013 Occidente
3031 956 3327 1027 imperaret.
3382 964 3438 1011 et
3460 956 3644 1011 Bonna:

384 1039 447 1089 ἐν
486 1036 698 1107 Ῥώμῃ.
1212 1068 1226 1079 -

2091 1053 2361 1109 ’esideret.

3505 472 3651 537 1042.-

984 1128 1370 1184 KElMENON.

472 1217 875 1289 Ἀποροΰμενος
906 1219 965 1271 δὲ
996 1217 1109 1288 εγὼ
1138 1221 1220 1285 εἰς
1248 1220 1348 1293 τὴν
1392 1221 1521 1291 περὶ
1550 1221 1757 1276 τούτων
1794 1222 1968 1292 ζήτη-

2702 1139 3008 1199 TEXTUS.

2142 1233 2518 1302 XXV,20-27.
2548 1234 2820 1293 Haesitans
2852 1241 3033 1291 autem
3068 1247 3170 1304 ego
3207 1232 3279 1290 de
3331 1230 3647 1302 huiusmodi

387 1325 499 1374 σιν,
525 1309 734 1378 ελεγον,
759 1311 811 1364 εί
844 1310 1092 1382 βούλοιτο
1119 1312 1452 1386 πορεύεσθαι
1477 1314 1557 1378 εἰς
1595 1313 1968 1384 Ἰεροσόλυμα,

2091 1329 2393 1399 lutestione,
2419 1329 2690 1395 dicebam,
2708 1327 2756 1384 sl
2778 1327 2939 1383 vellet
2967 1328 3047 1382 ire
3065 1324 3485 1398 Jerosolymam,
3504 1332 3559 1379 et
3575 1322 3650 1377 ibi

391 1402 555 1456 κάκεῖ
591 1401 875 1473 κρίνεσθαι
926 1406 1055 1475 περὶ
1086 1406 1311 1460 τούτων.
1354 1406 1462 1460 Τοῦ
1495 1406 1553 1459 δὲ
1600 1405 1814 1461 Παύλου
1846 1407 1973 1459 ἐπι-

2091 1419 2305 1474 ὐιίὶεενὶ
2323 1418 2393 1475 de
2409 1419 2551 1475 istis.
2566 1416 2739 1475 Paulo
2769 1427 2950 1475 autem
2965 1417 3294 1489 appellante,
3316 1425 3379 1471 ut
3398 1429 3652 1471 servare-

387 1495 760 1566 καλεσαμένου
800 1496 1105 1568 τηρηθῆναι
1144 1498 1308 1553 αὑτὸν
1364 1500 1444 1563 είς
1517 1496 1621 1569 τὴν
1677 1496 1770 1551 τοῦ
1805 1497 1975 1583 Σεϐαῖ-

2091 1527 2164 1566 .ur
2183 1510 2252 1567 ad
2271 1513 2502 1583 Augusti
2517 1511 2905 1583 cegnitionem,
2925 1508 3064 1581 iussi
3083 1508 3292 1566 servari
3309 1522 3459 1573 eum,
3473 1507 3651 1563 donec

392 1588 524 1641 στοῦ
569 1587 896 1656 διάγνωσιν,
934 1589 1200 1643 ἐκέλευσα
1228 1589 1390 1643 αὐτὸν
1417 1588 1728 1660 τηρεῖσθαι,
1769 1589 1876 1651 ἓως
1903 1578 1966 1641 οὗ

2091 1603 2285 1657 nittam
2319 1578 2447 1658 eum
2500 1603 2568 1658 ad
2590 1578 2898 1659 Caesarem.
2926 1578 3177 1677 Agrippa
3201 1610 3384 1657 autem
3413 1601 3552 1658 dixit
3583 1603 3651 1657 ad

391 1677 706 1748 ἀναπέμψω
727 1679 888 1734 αὐτὸν
915 1680 1347 1753 πρὸς,Καίοαρα.
1395 1679 1706 1752 Ἀγρίππας
1745 1680 1801 1734 δὲ
1838 1681 1974 1753 προς

2091 1695 2323 1764 Festum,
2357 1695 2559 1752 Vellem
2601 1702 2656 1751 et
2703 1694 2824 1766 ipse
2878 1693 3155 1751 hominem
3205 1694 3401 1751 audire
3441 1710 3457 1748 :
3495 1695 3652 1761 Cras,

389 1769 485 1823 τδν
516 1769 726 1840 Φῆστον
752 1770 857 1842 ἔφη
889 1788 904 1804 ·
955 1771 1288 1844 Ἐϐουλόμην
1319 1774 1415 1827 καὶ
1438 1772 1603 1836 αὐτὸς
1629 1771 1723 1825 τοῦ
1760 1770 1973 1843 ἀνθρώ-

2091 1788 2275 1857 ῖηηιιὶῑ,
2313 1787 2505 1843 audies
2532 1802 2679 1844 eum.
2713 1787 2890 1844 Altera
2911 1794 3093 1842 autem
3118 1785 3227 1851 die,
3256 1801 3382 1853 cum
3404 1788 3651 1842 venisset

391 1879 497 1916 ¹ιιιου
530 1862 784 1950 ἀκοῦσαι.
835 1864 897 1918 Ὀ
921 1864 999 1928 δὲ,
1029 1863 1285 1936 Δῦυριον,
1328 1864 1514 1936 φησὶν,
1553 1864 1765 1939 ἀκούσῃ
1785 1865 1971 1921 αὐτοῦ.

2091 1878 2313 1950 Agrippa
2346 1888 2400 1934 et
2424 1877 2655 1933 Bernice
2689 1892 2811 1933 cum
2852 1877 3022 1931 multa
3052 1876 3374 1944 ambitione,
3400 1887 3453 1932 et
3482 1878 3659 1931 intro-

391 1954 474 2025 Τῇ
505 1949 600 2009 οὖν
652 1955 915 2027 ἐπαύριον
964 1926 1213 2021 ἐλθόντος
1390 1926 1690 2027 ’Ἀγρίππα
1735 1926 1832 2047 ἔξω
1874 1957 1974 2027 τῆς

2091 1926 2313 1950 wn"-
2349 1926 2400 1934 --
2424 1926 2653 1933 πω---
2694 1926 2810 1933 ---η
2852 1926 3022 1931 ---τη
3054 1926 3374 1944 --η-----,-,
3406 1926 3453 1932 --
3605 1926 3623 1931 -

2091 1970 2260 2025 issent
2286 1969 2341 2024 in
2369 1968 2707 2024 auditorium
2740 1983 2865 2023 cum
2897 1968 3138 2025 tribunis
3187 1979 3242 2024 et
3268 1966 3406 2023 viris
3454 1966 3659 2038 princi-

394 2047 686 2119 Βερνίκης,
720 2048 859 2119 μετά
897 2048 1100 2118 πολλῆς
1130 2050 1455 2121 φαντασίας,
1490 2051 1586 2105 καὶ
1619 2050 1974 2104 εἰσελθόντων

2091 2059 2299 2130 palibus
2354 2058 2616 2126 civitatis,
2687 2058 2915 2129 iubente
2964 2057 3153 2126 Festo,
3243 2058 3516 2115 adductus
3571 2068 3659 2113 est

392 2139 476 2200 είς
505 2138 573 2192 τὸ
591 2141 984 2214 ἀκροατήριον,
1021 2142 1119 2196 σύν
1144 2159 1204 2195 τε
1234 2143 1346 2206 τοῖς
1376 2141 1704 2213 χιλιάρχοις,
1745 2142 1838 2196 καὶ
1880 2142 1977 2195 ἀν-

2091 2152 2301 2208 Paulus.
2342 2151 2411 2206 Et
2439 2152 2575 2207 dicit
2605 2150 2843 2209 Festus:
2900 2153 3141 2224 Agrippa
3200 2166 3318 2215 rex,
3361 2159 3416 2207 et
3462 2164 3657 2206 omnes

392 2228 553 2300 δράσι
582 2233 696 2294 τοῖς
726 2233 855 2286 κατ’
872 2231 1066 2304 ἐξοχὴν
1094 2230 1214 2288 οὖσι
1238 2233 1338 2304 τῆς
1369 2232 1601 2301 πόλεως,
1643 2235 1740 2287 καὶ
1782 2233 1976 2288 κελεύ-

274 2391 281 2396 ν
399 2337 595 2385 σαντος
642 2322 736 2376 τοῦ
773 2323 1012 2395 Φήστου,
1069 2323 1213 2395 ἤχθη
1258 2325 1287 2377 ὁ
1318 2324 1550 2388 Παῦλος.
1603 2326 1712 2379 Καί
1744 2342 1911 2396 φησιν
1946 2327 1980 2377 ὸ

390 2413 600 2484 Φῆστος
623 2428 641 2444 ο
682 2413 959 2485 Ἀγρίππα
1001 2415 1246 2487 βασιλεῦ,
1279 2416 1373 2471 καὶ
1394 2416 1594 2482 πάντες
1621 2419 1673 2471 el
1725 2432 1981 2487 συμπαρ-

395 2502 553 2566 όντες
605 2504 747 2575 ἡμῖν
794 2505 988 2577 ἄνδρες
1009 2547 1024 2572 ,
1066 2508 1322 2579 θεωρεῖτε
1349 2507 1556 2575 τοῦτον,
1586 2510 1714 2579 περὶ
1748 2502 1811 2564 οὗ
1839 2506 1982 2562 ἅπαν

392 2595 459 2649 τὺ
485 2595 691 2668 πλῆθος
717 2596 831 2652 τῶν
877 2599 1152 2655 Ἰουδαίων
1186 2599 1443 2672 ἐνέτυχόν
1490 2617 1583 2671 μοι
1610 2599 1667 2654 εν
1710 2616 1771 2653 τε
1815 2596 1978 2669 Ἰερο-

398 2688 657 2760 σολύμοις
685 2690 781 2743 καὶ
810 2691 1021 2757 ἐνθάδε,
1052 2691 1404 2757 ἐπιϐοῶντες,
1433 2692 1514 2764 μὴ
1550 2692 1661 2746 δεῖν
1687 2690 1852 2747 αὑτὸν
1877 2688 1979 2763 ζῇν

400 2780 620 2852 μηκέτι.
666 2780 807 2852 Ἐγὼ
835 2782 895 2837 δὲ
922 2782 1387 2855 καταλαϐόμενος,
1426 2785 1596 2856 μηδὲν
1624 2784 1788 2840 αὑτὸν
1828 2781 1984 2851 ἄξιον

398 2870 635 2928 θανάτου
658 2875 1026 2948 πεπραχέναι,
1058 2877 1225 2932 αὑτοῦ
1250 2878 1308 2933 δὲ
1337 2878 1529 2933 τούτου
1570 2875 1979 2948 ἐπικαλεσαμέ-

400 2980 492 3021 νου
531 2967 623 3022 τὸν
661 2970 953 3038 Σεϐαστὸν,
990 2971 1182 3044 ἔκρινα
1219 2974 1465 3045 πέμπειν
1496 2974 1678 3030 αὐτόν.
1740 2973 1878 3045 Περὶ
1917 2970 1981 3026 οὖ

400 3062 644 3135 α’σφαλές
694 3079 748 3117 τι
801 3062 1013 3136 γράψαι
1065 3064 1144 3136 τῷ
1180 3067 1358 3140 κυρίῳ
1401 3084 1505 3138 μου
1558 3067 1660 3121 οὐκ
1705 3064 1835 3137 ἔχω.
1889 3065 1982 3125 Διδ

401 3156 722 3225 προήγαγον
769 3155 933 3210 αὑτὸν
970 3157 1039 3226 ἐφ
1082 3156 1261 3229 ὑμῶν,
1299 3158 1397 3212 καὶ
1441 3156 1678 3227 μάλιστα
1717 3155 1811 3209 επὶ
1860 3150 1979 3221 σοῦ,

2074 2244 2169 2315 qui
2196 2243 2361 2300 simul
2387 2243 2591 2300 adesus
2611 2243 2775 2315 306
2797 2242 3081 2299 nobiseum
3107 2242 3231 2307 viri,
3255 2241 3454 2297 videtis
3485 2240 3654 2301 hunc.

2072 2333 2140 2389 de
2160 2350 2267 2404 quo
2299 2335 2478 2390 omnis
2501 2335 2791 2389 multitudo
2820 2333 3136 2390 Judmorum
3166 2334 3536 2405 interpellavit
3567 2349 3655 2388 me

2089 2423 2468 2498 Jerosolymis,
2494 2434 2740 2497 petentes
2756 2434 2810 2480 et
2838 2425 3205 2482 acclamantes
3230 2439 3340 2480 non
3404 2432 3660 2493 oportere

2089 2533 2214 2575 eum
2241 2517 2424 2575 vivere
2442 2518 2695 2588 amplius.
2723 2517 2836 2588 Ego
2858 2532 2988 2573 vero
3007 2516 3253 2586 comperi
3281 2514 3416 2571 nihil
3434 2516 3657 2585 dignum

2088 2620 2262 2664 morte
2290 2624 2417 2665 eum
2457 2606 2766 2665 admisisse.
2803 2608 2928 2679 Ipso
2956 2618 3140 2664 autem
3192 2607 3299 2662 hoc
3353 2607 3662 2677 appellante

2086 2698 2152 2755 ad
2180 2701 2507 2770 Augustum,
2530 2697 2769 2769 iudicavi
2790 2699 3036 2765 mittere;
3069 2698 3135 2753 de
3165 2712 3273 2769 quo
3295 2697 3427 2769 quid
3453 2706 3661 2751 certum

2085 2789 2323 2846 scribam
2359 2790 2601 2855 domino,
2631 2804 2742 2846 non
2777 2789 2975 2845 habeo.
3017 2787 3251 2858 Propter
3314 2787 3463 2859 quod
3530 2802 3658 2857 pro-

2083 2881 2215 2935 duxi
2264 2896 2389 2937 eum
2422 2881 2489 2936 ad
2524 2896 2642 2946 vos,
2703 2890 2758 2936 et
2790 2881 3024 2936 maxlme
3074 2880 3142 2936 ad
3173 2889 3246 2945 te,
3274 2894 3369 2933 rex
3399 2877 3658 2948 Agrippa,

2084 2980 2144 3027 ut
2172 2973 2604 3045 interrogatione
2646 2973 2788 3029 facta
2820 2972 3047 3027 habeam
3074 2972 3206 3043 quid
3239 2970 3503 3028 scribam.
3531 2967 3663 3023 Sine

2085 3065 2297 3121 ratione
2365 3066 2510 3122 enim
2572 3066 2707 3121 mihi
2774 3065 2992 3122 videtur
3077 3065 3297 3121 mittere
3373 3062 3651 3126 vinctum,

2085 3167 2140 3213 et
2164 3174 2364 3217 causas
2393 3160 2514 3230 eius
2546 3175 2655 3216 non
2700 3160 3031 3232 signiﬁcare.

400 3245 623 3314 βασιλεῦ
640 3247 962 3319 Ἀγρίππα·
992 3248 1143 3314 ὅπως
1163 3248 1265 3319 τῆς
1284 3249 1627 3322 ἀνακρίσεως
1652 3246 1972 3320 γενομένης,
2016 3247 2129 3321 ἔχω
2177 3252 2232 3307 τί
2299 3252 2514 3324 γράψω.
2571 3252 2800 3324 ΙἈλογον
2832 3253 2941 3328 γάρ
3014 3269 3106 3325 μοι
3157 3251 3337 3317 δοκεῖ,
3378 3247 3709 3322 πέμποντσι

399 3337 644 3409 δέσμιον,
682 3339 760 3410 μὴ
790 3340 883 3395 καὶ
907 3341 1010 3406 τάς
1035 3341 1160 3396 κατ’
1188 3342 1351 3397 αὐτὸν
1373 3342 1554 3409 αἰτίας
1600 3344 1864 3414 σημᾶναι.

996 3436 1384 3493 ΕΡΜΗΝΕΙΔ.

470 3522 742 3578 Σεϐαστὸν
770 3527 1226 3598 καταχρηστικῶς
1246 3527 1336 3584 τὸν
1355 3528 1582 3601 βασιλέα
1605 3531 1780 3599 καλεί,
1801 3531 1990 3603 ὥσπερ

404 3615 504 3669 καὶ
538 3614 796 3688 Καίσαρα
835 3632 854 3650 θ
904 3617 967 3671 ὃν
1012 3619 1378 3690 παρακατιὼν
1430 3621 1531 3677 καὶ
1584 3622 1775 3695 κύριον
1805 3623 1985 3690 καλεῖ,

403 3706 579 3776 λέγων
609 3722 624 3738 ·
679 3726 700 3761 ι
736 3707 873 3780 Περὶ
909 3701 972 3765 οὗ
1030 3727 1088 3765 τι
1149 3711 1358 3784 γράψαι
1411 3712 1495 3785 τῷ
1530 3714 1711 3786 κυρίῳ
1748 3732 1853 3783 μου
1886 3714 1990 3769 οὐκ

404 3797 538 3869 ἔχω.
572 3818 592 3852 ι
1522 3830 1527 3833 -

404 3890 652 3946 Παύλου
683 3891 979 3963 ἀπολογία
1007 3892 1142 3963 περί
1169 3893 1379 3949 αὑτοῦ.
1423 3894 1566 3963 Περὶ
1595 3894 1704 3966 τῆς
1732 3898 1803 3953 ἐν
1826 3900 1989 3969 νόμῳ

475 3983 800 4053 θρησκείας
826 3983 1054 4051 αὑτοῦ,
1103 3986 1203 4040 καὶ
1257 3985 1535 4056 κλήσεως
1561 3991 1751 4046 αὐτοῦ
1789 3995 1877 4060 είς
1919 3994 1987 4049 τὸ

473 4071 845 4144 Eiram-utor
876 4088 895 4107 ο
944 4075 1029 4144 ὡς
1068 4076 1253 4132 οὐδὲν
1313 4077 1516 4134 ἀδικεῖ
1552 4081 1889 4152 Ἰουδαίους
1950 4087 1984 4140 ό

480 4165 745 4234 Παῦλος,
793 4166 1125 4237 Ἀγρίππας
1158 4167 1278 4240 ἔφη
1308 4168 1390 4236 τῷ
1419 4171 1655 4243 Φήστῳ.
1971 4200 1975 4203 Α

409 4256 556 4330 Μηνὶ
582 4258 773 4331 Μαΐῳ,
802 4256 891 4315 κα⁸
925 4258 1034 4315 τῶν
1063 4260 1237 4332 ἁγίων
1281 4263 1545 4334 βασιλέων
1575 4266 1987 4323 Κωνσταντίνου

1011 4355 1110 4409 καὶ
1147 4353 1392 4424 Ἑλένης.

998 4444 1273 4499 KEIMEN
1277 4445 1370 4499 ΟΝ
1380 4485 1392 4499 .

492 4533 807 4607 Ἀγρίππας
838 4534 897 4590 δὲ
932 4536 1071 4607 πρὸς
1093 4536 1187 4591 τὸν
1228 4534 1439 4590 Παῦλον
1471 4537 1575 4608 ἔφη
1600 4555 1613 4569 ·
1670 4539 1993 4611 Ἐπιτέτραρ

409 4625 545 4679 πται
581 4642 665 4679 σοι
695 4624 878 4694 λέγειν
902 4625 1046 4697 ὑπὲρ
1066 4623 1317 4679 σεαυτοῦ.
1343 4625 1477 4680 Τότε
1500 4627 1529 4679 ὁ
1552 4626 1789 4691 Παῦλος,
1811 4627 1994 4683 ἐκτεί-

411 4734 508 4787 νας
539 4714 639 4788 τὴν
671 4717 852 4788 χεῖρα,
887 4716 1238 4786 ἀπελογεῖτοο
1274 4716 1415 4787 Περὶ
1448 4716 1673 4771 πάντων
1713 4712 1793 4773 ὧν
1825 4721 1992 4786 ἐγκα-

2597 3429 3166 3492 COMMENTARIUS.

2164 3530 2358 3587 Festus
2398 3530 2787 3600 imperatorem
2835 3525 3138 3598 imprOprie
3203 3524 3513 3593 Augustum
3565 3533 3667 3571 vo.

2095 3634 2205 3690 cat,
2256 3620 2724 3694 quemadmodum
2792 3630 2847 3675 et
2898 3618 3220 3675 Caesarem:
3282 3630 3447 3686 quem
3503 3611 3667 3667 etiam

2093 3720 2280 3785 postea
2308 3713 2590 3768 dominum
2651 3710 2912 3783 appellat.
2942 3710 3135 3766 dicens
3166 3726 3180 3762 :
3208 3725 3228 3759 ι
3288 3707 3364 3762 De
3389 3720 3500 3777 quo
3532 3704 3664 3775 quid

2092 3816 2304 3861 certum
2331 3804 2567 3860 scribam
2605 3802 2827 3858 domino
2856 3816 2966 3855 non
2996 3802 3190 3856 habeo.
3229 3818 3248 3850 ι

2093 3895 2257 3951 Pauli
2288 3894 2533 3966 apologia
2566 3908 2661 3961 pro
2683 3891 2892 3961 seipse.
2926 3891 3005 3945 De
3046 3905 3143 3944 suo
3175 3887 3326 3944 cultu
3355 3887 3411 3941 in
3456 3885 3584 3954 lege,
3616 3893 3668 3938 et

2160 3989 2426 4044 vacatione
2468 3987 2537 4039 ad
2574 3982 2923 4059 Evangelium
2953 3997 2973 4037 :
2999 3990 3049 4037 et
3090 3980 3231 4054 quod
3260 3980 3492 4051 Agrippa
3521 3977 3668 4032 diuo

2160 4081 2231 4134 rit
2253 4075 2433 4146 Festo,
2463 4076 2693 4132 Paulum
2722 4075 2872 4131 nulla
2898 4074 3103 4145 injuria
3123 4072 3361 4144 aﬁ‘ecisse
3378 4068 3598 4125 Judwos

2164 4253 2349 4311 Mense
2407 4251 2569 4318 Maio,
2621 4251 2710 4307 die
2744 4250 2839 4314 Ἃ,
2897 4258 3217 4308 sanctorum
3277 4249 3668 4321 imperatorqu

2548 4343 2890 4402 Constantini
2938 4353 2994 4401 et
3032 4344 3268 4402 llelenze.

2163 4530 2354 4598 XXVI,
2374 4531 2528 4587 1-20.
2550 4436 3032 4602 ΑετίριῖιΕᾷἷέιΞ
3050 4504 3276 4582 Paulum
3300 4524 3410 4580 ait:
3434 4523 3667 4580 Permit-

2092 4627 2228 4681 titur
2264 4625 2360 4681 tibi
2390 4624 2536 4696 loqui
2571 4637 2669 4694 pro
2699 4622 3006 4691 temetipso.
3028 4617 3182 4674 Tunc
3210 4617 3414 4672 Paulus
3440 4624 3661 4671 extenta

2094 4733 2258 4773 manu
2284 4717 2449 4786 ccepit
2480 4716 2751 4771 rationem
2770 4712 2999 4768 reddere
3026 4728 3040 4765 :
3063 4711 3140 4765 De
3164 4708 3438 4773 omnibus,
3472 4704 3673 4777 quibus

408 4809 608 4880 λοῦμαι
650 4808 757 4864 ὑπὸ
801 4808 1113 4875 Ἰουδαίων,
1148 4806 1373 4879 βασιλεῦ
1427 4808 1739 4879 Ἀγρίππα,
1772 4809 1987 4882 ἥγημαι

2095 4822 2329 4865 accusor
2357 4822 2387 4862 a
2413 4804 2638 4871 Iudaeis,
2665 4819 2764 4862 rex
2791 4802 3052 4874 Agrippa,
3079 4800 3289 4857 aestimo
3319 4813 3410 4856 me
3429 4799 3670 4863 beatum,

411 4904 649 4974 ἐμαυτὸν
693 4905 988 4977 μακάριον,
1041 4904 1137 4958 ἐπὶ
1185 4902 1282 4958 σοῦ
1325 4902 1540 4975 μέλλων
1579 4904 1822 4975 σήμερον
1855 4905 1993 4958 ἀπορ

409 4996 708 5064 λογεῖσθαι.
766 4996 1022 5051 Μάλιστα
1076 4996 1327 5066 γνώστην
1374 4995 1504 5050 ὄντα
1533 5012 1593 5049 σε
1625 4996 1848 5050 πάντων
1877 4997 1989 5052 τῶν

410 5091 553 5144 κατά
606 5090 895 5154 Ἰουδαίους
929 5088 1080 5161 ἠθῶν
1122 5106 1183 5142 τε
1213 5088 1311 5143 καὶ
1345 5088 1700 5160 ζητημάτων.
1758 5088 1852 5143 Διὸ
1877 5088 1993 5144 δέον

414 5185 514 5255 μαί
539 5202 632 5239 σου
660 5181 1038 5257 μακροθύμως
1070 5180 1310 5236 ἀκοῦσαί
1333 5199 1458 5253 μου.
1483 5180 1600 5253 Τὴν
1625 5180 1727 5253 μὲν
1748 5176 1844 5237 οὖν
1865 5181 1993 5252 βίω-

413 5275 500 5330 σίν
534 5294 638 5348 μου
669 5276 769 5348 τὴν
798 5278 864 5329 ὲκ
895 5273 1167 5346 νεότητος,
1223 5273 1324 5342 τὴν
1354 5273 1448 5328 ἀπ’
1475 5273 1654 5345 ἀρχῆς
1685 5272 1991 5345 γενομένην

411 5369 473 5420 ἐν
501 5367 579 5443 τῷ
602 5366 754 5422 ἔθνει
799 5384 928 5439 μου,
960 5367 1022 5422 έν
1061 5365 1481 5440 Ἰεροσολύμοις,
1519 5364 1666 5419 ῐσασι
1708 5365 1913 5430 πάντες
1940 5366 1993 5420 el

426 5459 713 5523 Ἰουδαῖοι,
770 5457 1244 5535 προγινώσκοντές
1288 5474 1356 5528 με
1406 5456 1638 5524 ἄνωθεν,
1671 5457 1769 5513 ὲάν
1797 5457 1994 5512 θέλωσι

416 5554 745 5624 μαρτυρεῖν,
787 5552 872 5609 δτι
901 5552 1044 5607 κατά
1071 5552 1173 5623 τὴν
1207 5551 1614 5622 ἀκρισεστάτην
1642 5551 1856 5622 αίρεσιν
1891 5550 1993 5622 τῆς

414 5643 698 5715 ἡμετέρας
730 5643 1034 5715 θρησκείας
1067 5643 1239 5715 ἔζησα
1266 5645 1583 5714 Φαρισαῖος.
1633 5643 1748 5697 Καὶ
1774 5642 1871 5699 νῦν
1904 5643 1992 5698 ἐπ’

413 5733 594 5787 ἑλπίδι
633 5737 731 5806 τῆς
783 5735 923 5806 πρὸς
974 5735 1103 5799 τοὺς
1145 5737 1392 5808 πατέρας
1444 5735 1602 5807 ἡμῶν
1658 5735 1992 5805 ἐπαγγελίας

412 5827 720 5899 γενομένης
766 5829 874 5884 ὑπὸ
923 5827 1023 5883 τοῦ
1075 5827 1211 5883 Θεοῦ
1247 5828 1454 5899 ἕστηκα
1506 5827 1824 5899 κρινόμενος
1862 5845 1875 5860 ·
1912 5830 1991 5894 είς

419 5919 490 5989 ἣν
525 5917 584 5971 τὸ
628 5917 1011 5990 δωδεκάφυλον
1055 5919 1212 5992 ἡμῶν
1262 5920 1317 5973 ὲν
1366 5917 1619 5989 ἐκτενείᾳ
1676 5918 1846 5974 νύκτα
1900 5920 1991 5975 καὶ

2096 4899 2240 4972 apud
2278 4909 2330 4954 te
2355 4913 2479 4954 eum
2507 4897 2610 4954 sim
2640 4895 2970 4952 defensurus
3009 4909 3096 4950 me
3137 4891 3320 4957 hodie,
3352 4889 3590 4946 maxime
3618 4895 3672 4943 te

2096 4991 2307 5047 sciente
2344 4989 2552 5056 omnia,
2576 4998 2634 5046 et
2658 5002 2779 5060 qua:
2803 4986 2946 5058 apud
2977 4983 3200 5042 Iudaeos
3224 4990 3355 5040 sunt
3383 4988 3676 5038 eonsuetm

2093 5083 2252 5141 dines
2284 5090 2340 5140 et
2371 5082 2707 5159 quaestiones
2738 5097 2755 5136 :
2811 5088 3037 5152 propter
3065 5074 3236 5149 quod,
3270 5076 3521 5140 obsecro,
3574 5086 3672 5143 pa—
3736 5080 3741 5085 ·

2096 5176 2295 5234 tienter
2349 5191 2436 5239 me
2489 5173 2704 5231 audias.
2780 5172 2850 5228 Et
2899 5171 3120 5243 quidem
3176 5167 3348 5225 vitam
3407 5179 3584 5222 meam
3639 5177 3673 5217 a

2095 5268 2406 5339 iuventute,
2464 5281 2589 5338 qua:
2649 5264 2720 5323 ab
2779 5264 2938 5321 initio
2997 5262 3107 5318 fuit
3164 5260 3222 5316 in
3252 5265 3411 5337 gente
3439 5269 3560 5311 mea
3612 5252 3669 5309 in

2098 5358 2485 5432 Jerosolymis,
2513 5364 2788 5414 noverunt
2813 5367 3004 5413 omnes
3039 5350 3212 5410 Judaei
3249 5366 3265 5405 :
3320 5350 3673 5422 praescientes

2101 5467 2189 5508 me
2243 5450 2312 5507 ab
2374 5450 2535 5508 initio
2591 5449 2684 5527 (si
2710 5448 2882 5506 velint
2930 5444 3306 5504 testimonium
3358 5436 3713 5512 perhibere)‘

2100 5543 2363 5615 quoniam
2418 5543 2723 5603 secundum
2776 5539 3142 5596 certissimam
3209 5544 3415 5592 sectam
3468 5539 3672 5588 nostra:

2100 5635 2385 5708 religionis
2414 5633 2525 5691 vixi
2554 5631 2887 5689 Pharismus.
2928 5629 2994 5686 Et
3031 5644 3198 5695 nunc,
3233 5628 3290 5683 in
3323 5640 3419 5697 spe
3446 5640 3569 5698 quae
3596 5628 3665 5679 ad

2103 5738 2288 5800 patres
2319 5735 2546 5785 nostros
2564 5725 3012 5799 repromissionis
3058 5722 3202 5779 facta
3232 5730 3318 5779 est
3348 5734 3379 5775 a
3406 5718 3539 5788 Deo,
3586 5724 3674 5774 sto

2094 5820 2308 5892 iudicio
2333 5818 2615 5890 subjectus
2644 5834 2659 5872 :
2689 5818 2748 5876 in
2780 5818 2970 5890 quam
3008 5814 3297 5873 duodecim
3339 5813 3520 5871 tribus
3571 5825 3674 5867 uc-

2101 5923 2253 5982 strze,
2301 5921 2463 5972 nocte
2485 5928 2547 5971 ac
2592 5913 2681 5971 die
2711 5910 3101 5978 descrvicntcs,
3127 5916 3349 5981 sperant
3396 5901 3673 5964 devenire.
