4082 6438
433 508 572 570 1013

1376 514 1952 574 THEOPIIYLACTI
1993 515 2402 578 BULGAHIzE
2439 521 2799 582 ARCHIEP.

3549 515 3684 582 1044

426 623 504 676 De
537 639 642 691 qua
673 638 772 692 spe
799 636 1034 678 accusor
1069 640 1097 678 a
1121 622 1348 687 Judmis,
1408 642 1522 680 rex.
1555 624 1696 692 Quid
1758 627 1996 681 incredi—

2116 629 2318 714 ἡμέραν
2353 632 2617 701 λατρεῦον
2656 631 2869 698 ἐλπίζει
2905 635 3266 704 καταντῆσαι.
3321 633 3458 704 Περὶ
3487 629 3556 705 ἧς
3597 636 3690 686 ἐλ-

430 715 539 768 bile
566 714 848 782 iudicatur
877 714 1020 785 apud
1045 731 1162 780 vos,
1193 716 1238 771 si
1277 717 1422 772 Deus
1454 727 1702 772 mortuos
1732 718 2004 773 suscitat?

429 807 496 860 Et
526 822 628 875 ego
658 807 880 876 quidem
939 808 1402 874 existimaveram,
1433 825 1518 863 me
1545 809 1810 864 adversus
1837 811 1998 880 307

429 914 632 952 nomen
716 898 846 954 Jesu
913 899 1180 954 Nazareni
1235 901 1434 955 debere
1495 903 1669 955 multo
1727 904 2003 956 contraria

430 1007 636 1060 agere':
669 992 811 1057 quod
840 998 894 1046 et
927 992 1028 1046 feci
1052 991 1435 1062 Jerosolymis,
1465 1004 1524 1048 et
1549 995 1750 1049 multos
1785 1004 2009 1049 sancto—

430 1101 550 1138 rum
575 1099 676 1155 ego
710 1085 760 1138 in
789 1085 1104 1140 carceribus
1149 1086 1372 1152 inclusi,
1421 1103 1450 1140 a
1520 1087 1860 1156 principibus
1919 1103 2008 1142 sa-

428 1177 713 1230 cerdotum
745 1185 1017 1246 potestate
1072 1184 1344 1246 accepta;
1401 1187 1454 1232 et
1521 1193 1645 1232 cum
1687 1178 2008 1233 occideren-

429 1274 538 1329 tur,
567 1265 735 1320 detuli
783 1266 1136 1322 sentenliam.
1175 1267 1239 1319 Et
1274 1283 1372 1337 per
1425 1284 1616 1323 omnes
1695 1283 2007 1340 synagogas

436 1357 755 1426 frequenter
789 1357 1026 1426 puniens
1056 1373 1175 1421 eos,
1217 1359 1608 1429 compellebam
1666 1361 2010 1430 blasphema-

428 1465 522 1514 re;
555 1457 610 1504 et
647 1449 886 1519 amplius
924 1449 1210 1504 insaniens
1234 1450 1288 1504 in
1329 1465 1448 1513 eos,
1501 1453 1873 1521 persequebar
1910 1469 2006 1507 us-

430 1557 541 1610 que
570 1541 624 1594 in
655 1551 876 1596 exteras
899 1542 1172 1598 civitates.
1207 1541 1266 1596 Iu
1315 1543 1519 1612 quibus
1552 1543 1681 1596 dum
1734 1544 1866 1597 irem
1904 1543 2009 1597 Da-

430 1649 676 1689 mascum
724 1650 850 1690 eum
921 1641 1189 1704 potestate
1240 1643 1294 1689 et
1349 1635 1622 1704 permissu
1701 1637 2009 1705 principum

429 1728 802 1788 sacerdotum,
837 1726 926 1781 die
986 1728 1162 1783 media
1199 1728 1254 1781 in
1316 1727 1402 1782 via
1437 1727 1564 1790 vidi,
1607 1745 1723 1791 rex,
1751 1729 1819 1784 de
1870 1731 2011 1784 ρωΙο

439 1833 608 1888 supra
635 1817 983 1902 splendorem
1038 1819 1170 1872 solis
1201 1817 1642 1873 circumfulsisse
1683 1835 1766 1874 me
1801 1821 2007 1885 lumen,

431 1919 486 1963 ιιι
511 1926 606 1965 eos
650 1910 744 1980 qui
776 1925 986 1965 mecum
1015 1911 1178 1966 simul
1202 1919 1377 1964 erant.
1400 1909 1711 1982 Omnesque
1741 1928 1843 1968 nos
1884 1930 2007 1968 cum

432 2003 907 2058 decidissemusin
947 2011 1172 2062 terram,
1234 2002 1419 2056 audivi
1451 2019 1637 2058 vocem
1694 2004 2008 2073 loquentem

433 2096 564 2152 mihi
592 2094 860 2151 liebraica
889 2096 1072 2166 lingua
1101 2113 1116 2148 :
1152 2095 1340 2160 Saule,
1367 2096 1552 2163 Saule,
1584 2096 1718 2166 quid
1746 2112 1834 2152 me
1881 2113 2007 2167 per-

429 2189 726 2259 sequeris?
769 2189 970 2244 durum
1005 2197 1088 2244 est
1141 2188 1240 2242 tibi
1293 2197 1488 2243 contra
1565 2190 1850 2244 stiu'iulum
1892 2190 2008 2244 cal-

433 2284 654 2337 citrare.
689 2281 801 2352 Ego
833 2289 1014 2336 autem
1041 2279 1152 2334 dixi
1183 2281 1354 2347 :Quis
1379 2289 1489 2345 est,
1519 2280 1748 2337 Domine
1775 2281 2009 2336 ?Domi-

434 2392 540 2430 nus
569 2384 750 2429 autem
783 2373 923 2427 dixit
961 2389 981 2429 :
1014 2373 1126 2443 Ego
1160 2388 1282 2428 sum
1311 2371 1474 2430 Iesus
1512 2389 1673 2442 quem
1706 2383 1762 2427 tu
1821 2389 2009 2444 perse-

433 2467 646 2538 queris.
676 2465 784 2520 Sed
819 2481 1080 2534 exsurge,
1113 2473 1168 2521 et
1199 2474 1280 2519 sta
1311 2479 1477 2533 super
1504 2465 1670 2534 pedes
1729 2473 1853 2519 tuos
1887 2486 1898 2519 ε
1941 2465 2008 2522 ad

435 2563 542 2615 hoc
572 2560 719 2614 enim
750 2558 980 2629 apparui
1017 2557 1139 2620 tibi,
1174 2565 1233 2611 ut
1259 2557 1592 2612 constituam
1623 2566 1674 2611 te
1695 2557 2007 2612 ministrum

433 2663 488 2707 et
538 2661 730 2707 testem
784 2665 972 2706 eorum
1032 2665 1154 2718 quae
1205 2648 1408 2714 vidisti,
1461 2657 1516 2705 et
1559 2664 1748 2703 eorum
1806 2648 2009 2717 quibus

433 2745 709 2816 apparebo
735 2743 862 2811 tibi,
891 2742 1132 2811 eripiens
1168 2750 1223 2796 te
1254 2741 1322 2796 de
1359 2741 1582 2811 populo,
1636 2751 1692 2794 et
1728 2740 2009 2810 gentibus,

436 2838 491 2891 in
527 2852 665 2907 quas
704 2851 855 2890 nunc
884 2849 986 2905 ego
1020 2834 1185 2888 mitto
1215 2843 1290 2898 te,
1323 2834 1540 2902 aperire
1570 2833 1764 2887 oculos
1788 2846 2007 2894 eorum,

438 2937 500 2982 ut
531 2935 928 2984 convertantur
958 2941 986 2980 a
1023 2926 1268 2982 tenebris
1293 2927 1360 2979 ad
1394 2926 1596 2990 lucem,
1628 2936 1680 2980 et
1709 2924 1777 2979 de
1829 2936 2013 2994 pones.-

438 3027 549 3072 tate
584 3014 804 3072 Satana:
833 3016 902 3076 ad
936 3016 1126 3082 Deum,
1189 3026 1246 3073 ut
1281 3015 1551 3084 accipiant
1618 3015 2008 3070 remissionem

437 3117 787 3176 peccatorum
839 3117 895 3166 et
945 3117 1148 3164 sortem
1205 3109 1347 3163 inter
1396 3117 1620 3164 sanctos
1676 3123 1770 3177 per
1825 3107 2007 3174 fidem,

436 3218 559 3273 quze
590 3213 674 3259 est
700 3203 752 3259 in
785 3217 891 3260 me.
926 3201 1103 3271 Unde,
1147 3217 1242 3258 rex
1286 3201 1545 3273 Agrippa,
1577 3215 1685 3257 non
1721 3199 1797 3255 fui
1829 3201 2010 3255 incre-

2109 721 2259 784 πίδος
2298 723 2634 794 ἐγκαλοῦμαι
2680 725 2790 778 ὑπὸ
2829 724 3119 786 Ἰουδαίων,
3147 723 3392 793 βασιλεῦ.
3442 725 3486 776 Τ
3492 725 3508 776 ί
3555 725 3687 778 άπι-

2110 833 2234 868 στον
2264 816 2510 888 κρίνεται
2541 819 2672 888 παρ’
2700 819 2852 888 ὑμῖν,
2880 820 2930 870 εἰ
2955 819 2984 869 ὁ
3016 818 3152 881 Θεὸς
3176 818 3407 886 νεκροὺς
3443 817 3687 887 ἐγείρει;

2122 907 2266 973 Ἐγὼ
2306 909 2403 976 μὲν
2437 904 2531 962 οὖν
2579 909 2735 973 ἔδοξα
2786 909 3009 978 ἐμαυτῷ
3036 910 3174 979 πρὸς
3207 909 3271 962 τὸ
3304 908 3476 978 ὄνομα
3505 909 3686 978 Ἰησοῦ

2109 999 2202 1053 τοῦ
2231 1000 2554 1072 Ναζωραίου
2583 1003 2692 1054 δεῖν
2722 1002 2895 1055 πολλὰ
2940 1001 3159 1056 ἐναντία
3199 999 3428 1072 πρᾶξαι.
3497 1003 3562 1054 ὐ
3595 1002 3689 1052 καὶ

2109 1093 2345 1162 ἐποίησα
2395 1095 2453 1144 ἐν
2496 1092 2892 1163 Ἰεροσολύμοις
2918 1108 2934 1123 ⁸
2981 1091 3211 1153 πολλούς
3255 1109 3315 1144 τε
3362 1090 3470 1146 τῶν
3510 1091 3687 1158 ἁγίων

2111 1183 2224 1251 ἐγὼ
2256 1185 2527 1253 φυλακαῖς
2555 1186 2908 1248 κατέκλεισα,
2937 1185 3040 1255 τὴν
3067 1183 3222 1254 παρὰ
3246 1183 3356 1235 τῶν
3380 1183 3686 1252 ἀρχιερέων

2110 1275 2362 1340 ἐξουσίαν
2396 1276 2608 1328 λαϐὼν·
2637 1275 3050 1344 ἀναιρουμένων
3079 1275 3136 1328 δὲ
3164 1273 3342 1326 αὐτῶν
3373 1273 3689 1341 κατήνεγκα

2110 1367 2294 1435 ψῆφον
2328 1385 2342 1399 ο
2397 1369 2492 1420 καὶ
2527 1368 2670 1422 κατὰ
2721 1367 2905 1429 πάσας
2935 1367 3034 1428 τὰς
3066 1363 3394 1432 συναγωγὰς
3427 1363 3691 1426 πολλάκις

2110 1459 2370 1530 τιμωρῶν
2424 1460 2645 1522 αὐτοὺς,
2698 1457 3016 1530 ἠνάγκαζον
3069 1457 3453 1528 βλασφημεῖν·
3496 1472 3693 1524 περισ-

2114 1552 2222 1615 σῶς
2263 1568 2324 1604 τε
2381 1551 2786 1621 ἐμμαινόμενος
2837 1551 3020 1613 αὐτοῖς
3045 1591 3061 1614 ,
3091 1549 3318 1601 ἐδίωκον
3353 1547 3460 1610 ἕως
3489 1545 3586 1599 καὶ
3607 1547 3691 1608 εἰς

2111 1641 2208 1703 τὰς
2235 1641 2341 1705 ἔξω
2372 1641 2580 1704 πόλεις.
2651 1642 2739 1694 Ἐν
2765 1635 2846 1703 οἷς
2878 1639 3244 1709 πορευόμενος
3272 1639 3353 1701 είς
3377 1637 3476 1706 τὴν
3504 1639 3692 1705 Δαμα-

2115 1734 2243 1786 σκὸν
2274 1732 2390 1800 μετ’
2417 1732 2668 1798 ἐξουσίας
2702 1732 2798 1785 καὶ
2835 1715 3140 1798 ἐπιτροπῆς
3171 1728 3324 1797 παρὰ
3366 1728 3475 1780 τῶν
3501 1727 3690 1796 ἀρχιε-

2117 1823 2276 1893 ρέων,
2313 1823 2527 1894 ἡμέρας
2569 1825 2762 1894 μέσης,
2803 1824 2944 1876 κατὰ
2973 1822 3074 1891 τὴν
3098 1821 3218 1874 ὁδὸν
3245 1817 3408 1886 ε’δον,
3434 1818 3688 1888 βασιλεῦ,

2112 1915 2405 1986 οὐρανόθεν
2450 1915 2598 1986 ὑπὲρ
2637 1915 2737 1984 τὴν
2790 1913 3158 1982 λαμπρότητα
3203 1911 3300 1965 τοῦ
3333 1911 3488 1981 ἡλίου
3532 1927 3694 1978 περι-

2110 2006 2334 2076 λάμψαν
2381 2023 2448 2075 με
2496 2005 2634 2074 φῶς,
2669 2005 2766 2058 καὶ
2799 2004 2926 2066 τοὺς
2981 2004 3080 2056 σὺν
3109 2003 3232 2071 ἐμοὶ
3264 2000 3688 2071 πορευομένους.

2111 2099 2336 2153 Πάντων
2356 2113 2416 2149 τε
2445 2097 2866 2149 καταπεσόντων
2899 2094 3057 2164 ἡμῶν
3085 2093 3167 2155 είς
3188 2093 3288 2160 τὴν
3317 2092 3443 2161 γῆν,
3476 2090 3690 2160 ἥκουσα

2124 2190 2310 2259 φωνῆς
2355 2185 2620 2257 λεγούσης
2664 2186 2809 2256 πρός
2856 2201 2926 2254 με
2977 2186 3042 2253 τῇ
3089 2181 3334 2252 Ἐϐραΐδι
3379 2179 3648 2247 διαλέκτῳ
3674 2195 3687 2208 σ

2113 2281 2303 2346 Σαοὺλ,
2331 2280 2522 2343 Σαοὺλ,
2555 2280 2606 2332 τί
2638 2296 2704 2348 με
2727 2277 2977 2342 διώκεις;
3011 2274 3246 2344 σκληρόν
3278 2289 3362 2326 σοι
3393 2271 3531 2342 πρὸς
3560 2270 3687 2322 κέν-

2110 2394 2214 2446 τρα
2244 2374 2542 2438 λακτίζειν.
2594 2373 2737 2439 Ἐγὼ
2761 2372 2819 2425 δέ
2849 2367 2982 2424 εἶπα
3002 2385 3016 2398 ·
3048 2368 3146 2432 Τίς
3177 2363 3248 2431 εί,
3291 2366 3500 2436 Κύριε;
3541 2365 3602 2416 ’0
3632 2364 3695 2420 δὲ

2119 2468 2323 2538 Κύριος
2353 2461 2507 2519 εἶπεν
2539 2482 2552 2495 ·
2624 2463 2766 2532 Ἐγώ
2806 2463 2925 2532 εἰμι
2976 2458 3189 2530 Ἰησοῦς
3235 2455 3296 2509 ὃν
3336 2455 3400 2508 σὺ
3447 2452 3696 2513 διώκεις.

2123 2559 2263 2614 Ἀλλ’
2313 2556 2600 2626 ἀνάστηθι,
2631 2555 2724 2609 καὶ
2756 2553 2914 2623 στῆθι
2951 2552 3046 2604 ἐπὶ
3081 2551 3209 2611 τοὺς
3244 2546 3412 2609 πόδας
3439 2562 3534 2598 σου
3555 2561 3570 2573 ο
3606 2544 3690 2604 είς

2109 2652 2270 2707 τοῦτο
2304 2651 2414 2721 γὰρ
2438 2647 2630 2718 ὤφθην
2667 2663 2774 2712 σοι,
2817 2639 3272 2714 προχειρίσασθαί
3300 2655 3361 2690 σε
3404 2635 3689 2706 ὑπηρέτην

2110 2745 2207 2799 καὶ
2242 2743 2517 2815 μάρτυρα,
2567 2735 2642 2794 ὢν
2693 2757 2754 2793 τε
2795 2733 2955 2803 εἶδες,
2997 2731 3073 2791 ὦν
3119 2752 3180 2788 τε
3209 2730 3523 2804 ὀφθήσομαί
3555 2745 3639 2782 σοι
3670 2743 3686 2757 ο

2111 2835 2500 2907 ἐξαιρούμενός
2533 2849 2592 2886 σε
2633 2834 2696 2885 ἐκ
2727 2830 2826 2884 τοῦ
2849 2830 2979 2883 λαοῦ
3020 2828 3130 2881 τῶν
3171 2824 3468 2884 Ἰουδαίων,
3501 2821 3594 2874 καὶ
3622 2819 3691 2872 ἐκ

2109 2932 2220 2985 τῶν
2255 2929 2445 2988 ἐθνῶν,
2483 2927 2563 2988 εἰς
2592 2923 2687 2988 οὓς
2716 2923 2812 2977 νῦν
2841 2919 2953 2988 ἐγὼ
2983 2913 3332 2984 ἐξαποστελῶ
3358 2931 3442 2978 σε,
3471 2909 3688 2973 ἀνοῖξαι

2110 3021 2424 3092 ὀφθαλμοὺς
2457 3016 2638 3072 αὐτῶν
2664 3056 2678 3080 ,
2712 3012 2807 3068 τοῦ
2850 3009 3176 3083 ἐπιστρέψαι
3215 3005 3324 3060 ἀπὸ
3351 3009 3575 3065 σκότους
3608 3001 3690 3062 εἰς

2112 3116 2250 3186 φῶς,
2273 3115 2369 3170 καὶ
2401 3112 2510 3166 ἀπὸ
2535 3111 2633 3178 τῆς
2660 3106 2911 3172 ἐξουσίας
2940 3102 3037 3158 τοῦ
3068 3099 3286 3154 Σατανᾶ
3307 3097 3399 3150 ἐπὶ
3421 3095 3512 3148 τὸν
3530 3092 3685 3145 Θεόν⁸

2111 3210 2206 3270 τοῦ
2233 3207 2416 3262 λαϐεῖν
2456 3202 2654 3265 αὐτοὺς
2684 3202 2877 3270 ἄφεσιν
2907 3194 3222 3268 ἁμαρτιῶν,
3269 3191 3364 3244 καὶ
3407 3187 3605 3254 κλῆρον
3631 3186 3690 3236 ἐν

439 3297 600 3352 ιΙιιιιιε
628 3295 842 3351 ccclein
873 3294 1070 3350 visioni
1106 3312 1121 3349 :
1162 3293 1257 3349 sed
1309 3293 1418 3360 bis,
1443 3293 1536 3363 qui
1601 3303 1732 3348 sunt
1763 3291 2009 3346 Damasci

2116 3304 2226 3364 τοίς
2253 3297 2630 3370 ἡγιασμένοις,
2668 3293 2852 3347 πίστει
2878 3291 2952 3361 τῇ
2976 3291 3055 3350 είς
3088 3285 3212 3355 ἐμέ.
3243 3281 3429 3343 Ὅθεν,
3466 3273 3693 3348 βασι).εῆ

445 3387 682 3455 primum
743 3397 797 3440 et
853 3383 1233 3456 Jerosolymis,
1283 3395 1339 3440 et
1377 3385 1432 3439 iu
1482 3399 1698 3439 omnem
1733 3384 2009 3453 regionem

2126 3394 2428 3466 Ἀγρίππα,
2460 3391 2561 3442 οὐκ
2590 3386 2864 3456 ἐγενόμην
2886 3381 3118 3451 ἀπειθὴς
3154 3381 3221 3449 τῇ
3249 3375 3489 3466 ούρανίιρ
3511 3374 3689 3426 ὀπτα-

439 3473 665 3540 ]ιιάωιιξ,
695 3481 751 3527 et
778 3473 1032 3543 gentibus
1071 3472 1488 3537 aummtiabam,
1523 3481 1585 3528 ut
1631 3473 2010 3541 pceniteutiam

2116 3489 2208 3558 σία
2229 3463 2247 3516 ⁷·
2290 3485 2430 3540 ἀλλὰ
2458 3485 2569 3544 τοῖς
2607 3482 2666 3533 ἐν
2696 3475 2979 3547 Δαμασκῷ
3005 3471 3223 3544 πρῶτον
3247 3469 3340 3522 καὶ
3366 3468 3424 3558 ἐν
3457 3463 3694 3558 ξιεροσοῗ

437 3575 688 3634 agerent,
720 3576 774 3620 et
798 3572 1256 3622 converterentur
1285 3564 1352 3620 ad
1385 3564 1578 3631 Deum,
1626 3563 1794 3636 digna
1841 3564 2012 3635 paeni-

2116 3551 2324 3650 λύμοις.
2362 3578 2444 3640 εἰς
2472 3574 2653 3635 πᾶσαν
2680 3589 2740 3624 τε
2768 3569 2867 3638 τὴν
2894 3564 3078 3638 χώραν
3121 3563 3222 3632 τῆς
3274 3556 3562 3650 Ἰουδαίας,
3595 3551 3692 3605 καὶ

440 3657 620 3713 lentiae
649 3672 814 3728 opera
847 3655 1134 3718 facientes,

2116 3644 2226 3737 τοῖς
2256 3672 2468 3725 ἔθνεσιν
2499 3664 2848 3737 ἀπήγγελλον
2881 3657 3188 3730 μετανοεῖν,
3221 3651 3318 3706 καὶ
3337 3644 3697 3715 ἐπιστρέφειν

931 3922 1509 3982 COMMENTARIUS.

512 4015 630 4070 Duo
654 4016 722 4070 ad
776 4017 1240 4072 resurrectionem
1292 4015 1643 4070 astruendam
1688 4024 2010 4086 argumenta

441 4107 939 4176 pr0pouitzunum
995 4123 1062 4162 ex
1114 4106 1421 4177 prophetis,
1471 4121 1539 4161 ex
1585 4106 1784 4176 quibus
1831 4114 2012 4159 tamen

439 4197 649 4252 nullum
685 4196 918 4267 profert,
966 4195 1064 4253 sed
1094 4203 1309 4252 tantum
1335 4196 1432 4260 ait,
1456 4195 1616 4250 talem
1651 4210 1774 4250 esse
1801 4193 2017 4250 Judaeu—

443 4304 563 4342 rum
631 4287 994 4357 Opinionem;
1024 4287 1278 4352 alterum,
1327 4287 1576 4357 illudque
1620 4287 1826 4341 clarius
1855 4301 1920 4340 ex
1956 4301 2015 4340 re

440 4382 559 4450 ipsa
592 4396 606 4432 :
639 4379 768 4450 quia
798 4394 994 4449 nempe
1023 4378 1303 4443 Christus,
1333 4389 1620 4448 postquam
1681 4377 1953 4434 surrrcxit
1982 4391 2012 4429 a

442 4472 698 4534 mortuis,
732 4473 917 4542 ipsum‘
934 4472 1210 4527 allocutus
1237 4481 1344 4526 est.
1382 4471 1450 4524 Et
1483 4471 1588 4525 hoc
1621 4471 1810 4535 etiam,
1859 4485 2014 4525 suam

443 4563 842 4632 praecedentem
873 4561 1453 4625 enarrausinsauiam,
1483 4559 1698 4616 duobus
1721 4575 2015 4630 argumen-

441 4656 514 4711 tis
540 4655 855 4711 conﬁrmat.
907 4653 1152 4720 Quorum
1209 4654 1486 4724 primum:
1529 4672 1547 4704 ι
1591 4652 1756 4718 Quid,
1816 4652 2016 4721 inquit,
2052 4637 2094 4690 Ῑ)

441 4746 764 4802 incredibile
796 4754 902 4809 est,
931 4745 978 4800 si
1014 4743 1158 4804 Deus
1188 4752 1434 4800 mortuos
1459 4743 1699 4799 suscitat
1727 4742 1751 4795 ?
1795 4761 1814 4792 ι
1853 4741 2012 4796 Alte-

443 4856 565 4894 rmn
599 4853 614 4891 :
647 4837 703 4892 Si
737 4837 883 4895 enim
926 4838 1052 4893 talis
1088 4853 1197 4891 non
1230 4847 1379 4892 esset
1436 4835 1749 4890 Juda‘orum
1807 4833 2014 4903 opinio,

443 4933 491 4988 si
527 4932 582 4986 in
619 4931 728 4986 hoc
772 4931 1024 5000 dogmate
1074 4930 1327 4985 innutriti
1362 4944 1467 4983 non
1499 4935 1708 4990 essent,
1745 4927 1838 4982 sed
1870 4940 2017 4979 nunc

444 5025 679 5092 primum
712 5030 1132 5094 proponeretur,
1168 5023 1314 5092 jus-te
1340 5030 1522 5088 posset
1571 5021 1843 5090 quispiam
1870 5020 2015 5077 hunc

443 5130 755 5172 sermonem
786 5130 894 5172 non
923 5115 1154 5185 probare
1179 5151 1194 5166 .
1218 5112 1385 5183 308
1438 5113 1668 5182 Propter
1703 5111 2015 5180 hujusmodi

441 5216 623 5262 autem
655 5205 852 5274 dogma
887 5218 1010 5274 ego,
1039 5203 1238 5273 inquit,
1269 5218 1518 5266 accusor,
1550 5203 1694 5272 quod
1735 5203 1874 5258 inter
1900 5201 2020 5256 illos

443 5302 627 5368 viget:
690 5307 918 5370 propter
958 5299 1063 5350 hoc
1122 5296 1715 5372 gloriantur:_propter
1750 5296 1852 5350 hoc
1907 5311 2022 5350 ser-

441 5394 596 5447 viunt
630 5391 762 5456 Deo,
803 5400 862 5444 ut
894 5392 1070 5460 ipsam
1106 5389 1565 5448 resurrectionem
1590 5399 2020 5456 consequantur.

443 5484 508 5536 Et
543 5498 644 5550 ego
667 5483 806 5536 hanc
829 5481 1117 5537 annuntio.
1155 5497 1174 5531 ι
1212 5477 1464 5534 Caelestis
1489 5477 1630 5532 visio
1662 5497 1680 5528 ι
1717 5486 1802 5532 est
1829 5493 2020 5548 purus,

445 5589 510 5626 ac
571 5573 867 5627 humanam
909 5587 1179 5642 superans
1214 5571 1586 5626 conditionem
1617 5570 1848 5630 intuitus
1920 5572 2019 5637 rei,

445 5679 612 5734 quam
644 5679 803 5718 nemo
824 5665 1099 5719 eisistcus
1165 5665 1218 5718 in
1249 5679 1413 5717 carne
1436 5663 1621 5718 videre
1649 5673 1849 5733 potest,
1912 5665 2019 5724 nisi

446 5755 592 5811 oculi
626 5756 747 5826 ejus
773 5758 1043 5826 superiori
1097 5758 1302 5814 lumine
1326 5756 1733 5814 collustreutur.

2115 3770 2210 3822 ἐπὶ
2257 3765 2352 3818 τὸν
2403 3761 2537 3815 Θεὸν
2570 3798 2585 3824 ,
2657 3757 2782 3824 ἄξια
2825 3755 2922 3826 τῆς
2981 3747 3273 3822 μετανοίας
3325 3743 3465 3813 ἔργα
3513 3745 3694 3807 πράσ-

2117 3878 2331 3925 σοντας.
2408 3914 2423 3931 ,

2719 3940 3099 4000 ΕΡΜΗΝΕΙΑ.

2188 4052 2293 4106 Δύο
2311 4035 2496 4116 {io-nat
2534 4042 2666 4112 περὶ
2695 4036 3044 4096 ἀναστάσεως
3075 4023 3370 4097 λογισμούς
3397 4037 3410 4050 ·
3441 4019 3548 4116 ἕνα..
3567 4014 3696 4084 μὲν,

2116 4146 2209 4199 τὸν
2249 4143 2358 4198 ἀπὸ
2389 4110 2500 4195 των
2528 4110 2823 4205 προφητῶν
2855 4147 2870 4162 ο
2908 4127 3004 4181 καὶ
3023 4125 3083 4178 οὑ
3109 4118 3351 4190 παράγει
3373 4110 3688 4205 προφητην,

2272 4232 2440 4301 αὐτὴν
2483 4198 2599 4282 τῶν
2632 4198 2906 4278 ’ίουδαίων
2943 4216 3043 4287 τὴν
3089 4211 3246 4277 δόξαν
3270 4225 3284 4238 ⁸
3328 4199 3580 4301 dimov-61‘:

2121 4290 2490 4400 ίσχυρότερον,
2515 4320 2604 4374 τὸν
2628 4317 2737 4371 ἀπὸ
2763 4313 2872 4367 τῶν
2897 4302 3357 4400 πραγμάτωνέῖτιι
3378 4293 3626 4362 διελέχθη
3644 4290 3691 4321 ⁸³

2299 4417 2327 4469 ὁ
2361 4391 2594 4484 Χριστὸς
2616 4404 2855 4466 ἀναστὰς
2878 4403 2944 4454 ἐκ
2977 4397 3210 4468 νεκρῶν.
3245 4391 3356 4447 Καὶ
3378 4398 3694 4487 ,κατασκευὶ

2119 4475 2253 4576 ἀέξει.
2275 4509 2372 4562 καὶ
2409 4475 2597 4559 τοῦτον
2624 4499 2733 4555 ἀπὸ
2760 4492 3060 4563 λογισμῶν,
3093 4489 3195 4558 τὴν
3222 4481 3502 4576 προτέραν
3526 4475 3696 4576 αἰὲτοῦ

2127 4565 2326 4673 μανίαν
2373 4594 2748 4667 διηγούμενος.
2809 4584 3034 4655 Πρῶτος
3076 4575 3375 4673 λογισμός-ο
3419 4565 3697 4673 «diem:

2127 4657 2275 4756 στον,
2302 4657 2491 4760 φησιν,
2512 4657 2621 4739 sive
2647 4681 2779 4743 Θεὸς
2804 4675 3034 4747 νεκροὺς
3057 4670 3262 4760 ἐγείρει
3284 4685 3298 4733 ;
3327 4684 3344 4715 ι
3379 4662 3475 4760 καὶ
3497 4657 3694 4760 me:

2126 4747 2189 4840 Εἰ
2349 4747 2424 4850 μὴ
2446 4747 2669 4842 τοιαύτη
2697 4771 2824 4835 δόξα
2850 4764 2940 4839 ἦν,
2961 4763 3098 4832 εἴγε
3127 4759 3204 4830 μὴ
3222 4747 3699 4851 ἀνατεθραμμένοι

2123 4837 2264 4948 ἦσαν
2386 4837 2594 4928 τούτοις
2631 4837 2741 4926 τοῖς
2768 4837 3034 4930 δόγμασιν
3053 4871 3067 4886 ο
3112 4852 3177 4948 ὃν
3205 4837 3698 4948 ξέιείσεςίέρετοδζ,

2123 4926 2337 5026 τιίς-οὑκ
2375 4958 2442 5013 ἂν
2477 4926 2696 5021 ἐδέξατο
2760 4926 2882 5003 se;
2917 4946 3116 5011 λόγον;
3164 4939 3338 5008 ’Υπὲρ
3394 4934 3492 5026 τῆς
3550 4926 3702 5026 αἱρές

2125 5017 2265 5116 σεως
2305 5050 2508 5120 ταύτης
2533 5087 2548 5110 ,
2578 5017 2765 5116 ’φησὶν
2787 5083 2800 5106 ,
2845 5036 3224 5108 ἐγκαλοῦμαι,
3267 5031 3361 5085 καὶ
3393 5025 3532 5120 αύτη
3565 5017 3695 5120 παρ’

2125 5145 2310 5206 αὐτοῖς
2349 5137 2734 5211 πρεσϐεύεται.
2774 5133 2874 5186 Διὰ
2901 5130 3106 5199 ταύτην
3135 5125 3406 5195 εὔχονται,
3449 5118 3540 5171 διὰ
3564 5113 3698 5211 ταύ-

2123 5250 2224 5301 την
2267 5227 2646 5299 λατρεύουσιν,
2696 5224 2783 5278 ἵνα
2835 5219 3040 5286 ταύτης
3078 5216 3306 5284 τύχωσι.
3360 5210 3472 5261 Και
3492 5204 3699 5301 ταύτην

2131 5293 2242 5392 ἐγὼ
2278 5293 2656 5388 καταγγέλλω.
2707 5314 2972 5369 Ὀπτασία
3001 5310 3169 5369 ἐστὶν,
3202 5307 3236 5374 ἡ
3268 5298 3484 5369 καθαρὰ
3521 5295 3638 5392 θέα,
3665 5293 3700 5360 ἡ

2135 5383 2546 5486 ὑπερϐαίνουσα
2591 5407 2902 5479 ἄνθρωπον,
2944 5403 3121 5473 ἤνπερ
3159 5413 3243 5458 τις
3277 5395 3336 5446 ἐν
3377 5388 3558 5486 σαρκὶ
3601 5383 3698 5486 ίαν,

2128 5476 2258 5577 δίχα
2282 5505 2375 5558 τοῦ
2406 5476 2860 5568 ἀποκαλυφθῆναι
2887 5493 3053 5554 αὐτοῦ
3079 5492 3204 5555 τοὺς
3232 5483 3566 5557 ὀφθαλμοὺς,
3597 5476 3703 5530 οὐκ

2126 5600 2276 5652 ἐστιν
2307 5597 2435 5651 ἰδεῖν
2465 5591 2708 5656 δυνατός.
3679 5597 3686 5603 ·

1816 5883 2008 5944 Variae
2048 5883 2377 5946 lectiones.

524 5949 570 5982 "
599 5950 878 6021 διηλέλθπμ
959 5953 1000 5978 "‘
1031 5952 1180 6007 locus
1203 5955 1444 6010 vitiatus.
