4082 6420
398 409 533 474 10λὸ

979 526 1026 578 Κ
1037 523 1371 579 ΕΙΜΕΝΟΝ.

469 617 673 668 Ἕνεκα
703 614 908 668 τούτων
933 655 948 678 ,
991 616 1234 669 Ἰουδαῖοί
1279 634 1345 686 με
1378 617 1793 687 συλλαϐόμενοι,
1841 618 1972 671 ὄντα

397 712 456 762 ὲν
477 708 558 779 τῷ
586 707 736 778 ἱερῷ,
772 707 1072 779 ἐπειρῶντο
1103 708 1566 779 διαχειρίσασθαι.
1622 711 1974 780 Ἐπικουρίας

398 801 492 857 οὖν
513 800 690 872 τυχὼν
725 800 824 870 τῆς
849 800 958 854 ἀπὸ
983 799 1076 853 τοῦ
1115 800 1274 868 Θεοῦ,
1313 802 1442 873 ἄχρι
1469 803 1567 873 τῆς
1597 803 1811 874 ἡμέρας
1837 801 1977 858 ταύὲ

399 910 500 962 της
533 892 744 961 ἕστηκα
792 890 1238 962 μαρτυρούμενος
1281 891 1464 963 μικρῷ
1496 910 1557 944 τε
1591 893 1686 945 καὶ
1717 891 1974 960 μεγάλῳ·

401 985 555 1037 οὐδὲν
602 983 760 1046 ἐκτὸς
813 982 1014 1051 λέγων,
1052 979 1128 1037 ὧν
1166 999 1224 1035 τε
1272 985 1321 1035 oi
1373 984 1652 1054 προφῆται
1705 981 1977 1053 ἐλάλησαν

405 1075 713 1146 μελλόντων
765 1074 1031 1144 γίνεσθαι,
1083 1076 1177 1129 καὶ
1226 1075 1472 1146 Μωῦσῆς
1501 1115 1516 1142 ,
1559 1076 1608 1128 εί
1661 1075 1901 1146 παθητὸς
1949 1075 1978 1128 6

405 1168 674 1239 Χριστὸς,
722 1169 771 1220 εί
816 1166 1034 1236 πρῶτος
1065 1167 1126 1232 ἐξ
1158 1167 1509 1232 ἀναστάσεως
1557 1167 1803 1238 νεκρῶν,
1863 1165 1980 1236 φῶς

407 1261 596 1329 μέλλει
650 1259 1042 1327 καταγγέλλειν
1088 1259 1165 1331 τῷ
1208 1276 1268 1312 τε
1321 1259 1438 1330 λαῷ
1483 1259 1579 1312 καὶ
1616 1261 1729 1323 τοῖς
1773 1259 1976 1312 ἔθνεσι.

404 1350 593 1404 Ταῦτα
618 1350 677 1404 δὲ
703 1349 868 1404 αὐτοῦ
894 1350 1361 1420 ἀπολογουμένου,
1395 1352 1422 1404 6
1444 1351 1651 1420 Φῆστος
1683 1351 1894 1422 μεγάλῃ
1911 1352 1978 1422 τῇ

406 1444 560 1512 φωνῇ
593 1458 728 1511 φησι
749 1458 764 1472 °
801 1439 1008 1510 Μαίνῃ,
1042 1441 1222 1495 Παῦλε
1245 1456 1258 1470 ·
1291 1441 1360 1495 τά
1384 1442 1554 1496 πολλά
1584 1459 1641 1495 σε
1677 1442 1983 1513 γράμματα

406 1534 486 1596 εἰς
521 1532 716 1604 μανίαν
751 1533 1097 1604 περιτρέπει.
1140 1533 1198 1587 '0
1228 1534 1284 1587 δὲ
1318 1534 1558 1600 Παῦλος,
1593 1535 1670 1588 Οὐ
1696 1535 1980 1605 μαίνομαι,

407 1626 564 1694 φησὶ,
612 1623 874 1695 κράτιστε
917 1624 1122 1694 Φῆστε,
1159 1624 1297 1678 ἀλλὰ
1340 1625 1600 1696 ἀληθείας
1639 1627 1734 1680 καὶ
1765 1642 1983 1696 σωφροο

913 407 1451 471 EXPOSITION’IS
1493 406 1574 468 IN
1602 407 1786 469 ACTA
1824 407 2128 469 'I-‘EXTUS
2158 409 2424 469 ALTER.
2460 431 2529 444 -
2567 409 2724 470 CAP.
2769 408 2972 470 XXVI.

1995 528 2046 588 A

3514 410 3662 475 Μεθ’

2713 524 3012 580 TEXTUS.

2148 617 2339 681 XXVI,
2360 617 2420 671 2|
2437 617 2550 671 ~32.
2578 615 2690 672 Hae
2703 633 2765 672 ex
2790 632 2956 672 causa
2989 631 3076 672 me
3098 617 3292 682 Judaei,
3320 633 3442 671 eum
3471 635 3648 675 essent

2077 708 2134 762 in
2157 707 2376 776 templo,
2405 707 2860 776 comprehensum
2888 707 3170 761 tentabant
3187 708 3514 763 interﬁcere.
3541 713 3654 762 Au-

2076 801 2207 855 xilio
2234 807 2414 854 autem
2431 800 2649 870 adjutus
2673 800 2764 855 Dei
2781 817 2954 871 usque
2972 801 3025 854 in
3042 801 3362 856 hodiernum
3379 802 3520 856 diem
3541 812 3649 859 sto.

2081 891 2382 948 testiﬁcans
2413 891 2615 946 minori
2649 901 2816 962 atque
2838 891 3056 962 majori,
3092 892 3227 946 nihil
3267 902 3419 947 extra
3462 892 3652 948 dicens

2077 998 2241 1053 quam
2273 998 2337 1038 ea
2363 998 2486 1053 quae
2517 983 2792 1054 prophetae
2826 983 2992 1038 locuti
3023 993 3157 1040 sunt
3185 983 3365 1038 futura
3423 999 3566 1048 esse,
3600 991 3655 1037 et

2082 1073 2320 1145 Moyses,
2357 1073 2403 1128 si
2442 1073 2720 1144 passibilis
2746 1073 3022 1138 Christus,
3057 1075 3104 1131 si
3135 1077 3348 1146 primus
3379 1091 3444 1131 ex
3473 1090 3655 1131 resurv

2082 1166 2326 1222 rectione
2385 1178 2751 1231 mortuorum,
2840 1168 3020 1224 lumen
3083 1169 3514 1224 annuntiaturus
3571 1178 3656 1225 est

2081 1256 2280 1329 populo
2310 1265 2364 1312 et
2392 1258 2666 1327 gentibus.
2698 1258 2823 1314 Haec
2868 1259 3124 1330 loquente
3155 1275 3220 1315 eo
3295 1269 3350 1316 et
3380 1261 3650 1317 rationem

2081 1351 2359 1415 reddente,
2376 1351 2571 1406 Festus
2600 1366 2792 1422 magna
2823 1367 2952 1407 voce
2983 1352 3117 1407 dixit
3143 1371 3156 1406 :
3181 1352 3419 1417 Insanis,
3448 1350 3653 1421 Paule;

2084 1443 2268 1498 multa»
2289 1451 2341 1497 te
2371 1443 2569 1498 littera:
2602 1443 2669 1498 ad
2723 1444 2994 1500 insaniam
3027 1453 3380 1501 convertunt.
3413 1445 3480 1500 Et
3515 1445 3658 1500 Pau-

2084 1535 2170 1591 lus
2207 1550 2224 1589 :
2250 1533 2368 1589 Non
2404 1535 2642 1602 insanio,
2671 1535 2870 1605 inquit,
2901 1541 3105 1607 optime
3135 1535 3317 1604 Feste,
3349 1537 3443 1592 sed
3466 1539 3659 1595 verita-

2084 1625 2156 1680 tis
2184 1634 2238 1681 et
2274 1624 2590 1682 sobrietatis
2613 1626 2781 1681 verba
2847 1627 3061 1695 loquor.
3099 1627 3219 1682 Scit
3261 1628 3407 1684 enim
3444 1629 3514 1683 de
3571 1628 3660 1684 his

407 1717 574 1786 σύνης
602 1716 826 1787 ῥήματα
853 1716 1301 1787 ἀποφθέγγομαι.
1347 1717 1670 1772 Ἑπίσταται
1703 1719 1816 1788 γὰρ
1853 1718 1986 1789 περὶ

2089 1732 2209 1784 rex,
2241 1716 2308 1771 ad
2346 1732 2508 1788 quem
2562 1725 2616 1774 et
2648 1727 2972 1774 constanter
3005 1719 3243 1791 loquor:
3307 1721 3476 1777 latere
3515 1721 3659 1777 enim

404 1792 612 1861 τοῦτων
639 1809 670 1861 6
727 1806 1016 1878 βασιλεὺς,
1071 1808 1209 1878 πρὸς
1251 1809 1310 1862 δν
1343 1809 1434 1863 καὶ
1471 1810 1986 1882 παρρησιαζόμενος

2089 1825 2208 1866 eum
2240 1811 2378 1865 nihil
2411 1811 2610 1866 horum
2643 1812 2905 1868 arbitror.
2935 1810 3125 1884 Neque
3145 1814 3291 1869 enim
3347 1815 3403 1869 in
3462 1816 3663 1886 angulo

403 1899 577 1953 λαλῶ.
629 1899 931 1954 Λανθάνειν
956 1889 1068 1971 γάρ
1097 1900 1261 1955 αὐτόν
1285 1919 1339 1955 τι
1381 1899 1587 1954 τούτων
1623 1901 1686 1954 οὐ
1718 1900 1981 1971 πείθομαι

2089 1903 2388 1974 quidquam
2418 1903 2614 1958 horum
2652 1913 2864 1973 gestum
2899 1915 3004 1962 est.
3028 1880 3247 1972 Credis,
3274 1923 3369 1962 rex
3399 1880 3662 1981 Agrippa.

405 1991 578 2045 οὐδέν.
631 1993 707 2046 υῦ
740 1992 849 2062 γάρ
879 1995 1026 2045 ἐστιν
1058 1994 1116 2046 ἐν
1161 1993 1336 2064 γωνίᾳ
1379 1994 1769 2064 πεπραγμένον
1801 1993 1980 2048 τοῦτο.

2089 1994 2420 2066 prophetis?
2475 1993 2605 2051 Scio
2659 1998 2788 2068 quia
2845 1997 3047 2054 credis.
3085 1999 3320 2070 Agrippa
3379 2008 3561 2057 autem
3593 2003 3662 2057 ad

410 2081 716 2147 Πιστεύεις,
751 2083 972 2154 βασιλεῦ
1005 2083 1307 2154 Ἀγρίππα,
1327 2087 1440 2148 τοῖς
1473 2085 1780 2154 προφήταις
1807 2103 1823 2152 ;
1856 2081 1986 2139 Οἶδα

2089 2082 2314 2140 Paulum
2349 2100 2363 2138 :
2391 2083 2451 2138 In
2477 2083 2696 2140 modico
2747 2086 2942 2140 suades
2973 2101 3058 2141 me
3087 2086 3462 2143 Christianum
3523 2089 3660 2144 ﬁeri.

409 2176 495 2226 3τι
541 2175 841 2239 πιστεύεις.
901 2175 961 2228 ’0
1006 2174 1065 2228 δὲ
1109 2174 1425 2245 Ἀγρίππας
1471 2175 1610 2246 πρὸς
1651 2175 1740 2230 τὸν
1771 2175 1986 2229 Παῦλον

2089 2174 2151 2228 Et
2177 2172 2382 2228 Paulus
2412 2191 2426 2228 :
2457 2171 2602 2244 Opto
2628 2173 2776 2245 apud
2827 2173 3020 2241 Deum,
3048 2185 3102 2231 et
3154 2176 3208 2231 in
3263 2178 3480 2233 modico
3508 2190 3562 2234 ct
3607 2180 3662 2235 in

410 2272 515 2339 ἐφη
544 2288 558 2302 ⁸
604 2271 692 2323 Ἐν
725 2271 892 2342 ὀλίγῳ
933 2288 1002 2340 με
1031 2271 1238 2334 πείθεις
1262 2270 1587 2340 Χριστιανὸν
1614 2270 1888 2338 γενέσθαι.
1926 2270 1986 2324 Ὀ

2093 2280 2316 2337 magno,
2346 2280 2454 2321 non
2484 2273 2698 2322 tantum
2728 2275 2805 2333 te,
2835 2267 2932 2324 sed
2976 2267 3146 2324 etiam
3197 2285 3388 2327 omnes
3417 2273 3510 2341 qui
3562 2287 3664 2328 au-

408 2364 466 2414 δὲ
525 2361 732 2425 Παῦλος
779 2359 932 2416 εἶπεν
961 2381 976 2395 °
1027 2362 1308 2432 Εὐξαίμην
1359 2361 1425 2416 ἂν
1476 2361 1560 2432 τῷ
1590 2361 1742 2432 Θεῷ,
1792 2365 1887 2416 καὶ
1933 2364 1986 2416 ὲν

2094 2356 2276 2420 diunt,
2307 2357 2471 2413 hodie
2502 2357 2620 2414 ﬁeri
2645 2359 2802 2425 tales,
2829 2359 3009 2430 qualis
3034 2369 3090 2416 ct
3117 2376 3219 2432 ego
3253 2377 3396 2429 sum,
3421 2364 3667 2434 exceptis

408 2452 599 2524 ὀλίγῳ,
633 2453 732 2506 καὶ
759 2455 817 2506 ἐν
849 2451 1051 2524 πολλῷ,
1087 2453 1148 2506 οὐ
1182 2453 1347 2523 μόνον
1377 2451 1463 2518 σὲ,
1491 2453 1628 2506 ἀλλά
1659 2453 1754 2508 καὶ
1783 2454 1986 2518 πάντας

2093 2449 2330 2505 vinculis
2359 2449 2468 2506 his.
2496 2449 2562 2504 Et
2596 2452 2909 2508 exsurrexit
2933 2467 3051 2518 rex,
3071 2463 3121 2509 et
3147 2469 3373 2525 praeses,
3395 2464 3450 2512 et
3479 2458 3670 2513 Berni-

410 2544 540 2605 τοὺς·
583 2544 884 2608 ἀκούοντάς
929 2561 1034 2614 μου
1081 2544 1353 2616 σήμερον,
1400 2543 1657 2612 γενέσθαι
1695 2544 1986 2611 τοιούτους,

2089 2555 2178 2607 ce,
2231 2550 2286 2598 et
2342 2542 2438 2612 qui
2487 2542 2809 2617 assidebant
2843 2544 2946 2601 eis.
3008 2542 3222 2601 Etcum
3279 2547 3665 2615 recessissent,

409 2638 596 2699 ὁποῖος
625 2636 784 2704 κάγὼ
830 2638 984 2707 είμι,
1027 2636 1303 2707 παρεκτὸς
1350 2637 1458 2689 τῶν
1503 2637 1719 2708 δεσμῶν
1767 2638 1986 2694 τούτων.

2093 2635 2456 2707 loquebantur
2518 2638 2590 2694 ad
2653 2640 2907 2709 invicem,
2980 2642 3244 2710 dicentes,
3322 2645 3449 2714 quia
3518 2646 3667 2701 Nihil

413 2725 525 2796 καὶ
557 2725 731 2779 ταῦτα
775 2726 1023 2789 εἰπόντος
1063 2723 1234 2778 αὑτοῦ
1256 2764 1272 2790 ,
1309 2725 1511 2794 ἀνέστη
1546 2743 1608 2778 τε
1651 2727 1680 2779 6
1710 2724 1984 2795 βασιλεὺς,

2097 2737 2296 2792 morte,
2326 2738 2421 2784 aut
2450 2729 2690 2785 vinculis
2725 2731 2949 2802 dignum
2983 2732 3114 2802 quid
3159 2733 3290 2790 fecit
3337 2735 3502 2791 homo
3543 2738 3697 2808 iste.‘

414 2819 509 2871 καὶ
534 2819 561 2870 6
604 2817 828 2889 ἡγεμὼν
849 2858 865 2885 ,
889 2818 924 2879 ἥ
970 2836 1030 2871 τε
1057 2817 1317 2890 Βερνίκη,
1363 2818 1460 2872 καὶ
1494 2819 1544 2871 οἱ
1580 2818 1986 2888 συγκαθήμενοι

2103 2818 2337 2889 Agrippa
2393 2829 2572 2875 autem
2610 2820 2773 2877 Festo
2803 2821 2940 2877 dixit
2965 2839 2982 2879 :
3007 2821 3213 2879 Dimitti
3261 2833 3476 2895 poterat
3506 2825 3671 2880 homo

412 2910 598 2974 αὐτοῖς
631 2926 646 2940 ·
697 2911 792 2965 καὶ
849 2910 1309 2982 ἀναχωρήσαντες
1363 2909 1588 2963 ἐλάλουν
1637 2910 1776 2982 πρὸς
1815 2909 1987 2980 ἀλλή-

2099 2910 2210 2977 Ιιίο,
2237 2911 2282 2964 si
2312 2925 2420 2964 non
2452 2911 2782 2981 appellasset
2802 2912 3095 2968 Caesarem.

416 2998 571 3064 λους,
609 3000 900 3069 λέγοντες,
944 3003 1027 3055 ὅτι
1057 3000 1226 3056 Οὐδὲν
1256 3000 1487 3055 θανάτου
1519 3001 1669 3066 ἄξιόν
1706 3019 1792 3066 τι,
1825 3003 1858 3073 ἢ
1889 3000 2110 3072 δεσμῶν
2177 3003 2417 3074 πράσσει
2447 3001 2476 3054 6
2501 3003 2792 3075 ἄνθρωπος
2857 2997 3070 3077 οῦτοςᾘς
3112 3007 3422 3080 ’Δγρίππας
3481 3007 3544 3063 δὲ
3592 3007 3673 3080 τῷ

415 3091 614 3162 Φήστῳ.
641 3091 784 3164 ἔφη·
843 3094 1242 3149 Ἀπολελύσθαι
1271 3093 1502 3164 ἠδύνατο
1525 3095 1554 3148 ό
1583 3094 1870 3163 ἄνθρωπος
1898 3088 2077 3160 οὗτος,
2104 3094 2153 3148 εί
2186 3094 2262 3168 μὴ
2288 3094 2621 3168 ὲπικέκλητο
2640 3097 2917 3170 Καίσαρα.

1012 3210 1400 3265 ΕΡΜΗΝΕΙΛ.

491 3299 609 3359 Ἵνα
661 3300 738 3377 μὴ
801 3301 927 3379 δόξῃ
988 3303 1151 3368 αὐτὸς
1207 3303 1534 3368 διδάσκαλος
1579 3299 1723 3358 εἶναι
1773 3303 1987 3367 τούτου,

425 3397 621 3464 ἐπάγει
679 3399 965 3469 προφήτας
1003 3394 1100 3453 καὶ
1144 3395 1238 3454 τὸν
1267 3395 1510 3457 Μωῦ-σέα
1540 3394 1771 3469 λέγοντα
1805 3411 1822 3426 ο
1876 3413 1896 3446 ι
1927 3394 1992 3448 Ei

417 3486 660 3558 παθητὸς
701 3490 730 3542 6
761 3489 1020 3559 Χριστὸς,
1059 3490 1107 3543 εί
1149 3489 1367 3560 πρῶτος
1413 3490 1473 3556 ἐξ
1518 3488 1873 3552 ἀναστάσεως
1901 3502 1992 3541 νεα
2038 3517 2039 3520 η

418 3578 590 3646 κρῶν,
617 3583 648 3632 ί
676 3581 772 3634 καλ⁹
809 3581 878 3634 τὰ
918 3581 1069 3650 ἑξῆς.
1113 3581 1187 3636 Τὸ
1224 3581 1304 3646 δὲ,
1353 3599 1374 3634 ‹
1404 3582 1483 3648 εἰ,
1516 3599 1534 3634 ι
1569 3581 1840 3648 ἐνταῦθα,
1871 3573 1997 3636 ἀντί

419 3667 676 3737 115,5n,
694 3672 832 3725 ὲστί.
855 3670 1119 3742 Μωῦσῆς,
1147 3675 1333 3744 φησὶν,
1365 3668 1508 3739 εἷπε,
1535 3673 1619 3727 δτι
1652 3692 1672 3729 ι
1698 3671 1938 3744 παθητὸς
1970 3691 1989 3724 ι

417 3768 446 3817 6
481 3765 713 3834 Χριστὸς
758 3764 1018 3838 [πρῶτος
1069 3767 1128 3831 ἐξ
1177 3764 1616 3838 ἀναστάσεωςοι]
1641 3765 1856 3837 πρῶτος
1885 3765 1996 3834 γὰρ

419 3850 573 3920 οὗτος
603 3857 826 3929 ἀνέστη,
868 3861 965 3914 καὶ
990 3859 1091 3913 οὐκ
1124 3857 1205 3913 ἔτι
1241 3857 1600 3928 ἀποθνήσκει.
1637 3858 1703 3911 Oi
1730 3855 1838 3927 γὰρ
1866 3857 1996 3910 ἀνά-

423 3947 651 4012 στάντες
683 3948 753 4002 δι’
799 3949 992 4015 αὐτοῦ,
1025 3951 1058 4019 ἢ
1088 3950 1178 4004 διά
1212 3949 1322 4004 τῶν
1379 3949 1662 4021 μαθητῶν,
1693 3949 1787 4003 καὶ
1831 3950 1879 4002 οἱ
1908 3948 1996 4002 διά

2611 3212 3181 3272 ΟΟΜΙΙΕΝΤΑΠΙΗΞ.

2173 3305 2253 3362 Ne
2283 3305 2492 3363 Paulus
2519 3315 2717 3362 auctor
2740 3307 3024 3363 videretur
3046 3309 3319 3365 doctrinae
3340 3323 3503 3380 quam
3531 3325 3674 3381 prae-

2099 3397 2346 3465 dicabat,
2370 3398 2596 3455 adducit
2617 3399 2672 3455 in
2693 3399 3072 3456 testimonium
3097 3402 3394 3471 prophetas
3412 3411 3465 3460 et
3488 3404 3674 3462 Mosen

2099 3487 2372 3545 dicentem
2411 3506 2425 3544 :
2466 3506 2486 3540 ι
2527 3489 2586 3545 Si
2624 3490 2904 3559 passibilis
2956 3489 3235 3555 Christus,
3263 3493 3307 3546 si
3335 3493 3548 3564 primus
3607 3509 3672 3549 ex

2103 3582 2506 3638 resurrectione
2563 3590 2992 3650 mortuorump
3052 3593 3158 3638 etc.
3203 3582 3305 3639 Uhi
3360 3586 3498 3642 illud
3523 3605 3543 3638 ‹
3573 3587 3617 3642 si
3651 3606 3669 3638 ι
3709 3580 3717 3589 ’

2101 3681 2187 3729 est
2227 3689 2326 3744 pro
2376 3674 2538 3744 quod,
2590 3673 2694 3729 vel»
2727 3675 3002 3741 quoniam.
3062 3674 3260 3744 Moses,
3285 3678 3483 3749 inquit,
3513 3677 3672 3744 dixit,

2103 3766 2248 3837 quod
2283 3785 2303 3818 ι
2339 3763 2596 3820 Christus
2621 3765 2904 3836 passibilis
2937 3784 2958 3818 ι
2992 3775 3161 3834 esset,
3221 3783 3287 3824 ac
3326 3786 3346 3820 ι
3379 3770 3589 3839 primus
3611 3787 3677 3825 cx

2106 3855 2538 3913 resurrectione.
2579 3875 2596 3908 ι
2635 3855 2773 3910 Nam
2825 3857 3039 3927 primus
3101 3857 3194 3914 ille
3243 3862 3570 3923 resurrexit,
3623 3871 3680 3918 et

2108 3967 2127 4000 ι
2152 3947 2262 4017 jam
2299 3961 2406 4003 non
2449 3945 2685 4018 amplius
2728 3947 3028 4004 moritur.»
3056 3947 3114 4005 Si
3139 3949 3284 4006 enim
3316 3951 3410 4022 qui
3433 3954 3502 4006 ah
3531 3952 3676 4023 ipso,

421 4038 531 4090 τ.ῖ›ν
559 4039 875 4110 προφητῶν,
923 4040 1088 4094 πάλιν
1140 4039 1433 4104 ἀπέθανον,
1482 4041 1590 4105 ἓως
1617 4042 1719 4111 τῆς
1765 4039 1986 4095 καθόλου

2102 4039 2268 4116 309
2313 4032 2396 4096 vel
2426 4039 2497 4096 ab
2549 4039 2668 4111 ejus
2695 4040 3001 4111 discipulis,
3024 4043 3109 4098 vel
3137 4059 3168 4098 a
3191 4044 3473 4115 prophetis
3513 4061 3678 4102 exsu-

422 4129 771 4195 ἀναστάσεως
802 4133 1078 4202 μένοντες.
1127 4134 1347 4206 Ἐπειδὴ
1376 4134 1465 4189 ἀεὶ
1498 4137 1635 4206 πρὸς
1655 4134 1747 4188 τὸν
1771 4133 1986 4204 βασιλέα

2105 4133 2288 4188 scitati
2322 4139 2473 4196 sunt,
2507 4131 2702 4188 iterum
2732 4133 2932 4188 mortui
2958 4143 3088 4190 sunt
3113 4177 3129 4204 ,
3160 4137 3470 4207 mortuique
3494 4154 3681 4194 mane-

421 4220 713 4290 διελέγετο,
748 4223 938 4295 ὥσπερ
985 4223 1158 4280 ἔπαθέ
1187 4243 1241 4279 τι
1286 4227 1314 4280 6
1343 4226 1575 4297 Φῆστος,
1607 4226 1702 4280 καὶ
1739 4225 1863 4280 ίδὼν
1900 4226 1986 4296 sip

2106 4225 2244 4280 bunt
2274 4239 2452 4295 usque
2482 4225 2549 4280 ad
2575 4224 2948 4281 universalem
2999 4230 3488 4287 resurrectionem.
3541 4229 3686 4298 Quo-

427 4315 760 4384 παρρησίαν,
799 4316 909 4370 ἀπὸ
957 4315 1132 4388 θυμοῦ
1173 4318 1269 4372 καὶ
1312 4317 1484 4388 ὀργῆς
1522 4335 1656 4389 φησι
1681 4336 1695 4348 ο
1734 4335 1753 4369 ι
1789 4317 1986 4389 Μαίνῃ.

2114 4317 2261 4371 niam
2294 4331 2425 4371 vero
2448 4316 2655 4375 Paulus
2684 4332 2902 4390 semper
2933 4318 3003 4375 ad
3059 4336 3241 4393 regem
3269 4322 3431 4378 verba
3479 4323 3684 4394 dirige-

429 4406 630 4462 Παῦλε.
661 4427 679 4460 ι
729 4408 790 4462 '0
834 4409 892 4462 δὲ
935 4406 1152 4473 Παῦλος
1184 4408 1284 4480 τὴν
1315 4409 1493 4463 αἰτίαν
1529 4409 1792 4474 διδάσκει,
1822 4408 1890 4461 δι’
1935 4409 1986 4478 ﬁt

2113 4409 2226 4472 bat,
2262 4408 2462 4466 Festus
2481 4410 2653 4465 veluti
2681 4425 2803 4467 sese
2831 4410 3095 4468 oﬂensum
3114 4415 3324 4484 putavit
3353 4415 3686 4486 ;vidensque

430 4499 566 4570 πρὸς
590 4501 681 4554 τὸν
725 4499 953 4572 βασιλέα
996 4502 1093 4555 τὸν
1134 4502 1290 4570 λόγον
1318 4503 1652 4573 ἀπέστρεψε.
1707 4497 1867 4575 [Εἶτα
1891 4502 1986 4556 δειι

2110 4500 2233 4570 ejus
2287 4499 2598 4555 libertatem
2656 4501 2963 4577 loquendi,
3023 4502 3104 4556 ira
3184 4511 3239 4558 et
3311 4504 3686 4575 indignatione

425 4593 580 4665 κνῦςῖ
614 4595 698 4648 ὅτι
779 4593 1061 4665 πανταχοῦ
1105 4595 1208 4666 τῆς
1239 4595 1566 4668 οίκουμένης
1618 4595 1776 4649 τοῦτο
1809 4595 1986 4664 γέγονε

2112 4588 2354 4658 percitus
2387 4605 2400 4641 :
2433 4607 2451 4640 ι
2485 4587 2721 4655 Insanis,
2749 4589 2948 4658 inquit,
2983 4589 3169 4647 Paule.
3205 4609 3224 4643 ι
3267 4591 3470 4649 Paulus
3502 4603 3683 4651 autem

423 4686 486 4742 τὸ
515 4685 714 4754 δόγμα,
750 4685 1032 4757 ἐπήγαγεν
1058 4704 1072 4718 ·
1109 4685 1160 4759 [ι
1198 4687 1275 4741 Οὐ
1299 4687 1408 4758 γὰρ
1432 4688 1490 4741 ὲν
1530 4687 1702 4758 γωνίᾳ
1747 4703 1986 4757 πεπραγσ

2105 4693 2331 4735 causam
2377 4679 2608 4750 profert,
2665 4681 2736 4736 ob
2783 4695 2944 4750 quam
2989 4682 3059 4737 ad
3133 4698 3318 4754 regem
3371 4700 3684 4743 sermonem

430 4777 591 4845 μένον
618 4777 774 4830 τοῦτο
800 4792 815 4808 '
848 4796 867 4830 ι
899 4776 920 4849 ]
960 4779 1211 4832 τουτέστι
1237 4778 1300 4832 τὸ
1328 4778 1458 4849 περὶ
1486 4777 1580 4831 τοῦ
1628 4777 1865 4847 σταυροῦ
1907 4777 1986 4832 καῖ

2107 4779 2480 4828 converterat.
2511 4771 2742 4839 Deinde,
2767 4779 2826 4827 ut
2856 4773 3168 4831 ostenderet
3197 4791 3293 4846 per
3313 4784 3484 4832 totum
3509 4785 3685 4832 terra-

423 4869 526 4938 τῆς
575 4870 924 4932 ἀναστάσεως
979 4869 1070 4924 τοῦ
1117 4868 1352 4939 Χριστοῦ
1401 4869 1592 4937 λέγων.
1633 4860 1681 4940 [ἰ
1723 4868 1986 4938 Παρεκτὸς

2107 4877 2231 4918 rum
2279 4863 2471 4918 orbem
2530 4863 2812 4933 vulgatum
2862 4877 2982 4919 esse
3011 4863 3202 4936 dogma
3253 4866 3422 4933 istud,
3455 4868 3683 4925 subdit:

426 4958 537 5012 τῶν
597 4959 816 5031 δεσμῶν
875 4960 1099 5015 τούτων.
1137 4979 1156 5012 ι
1195 4959 1214 5033 ]
1247 4962 1361 5014 Οὐκ
1430 4959 1802 5030 ἀπευχόμενος
1878 4961 1986 5014 ἐαυ-

2115 4973 2135 5006 ι
2171 4953 2359 5024 Neque
2385 4954 2530 5009 enim
2564 4956 2618 5009 in
2649 4955 2848 5026 angulo
2899 4957 3197 5028 quidquam
3233 4958 3429 5014 horum
3471 4970 3681 5031 gestuin

426 5050 506 5122 τῷ
561 5052 633 5105 τά
679 5052 893 5121 δεσμὰ,
936 5053 1056 5106 οὐδὲ
1122 5052 1513 5122 αἰσχυνόμενος
1541 5094 1555 5116 ,
1609 5050 1768 5104 τοῦτο
1819 5051 1986 5119 ἐλεγει

2113 5055 2286 5102 estz-p
2312 5046 2560 5116 loquitur
2589 5047 2801 5104 scilicet
2842 5049 2910 5104 de
2949 5060 3126 5106 morte
3174 5059 3230 5108 ct
3283 5054 3688 5110 resurrectione

430 5144 610 5213 (τοῦτο
635 5145 745 5217 γὰρ
764 5139 834 5215 ἦν
869 5145 1042 5216 αὐτῷ,
1083 5146 1245 5216 εἴπερ
1265 5145 1395 5200 ἄλλο
1437 5162 1514 5208 τι,
1538 5143 1692 5208 ἀξιον
1718 5142 1878 5214 δόξης
1916 5161 1986 5198 κα

2118 5138 2327 5194 Christi
2381 5138 2620 5194 Domini.
2678 5158 2698 5192 ι
2738 5142 2994 5212 Exceptis
3058 5143 3294 5201 vinculis
3349 5145 3454 5202 his.
3519 5145 3686 5203 iNon

431 5234 714 5306 καύχημα)
738 5250 752 5264 ⁸
793 5234 932 5290 ἀλλὰ
989 5236 1125 5307 πρὸς
1173 5235 1276 5306 τὴν
1338 5235 1566 5288 ἐκείνων
1608 5233 1877 5306 ὑπόληψιν
1910 5234 1986 5300 ἀφ

2115 5229 2501 5300 quod-vincula
2549 5238 2645 5284 aut
2695 5231 3020 5289 abhorreret
3047 5237 3538 5302 auteruhesceret,
3585 5238 3691 5294 hoc

431 5326 574 5398 ορῶν
607 5367 620 5393 ,
658 5327 752 5381 καὶ
772 5329 840 5400 τῇ
867 5328 1090 5382 ἐκείνων
1105 5327 1357 5399 ἀσθενείᾳ
1379 5325 1854 5396 συγκαταϐαίνων,
1885 5343 1904 5376 ι
1922 5325 1986 5379 Γέ

2118 5321 2252 5376 dicit
2299 5319 2612 5391 (siquidem
2639 5321 2734 5376 illa
2787 5324 2896 5393 pati
2938 5325 3110 5396 gloria
3143 5334 3197 5382 et
3222 5327 3610 5396 exsultatione,
3642 5331 3690 5386 si

433 5417 578 5471 νοιτό
628 5436 758 5489 μοι,
808 5419 972 5490 φησὶ,
1021 5421 1229 5483 πάντας
1275 5418 1549 5480 τοιούτους
1609 5416 1861 5487 γενέσθαι
1903 5411 1985 5471 οἷο

2119 5412 2420 5484 quidquam
2473 5412 2646 5478 aliud,
2693 5413 2924 5486 dignum
2951 5418 3405 5493 existimabat);
3471 5421 3569 5478 sed
3616 5424 3686 5478 ad

432 5508 542 5573 ἐγὼ
566 5509 700 5576 εἰμι,
730 5508 1002 5579 παρεκτὸς
1031 5508 1140 5562 τῶν
1165 5508 1378 5578 δεσμῶν
1408 5506 1634 5561 τούτων.
1670 5523 1690 5560 ι

2115 5504 2335 5560 illorum
2363 5511 2599 5559 mentem
2629 5505 2985 5580 animumque
3019 5511 3341 5582 respiciens,
3365 5521 3420 5569 et
3447 5515 3692 5586 ipsorum

433 5603 791 5659 imbecillitati
860 5617 979 5659 sese
1037 5602 1462 5659 accommodans
1493 5622 1506 5659 :
1553 5621 1571 5656 ι
1608 5599 1771 5674 Opto,
1805 5601 2002 5684 inquit,
2036 5612 2230 5656 omnes
2255 5597 2372 5654 ﬁeri
2409 5598 2576 5662 tales,
2624 5600 2805 5669 qualis
2850 5609 2905 5656 et
2946 5616 3048 5672 ego
3065 5618 3223 5672 sum,
3247 5608 3695 5680 exceptisvincu-

434 5699 502 5752 iis
527 5697 632 5752 his.
673 5714 692 5747 ι

503 5813 547 5846 ⁸³
578 5815 734 5869 Rom.
759 5830 837 5873 v1.
858 5816 916 5872 9..
