4082 6430
427 412 565 481 1051

1315 409 1900 474 THEOPHYLACTI
1937 407 2353 468 BULGARl/E
2385 408 2739 470 ARClIlEP.

3531 405 3674 471 1052

418 537 541 585 sten
572 538 819 601 tempore
845 526 1045 585 exinde
1077 525 1273 592 exivit,
1327 535 1386 580 ut
1439 526 1551 595 jam
1598 526 1768 579 ferme
1824 523 2001 577 hiems

2105 520 2317 591 χρόνον,
2353 511 2432 584 ὡς
2461 524 2520 574 ὲν
2575 521 2727 591 αὐτῷ
2762 520 2949 590 σχεδὸν
2977 518 3055 591 τῷ
3107 519 3333 590 χειμῶνι
3386 522 3687 590 παραγενέ-

417 628 588 689 esset,
622 635 748 675 cum
776 620 830 674 in
853 626 1044 690 partes
1067 616 1243 673 Creta‘
1275 616 1604 687 perveniret.
1632 613 1835 669 lterum
1866 627 1997 668 vero

419 729 569 769 nunc
620 712 909 784 prophetat
940 710 1143 766 Paulus
1196 723 1292 765 eos
1326 706 1671 776 naufragium
1732 705 1997 760 facturos.

422 802 490 856 Et
526 803 655 858 licet
689 811 878 873 postea
910 801 1073 872 312
1108 797 1376 870 ejusmodi
1411 796 1758 867 naufragium
1792 795 2000 863 absque

423 893 595 949 ullius
626 901 824 959 morte,
862 900 918 947 ut
949 894 1067 964 ipse
1111 891 1312 945 Paulus
1344 886 1618 960 pradixit,
1660 886 1951 958 contigerit
1981 899 1997 951 ;

423 994 667 1053 attamen
719 986 878 1055 juxta
909 993 1123 1039 naturae
1175 996 1403 1038 cursum
1452 981 1745 1051 periissent
1782 992 1997 1043 omnes,

424 1076 528 1131 nisi
554 1077 693 1133 Deus
726 1084 781 1132 et
803 1076 955 1130 illum
981 1075 1220 1139 salvum,
1249 1080 1304 1128 et
1333 1086 1431 1143 per
1453 1086 1576 1127 eum
1614 1084 1810 1126 omnes
1841 1070 2001 1125 inco-

423 1168 598 1223 lumes
671 1182 797 1223 esse
850 1166 1134 1224 voluisset.
1191 1164 1454 1221 Centurio
1524 1178 1638 1218 non
1723 1161 1999 1227 credebat,

421 1273 543 1328 quae
589 1274 619 1313 a
668 1258 840 1314 Paulo
891 1257 1240 1323 dicebantur,
1282 1265 1344 1311 ut
1392 1256 1487 1324 qui
1518 1252 1694 1324 magis
1725 1251 1999 1308 fidendum

423 1349 648 1417 putabat
696 1348 766 1404 iis
818 1348 909 1419 qui
949 1346 1242 1417 navigandi
1292 1345 1452 1416 periti
1493 1350 1654 1400 erant
1695 1357 1856 1413 quam
1905 1341 2003 1397 ho-

420 1438 558 1493 mini
589 1438 842 1494 nautiees
864 1437 1152 1508 inexperto
1180 1453 1197 1504 ;
1229 1444 1285 1491 et
1309 1450 1375 1491 ex
1410 1435 1514 1489 hoc
1546 1432 1809 1499 ostendit,
1842 1447 2001 1486 men-

424 1528 497 1583 tis
553 1543 800 1586 errorem
866 1527 1042 1586 fuisse
1095 1529 1281 1599 potius
1320 1542 1487 1598 quam
1535 1524 1791 1581 fortunae.
1844 1524 2001 1589 Quod

417 1619 566 1675 enim
612 1621 864 1675 naturale
912 1620 986 1675 sit
1025 1618 1329 1690 periculum
1398 1617 1613 1686 fugere,
1667 1617 2002 1687 experientia

421 1713 543 1781 ipsa
569 1712 731 1768 docet
760 1753 776 1777 ,
811 1726 934 1768 cum
962 1727 1124 1767 nemo
1158 1726 1283 1767 sese
1318 1709 1651 1781 prazcipitem
1681 1709 1796 1775 det,
1853 1707 2003 1778 quod

422 1805 531 1860 hoc
561 1804 790 1859 evidens
839 1803 1144 1875 perieulum
1179 1802 1394 1869 afferat,
1429 1801 1650 1856 fortuna
1684 1809 1740 1856 et
1768 1799 1884 1854 fasto
1911 1815 2004 1854 ve-

424 1895 524 1951 luti
551 1873 1032 1952 obdormientibus
1081 1895 1136 1950 in
1165 1895 1333 1951 rebus
1367 1892 1679 1949 manifestis
1717 1908 1782 1948 ac
1810 1892 2004 1949 visibi-
2034 1873 2078 1929 Β

421 1988 567 2043 libus
602 2005 618 2055 ;
650 2002 965 2059 quanquam
990 1986 1036 2043 si
1068 1986 1235 2043 etiam
1277 1987 1588 2058 vigilarent,
1622 1986 1758 2042 nihil
1776 2001 1838 2041 ea
1873 2000 2002 2056 pos-

420 2088 545 2134 sent
593 2088 784 2135 contra
816 2088 1172 2150 spontaneam
1201 2079 1549 2146 electionem,
1583 2094 1692 2149 qua
1749 2079 2003 2135 homines

420 2186 519 2226 sua
549 2170 910 2242 sibimetipsis
948 2171 1120 2226 libere
1164 2170 1522 2226 moderantur
1551 2188 1566 2238 ;
1609 2179 1679 2226 ut
1706 2171 1896 2227 videre
1917 2177 2034 2243 est.

426 2262 481 2315 in
507 2263 573 2317 iis
599 2263 764 2317 etiam
797 2263 891 2333 qui
950 2277 1078 2317 cum
1108 2260 1280 2317 Paulo
1302 2261 1656 2333 navigabant.
1684 2260 1834 2316 Adeo
1855 2261 2001 2316 enim

422 2354 502 2410 illi
542 2353 763 2424 propria
799 2354 1055 2410 libertate
1076 2353 1398 2429 utebantur,
1429 2361 1489 2409 ut
1522 2353 1686 2424 paulo
1714 2360 1839 2425 post
1872 2367 2002 2423 pro-

421 2460 645 2516 sperum
685 2453 907 2501 ventum
963 2446 1134 2514 nacti,
1169 2445 1575 2516 navigationem
1624 2444 1728 2500 laeti
1767 2445 2006 2499 contice-

424 2547 569 2593 rcnt.
592 2537 1153 2594 Animadvertendum
1191 2553 1347 2605 vero,
1379 2537 1524 2609 quod
1558 2554 1579 2588 ι
1612 2545 1805 2592 contra
1832 2533 2006 2604 respi-

423 2643 552 2683 cere
602 2646 622 2680 ι
684 2628 986 2699 improprie
1032 2629 1102 2685 de
1151 2628 1371 2699 navigio
1409 2629 1668 2686 dicatur:
1724 2628 2003 2697 respicere

422 2720 568 2775 enim
591 2721 695 2777 soli
726 2720 932 2778 homini
962 2724 1181 2793 proprie
1203 2722 1481 2778 convenit.
1512 2721 1696 2787 Quare
1716 2737 1824 2791 non
1860 2734 2007 2775 sem-

424 2829 523 2884 per
553 2814 607 2869 in
641 2828 804 2870 sacra
859 2814 1149 2886 Scriptura
1209 2816 1429 2887 propria
1488 2815 1692 2870 locutio
1718 2812 2006 2884 .exigenda

424 2914 531 2959 est.
567 2926 587 2959 ι
616 2903 806 2961 Valida
839 2913 1022 2962 autem
1053 2914 1399 2977 tempestate.
1435 2924 1454 2959 ι
1486 2905 1646 2971 Quod
1683 2905 1852 2976 igitur
1872 2918 2006 2959 con-

422 2996 566 3067 tigit,
589 2995 949 3067 naufragium
985 2994 1097 3069 (ιο)
1124 3012 1153 3051 a
1181 3005 1435 3067 tempore
1473 2996 1685 3051 factum
1744 3004 1832 3052 est
1868 3009 2008 3068 quo-

422 3088 571 3143 niam
598 3102 793 3159 magna
842 3095 961 3142 erat
993 3096 1320 3159 tempestas.
1348 3089 1419 3143 At
1446 3088 1776 3143 miraculum
1828 3089 2007 3155 majus

2103 612 2228 679 σθαι
2260 613 2340 675 εἰς
2364 613 2433 664 τὰ
2466 612 2606 684 μέρη
2638 613 2737 682 τῆς
2762 612 3008 683 Κρήτης.
3041 611 3175 666 Ἰδοὺ
3223 610 3559 683 προφητεύει
3592 611 3686 665 καὶ

2100 704 2197 759 νῦν
2230 706 2257 758 6
2286 706 2520 771 Παῦλος,
2558 704 2870 774 ναυαγῆσαι
2920 704 3094 773 λέγων
3141 702 3346 768 αὐτοῖς,
3402 702 3477 774 [εί
3505 703 3600 756 καὶ
3625 702 3687 756 οὗ

2099 797 2327 867 γέγονεν
2381 796 2613 871 αὐτοῖς.]
2649 797 2790 868 μετά
2825 796 3030 867 ζημίας
3077 796 3266 867 ψυχῶν
3318 796 3382 849 τὸ
3431 796 3693 864 ναυάγιον

2099 888 2245 942 κατά
2271 889 2364 943 τὸν
2424 886 2585 957 λόγον
2627 886 2815 941 αὐτοῦ.
2887 887 3061 941 Τοῦτο
3110 887 3209 959 μὲν
3241 886 3372 957 γὰρ,
3399 887 3523 940 ὅσον
3549 886 3692 940 κατά

2099 980 2201 1049 τὴν
2238 978 2401 1048 φύσιν
2423 980 2519 1033 τοῦ
2542 980 2888 1049 πράγματος,
2934 979 3152 1047 ἐγένετο
3176 978 3262 1039 ἂν,
3295 979 3345 1032 εἰ
3387 978 3462 1049 μὴ
3501 979 3530 1031 6
3558 978 3691 1041 Θεὸς

2099 1070 2346 1127 διέσωσε.
2373 1072 2452 1126 Δι’
2466 1072 2630 1126 αὐτὸν
2656 1072 2770 1143 γὰρ
2791 1072 2885 1126 καὶ
2906 1070 3150 1135 ἐκείνους
3185 1071 3479 1140 δισωθῆναι
3502 1069 3705 1140 tuoin--

2105 1180 2218 1221 σεν.
2251 1167 2326 1220 Οὐ
2356 1167 2617 1237 προσέχει
2655 1168 2769 1228 τοῖς
2800 1165 2907 1219 ὑπὸ
2930 1164 3025 1219 τοῦ
3058 1163 3277 1217 Παύλου
3328 1161 3641 1233 λεγομένοις
3660 1161 3693 1215 ὁ

2101 1258 2542 1330 ἑκατοντάρχης,
2599 1258 2925 1327 πειθόμενος
2988 1257 3190 1327 μᾶλλον
3239 1257 3354 1319 τοῖς
3408 1254 3693 1325 ἐμπείρως

2102 1346 2287 1419 ἔχουσι
2313 1346 2449 1417 πρὸς
2476 1346 2538 1401 τὸ
2567 1346 2744 1414 πλεῖν,
2777 1347 2811 1417 ἢ
2850 1345 3087 1418 ὲπιὸάτῃ
3131 1345 3344 1412 ἀπείρῳ
3390 1343 3691 1413 ναυτικῆς

2105 1440 2200 1494 καὶ
2231 1440 2295 1492 ὲκ
2325 1438 2518 1493 τούτου
2543 1438 2809 1502 διδάσκει,
2844 1439 2927 1492 ὅτι
2960 1436 3185 1507 γνώμης
3220 1437 3359 1503 ἐστὶ,
3391 1436 3485 1490 καὶ
3504 1434 3565 1488 οὐ
3591 1434 3695 1489 τύ-

2102 1547 2224 1601 χης,
2252 1530 2315 1582 τὸ
2343 1529 2670 1600 ἁμάρτημα.
2703 1529 2829 1583 Ὅτι
2863 1528 2973 1600 γὰρ
3004 1527 3121 1581 ἔστι
3159 1527 3305 1583 κατά
3337 1526 3497 1596 φύσιν
3521 1528 3695 1597 ἐκφυ-

2102 1626 2220 1692 γεῖν
2248 1622 2338 1676 τδν
2362 1622 2627 1687 κίνδυνον,
2659 1621 2799 1692 αὕτη
2831 1623 2865 1693 ἡ
2896 1624 3062 1693 πεῖρα
3088 1621 3352 1686 διδάσκει,
3379 1618 3455 1690 μὴ
3517 1637 3701 1673 κατα-

2103 1714 2431 1787 κρημνίζειν
2467 1715 2662 1769 ἑαυτόν
2698 1733 2842 1783 τινα,
2870 1717 2946 1779 ώς
2989 1713 3374 1785 ἀναμφιϐόλως
3399 1713 3492 1766 τοῦ
3544 1712 3690 1783 πρά-

2104 1823 2316 1876 γματος
2336 1807 2585 1861 κίνδυνον
2602 1807 2884 1878 φέροντος,
2907 1807 3006 1877 τῆς
3030 1806 3203 1878 τύχης
3221 1806 3317 1860 καὶ
3339 1806 3695 1876 εἱμαρμένης

2106 1900 2201 1952 ἐπὶ
2262 1898 2372 1952 τῶν
2426 1897 2726 1970 προῦπτων
2789 1898 3187 1970 κοιμιομένηςο
3228 1898 3262 1968 ἦ
3303 1896 3693 1970 γρηγορούσης

2107 1991 2228 2062 μὲν,
2288 1989 2456 2061 μηδὲν
2494 1990 2551 2044 δὲ
2596 1990 2902 2061 δυναμένης
2924 1990 3362 2061 ἀντιπράξασθαι
3398 1989 3540 2043 κατά
3588 1990 3692 2057 τῆς

2104 2086 2479 2156 προαιρέσεως
2508 2084 2620 2138 τῶν
2658 2083 2983 2156 ἀνθρώπων,
3039 2082 3164 2137 καθ’
3187 2082 3261 2155 ἣν
3298 2082 3365 2136 ἂν
3389 2081 3694 2153 βούλωνται

2101 2174 2173 2227 τά
2199 2173 2288 2243 ἐφ’
2325 2174 2511 2230 αὐτοῖς
2557 2174 2863 2243 πράγματα
2919 2175 3112 2243 ἄγουσι
3143 2174 3238 2227 καὶ
3295 2173 3575 2244 φέρουσιν,
3614 2172 3693 2236 ὡς

2103 2267 2196 2321 καὶ
2224 2268 2276 2320 οἱ
2310 2268 2409 2321 σὺν
2433 2266 2512 2337 τῷ
2541 2267 2740 2339 Παύλῳ
2768 2266 3153 2339 ἐκδημοῦντες.
3187 2264 3346 2320 Οὕτω
3400 2265 3511 2335 γὰρ
3549 2264 3696 2322 κατὰ

2107 2357 2432 2430 προαίρεσιν
2460 2358 2750 2430 ἔπραττον,
2787 2359 2869 2413 ὅτι
2923 2358 3126 2422 εὐθέως
3153 2357 3460 2427 ἐπιτηδείου
3504 2359 3695 2410 ἐπιτυ-

2103 2449 2289 2521 χόντες
2321 2447 2548 2519 ἀνέμου,
2575 2450 2857 2522 χαίροντες
2882 2449 3099 2520 διήνυον
3129 2448 3222 2502 τὸν
3253 2447 3446 2504 πλοῦν.
3492 2447 3695 2501 Ἰστέον

2105 2542 2186 2608 δὲ,
2211 2543 2293 2596 ὅτι
2326 2560 2345 2595 ι
2378 2543 2438 2595 τὸ
2464 2543 2923 2613 ἀντοφθαλμεῖν,»
2960 2541 3057 2594 ἐπὶ
3108 2541 3296 2596 πλοίου
3346 2541 3547 2609 λέγειν,
3593 2538 3693 2593 οὐκ

2107 2633 2224 2689 ἔστι
2260 2633 2642 2707 κυριολεξίαςα
2694 2631 2856 2687 τοῦτο
2899 2633 3010 2704 γὰρ
3060 2633 3152 2686 ἐπὶ
3192 2631 3482 2703 ἀνθρώπω
3532 2629 3697 2701 μόνον

2105 2726 2357 2797 ἁρμόζει.
2389 2726 2555 2779 Ὥστε
2585 2724 2647 2778 οὗ
2675 2725 2760 2780 δεῖ
2788 2724 3164 2796 κυριολεκτεῖν
3188 2723 3442 2777 ἀπαιτεῖν
3488 2721 3577 2775 ἀεὶ
3594 2720 3699 2788 τὴν

2110 2818 2361 2890 Γραφήν.
2411 2818 2723 2889 «Σφοδρῶς
2774 2816 2897 2871 δέ.»
2969 2816 3045 2870 Τὸ
3106 2817 3207 2886 μὲν
3258 2809 3352 2869 οῦν
3403 2814 3697 2883 γενόμενον

2112 2909 2393 2979 ναυάγιον,
2421 2909 2530 2963 ἀπὸ
2562 2907 2658 2963 τοῦ
2690 2911 2881 2978 καιροῦ
2938 2908 3177 2976 ἐγένετο,
3222 2904 3414 2976 ἐπειδὴ
3451 2904 3625 2975 μέγας
3668 2904 3699 2956 6

2105 2999 2440 3074 χειμώνοτὺ
2498 3001 2559 3055 δὲ
2602 2999 2791 3070 θαῦμα
2827 2998 3035 3070 μεῖζον,
3083 2999 3165 3053 ὅτι
3217 2997 3397 3068 καιρῷ
3458 2997 3697 3065 τοιούτῳ

2110 3095 2175 3146 ἐκ
2200 3094 2384 3163 μέσων
2432 3092 2723 3163 ἐσώθησαν
2766 3090 2878 3143 τῶν
2904 3089 3168 3143 κινδύνων
3193 3088 3357 3151 αὐτός
3383 3104 3443 3140 τε
3477 3089 3507 3140 6
3531 3085 3700 3140 Ἀπόρ

422 3182 549 3248 fuit,
578 3181 725 3253 quod
756 3182 850 3237 tali
873 3188 1119 3253 tempore
1146 3194 1178 3237 e
1208 3182 1403 3238 mediis
1428 3181 1687 3252 periculis
1717 3191 1830 3237 tum
1860 3181 2004 3252 Apo-

2109 3185 2320 3252 στολος,
2353 3186 2449 3240 καὶ
2477 3185 2545 3240 δι’
2585 3183 2752 3238 αὐτὸν
2786 3185 2838 3238 οἱ
2858 3182 3067 3237 λοιποί·
3099 3180 3241 3235 ὥστε
3267 3181 3330 3235 οὐ
3361 3179 3694 3251 διέψευσται.

423 3275 602 3332 stolus
629 3275 767 3346 ipse,
808 3283 924 3329 tum
953 3274 1047 3330 alii
1087 3282 1311 3346 propter
1340 3274 1519 3346 ipsum
1555 3274 1728 3344 erepti
1754 3274 1998 3332 fuerint:

2112 3293 2135 3329 ι
2165 3278 2276 3331 Καὶ
2299 3277 2409 3331 ἰδοὺ
2436 3275 2822 3347 κεχάρισται.»
2859 3272 3144 3329 Ἐντεῦθεν
3170 3273 3470 3326 δείκνυται
3498 3269 3697 3341 ψευδὲς

424 3380 601 3438 quare
636 3367 900 3436 deceptus
941 3381 1051 3422 non
1081 3376 1186 3422 est.
1223 3384 1245 3420 ι
1279 3366 1344 3420 Et
1374 3381 1502 3422 ecce
1539 3365 1764 3421 donavit
1807 3354 1932 3421 tibi.
1973 3384 1993 3420 ι

2105 3368 2331 3442 τδπαρ*
2374 3368 2601 3441 Ὁμήρῳ
2624 3367 2916 3440 εἰρημένον
2948 3381 2965 3399 °

424 3459 501 3515 Ex
538 3460 643 3514 hoc
669 3459 880 3516 falsitas
911 3467 1061 3529 patet
1085 3457 1357 3515 Homerici
1389 3459 1536 3516 illius
1568 3459 1699 3515 dicti
1727 3460 1841 3531 (41)
1878 3476 1895 3514 :

496 3552 702 3608 Fatum
749 3569 868 3610 vero
887 3553 1123 3609 arbitror
1149 3553 1408 3608 neminem
1432 3552 1706 3609 hominum
1731 3546 1999 3624 effugisse,

494 3687 618 3745 Sive
652 3688 854 3743 malum
881 3689 989 3744 sive
1021 3688 1236 3755 bonum,
1257 3696 1538 3760 postquam
1569 3689 1798 3831 primtItlm
1843 3696 2001 3812 uiuus

1765 3776 1875 3814 ueri
1905 3799 1920 3814 .

1765 3776 1920 3814 ueru.

424 3850 539 3907 lloc
593 3858 701 3917 est,
747 3851 1101 3922 [inpossibile
1130 3858 1217 3908 est
1271 3849 1513 3923 eﬂugere
1563 3851 1760 3906 mortis
1806 3849 2004 3918 fatum,

424 3942 572 4011 quod
608 3941 661 3996 in
690 3943 809 4013 ipsa
839 3942 1198 4013 generatione
1218 3942 1461 3998 hominis
1486 3951 1718 3998 mortem
1739 3941 2005 3999 determi-

351 4028 357 4038 ’
425 4044 542 4090 nat.
570 4034 709 4090 Ecce
759 4035 929 4101 enim,
965 4035 1084 4090 nisi
1126 4035 1182 4090 hi
1233 4036 1288 4089 in
1338 4034 1494 4090 Pauli
1527 4034 1757 4107 gratiam
1803 4035 2006 4092 servati

427 4125 686 4192 fuissent,
745 4142 943 4184 omnes
974 4127 1041 4182 ad
1099 4143 1267 4183 unum
1309 4127 1362 4182 in
1417 4129 1541 4183 navi
1588 4128 2008 4198 periissent;at

426 4218 574 4275 Deus
606 4219 751 4285 illos,
783 4228 844 4274 ut
869 4218 1084 4289 justum
1120 4220 1437 4284 ltonorarct,
1472 4219 1746 4276 liberavit.
1774 4219 2004 4287 Deinde,

427 4311 474 4366 si
520 4309 693 4364 fatum
728 4317 846 4366 erat
888 4325 1079 4367 omnes
1115 4310 1320 4382 perire,
1352 4311 1515 4368 etiam
1546 4312 1719 4367 Paulo
1770 4326 2009 4382 pereun-

426 4402 557 4458 dum
598 4409 753 4470 erat;
784 4403 862 4457 ait
887 4402 1035 4460 enim
1072 4402 1362 4469 Homerus,
1392 4421 1412 4457 ι
1447 4418 1622 4474 neque
1652 4404 1883 4468 malum,
1907 4416 2007 4458 ne-

425 4512 535 4566 que
556 4495 762 4551 bonum
793 4511 808 4563 ;
846 4515 866 4550 ι
900 4495 1193 4567 oportebat
1242 4497 1431 4567 igitur,
1468 4506 1527 4551 nt
1559 4505 1671 4549 tum
1716 4495 1845 4550 boni
1891 4504 2004 4549 tum

2101 3553 2329 3625 Μοῖραν
2364 3551 2416 3605 δ’
2447 3552 2520 3608 οὔ
2542 3550 2677 3607 τινά
2725 3569 2878 3621 φημι
2901 3546 3286 3621 πεφυγμένον
3317 3545 3563 3625 5W
3590 3547 3702 3603 dr-

2107 3695 2190 3750 Οὐ
2223 3692 2414 3749 κακὸν
2441 3692 2586 3748 οὐδὲ
2610 3691 2728 3763 μὲν
2752 3691 3002 3758 ἐσθλὸν,
3035 3689 3197 3761 ἐπὴν
3225 3690 3298 3746 τὰ
3341 3617 3696 3833 γέ-

3426 3778 3463 3813 ν
3506 3778 3534 3813 τ
3607 3800 3620 3813 .

3426 3778 3620 3813 νπται.

2173 3855 2464 3910 Τουτέστιν
2486 3899 2501 3923 ,
2540 3838 2832 3910 ’Δδύνατον
2862 3855 3122 3924 ἐκφυγεῖν
3159 3852 3261 3925 την
3299 3851 3397 3906 τοῦ
3462 3850 3696 3911 θανάτου

2108 3949 2474 4022 εἱμαρμένην,
2493 3947 2610 4018 ἅμα
2630 3948 2697 4018 τῇ
2721 3946 2973 4017 γεννήσει
2990 3944 3280 4017 ὁρίζουσαν
3292 3942 3385 3997 τοῦ
3404 3942 3705 4013 ἀνθρώπου

2106 4041 2203 4094 τὸν
2236 4040 2487 4096 θάνατον.
2514 4040 2645 4094 Ἰδοὺ
2662 4038 2794 4110 γάρ,
2819 4040 2868 4093 εί
2890 4038 2966 4111 μὴ
2980 4038 3067 4092 διὰ
3096 4036 3308 4091 Παύλου
3334 4033 3699 4108 [ὲσώθησαν],

2111 4133 2312 4196 πάντες
2330 4128 2476 4203 εἶχον
2496 4134 2553 4186 ὲν
2575 4131 2653 4204 τῷ
2670 4132 2840 4204 πλοίῳ
2856 4130 3176 4191 ἀπολέσθαι·
3203 4128 3297 4183 τοῦ
3319 4124 3455 4183 Θεοῦ
3472 4127 3699 4192 τούτους

2118 4225 2448 4299 ῥυσαμένου,
2464 4225 2596 4294 τιμῇ
2611 4223 2705 4277 τοῦ
2725 4223 2958 4280 δικαίου.
2987 4223 3218 4278 Ἔπειτα
3235 4222 3294 4277 δὲ
3314 4223 3362 4275 εί
3383 4219 3695 4291 εἱμαρμένη

2111 4311 2181 4388 ἦν
2200 4315 2262 4368 τὸ
2292 4313 2501 4376 πάντας
2526 4313 2849 4378 ἀπολέσθαι,
2874 4310 3021 4386 εἶχεν
3053 4313 3119 4368 ἂν
3147 4313 3244 4368 καὶ
3262 4315 3291 4367 ό
3320 4312 3535 4375 Παῦλος
3565 4314 3699 4365 ἀπο-

2106 4408 2293 4462 λέσθαι
2321 4414 2340 4438 ⁶
2381 4408 2516 4478 φησί⁵
2542 4407 2647 4481 γάρ
2673 4423 2689 4438 ’
2722 4426 2742 4459 ι
2767 4406 2842 4461 Οὐ
2880 4406 3073 4471 κακὸν,
3133 4406 3255 4460 οὐδὲ
3298 4406 3398 4477 μὲν
3446 4404 3692 4459 ἐσθλόν.»

2113 4501 2263 4553 Ἔδει
2294 4499 2405 4572 γὰρ
2432 4501 2561 4565 τοὺς
2606 4487 2804 4563 καλοὺς
2830 4499 2927 4553 καὶ
2952 4499 3080 4564 τοὺς
3102 4500 3329 4563 κακοὺς,
3362 4500 3420 4553 ὲν
3473 4498 3556 4552 ὲνὶ
3600 4516 3698 4552 πε-

426 4585 558 4641 mali
590 4585 871 4641 communi
900 4601 1059 4653 casu,
1083 4589 1176 4656 qui
1204 4585 1482 4640 indubiam
1513 4592 1742 4641 mortem
1774 4583 2003 4650 ferebat,

2114 4591 2303 4654 σόντας
2370 4591 2627 4660 πτώματι
2688 4587 3061 4659 ἀναμφίόολον
3151 4588 3374 4659 φέροντι
3437 4586 3693 4649 θάνατον.

426 4679 839 4735 occumberent.
888 4680 960 4733 At
1004 4680 1345 4735 contrarium
1416 4686 1642 4748 apparet
1680 4695 1694 4731 :
1730 4678 2000 4748 siquidem

424 4770 610 4839 justus
645 4779 898 4826 servatus
941 4778 1088 4826 esset
1142 4770 1213 4826 ab
1249 4769 1669 4825 evidentissimo
1731 4769 2003 4839 periculo,

430 4861 653 4916 tametsi
687 4876 901 4928 omnes,
930 4862 1023 4932 qui
1050 4877 1177 4917 cum
1200 4860 1320 4933 ipso
1349 4868 1528 4928 erant,
1562 4860 1875 4932 periissent.
1910 4859 2006 4917 Sic

427 4951 575 5008 enim
608 4949 755 5008 Deus
776 4951 1132 5020 decreverat;
1165 4952 1243 5006 ait
1275 4950 1423 5008 enim
1458 4967 1473 5004 :
1526 4967 1546 5003 ι
1598 4948 1740 5006 Ecce
1778 4950 2006 5005 donavit

2114 4680 2429 4735 ἀποθανεῖν.
2479 4680 2643 4735 Ἀλλὰ
2679 4680 2993 4735 τούναντίον
3054 4680 3329 4734 δείκνυται
3357 4677 3454 4736 νῦν
3481 4697 3495 4711 ·
3551 4680 3634 4733 ὅτι
3668 4682 3699 4734 6

2110 4773 2317 4837 δίκαιος
2348 4772 2586 4838 ἐσώζετο
2629 4773 2689 4840 ἐξ
2723 4773 3162 4844 ὁμολογουμένου
3191 4770 3459 4840 κινδύνου,
3487 4770 3582 4824 καί
3614 4786 3699 4826 τοι

2111 4863 2330 4918 πάντων
2371 4864 2481 4917 τῶν
2521 4864 2618 4916 σὺν
2639 4863 2790 4934 αὐτῷ
2815 4862 3270 4933 ἀποθνησκόντων
3287 4878 3303 4894 ο
3330 4861 3473 4916 οὕτω
3492 4862 3602 4933 γὰρ
3629 4856 3701 4933 ἦν

2109 4952 2187 5025 τῷ
2218 4952 2337 5025 Θεῷ
2366 4953 2546 5021 δόξαν.
2584 4954 2724 5025 Φησὶ
2761 4954 2897 5024 γάρ·
2931 4971 2950 5005 ι
2987 4953 3119 5007 Ἰδοὺ
3176 4952 3504 5025 κεχάρισταί
3554 4970 3647 5006 σοι
3670 4954 3701 5007 6

1613 5088 1814 5153 Variae
1838 5088 2147 5157 lectiones
2189 5102 2252 5159 et
2297 5103 2490 5160 notua.

499 5208 612 5280 (40)
634 5207 813 5266 Locus
838 5209 942 5266 iste
969 5208 1196 5267 mutilus
1229 5218 1284 5264 et
1312 5219 1608 5279 corruptus
1640 5209 1714 5265 ita
1755 5211 1999 5266 sarcien-

430 5284 559 5352 dus,
591 5288 647 5334 et
665 5281 1026 5352 corrigendos
1049 5296 1117 5335 ex
1141 5280 1539 5352 Chrysostomo
1569 5296 1586 5352 ;
1649 5282 1793 5352 Πῶς,
1838 5282 1994 5350 φησι,

2105 5225 2334 5284 tempore
2359 5216 2481 5287 fuit.
2518 5215 2702 5287 Majas
2734 5225 2911 5273 autem
2943 5215 3295 5287 miraculum,
3362 5222 3484 5287 etc.
3507 5212 3689 5287 (Σπιθ-

2082 5292 2087 5297 “
2107 5302 2230 5340 rum
2255 5284 2438 5342 textus
2457 5287 2561 5343 iste
2580 5284 2687 5342 non
2706 5298 2884 5343 exstat
2908 5289 2962 5343 in
2981 5287 3228 5343 editione
3250 5284 3531 5354 llentenii,
3549 5285 3700 5340 sicut

428 5351 534 5429 έξεί
532 5366 623 5420 ρον
656 5350 836 5429 ἄσιτοί
861 5351 1137 5429 ὄντεςᾌκαὶ
1166 5350 1389 5429 μηδενὸς
1428 5350 1860 5429 μεταλαβὸμενοι
1886 5367 1902 5417 ;
1931 5352 1993 5405 '0

2107 5365 2163 5411 et
2205 5358 2441 5429 maxima
2468 5373 2597 5429 pars
2626 5358 2739 5412 loci
2771 5362 3077 5429 sequentis.

431 5419 596 5492 φόῧος
620 5423 873 5492 κατεῖχεν
895 5421 1113 5492 αύτοὺς,
1139 5419 1241 5492 οὐκ
1278 5421 1384 5492 sta,
1419 5419 1501 5492 είς
1537 5419 1833 5490 ἐπιθυμίαν
1875 5437 1998 5492 τρο-

430 5490 537 5558 φῆς
570 5489 852 5561 ὲμπε-σεῖν,
884 5490 1178 5559 μέλλοντας
1203 5489 1618 5561 ὑπὲρίέσχάτων
1645 5489 1994 5546 κινδυνεύειν.

440 5557 646 5631 Τὸᾼμξν
671 5557 764 5614 οὖν
801 5557 1113 5631 γενόμενον,
1135 5560 1257 5631 ιΞιπδΔ
1284 5557 1378 5613 τοῦ
1406 5557 1599 5631 καιροῦ
1638 5561 1859 5629 ἐγένετο
1892 5577 1906 5591 ο
1940 5563 2002 5615 τὸ

430 5628 487 5701 δὲ
514 5628 699 5701 θαῦμα
729 5628 943 5699 μεῖζον,
964 5647 1019 5683 κ.
1046 5647 1099 5701 τ.
1130 5631 1180 5684 λ.
1210 5629 1279 5684 Et
1306 5628 1594 5701 quomodo,
1627 5628 1850 5700 inquiet.
1868 5630 2004 5701 fere-

434 5699 563 5751 bant
584 5698 779 5767 jejuni,
826 5716 945 5752 cum
980 5699 1187 5753 nullum
1247 5699 1419 5753 cibum
1474 5698 1787 5755 sumerem?
1823 5698 2004 5754 Timor

437 5767 640 5841 tenebat
671 5768 814 5841 illos,
846 5784 941 5841 nec
965 5769 1168 5841 sinebat
1196 5770 1382 5841 ἰητέὸὶ
1435 5772 1722 5841 appetitum
1778 5771 2005 5825 incidere

434 5837 501 5889 de
528 5840 775 5893 extremis
816 5837 1230 5907 periclitaturos.
1255 5840 1425 5911 Igitur
1460 5837 1598 5931 ἑφθά
1622 5843 1818 5911 factum
1844 5851 1944 5911 est,
1974 5856 2008 5894 a

2177 5426 2289 5497 (41)
2340 5424 2491 5481 ΙΙίιιιΙζ
2519 5426 2608 5493 Vl,
2639 5443 2691 5481 v.
2726 5428 2833 5484 488
2854 5424 2918 5485 ἐι
2944 5429 3070 5484 489.
3122 5424 3356 5497 Exstant
3385 5425 3547 5481 etiam
3607 5425 3700 5479 hie

2109 5512 2305 5568 versus
2331 5497 2475 5568 apud
2507 5497 2785 5553 Stobaeum
2813 5500 2864 5552 in
2889 5497 3164 5568 excerptis
3192 5496 3266 5550 De
3295 5512 3477 5568 rerum
3503 5506 3698 5548 natura

2112 5568 2200 5624 tit.
2231 5566 2326 5632 IX,
2359 5565 2500 5638 quos
2556 5568 2633 5622 ita
2667 5568 2853 5624 reddit
2888 5565 3089 5625 ibidem
3126 5566 3280 5637 llugo
3324 5565 3550 5623 Grotius
3579 5581 3700 5619 ser-

2112 5646 2237 5692 vata
2273 5644 2486 5693 ratione
2519 5640 2783 5693 carminis
2821 5657 2836 5694 :

2222 5728 2392 5784 Nemo
2438 5747 2629 5786 nocens
2650 5739 2700 5785 et
2727 5748 2875 5786 nemo
2908 5731 3074 5786 bonus
3109 5731 3205 5785 has
3246 5732 3298 5784 in
3330 5730 3546 5785 luminis
3576 5743 3705 5784 oras

2226 5799 2414 5856 Editus
2431 5801 2619 5857 evades
2647 5802 2749 5873 fati
2780 5803 2919 5874 quod
2952 5804 3058 5873 lege
3090 5811 3334 5870 paratur.
