4082 6458
422 506 563 575 1053

986 516 1523 586 EXPOSITIONIS
1562 519 1642 582 IN
1682 516 1871 579 ACTA
1911 514 2215 579 TEXTUS
2252 517 2607 583 ALTER.-
2647 520 2807 583 CAP.
2841 518 3120 581 XXVIII.

3548 512 3685 579 1054

418 630 780 695 Θεὸςπάντας
806 632 933 697 τοὺς
965 635 1229 700 πλέοντας
1263 641 1401 708 μετά
1433 637 1551 694 σοῦ.
1588 659 1607 690 ι
1633 639 1743 692 Καὶ
1773 632 1877 690 ὧδε
1908 634 1999 704 μὲν

2111 634 2212 690 tibi
2243 636 2388 694 Deus
2413 654 2608 695 omnes
2630 639 2723 709 qui
2775 645 2955 694 tecum
2979 639 3260 706 navigant.
3303 654 3323 688 ι
3362 636 3426 691 Ει
3462 634 3683 705 quidem

419 721 511 775 διὰ
536 722 630 775 τὸν
655 722 865 779 δίκαιον
893 724 1061 789 ζῶσιν
1092 730 1144 782 οἱ
1192 731 1410 793 ἀσεϐεῖς
1433 750 1449 766 ο
1488 731 1604 784 ἔστι
1649 729 1706 782 δὲ
1737 729 1827 781 ὅτε
1883 727 2008 781 τοῦ-

421 813 639 868 ναντίον
669 814 765 867 καὶ
814 816 923 887 πρὸ
969 816 1121 889 ὥρας
1167 823 1196 874 6
1223 822 1427 893 ἀσεϐὴς
1448 821 1768 886 ἀπόλλυται,
1796 818 1886 873 διὰ
1908 818 2009 890 τὴν

420 906 621 960 ἑαυτοῦ
650 906 872 974 κακίαν,
900 911 1047 965 κατὰ
1079 913 1142 967 τὸ
1168 915 1459 985 εἰρημένον
1480 932 1496 948 ο
1537 934 1555 967 ι
1594 913 1688 984 Μὴ
1730 912 2008 984 ἀσεϐήσῃς

420 998 585 1060 πολὺ,
623 996 759 1069 μηδὲ
785 998 937 1066 γίνου
971 1001 1227 1072 σκληρὸς,
1274 1004 1363 1058 ἵνα
1397 1003 1474 1076 μὴ
1513 1004 1790 1076 ἀποθάνῃς
1843 1005 1901 1056 ὲν
1943 1000 2005 1054 ού

420 1085 600 1158 καιρῷ
627 1105 743 1143 σου.
774 1108 794 1141 ι
823 1090 940 1144 Ἰνα
961 1090 1054 1145 οὖν
1073 1094 1324 1166 κατάσχῃ
1357 1096 1556 1158 αὐτοὺς
1579 1097 1607 1148 6
1637 1094 1872 1158 Παῦλος,
1906 1084 2006 1148 καὶ

423 1185 499 1251 μὴ
520 1180 752 1253 διαπέσῃ
772 1181 941 1236 αὐτοῦ
963 1185 997 1253 ἠ
1023 1188 1353 1256 προφητεία,
1370 1188 1732 1258 οἰκονομικῶς
1764 1187 1955 1255 ἔλεγεν
1987 1202 2002 1216 ·

427 1293 448 1326 ι
487 1275 612 1328 Ἐὰν
631 1276 706 1346 μὴ
726 1269 873 1330 οὗτοι
897 1279 1155 1347 μείνωσιν
1174 1279 1233 1333 ὲν
1252 1278 1331 1350 τῷ
1354 1280 1523 1351 πλοίῳ
1540 1279 1689 1350 (τοὺς
1705 1280 1907 1341 ναύτας
1919 1276 2007 1330 λέ-

417 1367 589 1438 γων,)
622 1369 777 1438 ὑμεῖς
832 1370 1072 1439 σωθῆναι
1123 1372 1186 1426 οὐ
1231 1371 1484 1428 δύνασθε.
1521 1371 1688 1426 »Ὀτε
1731 1367 1826 1425 οῦν
1863 1366 2008 1424 εἶδον

417 1462 561 1531 ὅτιὴ
601 1461 831 1515 ἀϐουλία
864 1462 1047 1516 αὐτῶν
1096 1464 1355 1534 ἐποίησεν
1387 1465 1588 1527 αὐτοὺς
1637 1463 2002 1526 κινδυνεῦσαι,

417 1553 543 1607 τότε
569 1551 807 1624 ἤρξαντο
848 1552 1000 1625 αύτῷ
1050 1554 1337 1610 πείθεσθαι
1360 1572 1377 1589 ο
1413 1557 1490 1620 ὡς
1526 1556 1726 1625 μᾶλλον
1756 1555 1857 1626 τῆς
1916 1555 2003 1607 εὐ-

420 1645 614 1714 καίρου
651 1644 1008 1715 συμϐουλίας,
1042 1647 1139 1716 τῆς
1163 1646 1316 1720 παρά
1358 1648 1515 1715 ἁγίου
1542 1647 1735 1719 ἀνδρὸς
1780 1646 2009 1718 γινομέ-

417 1752 536 1805 νης,
551 1735 856 1804 δυναμένης
883 1736 1130 1809 σῶσαι,ἢ
1154 1737 1255 1809 τῆς
1272 1738 1638 1810 εἱμαρμένης,
1665 1738 1766 1808 τῆς
1790 1740 1849 1793 ἐν
1889 1759 2006 1797 κιν-

416 1826 560 1896 δύνῳ
577 1825 709 1897 μηδὲ
729 1825 901 1896 ὄνομα
918 1827 1170 1897 ἐχούσης.
1194 1828 1257 1882 Et
1273 1827 1382 1898 γὰρ
1396 1829 1710 1903 εἱμαρμένῃ
1725 1831 2006 1887 ἐπείθοντο

416 1916 638 1976 ἐκεῖνοι,
692 1914 872 1969 καίτοι
909 1915 1063 1979 ὄντες
1109 1916 1338 1985 ἐθνικοὶ,
1368 1918 1684 1988 παρειόντες
1712 1918 1797 1991 ff.
1830 1938 1998 1992 παρι-

415 2004 600 2066 δόντες
625 2002 703 2058 υεί
727 2002 1069 2075 παρεῶντες]
1095 2005 1196 2076 τὴν
1223 2005 1318 2059 τοῦ
1341 2005 1631 2069 θεοσεϐοῦς
1662 2006 1994 2077 συμϐουλὴν,

415 2093 546 2148 εἴων
579 2093 645 2148 ἄν
670 2093 928 2148 ἀπελθεῖν
958 2095 1085 2159 τοὺς
1140 2095 1365 2161 ναύτας,
1414 2096 1686 2165 λέγοντες,
1721 2097 1825 2162 ὅτι,
1874 2097 1997 2151 Κᾶν

414 2178 564 2241 οὗτοι
602 2185 898 2251 ἀπέλθωσι,
944 2186 1215 2257 συμφέρει
1245 2188 1301 2241 δὲ
1332 2188 1483 2259 ἡμᾶς
1512 2186 1826 2253 ἀποθανεῖν,
1843 2190 1997 2244 οὐδε-

419 2278 520 2348 μία
541 2277 726 2348 ὄνησις
754 2279 889 2349 ἡμῖν
913 2279 1203 2347 γενήσεται
1232 2281 1298 2333 ὲκ
1335 2279 1430 2334 τοῦ
1464 2281 1540 2352 μὴ
1574 2281 1831 2336 ἀπελθεῖν
1874 2283 1998 2336 τού-

412 2386 562 2433 τους.
606 2369 748 2423 Ἀλλ’
796 2370 897 2423 οὐκ
938 2363 1091 2424 εἷπον
1163 2369 1343 2437 τοῦτο,
1398 2373 1519 2426 οὐδὲ
1546 2356 1742 2427 εἴασαν
1802 2375 1999 2437 αὐτοὺς

412 2460 689 2518 ἀπελθεῖν.
716 2461 807 2514 Διὸ
837 2462 902 2514 ὲκ
931 2461 1141 2515 πολλῶν
1170 2462 1465 2534 ἐκϐλητέος
1496 2464 1524 2516 ὁ
1554 2467 1684 2536 περὶ
1727 2466 2000 2539 εἱμαρμέ-

412 2571 512 2622 νης
539 2555 572 2625 ἢ
593 2552 763 2624 τύχης
801 2554 979 2623 λόγος.
1013 2556 1273 2627 Παραινεῖ
1295 2554 1507 2619 Παῦλος
1525 2557 1849 2627 μεταλαϐεῖν
1865 2576 1995 2630 τροο

414 2646 523 2716 φῆς
549 2659 563 2674 °
616 2645 712 2699 καὶ
758 2645 920 2707 αὐτὸς
956 2646 1172 2715 πρῶτος
1251 2647 1685 2717 μεταλαμϐάνει,
1709 2650 1772 2702 ού
1819 2649 1994 2721 λόγῳ,

415 2740 536 2795 ἀλλ’
568 2739 716 2812 ἔργῳ
747 2740 952 2795 πείθων
974 2758 987 2774 ·
1017 2741 1188 2796 Τοῦτο
1215 2744 1346 2816 γὰρ,
1383 2746 1535 2815 φησὶ,
1561 2727 1700 2819 πρὸς
1724 2748 1825 2819 τῆς
1863 2749 1998 2821 ὑμε-

413 2835 581 2905 τέρας
610 2835 885 2904 σωτηρίας
911 2833 1029 2888 ἐστὶ
1069 2835 1358 2906 (τουτέστι,
1406 2840 1467 2892 τὸ
1497 2841 1738 2912 φαγεῖν),
1789 2843 2000 2912 μήποτε

419 2924 570 2993 λιμῷ
608 2923 973 2994 διαφθαρῆτε.
1034 2926 1110 2980 Οὐ
1140 2928 1249 2998 γάρ
1272 2923 1341 2998 ἦν
1382 2930 1568 2995 αὐτοῖς
1600 2934 1809 3003 τροφῆς
1838 2950 2002 3004 φρον-

413 3013 521 3076 τὶς,
567 3014 664 3068 ἅτε
694 3015 754 3067 οὐ
792 3015 922 3085 περὶ
954 3016 1063 3070 τῶν
1101 3018 1375 3089 τυχόντων
1403 3020 1556 3086 ὄντος
1603 3025 1698 3079 τοῦ
1731 3025 1998 3082 κινδύνου.

418 3105 591 3159 Πόθεν
632 3107 691 3160 δὲ
741 3106 966 3176 γέγονεν
1024 3110 1214 3175 αὐτοῖς
1256 3111 1412 3182 δῆλος
1450 3112 1563 3167 τῶν
1611 3116 2002 3184 συμπλεόντων

414 3196 446 3249 6
485 3196 718 3266 ἀριθμός
746 3215 761 3264 ;
792 3197 954 3263 Εἰκὸς
979 3194 1046 3270 ἧν
1075 3200 1274 3266 αὐτοὺς
1300 3202 1513 3276 ὲριοτᾷν
1562 3207 1660 3278 τὴν
1697 3207 1896 3275 αἰτίαν,
1934 3211 2002 3264 δι’

2112 742 2256 783 nunc
2279 728 2504 801 propter
2529 731 2742 800 justum
2773 729 2970 784 vivunt
3006 726 3180 796 impii.
3218 726 3531 797 Aliquando
3557 742 3689 782 vero

2110 820 2403 876 immature
2458 821 2601 895 perit
2647 820 2851 891 impius
2901 827 3128 890 propter
3178 818 3441 872 malitiam
3503 832 3687 882 suam,

2108 912 2269 984 313
2298 913 2454 982 juxta
2489 912 2667 967 illud:
2707 931 2725 965 ι
2776 909 2856 967 Ne
2901 911 3071 980 impie
3123 923 3254 980 agas
3306 910 3536 962 multum
3584 916 3689 962 :ct

2111 1005 2221 1060 noli
2267 1020 2391 1060 esse
2448 1005 2676 1069 stultus,
2728 1017 2798 1058 ne
2855 1000 3111 1057 moriaris
3165 999 3220 1053 in
3280 1006 3526 1069 tempore
3578 1013 3685 1053 non

2110 1108 2205 1153 tuo
2238 1097 2307 1151 ⁸⁵.
2347 1116 2366 1149 ι
2394 1096 2596 1152 Paulus
2636 1097 2806 1167 igitur
2853 1105 2912 1150 ut
2969 1108 3067 1149 eos
3115 1093 3408 1158 detineret,
3452 1091 3688 1161 ejusque

2107 1189 2391 1260 prophetia
2434 1189 2774 1259 impleretur,
2822 1186 3044 1243 dicebat
3089 1202 3103 1239 :
3146 1202 3166 1237 ι
3201 1183 3316 1239 Nisi
3368 1183 3425 1238 hi
3474 1183 3529 1237 in
3559 1185 3684 1237 nari

2110 1283 2441 1347 manserint,
2478 1297 2576 1338 vos
2612 1281 2747 1337 salvi
2781 1279 2899 1335 ﬁeri
2930 1294 3039 1334 non
3072 1278 3329 1349 potestis.
3360 1295 3380 1329 ι
3414 1275 3484 1332 Ut
3520 1276 3689 1346 igitur

2106 1381 2480 1442 cognoverunt
2539 1387 2600 1427 se
2646 1387 2676 1427 a
2723 1370 2941 1441 prepria
2975 1368 3341 1439 imprudentia
3398 1366 3466 1421 ad
3506 1375 3686 1421 extre-

2107 1481 2256 1519 mum
2283 1465 2480 1520 adduci
2501 1465 2829 1535 periculum,
2857 1472 2992 1517 tunc
3021 1469 3306 1529 cmpernnt
3340 1459 3519 1514 eidem
3567 1474 3687 1512 crc-

2106 1556 2257 1624 dere,
2288 1555 2491 1626 quippe
2519 1554 2662 1625 quod
2697 1560 3071 1624 opportunum
3095 1549 3391 1605 consilium
3428 1563 3457 1603 a
3490 1553 3685 1602 sancto

2104 1647 2227 1704 viro
2264 1646 2452 1701 datum
2483 1645 2654 1717 magis
2679 1660 2774 1700 eos
2800 1657 3021 1699 servare
3050 1650 3259 1712 posset,
3292 1654 3456 1709 quam
3512 1636 3683 1692 fotum

2104 1740 2250 1812 quod
2281 1739 2334 1795 in
2380 1738 2622 1808 periculo
2651 1752 2721 1793 ne
2764 1751 2965 1791 nomen
3001 1732 3219 1804 quidem
3265 1746 3429 1787 suum
3458 1728 3680 1784 retinet.

2112 1833 2169 1889 Si
2205 1832 2352 1887 enim
2382 1829 2465 1884 illi
2508 1828 2645 1894 fato,
2677 1827 2828 1881 velut
2856 1825 3108 1897 gentiles,
3137 1820 3525 1883 credidissent,
3559 1833 3686 1888 pro-

2108 1925 2272 1991 fecto,
2301 1923 2493 1979 relicto
2537 1920 2611 1990 pii
2640 1919 2743 1975 viri
2794 1917 3046 1980 consilio,
3077 1914 3341 1971 sivissent
3372 1912 3524 1968 abire
3552 1927 3686 1966 nau-

2102 2026 2207 2081 tas,
2240 2015 2483 2070 dicentes
2512 2029 2529 2068 :
2560 2012 2616 2067 Si
2640 2011 2727 2066 his
2747 2010 2910 2065 etiam
2945 2005 3294 2068 abeuntibus,
3334 2008 3553 2072 oportet
3585 2017 3687 2057 nos

2100 2109 2263 2173 mori,
2298 2107 2433 2161 nihil
2456 2101 2808 2161 emolumenti
2840 2101 2999 2156 nobis
3026 2099 3154 2163 erit,
3187 2097 3403 2153 etiamsi
3433 2110 3539 2149 non
3566 2093 3687 2150 dis-

2099 2201 2292 2257 cedant
2324 2198 2472 2271 (nam
2506 2195 2863 2252 nihilominus
2904 2193 3012 2247 fato
3046 2189 3299 2259 adigente
3335 2185 3680 2258 peribimus).

2098 2293 2351 2347 Attamen
2368 2304 2480 2344 non
2504 2288 2576 2343 ita
2598 2287 2874 2351 dixerunt,
2896 2298 3073 2350 neque
3094 2288 3421 2352 potestatem
3443 2276 3682 2345 abeundi

2102 2386 2209 2439 illis
2242 2383 2509 2439 fecerunt.
2541 2379 2728 2447 Quare
2761 2392 2828 2432 ex
2864 2373 3151 2446 multiplici
3183 2370 3364 2442 capite
3419 2368 3685 2438 abjicien-

2099 2477 2230 2531 dum
2260 2488 2489 2547 prorsus
2534 2481 2621 2528 est
2646 2476 3016 2527 commentum
3053 2467 3122 2521 de
3170 2465 3284 2520 lato
3330 2472 3385 2519 et
3438 2462 3682 2516 fortuna.

2101 2571 2366 2626 Hortatur
2387 2580 2517 2621 vero
2547 2563 2751 2619 Paulus
2774 2568 3006 2616 cunctos
3035 2557 3128 2629 qui
3162 2563 3323 2613 erant
3355 2555 3408 2609 in
3450 2553 3596 2616 navi,
3620 2561 3683 2607 ut

2102 2670 2384 2721 sumerent
2419 2659 2626 2723 cibum,
2666 2664 2729 2712 et
2766 2656 2882 2726 ipse
2915 2652 3127 2724 primus
3178 2649 3437 2720 sumpsit,
3475 2656 3535 2702 ιιι
3570 2662 3680 2700 non

2103 2766 2215 2811 tam
2242 2754 2406 2810 verbo
2438 2767 2603 2823 quam
2629 2763 2793 2820 opere
2814 2745 3169 2817 persuaderet
3200 2760 3214 2798 :
3248 2742 3358 2796 Hoc
3393 2742 3562 2804 enim,
3593 2740 3682 2794 in-

2101 2843 2345 2915 quiebat,
2373 2841 2441 2897 ad
2472 2848 2708 2896 vestram
2744 2835 2979 2892 salutem
3027 2830 3406 2888 necessarium
3460 2838 3567 2890 est,
3611 2840 3683 2881 ne

2102 2936 2247 2992 fame
2275 2931 2513 3006 pereatis
2546 2948 2561 2985 :
2594 2942 2775 2999 neque
2819 2925 2965 2982 enim
2996 2923 3154 2979 cibus
3188 2935 3335 2977 curae
3384 2919 3498 2974 illis
3537 2925 3680 2981 erat,

2102 3028 2251 3101 quod
2277 3028 2332 3081 in
2373 3037 2590 3083 summo
2616 3021 2744 3076 vita:
2781 3017 3022 3088 periculo
3073 3022 3444 3071 versarentur.
3484 3027 3505 3062 ι
3545 3008 3680 3062 Era—

2102 3136 2226 3176 mns
2243 3132 2390 3175 vero.
2433 3134 2452 3168 ι
2492 3112 2647 3169 Unde
2671 3109 3000 3168 manifestus
3031 3105 3211 3162 factus
3234 3110 3317 3159 est
3340 3102 3451 3158 illis
3467 3116 3679 3165 eorum,

2104 3215 2198 3284 qui
2231 3212 2286 3267 in
2323 3208 2451 3266 navi
2479 3216 2656 3271 erant,
2692 3203 2999 3261 numerus?
3030 3200 3292 3256 Fortasse
3323 3213 3447 3254 sese
3483 3204 3677 3250 mutuo

414 3289 484 3359 ἢν
534 3289 779 3357 πλέουσι,
833 3294 930 3346 καὶ
983 3293 1175 3364 μαθεῖν
1224 3297 1423 3353 πάντα.
1460 3298 1630 3353 Πάλιν
1680 3301 1745 3355 έκ
1803 3301 1997 3357 τούτου

2103 3308 2601 3375 interrogaveram,
2637 3314 2746 3369 qua
2776 3297 2845 3353 de
2876 3309 3046 3352 causa
3090 3292 3434 3362 navigarent,
3491 3288 3682 3357 sicque

413 3381 819 3448 δείκνυται,ὅτι
860 3382 939 3453 τῷ
973 3385 1170 3458 Παύλῳ
1197 3387 1599 3460 εὐχαρίστησαν
1649 3392 1715 3460 ⁸⁵,
1755 3395 1839 3447 ὅτι
1898 3394 1993 3449 καί

413 3492 498 3531 τοι
530 3475 874 3547 βουλομένων
895 3479 1048 3543 τινὰς
1079 3482 1347 3554 ἀναιρεῖν,
1385 3483 1473 3537 ἵνα
1501 3484 1578 3557 μὴ
1610 3486 1753 3562 πέσῃ
1778 3489 1811 3559 ἡ
1857 3506 1993 3561 προ·

414 3567 616 3636 φητεία
658 3569 896 3634 Παύλου,
945 3572 1048 3625 οὐκ
1110 3573 1296 3628 εἴασεν
1330 3575 1531 3642 αὐτοὺς
1582 3580 1996 3653 ἀναιρεθῆναιὸ

414 3660 843 3734 ἑκατοντάρχης,
880 3663 966 3716 ἵνα
986 3662 1078 3717 τὸν
1109 3663 1321 3721 Παῦλον
1354 3668 1527 3742 σώσῃ.

871 3845 961 3916 Τῷ
1016 3846 1280 3919 Σαϐϐάτῳ
1315 3851 1415 3919 τῆς
1452 3857 1518 3908 ν’.

1000 3939 1388 3997 ΚΕΙΜΕΝΟΝ.

487 4024 555 4079 Oi
581 4043 641 4079 τε
677 4026 958 4099 Βάρϐαροι
985 4033 1248 4101 παρεῖχον
1274 4033 1336 4087 οὐ
1364 4032 1464 4105 τὴν
1486 4036 1757 4107 τυχοῦσαν
1795 4039 1989 4108 φιλαν-

410 4116 661 4187 θρωπίαν
699 4117 853 4188 ἡμῖν.
903 4118 1240 4189 Ἀνάψαντες
1294 4122 1404 4193 γὰρ
1457 4126 1661 4197 πυρὰν,
1716 4107 1989 4198 πρϐσελάο

2099 3403 2366 3454 noverant
2392 3394 2599 3451 omnia.
2641 3410 2661 3444 ι
2694 3390 2926 3445 Militum
2957 3396 3140 3443 autem
3166 3383 3453 3442 consilium
3478 3388 3616 3436 erat.
3653 3397 3675 3433 ι

2098 3489 2178 3545 Ex
2209 3491 2314 3544 hoc
2342 3487 2509 3544 etiam
2537 3485 2716 3556 palam
2753 3482 2834 3550 tit,
2878 3496 2977 3538 eos
3042 3477 3213 3533 Paulo
3259 3475 3494 3531 donatos
3528 3486 3678 3533 esse,

2098 3581 2271 3653 quod,
2299 3596 2424 3636 cum
2451 3579 2654 3634 vellent
2680 3575 2949 3647 quosdam
2980 3570 3256 3633 occidere,
3291 3581 3362 3622 ne
3399 3564 3680 3622 excideret

2092 3674 2253 3733 Pauli
2289 3671 2594 3744 prephctia.
2633 3668 2906 3734 centurio,
2936 3673 2998 3721 ut
3025 3663 3255 3719 Paulum
3277 3664 3542 3721 servaret,
3566 3669 3681 3714 non

2096 3766 2368 3839 permisit,
2397 3772 2457 3819 ut
2487 3763 2632 3818 ullus
2661 3760 3084 3816 interficeretur.

2565 3852 2807 3908 Sabbato
2843 3850 3218 3905 Pentecostes.

2164 4040 2408 4106 XXVIII,
2440 4037 2588 4095 1-10.
2607 3939 3342 4103 Barb'laﬁxv'legospra’stabant
3367 4043 3473 4083 non
3497 4025 3679 4081 modi-

2093 4152 2213 4193 cam
2249 4131 2645 4190 humanitatem
2675 4127 2859 4186 nobis.
2893 4126 3137 4181 Accensa
3167 4123 3316 4178 enim
3364 4134 3516 4193 pyra,
3551 4119 3678 4175 reti-

413 4211 590 4318 ϐοντο⁸
620 4210 833 4318 πάντας
863 4211 1043 4318 ’ἡμᾶς
1096 4213 1187 4268 διά
1218 4214 1310 4269 τὸν
1360 4216 1515 4272 ὑετὸν
1548 4219 1640 4273 τὸν
1681 4219 1987 4291 ἐφεστῶτα,

2102 4218 2313 4284 ciebant
2338 4239 2442 4281 nos
2469 4237 2663 4279 omnes
2688 4228 2908 4292 propter
2938 4217 3170 4272 imbrem
3211 4214 3306 4283 qui
3335 4210 3678 4275 imminebat,

414 4303 509 4355 καὶ
561 4301 650 4407 διὰ
703 4301 764 4356 τὸ
805 4301 1002 4407 ψύχος.
1054 4305 1468 4379 Συστρέψαντος
1515 4310 1576 4364 δὲ
1630 4312 1726 4366 τοῦ
1772 4312 1990 4368 Παύλου

2102 4328 2146 4376 et
2168 4320 2355 4391 frigus.
2379 4317 2516 4373 Cum
2532 4321 2925 4387 congregasset
2939 4318 3121 4367 autem
3139 4309 3345 4363 Paulus
3371 4314 3681 4363 sarmento-

413 4393 710 4464 φρυγάνων
745 4412 800 4448 τι
829 4392 1061 4465 πλῆθος,
1096 4399 1189 4451 καὶ
1225 4398 1507 4467 ἐπιθέντος
1540 4403 1634 4457 ἐπὶ
1663 4404 1762 4476 τὴν
1786 4406 1989 4477 πυράν,

2102 4429 2212 4478 rum
2242 4411 2594 4481 aliquantam
2622 4405 3023 4461 multitudinem
3058 4412 3112 4458 et
3139 4401 3489 4470 imposuisset
3513 4411 3681 4466 super

413 4484 598 4599 ἔχιδνα
627 4485 865 4599 ἀπορῇς
880 4487 1106 4599 ,θέρμης
1145 4489 1461 4557 ἐξελθοῦσα,
1496 4493 1712 4565 καθῆψε
1742 4496 1843 4566 τῆς
1872 4516 1987 4569 χει-

2102 4505 2300 4577 ignem,
2326 4502 2535 4572 vipera,
2557 4498 2782 4553 aealore
2794 4511 2918 4551 cum
2940 4492 3324 4565 processisset,
3342 4488 3541 4543 invasit
3562 4503 3680 4540 ma-

415 4580 508 4649 ρὸς
533 4579 721 4634 αὑτοῦ.
762 4579 853 4644 Ὣς
877 4579 934 4635 δὲ
976 4577 1119 4637 εἶδον
1166 4583 1216 4635 οἱ
1247 4582 1525 4655 Βάρϐαροι
1549 4589 1896 4660 κρεμάμενον
1926 4591 1989 4644 το

2102 4611 2220 4651 num
2234 4591 2451 4665 cjus.Ut
2463 4605 2592 4647 vero
2605 4589 2857 4644 viderunt
2869 4585 3091 4640 Barbari
3108 4582 3433 4654 pendentem
3450 4578 3677 4633 bestiam

415 4667 606 4739 θηρίον
637 4669 697 4722 ἐν
730 4671 797 4741 τῇ
833 4669 979 4741 χειρὶ
1009 4671 1199 4738 αὑτοῦ,
1249 4675 1390 4744 πρὸς
1440 4674 1704 4746 ἀλλήλους
1755 4677 1941 4747 ἔλεγον
1971 4697 1985 4710 ο

416 4759 640 4824 Πάντως
672 4761 870 4831 φονεύς
923 4763 1075 4818 ἐστιν
1117 4767 1146 4818 ὁ
1173 4765 1462 4837 ἄνθρωπος
1486 4760 1666 4836 οὗτος,
1697 4770 1756 4823 ὃν
1793 4771 1994 4826 διασω-
2027 4780 2031 4783 ’

2098 4688 2166 4743 de
2198 4700 2359 4741 manu
2387 4683 2528 4754 ejus,
2572 4681 2639 4736 ad
2682 4678 2914 4734 invicem
2948 4673 3113 4746 314
3139 4673 3395 4728 dicebant
3429 4688 3442 4726 :
3481 4669 3680 4738 Utique

2104 4776 2382 4833 homicida
2419 4781 2504 4829 est
2538 4773 2703 4827 homo
2726 4770 2845 4835 hic,
2875 4767 2967 4838 qui
3003 4781 3127 4820 cum
3153 4763 3395 4819 evaserit
3421 4761 3489 4815 de
3516 4759 3677 4824 mari,

418 4850 581 4905 θέντα
612 4855 677 4907 ἐκ
710 4854 809 4924 τῆς
851 4853 1154 4927 θαλάσσης,
1191 4857 1226 4927 ἡ
1268 4857 1395 4928 δίκη
1429 4858 1530 4931 ζῇν
1559 4860 1660 4915 οὐκ
1686 4862 1891 4918 είασεν.
1937 4863 1995 4917 ’0

2102 4869 2235 4925 ultio
2260 4883 2368 4923 non
2390 4866 2524 4923 sinit
2543 4880 2668 4920 eum
2698 4863 2902 4917 virere.
2933 4857 2998 4911 Et
3039 4857 3126 4911 ille
3150 4853 3370 4926 quidem
3396 4850 3682 4908 excutiens

420 4943 519 5012 μὲν
546 4939 661 5010 οῦν,
692 4945 1160 5016 ἀποτιναξάμενος
1188 4948 1252 5002 τὸ
1284 4948 1474 5020 θηρίον
1499 4953 1578 5016 είς
1602 4953 1664 5006 τὸ
1694 4953 1828 5024 πῦρ,
1857 4954 1993 5008 ἔπα-

418 5035 512 5089 θεν
555 5038 711 5091 οὐδὲν
765 5038 971 5091 κακόνο
999 5040 1049 5093 οἱ
1083 5040 1140 5094 δὲ
1183 5043 1531 5112 προσεδόκων
1564 5046 1726 5100 αὑτὸν
1777 5047 1992 5117 μέλλειν

414 5126 790 5197 πίμπρασθαι,
823 5128 856 5199 ἢ
883 5131 1247 5185 καταπίπτειν
1274 5133 1431 5202 ἄφνω
1457 5134 1675 5205 νεκρόν.
1708 5136 1832 5191 Ἐπὶ
1856 5138 1991 5193 πολὺ

415 5216 470 5270 δὲ
496 5220 678 5273 αὐτῶν
706 5221 1154 5292 προσδοκώντων,
1190 5225 1284 5307 καὶ
1312 5225 1664 5296 θεωρούντων
1698 5228 1868 5300 μηδὲν
1909 5230 1993 5293 είς

414 5310 580 5366 αὑτὸν
633 5313 930 5383 γενόμενον
987 5314 1187 5369 ἄτοπον
1210 5355 1226 5382 ,
1284 5317 1752 5390 μεταϐαλλόμενοι
1803 5320 1992 5390 ἔλεγον

412 5400 575 5455 αὑτὸν
627 5398 767 5455 εἶναι
796 5402 937 5457 θεάν.
970 5403 1061 5457 Ἑν
1087 5404 1144 5459 δὲ
1175 5407 1288 5470 τοῖς
1320 5408 1448 5478 περὶ
1467 5408 1560 5462 τὸν
1588 5410 1752 5464 τόπον
1784 5412 1993 5465 ἐκεῖνον

415 5492 629 5563 ὑπῆρχε
659 5495 837 5564 χωρία
885 5494 964 5564 τῷ
996 5495 1197 5568 πρώτῳ
1224 5497 1324 5569 τῆς
1355 5500 1522 5570 νήσου
1561 5502 1737 5573 ἀνδρὶ,
1764 5503 1988 5573 ὀνόματι

415 5583 654 5654 Ποπλίῳ.
695 5586 791 5650 ’ος
820 5587 1222 5659 ἀναδεξάμενος
1261 5590 1431 5662 ἡμᾶς,
1464 5596 1614 5663 τρεῖς
1653 5596 1865 5669 ἡμέρας
1895 5617 1986 5666 φι-

493 5766 539 5800 ⁸⁸
567 5766 747 5824 Eccle.
783 5786 880 5835 vn,
906 5770 995 5826 18.

2099 4961 2329 5018 bestiam
2356 4959 2411 5013 in
2437 4959 2643 5029 ignem,
2681 4954 2815 5011 nihil
2873 4952 3001 5006 mali
3061 4963 3258 5020 passus
3315 4955 3423 5002 est.
3487 4944 3558 4998 At
3602 4943 3679 4998 illi

2096 5055 2486 5114 existimabant
2519 5068 2644 5110 eum
2680 5052 2733 5107 in
2789 5059 3060 5106 tumorem
3094 5041 3575 5103 .convertcndnm,
3625 5047 3681 5094 ct

2100 5138 2282 5203 subito
2307 5158 2588 5209 casurum,
2620 5150 2677 5197 et
2706 5140 2867 5196 mori.
2903 5138 3001 5194 Diu
3025 5146 3206 5193 autem
3230 5136 3338 5191 illis
3355 5139 3683 5202 exspectan-

2103 5237 2251 5293 tibus
2286 5245 2342 5293 et
2373 5234 2689 5291 videntibus
2723 5233 2861 5288 nihil
2892 5231 3018 5285 mali
3055 5230 3108 5284 in
3137 5244 3202 5283 eo
3252 5225 3391 5290 ﬁeri,
3447 5237 3680 5278 conver-

2101 5337 2280 5386 tentes
2308 5343 2368 5384 se
2418 5326 2676 5382 dicebant
2703 5339 2826 5377 enm
2858 5336 2984 5379 esse
3010 5320 3195 5375 deum.
3231 5316 3290 5371 In
3326 5316 3463 5370 locis
3492 5320 3675 5366 antem

2102 5418 2213 5475 illis
2244 5424 2405 5474 erant
2429 5413 2629 5487 praedia
2662 5411 2926 5483 principis
2959 5408 3177 5472 insulae,
3219 5401 3440 5459 nomine
3472 5398 3675 5464 Publii,

2099 5510 2194 5579 qui
2225 5523 2326 5564 nos
2354 5505 2682 5577 suspiciens,
2714 5503 2897 5557 triduo
2956 5501 3192 5570 benigne
3238 5493 3670 5567 hospitalitatem

2097 5601 2366 5659 exhibuit.
2391 5598 2633 5670 Contigit
2659 5603 2840 5653 autem
2866 5601 3077 5664 patrem
3127 5590 3306 5646 Publii
3338 5587 3583 5645 febribus
3615 5592 3673 5640 et

1759 5869 1952 5933 Variae
1986 5868 2319 5934 lectiones.

489 5959 535 5993 “
565 5961 950 6032 ἐχαρίσθησαν.
