4082 6416
425 409 573 475 1055

1346 405 1921 471 ΤΙΙΕΟΡΗΥΕΑΟΤΙ
1955 401 2366 465 BULGARDE
2408 403 2763 493 ARCHIEP.

3550 399 3693 466 1056

422 521 768 596 dysscntcria
808 530 1025 579 ventum
1065 520 1273 593 jacere.
1309 521 1388 593 Ad
1418 537 1579 592 quem
1619 517 1823 573 Paulus
1871 516 2016 569 intra

2122 514 2395 584 λοφρόνως
2444 490 2703 580 ἐξένισεν.
2773 510 3020 580 Ἐγένετο
3070 490 3131 564 δέ
3177 510 3270 564 τὸν
3332 510 3546 581 πατέρα
3593 511 3688 565 τοῦ

425 616 559 670 vit:
608 623 663 669 et
740 630 863 668 cum
926 620 1139 668 orasset
1177 623 1230 668 et
1278 613 1632 683 imposuisset
1686 610 1737 665 ei
1795 623 2010 673 manus,

425 705 656 762 salvavit
680 720 830 759 eum.
852 703 971 772 Quo
998 704 1164 769 facto,
1196 720 1387 760 omnes
1420 703 1511 773 qui
1543 704 1598 758 in
1635 702 1811 757 insula
1842 700 2013 755 hahe-

425 802 557 856 bant
589 798 789 854 inﬁrmi
833 807 993 864 tates,
1018 796 1353 853 accedebant
1411 804 1464 850 et
1502 792 1841 849 curabantur
1876 810 1889 845 :
1919 792 2011 861 qui

429 890 558 944 liam
606 890 792 945 multis
838 888 1136 949 honoribus
1171 903 1271 943 nos
1312 885 1741 953 honoraverunt,
1771 895 1826 942 et
1853 884 2009 940 navi-

427 981 683 1051 gantibus
721 978 1102 1052 imposuerunt
1152 994 1273 1049 quze
1294 977 1603 1034 necessaria
1628 986 1805 1033 erant.

950 1246 1187 1305 CAPUT
1236 1246 1482 1305 XXXIX.

532 1339 809 1406 Quomodo
840 1340 1045 1397 Paulus
1090 1339 1282 1398 Melita
1335 1343 1558 1400 Romam
1590 1345 1902 1414 pervenerit.

477 1521 516 1574 Χ
529 1520 713 1583 XVIII.
735 1524 753 1576 l
772 1522 857 1577 l-l
871 1523 922 1577 5.
940 1521 1069 1577 Post
1084 1538 1301 1579 menses
1317 1531 1495 1577 autem
1513 1530 1623 1578 tres
1636 1522 2009 1592 navigavimus

426 1614 481 1667 in
508 1614 632 1668 navi
659 1613 1054 1679 Alexandrina,
1086 1629 1207 1684 quae
1235 1615 1290 1668 in
1322 1602 1508 1669 insula‘
1529 1614 1886 1678 hiemaverat,
1917 1612 2005 1668 cui

428 1714 550 1759 erat
572 1705 784 1775 insigne
804 1705 1118 1762 Castorum.
1145 1705 1211 1760 Et
1245 1721 1368 1761 cum
1395 1705 1738 1761 venissemus
1766 1706 2001 1776 Syracuo

430 1809 571 1859 snm,
597 1793 900 1849 mansimus
924 1794 995 1848 ibi
1025 1794 1231 1849 triduo.
1260 1793 1394 1849 Inde
1428 1795 1883 1865 circuml‘egentes
1911 1795 2006 1850 de-

430 1884 679 1940 venimus
703 1884 965 1954 Rhegium
1000 1903 1015 1941 :
1053 1895 1106 1940 et
1148 1894 1271 1956 post
1303 1902 1472 1941 unum
1509 1887 1674 1951 diem,
1704 1884 1869 1941 ﬂante
1900 1884 2010 1941 Au-

432 1985 572 2040 stro,
606 1976 847 2031 secunda
891 1977 978 2032 die
1017 1979 1268 2033 venimus
1295 1976 1595 2041 Puteolos;
1629 1978 1741 2045 ubi,
1776 1976 2013 2034 inventis

432 2066 718 2134 fratribus,
759 2068 935 2140 rogati
974 2085 1166 2125 sumus
1215 2085 1439 2125 manere
1487 2068 1631 2140 apud
1661 2085 1755 2126 eos
1778 2070 1898 2127 dies
1925 2084 2012 2128 se-

436 2168 579 2228 ptem
614 2177 627 2211 :
659 2172 716 2216 et
741 2161 822 2215 sic
854 2161 1106 2218 venimus
1131 2161 1385 2217 Romam.
1416 2160 1483 2215 Et
1513 2163 1640 2217 inde
1665 2178 1789 2218 cum
1822 2162 2011 2217 audis-

430 2258 554 2305 sent
607 2249 831 2316 l'ratres,
883 2259 1247 2306 occurrerunt
1298 2252 1461 2308 nobis
1516 2267 1691 2321 usque
1734 2252 1802 2306 ad
1848 2251 2012 2322 Appii

433 2343 631 2403 lorum,
655 2355 721 2395 ac
741 2337 876 2396 Tres
898 2340 1200 2397 Tabernas.
1223 2340 1371 2407 Quos
1386 2357 1510 2396 cum
1532 2343 1760 2398 vidisset
1784 2342 2007 2410 Paulus,

438 2431 647 2502 gratias
682 2446 851 2502 agens
874 2432 1007 2499 Deo,
1051 2434 1259 2504 accepit
1288 2434 1570 2490 tlduciam.

2117 607 2356 660 Ποπλίου
2402 607 2657 675 πυρετοῖς
2690 604 2785 659 καὶ
2826 603 3148 675 δυσεντερίᾳ
3196 602 3555 672 συνεχόμενον
3586 618 3693 656 κα·

2113 697 2421 751 τακεῖσθαι.
2458 697 2602 767 Πρὸς
2645 697 2704 750 ὃν
2735 697 2765 748 ὁ
2795 694 3004 757 Παῦλος
3035 694 3294 748 εἰσελθὼν
3333 693 3427 746 καὶ
3454 709 3692 764 προσευ-

2114 791 2369 858 ξάμενος,
2402 790 2613 852 ἐπιθείς
2643 807 2703 843 τε
2732 788 2879 860 αύτῷ
2901 789 3001 851 τὰς
3041 790 3254 858 χεῖρας,
3282 787 3475 841 ίάσατο
3503 786 3686 841 αὐτόν.

2113 880 2320 936 Τούτου
2349 876 2442 935 οὖν
2476 882 2797 949 γενομένου,
2852 881 2946 933 καὶ
2973 880 3024 934 oi
3070 879 3334 952 λοιποὶρί
3360 877 3420 930 ὲν
3451 880 3516 947 τῇ
3544 882 3694 947 νήσῳ

2111 972 2328 1043 ἔχοντες
2362 974 2673 1038 ἀσθενείας,
2715 974 3098 1043 προσήρχοντο
3127 972 3223 1023 κοιλ¹
3263 971 3701 1039 ἐθεραπεύοντο(

2111 1066 2179 1119 Οἳ
2229 1067 2324 1119 καὶ
2374 1065 2596 1128 πολλαῖς
2628 1068 2816 1135 τιμαῖς
2862 1065 3132 1134 ἐτίμησαν
3170 1063 3338 1133 ἡμᾶς,
3372 1065 3466 1117 καὶ
3493 1063 3691 1129 ἀναγο-

2114 1158 2294 1229 μένοις
2326 1156 2582 1211 ἐπέθεντο
2607 1156 2674 1210 τὰ
2708 1157 2845 1227 πρὸς
2879 1155 2983 1221 τὴν
3018 1154 3231 1225 χρείαν.

2691 1249 2943 1304 ΚΕΟΑΛ.
2985 1248 3109 1302 AG’.

2112 1341 2312 1409 Ὅπως
2358 1340 2478 1398 ἀπὸ
2523 1342 2788 1409 Μελίτης
2815 1342 2906 1407 εὶς
2956 1338 3196 1410 Ῥώμην
3238 1337 3622 1406 κατήντησεν
3659 1343 3694 1394 ὁ

2753 1431 3020 1498 Παῦλος.
3170 1438 3179 1443 ”

2181 1523 2333 1579 Μετὰ
2375 1523 2431 1577 δέ
2461 1524 2609 1596 τρεῖς
2643 1523 2820 1601 μῆνας
2839 1524 3156 1593 ἀνήχθημεν
3180 1523 3237 1577 ἐν
3270 1537 3695 1591 παρακεχειμα-

2113 1617 2233 1671 κότι
2289 1618 2346 1669 ἐν
2380 1618 2445 1687 τῇ
2487 1617 2636 1687 νήσῳ
2660 1656 2673 1681 ,
2709 1614 2880 1685 πλοίῳ
2919 1616 3304 1684 Ἀλεξανδρινῷ
3371 1615 3695 1685 παρασήμῳ

2118 1707 2485 1778 Διοσκούροις.
2543 1708 2656 1761 Καὶ
2716 1706 3088 1777 καταχθέντες
3151 1707 3231 1768 είς
3290 1702 3691 1773 Συρακούσας,

2117 1801 2487 1870 ἐπεμείναμεν
2536 1800 2754 1871 ἡμέρας
2817 1799 2987 1867 τρεῖς.
3051 1798 3212 1853 Ὅθεν
3295 1796 3694 1865 περιελθόντες,

2115 1891 2542 1961 κατηντήσαμεν
2573 1889 2653 1952 είς
2697 1887 2940 1959 Ῥήγιον·
2988 1886 3084 1939 καὶ
3122 1886 3261 1955 μετὰ
3292 1880 3427 1957 μίαν
3455 1885 3693 1955 ἡμέραν,

2114 1981 2507 2051 ἐπιγενομένου
2546 1979 2723 2043 νότου,
2770 1980 3073 2048 δευτεραῖοι
3107 1977 3346 2048 ἤλθομεν
3384 1978 3466 2039 είς
3506 1977 3698 2031 Ποτιό-

2113 2070 2260 2133 λους.
2307 2066 2383 2126 Oi:
2430 2070 2684 2141 εὑρόντες
2734 2069 3041 2139 ἀδελφοὺς,
3076 2069 3506 2139 παρεκλήθημεν
3562 2070 3698 2139 παρ’

2112 2165 2300 2227 αὐτοῖς
2327 2165 2707 2233 ἐπιμείναντες
2729 2162 2947 2232 ἡμέρας
2990 2161 3152 2216 ἑπτάο
3186 2162 3281 2214 καὶ
3309 2160 3487 2223 οὕτως
3517 2160 3688 2231 ἦλθο-

2117 2273 2216 2327 μεν
2241 2258 2322 2319 εἰς
2359 2255 2600 2326 Ῥώμην.
2631 2253 2903 2311 Κάκεῖθεν
2936 2254 2985 2307 oi
3011 2252 3231 2321 ἀδελφοὶ
3256 2250 3592 2314 ἀκούσαντες
3624 2252 3698 2304 τὰ

2115 2350 2244 2419 περὶ
2290 2345 2469 2418 ἡμῶν,
2537 2344 2761 2416 ἐξῆλθον
2820 2345 2903 2409 είς
2959 2345 3267 2415 ἀπάντησιν
3325 2345 3461 2414 ἡμῖν
3516 2343 3679 2413 ἄχρις

2125 2438 2357 2493 Ἀππίου
2408 2438 2579 2510 Φόρου
2624 2439 2720 2492 καὶ
2763 2437 2945 2509 Τριῶν
2987 2436 3299 2507 Ταϐερνῶν.
3332 2434 3442 2500 Οὓς
3490 2434 3617 2489 ίδὼν
3657 2434 3693 2487 ὁ

1986 2531 2005 2539 ’
2115 2529 2352 2594 Παῦλος,
2395 2531 2799 2601 εὐχαριστήσας
2842 2529 2922 2600 τῷ
2953 2528 3096 2602 Θεῷ,
3134 2529 3293 2583 ἔλασε
3329 2529 3552 2600 θάρσος.

1022 2611 1254 2670 CAPUT
1290 2613 1403 2669 XL.
1490 2602 1495 2607 ’

432 2704 509 2759 De
558 2705 880 2761 allocutione
927 2705 1087 2761 Pauli
1134 2708 1205 2761 ad
1236 2705 1459 2763 Iudaeos
1492 2708 1587 2779 qui
1612 2706 1797 2766 Roma.-
1832 2719 2007 2767 εταιιε.

499 2879 742 2948 XXVIII,
773 2876 964 2939 iii-3|.
990 2881 1126 2937 Cum
1173 2892 1353 2939 autem
1381 2883 2009 2953 venissemus'ﬂomam,

431 2974 758 3045 permissum
775 2984 860 3030 est
875 2973 1042 3030 Paulo
1056 2990 1276 3032 manere
1290 2976 1511 3033 sibimet
1526 2992 1650 3033 cum
1668 2980 2013 3035 custodiente

432 3081 493 3121 se
509 3066 699 3121 milite.
715 3063 847 3122 Post
864 3065 1086 3121 tertium
1108 3076 1289 3122 autem
1307 3068 1449 3124 diem
1468 3072 1789 3126 convocavit
1806 3072 2014 3141 primos

431 3156 1447 3227 Iudaeorum.Cumqucconvenissent,
1480 3161 1696 3217 dicebat
1721 3162 1803 3218 eis
1837 3163 2011 3233 :Ego,
2042 3199 2086 3259 α

434 3251 538 3306 viri
596 3248 821 3316 fratres,
855 3249 991 3304 nihil
1046 3249 1314 3305 adversus
1369 3251 1580 3321 plebem
1631 3252 1842 3317 faciens
1920 3264 2017 3311 aut

435 3358 639 3399 morem
669 3351 987 3413 paternum,
1023 3340 1246 3398 vinctus
1275 3342 1347 3398 ab
1372 3342 1734 3417 Jerosolymis
1784 3348 2017 3405 traditus

433 3432 595 3504 315
630 3448 751 3487 sum
780 3432 836 3487 in
863 3447 1057 3489 manus
1092 3433 1504 3501 Romanorum;
1539 3437 1655 3506 qui,
1682 3451 1807 3491 cum
1842 3438 2015 3492 inter-

436 3525 772 3595 rogationem
809 3524 877 3580 de
914 3540 1002 3581 me
1031 3524 1377 3591 habuissent,
1402 3527 1696 3583 voluerunt
1725 3543 1812 3584 me
1834 3529 2019 3585 dimit»

436 3624 575 3681 tere,
616 3630 682 3671 eo
715 3615 862 3685 quod
916 3615 1069 3672 nulla
1119 3625 1271 3673 esset
1329 3633 1496 3677 causa
1558 3622 1754 3677 mortis
1793 3621 1849 3676 in
1905 3637 2013 3677 me.

436 3708 961 3766 Contradicentibus
986 3719 1169 3766 autem
1209 3710 1438 3779 Judaeis,
1484 3724 1711 3770 coactus
1753 3730 1875 3770 sum
1920 3729 2019 3785 ap-

438 3801 640 3871 pellare
662 3799 931 3858 Casarem
954 3843 970 3869 ,
1001 3818 1111 3859 non
1136 3806 1294 3874 quasi
1334 3813 1550 3876 gentem
1586 3823 1762 3863 meam
1808 3810 2017 3868 habens

437 3892 646 3962 aliquid
674 3907 959 3949 accusare.
998 3895 1233 3966 l’mpter
1279 3898 1421 3969 hanc
1446 3899 1613 3970 igitur
1646 3915 1871 3955 causam
1930 3918 2016 3955 ro-

436 3985 559 4056 gavi
594 4000 691 4041 vos
730 3986 920 4043 videre
967 3995 1023 4042 et
1074 3987 1324 4059 alloqui;
1380 3999 1601 4063 propter
1662 4009 1813 4062 spem
1867 3996 2013 4049 enim

439 4076 603 4135 l‘srael
633 4087 828 4135 eatena
858 4079 961 4135 hac
980 4081 1357 4137 circumdatus
1387 4099 1530 4138 sum.
1556 4086 1626 4138 At
1652 4082 1728 4140 illi
1760 4086 2017 4140 dixerunt

2719 2621 2972 2678 ΚΕΦΑΛ.
3000 2622 3093 2677 M'.

2115 2713 2254 2785 Περὶ
2285 2713 2607 2781 διαλέξεως
2632 2715 2878 2770 Παύλου
2897 2715 3009 2783 τῆς
3035 2715 3185 2784 πρὸς
3214 2714 3358 2781 τοὺς
3394 2713 3468 2769 ἐν
3499 2712 3697 2786 Ῥώμῃ

2722 2808 3047 2876 Ἰουδαίους

2184 2898 2314 2954 Ὅτε
2363 2898 2421 2953 δὲ
2470 2898 2710 2970 ἤλθομεν
2754 2900 2836 2962 εις
2911 2898 3151 2971 Ῥώμην,
3201 2901 3231 2953 ὁ
3297 2901 3694 2971 ἑκατόνταρχος

2115 2989 2405 3061 παρέδωκε
2437 2990 2567 3051 τοὺς
2603 2989 2859 3059 δεσμίους
2890 2990 2967 3060 τῷ
3018 2992 3494 3064 στρατοπεδάρχῃ.
3534 2993 3693 3045 Ἐπεο

2115 3080 2301 3152 τράπη
2322 3078 2389 3135 δέ
2410 3080 2490 3153 τῷ
2537 3080 2737 3153 Παύλῳ
2772 3081 2958 3152 μένειν
2986 3081 3110 3137 καθ’
3137 3083 3327 3137 ἑαυτὸν
3359 3085 3456 3138 σὺν
3476 3084 3555 3155 τῷ
3591 3101 3695 3153 ςυ-

2116 3173 2372 3229 λάσσοντι
2404 3173 2571 3229 αὐτὸν
2618 3172 2950 3247 στρατιώτῃ.
2993 3173 3242 3245 Ἐγένετο
3287 3175 3344 3229 δὲ
3381 3177 3521 3248 μετὰ
3551 3178 3695 3249 ἠμέ-

2119 3281 2220 3338 ρας
2249 3267 2403 3337 τρεῖς
2455 3266 2894 3337 συγκαλέσασθαι
2954 3268 3048 3322 τὸν
3102 3268 3316 3323 Παῦλον
3371 3271 3500 3334 τοὺς
3532 3270 3693 3335 ὄντας

2114 3358 2227 3413 τῶν
2284 3358 2558 3413 Ἰουδαίων
2620 3358 2894 3432 πρώτους.
2954 3360 3328 3417 Συνελθόντων
3378 3363 3436 3417 δὲ
3494 3363 3695 3428 αὐτῶν,

2116 3450 2271 3519 ἔλεγε
2322 3452 2465 3522 πρὸς
2520 3453 2750 3517 αὐτούς·
2789 3452 2965 3522 Ἐγὼ,
2998 3454 3194 3525 ἄνδρες
3243 3456 3485 3527 ἀδελφοὶ,
3538 3456 3697 3513 οὐδὲν

2115 3544 2361 3597 ἐναντίον
2407 3544 2646 3614 ποιήσας
2691 3544 2772 3615 τῷ
2812 3546 2950 3616 λαῷ,
2999 3546 3034 3618 ἢ
3076 3548 3191 3611 τοῖς
3245 3547 3394 3603 ἔθεσι
3445 3552 3562 3615 τοῖς
3590 3567 3699 3605 παι-

2116 3631 2337 3703 τρῴοις,
2368 3632 2591 3703 δέσμιος
2622 3633 2684 3700 ἐξ
2721 3633 3118 3707 Ἱεροσολύμων
3147 3637 3454 3709 παρεδόθην
3489 3640 3570 3702 είς
3595 3640 3699 3703 τάς

2117 3727 2309 3795 χεῖρας
2360 3724 2472 3777 τῶν
2535 3725 2850 3795 Ῥωμαίων.
2906 3726 3119 3793 Οῑτινες
3169 3729 3562 3801 ἀνακρίναντές
3605 3748 3697 3801 με,

2116 3816 2401 3871 ἐϐούλοντο
2440 3816 2739 3884 ἀπολῦσαι,
2786 3818 2875 3873 διὰ
2901 3819 2963 3872 τὸ
2999 3819 3272 3891 μηδεμίαν
3316 3821 3499 3875 αἰτίαν
3529 3821 3698 3877 θανά-

2116 3925 2213 3962 του
2242 3908 2512 3979 ὑπάρχειν
2556 3912 2614 3964 ἐν
2667 3910 2811 3980 ἐμοί.
2855 3910 3275 3979 ’Δντιλεγόντων
3301 3912 3359 3965 δὲ
3408 3912 3519 3965 τῶν
3563 3911 3699 3966 ἰου-

2124 4002 2312 4066 δαίων,
2344 4002 2702 4073 ἠναγκάσθην
2725 4002 3155 4058 ἐπικαλέσασθαι
3182 4004 3462 4078 Καίσαρα,
3496 4007 3596 4075 οὐχ
3623 4006 3699 4070 ὡς

2115 4094 2212 4149 τοῦ
2263 4094 2448 4158 ἔθνους
2489 4112 2590 4164 μου
2623 4093 2769 4166 ἔχων
2796 4112 2847 4149 τι
2892 4094 3296 4168 κατηγορῆσαι.
3336 4095 3437 4149 Διά
3476 4097 3687 4168 ταύτην

437 4170 507 4227 ac!
528 4187 656 4228 eum
690 4189 703 4226 :
735 4172 847 4228 Nos
870 4187 1050 4243 neque
1079 4174 1293 4229 litteras
1316 4177 1632 4247 accepimus
1663 4178 1731 4238 de
1767 4188 1820 4233 te
1854 4194 1882 4232 a
1917 4178 2016 4264 Ju-‘

2115 4180 2213 4239 οὖν
2238 4185 2339 4256 τὴν
2368 4185 2552 4239 αἰτίαν
2584 4185 2942 4256 παρεκάλεσα
2979 4186 3127 4256 ὑμᾶς
3157 4187 3286 4241 ίδεῖν
3323 4190 3420 4242 καὶ¹
3449 4190 3697 4258 προσλα-

438 4264 578 4326 ιΙειςο,
621 4276 803 4332 neque
842 4262 1143 4319 adveniens
1194 4264 1394 4334 aliquis
1460 4267 1689 4322 fratrum
1742 4262 2016 4325 nuntiavit

2115 4276 2303 4345 λῆσαι·
2335 4275 2525 4330 ἐνεκεν
2572 4276 2684 4348 γάρ
2736 4278 2837 4348 τῆς
2884 4276 3101 4339 ἐλπίδος
3134 4276 3232 4330 τοῦ
3286 4278 3503 4348 Ἰσραὴλ
3529 4321 3544 4341 ,
3597 4279 3699 4350 τὴν

438 4362 534 4409 aut
567 4354 784 4409 locutus
813 4366 897 4409 est
926 4353 1059 4424 quid
1090 4354 1158 4410 de
1190 4362 1245 4410 te
1274 4355 1497 4411 malum.
1526 4356 1805 4427 Rogamus
1831 4372 2011 4417 autem

2117 4367 2316 4421 ἂλυσιν
2355 4365 2561 4437 ταύτην
2613 4368 2960 4438 περίκειμαι.
2992 4369 3057 4421 Oi
3087 4366 3146 4420 δὲ
3174 4367 3311 4440 πρὸς
3338 4369 3499 4421 αὑτὸν
3522 4365 3698 4422 εἷπον

439 4465 469 4503 a
508 4455 561 4504 te
592 4446 783 4503 audire
818 4462 941 4518 quae
988 4450 1161 4505 sentis
1195 4466 1209 4503 :
1241 4462 1367 4504 nam
1409 4451 1477 4506 de
1514 4459 1665 4507 secta
1690 4452 1791 4510 hac
1826 4464 2013 4510 notum

2127 4458 2321 4528 Ἦμεῖς
2347 4456 2473 4512 οὔτε
2517 4460 2823 4529 γράμματα
2847 4459 3146 4529 ἐδεξάμεθα
3166 4462 3294 4532 περὶ
3322 4461 3416 4515 σοῦ
3451 4462 3559 4515 ἀπὸ
3599 4463 3701 4533 τῆς

436 4548 520 4595 est
552 4537 733 4604 nobis,
771 4540 897 4610 quia
926 4540 1128 4610 ubique
1153 4539 1204 4596 ei
1240 4541 1660 4600 contradicitur.
1704 4542 1847 4598 Cum
1880 4562 2014 4600 con-

2129 4550 2411 4617 Ἰουδαίας,
2473 4550 2599 4605 οὔτε
2638 4552 3081 4624 παραγενόμενός
3142 4571 3226 4617 τις
3286 4554 3396 4607 τῶν
3429 4554 3698 4623 ἀδελφῶν,

436 4633 754 4689 stituissent
792 4644 976 4690 autem
1025 4632 1102 4688 illi
1147 4632 1313 4698 diem,
1358 4643 1631 4689 venerunt
1680 4636 1749 4690 ad
1802 4652 1928 4691 eum
1962 4638 2013 4692 in

2122 4642 2475 4715 ἀπήγγειλεν,
2501 4644 2534 4716 ἢ
2563 4643 2792 4712 ἐλάλησε
2826 4647 2955 4715 περὶ
2986 4644 3080 4698 σοῦ
3110 4662 3167 4699 τι
3194 4647 3448 4717 πονηρόν.
3491 4647 3703 4715 Ἀξιοῦ-

439 4722 742 4792 hospitium
797 4722 1044 4794 plurimi,
1082 4723 1287 4792 quibus
1337 4725 1650 4793 exponebat
1708 4728 2016 4783 testiﬁcans

2126 4752 2226 4805 μεν
2256 4735 2312 4788 δέ
2339 4737 2491 4806 παρὰ
2522 4736 2613 4789 σοῦ
2641 4736 2873 4790 ἀκοῦσαι
2900 4737 2936 4792 ἃ.
2980 4740 3196 4808 φρονεῖς
3221 4755 3238 4770 ο
3270 4740 3399 4809 περὶ
3429 4739 3528 4809 μὲν
3580 4741 3685 4810 γάρ

440 4834 667 4890 regnum
704 4818 821 4886 Del,
848 4819 1196 4891 suadensque
1224 4821 1305 4877 eis
1335 4822 1402 4877 de
1433 4814 1563 4877 Jesu
1596 4838 1662 4877 ex
1692 4823 1809 4894 lege
1846 4824 2015 4897 Moysi

2121 4829 2223 4898 τῆς
2252 4827 2517 4897 αἱρέσεως
2551 4827 2779 4897 ταύτης,
2812 4829 3052 4896 γνωστὸν
3079 4829 3212 4901 ἡμῖν
3246 4832 3415 4896 ἐστιν,
3444 4831 3526 4883 ὅτι
3564 4848 3703 4885 παν-

439 4918 496 4965 et
533 4909 815 4981 prophetis
846 4924 879 4964 a
915 4924 1073 4966 mane
1103 4926 1282 4982 usque
1313 4912 1380 4967 ad
1412 4927 1720 4983 vesperam.
1766 4914 1835 4968 Et
1889 4919 2016 4986 qui-

2124 4919 2302 4989 ταχοῦ
2342 4919 2708 4988 ἀντιλέγεται.
2771 4920 3083 4989 Ταξάμενοι
3143 4920 3201 4973 δὲ
3255 4920 3405 4990 αὐτῷ
3460 4921 3699 4992 ἡμέραν,

440 5003 567 5056 dam
598 5002 900 5058 credebant
942 5003 1028 5060 his
1061 5016 1183 5074 qua:
1212 5004 1582 5072 dicebantur;
1631 5007 1852 5077 quidam
1890 5024 2016 5064 vero

2123 5005 2260 5083 ἧκον
2290 5011 2428 5083 πρὸς
2453 5012 2617 5065 αὐτὸν
2643 5014 2722 5073 είς
2748 5011 2851 5081 τὴν
2885 5010 3068 5076 ξενίαν
3101 5012 3370 5074 πλείονες.
3403 5007 3498 5075 Οἷς
3527 5011 3704 5077 ἐξετί-

442 5108 551 5149 non
595 5093 912 5151 credebant.
940 5093 1189 5167 Cumque
1240 5096 1475 5153 invicem
1520 5112 1628 5153 non
1665 5109 1853 5155 essent
1888 5115 2022 5155 con-

442 5188 771 5256 sentientes,
814 5188 1190 5257 discedebant,
1223 5189 1442 5246 dicente
1482 5189 1651 5246 Paulo
1695 5206 1865 5246 unum
1899 5207 2020 5247 ver-

444 5280 601 5347 bum,
655 5282 784 5351 quia
864 5279 1012 5337 Bene
1070 5281 1309 5353 Spiritus
1393 5292 1619 5340 sanctus
1685 5285 1902 5339 locutus
1938 5293 2022 5341 est

443 5387 540 5445 per
569 5371 765 5428 lsaiam
817 5374 1142 5444 prophetam
1182 5371 1249 5429 ad
1282 5383 1467 5443 patres
1510 5382 1749 5441 nostros,
1779 5375 1969 5431 dicens
2004 5395 2018 5431 :

446 5465 597 5523 Vade
619 5468 685 5524 ad
708 5469 968 5539 populum
1008 5467 1196 5532 istum,
1231 5477 1287 5522 et
1315 5466 1405 5522 dic
1436 5466 1502 5521 ad
1525 5482 1623 5523 eos
1654 5486 1669 5523 :
1695 5485 1716 5520 ι
1747 5468 1893 5523 Aure
1921 5482 2021 5522 au-

444 5556 610 5612 dietis
672 5566 862 5613 etnon
895 5557 1234 5629 intelligetis,
1263 5565 1317 5612 et
1372 5556 1621 5614 videntes
1668 5557 1921 5613 videbitis
1969 5566 2025 5613 et

449 5663 563 5702 non
617 5651 979 5720 perspicietis.
1014 5649 1381 5706 Incrassatum
1408 5659 1493 5707 est
1540 5651 1686 5707 enim
1715 5668 1812 5706 cor
1840 5653 2023 5723 populi

451 5740 639 5810 hujus,
670 5751 725 5796 et
742 5743 965 5800 auribus
989 5744 1228 5815 graviter
1250 5743 1543 5799 audierunt
1602 5753 1656 5800 et
1684 5747 1877 5802 oculos
1895 5761 2027 5803 suos

455 5841 928 5903 compresserunt,
963 5850 1033 5891 ne
1066 5834 1211 5891 forte
1235 5834 1453 5892 videant
1489 5837 1685 5900 oculis,
1718 5849 1770 5892 et
1801 5837 2027 5892 auribus

2127 5100 2250 5154 θετο
2303 5100 2850 5173 διαμαρτυρούμενος
2912 5101 3014 5172 τὴν
3052 5101 3332 5171 βασιλείαν
3386 5101 3481 5155 τοῦ
3522 5102 3704 5169 Θεοῦ,

2127 5190 2334 5246 πείθων
2361 5208 2421 5244 τε
2452 5192 2651 5257 αὐτοὺς
2707 5192 2778 5247 τὰ
2823 5198 2955 5264 περὶ
2988 5193 3084 5246 τοῦ
3117 5193 3348 5263 Κυρίου,
3378 5194 3488 5248 ἀπό
3517 5210 3575 5247 τε
3608 5194 3704 5249 τοῦ

2128 5284 2296 5352 νόμου
2331 5284 2576 5349 Μωσέως
2628 5286 2723 5340 καὶ
2772 5285 2883 5339 τῶν
2933 5284 3251 5357 προφητῶν,
3279 5286 3386 5340 ἀπὺ
3415 5286 3566 5358 πρωῒ
3595 5286 3706 5351 ἕως

2129 5376 2391 5446 ἑσπέρας.
2428 5377 2539 5430 Καὶ
2580 5378 2629 5431 oi
2676 5376 2777 5447 μὲν
2812 5376 3093 5431 ἐπείθοντο
3124 5378 3238 5441 τοῖς
3274 5376 3615 5447 λεγομένοις,
3653 5379 3704 5431 oi

2129 5470 2187 5524 δέ
2239 5471 2524 5540 ἠπίστουν.
2568 5469 2919 5542 Ἀσύμφωνοι
2959 5471 3017 5524 δὲ
3050 5469 3204 5534 ὄντες
3251 5470 3388 5540 πρὸς
3415 5471 3704 5541 ἀλλήλους,

2132 5560 2450 5627 ἀπελύοντο,
2480 5560 2728 5624 εἰπόντος
2756 5560 2849 5613 τοῦ
2874 5558 3088 5612 Παύλου
3115 5558 3274 5629 ῥῆμα
3295 5557 3375 5615 ἓν.
3404 5559 3488 5612 ὅτι
3510 5557 3705 5618 Καλῶς

2133 5654 2193 5707 τὸ
2231 5651 2460 5723 Πνεῦμα
2516 5653 2579 5705 τὸ
2612 5650 3040 5722 ἆγιονσέλάλησε
3070 5651 3159 5704 διὰ
3192 5650 3416 5704 Ἡσαΐου
3442 5648 3537 5702 τοῦ
3566 5664 3705 5716 προ-

2135 5747 2308 5815 φήτου
2338 5744 2473 5813 προς
2496 5744 2621 5806 τοὺς
2649 5741 2892 5813 πατέρας
2921 5742 3099 5813 ἡμῶν,
3134 5740 3315 5810 λέγον·
3347 5759 3366 5792 ι
3399 5737 3702 5811 Πορεύθητι

2139 5838 2275 5907 πρὸς
2300 5835 2392 5889 τὸν
2419 5834 2546 5889 λαὸν
2569 5833 2774 5902 τοῦτον,
2803 5834 3055 5889 καὶείπέο
3098 5833 3261 5905 Ἀκοῇ
3301 5832 3586 5896 ἀκούσετε,
3612 5830 3708 5883 καὶ
