4082 6436
356 408 492 477 1057

949 398 1489 471 EXPOSITIONIS
1529 407 1614 472 IN
1654 405 1838 468 ACTA
1871 406 2174 471 TEXTUS
2201 406 2549 473 ALTER.-'
2588 410 2747 474 CAP.
2789 412 3069 476 XXVIII.

3472 418 3614 485 1058

353 526 415 579 ού
456 525 532 595 μὴ
574 522 791 594 συνῆτε’
834 522 929 576 καὶ
978 522 1269 593 βλέποντες
1308 521 1556 591 βλέψετε,
1593 520 1692 574 καὶ
1742 522 1803 573 ού
1855 522 1929 592 μὴ

2034 522 2287 589 audiant,
2334 532 2389 579 et
2422 524 2590 581 corde
2647 526 2980 598 intelligant,
3013 538 3068 583 et
3102 536 3503 588 convertantur
3556 545 3616 589 et

354 617 524 687 ἴδητε.
574 613 886 684 Ἐπαχύνθη
936 616 1044 687 γὰρ
1095 616 1130 686 η
1181 613 1380 685 καρδία
1408 612 1503 667 τοῦ
1534 611 1666 667 λαοῦ
1712 612 1928 674 τούτου.

351 710 448 763 καὶ
495 709 608 770 τοῖς
646 706 782 760 ὠσὶν
829 706 1010 760 αὐτῶν
1048 706 1260 778 βαρέως
1312 707 1589 777 ἥκουσαν,
1653 706 1748 759 καί
1803 707 1932 768 τοὺς

351 798 671 870 ὀφθαλμοὺς
712 797 893 852 αὐτῶν
938 798 1274 869 ἐκάμμυσαν
1300 814 1316 829 ·
1365 798 1576 868 μήποτε
1619 794 1772 849 ῐδωσι
1818 795 1933 859 τοῖς

351 890 678 962 ὀφθαλμοῖς,
710 890 807 945 καί¹
841 894 955 956 τοῖς
982 891 1117 945 ώσὶν
1169 889 1469 954 ἀκούσωσι,
1501 889 1598 943 καί
1631 890 1698 960 τῇ
1734 888 1936 960 καρδῖᾳ

352 984 577 1041 συνιῶσι
628 983 795 1057 ίυιιιθ.
832 983 1078 1057 cavebat],
1113 984 1211 1037 καὶ
1262 981 1671 1054 ὲπιστρέψωσι,
1705 981 1802 1034 καὶ
1854 981 1938 1035 ἰάο

352 1094 534 1149 σωμαι
559 1078 776 1140 αύτούς.
800 1097 820 1130 ι
843 1077 1089 1131 Γνωστὸν
1113 1075 1205 1130 οῦν
1218 1076 1357 1130 ἔστω
1382 1074 1529 1147 ὑμῖν,
1553 1079 1635 1133 ὅτι
1653 1077 1767 1138 τοῖς
1787 1073 1938 1128 ἔθνε-

354 1185 441 1221 σιν
499 1168 784 1238 ἀπεστάλη
836 1166 897 1221 τδ
938 1168 1221 1239 Σωτήριον
1263 1167 1359 1221 τοῦ
1410 1166 1547 1224 Θεοῦ
1574 1185 1590 1202 ο
1643 1168 1801 1222 αὐτοί
1839 1166 1935 1220 καὶ

351 1259 699 1313 ἀκούσονται.
734 1259 845 1313 Καὶ
883 1257 1058 1312 ταῦτα
1091 1257 1258 1313 αὑτοῦ
1295 1259 1565 1326 εἰπόντος,
1604 1256 1851 1330 ἀπῆλθον
1879 1256 1930 1310 οἰ

2033 626 2219 667 sanem
2259 627 2411 667 eos.»
2438 611 2654 669 Notum.
2667 631 2799 686 eligo
2835 617 2910 671 sit
2940 618 3405 689 vobis,.quoni.un
3433 625 3616 692 genti-

2035 705 2138 759 bus
2175 705 2404 760 missum
2436 714 2518 761 est
2556 705 2658 760 hoc
2692 706 2947 764 Salutate
2980 708 3097 776 Dei,
3133 721 3187 765 et
3228 712 3333 782 ipsi
3371 714 3614 769 audient.

2036 793 2244 850 Etcum
2266 796 2383 851 haec
2408 795 2665 863 dixisset,
2698 798 2954 854 exierunt
2976 799 3045 855 ab
3071 816 3136 856 eo
3162 799 3359 870 Judaei,
3387 805 3613 859 multam

2033 887 2303 943 habentes
2333 889 2478 943 inter
2514 902 2575 944 se
2612 890 2998 960 quaestionem.
3024 891 3223 947 Mansit
3251 903 3431 952 autem
3464 897 3618 951 bien-

2039 979 2132 1033 nio
2171 986 2288 1033 toto
2326 981 2381 1034 in
2414 993 2517 1034 suo
2550 980 2871 1037 conducto:
2931 990 2986 1037 et
3036 984 3376 1054 suscipiebat
3425 1001 3618 1042 omnes

2036 1073 2131 1144 qui
2193 1073 2640 1143 ingrediebantur
2695 1076 2762 1129 ad
2817 1090 2963 1143 eum,
3024 1078 3328 1149 pradicans
3384 1095 3613 1151 regnum

2026 1164 2152 1228 Dei,
2182 1172 2239 1220 et
2277 1167 2478 1221 docens
2522 1182 2643 1236 qua:
2686 1177 2816 1223 sunt
2849 1169 2916 1224 de
2950 1168 3181 1227 Domino
3213 1170 3344 1228 Jesu
3396 1171 3616 1229 Christo

2028 1271 2154 1311 cum
2177 1257 2325 1311 omni
2349 1255 2565 1324 ﬁducia,
2589 1258 2708 1313 sine
2741 1259 3129 1329 prohibitione.

360 1354 629 1418 Ἰουδαῖοι,
672 1352 877 1424 πολλὴν
931 1351 1148 1423 ἔχοντες
1210 1353 1268 1406 ἐν
1328 1353 1543 1417 ἑαυτοῖς
1598 1352 1919 1425 συζήτησιν.
1964 1348 2190 1429 Ἔμεινε
2233 1348 2292 1403 δὲ
2336 1351 2365 1404 ὁ
2400 1348 2616 1413 Παῦλος
2677 1352 2797 1404 ἐκεῖ
2823 1350 3026 1405 διετίαν
3058 1352 3189 1424 ὃλην
3262 1354 3322 1408 ὲν
3369 1354 3485 1427 ἰδίῳ
3520 1373 3616 1425 μι-

352 1443 625 1514 σθώματι.
686 1442 805 1497 Καὶ
877 1442 1175 1514 ἀπεδέχετο
1237 1446 1446 1508 πάντας
1502 1444 1631 1509 τοὺς
1668 1442 2161 1514 εἰσπορευομένους
2184 1440 2320 1511 πρὸς
2353 1440 2539 1508 αὐτὸν,
2573 1442 2867 1514 κηρύσσων
2895 1444 2991 1514 τὴν
3018 1443 3293 1515 βασιλείαν
3316 1445 3413 1500 τοῦ
3450 1447 3616 1515 Θεοῦ,

349 1539 445 1593 καὶ
483 1536 752 1591 διδάσκων
807 1533 879 1589 τὰ
934 1537 1067 1609 περὶ
1091 1535 1186 1589 τοῦ
1237 1536 1448 1606 Κυρίου
1487 1532 1668 1608 Ἰησοῦ
1693 1533 1933 1605 Χριστοῦ
1974 1532 2115 1604 μετὰ
2134 1530 2316 1602 πάσης
2353 1533 2669 1605 παρρησίας
2695 1533 3011 1598 ἀκωλύτως.

943 1623 1333 1681 EPMHNEIA.
1416 1668 1421 1673 .

433 1721 495 1774 ’0
520 1718 658 1791 ἔχις,
682 1720 751 1791 τῇ
773 1716 868 1772 τοῦ
906 1718 1229 1773 Ἀποστόλου
1254 1719 1401 1790 χειρί
1428 1718 1557 1784 τοὺς
1583 1718 1802 1784 ὀδόντας
1827 1721 1932 1787 ἑμ-

351 1811 554 1878 εαλὼν,
587 1811 682 1866 καὶ
698 1795 798 1882 τῆς
817 1810 1094 1882 ἁμαρτίας
1117 1811 1177 1864 τδ
1203 1810 1400 1882 χαῦνον
1434 1813 1535 1882 οὐχ
1594 1811 1794 1882 εὑρὼν,
1825 1814 1934 1866 ἀπ·

352 1903 594 1976 euasi,“
637 1901 975 1975 παραυτίκα,
1022 1903 1116 1957 καὶ
1169 1903 1313 1958 κατὰ
1359 1904 1461 1975 τῆς
1494 1905 1673 1977 πυρᾶς
1722 1903 1926 1976 ἥλατο,

350 1994 543 2067 ὥσπερ
572 1992 726 2058 δίκας
756 1993 941 2065 ἐαυτῷ
977 1994 1465 2065 εἰσπραττόμενος,
1499 1994 1583 2048 ὅτι
1643 1994 1721 2064 τῷ
1755 1993 1929 2065 μηδα-

355 2049 526 2157 μόθεν
561 2049 1233 2159 προσηκοντίπροσέόαλε
1262 2049 1504 2159 ¹σώματι.
1542 2049 1830 2159 Ἦμείςδέ
1862 2087 1931 2141 τὰ

351 2179 519 2252 θηρία
547 2180 889 2251 δεδοίκαμεν,
924 2179 1112 2250 ἐπειδὴ
1149 2180 1251 2250 τῆς
1271 2182 1473 2252 ἀρετῆς
1496 2180 1598 2253 τὴν
1633 2180 1931 2234 πανοπλίαν

349 2272 452 2326 οὐκ
488 2269 703 2342 ἔχομεν.
755 2268 980 2333 ’ἰδόντες
1031 2266 1127 2323 οὖν
1159 2269 1322 2323 τοῦτο
1375 2272 1424 2323 οἰ
1467 2269 1782 2341 Βάρϐαροι,
1836 2269 1931 2323 καί.

352 2360 664 2430 ἐκφυγόντα
692 2357 786 2414 τὸν
806 2360 1181 2430 ἀναμφίὸολον
1210 2360 1460 2429 θάνατον,
1490 2361 1610 2415 θεὸν
1636 2360 1797 2415 αὐτὸν
1824 2360 1931 2413 ἐνό-

355 2469 523 2525 μισαν
556 2449 722 2519 εἶναι,
754 2451 829 2514 ὡς
866 2451 993 2516 ἓθος
1041 2452 1278 2524 ἔχοντες,
1314 2455 1494 2508 πάντα
1534 2453 1626 2507 τὸν
1672 2452 1930 2506 ποιοῦντά

349 2562 404 2599 τι
425 2543 747 2616 παράδοξον,
779 2543 901 2597 θεὸν
932 2545 1197 2616 νομίζειν,
1226 2546 1260 2617 ἢ
1296 2545 1366 2599 δι’
1408 2547 1561 2617 ἰσχὺν
1592 2547 1851 2616 περισσόν
1876 2562 1929 2598 τι

351 2636 465 2691 τῶν
508 2636 630 2690 καθ’
664 2637 886 2699 ἑαυτοὺς
919 2637 1201 2703 ποιοῦντα,
1241 2633 1353 2701 οἷος
1385 2633 1453 2708 ἦν
1484 2639 1511 2690 ό
1555 2636 1854 2708 Ἡρακλῆς
1894 2635 1927 2707 ἢ

351 2730 442 2784 διὰ
477 2729 713 2799 μαγείας
748 2727 1095 2795 ὲξιστάνοντα
1116 2730 1244 2793 τοὺς
1276 2710 1551 2803 όρὼνταςξ
1574 2724 1687 2793 οἷος
1709 2724 1777 2799 ἦν
1813 2730 1840 2782 ὁ
1873 2729 1930 2780 ὲν

356 2822 642 2893 Σαμαρείᾳ
670 2820 879 2892 Σίμων.
912 2820 1075 2884 ’Έθος
1109 2817 1178 2893 ἦν
1204 2838 1343 2886 πως,
1398 2823 1456 2874 ὲν
1508 2823 1629 2883 ταῖς
1672 2819 1933 2884 ’Λλεὲξαν⁴

353 2913 529 2984 δρέων
559 2914 797 2984 μάλιστα
813 2914 995 2980 ναυσὶ,
1028 2915 1165 2985 πρός
1198 2931 1261 2982 γε
1293 2916 1359 2985 τῇ
1387 2911 1600 2984 πρώρᾳ,
1628 2910 1755 2985 [εἰς]
1780 2911 1930 2977 δεξιὰ

361 3006 460 3058 καὶ
492 3006 572 3070 εἰς
602 3005 879 3076 εὐώνυμα,
906 3008 1123 3078 γραφὰς
1147 3001 1289 3060 εἶναι
1318 3006 1593 3067 τοιαύτας.
1617 3003 1836 3074 Ἐπειδὴ
1872 3003 1929 3057 δὲ

353 3095 426 3171 ἦν
473 3100 645 3169 εἰκός,
697 3100 1143 3172 εἰδωλολατρεως
1190 3099 1500 3172 κρατούσης
1544 3098 1662 3152 κατ’
1713 3097 1928 3151 ἐκείνου

357 3192 575 3264 καιροῦ,
617 3193 932 3265 γεγράφθαι
969 3195 1035 3265 τῇ
1071 3192 1163 3264 νηῒ
1186 3194 1315 3258 τοὺς
1356 3191 1702 3263 Διοσκόρους,
1743 3190 1836 3243 καὶ
1866 3191 1930 3243 ὲκ

355 3284 545 3339 τούτου
584 3287 726 3340 νοεῖν
756 3284 1074 3350 ἀκόλουθον,
1104 3282 1424 3354 ἀλλόφυλον,
1457 3281 1738 3336 τουτέστιν
1774 3280 1929 3334 εἰδω-

2526 1610 3101 1682 COMMENTARIUS.

2100 1715 2300 1787 Vipera
2330 1732 2454 1773 cum
2487 1718 2733 1789 Aposmii
2787 1719 2971 1774 manui
3003 1718 3193 1776 dentes
3227 1718 3531 1792 injecisset,
3556 1730 3613 1779 et

2029 1808 2240 1876 peccati
2266 1822 2375 1863 non
2405 1810 2702 1879 reperisset
2732 1809 3042 1877 mollitiem,
3074 1812 3257 1867 statim
3288 1814 3504 1876 resiliit,
3544 1827 3612 1870 ac

2026 1897 2197 1954 veluti
2230 1899 2331 1954 sia
2361 1914 2420 1954 se
2448 1900 2564 1970 ipéa
2594 1914 2811 1971 pmnam
2862 1902 3122 1971 exigeret,
3159 1918 3225 1958 eo
3261 1904 3406 1974 quod
3449 1905 3619 1978 316

2030 2004 2233 2061 corpus
2256 1991 2569 2047 nullatenus
2605 1991 2710 2048 sibi
2743 1992 3079 2049 conveniens
3104 1994 3453 2064 impetiisset,
3490 2012 3615 2053 sese

2033 2081 2091 2135 in
2149 2082 2327 2150 ignem
2364 2081 2748 2152 praecipitavit.
2807 2072 2918 2139 Nos
2953 2074 3112 2140 vero'
3147 2084 3293 2142 feras
3330 2088 3610 2154 timemus,

2032 2172 2179 2244 quod
2204 2187 2312 2227 non
2361 2173 2630 2245 integram
2665 2174 2888 2231 virtutis
2921 2184 3253 2231 armaturam
3289 2176 3608 2235 habeamus.

2031 2266 2301 2322 Ceterum
2332 2263 2562 2321 Barbari
2604 2265 2856 2322 videntes
2886 2267 3031 2337 quod
3066 2268 3266 2324 Paulus
3296 2268 3611 2338 indubiam,

2033 2367 2092 2411 ut
2149 2355 2371 2427 quidem
2429 2357 2737 2427 putabant,
2790 2366 3024 2414 mortem
3078 2362 3366 2427 evasisset,
3428 2363 3613 2435 ipsum

2033 2449 2195 2504 deum
2240 2452 2360 2505 esse
2389 2448 2492 2505 sibi
2520 2440 2937 2519 persuaserunt,
2972 2452 3119 2508 velut
3150 2452 3188 2507 ii
3251 2454 3345 2525 qui
3383 2455 3440 2511 in
3475 2472 3605 2512 con.

2018 2538 2322 2595 suetudinc
2352 2539 2654 2605 habebant,
2678 2551 2737 2595 ut
2760 2543 3078 2615 quicunque
3113 2546 3320 2618 aliquid
3352 2548 3615 2618 opinione

2034 2632 2211 2702 majus
2254 2631 2567 2698 effecisset,
2613 2648 2809 2704 nempe
2838 2634 2923 2690 vel
2976 2636 3176 2692 robore
3220 2646 3448 2695 caeteros
3496 2656 3616 2697 sua

2033 2722 2367 2779 conditionis
2408 2725 2663 2779 homines
2714 2736 3055 2797 superasset,
3095 2736 3157 2783 ut
3186 2724 3450 2785 Hercules
3473 2771 3490 2799 ,
3528 2732 3613 2787 vel

2020 2814 2223 2883 magiae
2246 2827 2347 2883 ope
2371 2822 2704 2884 spectatores
2725 2815 2780 2870 in
2794 2816 3207 2873 admirationem
3229 2822 3521 2890 rapuisset,
3549 2830 3612 2879 ut

2026 2907 2085 2961 in
2106 2903 2363 2961 Samaria
2396 2904 2611 2973 Simon,
2646 2923 2768 2963 eum
2812 2922 2910 2978 pro
2943 2909 3045 2965 deo
3078 2909 3363 2967 haberent.
3397 2930 3417 2965 ι
3459 2912 3601 2970 Insi-

2030 3014 2136 3068 gne
2161 3000 2471 3057 Castorum.
2507 3018 2526 3052 ι
2560 2998 2679 3056 Mos
2712 3009 2829 3056 erat
2880 3001 3180 3072 praesertim
3227 3004 3616 3061 Alexandrinis

2030 3090 2090 3144 in
2123 3090 2354 3146 navibus
2387 3091 2455 3145 ad
2483 3090 2765 3146 dexteram
2790 3100 2846 3146 et
2881 3092 3162 3149 sinistram
3200 3109 3377 3166 prorae
3415 3096 3609 3167 hujus-

2031 3181 2177 3236 modi
2203 3181 2445 3256 picturas
2466 3181 2690 3239 habere.
2719 3181 2991 3249 Quoniam
3023 3200 3153 3240 vero
3181 3196 3611 3244 consentaneum

2035 3282 2153 3328 erat
2186 3274 2514 3330 idololatriae
2556 3283 2687 3331 tunc
2736 3277 2925 3342 viginti
2959 3276 3015 3332 in
3044 3278 3279 3336 navibus
3332 3278 3617 3338 Dioscoris

354 3375 626 3446 λολάτρην
650 3415 667 3443 ,
720 3370 887 3447 [εἶναι
963 3370 1318 3446 ναύκληρον].
1383 3372 1522 3445 Περὶ
1580 3371 1774 3425 τούτου
1831 3369 1928 3425 καὶ

2032 3382 2127 3423 seu
2154 3367 2436 3424 Castorem
2468 3375 2523 3423 et
2550 3367 2827 3425 Pollucem
2871 3369 3187 3443 depingere,
3219 3372 3348 3429 hinc
3375 3388 3608 3443 promuu

363 3463 595 3529 Ἧσαῖας
630 3464 759 3536 ἔφη·
821 3482 840 3517 ι
872 3464 1310 3535 Πετασθήσονται
1352 3463 1410 3515 ὲν
1447 3460 1655 3524 πλοίοις
1696 3457 1928 3528 ἀλλοφύ-

354 3560 485 3624 λων,
518 3557 793 3613 θάλασσαν
824 3556 944 3628 αμα
975 3556 1432 3628 προνομεύσουσι.
1471 3574 1491 3608 ι
1527 3555 1745 3617 Τόπους
1773 3551 1929 3616 τινὰς

357 3650 787 3722 ἐπισημαίνεται
827 3650 936 3718 πρὸ
976 3649 1080 3722 τῆς
1136 3650 1395 3721 Ῥώμης
1437 3648 1529 3702 τὸν
1588 3647 1688 3719 μὶν
1742 3644 1930 3699 εἰκόνα

354 3744 477 3797 τινὰ
524 3743 761 3798 Ἀππίου
806 3742 1021 3815 ἔχοντα,
1055 3742 1132 3807 ὡς
1170 3742 1339 3808 εἰκὸς,
1367 3742 1463 3795 καὶ
1514 3740 1681 3811 φόρον
1716 3737 1928 3792 ἐκείνου

357 3835 704 3907 καλουμένην
747 3834 816 3907 υ.
870 3832 1254 3904 καλούμενον],
1286 3831 1363 3896 ὡς
1394 3831 1558 3901 μέχρι
1588 3828 1685 3883 νῦν
1727 3828 1784 3881 αἰ
1814 3824 1926 3879 τῶν

354 3927 621 3997 βασιλέων
647 3928 876 3993 εἰκόνες,
909 3924 1062 3996 παρά
1107 3921 1423 3994 Ῥωμαίοις,
1451 3922 1608 3993 φόροι
1649 3933 1930 3990 προσαγο-

352 4019 607 4087 ρεύονται
631 4033 645 4049 ο
679 4016 748 4072 τὰ
779 4018 835 4071 δὲ
858 4017 968 4072 τῶν
993 4014 1307 4085 Ταϐερνῶν,
1336 4013 1670 4084 πανδοχείων
1702 4007 1867 4065 τινῶν
1888 4006 1923 4078 ἢ

353 4109 669 4181 καπηλείων
700 4106 901 4182 χρῆσιν
939 4110 1294 4173 αἰνίσσονται,
1326 4109 1395 4179 τῇ
1438 4104 1730 4176 Ῥωμαίων
1768 4102 1922 4173 φωνῇ

350 4199 527 4263 οὕτως
560 4200 956 4271 ὀνομαζόμενα.

425 4376 594 4441 Εἰδὼς
621 4379 649 4429 ὁ
682 4376 912 4442 Παῦλος,
959 4374 1043 4430 ὅτι
1093 4377 1296 4431 ἄτοπον
1326 4371 1394 4448 ἦν
1421 4376 1557 4441 ὅλως
1599 4375 1659 4429 τὸ
1695 4375 1926 4430 δικάσα-

353 4468 500 4532 σθαι,
536 4468 628 4520 καὶ
665 4468 903 4529 μάλιστα
940 4468 1091 4538 παρὰ
1133 4468 1369 4539 ἀπίστῳ,
1411 4467 1551 4521 ὥστε
1598 4465 1675 4539 μὴ
1718 4468 1927 4539 προλη-

351 4557 553 4629 φθῆναι
613 4560 710 4620 τὰς
769 4557 963 4622 ἀκοὰς,
1003 4559 1133 4629 περὶ
1178 4559 1509 4630 ἀμφοτέρων
1551 4558 1922 4626 ἀπολογεῖται.

358 4670 375 4699 ι
429 4650 528 4703 Διὰ
578 4647 785 4719 ταύτην
839 4648 969 4720 γὰρ,
1023 4649 1198 4720 φησί,
1237 4648 1337 4721 τὴν
1379 4649 1562 4704 αἰτίαν
1623 4648 1926 4720 ἐϐουλόμην

2026 3468 2117 3515 ‘est
2160 3461 2420 3532 colligere
2461 3461 2827 3532 alienigenam
2887 3477 2985 3517 seu
3046 3463 3389 3521 idololatram
3445 3464 3615 3521 fuisse

2029 3550 2368 3606 nauclerum.
2400 3550 2518 3618 Qua
2547 3553 2613 3608 de
2647 3568 2703 3609 re
2728 3554 2802 3608 ait
2826 3552 3031 3610 Isaias:
3069 3573 3088 3607 ι
3113 3552 3381 3611 Volabunt
3407 3555 3462 3611 in
3488 3556 3613 3611 navi

2029 3642 2356 3714 alienigena,
2387 3658 2539 3698 mare
2572 3644 2735 3699 simul
2770 3644 3251 3715 depopulabuntur
3271 3645 3341 3700 ⁸⁸.
3366 3663 3386 3697 ι
3446 3665 3467 3699 ι
3496 3646 3616 3717 Ap-

2027 3733 2101 3804 pii
2120 3733 2326 3798 Torum,
2344 3742 2395 3788 et
2410 3735 2546 3789 Tres
2567 3733 2830 3791 Tabernas
2853 3756 2873 3788 ι
2894 3747 3050 3793 erant
3069 3739 3188 3795 loca
3210 3738 3456 3812 quedam
3485 3750 3613 3799 ante

2029 3825 2334 3897 ingressum
2357 3826 2562 3881 Romae.
2594 3825 2813 3885 Primus
2837 3830 3084 3906 quidem,
3115 3834 3261 3904 quod
3289 3833 3344 3888 in
3372 3849 3439 3890 eo
3457 3844 3609 3893 esset

2029 3925 2213 3973 statua
2251 3918 2435 3989 Appii,
2467 3918 2645 3988 [orum
2682 3920 2842 3989 Appii
2874 3923 3171 3980 vocabatur
3204 3942 3221 3981 :
3252 3925 3610 3998 quemadmo-

2027 4008 2157 4064 dum
2196 4009 2359 4063 etiam
2390 4022 2535 4065 nunc
2566 4009 2705 4076 loca,
2737 4012 2829 4066 ubi
2883 4011 3272 4083 imperatorum
3308 4025 3504 4075 statua:
3526 4018 3609 4075 lo-

2027 4108 2165 4156 cata:
2186 4110 2336 4164 sunt,
2370 4100 2493 4171 fora
2525 4117 2553 4156 a
2586 4099 2852 4160 Romanis
2916 4106 3285 4177 appellantur.
3338 4106 3609 4166 Taberna!

2029 4200 2213 4246 autem
2251 4191 2369 4247 loca
2414 4202 2570 4247 erant
2610 4192 3039 4249 diversoriorum
3091 4205 3146 4252 et
3177 4206 3549 4271 cauponarum
3587 4214 3609 4269 ;

2027 4281 2109 4335 sic
2133 4280 2278 4335 enim
2301 4280 2413 4337 haec
2434 4279 2680 4336 Romana
2708 4282 2891 4356 lingua
2930 4295 3216 4341 vocantur.

2102 4389 2123 4423 ι
2154 4371 2293 4442 Ego,
2346 4372 2448 4427 viri
2486 4371 2707 4428 fratres.
2755 4388 2777 4425 ι
2807 4372 3000 4431 Sciens
3028 4374 3256 4445 Paulus,
3305 4377 3608 4436 absurdum

2025 4478 2149 4520 esse
2181 4463 2388 4534 judicio
2409 4466 2732 4535 (prmsertim
2778 4467 2921 4536 apud
2953 4466 3221 4538 inﬁdeles)
3249 4469 3607 4535 contendere,

2026 4570 2097 4610 ne
2122 4554 2439 4611 Iudaeorum
2469 4571 2631 4611 aures
2658 4566 3054 4628 praeoccupatae
3080 4567 3271 4613 contra
3299 4559 3480 4629 ipsum
3513 4574 3606 4615 es-

2029 4657 2171 4711 sent,
2203 4660 2326 4701 sese
2356 4645 2426 4701 de
2461 4655 2693 4715 utraque
2712 4646 2825 4701 'hac
2880 4660 2940 4701 re
2990 4660 3222 4717 purgare
3262 4647 3605 4718 aggreditur.

349 4744 494 4810 sua;
532 4740 680 4804 ἰδεῖν,
725 4761 744 4795 ι
779 4740 921 4814 ὥστε
955 4742 1032 4812 μὴ
1058 4742 1260 4807 ἐξεῖναί
1302 4759 1408 4796 τινι
1441 4745 1788 4814 κατηγορεῖν.
1813 4742 1924 4796 Καὶ

2033 4736 2184 4793 Unde
2215 4738 2295 4791 ait
2324 4755 2339 4791 :
2376 4756 2399 4792 ι
2429 4737 2658 4808 Propter
2688 4738 2829 4791 hanc
2876 4751 3101 4793 causam
3143 4738 3452 4795 desideravi
3503 4754 3610 4796 vos

351 4834 421 4885 τὰ
479 4812 1086 4903 παριστάμενδλέγει,
1120 4834 1203 4886 ὅτι
1223 4834 1335 4897 Τὰς
1357 4836 1545 4905 χείρας
1569 4812 1754 4886 αὐτῶν
1795 4833 1916 4886 δια⁴

349 4926 546 4993 φυγεῖν
626 4923 954 4994 βουλόμενος
981 4964 995 4990 ,
1063 4925 1420 4995 ἠναγκάσθην
1488 4923 1922 4979 ἐπικαλέσασθαι

352 5014 626 5085 Καίσαρα·
665 5017 765 5087 οὐχ
803 5016 881 5080 ὡς
914 5016 1123 5087 ἑτέροις
1161 5017 1339 5081 διδοὺς
1376 5016 1545 5081 κακὰ,
1574 5016 1692 5070 ἀλλ’
1719 5015 1795 5075 ὠς
1828 5014 1923 5068 αὺ-

347 5104 440 5167 τὸς
483 5104 701 5174 φεύγων
753 5107 919 5162 κακά.
970 5109 1107 5180 Πρὶν
1157 5108 1495 5179 ἐπιδημῆσαι
1523 5105 1733 5161 Παῦλον
1764 5106 1823 5158 ὲν
1853 5106 1922 5177 τῇ

358 5196 546 5269 Ῥώμῃ
575 5239 590 5265 ,
609 5202 1050 5271 παρηγγελμένοι
1069 5197 1213 5272 ἦσαν
1252 5203 1304 5255 οἰ.
1345 5202 1610 5267 Ἰουδαῖοι,
1643 5199 1721 5271 μὴ
1750 5216 1928 5272 παρα-

346 5287 603 5352 δέξασθαι
651 5291 712 5344 τὸ
749 5293 876 5363 περί
931 5291 1028 5346 τοῦ
1054 5291 1297 5364 Χριστοῦ
1332 5296 1615 5364 κήρυγμα»
1643 5292 1742 5345 οὐκ
1770 5290 1925 5345 αὐτοὶ

349 5378 403 5431 δὲ
440 5380 614 5447 μόνοι,
648 5380 783 5436 ἀλλὰ
828 5384 923 5436 καὶ
952 5384 1002 5436 οἰ
1032 5381 1307 5453 πανταχοῦ
1358 5384 1481 5453 γῆς.
1518 5382 1691 5436 Πόθεν
1738 5382 1798 5435 δὲ
1825 5380 1921 5451 δῆ-

348 5471 438 5523 ὶον
464 5485 478 5536 ;
518 5469 771 5543 Εὖρομεν
803 5475 861 5527 ὲν
889 5476 1002 5537 τοῖς
1028 5474 1140 5530 τῶν
1173 5475 1423 5529 παλαιῶν
1465 5474 1919 5543 συγγράμμασιν,

344 5562 421 5625 ὡς
452 5564 500 5616 οἰ
533 5563 632 5635 τὴν
678 5565 1035 5638 Ἰερουσαλὴμ
1072 5566 1347 5631 οἰκοῦντες
1397 5568 1564 5639 ἱερεῖς
1600 5566 1694 5620 καὶ
1730 5566 1921 5638 Γραμ-

349 5653 541 5720 ματείς
573 5653 669 5707 καὶ
704 5656 1428 5730 πρεσϐύτεροελγρὰμματα
1457 5658 1911 5729 διαχαράξιντες,

411 5833 457 5863 ⁸⁸
488 5833 591 5890 lsa.
618 5852 692 5901 ιι,
723 5836 810 5892 Μ..

2026 4827 2215 4882 videre
2241 4837 2296 4882 et
2323 4827 2553 4897 alloqui,
2582 4845 2602 4878 ι
2635 4843 2705 4883 ne
2733 4828 2943 4883 scilicet
2972 4837 3159 4899 posset
3194 4844 3281 4885 me
3327 4829 3607 4900 quispiam

2025 4918 2379 4975 calumniari.
2408 4919 2545 4975 Rem
2579 4919 2774 4991 igitur,
2817 4928 2878 4975 ut
2922 4935 2986 4976 se
3042 4920 3297 4987 habebat,
3353 4921 3606 4993 exponit,

2026 5011 2284 5082 inquiens
2314 5028 2333 5066 :
2371 5010 2443 5067 Ut
2491 5010 2841 5068 inimicorum
2877 5025 3126 5068 meonun
3156 5028 3353 5073 manus
3396 5013 3605 5085 eil‘uge-

2027 5110 2366 5173 rem,atque
2414 5103 2552 5158 adeo
2582 5117 2689 5158 non
2717 5111 2778 5158 ut
2807 5104 2944 5160 alios
2999 5119 3342 5170 accusarem,
3391 5105 3486 5160 sed
3540 5112 3609 5159 ut

2028 5193 2297 5263 meipsum
2338 5192 2709 5255 defenderem,
2740 5204 2969 5250 coactus
3001 5211 3122 5251 sum
3155 5196 3429 5267 appellare
3476 5194 3600 5251 ϐεε-

2021 5300 2224 5342 sarem.
2260 5288 2330 5341 At
2365 5301 2494 5341 vero
2515 5295 2808 5358 antequam
2841 5286 3044 5343 Paulus
3082 5286 3309 5343 Romam
3342 5288 3605 5358 perveni:

2023 5386 2132 5443 ret,
2160 5377 2360 5445 Judaei,
2400 5393 2509 5434 non
2540 5380 2719 5435 solum
2753 5380 2846 5450 qui
2874 5377 3066 5434 Romae
3085 5381 3597 5445 commorabantur,

2019 5473 2114 5527 sed
2149 5472 2310 5527 etiam
2340 5472 2433 5541 qui
2460 5472 2664 5543 ubique
2694 5480 2961 5526 terrarum
2991 5471 3224 5541 dispersi
3252 5479 3430 5536 erant,
3456 5485 3600 5541 prae-

2018 5563 2209 5618 moniti
2250 5562 2491 5629 fuerant,
2528 5577 2595 5619 ne.
2658 5563 2942 5634 Evangelii
2997 5563 3440 5634 praedicationem
3495 5578 3595 5619 su-

2021 5657 2319 5728 sciperent.
2355 5655 2513 5713 Unde
2535 5670 2664 5712 vero
2718 5656 2823 5711 hoc
2873 5654 3105 5711 notum?
3130 5655 3191 5711 In
3240 5656 3596 5728 antiquorum
