  <div class='ocr_page' id='page_1' title='image "/cluster/home/n/w/nwhite01/storage/ocr_20150623/125:no.3/coo.31924054870302/537.png"; bbox 0 0 4082 6426; ppageno 0'>
   <div class='ocr_carea' id='block_1_1' title="bbox 458 362 597 447">
    <p class='ocr_par' dir='ltr' id='par_1_1' title="bbox 458 362 597 447">
     <span class='ocr_line' id='line_1_1' title="bbox 458 362 597 447; baseline 0.007 -1"><span class='ocrx_word' id='word_1_1' title='bbox 458 362 597 447; x_wconf 71' lang='lat'><strong>:059</strong></span> 
     </span>
    </p>
   </div>
   <div class='ocr_carea' id='block_1_2' title="bbox 1335 365 2748 438">
    <p class='ocr_par' dir='ltr' id='par_1_2' title="bbox 1335 365 2748 438">
     <span class='ocr_line' id='line_1_2' title="bbox 1335 365 2748 438; baseline -0.009 0"><span class='ocrx_word' id='word_1_2' title='bbox 1335 371 1910 438; x_wconf 80' lang='lat' dir='ltr'><strong>THEOPIIYLACTI</strong></span> <span class='ocrx_word' id='word_1_3' title='bbox 1943 368 2352 432; x_wconf 69' lang='lat' dir='ltr'><strong>BULGARLE</strong></span> <span class='ocrx_word' id='word_1_4' title='bbox 2396 365 2748 428; x_wconf 80' lang='lat' dir='ltr'><strong>ARCHIEP.</strong></span> 
     </span>
    </p>
   </div>
   <div class='ocr_carea' id='block_1_3' title="bbox 3569 351 3710 419">
    <p class='ocr_par' dir='ltr' id='par_1_3' title="bbox 3569 351 3710 419">
     <span class='ocr_line' id='line_1_3' title="bbox 3569 351 3710 419; baseline -0.021 0"><span class='ocrx_word' id='word_1_5' title='bbox 3569 351 3710 419; x_wconf 77' lang='lat'><strong>1060</strong></span> 
     </span>
    </p>
   </div>
   <div class='ocr_carea' id='block_1_4' title="bbox 454 475 2045 569">
    <p class='ocr_par' dir='ltr' id='par_1_4' title="bbox 454 477 2030 569">
     <span class='ocr_line' id='line_1_4' title="bbox 454 477 2030 569; baseline -0.01 -15"><span class='ocrx_word' id='word_1_6' title='bbox 454 477 1064 569; x_wconf 25' lang='lat' dir='ltr'><strong>scriptis-reperimus,</strong></span> <span class='ocrx_word' id='word_1_7' title='bbox 1119 492 1263 563; x_wconf 91' lang='lat' dir='ltr'><strong>quod</strong></span> <span class='ocrx_word' id='word_1_8' title='bbox 1318 493 1630 546; x_wconf 85' lang='lat' dir='ltr'><strong>Jndaeorum</strong></span> <span class='ocrx_word' id='word_1_9' title='bbox 1695 487 2030 552; x_wconf 74' lang='lat' dir='ltr'><strong>sacerdotes,</strong></span> 
     </span>
    </p>
   </div>
   <div class='ocr_carea' id='block_1_5' title="bbox 2146 475 3711 569">
    <p class='ocr_par' dir='ltr' id='par_1_5' title="bbox 2146 475 3711 553">
     <span class='ocr_line' id='line_1_5' title="bbox 2146 475 3711 553; baseline -0.008 -15"><span class='ocrx_word' id='word_1_10' title='bbox 2146 487 2220 549; x_wconf 80' lang='grc' dir='ltr'>είς</span> <span class='ocrx_word' id='word_1_11' title='bbox 2271 486 2454 538; x_wconf 86' lang='grc' dir='ltr'>πάντα</span> <span class='ocrx_word' id='word_1_12' title='bbox 2504 483 2879 553; x_wconf 78' lang='grc' dir='ltr'>διεπέμψαντο</span> <span class='ocrx_word' id='word_1_13' title='bbox 2939 479 3006 532; x_wconf 77' lang='grc' dir='ltr'>τὰ</span> <span class='ocrx_word' id='word_1_14' title='bbox 3056 478 3206 547; x_wconf 76' lang='grc' dir='ltr'>ἔθνη.</span> <span class='ocrx_word' id='word_1_15' title='bbox 3266 478 3381 539; x_wconf 81' lang='grc' dir='ltr'>τοῖς</span> <span class='ocrx_word' id='word_1_16' title='bbox 3435 475 3711 546; x_wconf 80' lang='grc' dir='ltr'><strong>πανταχοῦ</strong></span> 
     </span>
    </p>
   </div>
   <div class='ocr_carea' id='block_1_6' title="bbox 457 580 2028 654">
    <p class='ocr_par' dir='ltr' id='par_1_6' title="bbox 457 580 2028 654">
     <span class='ocr_line' id='line_1_6' title="bbox 457 580 2028 654; baseline -0.009 -10"><span class='ocrx_word' id='word_1_17' title='bbox 457 586 667 644; x_wconf 71' lang='lat' dir='ltr'><strong>Scriba:</strong></span> <span class='ocrx_word' id='word_1_18' title='bbox 693 597 745 641; x_wconf 91' lang='lat' dir='ltr'><strong>et</strong></span> <span class='ocrx_word' id='word_1_19' title='bbox 773 587 1044 651; x_wconf 86' lang='lat' dir='ltr'><strong>seniores,</strong></span> <span class='ocrx_word' id='word_1_20' title='bbox 1090 587 1183 654; x_wconf 89' lang='lat' dir='ltr'><strong>qui</strong></span> <span class='ocrx_word' id='word_1_21' title='bbox 1246 583 1641 654; x_wconf 86' lang='lat' dir='ltr'><strong>Hierosolymis</strong></span> <span class='ocrx_word' id='word_1_22' title='bbox 1684 580 2028 644; x_wconf 87' lang='lat' dir='ltr'><strong>habitabant,</strong></span> 
     </span>
    </p>
   </div>
   <div class='ocr_carea' id='block_1_7' title="bbox 458 671 2032 750">
    <p class='ocr_par' dir='ltr' id='par_1_7' title="bbox 458 671 2032 750">
     <span class='ocr_line' id='line_1_7' title="bbox 458 671 2032 750; baseline -0.004 -17"><span class='ocrx_word' id='word_1_23' title='bbox 458 681 722 750; x_wconf 85' lang='lat' dir='ltr'><strong>epistolas</strong></span> <span class='ocrx_word' id='word_1_24' title='bbox 758 680 821 733; x_wconf 90' lang='lat' dir='ltr'><strong>ad</strong></span> <span class='ocrx_word' id='word_1_25' title='bbox 873 677 1091 733; x_wconf 63' lang='lat' dir='ltr'><strong>Judaaos</strong></span> <span class='ocrx_word' id='word_1_26' title='bbox 1140 679 1339 747; x_wconf 90' lang='lat' dir='ltr'><strong>ubique</strong></span> <span class='ocrx_word' id='word_1_27' title='bbox 1401 676 1645 746; x_wconf 80' lang='lat' dir='ltr'><strong>gentium</strong></span> <span class='ocrx_word' id='word_1_28' title='bbox 1700 671 2032 727; x_wconf 74' lang='lat' dir='ltr'><strong>ex’sistentes</strong></span> 
     </span>
    </p>
   </div>
   <div class='ocr_carea' id='block_1_8' title="bbox 457 768 2032 842">
    <p class='ocr_par' dir='ltr' id='par_1_8' title="bbox 457 768 2032 842">
     <span class='ocr_line' id='line_1_8' title="bbox 457 768 2032 842; baseline -0.006 -14"><span class='ocrx_word' id='word_1_29' title='bbox 457 776 733 840; x_wconf 83' lang='lat' dir='ltr'><strong>miserint,</strong></span> <span class='ocrx_word' id='word_1_30' title='bbox 815 775 1020 842; x_wconf 85' lang='lat' dir='ltr'><strong>quibus</strong></span> <span class='ocrx_word' id='word_1_31' title='bbox 1067 773 1374 828; x_wconf 85' lang='lat' dir='ltr'><strong>doctrinam</strong></span> <span class='ocrx_word' id='word_1_32' title='bbox 1427 768 1634 824; x_wconf 78' lang='lat' dir='ltr'><strong>ChriSti</strong></span> <span class='ocrx_word' id='word_1_33' title='bbox 1692 776 1952 836; x_wconf 82' lang='lat' dir='ltr'><strong>tanquam</strong></span> <span class='ocrx_word' id='word_1_34' title='bbox 1999 780 2032 819; x_wconf 88' lang='lat' dir='ltr'><strong>a</strong></span> 
     </span>
    </p>
   </div>
   <div class='ocr_carea' id='block_1_9' title="bbox 455 858 2029 929">
    <p class='ocr_par' dir='ltr' id='par_1_9' title="bbox 455 858 2029 929">
     <span class='ocr_line' id='line_1_9' title="bbox 455 858 2029 929; baseline -0.008 -10"><span class='ocrx_word' id='word_1_35' title='bbox 455 864 569 920; x_wconf 86' lang='lat' dir='ltr'><strong>Deo</strong></span> <span class='ocrx_word' id='word_1_36' title='bbox 599 867 835 920; x_wconf 86' lang='lat' dir='ltr'><strong>alienam</strong></span> <span class='ocrx_word' id='word_1_37' title='bbox 863 863 1364 924; x_wconf 83' lang='lat' dir='ltr'><strong>calumniabantur,</strong></span> <span class='ocrx_word' id='word_1_38' title='bbox 1395 862 1586 928; x_wconf 74' lang='lat' dir='ltr'><strong>eiSque</strong></span> <span class='ocrx_word' id='word_1_39' title='bbox 1619 858 2029 929; x_wconf 64' lang='lat' dir='ltr'><strong>prmcipiebant,</strong></span> 
     </span>
    </p>
   </div>
   <div class='ocr_carea' id='block_1_10' title="bbox 456 947 2033 1025">
    <p class='ocr_par' dir='ltr' id='par_1_10' title="bbox 456 947 2033 1025">
     <span class='ocr_line' id='line_1_10' title="bbox 456 947 2033 1025; baseline -0.006 -15"><span class='ocrx_word' id='word_1_40' title='bbox 456 973 526 1011; x_wconf 90' lang='lat' dir='ltr'><strong>nc</strong></span> <span class='ocrx_word' id='word_1_41' title='bbox 557 973 678 1011; x_wconf 85' lang='lat' dir='ltr'><strong>eam</strong></span> <span class='ocrx_word' id='word_1_42' title='bbox 714 957 1193 1025; x_wconf 82' lang='lat' dir='ltr'><strong>amplecterentur.</strong></span> <span class='ocrx_word' id='word_1_43' title='bbox 1256 953 1318 1005; x_wconf 78' lang='lat' dir='ltr'><strong>Et</strong></span> <span class='ocrx_word' id='word_1_44' title='bbox 1363 952 1584 1020; x_wconf 89' lang='lat' dir='ltr'><strong>quidem</strong></span> <span class='ocrx_word' id='word_1_45' title='bbox 1643 949 1744 1003; x_wconf 91' lang='lat' dir='ltr'><strong>hoc</strong></span> <span class='ocrx_word' id='word_1_46' title='bbox 1785 947 2033 1001; x_wconf 84' lang='lat' dir='ltr'><strong>indicare</strong></span> 
     </span>
    </p>
   </div>
   <div class='ocr_carea' id='block_1_11' title="bbox 456 1036 2030 1115">
    <p class='ocr_par' dir='ltr' id='par_1_11' title="bbox 456 1036 2030 1115">
     <span class='ocr_line' id='line_1_11' title="bbox 456 1036 2030 1115; baseline -0.004 -16"><span class='ocrx_word' id='word_1_47' title='bbox 456 1050 674 1102; x_wconf 86' lang='lat' dir='ltr'><strong>videtur</strong></span> <span class='ocrx_word' id='word_1_48' title='bbox 694 1049 856 1102; x_wconf 86' lang='lat' dir='ltr'><strong>etiam</strong></span> <span class='ocrx_word' id='word_1_49' title='bbox 889 1045 1042 1101; x_wconf 65' lang='lat' dir='ltr'><strong>Isaiae</strong></span> <span class='ocrx_word' id='word_1_50' title='bbox 1076 1045 1356 1115; x_wconf 86' lang='lat' dir='ltr'><strong>prOphetia</strong></span> <span class='ocrx_word' id='word_1_51' title='bbox 1384 1059 1503 1112; x_wconf 64' lang='lat' dir='ltr'><strong>quae</strong></span> <span class='ocrx_word' id='word_1_52' title='bbox 1533 1045 1608 1096; x_wconf 91' lang='lat' dir='ltr'><strong>ait</strong></span> <span class='ocrx_word' id='word_1_53' title='bbox 1641 1059 1656 1097; x_wconf 92' lang='lat'>:</span> <span class='ocrx_word' id='word_1_54' title='bbox 1686 1060 1703 1092; x_wconf 84' lang='grc' dir='ltr'>ι</span> <span class='ocrx_word' id='word_1_55' title='bbox 1732 1036 2030 1102; x_wconf 64' lang='lat' dir='ltr'><strong>Vae-terrae,</strong></span> 
     </span>
    </p>
   </div>
   <div class='ocr_carea' id='block_1_12' title="bbox 459 1131 2033 1202">
    <p class='ocr_par' dir='ltr' id='par_1_12' title="bbox 459 1131 2033 1202">
     <span class='ocr_line' id='line_1_12' title="bbox 459 1131 2033 1202; baseline -0.004 -11"><span class='ocrx_word' id='word_1_56' title='bbox 459 1140 685 1191; x_wconf 84' lang='lat' dir='ltr'><strong>navium</strong></span> <span class='ocrx_word' id='word_1_57' title='bbox 725 1137 822 1190; x_wconf 75' lang='lat' dir='ltr'><strong>alae</strong></span> <span class='ocrx_word' id='word_1_58' title='bbox 853 1146 1006 1191; x_wconf 88' lang='lat' dir='ltr'><strong>trans</strong></span> <span class='ocrx_word' id='word_1_59' title='bbox 1054 1134 1276 1188; x_wconf 83' lang='lat' dir='ltr'><strong>ﬂumina</strong></span> <span class='ocrx_word' id='word_1_60' title='bbox 1311 1131 1628 1202; x_wconf 61' lang='lat' dir='ltr'><strong>Ethiopiaz,</strong></span> <span class='ocrx_word' id='word_1_61' title='bbox 1659 1133 1751 1202; x_wconf 92' lang='lat' dir='ltr'><strong>qui</strong></span> <span class='ocrx_word' id='word_1_62' title='bbox 1787 1131 1952 1185; x_wconf 86' lang='lat' dir='ltr'><strong>mittit</strong></span> <span class='ocrx_word' id='word_1_63' title='bbox 1980 1131 2033 1184; x_wconf 89' lang='lat' dir='ltr'><strong>in</strong></span> 
     </span>
    </p>
   </div>
   <div class='ocr_carea' id='block_1_13' title="bbox 460 1227 2034 1296">
    <p class='ocr_par' dir='ltr' id='par_1_13' title="bbox 460 1227 2034 1296">
     <span class='ocr_line' id='line_1_13' title="bbox 460 1227 2034 1296; baseline -0.001 -16"><span class='ocrx_word' id='word_1_64' title='bbox 460 1243 610 1282; x_wconf 83' lang='lat' dir='ltr'><strong>mare</strong></span> <span class='ocrx_word' id='word_1_65' title='bbox 665 1227 907 1292; x_wconf 82' lang='lat' dir='ltr'><strong>obsides,</strong></span> <span class='ocrx_word' id='word_1_66' title='bbox 964 1237 1019 1281; x_wconf 85' lang='lat' dir='ltr'><strong>et</strong></span> <span class='ocrx_word' id='word_1_67' title='bbox 1107 1227 1370 1296; x_wconf 85' lang='lat' dir='ltr'><strong>epistolas</strong></span> <span class='ocrx_word' id='word_1_68' title='bbox 1449 1239 1786 1295; x_wconf 85' lang='lat' dir='ltr'><strong>papyraceas</strong></span> <span class='ocrx_word' id='word_1_69' title='bbox 1871 1239 2034 1293; x_wconf 85' lang='lat' dir='ltr'><strong>supra</strong></span> 
     </span>
    </p>
   </div>
   <div class='ocr_carea' id='block_1_14' title="bbox 457 1316 2034 1388">
    <p class='ocr_par' dir='ltr' id='par_1_14' title="bbox 457 1316 2034 1388">
     <span class='ocr_line' id='line_1_14' title="bbox 457 1316 2034 1388; baseline -0.001 -17"><span class='ocrx_word' id='word_1_70' title='bbox 457 1334 654 1387; x_wconf 88' lang='lat' dir='ltr'><strong>aquam</strong></span> <span class='ocrx_word' id='word_1_71' title='bbox 685 1319 754 1372; x_wconf 79' lang='grc'><strong>⁸⁷.</strong></span> <span class='ocrx_word' id='word_1_72' title='bbox 802 1337 821 1368; x_wconf 74' lang='grc' dir='ltr'>ι</span> <span class='ocrx_word' id='word_1_73' title='bbox 871 1319 990 1384; x_wconf 78' lang='lat' dir='ltr'><strong>Quo</strong></span> <span class='ocrx_word' id='word_1_74' title='bbox 1042 1318 1297 1372; x_wconf 78' lang='lat' dir='ltr'><strong>videlicet</strong></span> <span class='ocrx_word' id='word_1_75' title='bbox 1341 1316 1636 1388; x_wconf 80' lang='lat' dir='ltr'><strong>signiﬁcat,</strong></span> <span class='ocrx_word' id='word_1_76' title='bbox 1667 1317 1831 1370; x_wconf 80' lang='lat' dir='ltr'><strong>etiam</strong></span> <span class='ocrx_word' id='word_1_77' title='bbox 1893 1319 2034 1369; x_wconf 89' lang='lat' dir='ltr'><strong>ultra</strong></span> 
     </span>
    </p>
   </div>
   <div class='ocr_carea' id='block_1_15' title="bbox 458 1403 2032 1478">
    <p class='ocr_par' dir='ltr' id='par_1_15' title="bbox 458 1403 2032 1478">
     <span class='ocr_line' id='line_1_15' title="bbox 458 1403 2032 1478; baseline 0 -17"><span class='ocrx_word' id='word_1_78' title='bbox 458 1406 780 1476; x_wconf 66' lang='lat' dir='ltr'><strong>IEthiopum</strong></span> <span class='ocrx_word' id='word_1_79' title='bbox 824 1405 1103 1478; x_wconf 78' lang='lat' dir='ltr'><strong>regionem</strong></span> <span class='ocrx_word' id='word_1_80' title='bbox 1157 1416 1211 1461; x_wconf 90' lang='lat' dir='ltr'><strong>et</strong></span> <span class='ocrx_word' id='word_1_81' title='bbox 1241 1422 1416 1475; x_wconf 86' lang='lat' dir='ltr'><strong>usque</strong></span> <span class='ocrx_word' id='word_1_82' title='bbox 1462 1405 1530 1459; x_wconf 89' lang='lat' dir='ltr'><strong>ad</strong></span> <span class='ocrx_word' id='word_1_83' title='bbox 1575 1405 1839 1459; x_wconf 86' lang='lat' dir='ltr'><strong>terminos</strong></span> <span class='ocrx_word' id='word_1_84' title='bbox 1869 1403 2032 1474; x_wconf 83' lang='lat'><strong>317</strong></span> 
     </span>
    </p>
   </div>
   <div class='ocr_carea' id='block_1_16' title="bbox 459 1498 2037 1569">
    <p class='ocr_par' dir='ltr' id='par_1_16' title="bbox 459 1498 2037 1569">
     <span class='ocr_line' id='line_1_16' title="bbox 459 1498 2037 1569; baseline -0.001 -18"><span class='ocrx_word' id='word_1_85' title='bbox 459 1514 649 1566; x_wconf 56' lang='lat' dir='ltr'><strong>terra,</strong></span> <span class='ocrx_word' id='word_1_86' title='bbox 685 1498 984 1569; x_wconf 86' lang='lat' dir='ltr'><strong>malignum</strong></span> <span class='ocrx_word' id='word_1_87' title='bbox 1016 1498 1259 1553; x_wconf 64' lang='lat' dir='ltr'><strong>.ludaeam</strong></span> <span class='ocrx_word' id='word_1_88' title='bbox 1301 1498 1655 1552; x_wconf 87' lang='lat' dir='ltr'><strong>incolentium</strong></span> <span class='ocrx_word' id='word_1_89' title='bbox 1684 1511 1903 1562; x_wconf 88' lang='lat' dir='ltr'><strong>sonum,</strong></span> <span class='ocrx_word' id='word_1_90' title='bbox 1939 1514 2037 1550; x_wconf 89' lang='lat' dir='ltr'><strong>ua-</strong></span> 
     </span>
    </p>
   </div>
   <div class='ocr_carea' id='block_1_17' title="bbox 461 1586 2036 1658">
    <p class='ocr_par' dir='ltr' id='par_1_17' title="bbox 461 1586 2036 1658">
     <span class='ocr_line' id='line_1_17' title="bbox 461 1586 2036 1658; baseline -0.003 -17"><span class='ocrx_word' id='word_1_91' title='bbox 461 1591 618 1644; x_wconf 85' lang='lat' dir='ltr'><strong>vibus</strong></span> <span class='ocrx_word' id='word_1_92' title='bbox 649 1590 808 1658; x_wconf 88' lang='lat' dir='ltr'><strong>quasi</strong></span> <span class='ocrx_word' id='word_1_93' title='bbox 839 1590 1151 1644; x_wconf 78' lang='lat' dir='ltr'><strong>volantibus</strong></span> <span class='ocrx_word' id='word_1_94' title='bbox 1172 1596 1410 1653; x_wconf 88' lang='lat' dir='ltr'><strong>vectum,</strong></span> <span class='ocrx_word' id='word_1_95' title='bbox 1436 1586 1787 1656; x_wconf 67' lang='lat' dir='ltr'><strong>praevertisse,</strong></span> <span class='ocrx_word' id='word_1_96' title='bbox 1817 1601 2036 1640; x_wconf 86' lang='lat' dir='ltr'><strong>eorum-</strong></span> 
     </span>
    </p>
   </div>
   <div class='ocr_carea' id='block_1_18' title="bbox 460 1677 2035 1752">
    <p class='ocr_par' dir='ltr' id='par_1_18' title="bbox 460 1677 2035 1752">
     <span class='ocr_line' id='line_1_18' title="bbox 460 1677 2035 1752; baseline -0.004 -16"><span class='ocrx_word' id='word_1_97' title='bbox 460 1688 569 1751; x_wconf 77' lang='lat' dir='ltr'><strong>que</strong></span> <span class='ocrx_word' id='word_1_98' title='bbox 589 1682 869 1752; x_wconf 87' lang='lat' dir='ltr'><strong>apostolos</strong></span> <span class='ocrx_word' id='word_1_99' title='bbox 898 1681 1160 1750; x_wconf 87' lang='lat' dir='ltr'><strong>epistolas</strong></span> <span class='ocrx_word' id='word_1_100' title='bbox 1191 1693 1525 1751; x_wconf 87' lang='lat' dir='ltr'><strong>papyraceas</strong></span> <span class='ocrx_word' id='word_1_101' title='bbox 1550 1692 1738 1732; x_wconf 87' lang='lat' dir='ltr'><strong>secum</strong></span> <span class='ocrx_word' id='word_1_102' title='bbox 1774 1677 2035 1740; x_wconf 80' lang='lat' dir='ltr'><strong>terentes,</strong></span> 
     </span>
    </p>
   </div>
   <div class='ocr_carea' id='block_1_19' title="bbox 463 1773 2037 1848">
    <p class='ocr_par' dir='ltr' id='par_1_19' title="bbox 463 1773 2037 1848">
     <span class='ocr_line' id='line_1_19' title="bbox 463 1773 2037 1848; baseline -0.006 -14"><span class='ocrx_word' id='word_1_103' title='bbox 463 1795 630 1848; x_wconf 90' lang='lat' dir='ltr'><strong>supra</strong></span> <span class='ocrx_word' id='word_1_104' title='bbox 678 1792 852 1848; x_wconf 82' lang='lat' dir='ltr'><strong>aquas</strong></span> <span class='ocrx_word' id='word_1_105' title='bbox 893 1778 1129 1847; x_wconf 78' lang='lat' dir='ltr'><strong>navigiis</strong></span> <span class='ocrx_word' id='word_1_106' title='bbox 1187 1784 1400 1840; x_wconf 86' lang='lat' dir='ltr'><strong>vectos,</strong></span> <span class='ocrx_word' id='word_1_107' title='bbox 1459 1783 1513 1828; x_wconf 85' lang='lat' dir='ltr'><strong>et</strong></span> <span class='ocrx_word' id='word_1_108' title='bbox 1577 1787 1728 1827; x_wconf 86' lang='lat' dir='ltr'><strong>mare</strong></span> <span class='ocrx_word' id='word_1_109' title='bbox 1770 1773 2037 1842; x_wconf 84' lang='lat' dir='ltr'><strong>navigan-</strong></span> 
     </span>
    </p>
   </div>
   <div class='ocr_carea' id='block_1_20' title="bbox 2135 567 3709 642">
    <p class='ocr_par' dir='ltr' id='par_1_20' title="bbox 2135 567 3709 642">
     <span class='ocr_line' id='line_1_20' title="bbox 2135 567 3709 642; baseline -0.009 -10"><span class='ocrx_word' id='word_1_110' title='bbox 2135 579 2411 640; x_wconf 81' lang='grc' dir='ltr'><strong>Ἰουδαίοις</strong></span> <span class='ocrx_word' id='word_1_111' title='bbox 2442 577 2818 638; x_wconf 72' lang='grc' dir='ltr'>διαϐάλλοντες</span> <span class='ocrx_word' id='word_1_112' title='bbox 2842 573 2940 642; x_wconf 85' lang='grc' dir='ltr'><strong>τὴν</strong></span> <span class='ocrx_word' id='word_1_113' title='bbox 2962 572 3054 624; x_wconf 77' lang='grc' dir='ltr'><strong>τοῦ</strong></span> <span class='ocrx_word' id='word_1_114' title='bbox 3078 570 3314 641; x_wconf 83' lang='grc' dir='ltr'>Χριστοῦ</span> <span class='ocrx_word' id='word_1_115' title='bbox 3339 567 3709 630; x_wconf 76' lang='grc' dir='ltr'><strong>διδασκαλίαν,</strong></span> 
     </span>
    </p>
   </div>
   <div class='ocr_carea' id='block_1_21' title="bbox 2134 660 3714 741">
    <p class='ocr_par' dir='ltr' id='par_1_21' title="bbox 2134 660 3714 741">
     <span class='ocr_line' id='line_1_21' title="bbox 2134 660 3714 741; baseline -0.01 -15"><span class='ocrx_word' id='word_1_116' title='bbox 2134 674 2209 735; x_wconf 77' lang='grc' dir='ltr'><strong>ὼς</strong></span> <span class='ocrx_word' id='word_1_117' title='bbox 2239 671 2528 741; x_wconf 77' lang='grc' dir='ltr'>ἀλλοτρίαν</span> <span class='ocrx_word' id='word_1_118' title='bbox 2571 669 2667 721; x_wconf 85' lang='grc' dir='ltr'><strong>τοῦ</strong></span> <span class='ocrx_word' id='word_1_119' title='bbox 2698 668 2854 719; x_wconf 72' lang='grc' dir='ltr'>Θεοῦ·</span> <span class='ocrx_word' id='word_1_120' title='bbox 2890 663 3268 735; x_wconf 77' lang='grc' dir='ltr'>παρήγγειλαν</span> <span class='ocrx_word' id='word_1_121' title='bbox 3300 679 3359 713; x_wconf 89' lang='grc' dir='ltr'>τε</span> <span class='ocrx_word' id='word_1_122' title='bbox 3395 660 3464 712; x_wconf 84' lang='grc' dir='ltr'>δι’</span> <span class='ocrx_word' id='word_1_123' title='bbox 3491 661 3714 712; x_wconf 77' lang='grc' dir='ltr'><strong>ἐπιστο-</strong></span> 
     </span>
    </p>
   </div>
   <div class='ocr_carea' id='block_1_22' title="bbox 2132 751 3714 832">
    <p class='ocr_par' dir='ltr' id='par_1_22' title="bbox 2132 751 3714 832">
     <span class='ocr_line' id='line_1_22' title="bbox 2132 751 3714 832; baseline -0.01 -16"><span class='ocrx_word' id='word_1_124' title='bbox 2132 762 2242 816; x_wconf 82' lang='grc' dir='ltr'><strong>λῶν</strong></span> <span class='ocrx_word' id='word_1_125' title='bbox 2287 762 2364 832; x_wconf 76' lang='grc' dir='ltr'>μὴ</span> <span class='ocrx_word' id='word_1_126' title='bbox 2393 758 2800 830; x_wconf 78' lang='grc' dir='ltr'><strong>παραδέξασθαι</strong></span> <span class='ocrx_word' id='word_1_127' title='bbox 2831 757 3022 826; x_wconf 80' lang='grc' dir='ltr'>αὑτήν.</span> <span class='ocrx_word' id='word_1_128' title='bbox 3055 755 3228 807; x_wconf 82' lang='grc' dir='ltr'>Τοῦτο</span> <span class='ocrx_word' id='word_1_129' title='bbox 3251 753 3306 805; x_wconf 83' lang='grc' dir='ltr'>δὲ</span> <span class='ocrx_word' id='word_1_130' title='bbox 3345 751 3476 804; x_wconf 75' lang='grc' dir='ltr'>αὑτδ</span> <span class='ocrx_word' id='word_1_131' title='bbox 3509 751 3714 820; x_wconf 83' lang='grc' dir='ltr'>σημαί-</span> 
     </span>
    </p>
   </div>
   <div class='ocr_carea' id='block_1_23' title="bbox 2135 841 3716 920">
    <p class='ocr_par' dir='ltr' id='par_1_23' title="bbox 2135 841 3716 920">
     <span class='ocr_line' id='line_1_23' title="bbox 2135 841 3716 920; baseline -0.011 -12"><span class='ocrx_word' id='word_1_132' title='bbox 2135 873 2256 908; x_wconf 91' lang='grc' dir='ltr'>νειν</span> <span class='ocrx_word' id='word_1_133' title='bbox 2285 854 2451 916; x_wconf 74' lang='grc' dir='ltr'>ἔοικε,</span> <span class='ocrx_word' id='word_1_134' title='bbox 2481 855 2573 905; x_wconf 71' lang='grc' dir='ltr'><strong>καὶ</strong></span> <span class='ocrx_word' id='word_1_135' title='bbox 2597 853 2629 920; x_wconf 88' lang='grc' dir='ltr'><strong>ή</strong></span> <span class='ocrx_word' id='word_1_136' title='bbox 2660 851 2894 915; x_wconf 79' lang='grc' dir='ltr'><strong>λέγουσα</strong></span> <span class='ocrx_word' id='word_1_137' title='bbox 2916 847 3220 916; x_wconf 74' lang='grc' dir='ltr'><strong>προφητεία</strong></span> <span class='ocrx_word' id='word_1_138' title='bbox 3241 845 3463 895; x_wconf 83' lang='grc' dir='ltr'>Ἠσαῒου</span> <span class='ocrx_word' id='word_1_139' title='bbox 3489 858 3502 873; x_wconf 90' lang='grc'><strong>·</strong></span> <span class='ocrx_word' id='word_1_140' title='bbox 3541 860 3559 891; x_wconf 83' lang='grc' dir='ltr'>ι</span> <span class='ocrx_word' id='word_1_141' title='bbox 3577 841 3716 893; x_wconf 72' lang='grc' dir='ltr'>Οὐαὶ</span> 
     </span>
    </p>
   </div>
   <div class='ocr_carea' id='block_1_24' title="bbox 2135 934 3713 1017">
    <p class='ocr_par' dir='ltr' id='par_1_24' title="bbox 2135 934 3713 1017">
     <span class='ocr_line' id='line_1_24' title="bbox 2135 934 3713 1017; baseline -0.01 -17"><span class='ocrx_word' id='word_1_142' title='bbox 2135 948 2262 1017; x_wconf 80' lang='grc' dir='ltr'><strong>γῆς,</strong></span> <span class='ocrx_word' id='word_1_143' title='bbox 2293 946 2494 998; x_wconf 88' lang='grc' dir='ltr'>πλοίων</span> <span class='ocrx_word' id='word_1_144' title='bbox 2523 946 2796 1014; x_wconf 79' lang='grc' dir='ltr'>πτέρυγες</span> <span class='ocrx_word' id='word_1_145' title='bbox 2821 941 3078 992; x_wconf 78' lang='grc' dir='ltr'>ἐπέκεινα</span> <span class='ocrx_word' id='word_1_146' title='bbox 3108 937 3370 1007; x_wconf 80' lang='grc' dir='ltr'><strong>ποταμῶν</strong></span> <span class='ocrx_word' id='word_1_147' title='bbox 3399 934 3713 994; x_wconf 72' lang='grc' dir='ltr'><strong>Αἰθιοπίας.</strong></span> 
     </span>
    </p>
   </div>
   <div class='ocr_carea' id='block_1_25' title="bbox 2139 1024 3712 1103">
    <p class='ocr_par' dir='ltr' id='par_1_25' title="bbox 2139 1024 3712 1103">
     <span class='ocr_line' id='line_1_25' title="bbox 2139 1024 3712 1103; baseline -0.01 -12"><span class='ocrx_word' id='word_1_148' title='bbox 2139 1038 2486 1092; x_wconf 77' lang='grc' dir='ltr'><strong>ἀποστέλλων</strong></span> <span class='ocrx_word' id='word_1_149' title='bbox 2517 1037 2574 1088; x_wconf 80' lang='grc' dir='ltr'><strong>ὲν</strong></span> <span class='ocrx_word' id='word_1_150' title='bbox 2624 1034 2870 1103; x_wconf 74' lang='grc' dir='ltr'>θαλάσσῃ</span> <span class='ocrx_word' id='word_1_151' title='bbox 2918 1032 3103 1100; x_wconf 66' lang='grc' dir='ltr'>ὅμηρα</span> <span class='ocrx_word' id='word_1_152' title='bbox 3153 1030 3250 1081; x_wconf 72' lang='grc' dir='ltr'><strong>καὶ</strong></span> <span class='ocrx_word' id='word_1_153' title='bbox 3301 1026 3593 1088; x_wconf 74' lang='grc' dir='ltr'>ἐπιστολὰς</span> <span class='ocrx_word' id='word_1_154' title='bbox 3626 1024 3712 1094; x_wconf 70' lang='grc' dir='ltr'><strong>βια-</strong></span> 
     </span>
    </p>
   </div>
   <div class='ocr_carea' id='block_1_26' title="bbox 2135 1114 3714 1192">
    <p class='ocr_par' dir='ltr' id='par_1_26' title="bbox 2135 1114 3714 1192">
     <span class='ocr_line' id='line_1_26' title="bbox 2135 1114 3714 1192; baseline -0.01 -9"><span class='ocrx_word' id='word_1_155' title='bbox 2135 1131 2319 1192; x_wconf 86' lang='grc' dir='ltr'>6λίνας</span> <span class='ocrx_word' id='word_1_156' title='bbox 2345 1130 2531 1182; x_wconf 77' lang='grc' dir='ltr'>ἐπάνω</span> <span class='ocrx_word' id='word_1_157' title='bbox 2559 1126 2654 1179; x_wconf 80' lang='grc' dir='ltr'><strong>τοῦ</strong></span> <span class='ocrx_word' id='word_1_158' title='bbox 2683 1125 2894 1186; x_wconf 75' lang='grc' dir='ltr'>ὕδατος.</span> <span class='ocrx_word' id='word_1_159' title='bbox 2936 1141 2954 1172; x_wconf 72' lang='grc' dir='ltr'>ι</span> <span class='ocrx_word' id='word_1_160' title='bbox 2995 1121 3072 1173; x_wconf 86' lang='grc' dir='ltr'><strong>Δι’</strong></span> <span class='ocrx_word' id='word_1_161' title='bbox 3103 1114 3163 1174; x_wconf 74' lang='grc' dir='ltr'>οὗ</span> <span class='ocrx_word' id='word_1_162' title='bbox 3195 1118 3480 1187; x_wconf 67' lang='grc' dir='ltr'>σημαίνει,</span> <span class='ocrx_word' id='word_1_163' title='bbox 3516 1117 3590 1177; x_wconf 82' lang='grc' dir='ltr'>ὡς</span> <span class='ocrx_word' id='word_1_164' title='bbox 3619 1117 3714 1168; x_wconf 80' lang='grc' dir='ltr'><strong>καὶ</strong></span> 
     </span>
    </p>
   </div>
   <div class='ocr_carea' id='block_1_27' title="bbox 2137 1207 3716 1292">
    <p class='ocr_par' dir='ltr' id='par_1_27' title="bbox 2137 1207 3716 1292">
     <span class='ocr_line' id='line_1_27' title="bbox 2137 1207 3716 1292; baseline -0.009 -18"><span class='ocrx_word' id='word_1_165' title='bbox 2137 1223 2312 1292; x_wconf 76' lang='grc' dir='ltr'>πέραν</span> <span class='ocrx_word' id='word_1_166' title='bbox 2357 1223 2458 1289; x_wconf 79' lang='grc' dir='ltr'><strong>τῆς</strong></span> <span class='ocrx_word' id='word_1_167' title='bbox 2501 1219 2779 1272; x_wconf 79' lang='grc' dir='ltr'><strong>Αἰθιόπων</strong></span> <span class='ocrx_word' id='word_1_168' title='bbox 2834 1215 3039 1286; x_wconf 79' lang='grc' dir='ltr'>χώρας,</span> <span class='ocrx_word' id='word_1_169' title='bbox 3073 1213 3166 1265; x_wconf 78' lang='grc' dir='ltr'><strong>καὶ</strong></span> <span class='ocrx_word' id='word_1_170' title='bbox 3197 1211 3304 1264; x_wconf 82' lang='grc' dir='ltr'><strong>τῶν</strong></span> <span class='ocrx_word' id='word_1_171' title='bbox 3333 1209 3580 1279; x_wconf 76' lang='grc' dir='ltr'><strong>ἐσχάτων</strong></span> <span class='ocrx_word' id='word_1_172' title='bbox 3615 1207 3716 1274; x_wconf 74' lang='grc' dir='ltr'><strong>τῆς</strong></span> 
     </span>
    </p>
   </div>
   <div class='ocr_carea' id='block_1_28' title="bbox 2137 1301 3718 1382">
    <p class='ocr_par' dir='ltr' id='par_1_28' title="bbox 2137 1301 3718 1382">
     <span class='ocr_line' id='line_1_28' title="bbox 2137 1301 3718 1382; baseline -0.011 -16"><span class='ocrx_word' id='word_1_173' title='bbox 2137 1317 2263 1382; x_wconf 83' lang='grc' dir='ltr'>γῆς,</span> <span class='ocrx_word' id='word_1_174' title='bbox 2291 1314 2319 1365; x_wconf 87' lang='grc' dir='ltr'>ὁ</span> <span class='ocrx_word' id='word_1_175' title='bbox 2343 1313 2440 1380; x_wconf 85' lang='grc' dir='ltr'><strong>τῆς</strong></span> <span class='ocrx_word' id='word_1_176' title='bbox 2467 1310 2735 1378; x_wconf 79' lang='grc' dir='ltr'><strong>πονηρίας</strong></span> <span class='ocrx_word' id='word_1_177' title='bbox 2761 1303 2894 1378; x_wconf 80' lang='grc' dir='ltr'>ἦχος</span> <span class='ocrx_word' id='word_1_178' title='bbox 2933 1307 3041 1360; x_wconf 84' lang='grc' dir='ltr'>τῶν</span> <span class='ocrx_word' id='word_1_179' title='bbox 3073 1305 3172 1375; x_wconf 78' lang='grc' dir='ltr'><strong>τὴν</strong></span> <span class='ocrx_word' id='word_1_180' title='bbox 3204 1301 3469 1355; x_wconf 85' lang='grc' dir='ltr'>Ἰουδαίαν</span> <span class='ocrx_word' id='word_1_181' title='bbox 3500 1301 3718 1353; x_wconf 71' lang='grc' dir='ltr'>οἱκούνσ</span> 
     </span>
    </p>
   </div>
   <div class='ocr_carea' id='block_1_29' title="bbox 2136 1393 3712 1468">
    <p class='ocr_par' dir='ltr' id='par_1_29' title="bbox 2136 1393 3712 1468">
     <span class='ocr_line' id='line_1_29' title="bbox 2136 1393 3712 1468; baseline -0.008 -12"><span class='ocrx_word' id='word_1_182' title='bbox 2136 1421 2262 1465; x_wconf 87' lang='grc' dir='ltr'>των,</span> <span class='ocrx_word' id='word_1_183' title='bbox 2302 1403 2391 1456; x_wconf 79' lang='grc' dir='ltr'>διὰ</span> <span class='ocrx_word' id='word_1_184' title='bbox 2420 1419 2582 1454; x_wconf 86' lang='grc' dir='ltr'>τινων</span> <span class='ocrx_word' id='word_1_185' title='bbox 2616 1396 2803 1468; x_wconf 79' lang='grc' dir='ltr'>ὥσπερ</span> <span class='ocrx_word' id='word_1_186' title='bbox 2842 1397 3155 1467; x_wconf 83' lang='grc' dir='ltr'>ἱπταμένων</span> <span class='ocrx_word' id='word_1_187' title='bbox 3189 1394 3388 1448; x_wconf 83' lang='grc' dir='ltr'>πλοίων</span> <span class='ocrx_word' id='word_1_188' title='bbox 3419 1393 3712 1465; x_wconf 80' lang='grc' dir='ltr'>προῆλθεν·</span> 
     </span>
    </p>
   </div>
   <div class='ocr_carea' id='block_1_30' title="bbox 2136 1487 3718 1557">
    <p class='ocr_par' dir='ltr' id='par_1_30' title="bbox 2136 1487 3718 1557">
     <span class='ocr_line' id='line_1_30' title="bbox 2136 1487 3718 1557; baseline -0.008 -9"><span class='ocrx_word' id='word_1_189' title='bbox 2136 1495 2191 1548; x_wconf 84' lang='grc' dir='ltr'><strong>οῖ</strong></span> <span class='ocrx_word' id='word_1_190' title='bbox 2220 1512 2279 1547; x_wconf 90' lang='grc' dir='ltr'><strong>τε</strong></span> <span class='ocrx_word' id='word_1_191' title='bbox 2313 1494 2600 1547; x_wconf 81' lang='grc' dir='ltr'>ἀπόστολοι</span> <span class='ocrx_word' id='word_1_192' title='bbox 2628 1493 2830 1557; x_wconf 79' lang='grc' dir='ltr'>αὐτῶν,</span> <span class='ocrx_word' id='word_1_193' title='bbox 2854 1490 3145 1550; x_wconf 69' lang='grc' dir='ltr'>ἐπιστολὰς</span> <span class='ocrx_word' id='word_1_194' title='bbox 3179 1487 3421 1557; x_wconf 81' lang='grc' dir='ltr'>βιϐλίνας</span> <span class='ocrx_word' id='word_1_195' title='bbox 3460 1487 3718 1552; x_wconf 75' lang='grc' dir='ltr'><strong>ἐπικομιο</strong></span> 
     </span>
    </p>
   </div>
   <div class='ocr_carea' id='block_1_31' title="bbox 2140 1578 3716 1657">
    <p class='ocr_par' dir='ltr' id='par_1_31' title="bbox 2140 1578 3716 1657">
     <span class='ocr_line' id='line_1_31' title="bbox 2140 1578 3716 1657; baseline -0.009 -17"><span class='ocrx_word' id='word_1_196' title='bbox 2140 1588 2380 1657; x_wconf 78' lang='grc' dir='ltr'>ζόμενοι,</span> <span class='ocrx_word' id='word_1_197' title='bbox 2409 1587 2667 1657; x_wconf 84' lang='grc' dir='ltr'>ὑπεράνω</span> <span class='ocrx_word' id='word_1_198' title='bbox 2696 1604 2753 1638; x_wconf 93' lang='grc' dir='ltr'>τε</span> <span class='ocrx_word' id='word_1_199' title='bbox 2784 1584 2893 1637; x_wconf 85' lang='grc' dir='ltr'>τῶν</span> <span class='ocrx_word' id='word_1_200' title='bbox 2921 1584 3130 1636; x_wconf 76' lang='grc' dir='ltr'>ὑδάτων</span> <span class='ocrx_word' id='word_1_201' title='bbox 3161 1578 3590 1648; x_wconf 86' lang='grc' dir='ltr'>ναυτιλλόμενοι,</span> <span class='ocrx_word' id='word_1_202' title='bbox 3623 1579 3716 1628; x_wconf 74' lang='grc' dir='ltr'><strong>καὶ</strong></span> 
     </span>
    </p>
   </div>
   <div class='ocr_carea' id='block_1_32' title="bbox 2139 1659 3717 1749">
    <p class='ocr_par' dir='ltr' id='par_1_32' title="bbox 2139 1659 3717 1749">
     <span class='ocr_line' id='line_1_32' title="bbox 2139 1659 3717 1749; baseline -0.01 -17"><span class='ocrx_word' id='word_1_203' title='bbox 2139 1679 2236 1749; x_wconf 80' lang='grc' dir='ltr'><strong>τὴν</strong></span> <span class='ocrx_word' id='word_1_204' title='bbox 2300 1679 2576 1733; x_wconf 81' lang='grc' dir='ltr'>θάλασσαν</span> <span class='ocrx_word' id='word_1_205' title='bbox 2619 1659 2909 1741; x_wconf 59' lang='grc' dir='ltr'>πλέοντες,</span> <span class='ocrx_word' id='word_1_206' title='bbox 2948 1673 3224 1743; x_wconf 83' lang='grc' dir='ltr'>πανταχοῦ</span> <span class='ocrx_word' id='word_1_207' title='bbox 3277 1673 3380 1740; x_wconf 75' lang='grc' dir='ltr'><strong>γῆς</strong></span> <span class='ocrx_word' id='word_1_208' title='bbox 3416 1669 3717 1739; x_wconf 80' lang='grc' dir='ltr'><strong>διέτρεχον,</strong></span> 
     </span>
    </p>
   </div>
   <div class='ocr_carea' id='block_1_33' title="bbox 2138 1761 3718 1842">
    <p class='ocr_par' dir='ltr' id='par_1_33' title="bbox 2138 1761 3718 1842">
     <span class='ocr_line' id='line_1_33' title="bbox 2138 1761 3718 1842; baseline -0.008 -18"><span class='ocrx_word' id='word_1_209' title='bbox 2138 1773 2233 1824; x_wconf 73' lang='grc' dir='ltr'>τὸν</span> <span class='ocrx_word' id='word_1_210' title='bbox 2269 1774 2399 1842; x_wconf 69' lang='grc' dir='ltr'>περὶ</span> <span class='ocrx_word' id='word_1_211' title='bbox 2432 1771 2527 1824; x_wconf 84' lang='grc' dir='ltr'><strong>τοῦ</strong></span> <span class='ocrx_word' id='word_1_212' title='bbox 2584 1773 2836 1841; x_wconf 81' lang='grc' dir='ltr'><strong>Σωτῆρος</strong></span> <span class='ocrx_word' id='word_1_213' title='bbox 2890 1769 3048 1840; x_wconf 81' lang='grc' dir='ltr'>ἡμῶν</span> <span class='ocrx_word' id='word_1_214' title='bbox 3105 1765 3484 1825; x_wconf 79' lang='grc' dir='ltr'>διαϐάλλοντες</span> <span class='ocrx_word' id='word_1_215' title='bbox 3537 1761 3718 1828; x_wconf 79' lang='grc' dir='ltr'>λόγον.</span> 
     </span>
    </p>
   </div>
   <div class='ocr_carea' id='block_1_34' title="bbox 465 1850 2045 1942">
    <p class='ocr_par' dir='ltr' id='par_1_34' title="bbox 465 1865 2037 1942">
     <span class='ocr_line' id='line_1_34' title="bbox 465 1865 2037 1942; baseline -0.005 -16"><span class='ocrx_word' id='word_1_216' title='bbox 465 1881 548 1926; x_wconf 90' lang='lat' dir='ltr'><strong>tes</strong></span> <span class='ocrx_word' id='word_1_217' title='bbox 617 1870 732 1942; x_wconf 69' lang='grc'><strong>(42)</strong></span> <span class='ocrx_word' id='word_1_218' title='bbox 798 1869 999 1940; x_wconf 90' lang='lat' dir='ltr'><strong>ubique</strong></span> <span class='ocrx_word' id='word_1_219' title='bbox 1054 1878 1328 1923; x_wconf 87' lang='lat' dir='ltr'><strong>terrarum</strong></span> <span class='ocrx_word' id='word_1_220' title='bbox 1379 1865 1729 1932; x_wconf 85' lang='lat' dir='ltr'><strong>discurrisse,</strong></span> <span class='ocrx_word' id='word_1_221' title='bbox 1804 1879 1927 1934; x_wconf 77' lang='lat' dir='ltr'><strong>qua:</strong></span> <span class='ocrx_word' id='word_1_222' title='bbox 1970 1865 2037 1919; x_wconf 94' lang='lat' dir='ltr'><strong>de</strong></span> 
     </span>
    </p>
   </div>
   <div class='ocr_carea' id='block_1_35' title="bbox 2146 1850 3722 1942">
    <p class='ocr_par' dir='ltr' id='par_1_35' title="bbox 2146 1853 3722 1925">
     <span class='ocr_line' id='line_1_35' title="bbox 2146 1853 3722 1925; baseline -0.008 -9"><span class='ocrx_word' id='word_1_223' title='bbox 2146 1864 2500 1925; x_wconf 83' lang='grc' dir='ltr'>Ἀποστόλους</span> <span class='ocrx_word' id='word_1_224' title='bbox 2539 1863 2595 1916; x_wconf 81' lang='grc' dir='ltr'>δὲ</span> <span class='ocrx_word' id='word_1_225' title='bbox 2623 1864 2702 1925; x_wconf 86' lang='grc' dir='ltr'>εἰς</span> <span class='ocrx_word' id='word_1_226' title='bbox 2733 1864 2814 1915; x_wconf 72' lang='grc' dir='ltr'><strong>ἔτι</strong></span> <span class='ocrx_word' id='word_1_227' title='bbox 2845 1863 2941 1915; x_wconf 71' lang='grc' dir='ltr'>καὶ</span> <span class='ocrx_word' id='word_1_228' title='bbox 2987 1860 3083 1913; x_wconf 83' lang='grc' dir='ltr'><strong>νῦν</strong></span> <span class='ocrx_word' id='word_1_229' title='bbox 3111 1859 3232 1922; x_wconf 72' lang='grc' dir='ltr'>ἔθος</span> <span class='ocrx_word' id='word_1_230' title='bbox 3266 1857 3414 1910; x_wconf 73' lang='grc' dir='ltr'>ἐστὶν</span> <span class='ocrx_word' id='word_1_231' title='bbox 3439 1853 3722 1913; x_wconf 80' lang='grc' dir='ltr'>Ἰουδαίοις</span> 
     </span>
    </p>
   </div>
   <div class='ocr_carea' id='block_1_36' title="bbox 466 1959 2034 2024">
    <p class='ocr_par' dir='ltr' id='par_1_36' title="bbox 466 1959 2034 2024">
     <span class='ocr_line' id='line_1_36' title="bbox 466 1959 2034 2024; baseline -0.005 -6"><span class='ocrx_word' id='word_1_232' title='bbox 466 1964 754 2019; x_wconf 75' lang='lat' dir='ltr'><strong>Salvatore</strong></span> <span class='ocrx_word' id='word_1_233' title='bbox 801 1972 993 2017; x_wconf 86' lang='lat' dir='ltr'><strong>nostro</strong></span> <span class='ocrx_word' id='word_1_234' title='bbox 1047 1960 1539 2024; x_wconf 84' lang='lat' dir='ltr'><strong>annuntiabantur,</strong></span> <span class='ocrx_word' id='word_1_235' title='bbox 1609 1959 2034 2012; x_wconf 82' lang='lat' dir='ltr'><strong>calumniantes.</strong></span> 
     </span>
    </p>
   </div>
   <div class='ocr_carea' id='block_1_37' title="bbox 463 2046 2045 2119">
    <p class='ocr_par' dir='ltr' id='par_1_37' title="bbox 463 2046 2045 2119">
     <span class='ocr_line' id='line_1_37' title="bbox 463 2046 2045 2119; baseline -0.001 -16"><span class='ocrx_word' id='word_1_236' title='bbox 463 2048 738 2104; x_wconf 72' lang='lat' dir='ltr'><strong>Caeterum</strong></span> <span class='ocrx_word' id='word_1_237' title='bbox 773 2051 938 2104; x_wconf 91' lang='lat' dir='ltr'><strong>etiam</strong></span> <span class='ocrx_word' id='word_1_238' title='bbox 966 2066 1111 2104; x_wconf 92' lang='lat' dir='ltr'><strong>nunc</strong></span> <span class='ocrx_word' id='word_1_239' title='bbox 1138 2049 1308 2104; x_wconf 90' lang='lat' dir='ltr'><strong>moris</strong></span> <span class='ocrx_word' id='word_1_240' title='bbox 1337 2059 1420 2102; x_wconf 88' lang='lat' dir='ltr'><strong>est</strong></span> <span class='ocrx_word' id='word_1_241' title='bbox 1459 2047 1600 2119; x_wconf 91' lang='lat' dir='ltr'><strong>apud</strong></span> <span class='ocrx_word' id='word_1_242' title='bbox 1633 2046 1853 2103; x_wconf 63' lang='lat' dir='ltr'><strong>Judmos</strong></span> <span class='ocrx_word' id='word_1_243' title='bbox 1912 2062 2045 2116; x_wconf 88' lang='lat' dir='ltr'><strong>apo-</strong></span> 
     </span>
    </p>
   </div>
   <div class='ocr_carea' id='block_1_38' title="bbox 463 2139 2079 2212">
    <p class='ocr_par' dir='ltr' id='par_1_38' title="bbox 463 2139 2079 2212">
     <span class='ocr_line' id='line_1_38' title="bbox 463 2139 2079 2212; baseline -0.001 -18"><span class='ocrx_word' id='word_1_244' title='bbox 463 2140 635 2197; x_wconf 87' lang='lat' dir='ltr'><strong>stolos</strong></span> <span class='ocrx_word' id='word_1_245' title='bbox 677 2143 951 2212; x_wconf 86' lang='lat' dir='ltr'><strong>appellare</strong></span> <span class='ocrx_word' id='word_1_246' title='bbox 978 2155 1075 2198; x_wconf 89' lang='lat' dir='ltr'><strong>eos</strong></span> <span class='ocrx_word' id='word_1_247' title='bbox 1110 2141 1203 2212; x_wconf 88' lang='lat' dir='ltr'><strong>qui</strong></span> <span class='ocrx_word' id='word_1_248' title='bbox 1267 2139 1567 2196; x_wconf 86' lang='lat' dir='ltr'><strong>circulares</strong></span> <span class='ocrx_word' id='word_1_249' title='bbox 1614 2153 1839 2196; x_wconf 88' lang='lat' dir='ltr'><strong>suorum</strong></span> <span class='ocrx_word' id='word_1_250' title='bbox 1895 2139 2079 2210; x_wconf 86' lang='lat' dir='ltr'><strong>prin--</strong></span> 
     </span>
    </p>
   </div>
   <div class='ocr_carea' id='block_1_39' title="bbox 463 2234 1338 2305">
    <p class='ocr_par' dir='ltr' id='par_1_39' title="bbox 463 2234 1338 2305">
     <span class='ocr_line' id='line_1_39' title="bbox 463 2234 1338 2305; baseline 0.002 -19"><span class='ocrx_word' id='word_1_251' title='bbox 463 2235 645 2303; x_wconf 84' lang='lat' dir='ltr'><strong>(:ipum</strong></span> <span class='ocrx_word' id='word_1_252' title='bbox 721 2235 983 2305; x_wconf 79' lang='lat' dir='ltr'><strong>epistolas</strong></span> <span class='ocrx_word' id='word_1_253' title='bbox 1065 2234 1338 2289; x_wconf 79' lang='lat' dir='ltr'><strong>deferunt.</strong></span> 
     </span>
    </p>
   </div>
   <div class='ocr_carea' id='block_1_40' title="bbox 542 2311 2042 2397">
    <p class='ocr_par' dir='ltr' id='par_1_40' title="bbox 542 2311 2042 2397">
     <span class='ocr_line' id='line_1_40' title="bbox 542 2311 2042 2397; baseline 0.003 -19"><span class='ocrx_word' id='word_1_254' title='bbox 542 2346 561 2379; x_wconf 80' lang='grc' dir='ltr'>ι</span> <span class='ocrx_word' id='word_1_255' title='bbox 597 2327 740 2382; x_wconf 87' lang='lat' dir='ltr'><strong>Bene</strong></span> <span class='ocrx_word' id='word_1_256' title='bbox 773 2327 1009 2396; x_wconf 86' lang='lat' dir='ltr'><strong>Spiritus</strong></span> <span class='ocrx_word' id='word_1_257' title='bbox 1029 2334 1254 2382; x_wconf 88' lang='lat' dir='ltr'><strong>sanctus</strong></span> <span class='ocrx_word' id='word_1_258' title='bbox 1280 2326 1500 2383; x_wconf 87' lang='lat' dir='ltr'><strong>locutus</strong></span> <span class='ocrx_word' id='word_1_259' title='bbox 1520 2335 1627 2383; x_wconf 87' lang='lat' dir='ltr'><strong>est.</strong></span> <span class='ocrx_word' id='word_1_260' title='bbox 1657 2311 1676 2379; x_wconf 60' lang='grc' dir='ltr'>ι</span> <span class='ocrx_word' id='word_1_261' title='bbox 1706 2322 1780 2382; x_wconf 88' lang='lat' dir='ltr'><strong>Iis</strong></span> <span class='ocrx_word' id='word_1_262' title='bbox 1799 2326 1892 2396; x_wconf 91' lang='lat' dir='ltr'><strong>qui</strong></span> <span class='ocrx_word' id='word_1_263' title='bbox 1917 2323 2042 2397; x_wconf 91' lang='lat' dir='ltr'><strong>Spi-</strong></span> 
     </span>
    </p>
   </div>
   <div class='ocr_carea' id='block_1_41' title="bbox 466 2419 2042 2484">
    <p class='ocr_par' dir='ltr' id='par_1_41' title="bbox 466 2419 2042 2484">
     <span class='ocr_line' id='line_1_41' title="bbox 466 2419 2042 2484; baseline -0.001 -11"><span class='ocrx_word' id='word_1_264' title='bbox 466 2422 631 2474; x_wconf 87' lang='lat' dir='ltr'><strong>ritum</strong></span> <span class='ocrx_word' id='word_1_265' title='bbox 691 2427 941 2475; x_wconf 88' lang='lat' dir='ltr'><strong>sanctum</strong></span> <span class='ocrx_word' id='word_1_266' title='bbox 1002 2419 1182 2475; x_wconf 84' lang='lat' dir='ltr'><strong>Patris</strong></span> <span class='ocrx_word' id='word_1_267' title='bbox 1249 2420 1560 2474; x_wconf 82' lang='lat' dir='ltr'><strong>ministrum</strong></span> <span class='ocrx_word' id='word_1_268' title='bbox 1638 2435 1762 2476; x_wconf 90' lang='lat' dir='ltr'><strong>esse</strong></span> <span class='ocrx_word' id='word_1_269' title='bbox 1811 2420 2042 2484; x_wconf 92' lang='lat' dir='ltr'><strong>dicunt,</strong></span> 
     </span>
    </p>
   </div>
   <div class='ocr_carea' id='block_1_42' title="bbox 467 2511 2044 2583">
    <p class='ocr_par' dir='ltr' id='par_1_42' title="bbox 467 2511 2044 2583">
     <span class='ocr_line' id='line_1_42' title="bbox 467 2511 2044 2583; baseline -0.002 -15"><span class='ocrx_word' id='word_1_270' title='bbox 467 2514 666 2569; x_wconf 64' lang='lat' dir='ltr'><strong>lt-thale</strong></span> <span class='ocrx_word' id='word_1_271' title='bbox 717 2514 914 2569; x_wconf 83' lang='lat' dir='ltr'><strong>vulnus</strong></span> <span class='ocrx_word' id='word_1_272' title='bbox 962 2513 1051 2567; x_wconf 92' lang='lat' dir='ltr'><strong>hic</strong></span> <span class='ocrx_word' id='word_1_273' title='bbox 1082 2513 1280 2568; x_wconf 88' lang='lat' dir='ltr'><strong>Paulus</strong></span> <span class='ocrx_word' id='word_1_274' title='bbox 1312 2513 1527 2583; x_wconf 84' lang='lat' dir='ltr'><strong>inﬂigit.</strong></span> <span class='ocrx_word' id='word_1_275' title='bbox 1552 2511 1841 2568; x_wconf 89' lang='lat' dir='ltr'><strong>Dominum</strong></span> <span class='ocrx_word' id='word_1_276' title='bbox 1872 2513 2044 2579; x_wconf 89' lang='lat' dir='ltr'><strong>enim,</strong></span> 
     </span>
    </p>
   </div>
   <div class='ocr_carea' id='block_1_43' title="bbox 466 2605 2045 2676">
    <p class='ocr_par' dir='ltr' id='par_1_43' title="bbox 466 2605 2045 2676">
     <span class='ocr_line' id='line_1_43' title="bbox 466 2605 2045 2676; baseline -0.001 -18"><span class='ocrx_word' id='word_1_277' title='bbox 466 2621 629 2675; x_wconf 81' lang='lat' dir='ltr'><strong>quem</strong></span> <span class='ocrx_word' id='word_1_278' title='bbox 690 2605 864 2660; x_wconf 82' lang='lat' dir='ltr'><strong>Isaias</strong></span> <span class='ocrx_word' id='word_1_279' title='bbox 926 2605 1065 2660; x_wconf 86' lang='lat' dir='ltr'><strong>vidit</strong></span> <span class='ocrx_word' id='word_1_280' title='bbox 1131 2608 1412 2660; x_wconf 89' lang='lat' dir='ltr'><strong>sedentem</strong></span> <span class='ocrx_word' id='word_1_281' title='bbox 1468 2626 1486 2656; x_wconf 81' lang='grc' dir='ltr'>ι</span> <span class='ocrx_word' id='word_1_282' title='bbox 1555 2621 1721 2676; x_wconf 86' lang='lat' dir='ltr'><strong>supra</strong></span> <span class='ocrx_word' id='word_1_283' title='bbox 1787 2605 2045 2659; x_wconf 83' lang='lat' dir='ltr'><strong>thronum</strong></span> 
     </span>
    </p>
   </div>
   <div class='ocr_carea' id='block_1_44' title="bbox 458 2693 2047 2763">
    <p class='ocr_par' dir='ltr' id='par_1_44' title="bbox 458 2693 2047 2763">
     <span class='ocr_line' id='line_1_44' title="bbox 458 2693 2047 2763; baseline -0.001 -13"><span class='ocrx_word' id='word_1_284' title='bbox 458 2697 745 2751; x_wconf 81' lang='lat' dir='ltr'><strong>excelsum</strong></span> <span class='ocrx_word' id='word_1_285' title='bbox 795 2696 879 2759; x_wconf 80' lang='grc'><strong>⁸³,</strong></span> <span class='ocrx_word' id='word_1_286' title='bbox 923 2715 941 2748; x_wconf 74' lang='grc' dir='ltr'>ι</span> <span class='ocrx_word' id='word_1_287' title='bbox 1003 2697 1108 2751; x_wconf 91' lang='lat' dir='ltr'><strong>hoc</strong></span> <span class='ocrx_word' id='word_1_288' title='bbox 1165 2696 1286 2751; x_wconf 91' lang='lat' dir='ltr'><strong>loco</strong></span> <span class='ocrx_word' id='word_1_289' title='bbox 1343 2693 1606 2763; x_wconf 80' lang='lat' dir='ltr'><strong>Spiritum</strong></span> <span class='ocrx_word' id='word_1_290' title='bbox 1667 2703 1916 2751; x_wconf 74' lang='lat' dir='ltr'><strong>sanctum</strong></span> <span class='ocrx_word' id='word_1_291' title='bbox 1963 2695 2047 2749; x_wconf 93' lang='lat' dir='ltr'><strong>di-</strong></span> 
     </span>
    </p>
   </div>
   <div class='ocr_carea' id='block_1_45' title="bbox 468 2789 2044 2864">
    <p class='ocr_par' dir='ltr' id='par_1_45' title="bbox 468 2789 2044 2864">
     <span class='ocr_line' id='line_1_45' title="bbox 468 2789 2044 2864; baseline 0.001 -19"><span class='ocrx_word' id='word_1_292' title='bbox 468 2794 543 2846; x_wconf 87' lang='lat' dir='ltr'><strong>cit</strong></span> <span class='ocrx_word' id='word_1_293' title='bbox 576 2808 588 2846; x_wconf 89' lang='lat'>:</span> <span class='ocrx_word' id='word_1_294' title='bbox 623 2793 1113 2848; x_wconf 86' lang='lat' dir='ltr'><strong>consubstantialis</strong></span> <span class='ocrx_word' id='word_1_295' title='bbox 1135 2803 1221 2848; x_wconf 88' lang='lat' dir='ltr'><strong>est</strong></span> <span class='ocrx_word' id='word_1_296' title='bbox 1265 2793 1434 2864; x_wconf 78' lang='lat' dir='ltr'><strong>igitur</strong></span> <span class='ocrx_word' id='word_1_297' title='bbox 1486 2789 1632 2848; x_wconf 84' lang='lat' dir='ltr'><strong>Patri</strong></span> <span class='ocrx_word' id='word_1_298' title='bbox 1691 2801 1745 2848; x_wconf 88' lang='lat' dir='ltr'><strong>et</strong></span> <span class='ocrx_word' id='word_1_299' title='bbox 1777 2790 1940 2860; x_wconf 86' lang='lat' dir='ltr'><strong>Filio,</strong></span> <span class='ocrx_word' id='word_1_300' title='bbox 1988 2801 2044 2848; x_wconf 85' lang='lat' dir='ltr'><strong>et</strong></span> 
     </span>
    </p>
   </div>
   <div class='ocr_carea' id='block_1_46' title="bbox 470 2885 2044 2955">
    <p class='ocr_par' dir='ltr' id='par_1_46' title="bbox 470 2885 2044 2955">
     <span class='ocr_line' id='line_1_46' title="bbox 470 2885 2044 2955; baseline 0.001 -16"><span class='ocrx_word' id='word_1_301' title='bbox 470 2885 718 2954; x_wconf 87' lang='lat' dir='ltr'><strong>ejusdem</strong></span> <span class='ocrx_word' id='word_1_302' title='bbox 762 2901 888 2940; x_wconf 90' lang='lat' dir='ltr'><strong>cum</strong></span> <span class='ocrx_word' id='word_1_303' title='bbox 927 2893 1162 2955; x_wconf 87' lang='lat' dir='ltr'><strong>utroque</strong></span> <span class='ocrx_word' id='word_1_304' title='bbox 1211 2886 1523 2955; x_wconf 84' lang='lat' dir='ltr'><strong>potestatis.</strong></span> <span class='ocrx_word' id='word_1_305' title='bbox 1569 2887 1660 2941; x_wconf 85' lang='lat' dir='ltr'><strong>Ait</strong></span> <span class='ocrx_word' id='word_1_306' title='bbox 1717 2901 1871 2953; x_wconf 89' lang='lat' dir='ltr'><strong>vero,</strong></span> <span class='ocrx_word' id='word_1_307' title='bbox 1916 2899 2044 2955; x_wconf 87' lang='lat' dir='ltr'><strong>pro-</strong></span> 
     </span>
    </p>
   </div>
   <div class='ocr_carea' id='block_1_47' title="bbox 472 2975 2041 3048">
    <p class='ocr_par' dir='ltr' id='par_1_47' title="bbox 472 2975 2041 3048">
     <span class='ocr_line' id='line_1_47' title="bbox 472 2975 2041 3048; baseline 0 -17"><span class='ocrx_word' id='word_1_308' title='bbox 472 2979 687 3047; x_wconf 87' lang='lat' dir='ltr'><strong>pln-tam</strong></span> <span class='ocrx_word' id='word_1_309' title='bbox 721 2978 987 3034; x_wconf 89' lang='lat' dir='ltr'><strong>divinitus</strong></span> <span class='ocrx_word' id='word_1_310' title='bbox 1038 2975 1365 3048; x_wconf 89' lang='lat' dir='ltr'><strong>iuspiratum</strong></span> <span class='ocrx_word' id='word_1_311' title='bbox 1402 2979 1611 3034; x_wconf 92' lang='lat' dir='ltr'><strong>dictum</strong></span> <span class='ocrx_word' id='word_1_312' title='bbox 1648 2978 1754 3034; x_wconf 92' lang='lat' dir='ltr'><strong>hoc</strong></span> <span class='ocrx_word' id='word_1_313' title='bbox 1789 2978 1860 3033; x_wconf 87' lang='lat' dir='ltr'><strong>de</strong></span> <span class='ocrx_word' id='word_1_314' title='bbox 1911 2977 2041 3034; x_wconf 84' lang='lat' dir='ltr'><strong>.lesu</strong></span> 
     </span>
    </p>
   </div>
   <div class='ocr_carea' id='block_1_48' title="bbox 474 3063 2042 3139">
    <p class='ocr_par' dir='ltr' id='par_1_48' title="bbox 474 3063 2042 3139">
     <span class='ocr_line' id='line_1_48' title="bbox 474 3063 2042 3139; baseline -0.001 -18"><span class='ocrx_word' id='word_1_315' title='bbox 474 3069 793 3138; x_wconf 90' lang='lat' dir='ltr'><strong>protulisse.</strong></span> <span class='ocrx_word' id='word_1_316' title='bbox 826 3066 1280 3137; x_wconf 84' lang='lat' dir='ltr'><strong>Quandoquidem</strong></span> <span class='ocrx_word' id='word_1_317' title='bbox 1328 3063 1596 3124; x_wconf 85' lang='lat' dir='ltr'><strong>Judaicus</strong></span> <span class='ocrx_word' id='word_1_318' title='bbox 1649 3069 1889 3139; x_wconf 90' lang='lat' dir='ltr'><strong>populus</strong></span> <span class='ocrx_word' id='word_1_319' title='bbox 1914 3065 2042 3120; x_wconf 81' lang='lat' dir='ltr'><strong>Jesu</strong></span> 
     </span>
    </p>
   </div>
   <div class='ocr_carea' id='block_1_49' title="bbox 471 3159 2050 3227">
    <p class='ocr_par' dir='ltr' id='par_1_49' title="bbox 471 3159 2050 3227">
     <span class='ocr_line' id='line_1_49' title="bbox 471 3159 2050 3227; baseline -0.003 -11"><span class='ocrx_word' id='word_1_320' title='bbox 471 3161 677 3216; x_wconf 90' lang='lat' dir='ltr'><strong>Christi</strong></span> <span class='ocrx_word' id='word_1_321' title='bbox 703 3162 868 3215; x_wconf 87' lang='lat' dir='ltr'><strong>verba</strong></span> <span class='ocrx_word' id='word_1_322' title='bbox 903 3160 1138 3227; x_wconf 84' lang='lat' dir='ltr'><strong>audivit,</strong></span> <span class='ocrx_word' id='word_1_323' title='bbox 1191 3160 1284 3215; x_wconf 82' lang='lat' dir='ltr'><strong>sed</strong></span> <span class='ocrx_word' id='word_1_324' title='bbox 1323 3176 1428 3215; x_wconf 91' lang='lat' dir='ltr'><strong>non</strong></span> <span class='ocrx_word' id='word_1_325' title='bbox 1457 3161 1750 3225; x_wconf 84' lang='lat' dir='ltr'><strong>intellexit,</strong></span> <span class='ocrx_word' id='word_1_326' title='bbox 1783 3169 1838 3213; x_wconf 91' lang='lat' dir='ltr'><strong>et</strong></span> <span class='ocrx_word' id='word_1_327' title='bbox 1858 3159 2050 3213; x_wconf 86' lang='lat' dir='ltr'><strong>videns</strong></span> 
     </span>
    </p>
   </div>
   <div class='ocr_carea' id='block_1_50' title="bbox 474 3236 2117 3324">
    <p class='ocr_par' dir='ltr' id='par_1_50' title="bbox 474 3236 2117 3324">
     <span class='ocr_line' id='line_1_50' title="bbox 474 3236 2117 3324; baseline -0.002 -17"><span class='ocrx_word' id='word_1_328' title='bbox 474 3255 543 3307; x_wconf 86' lang='lat' dir='ltr'><strong>ab</strong></span> <span class='ocrx_word' id='word_1_329' title='bbox 573 3268 635 3308; x_wconf 91' lang='lat' dir='ltr'><strong>eo</strong></span> <span class='ocrx_word' id='word_1_330' title='bbox 658 3260 811 3324; x_wconf 88' lang='lat' dir='ltr'><strong>gesta</strong></span> <span class='ocrx_word' id='word_1_331' title='bbox 849 3260 1121 3321; x_wconf 90' lang='lat' dir='ltr'><strong>portenta,</strong></span> <span class='ocrx_word' id='word_1_332' title='bbox 1184 3267 1292 3306; x_wconf 92' lang='lat' dir='ltr'><strong>non</strong></span> <span class='ocrx_word' id='word_1_333' title='bbox 1347 3250 1738 3322; x_wconf 87' lang='lat' dir='ltr'><strong>perspiciebat.</strong></span> <span class='ocrx_word' id='word_1_334' title='bbox 1789 3247 1926 3302; x_wconf 83' lang='lat' dir='ltr'><strong>Nam</strong></span> <span class='ocrx_word' id='word_1_335' title='bbox 1977 3249 2043 3303; x_wconf 90' lang='lat' dir='ltr'><strong>ad</strong></span> <span class='ocrx_word' id='word_1_336' title='bbox 2075 3236 2117 3290; x_wconf 65' lang='grc' dir='ltr'><strong>(ἶ</strong></span> 
     </span>
    </p>
   </div>
   <div class='ocr_carea' id='block_1_51' title="bbox 476 3341 2048 3414">
    <p class='ocr_par' dir='ltr' id='par_1_51' title="bbox 476 3341 2048 3414">
     <span class='ocr_line' id='line_1_51' title="bbox 476 3341 2048 3414; baseline -0.003 -16"><span class='ocrx_word' id='word_1_337' title='bbox 476 3346 722 3398; x_wconf 82' lang='lat' dir='ltr'><strong>futurum</strong></span> <span class='ocrx_word' id='word_1_338' title='bbox 757 3357 971 3414; x_wconf 90' lang='lat' dir='ltr'><strong>tempus</strong></span> <span class='ocrx_word' id='word_1_339' title='bbox 1003 3345 1208 3398; x_wconf 87' lang='lat' dir='ltr'><strong>dictum</strong></span> <span class='ocrx_word' id='word_1_340' title='bbox 1255 3343 1392 3397; x_wconf 89' lang='lat' dir='ltr'><strong>illud</strong></span> <span class='ocrx_word' id='word_1_341' title='bbox 1424 3342 1692 3406; x_wconf 85' lang='lat' dir='ltr'><strong>referens,</strong></span> <span class='ocrx_word' id='word_1_342' title='bbox 1744 3342 1950 3396; x_wconf 88' lang='lat' dir='ltr'><strong>indicat</strong></span> <span class='ocrx_word' id='word_1_343' title='bbox 1980 3341 2048 3394; x_wconf 88' lang='lat' dir='ltr'><strong>ad</strong></span> 
     </span>
    </p>
   </div>
   <div class='ocr_carea' id='block_1_52' title="bbox 472 3433 2050 3506">
    <p class='ocr_par' dir='ltr' id='par_1_52' title="bbox 472 3433 2050 3506">
     <span class='ocr_line' id='line_1_52' title="bbox 472 3433 2050 3506; baseline -0.005 -14"><span class='ocrx_word' id='word_1_344' title='bbox 472 3438 579 3492; x_wconf 87' lang='lat' dir='ltr'><strong>alia</strong></span> <span class='ocrx_word' id='word_1_345' title='bbox 613 3447 856 3506; x_wconf 88' lang='lat' dir='ltr'><strong>tempora</strong></span> <span class='ocrx_word' id='word_1_346' title='bbox 882 3450 946 3491; x_wconf 91' lang='lat' dir='ltr'><strong>ea</strong></span> <span class='ocrx_word' id='word_1_347' title='bbox 973 3450 1094 3504; x_wconf 76' lang='lat' dir='ltr'><strong>quae</strong></span> <span class='ocrx_word' id='word_1_348' title='bbox 1147 3434 1281 3489; x_wconf 89' lang='lat' dir='ltr'><strong>inibi</strong></span> <span class='ocrx_word' id='word_1_349' title='bbox 1317 3433 1714 3504; x_wconf 81' lang='lat' dir='ltr'><strong>prephetantur</strong></span> <span class='ocrx_word' id='word_1_350' title='bbox 1752 3441 2050 3501; x_wconf 85' lang='lat' dir='ltr'><strong>spectasse.</strong></span> 
     </span>
    </p>
   </div>
   <div class='ocr_carea' id='block_1_53' title="bbox 475 3524 2052 3594">
    <p class='ocr_par' dir='ltr' id='par_1_53' title="bbox 475 3524 2052 3594">
     <span class='ocr_line' id='line_1_53' title="bbox 475 3524 2052 3594; baseline -0.005 -11"><span class='ocrx_word' id='word_1_351' title='bbox 475 3529 868 3584; x_wconf 85' lang='lat' dir='ltr'><strong>Animadverte</strong></span> <span class='ocrx_word' id='word_1_352' title='bbox 901 3543 1034 3583; x_wconf 90' lang='lat' dir='ltr'><strong>vero</strong></span> <span class='ocrx_word' id='word_1_353' title='bbox 1063 3536 1385 3582; x_wconf 82' lang='lat' dir='ltr'><strong>accuratum</strong></span> <span class='ocrx_word' id='word_1_354' title='bbox 1449 3524 1689 3594; x_wconf 87' lang='lat' dir='ltr'><strong>Spiritus</strong></span> <span class='ocrx_word' id='word_1_355' title='bbox 1745 3524 1921 3578; x_wconf 88' lang='lat' dir='ltr'><strong>sancti</strong></span> <span class='ocrx_word' id='word_1_356' title='bbox 1972 3524 2052 3576; x_wconf 82' lang='lat' dir='ltr'><strong>lo-</strong></span> 
     </span>
    </p>
   </div>
   <div class='ocr_carea' id='block_1_54' title="bbox 475 3617 2050 3694">
    <p class='ocr_par' dir='ltr' id='par_1_54' title="bbox 475 3617 2050 3694">
     <span class='ocr_line' id='line_1_54' title="bbox 475 3617 2050 3694; baseline -0.005 -18"><span class='ocrx_word' id='word_1_357' title='bbox 475 3623 678 3694; x_wconf 86' lang='lat' dir='ltr'><strong>quendi</strong></span> <span class='ocrx_word' id='word_1_358' title='bbox 703 3622 945 3677; x_wconf 86' lang='lat' dir='ltr'><strong>modum.</strong></span> <span class='ocrx_word' id='word_1_359' title='bbox 977 3619 1097 3674; x_wconf 88' lang='lat' dir='ltr'><strong>Non</strong></span> <span class='ocrx_word' id='word_1_360' title='bbox 1131 3621 1277 3675; x_wconf 91' lang='lat' dir='ltr'><strong>enim</strong></span> <span class='ocrx_word' id='word_1_361' title='bbox 1330 3617 1470 3673; x_wconf 81' lang='lat' dir='ltr'><strong>dixit</strong></span> <span class='ocrx_word' id='word_1_362' title='bbox 1525 3619 1779 3673; x_wconf 86' lang='lat' dir='ltr'><strong>absolute</strong></span> <span class='ocrx_word' id='word_1_363' title='bbox 1829 3617 1895 3671; x_wconf 90' lang='lat' dir='ltr'><strong>Et</strong></span> <span class='ocrx_word' id='word_1_364' title='bbox 1943 3630 2050 3669; x_wconf 91' lang='lat' dir='ltr'><strong>non</strong></span> 
     </span>
    </p>
   </div>
   <div class='ocr_carea' id='block_1_55' title="bbox 480 3709 2047 3781">
    <p class='ocr_par' dir='ltr' id='par_1_55' title="bbox 480 3709 2047 3781">
     <span class='ocr_line' id='line_1_55' title="bbox 480 3709 2047 3781; baseline -0.004 -15"><span class='ocrx_word' id='word_1_365' title='bbox 480 3714 754 3778; x_wconf 83' lang='lat' dir='ltr'><strong>videbitis,</strong></span> <span class='ocrx_word' id='word_1_366' title='bbox 807 3715 900 3769; x_wconf 88' lang='lat' dir='ltr'><strong>sed</strong></span> <span class='ocrx_word' id='word_1_367' title='bbox 975 3733 994 3766; x_wconf 79' lang='grc' dir='ltr'>ι</span> <span class='ocrx_word' id='word_1_368' title='bbox 1031 3713 1318 3779; x_wconf 81' lang='lat' dir='ltr'><strong>Videbitis,</strong></span> <span class='ocrx_word' id='word_1_369' title='bbox 1355 3723 1410 3769; x_wconf 92' lang='lat' dir='ltr'><strong>et</strong></span> <span class='ocrx_word' id='word_1_370' title='bbox 1462 3729 1571 3768; x_wconf 92' lang='lat' dir='ltr'><strong>non</strong></span> <span class='ocrx_word' id='word_1_371' title='bbox 1622 3709 1987 3781; x_wconf 87' lang='lat' dir='ltr'><strong>perspicietis.</strong></span> <span class='ocrx_word' id='word_1_372' title='bbox 2029 3727 2047 3760; x_wconf 75' lang='grc' dir='ltr'>ι</span> 
     </span>
    </p>
   </div>
   <div class='ocr_carea' id='block_1_56' title="bbox 473 3799 2054 3876">
    <p class='ocr_par' dir='ltr' id='par_1_56' title="bbox 473 3799 2054 3876">
     <span class='ocr_line' id='line_1_56' title="bbox 473 3799 2054 3876; baseline -0.006 -16"><span class='ocrx_word' id='word_1_373' title='bbox 473 3807 677 3876; x_wconf 88' lang='lat' dir='ltr'><strong>Sicque</strong></span> <span class='ocrx_word' id='word_1_374' title='bbox 706 3821 812 3860; x_wconf 90' lang='lat' dir='ltr'><strong>non</strong></span> <span class='ocrx_word' id='word_1_375' title='bbox 839 3805 994 3872; x_wconf 79' lang='lat' dir='ltr'><strong>dixit,</strong></span> <span class='ocrx_word' id='word_1_376' title='bbox 1038 3804 1156 3860; x_wconf 82' lang='lat' dir='ltr'><strong>Non</strong></span> <span class='ocrx_word' id='word_1_377' title='bbox 1189 3804 1458 3870; x_wconf 86' lang='lat' dir='ltr'><strong>audietis;</strong></span> <span class='ocrx_word' id='word_1_378' title='bbox 1488 3804 1604 3867; x_wconf 87' lang='lat' dir='ltr'><strong>sed,</strong></span> <span class='ocrx_word' id='word_1_379' title='bbox 1647 3802 1815 3871; x_wconf 46' lang='lat' dir='ltr'><strong>gNon</strong></span> <span class='ocrx_word' id='word_1_380' title='bbox 1843 3799 2054 3854; x_wconf 82' lang='lat' dir='ltr'><strong>intelli-</strong></span> 
     </span>
    </p>
   </div>
   <div class='ocr_carea' id='block_1_57' title="bbox 475 3893 2056 3968">
    <p class='ocr_par' dir='ltr' id='par_1_57' title="bbox 475 3893 2056 3968">
     <span class='ocr_line' id='line_1_57' title="bbox 475 3893 2056 3968; baseline -0.005 -16"><span class='ocrx_word' id='word_1_381' title='bbox 475 3899 635 3968; x_wconf 90' lang='lat' dir='ltr'><strong>getis.</strong></span> <span class='ocrx_word' id='word_1_382' title='bbox 696 3918 715 3951; x_wconf 83' lang='grc'><strong>›</strong></span> <span class='ocrx_word' id='word_1_383' title='bbox 768 3897 877 3968; x_wconf 90' lang='lat' dir='ltr'><strong>Ipsi</strong></span> <span class='ocrx_word' id='word_1_384' title='bbox 941 3898 1086 3952; x_wconf 88' lang='lat' dir='ltr'><strong>enim</strong></span> <span class='ocrx_word' id='word_1_385' title='bbox 1159 3898 1262 3952; x_wconf 92' lang='lat' dir='ltr'><strong>hoc</strong></span> <span class='ocrx_word' id='word_1_386' title='bbox 1326 3896 1685 3966; x_wconf 89' lang='lat' dir='ltr'><strong>sibimetipsis</strong></span> <span class='ocrx_word' id='word_1_387' title='bbox 1738 3893 2056 3962; x_wconf 90' lang='lat' dir='ltr'><strong>eripuerunt</strong></span> 
     </span>
    </p>
   </div>
   <div class='ocr_carea' id='block_1_58' title="bbox 479 3986 2056 4063">
    <p class='ocr_par' dir='ltr' id='par_1_58' title="bbox 479 3986 2056 4063">
     <span class='ocr_line' id='line_1_58' title="bbox 479 3986 2056 4063; baseline -0.005 -17"><span class='ocrx_word' id='word_1_388' title='bbox 479 3994 660 4063; x_wconf 90' lang='lat' dir='ltr'><strong>primi,</strong></span> <span class='ocrx_word' id='word_1_389' title='bbox 691 4010 710 4044; x_wconf 85' lang='grc' dir='ltr'>ι</span> <span class='ocrx_word' id='word_1_390' title='bbox 747 3991 1082 4046; x_wconf 81' lang='lat' dir='ltr'><strong>Obturantes</strong></span> <span class='ocrx_word' id='word_1_391' title='bbox 1113 3989 1671 4055; x_wconf 63' lang='lat' dir='ltr'><strong>sibi-aures,.oculos</strong></span> <span class='ocrx_word' id='word_1_392' title='bbox 1691 3986 2056 4057; x_wconf 70' lang='lat' dir='ltr'><strong>COIllpl’Iﬂ‘tell-</strong></span> 
     </span>
    </p>
   </div>
   <div class='ocr_carea' id='block_1_59' title="bbox 480 4079 2058 4159">
    <p class='ocr_par' dir='ltr' id='par_1_59' title="bbox 480 4079 2058 4159">
     <span class='ocr_line' id='line_1_59' title="bbox 480 4079 2058 4159; baseline -0.004 -23"><span class='ocrx_word' id='word_1_393' title='bbox 480 4099 560 4140; x_wconf 86' lang='lat' dir='ltr'><strong>tes</strong></span> <span class='ocrx_word' id='word_1_394' title='bbox 582 4097 637 4140; x_wconf 91' lang='lat' dir='ltr'><strong>et</strong></span> <span class='ocrx_word' id='word_1_395' title='bbox 666 4100 760 4140; x_wconf 93' lang='lat' dir='ltr'><strong>cor</strong></span> <span class='ocrx_word' id='word_1_396' title='bbox 777 4095 1161 4159; x_wconf 84' lang='lat' dir='ltr'><strong>aggravantes.</strong></span> <span class='ocrx_word' id='word_1_397' title='bbox 1199 4101 1218 4138; x_wconf 85' lang='grc'><strong>›</strong></span> <span class='ocrx_word' id='word_1_398' title='bbox 1262 4079 1380 4136; x_wconf 88' lang='lat' dir='ltr'><strong>Non</strong></span> <span class='ocrx_word' id='word_1_399' title='bbox 1407 4082 1583 4135; x_wconf 87' lang='lat' dir='ltr'><strong>solum</strong></span> <span class='ocrx_word' id='word_1_400' title='bbox 1623 4081 1769 4136; x_wconf 90' lang='lat' dir='ltr'><strong>enim</strong></span> <span class='ocrx_word' id='word_1_401' title='bbox 1811 4094 1918 4132; x_wconf 92' lang='lat' dir='ltr'><strong>non</strong></span> <span class='ocrx_word' id='word_1_402' title='bbox 1958 4091 2058 4130; x_wconf 85' lang='lat' dir='ltr'><strong>au-</strong></span> 
     </span>
    </p>
   </div>
   <div class='ocr_carea' id='block_1_60' title="bbox 479 4167 2054 4244">
    <p class='ocr_par' dir='ltr' id='par_1_60' title="bbox 479 4167 2054 4244">
     <span class='ocr_line' id='line_1_60' title="bbox 479 4167 2054 4244; baseline -0.004 -17"><span class='ocrx_word' id='word_1_403' title='bbox 479 4179 718 4238; x_wconf 86' lang='lat' dir='ltr'><strong>dierunt,</strong></span> <span class='ocrx_word' id='word_1_404' title='bbox 744 4177 838 4231; x_wconf 89' lang='lat' dir='ltr'><strong>sed</strong></span> <span class='ocrx_word' id='word_1_405' title='bbox 861 4194 880 4227; x_wconf 77' lang='grc' dir='ltr'>ι</span> <span class='ocrx_word' id='word_1_406' title='bbox 915 4176 1153 4244; x_wconf 82' lang='lat' dir='ltr'><strong>graviter</strong></span> <span class='ocrx_word' id='word_1_407' title='bbox 1180 4175 1492 4229; x_wconf 87' lang='lat' dir='ltr'><strong>audierunt.</strong></span> <span class='ocrx_word' id='word_1_408' title='bbox 1525 4191 1544 4222; x_wconf 78' lang='grc' dir='ltr'>ι</span> <span class='ocrx_word' id='word_1_409' title='bbox 1575 4167 1844 4226; x_wconf 84' lang='lat' dir='ltr'><strong>Fecerunt</strong></span> <span class='ocrx_word' id='word_1_410' title='bbox 1873 4177 2054 4223; x_wconf 89' lang='lat' dir='ltr'><strong>autem</strong></span> 
     </span>
    </p>
   </div>
   <div class='ocr_carea' id='block_1_61' title="bbox 483 4265 2051 4336">
    <p class='ocr_par' dir='ltr' id='par_1_61' title="bbox 483 4265 2051 4336">
     <span class='ocr_line' id='line_1_61' title="bbox 483 4265 2051 4336; baseline -0.006 -16"><span class='ocrx_word' id='word_1_411' title='bbox 483 4269 607 4333; x_wconf 90' lang='lat' dir='ltr'><strong>hoc,</strong></span> <span class='ocrx_word' id='word_1_412' title='bbox 635 4268 828 4336; x_wconf 92' lang='lat' dir='ltr'><strong>inquit,</strong></span> <span class='ocrx_word' id='word_1_413' title='bbox 861 4286 878 4317; x_wconf 78' lang='grc' dir='ltr'>ι</span> <span class='ocrx_word' id='word_1_414' title='bbox 907 4265 985 4324; x_wconf 84' lang='lat' dir='ltr'><strong>Ne</strong></span> <span class='ocrx_word' id='word_1_415' title='bbox 1008 4267 1147 4322; x_wconf 77' lang='lat' dir='ltr'><strong>forte</strong></span> <span class='ocrx_word' id='word_1_416' title='bbox 1169 4273 1580 4329; x_wconf 87' lang='lat' dir='ltr'><strong>convertantur,</strong></span> <span class='ocrx_word' id='word_1_417' title='bbox 1601 4273 1657 4319; x_wconf 93' lang='lat' dir='ltr'><strong>et</strong></span> <span class='ocrx_word' id='word_1_418' title='bbox 1687 4277 1877 4317; x_wconf 87' lang='lat' dir='ltr'><strong>sanem</strong></span> <span class='ocrx_word' id='word_1_419' title='bbox 1902 4275 2051 4316; x_wconf 66' lang='lat' dir='ltr'><strong>eos.»</strong></span> 
     </span>
    </p>
   </div>
   <div class='ocr_carea' id='block_1_62' title="bbox 481 4350 2058 4423">
    <p class='ocr_par' dir='ltr' id='par_1_62' title="bbox 481 4350 2058 4423">
     <span class='ocr_line' id='line_1_62' title="bbox 481 4350 2058 4423; baseline -0.005 -13"><span class='ocrx_word' id='word_1_420' title='bbox 481 4358 695 4423; x_wconf 81' lang='lat' dir='ltr'><strong>Quibus</strong></span> <span class='ocrx_word' id='word_1_421' title='bbox 730 4358 913 4412; x_wconf 88' lang='lat' dir='ltr'><strong>verbis</strong></span> <span class='ocrx_word' id='word_1_422' title='bbox 954 4357 1076 4411; x_wconf 86' lang='lat' dir='ltr'><strong>illos</strong></span> <span class='ocrx_word' id='word_1_423' title='bbox 1123 4357 1328 4422; x_wconf 89' lang='lat' dir='ltr'><strong>allicit,</strong></span> <span class='ocrx_word' id='word_1_424' title='bbox 1360 4357 1658 4411; x_wconf 86' lang='lat' dir='ltr'><strong>ostendens</strong></span> <span class='ocrx_word' id='word_1_425' title='bbox 1708 4369 1768 4408; x_wconf 85' lang='lat' dir='ltr'><strong>se</strong></span> <span class='ocrx_word' id='word_1_426' title='bbox 1816 4368 1939 4408; x_wconf 89' lang='lat' dir='ltr'><strong>esse</strong></span> <span class='ocrx_word' id='word_1_427' title='bbox 1988 4350 2058 4404; x_wconf 86' lang='lat' dir='ltr'><strong>ad</strong></span> 
     </span>
    </p>
   </div>
   <div class='ocr_carea' id='block_1_63' title="bbox 479 4447 1995 4518">
    <p class='ocr_par' dir='ltr' id='par_1_63' title="bbox 479 4447 1995 4518">
     <span class='ocr_line' id='line_1_63' title="bbox 479 4447 1995 4518; baseline -0.003 -18"><span class='ocrx_word' id='word_1_428' title='bbox 479 4464 577 4502; x_wconf 86' lang='lat' dir='ltr'><strong>eos</strong></span> <span class='ocrx_word' id='word_1_429' title='bbox 602 4449 879 4504; x_wconf 75' lang='lat' dir='ltr'><strong>sanandos</strong></span> <span class='ocrx_word' id='word_1_430' title='bbox 900 4457 1170 4518; x_wconf 88' lang='lat' dir='ltr'><strong>paratum,</strong></span> <span class='ocrx_word' id='word_1_431' title='bbox 1205 4448 1250 4503; x_wconf 84' lang='lat' dir='ltr'><strong>si</strong></span> <span class='ocrx_word' id='word_1_432' title='bbox 1285 4447 1528 4502; x_wconf 87' lang='lat' dir='ltr'><strong>converti</strong></span> <span class='ocrx_word' id='word_1_433' title='bbox 1570 4461 1680 4501; x_wconf 88' lang='lat' dir='ltr'><strong>non</strong></span> <span class='ocrx_word' id='word_1_434' title='bbox 1717 4449 1995 4499; x_wconf 88' lang='lat' dir='ltr'><strong>recusent.</strong></span> 
     </span>
    </p>
   </div>
   <div class='ocr_carea' id='block_1_64' title="bbox 527 4621 1471 4701">
    <p class='ocr_par' dir='ltr' id='par_1_64' title="bbox 527 4621 1471 4701">
     <span class='ocr_line' id='line_1_64' title="bbox 527 4621 1471 4701; baseline -0.003 -11"><span class='ocrx_word' id='word_1_435' title='bbox 527 4621 599 4667; x_wconf 55' lang='grc'><strong>’⁸⁷</strong></span> <span class='ocrx_word' id='word_1_436' title='bbox 629 4634 734 4690; x_wconf 93' lang='lat' dir='ltr'><strong>lsa.</strong></span> <span class='ocrx_word' id='word_1_437' title='bbox 762 4651 918 4701; x_wconf 76' lang='lat' dir='ltr'><strong>XVIII,</strong></span> <span class='ocrx_word' id='word_1_438' title='bbox 953 4635 1006 4690; x_wconf 84' lang='lat' dir='ltr'><strong>l.</strong></span> <span class='ocrx_word' id='word_1_439' title='bbox 1089 4632 1138 4668; x_wconf 81' lang='grc'><strong>⁸³</strong></span> <span class='ocrx_word' id='word_1_440' title='bbox 1164 4632 1272 4691; x_wconf 89' lang='lat' dir='ltr'><strong>Isa.</strong></span> <span class='ocrx_word' id='word_1_441' title='bbox 1309 4649 1387 4696; x_wconf 81' lang='lat' dir='ltr'><strong>Vl,</strong></span> <span class='ocrx_word' id='word_1_442' title='bbox 1417 4631 1471 4687; x_wconf 82' lang='lat' dir='ltr'><strong>I.</strong></span> 
     </span>
    </p>
   </div>
   <div class='ocr_carea' id='block_1_65' title="bbox 2144 1945 3725 2024">
    <p class='ocr_par' dir='ltr' id='par_1_65' title="bbox 2144 1945 3725 2024">
     <span class='ocr_line' id='line_1_65' title="bbox 2144 1945 3725 2024; baseline -0.008 -15"><span class='ocrx_word' id='word_1_443' title='bbox 2144 1955 2456 2024; x_wconf 74' lang='grc' dir='ltr'>ὀνομάζειν,</span> <span class='ocrx_word' id='word_1_444' title='bbox 2489 1957 2616 2017; x_wconf 80' lang='grc' dir='ltr'>τοὺς</span> <span class='ocrx_word' id='word_1_445' title='bbox 2648 1954 2914 2023; x_wconf 78' lang='grc' dir='ltr'>ἐγκύκλια</span> <span class='ocrx_word' id='word_1_446' title='bbox 2946 1954 3252 2024; x_wconf 77' lang='grc' dir='ltr'>γράμματα</span> <span class='ocrx_word' id='word_1_447' title='bbox 3276 1949 3428 2020; x_wconf 78' lang='grc' dir='ltr'>παρὰ</span> <span class='ocrx_word' id='word_1_448' title='bbox 3468 1946 3578 2000; x_wconf 85' lang='grc' dir='ltr'>τῶν</span> <span class='ocrx_word' id='word_1_449' title='bbox 3623 1945 3725 2013; x_wconf 84' lang='grc' dir='ltr'><strong>ἀρ·</strong></span> 
     </span>
    </p>
   </div>
   <div class='ocr_carea' id='block_1_66' title="bbox 2153 2047 3123 2118">
    <p class='ocr_par' dir='ltr' id='par_1_66' title="bbox 2153 2047 3123 2118">
     <span class='ocr_line' id='line_1_66' title="bbox 2153 2047 3123 2118; baseline -0.001 -17"><span class='ocrx_word' id='word_1_450' title='bbox 2153 2049 2359 2118; x_wconf 88' lang='grc' dir='ltr'>χόντων</span> <span class='ocrx_word' id='word_1_451' title='bbox 2393 2049 2574 2102; x_wconf 81' lang='grc' dir='ltr'>αὐτῶν</span> <span class='ocrx_word' id='word_1_452' title='bbox 2616 2047 3123 2118; x_wconf 76' lang='grc' dir='ltr'><strong>ἐπικομιζομένους.</strong></span> 
     </span>
    </p>
   </div>
   <div class='ocr_carea' id='block_1_67' title="bbox 2218 2317 3728 2398">
    <p class='ocr_par' dir='ltr' id='par_1_67' title="bbox 2218 2317 3728 2398">
     <span class='ocr_line' id='line_1_67' title="bbox 2218 2317 3728 2398; baseline -0.007 -17"><span class='ocrx_word' id='word_1_453' title='bbox 2218 2327 2347 2392; x_wconf 87' lang='grc' dir='ltr'>Τοῖς</span> <span class='ocrx_word' id='word_1_454' title='bbox 2379 2326 2658 2398; x_wconf 76' lang='grc' dir='ltr'>ὑπουργὸν</span> <span class='ocrx_word' id='word_1_455' title='bbox 2683 2323 2908 2394; x_wconf 79' lang='grc' dir='ltr'>λέγουσι</span> <span class='ocrx_word' id='word_1_456' title='bbox 2938 2324 3032 2378; x_wconf 82' lang='grc' dir='ltr'>τοῦ</span> <span class='ocrx_word' id='word_1_457' title='bbox 3062 2318 3277 2395; x_wconf 83' lang='grc' dir='ltr'>Πατρδς</span> <span class='ocrx_word' id='word_1_458' title='bbox 3310 2319 3372 2374; x_wconf 81' lang='grc' dir='ltr'><strong>τὸ</strong></span> <span class='ocrx_word' id='word_1_459' title='bbox 3398 2317 3625 2388; x_wconf 81' lang='grc' dir='ltr'>Πνεῦμα</span> <span class='ocrx_word' id='word_1_460' title='bbox 3662 2318 3728 2371; x_wconf 71' lang='grc' dir='ltr'>τὸ</span> 
     </span>
    </p>
   </div>
   <div class='ocr_carea' id='block_1_68' title="bbox 2149 2411 3723 2487">
    <p class='ocr_par' dir='ltr' id='par_1_68' title="bbox 2149 2411 3723 2487">
     <span class='ocr_line' id='line_1_68' title="bbox 2149 2411 3723 2487; baseline -0.01 -13"><span class='ocrx_word' id='word_1_461' title='bbox 2149 2421 2332 2487; x_wconf 83' lang='grc' dir='ltr'>ἆγιον,</span> <span class='ocrx_word' id='word_1_462' title='bbox 2371 2421 2399 2472; x_wconf 88' lang='grc' dir='ltr'><strong>ὁ</strong></span> <span class='ocrx_word' id='word_1_463' title='bbox 2428 2419 2636 2482; x_wconf 75' lang='grc' dir='ltr'>Παῦλος</span> <span class='ocrx_word' id='word_1_464' title='bbox 2682 2417 2918 2471; x_wconf 71' lang='grc' dir='ltr'>ἐνταῦθα</span> <span class='ocrx_word' id='word_1_465' title='bbox 2965 2416 3192 2486; x_wconf 85' lang='grc' dir='ltr'>καιρίαν</span> <span class='ocrx_word' id='word_1_466' title='bbox 3250 2413 3435 2466; x_wconf 85' lang='grc' dir='ltr'>δίδωσι</span> <span class='ocrx_word' id='word_1_467' title='bbox 3482 2411 3723 2481; x_wconf 82' lang='grc' dir='ltr'><strong>πληγήν.</strong></span> 
     </span>
    </p>
   </div>
   <div class='ocr_carea' id='block_1_69' title="bbox 2148 2501 3724 2580">
    <p class='ocr_par' dir='ltr' id='par_1_69' title="bbox 2148 2501 3724 2580">
     <span class='ocr_line' id='line_1_69' title="bbox 2148 2501 3724 2580; baseline -0.008 -15"><span class='ocrx_word' id='word_1_468' title='bbox 2148 2513 2255 2565; x_wconf 84' lang='grc' dir='ltr'>Τὸν</span> <span class='ocrx_word' id='word_1_469' title='bbox 2285 2510 2395 2580; x_wconf 86' lang='grc' dir='ltr'><strong>γὰρ</strong></span> <span class='ocrx_word' id='word_1_470' title='bbox 2419 2510 2623 2580; x_wconf 79' lang='grc' dir='ltr'>Κύριον</span> <span class='ocrx_word' id='word_1_471' title='bbox 2652 2510 2742 2562; x_wconf 83' lang='grc' dir='ltr'>τὸν</span> <span class='ocrx_word' id='word_1_472' title='bbox 2778 2507 3092 2578; x_wconf 80' lang='grc' dir='ltr'>καθήμενον</span> <span class='ocrx_word' id='word_1_473' title='bbox 3138 2505 3231 2557; x_wconf 79' lang='grc' dir='ltr'><strong>ἐπὶ</strong></span> <span class='ocrx_word' id='word_1_474' title='bbox 3283 2503 3474 2573; x_wconf 79' lang='grc' dir='ltr'>θρόνου</span> <span class='ocrx_word' id='word_1_475' title='bbox 3516 2501 3724 2572; x_wconf 75' lang='grc' dir='ltr'>ὑψηλοῦ</span> 
     </span>
    </p>
   </div>
   <div class='ocr_carea' id='block_1_70' title="bbox 2149 2580 3726 2670">
    <p class='ocr_par' dir='ltr' id='par_1_70' title="bbox 2149 2580 3726 2670">
     <span class='ocr_line' id='line_1_70' title="bbox 2149 2580 3726 2670; baseline -0.008 -15"><span class='ocrx_word' id='word_1_476' title='bbox 2149 2601 2246 2655; x_wconf 74' lang='grc' dir='ltr'><strong>καὶ</strong></span> <span class='ocrx_word' id='word_1_477' title='bbox 2297 2600 2636 2670; x_wconf 69' lang='grc' dir='ltr'>ἐπηρμένου,</span> <span class='ocrx_word' id='word_1_478' title='bbox 2692 2598 2751 2652; x_wconf 87' lang='grc' dir='ltr'><strong>δν</strong></span> <span class='ocrx_word' id='word_1_479' title='bbox 2809 2591 2950 2650; x_wconf 77' lang='grc' dir='ltr'>εἷδεν</span> <span class='ocrx_word' id='word_1_480' title='bbox 3009 2595 3258 2660; x_wconf 81' lang='grc' dir='ltr'>Ἡσαΐας,</span> <span class='ocrx_word' id='word_1_481' title='bbox 3302 2580 3406 2646; x_wconf 76' lang='grc' dir='ltr'><strong>ὧδε</strong></span> <span class='ocrx_word' id='word_1_482' title='bbox 3455 2593 3604 2661; x_wconf 78' lang='grc' dir='ltr'>λέγει</span> <span class='ocrx_word' id='word_1_483' title='bbox 3663 2594 3726 2642; x_wconf 80' lang='grc' dir='ltr'>τὸ</span> 
     </span>
    </p>
   </div>
   <div class='ocr_carea' id='block_1_71' title="bbox 2149 2680 3727 2761">
    <p class='ocr_par' dir='ltr' id='par_1_71' title="bbox 2149 2680 3727 2761">
     <span class='ocr_line' id='line_1_71' title="bbox 2149 2680 3727 2761; baseline -0.009 -16"><span class='ocrx_word' id='word_1_484' title='bbox 2149 2691 2378 2761; x_wconf 82' lang='grc' dir='ltr'>Πνεῦμα</span> <span class='ocrx_word' id='word_1_485' title='bbox 2408 2691 2470 2743; x_wconf 83' lang='grc' dir='ltr'><strong>τὸ</strong></span> <span class='ocrx_word' id='word_1_486' title='bbox 2499 2689 2674 2758; x_wconf 73' lang='grc' dir='ltr'><strong>ἅγιον·</strong></span> <span class='ocrx_word' id='word_1_487' title='bbox 2711 2680 2998 2757; x_wconf 83' lang='grc' dir='ltr'>ὁμοούσιον</span> <span class='ocrx_word' id='word_1_488' title='bbox 3028 2686 3137 2754; x_wconf 82' lang='grc' dir='ltr'>γάρ</span> <span class='ocrx_word' id='word_1_489' title='bbox 3164 2687 3281 2736; x_wconf 78' lang='grc' dir='ltr'>ἐστι</span> <span class='ocrx_word' id='word_1_490' title='bbox 3314 2683 3391 2752; x_wconf 82' lang='grc' dir='ltr'>τῷ</span> <span class='ocrx_word' id='word_1_491' title='bbox 3423 2680 3601 2748; x_wconf 76' lang='grc' dir='ltr'>Πατρὶ</span> <span class='ocrx_word' id='word_1_492' title='bbox 3630 2681 3727 2733; x_wconf 75' lang='grc' dir='ltr'>καὶ</span> 
     </span>
    </p>
   </div>
   <div class='ocr_carea' id='block_1_72' title="bbox 2150 2769 3730 2855">
    <p class='ocr_par' dir='ltr' id='par_1_72' title="bbox 2150 2769 3730 2855">
     <span class='ocr_line' id='line_1_72' title="bbox 2150 2769 3730 2855; baseline -0.009 -19"><span class='ocrx_word' id='word_1_493' title='bbox 2150 2783 2227 2855; x_wconf 82' lang='grc' dir='ltr'>τῷ</span> <span class='ocrx_word' id='word_1_494' title='bbox 2259 2776 2520 2854; x_wconf 31' lang='grc' dir='ltr'><strong>Υἱῷ,⁴καὶ</strong></span> <span class='ocrx_word' id='word_1_495' title='bbox 2554 2782 2651 2850; x_wconf 81' lang='grc' dir='ltr'><strong>τῆς</strong></span> <span class='ocrx_word' id='word_1_496' title='bbox 2693 2780 2814 2849; x_wconf 77' lang='grc' dir='ltr'>ἴσης</span> <span class='ocrx_word' id='word_1_497' title='bbox 2855 2778 3107 2843; x_wconf 76' lang='grc' dir='ltr'>ἐξουσίας</span> <span class='ocrx_word' id='word_1_498' title='bbox 3154 2775 3396 2846; x_wconf 85' lang='grc' dir='ltr'>μετέχει.</span> <span class='ocrx_word' id='word_1_499' title='bbox 3436 2772 3543 2824; x_wconf 75' lang='grc' dir='ltr'><strong>Καὶ</strong></span> <span class='ocrx_word' id='word_1_500' title='bbox 3569 2769 3730 2823; x_wconf 79' lang='grc' dir='ltr'>τοῦτο</span> 
     </span>
    </p>
   </div>
   <div class='ocr_carea' id='block_1_73' title="bbox 2147 2864 3726 2949">
    <p class='ocr_par' dir='ltr' id='par_1_73' title="bbox 2147 2864 3726 2949">
     <span class='ocr_line' id='line_1_73' title="bbox 2147 2864 3726 2949; baseline -0.012 -17"><span class='ocrx_word' id='word_1_501' title='bbox 2147 2879 2208 2932; x_wconf 85' lang='grc' dir='ltr'>τὸ</span> <span class='ocrx_word' id='word_1_502' title='bbox 2233 2879 2417 2949; x_wconf 73' lang='grc' dir='ltr'>ῥητὸν,</span> <span class='ocrx_word' id='word_1_503' title='bbox 2442 2877 2532 2930; x_wconf 81' lang='grc' dir='ltr'><strong>τὸν</strong></span> <span class='ocrx_word' id='word_1_504' title='bbox 2565 2874 2851 2946; x_wconf 86' lang='grc' dir='ltr'>προφήτην</span> <span class='ocrx_word' id='word_1_505' title='bbox 2887 2871 2962 2933; x_wconf 85' lang='grc' dir='ltr'>ὡς</span> <span class='ocrx_word' id='word_1_506' title='bbox 3010 2869 3196 2924; x_wconf 84' lang='grc' dir='ltr'>θεόθεν</span> <span class='ocrx_word' id='word_1_507' title='bbox 3222 2864 3726 2934; x_wconf 77' lang='grc' dir='ltr'><strong>ἁποφθεγγόμενον,</strong></span> 
     </span>
    </p>
   </div>
   <div class='ocr_carea' id='block_1_74' title="bbox 2151 2951 3729 3038">
    <p class='ocr_par' dir='ltr' id='par_1_74' title="bbox 2151 2951 3729 3038">
     <span class='ocr_line' id='line_1_74' title="bbox 2151 2951 3729 3038; baseline -0.013 -12"><span class='ocrx_word' id='word_1_508' title='bbox 2151 2975 2179 3026; x_wconf 85' lang='grc' dir='ltr'><strong>ὁ</strong></span> <span class='ocrx_word' id='word_1_509' title='bbox 2207 2971 2415 3034; x_wconf 83' lang='grc' dir='ltr'>Παῦλος</span> <span class='ocrx_word' id='word_1_510' title='bbox 2449 2970 2578 3038; x_wconf 68' lang='grc' dir='ltr'>περὶ</span> <span class='ocrx_word' id='word_1_511' title='bbox 2622 2967 2730 3020; x_wconf 83' lang='grc' dir='ltr'><strong>τῶν</strong></span> <span class='ocrx_word' id='word_1_512' title='bbox 2755 2951 2912 3017; x_wconf 48' lang='grc' dir='ltr'><strong>’κατὰ</strong></span> <span class='ocrx_word' id='word_1_513' title='bbox 2943 2962 3035 3016; x_wconf 84' lang='grc' dir='ltr'><strong>τὸν</strong></span> <span class='ocrx_word' id='word_1_514' title='bbox 3073 2960 3285 3031; x_wconf 81' lang='grc' dir='ltr'>Ἰησοῦν</span> <span class='ocrx_word' id='word_1_515' title='bbox 3327 2959 3509 3026; x_wconf 87' lang='grc' dir='ltr'>λέγειν</span> <span class='ocrx_word' id='word_1_516' title='bbox 3545 2972 3729 3025; x_wconf 85' lang='grc' dir='ltr'>παρα-</span> 
     </span>
    </p>
   </div>
   <div class='ocr_carea' id='block_1_75' title="bbox 2157 3043 3726 3129">
    <p class='ocr_par' dir='ltr' id='par_1_75' title="bbox 2157 3043 3726 3129">
     <span class='ocr_line' id='line_1_75' title="bbox 2157 3043 3726 3129; baseline -0.015 -10"><span class='ocrx_word' id='word_1_517' title='bbox 2157 3065 2435 3128; x_wconf 75' lang='grc' dir='ltr'>σκευάζειο</span> <span class='ocrx_word' id='word_1_518' title='bbox 2469 3060 2702 3129; x_wconf 75' lang='grc' dir='ltr'>ἐπείπερ</span> <span class='ocrx_word' id='word_1_519' title='bbox 2733 3057 2965 3127; x_wconf 68' lang='grc' dir='ltr'>ἦκουσεν</span> <span class='ocrx_word' id='word_1_520' title='bbox 2990 3057 3018 3108; x_wconf 84' lang='grc' dir='ltr'>ὁ</span> <span class='ocrx_word' id='word_1_521' title='bbox 3047 3053 3174 3115; x_wconf 79' lang='grc' dir='ltr'>λαὸς</span> <span class='ocrx_word' id='word_1_522' title='bbox 3213 3052 3304 3105; x_wconf 77' lang='grc' dir='ltr'><strong>τὸν</strong></span> <span class='ocrx_word' id='word_1_523' title='bbox 3339 3043 3514 3120; x_wconf 85' lang='grc' dir='ltr'><strong>Ἰησοῦ</strong></span> <span class='ocrx_word' id='word_1_524' title='bbox 3543 3047 3726 3114; x_wconf 80' lang='grc' dir='ltr'>λόγον,</span> 
     </span>
    </p>
   </div>
   <div class='ocr_carea' id='block_1_76' title="bbox 2153 3137 3730 3224">
    <p class='ocr_par' dir='ltr' id='par_1_76' title="bbox 2153 3137 3730 3224">
     <span class='ocr_line' id='line_1_76' title="bbox 2153 3137 3730 3224; baseline -0.013 -14"><span class='ocrx_word' id='word_1_525' title='bbox 2153 3159 2248 3211; x_wconf 77' lang='grc' dir='ltr'><strong>καὶ</strong></span> <span class='ocrx_word' id='word_1_526' title='bbox 2285 3157 2345 3209; x_wconf 88' lang='grc' dir='ltr'>ού</span> <span class='ocrx_word' id='word_1_527' title='bbox 2371 3152 2597 3224; x_wconf 81' lang='grc' dir='ltr'><strong>συνῆκε·</strong></span> <span class='ocrx_word' id='word_1_528' title='bbox 2624 3153 2719 3205; x_wconf 80' lang='grc' dir='ltr'><strong>καὶ</strong></span> <span class='ocrx_word' id='word_1_529' title='bbox 2754 3149 2970 3218; x_wconf 84' lang='grc' dir='ltr'>βλέπων</span> <span class='ocrx_word' id='word_1_530' title='bbox 3023 3145 3096 3199; x_wconf 81' lang='grc' dir='ltr'>τὰ</span> <span class='ocrx_word' id='word_1_531' title='bbox 3143 3145 3234 3198; x_wconf 86' lang='grc' dir='ltr'><strong>ὑπ’</strong></span> <span class='ocrx_word' id='word_1_532' title='bbox 3267 3137 3431 3196; x_wconf 79' lang='grc' dir='ltr'>αὑτοῦ</span> <span class='ocrx_word' id='word_1_533' title='bbox 3465 3139 3730 3208; x_wconf 86' lang='grc' dir='ltr'>γινόμενα</span> 
     </span>
    </p>
   </div>
   <div class='ocr_carea' id='block_1_77' title="bbox 2151 3231 3730 3324">
    <p class='ocr_par' dir='ltr' id='par_1_77' title="bbox 2151 3231 3730 3324">
     <span class='ocr_line' id='line_1_77' title="bbox 2151 3231 3730 3324; baseline -0.014 -20"><span class='ocrx_word' id='word_1_534' title='bbox 2151 3251 2432 3324; x_wconf 80' lang='grc' dir='ltr'>τεράστια,</span> <span class='ocrx_word' id='word_1_535' title='bbox 2453 3248 2551 3317; x_wconf 85' lang='grc' dir='ltr'><strong>οὑχ</strong></span> <span class='ocrx_word' id='word_1_536' title='bbox 2581 3246 2748 3317; x_wconf 79' lang='grc' dir='ltr'>ἑώρα.</span> <span class='ocrx_word' id='word_1_537' title='bbox 2779 3245 2871 3306; x_wconf 79' lang='grc' dir='ltr'><strong>Εἰς</strong></span> <span class='ocrx_word' id='word_1_538' title='bbox 2895 3240 3158 3314; x_wconf 89' lang='grc' dir='ltr'>μέλλοντα</span> <span class='ocrx_word' id='word_1_539' title='bbox 3183 3237 3290 3306; x_wconf 83' lang='grc' dir='ltr'>γὰρ</span> <span class='ocrx_word' id='word_1_540' title='bbox 3321 3236 3511 3306; x_wconf 79' lang='grc' dir='ltr'>χρόνον</span> <span class='ocrx_word' id='word_1_541' title='bbox 3541 3231 3730 3285; x_wconf 81' lang='grc' dir='ltr'><strong>ὲκκλί-</strong></span> 
     </span>
    </p>
   </div>
   <div class='ocr_carea' id='block_1_78' title="bbox 2152 3326 3730 3412">
    <p class='ocr_par' dir='ltr' id='par_1_78' title="bbox 2152 3326 3730 3412">
     <span class='ocr_line' id='line_1_78' title="bbox 2152 3326 3730 3412; baseline -0.014 -14"><span class='ocrx_word' id='word_1_542' title='bbox 2152 3362 2260 3397; x_wconf 86' lang='grc' dir='ltr'><strong>νων</strong></span> <span class='ocrx_word' id='word_1_543' title='bbox 2291 3345 2351 3397; x_wconf 87' lang='grc' dir='ltr'>τὸ</span> <span class='ocrx_word' id='word_1_544' title='bbox 2385 3342 2572 3412; x_wconf 77' lang='grc' dir='ltr'>ῥητὸν,</span> <span class='ocrx_word' id='word_1_545' title='bbox 2624 3339 2882 3410; x_wconf 72' lang='grc' dir='ltr'>ἐμφαίνει</span> <span class='ocrx_word' id='word_1_546' title='bbox 2941 3334 3042 3404; x_wconf 83' lang='grc' dir='ltr'><strong>τὴν</strong></span> <span class='ocrx_word' id='word_1_547' title='bbox 3093 3334 3173 3395; x_wconf 84' lang='grc' dir='ltr'>εἰς</span> <span class='ocrx_word' id='word_1_548' title='bbox 3205 3331 3469 3400; x_wconf 85' lang='grc' dir='ltr'>ὑστέρους</span> <span class='ocrx_word' id='word_1_549' title='bbox 3500 3326 3730 3398; x_wconf 80' lang='grc' dir='ltr'>χρόνους</span> 
     </span>
    </p>
   </div>
   <div class='ocr_carea' id='block_1_79' title="bbox 2153 3415 3734 3506">
    <p class='ocr_par' dir='ltr' id='par_1_79' title="bbox 2153 3415 3734 3506">
     <span class='ocr_line' id='line_1_79' title="bbox 2153 3415 3734 3506; baseline -0.015 -17"><span class='ocrx_word' id='word_1_550' title='bbox 2153 3436 2260 3490; x_wconf 84' lang='grc' dir='ltr'><strong>τῶν</strong></span> <span class='ocrx_word' id='word_1_551' title='bbox 2299 3431 2797 3506; x_wconf 25' lang='grc' dir='ltr'>προφητελυομένων</span> <span class='ocrx_word' id='word_1_552' title='bbox 2837 3425 3140 3496; x_wconf 81' lang='grc' dir='ltr'>ἀναφοράν.</span> <span class='ocrx_word' id='word_1_553' title='bbox 3174 3421 3377 3474; x_wconf 87' lang='grc' dir='ltr'>Σκόπει</span> <span class='ocrx_word' id='word_1_554' title='bbox 3401 3419 3459 3472; x_wconf 81' lang='grc' dir='ltr'>δὲ</span> <span class='ocrx_word' id='word_1_555' title='bbox 3503 3418 3600 3486; x_wconf 82' lang='grc' dir='ltr'><strong>τὴν</strong></span> <span class='ocrx_word' id='word_1_556' title='bbox 3633 3415 3734 3468; x_wconf 79' lang='grc' dir='ltr'><strong>τοῦ</strong></span> 
     </span>
    </p>
   </div>
   <div class='ocr_carea' id='block_1_80' title="bbox 2154 3502 3732 3597">
    <p class='ocr_par' dir='ltr' id='par_1_80' title="bbox 2154 3502 3732 3597">
     <span class='ocr_line' id='line_1_80' title="bbox 2154 3502 3732 3597; baseline -0.015 -15"><span class='ocrx_word' id='word_1_557' title='bbox 2154 3502 2474 3597; x_wconf 80' lang='grc' dir='ltr'>Πνεύματος</span> <span class='ocrx_word' id='word_1_558' title='bbox 2490 3502 2800 3594; x_wconf 53' lang='grc' dir='ltr'>ἀᾶρίῦειαν.</span> <span class='ocrx_word' id='word_1_559' title='bbox 2835 3521 2950 3573; x_wconf 76' lang='grc' dir='ltr'><strong>Οὐκ</strong></span> <span class='ocrx_word' id='word_1_560' title='bbox 2979 3513 3124 3581; x_wconf 74' lang='grc' dir='ltr'>εἷπε,</span> <span class='ocrx_word' id='word_1_561' title='bbox 3155 3515 3263 3568; x_wconf 78' lang='grc' dir='ltr'><strong>Καὶ</strong></span> <span class='ocrx_word' id='word_1_562' title='bbox 3287 3514 3346 3566; x_wconf 88' lang='grc' dir='ltr'>οὑ</span> <span class='ocrx_word' id='word_1_563' title='bbox 3380 3511 3454 3582; x_wconf 84' lang='grc' dir='ltr'>μὴ</span> <span class='ocrx_word' id='word_1_564' title='bbox 3476 3509 3732 3597; x_wconf 71' lang='grc' dir='ltr'>βλέψητε,</span> 
     </span>
    </p>
   </div>
   <div class='ocr_carea' id='block_1_81' title="bbox 2163 3596 3736 3680">
    <p class='ocr_par' dir='ltr' id='par_1_81' title="bbox 2163 3596 3736 3680">
     <span class='ocr_line' id='line_1_81' title="bbox 2163 3596 3736 3680; baseline -0.015 -9"><span class='ocrx_word' id='word_1_565' title='bbox 2163 3617 2279 3671; x_wconf 72' lang='grc' dir='ltr'><strong>ἀλλ’</strong></span> <span class='ocrx_word' id='word_1_566' title='bbox 2309 3596 2405 3669; x_wconf 52' lang='lat' dir='ltr'><strong>an</strong></span> <span class='ocrx_word' id='word_1_567' title='bbox 2445 3635 2462 3665; x_wconf 80' lang='grc' dir='ltr'>ι</span> <span class='ocrx_word' id='word_1_568' title='bbox 2503 3612 2762 3680; x_wconf 50' lang='lat' dir='ltr'><strong>metm,</strong></span> <span class='ocrx_word' id='word_1_569' title='bbox 2786 3608 2966 3661; x_wconf 76' lang='grc' dir='ltr'>καὶοὺ</span> <span class='ocrx_word' id='word_1_570' title='bbox 3008 3605 3082 3676; x_wconf 83' lang='grc' dir='ltr'>μὴ</span> <span class='ocrx_word' id='word_1_571' title='bbox 3107 3605 3276 3674; x_wconf 85' lang='grc' dir='ltr'>ῑδητε.</span> <span class='ocrx_word' id='word_1_572' title='bbox 3309 3622 3327 3654; x_wconf 73' lang='grc' dir='ltr'>ι</span> <span class='ocrx_word' id='word_1_573' title='bbox 3355 3600 3477 3654; x_wconf 80' lang='grc' dir='ltr'>Οὐδ’</span> <span class='ocrx_word' id='word_1_574' title='bbox 3503 3600 3582 3651; x_wconf 77' lang='grc' dir='ltr'><strong>ὃτι</strong></span> <span class='ocrx_word' id='word_1_575' title='bbox 3616 3596 3736 3651; x_wconf 81' lang='grc' dir='ltr'>Οὑκ</span> 
     </span>
    </p>
   </div>
   <div class='ocr_carea' id='block_1_82' title="bbox 2155 3692 3730 3772">
    <p class='ocr_par' dir='ltr' id='par_1_82' title="bbox 2155 3692 3730 3772">
     <span class='ocr_line' id='line_1_82' title="bbox 2155 3692 3730 3772; baseline -0.017 -7"><span class='ocrx_word' id='word_1_576' title='bbox 2155 3710 2479 3772; x_wconf 81' lang='grc' dir='ltr'>ἀκούσεσθε,</span> <span class='ocrx_word' id='word_1_577' title='bbox 2504 3707 2618 3760; x_wconf 85' lang='grc' dir='ltr'>ἀλλ’</span> <span class='ocrx_word' id='word_1_578' title='bbox 2651 3707 2732 3759; x_wconf 82' lang='grc' dir='ltr'><strong>ὅτι</strong></span> <span class='ocrx_word' id='word_1_579' title='bbox 2755 3722 2772 3754; x_wconf 79' lang='grc' dir='ltr'>ι</span> <span class='ocrx_word' id='word_1_580' title='bbox 2805 3701 3118 3763; x_wconf 85' lang='grc' dir='ltr'>Ἀκούσετε,</span> <span class='ocrx_word' id='word_1_581' title='bbox 3152 3697 3248 3750; x_wconf 70' lang='grc' dir='ltr'>καὶ</span> <span class='ocrx_word' id='word_1_582' title='bbox 3273 3697 3332 3747; x_wconf 87' lang='grc' dir='ltr'>οὑ</span> <span class='ocrx_word' id='word_1_583' title='bbox 3365 3692 3440 3764; x_wconf 85' lang='grc' dir='ltr'>μὴ</span> <span class='ocrx_word' id='word_1_584' title='bbox 3478 3692 3674 3758; x_wconf 80' lang='grc' dir='ltr'>συνῆτε</span> <span class='ocrx_word' id='word_1_585' title='bbox 3712 3711 3730 3738; x_wconf 72' lang='grc' dir='ltr'>ι</span> 
     </span>
    </p>
   </div>
   <div class='ocr_carea' id='block_1_83' title="bbox 2156 3780 3736 3866">
    <p class='ocr_par' dir='ltr' id='par_1_83' title="bbox 2156 3780 3736 3866">
     <span class='ocr_line' id='line_1_83' title="bbox 2156 3780 3736 3866; baseline -0.016 -11"><span class='ocrx_word' id='word_1_586' title='bbox 2156 3802 2320 3855; x_wconf 81' lang='grc' dir='ltr'>Αὐτοὶ</span> <span class='ocrx_word' id='word_1_587' title='bbox 2369 3795 2596 3860; x_wconf 80' lang='grc' dir='ltr'>ἑαυτοὺς</span> <span class='ocrx_word' id='word_1_588' title='bbox 2633 3795 2876 3866; x_wconf 79' lang='grc' dir='ltr'>ἀφεῖλον,</span> <span class='ocrx_word' id='word_1_589' title='bbox 2913 3792 3132 3861; x_wconf 83' lang='grc' dir='ltr'>πρῶτον</span> <span class='ocrx_word' id='word_1_590' title='bbox 3180 3786 3250 3840; x_wconf 87' lang='grc' dir='ltr'>τὰ</span> <span class='ocrx_word' id='word_1_591' title='bbox 3299 3780 3415 3838; x_wconf 80' lang='grc' dir='ltr'><strong>ὦτα</strong></span> <span class='ocrx_word' id='word_1_592' title='bbox 3449 3782 3736 3853; x_wconf 82' lang='grc' dir='ltr'>βύσαντες,</span> 
     </span>
    </p>
   </div>
   <div class='ocr_carea' id='block_1_84' title="bbox 2156 3872 3738 3960">
    <p class='ocr_par' dir='ltr' id='par_1_84' title="bbox 2156 3872 3738 3960">
     <span class='ocr_line' id='line_1_84' title="bbox 2156 3872 3738 3960; baseline -0.015 -13"><span class='ocrx_word' id='word_1_593' title='bbox 2156 3895 2285 3957; x_wconf 72' lang='grc' dir='ltr'>τοὺς</span> <span class='ocrx_word' id='word_1_594' title='bbox 2336 3889 2648 3960; x_wconf 76' lang='grc' dir='ltr'>ὀφθαλμοὺς</span> <span class='ocrx_word' id='word_1_595' title='bbox 2703 3883 3118 3956; x_wconf 86' lang='grc' dir='ltr'>καμμύσαντες,</span> <span class='ocrx_word' id='word_1_596' title='bbox 3170 3879 3268 3948; x_wconf 82' lang='grc' dir='ltr'><strong>τὴν</strong></span> <span class='ocrx_word' id='word_1_597' title='bbox 3314 3876 3538 3946; x_wconf 83' lang='grc' dir='ltr'>καρδίαν</span> <span class='ocrx_word' id='word_1_598' title='bbox 3567 3872 3738 3943; x_wconf 83' lang='grc' dir='ltr'>βαρύ-</span> 
     </span>
    </p>
   </div>
   <div class='ocr_carea' id='block_1_85' title="bbox 2157 3967 3738 4051">
    <p class='ocr_par' dir='ltr' id='par_1_85' title="bbox 2157 3967 3738 4051">
     <span class='ocr_line' id='line_1_85' title="bbox 2157 3967 3738 4051; baseline -0.017 -10"><span class='ocrx_word' id='word_1_599' title='bbox 2157 4002 2367 4050; x_wconf 82' lang='grc' dir='ltr'>ναντες.</span> <span class='ocrx_word' id='word_1_600' title='bbox 2400 3985 2474 4039; x_wconf 86' lang='grc' dir='ltr'><strong>Ού</strong></span> <span class='ocrx_word' id='word_1_601' title='bbox 2503 3982 2612 4051; x_wconf 84' lang='grc' dir='ltr'><strong>γὰρ</strong></span> <span class='ocrx_word' id='word_1_602' title='bbox 2647 3980 2807 4049; x_wconf 90' lang='grc' dir='ltr'>μόνον</span> <span class='ocrx_word' id='word_1_603' title='bbox 2837 3977 2938 4029; x_wconf 85' lang='grc' dir='ltr'>οὑκ</span> <span class='ocrx_word' id='word_1_604' title='bbox 2975 3975 3194 4046; x_wconf 70' lang='grc' dir='ltr'>ἤκουον,</span> <span class='ocrx_word' id='word_1_605' title='bbox 3220 3970 3356 4024; x_wconf 77' lang='grc' dir='ltr'>ἀλλὰ</span> <span class='ocrx_word' id='word_1_606' title='bbox 3386 3969 3483 4022; x_wconf 80' lang='grc' dir='ltr'><strong>καὶ</strong></span> <span class='ocrx_word' id='word_1_607' title='bbox 3523 3967 3738 4036; x_wconf 85' lang='grc' dir='ltr'>βαρέως</span> 
     </span>
    </p>
   </div>
   <div class='ocr_carea' id='block_1_86' title="bbox 2157 4060 3741 4152">
    <p class='ocr_par' dir='ltr' id='par_1_86' title="bbox 2157 4060 3741 4152">
     <span class='ocr_line' id='line_1_86' title="bbox 2157 4060 3741 4152; baseline -0.016 -19"><span class='ocrx_word' id='word_1_608' title='bbox 2157 4082 2381 4152; x_wconf 74' lang='grc' dir='ltr'>ἤκουον.</span> <span class='ocrx_word' id='word_1_609' title='bbox 2448 4075 2749 4143; x_wconf 85' lang='grc' dir='ltr'>Ἐποίησαν</span> <span class='ocrx_word' id='word_1_610' title='bbox 2802 4071 2858 4122; x_wconf 79' lang='grc' dir='ltr'>δὲ</span> <span class='ocrx_word' id='word_1_611' title='bbox 2899 4067 3080 4134; x_wconf 81' lang='grc' dir='ltr'>τοῦτο,</span> <span class='ocrx_word' id='word_1_612' title='bbox 3112 4065 3270 4136; x_wconf 71' lang='grc' dir='ltr'>φησὶ,</span> <span class='ocrx_word' id='word_1_613' title='bbox 3305 4083 3324 4115; x_wconf 86' lang='grc' dir='ltr'>ι</span> <span class='ocrx_word' id='word_1_614' title='bbox 3358 4064 3583 4132; x_wconf 86' lang='grc' dir='ltr'><strong>Μήποτε</strong></span> <span class='ocrx_word' id='word_1_615' title='bbox 3614 4060 3741 4110; x_wconf 85' lang='grc' dir='ltr'><strong>ὲπι-</strong></span> 
     </span>
    </p>
   </div>
   <div class='ocr_carea' id='block_1_87' title="bbox 2161 4148 3737 4242">
    <p class='ocr_par' dir='ltr' id='par_1_87' title="bbox 2161 4148 3737 4242">
     <span class='ocr_line' id='line_1_87' title="bbox 2161 4148 3737 4242; baseline -0.017 -17"><span class='ocrx_word' id='word_1_616' title='bbox 2161 4148 2437 4242; x_wconf 75' lang='grc' dir='ltr'>στρέψωσι</span> <span class='ocrx_word' id='word_1_617' title='bbox 2469 4206 2485 4230; x_wconf 84' lang='grc'><strong>,</strong></span> <span class='ocrx_word' id='word_1_618' title='bbox 2541 4167 2638 4218; x_wconf 73' lang='grc' dir='ltr'><strong>καὶ</strong></span> <span class='ocrx_word' id='word_1_619' title='bbox 2691 4163 2933 4230; x_wconf 73' lang='grc' dir='ltr'>ίάσωμαι</span> <span class='ocrx_word' id='word_1_620' title='bbox 2983 4157 3203 4219; x_wconf 82' lang='grc' dir='ltr'>αὐτούς.</span> <span class='ocrx_word' id='word_1_621' title='bbox 3269 4174 3287 4206; x_wconf 77' lang='grc' dir='ltr'>ι</span> <span class='ocrx_word' id='word_1_622' title='bbox 3339 4148 3737 4220; x_wconf 72' lang='grc' dir='ltr'><strong>Καὶὲρεθίζων</strong></span> 
     </span>
    </p>
   </div>
   <div class='ocr_carea' id='block_1_88' title="bbox 2158 4241 3622 4324">
    <p class='ocr_par' dir='ltr' id='par_1_88' title="bbox 2158 4241 3622 4324">
     <span class='ocr_line' id='line_1_88' title="bbox 2158 4241 3622 4324; baseline -0.017 -6"><span class='ocrx_word' id='word_1_623' title='bbox 2158 4261 2392 4317; x_wconf 81' lang='grc' dir='ltr'>δεικνύει</span> <span class='ocrx_word' id='word_1_624' title='bbox 2414 4299 2430 4323; x_wconf 87' lang='grc'><strong><em>.</em></strong></span> <span class='ocrx_word' id='word_1_625' title='bbox 2458 4261 2548 4312; x_wconf 59' lang='grc' dir='ltr'><strong>’ὅτι</strong></span> <span class='ocrx_word' id='word_1_626' title='bbox 2595 4257 2662 4311; x_wconf 81' lang='grc' dir='ltr'>ἂν</span> <span class='ocrx_word' id='word_1_627' title='bbox 2693 4252 3124 4324; x_wconf 78' lang='grc' dir='ltr'>ἐπιστρέψωσιν,</span> <span class='ocrx_word' id='word_1_628' title='bbox 3158 4247 3375 4302; x_wconf 75' lang='grc' dir='ltr'>ἰάσεται</span> <span class='ocrx_word' id='word_1_629' title='bbox 3408 4241 3622 4304; x_wconf 81' lang='grc' dir='ltr'>αὑτούς.</span> 
     </span>
    </p>
   </div>
   <div class='ocr_carea' id='block_1_89' title="bbox 1617 4770 2516 4837">
    <p class='ocr_par' dir='ltr' id='par_1_89' title="bbox 1617 4770 2516 4837">
     <span class='ocr_line' id='line_1_89' title="bbox 1617 4770 2516 4837; baseline -0.011 0"><span class='ocrx_word' id='word_1_630' title='bbox 1617 4773 1822 4837; x_wconf 74' lang='lat' dir='ltr'><strong>Varim</strong></span> <span class='ocrx_word' id='word_1_631' title='bbox 1868 4770 2173 4834; x_wconf 87' lang='lat' dir='ltr'><strong>lectiones</strong></span> <span class='ocrx_word' id='word_1_632' title='bbox 2217 4774 2278 4829; x_wconf 87' lang='lat' dir='ltr'><strong>et</strong></span> <span class='ocrx_word' id='word_1_633' title='bbox 2321 4772 2516 4828; x_wconf 61' lang='lat' dir='ltr'><strong>notae.</strong></span> 
     </span>
    </p>
   </div>
   <div class='ocr_carea' id='block_1_90' title="bbox 557 4928 2045 5024">
    <p class='ocr_par' dir='ltr' id='par_1_90' title="bbox 557 4935 2045 5024">
     <span class='ocr_line' id='line_1_90' title="bbox 557 4935 2045 5024; baseline -0.011 -17"><span class='ocrx_word' id='word_1_634' title='bbox 557 4949 670 5024; x_wconf 68' lang='grc'><strong>(42)</strong></span> <span class='ocrx_word' id='word_1_635' title='bbox 704 4947 1002 5006; x_wconf 85' lang='lat' dir='ltr'><strong>Hentenius</strong></span> <span class='ocrx_word' id='word_1_636' title='bbox 1028 4944 1394 5011; x_wconf 77' lang='lat' dir='ltr'><strong>vertithie,’ct</strong></span> <span class='ocrx_word' id='word_1_637' title='bbox 1417 4957 1559 4997; x_wconf 81' lang='lat' dir='ltr'><strong>mare</strong></span> <span class='ocrx_word' id='word_1_638' title='bbox 1577 4939 1868 5008; x_wconf 80' lang='lat' dir='ltr'><strong>implentes.</strong></span> <span class='ocrx_word' id='word_1_639' title='bbox 1897 4935 2045 4992; x_wconf 71' lang='lat' dir='ltr'><strong>Fort:</strong></span> 
     </span>
    </p>
   </div>
   <div class='ocr_carea' id='block_1_91' title="bbox 2146 4928 3086 5024">
    <p class='ocr_par' dir='ltr' id='par_1_91' title="bbox 2146 4928 3086 5005">
     <span class='ocr_line' id='line_1_91' title="bbox 2146 4928 3086 5005; baseline -0.009 -15"><span class='ocrx_word' id='word_1_640' title='bbox 2146 4953 2154 4990; x_wconf 71' lang='grc' dir='ltr'><em>ε</em></span> <span class='ocrx_word' id='word_1_641' title='bbox 2178 4949 2278 5005; x_wconf 90' lang='lat' dir='ltr'><strong>pro</strong></span> <span class='ocrx_word' id='word_1_642' title='bbox 2303 4933 2556 4994; x_wconf 85' lang='grc' dir='ltr'>πλέοντες</span> <span class='ocrx_word' id='word_1_643' title='bbox 2585 4931 2711 5001; x_wconf 89' lang='lat' dir='ltr'><strong>legit</strong></span> <span class='ocrx_word' id='word_1_644' title='bbox 2733 4928 3086 4999; x_wconf 76' lang='grc' dir='ltr'>πληροῦντες.</span> 
     </span>
    </p>
   </div>
   <div class='ocr_carea' id='block_1_92' title="bbox 2083 5108 2160 5123">
    <p class='ocr_par' dir='ltr' id='par_1_92' title="bbox 2083 5108 2160 5123">
     <span class='ocr_line' id='line_1_92' title="bbox 2083 5108 2160 5123; baseline -0.013 0"><span class='ocrx_word' id='word_1_645' title='bbox 2083 5108 2160 5123; x_wconf 69' lang='grc' dir='ltr'><strong>-ι</strong></span> 
     </span>
    </p>
   </div>
   <div class='ocr_carea' id='block_1_93' title="bbox 1925 5245 2332 5313">
    <p class='ocr_par' dir='ltr' id='par_1_93' title="bbox 1925 5245 2332 5313">
     <span class='ocr_line' id='line_1_93' title="bbox 1925 5245 2332 5313; baseline -0.012 0"><span class='ocrx_word' id='word_1_646' title='bbox 1925 5245 2332 5313; x_wconf 81' lang='lat' dir='ltr'><strong>MONI&#39;I‘UM.</strong></span> 
     </span>
    </p>
   </div>
   <div class='ocr_carea' id='block_1_94' title="bbox 550 5397 3750 5498">
    <p class='ocr_par' dir='ltr' id='par_1_94' title="bbox 550 5397 3750 5498">
     <span class='ocr_line' id='line_1_94' title="bbox 550 5397 3750 5498; baseline -0.016 -7"><span class='ocrx_word' id='word_1_647' title='bbox 550 5438 755 5492; x_wconf 81' lang='lat' dir='ltr'><strong>Tertius</strong></span> <span class='ocrx_word' id='word_1_648' title='bbox 774 5435 857 5498; x_wconf 85' lang='lat' dir='ltr'><strong>qui</strong></span> <span class='ocrx_word' id='word_1_649' title='bbox 879 5428 1109 5494; x_wconf 86' lang='lat' dir='ltr'><strong>sequitur</strong></span> <span class='ocrx_word' id='word_1_650' title='bbox 1133 5432 1300 5478; x_wconf 80' lang='lat' dir='ltr'><strong>textus</strong></span> <span class='ocrx_word' id='word_1_651' title='bbox 1329 5418 1669 5478; x_wconf 80' lang='lat' dir='ltr'><strong>commentarii</strong></span> <span class='ocrx_word' id='word_1_652' title='bbox 1697 5421 1744 5468; x_wconf 91' lang='lat' dir='ltr'><strong>in</strong></span> <span class='ocrx_word' id='word_1_653' title='bbox 1769 5419 1888 5469; x_wconf 83' lang='lat' dir='ltr'><strong>Acta</strong></span> <span class='ocrx_word' id='word_1_654' title='bbox 1911 5430 1937 5466; x_wconf 87' lang='lat' dir='ltr'><strong>a</strong></span> <span class='ocrx_word' id='word_1_655' title='bbox 1958 5415 2151 5464; x_wconf 82' lang='lat' dir='ltr'><strong>duobus</strong></span> <span class='ocrx_word' id='word_1_656' title='bbox 2177 5409 2349 5498; x_wconf 56' lang='lat' dir='ltr'><strong>primils</strong></span> <span class='ocrx_word' id='word_1_657' title='bbox 2380 5412 2427 5460; x_wconf 89' lang='lat' dir='ltr'><strong>in</strong></span> <span class='ocrx_word' id='word_1_658' title='bbox 2459 5404 2914 5498; x_wconf 50' lang='lat' dir='ltr'><strong>editione‘Veneta,</strong></span> <span class='ocrx_word' id='word_1_659' title='bbox 2945 5401 3118 5475; x_wconf 82' lang='lat' dir='ltr'><strong>multis</strong></span> <span class='ocrx_word' id='word_1_660' title='bbox 3139 5400 3436 5472; x_wconf 76' lang='lat' dir='ltr'><strong>interiectis.</strong></span> <span class='ocrx_word' id='word_1_661' title='bbox 3456 5397 3632 5458; x_wconf 78' lang='lat' dir='ltr'><strong>sejung</strong></span> <span class='ocrx_word' id='word_1_662' title='bbox 3645 5401 3750 5478; x_wconf 54' lang='lat' dir='ltr'><strong>tur.</strong></span> 
     </span>
     <span class='ocr_line' id='line_1_95' title="bbox 1424 5460 3726 5498; baseline 0 0"><span class='ocrx_word' id='word_1_663' title='bbox 1424 5491 1433 5498; x_wconf 85' lang='lat'><strong>.</strong></span> <span class='ocrx_word' id='word_1_664' title='bbox 1499 5490 1506 5497; x_wconf 93' lang='lat'><strong>.</strong></span> <span class='ocrx_word' id='word_1_665' title='bbox 1641 5488 1652 5498; x_wconf 89' lang='lat'><strong>.</strong></span> <span class='ocrx_word' id='word_1_666' title='bbox 1678 5489 1709 5498; x_wconf 89' lang='lat'><strong>_.</strong></span> <span class='ocrx_word' id='word_1_667' title='bbox 1784 5485 1816 5498; x_wconf 59' lang='lat'><strong>_-,</strong></span> <span class='ocrx_word' id='word_1_668' title='bbox 1852 5495 1925 5498; x_wconf 42' lang='grc' dir='ltr'><strong>η--</strong></span> <span class='ocrx_word' id='word_1_669' title='bbox 1953 5487 2046 5498; x_wconf 68' lang='lat'><strong>-___.</strong></span> <span class='ocrx_word' id='word_1_670' title='bbox 2069 5491 2080 5498; x_wconf 90' lang='lat'><strong>.</strong></span> <span class='ocrx_word' id='word_1_671' title='bbox 2107 5491 2194 5498; x_wconf 47' lang='grc' dir='ltr'><strong>...ιη</strong></span> <span class='ocrx_word' id='word_1_672' title='bbox 2225 5489 2280 5498; x_wconf 82' lang='lat'><strong>.._</strong></span> <span class='ocrx_word' id='word_1_673' title='bbox 2340 5488 2426 5498; x_wconf 60' lang='grc' dir='ltr'><strong>..μη</strong></span> <span class='ocrx_word' id='word_1_674' title='bbox 2452 5488 2547 5498; x_wconf 69' lang='grc' dir='ltr'><strong>..ηη</strong></span> <span class='ocrx_word' id='word_1_675' title='bbox 2573 5486 2660 5498; x_wconf 64' lang='grc' dir='ltr'><strong>-..Α</strong></span> <span class='ocrx_word' id='word_1_676' title='bbox 2700 5485 2775 5498; x_wconf 81' lang='grc' dir='ltr'><strong>...η</strong></span> <span class='ocrx_word' id='word_1_677' title='bbox 2793 5477 3157 5498; x_wconf 67' lang='grc' dir='ltr'><strong>..οιοηρηιιιηιιια-</strong></span> <span class='ocrx_word' id='word_1_678' title='bbox 3182 5464 3268 5498; x_wconf 68' lang='lat' dir='ltr'><strong>and</strong></span> <span class='ocrx_word' id='word_1_679' title='bbox 3295 5463 3407 5498; x_wconf 66' lang='lat' dir='ltr'><strong>inde</strong></span> <span class='ocrx_word' id='word_1_680' title='bbox 3433 5460 3526 5498; x_wconf 68' lang='lat' dir='ltr'><strong>hm&#39;.</strong></span> <span class='ocrx_word' id='word_1_681' title='bbox 3564 5463 3726 5498; x_wconf 73' lang='lat' dir='ltr'><strong>nrluln</strong></span> 
     </span>
    </p>
   </div>
   <div class='ocr_carea' id='block_1_95' title="bbox 493 5460 3726 5566">
    <p class='ocr_par' dir='ltr' id='par_1_95' title="bbox 493 5460 3726 5566">
     <span class='ocr_line' id='line_1_96' title="bbox 493 5460 3726 5566; baseline -0.016 -13"><span class='ocrx_word' id='word_1_682' title='bbox 493 5460 1825 5566; x_wconf 43' lang='lat' dir='ltr'><strong>qui:&#39;ilnsﬁil‘iitig&#39;£63$Ri$ii§fd§¥dinoras</strong></span> <span class='ocrx_word' id='word_1_683' title='bbox 1849 5487 2080 5536; x_wconf 86' lang='lat' dir='ltr'><strong>venerat;</strong></span> <span class='ocrx_word' id='word_1_684' title='bbox 2107 5460 2198 5524; x_wconf 79' lang='lat' dir='ltr'><strong>nosr</strong></span> <span class='ocrx_word' id='word_1_685' title='bbox 2223 5489 2283 5523; x_wconf 83' lang='lat' dir='ltr'><strong>ex</strong></span> <span class='ocrx_word' id='word_1_686' title='bbox 2321 5477 2427 5523; x_wconf 82' lang='lat' dir='ltr'><strong>loco</strong></span> <span class='ocrx_word' id='word_1_687' title='bbox 2452 5488 2549 5522; x_wconf 88' lang='lat' dir='ltr'><strong>non</strong></span> <span class='ocrx_word' id='word_1_688' title='bbox 2573 5486 2661 5521; x_wconf 84' lang='lat' dir='ltr'><strong>suo</strong></span> <span class='ocrx_word' id='word_1_689' title='bbox 2682 5472 2776 5519; x_wconf 89' lang='lat' dir='ltr'><strong>huc</strong></span> <span class='ocrx_word' id='word_1_690' title='bbox 2793 5460 3158 5541; x_wconf 59' lang='lat' dir='ltr'><strong>revocat-imus;</strong></span> <span class='ocrx_word' id='word_1_691' title='bbox 3182 5464 3268 5510; x_wconf 86' lang='lat' dir='ltr'><strong>sed</strong></span> <span class='ocrx_word' id='word_1_692' title='bbox 3295 5463 3407 5510; x_wconf 90' lang='lat' dir='ltr'><strong>inde</strong></span> <span class='ocrx_word' id='word_1_693' title='bbox 3433 5460 3526 5508; x_wconf 90' lang='lat' dir='ltr'><strong>hoc</strong></span> <span class='ocrx_word' id='word_1_694' title='bbox 3564 5463 3726 5505; x_wconf 85' lang='lat' dir='ltr'><strong>ortqu</strong></span> 
     </span>
     <span class='ocr_line' id='line_1_97' title="bbox 614 5525 3719 5566; baseline -0.001 2"><span class='ocrx_word' id='word_1_695' title='bbox 614 5563 622 5566; x_wconf 86' lang='lat'><strong>.</strong></span> <span class='ocrx_word' id='word_1_696' title='bbox 871 5560 896 5566; x_wconf 87' lang='lat'><strong>..</strong></span> <span class='ocrx_word' id='word_1_697' title='bbox 1055 5556 1067 5566; x_wconf 88' lang='lat'><strong>.</strong></span> <span class='ocrx_word' id='word_1_698' title='bbox 1568 5553 1665 5566; x_wconf 43' lang='grc' dir='ltr'><strong>,μμ</strong></span> <span class='ocrx_word' id='word_1_699' title='bbox 1689 5562 1745 5566; x_wconf 61' lang='grc' dir='ltr'><strong>.-μ</strong></span> <span class='ocrx_word' id='word_1_700' title='bbox 1783 5548 1937 5566; x_wconf 51' lang='grc' dir='ltr'><strong>...κ-ιη..</strong></span> <span class='ocrx_word' id='word_1_701' title='bbox 1963 5543 2073 5566; x_wconf 67' lang='lat' dir='ltr'><strong>....I..</strong></span> <span class='ocrx_word' id='word_1_702' title='bbox 2107 5551 2262 5566; x_wconf 61' lang='grc' dir='ltr'><strong>..ρηηη</strong></span> <span class='ocrx_word' id='word_1_703' title='bbox 2295 5537 2351 5566; x_wconf 79' lang='grc' dir='ltr'><strong>..ιι</strong></span> <span class='ocrx_word' id='word_1_704' title='bbox 2380 5537 2653 5566; x_wconf 71' lang='grc' dir='ltr'><strong>ηηιιιινηηιιηὶ</strong></span> <span class='ocrx_word' id='word_1_705' title='bbox 2693 5533 2798 5566; x_wconf 72' lang='lat' dir='ltr'><strong>Il?“</strong></span> <span class='ocrx_word' id='word_1_706' title='bbox 2852 5535 3255 5566; x_wconf 61' lang='lat' dir='ltr'><strong>intprrnmnalun</strong></span> <span class='ocrx_word' id='word_1_707' title='bbox 3298 5525 3367 5566; x_wconf 81' lang='lat' dir='ltr'><strong>Ile</strong></span> <span class='ocrx_word' id='word_1_708' title='bbox 3395 5535 3496 5566; x_wconf 85' lang='lat' dir='ltr'><strong>auo</strong></span> <span class='ocrx_word' id='word_1_709' title='bbox 3521 5531 3719 5566; x_wconf 84' lang='lat' dir='ltr'><strong>tmonen</strong></span> 
     </span>
    </p>
   </div>
   <div class='ocr_carea' id='block_1_96' title="bbox 496 5525 3752 5620">
    <p class='ocr_par' dir='ltr' id='par_1_96' title="bbox 496 5525 3752 5620">
     <span class='ocr_line' id='line_1_98' title="bbox 496 5525 3752 5620; baseline -0.016 -7"><span class='ocrx_word' id='word_1_710' title='bbox 2107 5551 2262 5599; x_wconf 83' lang='lat' dir='ltr'><strong>usque</strong></span> <span class='ocrx_word' id='word_1_711' title='bbox 2294 5537 2352 5586; x_wconf 89' lang='lat' dir='ltr'><strong>ad</strong></span> <span class='ocrx_word' id='word_1_712' title='bbox 2379 5537 2656 5585; x_wconf 85' lang='lat' dir='ltr'><strong>columnam</strong></span> <span class='ocrx_word' id='word_1_713' title='bbox 2693 5533 2804 5580; x_wconf 77' lang='lat' dir='ltr'><strong>ll5l</strong></span> <span class='ocrx_word' id='word_1_714' title='bbox 2852 5533 3256 5586; x_wconf 83' lang='lat' dir='ltr'><strong>interrumpatur.</strong></span> <span class='ocrx_word' id='word_1_715' title='bbox 3295 5525 3367 5574; x_wconf 87' lang='lat' dir='ltr'><strong>De</strong></span> <span class='ocrx_word' id='word_1_716' title='bbox 3395 5535 3496 5585; x_wconf 93' lang='lat' dir='ltr'><strong>quo</strong></span> <span class='ocrx_word' id='word_1_717' title='bbox 3521 5531 3752 5581; x_wconf 69' lang='lat' dir='ltr'><strong>tmoncn-</strong></span> 
     </span>
    </p>
   </div>
   <div class='ocr_carea' id='block_1_97' title="bbox 495 5619 1261 5674">
    <p class='ocr_par' dir='ltr' id='par_1_97' title="bbox 495 5619 1261 5674">
     <span class='ocr_line' id='line_1_99' title="bbox 495 5619 1261 5674; baseline -0.009 -3"><span class='ocrx_word' id='word_1_718' title='bbox 495 5624 588 5674; x_wconf 87' lang='lat' dir='ltr'><strong>dus</strong></span> <span class='ocrx_word' id='word_1_719' title='bbox 612 5630 720 5672; x_wconf 86' lang='lat' dir='ltr'><strong>erat</strong></span> <span class='ocrx_word' id='word_1_720' title='bbox 742 5619 934 5671; x_wconf 73' lang='lat' dir='ltr'><strong>Lector.</strong></span> <span class='ocrx_word' id='word_1_721' title='bbox 950 5619 1082 5668; x_wconf 73' lang='lat' dir='ltr'><strong>Eutr.</strong></span> <span class='ocrx_word' id='word_1_722' title='bbox 1111 5619 1261 5666; x_wconf 76' lang='lat' dir='ltr'><strong>Pnn.</strong></span> 
     </span>
    </p>
   </div>
  </div>
