  <div class='ocr_page' id='page_1' title='image "/cluster/home/n/w/nwhite01/storage/ocr_20150623/125:no.3/coo.31924054870302/538.png"; bbox 0 0 4082 6422; ppageno 0'>
   <div class='ocr_carea' id='block_1_1' title="bbox 391 411 526 478">
    <p class='ocr_par' dir='ltr' id='par_1_1' title="bbox 391 411 526 478">
     <span class='ocr_line' id='line_1_1' title="bbox 391 411 526 478; baseline 0 0"><span class='ocrx_word' id='word_1_1' title='bbox 391 411 526 478; x_wconf 77' lang='lat'>1061</span> 
     </span>
    </p>
   </div>
   <div class='ocr_carea' id='block_1_2' title="bbox 416 564 2371 604">
    <p class='ocr_par' dir='ltr' id='par_1_2' title="bbox 416 564 2371 604">
     <span class='ocr_line' id='line_1_2' title="bbox 416 564 2371 604; baseline 0.007 -12"><span class='ocrx_word' id='word_1_2' title='bbox 416 564 2371 604; x_wconf 48' lang='grc' dir='ltr'><em>Μ</em></span> 
     </span>
    </p>
   </div>
   <div class='ocr_carea' id='block_1_3' title="bbox 1132 418 2749 487">
    <p class='ocr_par' dir='ltr' id='par_1_3' title="bbox 1132 418 2749 487">
     <span class='ocr_line' id='line_1_3' title="bbox 1132 418 2749 487; baseline 0.006 -9"><span class='ocrx_word' id='word_1_3' title='bbox 1132 418 1665 482; x_wconf 84' lang='lat' dir='ltr'>EXPOSITIONIS</span> <span class='ocrx_word' id='word_1_4' title='bbox 1709 422 1787 482; x_wconf 88' lang='lat' dir='ltr'><strong>IN</strong></span> <span class='ocrx_word' id='word_1_5' title='bbox 1824 421 2010 480; x_wconf 82' lang='lat' dir='ltr'>ACTA</span> <span class='ocrx_word' id='word_1_6' title='bbox 2050 421 2354 484; x_wconf 83' lang='lat' dir='ltr'>TEXTUS</span> <span class='ocrx_word' id='word_1_7' title='bbox 2393 425 2749 487; x_wconf 72' lang='lat' dir='ltr'><strong>TERTIUS.</strong></span> 
     </span>
    </p>
   </div>
   <div class='ocr_carea' id='block_1_4' title="bbox 3505 431 3642 498">
    <p class='ocr_par' dir='ltr' id='par_1_4' title="bbox 3505 431 3642 498">
     <span class='ocr_line' id='line_1_4' title="bbox 3505 431 3642 498; baseline 0 -2"><span class='ocrx_word' id='word_1_8' title='bbox 3505 431 3642 498; x_wconf 72' lang='lat'>1062</span> 
     </span>
    </p>
   </div>
   <div class='ocr_carea' id='block_1_5' title="bbox 1630 737 2398 868">
    <p class='ocr_par' dir='ltr' id='par_1_5' title="bbox 1630 737 2398 868">
     <span class='ocr_line' id='line_1_5' title="bbox 1630 737 2398 868; baseline 0.009 -7"><span class='ocrx_word' id='word_1_9' title='bbox 1630 737 2398 868; x_wconf 84' lang='grc' dir='ltr'>ΕΞΗΓΗΣΙΣ</span> 
     </span>
    </p>
   </div>
   <div class='ocr_carea' id='block_1_6' title="bbox 956 961 3067 1070">
    <p class='ocr_par' dir='ltr' id='par_1_6' title="bbox 956 961 3067 1070">
     <span class='ocr_line' id='line_1_6' title="bbox 956 961 3067 1070; baseline 0.007 -19"><span class='ocrx_word' id='word_1_10' title='bbox 956 963 1133 1052; x_wconf 89' lang='grc' dir='ltr'>ΕΙΣ</span> <span class='ocrx_word' id='word_1_11' title='bbox 1204 968 1412 1055; x_wconf 91' lang='grc' dir='ltr'>ΤΑΣ</span> <span class='ocrx_word' id='word_1_12' title='bbox 1483 961 1960 1058; x_wconf 85' lang='grc' dir='ltr'>ΠΡΑΞΕΙΣ</span> <span class='ocrx_word' id='word_1_13' title='bbox 2032 975 2259 1064; x_wconf 85' lang='grc' dir='ltr'>ΤΩΝ</span> <span class='ocrx_word' id='word_1_14' title='bbox 2350 977 3067 1070; x_wconf 85' lang='grc' dir='ltr'>ΑΠΟΣΤΟΛΩΝ.</span> 
     </span>
    </p>
   </div>
   <div class='ocr_carea' id='block_1_7' title="bbox 1463 1332 2601 1450">
    <p class='ocr_par' dir='ltr' id='par_1_7' title="bbox 1463 1332 2601 1450">
     <span class='ocr_line' id='line_1_7' title="bbox 1463 1332 2601 1450; baseline 0.002 -4"><span class='ocrx_word' id='word_1_15' title='bbox 1463 1332 2601 1450; x_wconf 80' lang='lat' dir='ltr'>COMMENTARIUS</span> 
     </span>
    </p>
   </div>
   <div class='ocr_carea' id='block_1_8' title="bbox 1277 1570 2786 1668">
    <p class='ocr_par' dir='ltr' id='par_1_8' title="bbox 1277 1570 2786 1668">
     <span class='ocr_line' id='line_1_8' title="bbox 1277 1570 2786 1668; baseline 0.003 -8"><span class='ocrx_word' id='word_1_16' title='bbox 1277 1575 1407 1662; x_wconf 92' lang='lat' dir='ltr'>IN</span> <span class='ocrx_word' id='word_1_17' title='bbox 1507 1571 1795 1662; x_wconf 86' lang='lat' dir='ltr'><strong>ACTA</strong></span> <span class='ocrx_word' id='word_1_18' title='bbox 1900 1570 2598 1668; x_wconf 82' lang='lat' dir='ltr'>APOSTOLOR</span> <span class='ocrx_word' id='word_1_19' title='bbox 2623 1576 2786 1666; x_wconf 91' lang='lat' dir='ltr'>UM</span> 
     </span>
    </p>
   </div>
   <div class='ocr_carea' id='block_1_9' title="bbox 899 1762 3136 1837">
    <p class='ocr_par' dir='ltr' id='par_1_9' title="bbox 899 1762 3136 1837">
     <span class='ocr_line' id='line_1_9' title="bbox 899 1762 3136 1837; baseline 0.004 -10"><span class='ocrx_word' id='word_1_20' title='bbox 899 1769 996 1828; x_wconf 77' lang='lat' dir='ltr'>Ex</span> <span class='ocrx_word' id='word_1_21' title='bbox 1050 1766 1270 1829; x_wconf 84' lang='lat' dir='ltr'>codice</span> <span class='ocrx_word' id='word_1_22' title='bbox 1324 1763 1703 1829; x_wconf 78' lang='lat' dir='ltr'>Florentino</span> <span class='ocrx_word' id='word_1_23' title='bbox 1753 1762 2161 1828; x_wconf 65' lang='lat' dir='ltr'>bibliotheca:</span> <span class='ocrx_word' id='word_1_24' title='bbox 2228 1766 2521 1831; x_wconf 85' lang='lat' dir='ltr'>Mediceo</span> <span class='ocrx_word' id='word_1_25' title='bbox 2547 1771 3026 1836; x_wconf 73' lang='lat' dir='ltr'>-Laurentiamn</span> <span class='ocrx_word' id='word_1_26' title='bbox 3073 1777 3136 1837; x_wconf 63' lang='lat'>4&quot;.</span> 
     </span>
    </p>
   </div>
   <div class='ocr_carea' id='block_1_10' title="bbox 483 2081 3655 2163">
    <p class='ocr_par' dir='ltr' id='par_1_10' title="bbox 483 2081 3655 2163">
     <span class='ocr_line' id='line_1_10' title="bbox 483 2081 3655 2163; baseline 0 -19"><span class='ocrx_word' id='word_1_27' title='bbox 483 2091 789 2161; x_wconf 76' lang='grc' dir='ltr'>Ἀντιοχεὺς</span> <span class='ocrx_word' id='word_1_28' title='bbox 819 2089 1080 2163; x_wconf 78' lang='grc' dir='ltr'>ὑπάρχων</span> <span class='ocrx_word' id='word_1_29' title='bbox 1112 2088 1174 2142; x_wconf 82' lang='grc' dir='ltr'>τδ</span> <span class='ocrx_word' id='word_1_30' title='bbox 1196 2087 1352 2157; x_wconf 76' lang='grc' dir='ltr'>γένος</span> <span class='ocrx_word' id='word_1_31' title='bbox 1377 2088 1406 2140; x_wconf 87' lang='grc' dir='ltr'>ὁ</span> <span class='ocrx_word' id='word_1_32' title='bbox 1430 2087 1666 2153; x_wconf 79' lang='grc' dir='ltr'>Λουκᾶς,</span> <span class='ocrx_word' id='word_1_33' title='bbox 1705 2083 1887 2154; x_wconf 75' lang='grc' dir='ltr'>ἰατρός</span> <span class='ocrx_word' id='word_1_34' title='bbox 1914 2099 1974 2136; x_wconf 90' lang='grc' dir='ltr'>τε</span> <span class='ocrx_word' id='word_1_35' title='bbox 2002 2087 2048 2144; x_wconf 77' lang='grc' dir='ltr'>Α</span> <span class='ocrx_word' id='word_1_36' title='bbox 2078 2082 2296 2145; x_wconf 90' lang='grc' dir='ltr'>τούτου,</span> <span class='ocrx_word' id='word_1_37' title='bbox 2327 2081 2504 2146; x_wconf 71' lang='grc' dir='ltr'>οὐδεὶς</span> <span class='ocrx_word' id='word_1_38' title='bbox 2551 2083 2686 2154; x_wconf 77' lang='grc' dir='ltr'>ἡμῖν</span> <span class='ocrx_word' id='word_1_39' title='bbox 2715 2083 2854 2153; x_wconf 84' lang='grc' dir='ltr'>μετά</span> <span class='ocrx_word' id='word_1_40' title='bbox 2908 2085 3198 2155; x_wconf 78' lang='grc' dir='ltr'>ἀκριϐείας</span> <span class='ocrx_word' id='word_1_41' title='bbox 3230 2083 3383 2140; x_wconf 76' lang='grc' dir='ltr'>εἶπεν</span> <span class='ocrx_word' id='word_1_42' title='bbox 3413 2087 3655 2145; x_wconf 81' lang='grc' dir='ltr'>ἅπαντα.</span> 
     </span>
    </p>
   </div>
   <div class='ocr_carea' id='block_1_11' title="bbox 399 2175 1975 2253">
    <p class='ocr_par' dir='ltr' id='par_1_11' title="bbox 399 2175 1975 2253">
     <span class='ocr_line' id='line_1_11' title="bbox 399 2175 1975 2253; baseline -0.004 -18"><span class='ocrx_word' id='word_1_43' title='bbox 399 2182 500 2252; x_wconf 76' lang='grc' dir='ltr'>τὴν</span> <span class='ocrx_word' id='word_1_44' title='bbox 527 2180 748 2253; x_wconf 80' lang='grc' dir='ltr'>τέχνην,</span> <span class='ocrx_word' id='word_1_45' title='bbox 781 2181 877 2236; x_wconf 90' lang='grc' dir='ltr'>δύο</span> <span class='ocrx_word' id='word_1_46' title='bbox 899 2181 1122 2252; x_wconf 77' lang='grc' dir='ltr'>βίϐλους</span> <span class='ocrx_word' id='word_1_47' title='bbox 1163 2179 1564 2251; x_wconf 76' lang='grc' dir='ltr'>συνεγράψατο,</span> <span class='ocrx_word' id='word_1_48' title='bbox 1595 2178 1726 2248; x_wconf 88' lang='grc' dir='ltr'>μίαν</span> <span class='ocrx_word' id='word_1_49' title='bbox 1753 2177 1852 2248; x_wconf 83' lang='grc' dir='ltr'>τὴν</span> <span class='ocrx_word' id='word_1_50' title='bbox 1881 2175 1975 2228; x_wconf 90' lang='grc' dir='ltr'>τοῦ</span> 
     </span>
    </p>
   </div>
   <div class='ocr_carea' id='block_1_12' title="bbox 399 2267 1979 2344">
    <p class='ocr_par' dir='ltr' id='par_1_12' title="bbox 399 2267 1979 2344">
     <span class='ocr_line' id='line_1_12' title="bbox 399 2267 1979 2344; baseline -0.004 -18"><span class='ocrx_word' id='word_1_51' title='bbox 399 2271 867 2342; x_wconf 78' lang='grc' dir='ltr'>Εύαγγελίου,κα“ι</span> <span class='ocrx_word' id='word_1_52' title='bbox 892 2271 1152 2343; x_wconf 79' lang='grc' dir='ltr'>δευτέραν</span> <span class='ocrx_word' id='word_1_53' title='bbox 1195 2269 1421 2344; x_wconf 90' lang='grc' dir='ltr'>[ταύτην</span> <span class='ocrx_word' id='word_1_54' title='bbox 1461 2269 1561 2341; x_wconf 87' lang='grc' dir='ltr'>τὴν</span> <span class='ocrx_word' id='word_1_55' title='bbox 1586 2269 1695 2322; x_wconf 89' lang='grc' dir='ltr'>τῶν</span> <span class='ocrx_word' id='word_1_56' title='bbox 1720 2267 1979 2320; x_wconf 84' lang='grc' dir='ltr'>Ἀποστό-</span> 
     </span>
    </p>
   </div>
   <div class='ocr_carea' id='block_1_13' title="bbox 399 2361 1975 2438">
    <p class='ocr_par' dir='ltr' id='par_1_13' title="bbox 399 2361 1975 2438">
     <span class='ocr_line' id='line_1_13' title="bbox 399 2361 1975 2438; baseline 0.001 -21"><span class='ocrx_word' id='word_1_57' title='bbox 399 2365 534 2438; x_wconf 87' lang='grc' dir='ltr'>λων]</span> <span class='ocrx_word' id='word_1_58' title='bbox 567 2366 1045 2438; x_wconf 81' lang='grc' dir='ltr'>Πράξεων.Ἔστιν</span> <span class='ocrx_word' id='word_1_59' title='bbox 1077 2361 1170 2420; x_wconf 86' lang='grc' dir='ltr'>οῦν</span> <span class='ocrx_word' id='word_1_60' title='bbox 1198 2368 1227 2420; x_wconf 86' lang='grc' dir='ltr'><em>ὁ</em></span> <span class='ocrx_word' id='word_1_61' title='bbox 1258 2366 1364 2430; x_wconf 76' lang='grc' dir='ltr'>πᾶς</span> <span class='ocrx_word' id='word_1_62' title='bbox 1391 2364 1551 2432; x_wconf 80' lang='grc' dir='ltr'>λόγος</span> <span class='ocrx_word' id='word_1_63' title='bbox 1574 2362 1722 2433; x_wconf 82' lang='grc' dir='ltr'>αὐτῷ</span> <span class='ocrx_word' id='word_1_64' title='bbox 1743 2361 1822 2432; x_wconf 88' lang='lat' dir='ltr'>(a)</span> <span class='ocrx_word' id='word_1_65' title='bbox 1845 2362 1975 2432; x_wconf 77' lang='grc' dir='ltr'>περὶ</span> 
     </span>
    </p>
   </div>
   <div class='ocr_carea' id='block_1_14' title="bbox 397 2452 1975 2527">
    <p class='ocr_par' dir='ltr' id='par_1_14' title="bbox 397 2452 1975 2527">
     <span class='ocr_line' id='line_1_14' title="bbox 397 2452 1975 2527; baseline -0.003 -18"><span class='ocrx_word' id='word_1_66' title='bbox 397 2456 502 2525; x_wconf 81' lang='grc' dir='ltr'>τῆς</span> <span class='ocrx_word' id='word_1_67' title='bbox 569 2457 708 2526; x_wconf 89' lang='grc' dir='ltr'>μετά</span> <span class='ocrx_word' id='word_1_68' title='bbox 752 2457 851 2526; x_wconf 80' lang='grc' dir='ltr'>τὴν</span> <span class='ocrx_word' id='word_1_69' title='bbox 882 2455 1184 2512; x_wconf 80' lang='grc' dir='ltr'>ἀνάστασιν</span> <span class='ocrx_word' id='word_1_70' title='bbox 1217 2454 1320 2527; x_wconf 76' lang='grc' dir='ltr'>[είς</span> <span class='ocrx_word' id='word_1_71' title='bbox 1361 2455 1624 2526; x_wconf 77' lang='grc' dir='ltr'>οὐρανοὺς</span> <span class='ocrx_word' id='word_1_72' title='bbox 1660 2453 1848 2507; x_wconf 87' lang='grc' dir='ltr'>ἀνόδου</span> <span class='ocrx_word' id='word_1_73' title='bbox 1878 2452 1975 2506; x_wconf 86' lang='grc' dir='ltr'>τοῦ</span> 
     </span>
    </p>
   </div>
   <div class='ocr_carea' id='block_1_15' title="bbox 401 2545 1976 2619">
    <p class='ocr_par' dir='ltr' id='par_1_15' title="bbox 401 2545 1976 2619">
     <span class='ocr_line' id='line_1_15' title="bbox 401 2545 1976 2619; baseline -0.002 -18"><span class='ocrx_word' id='word_1_74' title='bbox 401 2548 670 2618; x_wconf 79' lang='grc' dir='ltr'>Χριστοῦ,</span> <span class='ocrx_word' id='word_1_75' title='bbox 714 2549 810 2602; x_wconf 72' lang='grc' dir='ltr'>καὶ</span> <span class='ocrx_word' id='word_1_76' title='bbox 844 2551 943 2619; x_wconf 81' lang='grc' dir='ltr'>τῆς</span> <span class='ocrx_word' id='word_1_77' title='bbox 974 2549 1068 2602; x_wconf 86' lang='grc' dir='ltr'>τοῦ</span> <span class='ocrx_word' id='word_1_78' title='bbox 1097 2547 1413 2618; x_wconf 90' lang='grc' dir='ltr'>Πνεύματος</span> <span class='ocrx_word' id='word_1_79' title='bbox 1452 2549 1530 2610; x_wconf 84' lang='grc' dir='ltr'>είς</span> <span class='ocrx_word' id='word_1_80' title='bbox 1569 2547 1700 2610; x_wconf 71' lang='grc' dir='ltr'>τοῦς</span> <span class='ocrx_word' id='word_1_81' title='bbox 1741 2545 1976 2600; x_wconf 87' lang='grc' dir='ltr'>ἀποστό-</span> 
     </span>
    </p>
   </div>
   <div class='ocr_carea' id='block_1_16' title="bbox 398 2638 1976 2714">
    <p class='ocr_par' dir='ltr' id='par_1_16' title="bbox 398 2638 1976 2714">
     <span class='ocr_line' id='line_1_16' title="bbox 398 2638 1976 2714; baseline 0 -22"><span class='ocrx_word' id='word_1_82' title='bbox 398 2640 525 2703; x_wconf 87' lang='grc' dir='ltr'>λους</span> <span class='ocrx_word' id='word_1_83' title='bbox 553 2639 994 2713; x_wconf 77' lang='grc' dir='ltr'>ὲπιιροι[τήσεως,</span> <span class='ocrx_word' id='word_1_84' title='bbox 1030 2639 1202 2714; x_wconf 84' lang='grc' dir='ltr'>ὅπως]</span> <span class='ocrx_word' id='word_1_85' title='bbox 1229 2641 1322 2694; x_wconf 78' lang='grc' dir='ltr'>καὶ</span> <span class='ocrx_word' id='word_1_86' title='bbox 1346 2641 1470 2694; x_wconf 83' lang='grc' dir='ltr'>ὅποι</span> <span class='ocrx_word' id='word_1_87' title='bbox 1501 2641 1600 2712; x_wconf 82' lang='grc' dir='ltr'>τὴν</span> <span class='ocrx_word' id='word_1_88' title='bbox 1635 2641 1715 2702; x_wconf 88' lang='grc' dir='ltr'>είς</span> <span class='ocrx_word' id='word_1_89' title='bbox 1740 2638 1976 2711; x_wconf 77' lang='grc' dir='ltr'>Χριστὸν</span> 
     </span>
    </p>
   </div>
   <div class='ocr_carea' id='block_1_17' title="bbox 401 2720 1976 2804">
    <p class='ocr_par' dir='ltr' id='par_1_17' title="bbox 401 2720 1976 2804">
     <span class='ocr_line' id='line_1_17' title="bbox 401 2720 1976 2804; baseline 0.002 -22"><span class='ocrx_word' id='word_1_90' title='bbox 401 2720 686 2784; x_wconf 70' lang='grc' dir='ltr'>εὐσέϐειαν</span> <span class='ocrx_word' id='word_1_91' title='bbox 748 2731 1120 2802; x_wconf 77' lang='grc' dir='ltr'>κατήγγειλαν</span> <span class='ocrx_word' id='word_1_92' title='bbox 1171 2733 1220 2786; x_wconf 83' lang='grc' dir='ltr'>οἱ</span> <span class='ocrx_word' id='word_1_93' title='bbox 1277 2732 1541 2804; x_wconf 76' lang='grc' dir='ltr'>μαθηταὶ,</span> <span class='ocrx_word' id='word_1_94' title='bbox 1596 2731 1715 2804; x_wconf 73' lang='grc' dir='ltr'>[καὶ</span> <span class='ocrx_word' id='word_1_95' title='bbox 1763 2733 1839 2798; x_wconf 88' lang='grc' dir='ltr'>ὡς</span> <span class='ocrx_word' id='word_1_96' title='bbox 1887 2731 1976 2785; x_wconf 84' lang='grc' dir='ltr'>διὰ</span> 
     </span>
    </p>
   </div>
   <div class='ocr_carea' id='block_1_18' title="bbox 401 2822 1978 2896">
    <p class='ocr_par' dir='ltr' id='par_1_18' title="bbox 401 2822 1978 2896">
     <span class='ocr_line' id='line_1_18' title="bbox 401 2822 1978 2896; baseline 0.001 -21"><span class='ocrx_word' id='word_1_97' title='bbox 401 2825 709 2894; x_wconf 78' lang='grc' dir='ltr'>προσευχῆς</span> <span class='ocrx_word' id='word_1_98' title='bbox 738 2824 835 2876; x_wconf 73' lang='grc' dir='ltr'>καὶ</span> <span class='ocrx_word' id='word_1_99' title='bbox 870 2823 970 2894; x_wconf 85' lang='grc' dir='ltr'>τῆς</span> <span class='ocrx_word' id='word_1_100' title='bbox 997 2825 1078 2886; x_wconf 79' lang='grc' dir='ltr'>εἰς</span> <span class='ocrx_word' id='word_1_101' title='bbox 1129 2823 1363 2894; x_wconf 84' lang='grc' dir='ltr'>Χριστὸν</span> <span class='ocrx_word' id='word_1_102' title='bbox 1403 2823 1639 2886; x_wconf 85' lang='grc' dir='ltr'>πίστεως</span> <span class='ocrx_word' id='word_1_103' title='bbox 1679 2822 1978 2896; x_wconf 80' lang='grc' dir='ltr'>ὲθαυματ]-</span> 
     </span>
    </p>
   </div>
   <div class='ocr_carea' id='block_1_19' title="bbox 399 2912 1975 2986">
    <p class='ocr_par' dir='ltr' id='par_1_19' title="bbox 399 2912 1975 2986">
     <span class='ocr_line' id='line_1_19' title="bbox 399 2912 1975 2986; baseline -0.001 -18"><span class='ocrx_word' id='word_1_104' title='bbox 399 2915 697 2986; x_wconf 87' lang='grc' dir='ltr'>ούργησαν,</span> <span class='ocrx_word' id='word_1_105' title='bbox 737 2915 832 2970; x_wconf 80' lang='grc' dir='ltr'>καὶ</span> <span class='ocrx_word' id='word_1_106' title='bbox 861 2915 990 2985; x_wconf 78' lang='grc' dir='ltr'>περὶ</span> <span class='ocrx_word' id='word_1_107' title='bbox 1018 2915 1117 2984; x_wconf 83' lang='grc' dir='ltr'>τῆς</span> <span class='ocrx_word' id='word_1_108' title='bbox 1156 2912 1448 2986; x_wconf 83' lang='grc' dir='ltr'>οὐρανόθεν</span> <span class='ocrx_word' id='word_1_109' title='bbox 1489 2913 1738 2984; x_wconf 85' lang='grc' dir='ltr'>κλήσεως</span> <span class='ocrx_word' id='word_1_110' title='bbox 1777 2912 1852 2986; x_wconf 75' lang='grc' dir='ltr'>(ὁ)</span> <span class='ocrx_word' id='word_1_111' title='bbox 1880 2912 1975 2967; x_wconf 88' lang='grc' dir='ltr'>τοῦ</span> 
     </span>
    </p>
   </div>
   <div class='ocr_carea' id='block_1_20' title="bbox 403 3004 1977 3080">
    <p class='ocr_par' dir='ltr' id='par_1_20' title="bbox 403 3004 1977 3080">
     <span class='ocr_line' id='line_1_20' title="bbox 403 3004 1977 3080; baseline -0.003 -18"><span class='ocrx_word' id='word_1_112' title='bbox 403 3007 640 3071; x_wconf 83' lang='grc' dir='ltr'>Παύλου,</span> <span class='ocrx_word' id='word_1_113' title='bbox 671 3006 1003 3080; x_wconf 83' lang='grc' dir='ltr'>ἀ[ποστολῆς</span> <span class='ocrx_word' id='word_1_114' title='bbox 1027 3004 1112 3078; x_wconf 88' lang='grc' dir='ltr'>τε]</span> <span class='ocrx_word' id='word_1_115' title='bbox 1145 3005 1312 3059; x_wconf 83' lang='grc' dir='ltr'>αὑτοῦ</span> <span class='ocrx_word' id='word_1_116' title='bbox 1338 3006 1435 3059; x_wconf 79' lang='grc' dir='ltr'>καὶ</span> <span class='ocrx_word' id='word_1_117' title='bbox 1459 3005 1818 3075; x_wconf 81' lang='grc' dir='ltr'>κηρύγματος</span> <span class='ocrx_word' id='word_1_118' title='bbox 1841 3021 1855 3036; x_wconf 84' lang='grc'><strong>·</strong></span> <span class='ocrx_word' id='word_1_119' title='bbox 1881 3005 1977 3058; x_wconf 77' lang='grc' dir='ltr'>καὶ</span> 
     </span>
    </p>
   </div>
   <div class='ocr_carea' id='block_1_21' title="bbox 403 3091 1974 3174">
    <p class='ocr_par' dir='ltr' id='par_1_21' title="bbox 403 3091 1974 3174">
     <span class='ocr_line' id='line_1_21' title="bbox 403 3091 1974 3174; baseline 0.003 -23"><span class='ocrx_word' id='word_1_120' title='bbox 403 3099 706 3171; x_wconf 80' lang='grc' dir='ltr'>συλλήϐδην</span> <span class='ocrx_word' id='word_1_121' title='bbox 733 3100 908 3153; x_wconf 79' lang='grc' dir='ltr'>εἰπεῖν</span> <span class='ocrx_word' id='word_1_122' title='bbox 939 3115 1025 3169; x_wconf 88' lang='grc' dir='ltr'>γε,</span> <span class='ocrx_word' id='word_1_123' title='bbox 1045 3091 1119 3153; x_wconf 81' lang='grc' dir='ltr'>ὧν</span> <span class='ocrx_word' id='word_1_124' title='bbox 1134 3095 1506 3172; x_wconf 57' lang='grc' dir='ltr'>Ϊέετλησανῇνοί</span> <span class='ocrx_word' id='word_1_125' title='bbox 1537 3096 1974 3174; x_wconf 55' lang='grc' dir='ltr'>ἀπεστολοηδιὰ</span> 
     </span>
    </p>
   </div>
   <div class='ocr_carea' id='block_1_22' title="bbox 400 3189 1703 3265">
    <p class='ocr_par' dir='ltr' id='par_1_22' title="bbox 400 3189 1703 3265">
     <span class='ocr_line' id='line_1_22' title="bbox 400 3189 1703 3265; baseline 0 -21"><span class='ocrx_word' id='word_1_126' title='bbox 400 3190 662 3263; x_wconf 80' lang='grc' dir='ltr'>Χριστὸν]</span> <span class='ocrx_word' id='word_1_127' title='bbox 701 3189 916 3244; x_wconf 82' lang='grc' dir='ltr'>πολλῶν</span> <span class='ocrx_word' id='word_1_128' title='bbox 945 3190 1039 3244; x_wconf 73' lang='grc' dir='ltr'>καὶ</span> <span class='ocrx_word' id='word_1_129' title='bbox 1066 3191 1340 3261; x_wconf 80' lang='grc' dir='ltr'>μεγίστων</span> <span class='ocrx_word' id='word_1_130' title='bbox 1373 3191 1703 3265; x_wconf 83' lang='grc' dir='ltr'>[κινδύνων].</span> 
     </span>
    </p>
   </div>
   <div class='ocr_carea' id='block_1_23' title="bbox 472 3283 1972 3353">
    <p class='ocr_par' dir='ltr' id='par_1_23' title="bbox 472 3283 1972 3353">
     <span class='ocr_line' id='line_1_23' title="bbox 472 3283 1972 3353; baseline 0.001 -17"><span class='ocrx_word' id='word_1_131' title='bbox 472 3283 629 3347; x_wconf 85' lang='grc' dir='ltr'>Τίνος</span> <span class='ocrx_word' id='word_1_132' title='bbox 655 3283 844 3337; x_wconf 70' lang='grc' dir='ltr'>ἕνεκεν</span> <span class='ocrx_word' id='word_1_133' title='bbox 869 3283 1282 3353; x_wconf 80' lang='grc' dir='ltr'>ἀναμιμνήσκει</span> <span class='ocrx_word' id='word_1_134' title='bbox 1307 3283 1471 3337; x_wconf 79' lang='grc' dir='ltr'>αὐτὸν</span> <span class='ocrx_word' id='word_1_135' title='bbox 1495 3283 1591 3337; x_wconf 88' lang='grc' dir='ltr'>τοῦ</span> <span class='ocrx_word' id='word_1_136' title='bbox 1614 3284 1972 3353; x_wconf 82' lang='grc' dir='ltr'>Εὑαγγελίου;</span> 
     </span>
    </p>
   </div>
   <div class='ocr_carea' id='block_1_24' title="bbox 400 3372 1976 3447">
    <p class='ocr_par' dir='ltr' id='par_1_24' title="bbox 400 3372 1976 3447">
     <span class='ocr_line' id='line_1_24' title="bbox 400 3372 1976 3447; baseline 0.001 -20"><span class='ocrx_word' id='word_1_137' title='bbox 400 3374 543 3427; x_wconf 78' lang='grc' dir='ltr'>ὥστε</span> <span class='ocrx_word' id='word_1_138' title='bbox 571 3375 672 3447; x_wconf 79' lang='grc' dir='ltr'>τὴν</span> <span class='ocrx_word' id='word_1_139' title='bbox 698 3372 956 3447; x_wconf 64' lang='grc' dir='ltr'>οίκίείαν]</span> <span class='ocrx_word' id='word_1_140' title='bbox 988 3373 1276 3444; x_wconf 75' lang='grc' dir='ltr'>ἀκρίϐειαν</span> <span class='ocrx_word' id='word_1_141' title='bbox 1307 3373 1699 3447; x_wconf 81' lang='grc' dir='ltr'>[φανερῶσαι].</span> <span class='ocrx_word' id='word_1_142' title='bbox 1732 3375 1840 3428; x_wconf 75' lang='grc' dir='ltr'>Καὶ</span> <span class='ocrx_word' id='word_1_143' title='bbox 1865 3375 1976 3446; x_wconf 82' lang='grc' dir='ltr'>γὰρ</span> 
     </span>
    </p>
   </div>
   <div class='ocr_carea' id='block_1_25' title="bbox 397 3466 1976 3538">
    <p class='ocr_par' dir='ltr' id='par_1_25' title="bbox 397 3466 1976 3538">
     <span class='ocr_line' id='line_1_25' title="bbox 397 3466 1976 3538; baseline -0.001 -18"><span class='ocrx_word' id='word_1_144' title='bbox 397 3468 701 3537; x_wconf 77' lang='grc' dir='ltr'>ἀρχόμενος</span> <span class='ocrx_word' id='word_1_145' title='bbox 743 3466 842 3536; x_wconf 72' lang='grc' dir='ltr'>τῆς</span> <span class='ocrx_word' id='word_1_146' title='bbox 866 3467 1246 3538; x_wconf 85' lang='grc' dir='ltr'>πραγματείας</span> <span class='ocrx_word' id='word_1_147' title='bbox 1268 3467 1486 3537; x_wconf 77' lang='grc' dir='ltr'>ἐκείνης</span> <span class='ocrx_word' id='word_1_148' title='bbox 1507 3468 1672 3538; x_wconf 83' lang='grc' dir='ltr'>φησίν</span> <span class='ocrx_word' id='word_1_149' title='bbox 1691 3485 1705 3499; x_wconf 90' lang='grc'><strong>·</strong></span> <span class='ocrx_word' id='word_1_150' title='bbox 1735 3485 1756 3519; x_wconf 77' lang='grc' dir='ltr'>ι</span> <span class='ocrx_word' id='word_1_151' title='bbox 1790 3467 1976 3532; x_wconf 81' lang='grc' dir='ltr'>Ἔδοξε</span> 
     </span>
    </p>
   </div>
   <div class='ocr_carea' id='block_1_26' title="bbox 399 3556 1975 3631">
    <p class='ocr_par' dir='ltr' id='par_1_26' title="bbox 399 3556 1975 3631">
     <span class='ocr_line' id='line_1_26' title="bbox 399 3556 1975 3631; baseline -0.001 -20"><span class='ocrx_word' id='word_1_152' title='bbox 399 3557 595 3631; x_wconf 74' lang='grc' dir='ltr'>[κάμοὶ</span> <span class='ocrx_word' id='word_1_153' title='bbox 633 3556 1041 3630; x_wconf 89' lang='grc' dir='ltr'>παρηκολουθη]</span> <span class='ocrx_word' id='word_1_154' title='bbox 1073 3558 1193 3612; x_wconf 88' lang='grc' dir='ltr'>κότι</span> <span class='ocrx_word' id='word_1_155' title='bbox 1225 3556 1434 3612; x_wconf 82' lang='grc' dir='ltr'>ἀνωθεν</span> <span class='ocrx_word' id='word_1_156' title='bbox 1490 3556 1680 3630; x_wconf 76' lang='grc' dir='ltr'>[πᾶσιν</span> <span class='ocrx_word' id='word_1_157' title='bbox 1734 3557 1975 3628; x_wconf 70' lang='grc' dir='ltr'>ἀκριϐῶς</span> 
     </span>
    </p>
   </div>
   <div class='ocr_carea' id='block_1_27' title="bbox 400 3647 1976 3722">
    <p class='ocr_par' dir='ltr' id='par_1_27' title="bbox 400 3647 1976 3722">
     <span class='ocr_line' id='line_1_27' title="bbox 400 3647 1976 3722; baseline 0.001 -21"><span class='ocrx_word' id='word_1_158' title='bbox 400 3647 637 3718; x_wconf 75' lang='grc' dir='ltr'>καθεξῆς</span> <span class='ocrx_word' id='word_1_159' title='bbox 669 3666 753 3702; x_wconf 93' lang='grc' dir='ltr'>σοι</span> <span class='ocrx_word' id='word_1_160' title='bbox 807 3649 1042 3722; x_wconf 78' lang='grc' dir='ltr'>γράψαι.</span> <span class='ocrx_word' id='word_1_161' title='bbox 1074 3649 1125 3721; x_wconf 73' lang='grc' dir='ltr'>ι]</span> <span class='ocrx_word' id='word_1_162' title='bbox 1152 3651 1262 3704; x_wconf 78' lang='grc' dir='ltr'>Καὶ</span> <span class='ocrx_word' id='word_1_163' title='bbox 1292 3651 1352 3704; x_wconf 81' lang='grc' dir='ltr'>οὑ</span> <span class='ocrx_word' id='word_1_164' title='bbox 1387 3653 1455 3720; x_wconf 79' lang='grc' dir='ltr'>τῇ</span> <span class='ocrx_word' id='word_1_165' title='bbox 1485 3650 1664 3722; x_wconf 77' lang='grc' dir='ltr'>οίκεία</span> <span class='ocrx_word' id='word_1_166' title='bbox 1697 3649 1976 3721; x_wconf 67' lang='grc' dir='ltr'>μαρτυρίᾳ</span> 
     </span>
    </p>
   </div>
   <div class='ocr_carea' id='block_1_28' title="bbox 395 3738 1976 3814">
    <p class='ocr_par' dir='ltr' id='par_1_28' title="bbox 395 3738 1976 3814">
     <span class='ocr_line' id='line_1_28' title="bbox 395 3738 1976 3814; baseline -0.001 -18"><span class='ocrx_word' id='word_1_167' title='bbox 395 3738 650 3812; x_wconf 73' lang='grc' dir='ltr'>ἀρκεῖται</span> <span class='ocrx_word' id='word_1_168' title='bbox 671 3741 854 3812; x_wconf 90' lang='grc' dir='ltr'>μόνον,</span> <span class='ocrx_word' id='word_1_169' title='bbox 881 3741 996 3794; x_wconf 85' lang='grc' dir='ltr'>ἀλλ’</span> <span class='ocrx_word' id='word_1_170' title='bbox 1015 3741 1232 3814; x_wconf 84' lang='grc' dir='ltr'>ἀνάγε[ι</span> <span class='ocrx_word' id='word_1_171' title='bbox 1253 3743 1379 3805; x_wconf 69' lang='grc' dir='ltr'>τοὺς</span> <span class='ocrx_word' id='word_1_172' title='bbox 1395 3740 1772 3812; x_wconf 84' lang='grc' dir='ltr'>ἀποστόλους],</span> <span class='ocrx_word' id='word_1_173' title='bbox 1789 3741 1849 3793; x_wconf 82' lang='grc' dir='ltr'>τὸ</span> <span class='ocrx_word' id='word_1_174' title='bbox 1865 3742 1976 3794; x_wconf 81' lang='grc' dir='ltr'>πᾶν</span> 
     </span>
    </p>
   </div>
   <div class='ocr_carea' id='block_1_29' title="bbox 397 3831 1975 3905">
    <p class='ocr_par' dir='ltr' id='par_1_29' title="bbox 397 3831 1975 3905">
     <span class='ocr_line' id='line_1_29' title="bbox 397 3831 1975 3905; baseline 0.001 -22"><span class='ocrx_word' id='word_1_175' title='bbox 397 3833 595 3902; x_wconf 79' lang='grc' dir='ltr'>λέγων,</span> <span class='ocrx_word' id='word_1_176' title='bbox 621 3850 643 3887; x_wconf 76' lang='grc' dir='ltr'>ι</span> <span class='ocrx_word' id='word_1_177' title='bbox 682 3833 866 3898; x_wconf 83' lang='grc' dir='ltr'>καθὼς</span> <span class='ocrx_word' id='word_1_178' title='bbox 887 3834 1211 3905; x_wconf 81' lang='grc' dir='ltr'>παρέδωκαν</span> <span class='ocrx_word' id='word_1_179' title='bbox 1230 3836 1363 3905; x_wconf 83' lang='grc' dir='ltr'>ἡμῖν</span> <span class='ocrx_word' id='word_1_180' title='bbox 1383 3837 1434 3887; x_wconf 77' lang='grc' dir='ltr'>οἱ</span> <span class='ocrx_word' id='word_1_181' title='bbox 1472 3833 1566 3886; x_wconf 85' lang='grc' dir='ltr'>ἀπ’</span> <span class='ocrx_word' id='word_1_182' title='bbox 1591 3831 1791 3904; x_wconf 79' lang='grc' dir='ltr'>ἀρχῆς]</span> <span class='ocrx_word' id='word_1_183' title='bbox 1811 3833 1975 3886; x_wconf 83' lang='grc' dir='ltr'>αὐτό-</span> 
     </span>
    </p>
   </div>
   <div class='ocr_carea' id='block_1_30' title="bbox 399 3923 1975 3998">
    <p class='ocr_par' dir='ltr' id='par_1_30' title="bbox 399 3923 1975 3998">
     <span class='ocr_line' id='line_1_30' title="bbox 399 3923 1975 3998; baseline 0.001 -22"><span class='ocrx_word' id='word_1_184' title='bbox 399 3941 533 3978; x_wconf 84' lang='grc' dir='ltr'>πται</span> <span class='ocrx_word' id='word_1_185' title='bbox 561 3923 679 3996; x_wconf 76' lang='grc' dir='ltr'>[καὶ</span> <span class='ocrx_word' id='word_1_186' title='bbox 730 3925 998 3998; x_wconf 78' lang='grc' dir='ltr'>ὑπηρέται</span> <span class='ocrx_word' id='word_1_187' title='bbox 1030 3926 1311 3997; x_wconf 86' lang='grc' dir='ltr'>γενόμενοι</span> <span class='ocrx_word' id='word_1_188' title='bbox 1339 3924 1433 3978; x_wconf 89' lang='grc' dir='ltr'>τοῦ</span> <span class='ocrx_word' id='word_1_189' title='bbox 1469 3925 1651 3994; x_wconf 90' lang='grc' dir='ltr'>λόγου.</span> <span class='ocrx_word' id='word_1_190' title='bbox 1688 3923 1740 3997; x_wconf 71' lang='grc' dir='ltr'>ι]</span> <span class='ocrx_word' id='word_1_191' title='bbox 1766 3925 1855 3978; x_wconf 77' lang='grc' dir='ltr'>Διὸ</span> <span class='ocrx_word' id='word_1_192' title='bbox 1884 3924 1975 3978; x_wconf 73' lang='grc' dir='ltr'>τὸν</span> 
     </span>
    </p>
   </div>
   <div class='ocr_carea' id='block_1_31' title="bbox 399 4017 1974 4090">
    <p class='ocr_par' dir='ltr' id='par_1_31' title="bbox 399 4017 1974 4090">
     <span class='ocr_line' id='line_1_31' title="bbox 399 4017 1974 4090; baseline 0.001 -21"><span class='ocrx_word' id='word_1_193' title='bbox 399 4017 579 4088; x_wconf 76' lang='grc' dir='ltr'>Ιλόγον</span> <span class='ocrx_word' id='word_1_194' title='bbox 592 4017 925 4090; x_wconf 78' lang='grc' dir='ltr'>ἀξιόπιστον]</span> <span class='ocrx_word' id='word_1_195' title='bbox 952 4019 1068 4072; x_wconf 73' lang='grc' dir='ltr'>ἐκεῖ</span> <span class='ocrx_word' id='word_1_196' title='bbox 1083 4019 1339 4088; x_wconf 84' lang='grc' dir='ltr'>ποιήσας,</span> <span class='ocrx_word' id='word_1_197' title='bbox 1356 4017 1508 4072; x_wconf 76' lang='grc' dir='ltr'>οὐδὲν</span> <span class='ocrx_word' id='word_1_198' title='bbox 1528 4017 1781 4072; x_wconf 83' lang='grc' dir='ltr'>είσδεῖται</span> <span class='ocrx_word' id='word_1_199' title='bbox 1795 4018 1866 4089; x_wconf 85' lang='lat' dir='ltr'>(c)</span> <span class='ocrx_word' id='word_1_200' title='bbox 1889 4019 1974 4070; x_wconf 83' lang='grc' dir='ltr'>ὲν-</span> 
     </span>
    </p>
   </div>
   <div class='ocr_carea' id='block_1_32' title="bbox 394 4107 1970 4180">
    <p class='ocr_par' dir='ltr' id='par_1_32' title="bbox 394 4107 1970 4180">
     <span class='ocr_line' id='line_1_32' title="bbox 394 4107 1970 4180; baseline 0.002 -21"><span class='ocrx_word' id='word_1_201' title='bbox 394 4107 572 4161; x_wconf 82' lang='grc' dir='ltr'>·ταῦθα</span> <span class='ocrx_word' id='word_1_202' title='bbox 585 4108 895 4170; x_wconf 85' lang='grc' dir='ltr'>συστάσεως</span> <span class='ocrx_word' id='word_1_203' title='bbox 917 4107 1018 4180; x_wconf 80' lang='grc' dir='ltr'>(ά),</span> <span class='ocrx_word' id='word_1_204' title='bbox 1042 4107 1191 4172; x_wconf 66' lang='lat' dir='ltr'>amt:</span> <span class='ocrx_word' id='word_1_205' title='bbox 1211 4107 1306 4162; x_wconf 89' lang='grc' dir='ltr'>τοῦ</span> <span class='ocrx_word' id='word_1_206' title='bbox 1332 4107 1599 4180; x_wconf 82' lang='grc' dir='ltr'>μ[αθητοῦ</span> <span class='ocrx_word' id='word_1_207' title='bbox 1613 4107 1970 4180; x_wconf 81' lang='grc' dir='ltr'>πεισθέντος].</span> 
     </span>
    </p>
   </div>
   <div class='ocr_carea' id='block_1_33' title="bbox 408 4192 1971 4271">
    <p class='ocr_par' dir='ltr' id='par_1_33' title="bbox 408 4192 1971 4271">
     <span class='ocr_line' id='line_1_33' title="bbox 408 4192 1971 4271; baseline 0.003 -22"><span class='ocrx_word' id='word_1_208' title='bbox 408 4216 426 4248; x_wconf 80' lang='grc' dir='ltr'>ι</span> <span class='ocrx_word' id='word_1_209' title='bbox 459 4198 685 4251; x_wconf 82' lang='grc' dir='ltr'>Πάντων</span> <span class='ocrx_word' id='word_1_210' title='bbox 714 4192 790 4252; x_wconf 83' lang='grc' dir='ltr'>ὦν</span> <span class='ocrx_word' id='word_1_211' title='bbox 821 4198 1028 4270; x_wconf 75' lang='grc' dir='ltr'>ἤρξατο</span> <span class='ocrx_word' id='word_1_212' title='bbox 1099 4217 1118 4251; x_wconf 78' lang='grc' dir='ltr'><strong><em>ι</em></strong></span> <span class='ocrx_word' id='word_1_213' title='bbox 1159 4200 1260 4271; x_wconf 80' lang='grc' dir='ltr'>οὐχ</span> <span class='ocrx_word' id='word_1_214' title='bbox 1302 4199 1492 4263; x_wconf 86' lang='grc' dir='ltr'>ἁπλῶς</span> <span class='ocrx_word' id='word_1_215' title='bbox 1548 4200 1679 4270; x_wconf 75' lang='grc' dir='ltr'>περὶ</span> <span class='ocrx_word' id='word_1_216' title='bbox 1729 4199 1971 4266; x_wconf 84' lang='grc' dir='ltr'>πάντων,</span> 
     </span>
    </p>
   </div>
   <div class='ocr_carea' id='block_1_34' title="bbox 398 4287 1972 4370">
    <p class='ocr_par' dir='ltr' id='par_1_34' title="bbox 398 4287 1972 4370">
     <span class='ocr_line' id='line_1_34' title="bbox 398 4287 1972 4370; baseline 0.003 -29"><span class='ocrx_word' id='word_1_217' title='bbox 398 4288 516 4341; x_wconf 82' lang='grc' dir='ltr'>ἀλλ’</span> <span class='ocrx_word' id='word_1_218' title='bbox 545 4289 640 4343; x_wconf 83' lang='grc' dir='ltr'>ἀπ’</span> <span class='ocrx_word' id='word_1_219' title='bbox 669 4290 843 4362; x_wconf 80' lang='grc' dir='ltr'>ἀρχῆς</span> <span class='ocrx_word' id='word_1_220' title='bbox 868 4291 1030 4362; x_wconf 82' lang='grc' dir='ltr'>μέχρι</span> <span class='ocrx_word' id='word_1_221' title='bbox 1053 4292 1268 4363; x_wconf 80' lang='grc' dir='ltr'>ἡμέρας</span> <span class='ocrx_word' id='word_1_222' title='bbox 1291 4287 1360 4362; x_wconf 85' lang='grc' dir='ltr'>ἦς</span> <span class='ocrx_word' id='word_1_223' title='bbox 1397 4292 1696 4370; x_wconf 81' lang='grc' dir='ltr'>ἀνελήφθη.</span> <span class='ocrx_word' id='word_1_224' title='bbox 1722 4293 1830 4346; x_wconf 80' lang='grc' dir='ltr'>Καὶ</span> <span class='ocrx_word' id='word_1_225' title='bbox 1865 4292 1972 4365; x_wconf 76' lang='grc' dir='ltr'>μὴν</span> 
     </span>
    </p>
   </div>
   <div class='ocr_carea' id='block_1_35' title="bbox 393 4380 1970 4456">
    <p class='ocr_par' dir='ltr' id='par_1_35' title="bbox 393 4380 1970 4456">
     <span class='ocr_line' id='line_1_35' title="bbox 393 4380 1970 4456; baseline 0.004 -24"><span class='ocrx_word' id='word_1_226' title='bbox 393 4381 423 4432; x_wconf 88' lang='grc' dir='ltr'><strong>ὁ</strong></span> <span class='ocrx_word' id='word_1_227' title='bbox 464 4381 718 4451; x_wconf 83' lang='grc' dir='ltr'>Ἰωάννης</span> <span class='ocrx_word' id='word_1_228' title='bbox 741 4384 906 4451; x_wconf 80' lang='grc' dir='ltr'>φησὶν</span> <span class='ocrx_word' id='word_1_229' title='bbox 935 4384 1017 4436; x_wconf 81' lang='grc' dir='ltr'>ὅτι</span> <span class='ocrx_word' id='word_1_230' title='bbox 1047 4385 1147 4437; x_wconf 87' lang='grc' dir='ltr'>ούκ</span> <span class='ocrx_word' id='word_1_231' title='bbox 1171 4380 1238 4455; x_wconf 80' lang='grc' dir='ltr'>ἦν</span> <span class='ocrx_word' id='word_1_232' title='bbox 1259 4385 1485 4439; x_wconf 81' lang='grc' dir='ltr'>δυνατὸν</span> <span class='ocrx_word' id='word_1_233' title='bbox 1508 4383 1714 4456; x_wconf 88' lang='grc' dir='ltr'>π[ἀντα</span> <span class='ocrx_word' id='word_1_234' title='bbox 1735 4385 1970 4456; x_wconf 71' lang='grc' dir='ltr'>γράψαι,</span> 
     </span>
    </p>
   </div>
   <div class='ocr_carea' id='block_1_36' title="bbox 396 4469 1970 4548">
    <p class='ocr_par' dir='ltr' id='par_1_36' title="bbox 396 4469 1970 4548">
     <span class='ocr_line' id='line_1_36' title="bbox 396 4469 1970 4548; baseline 0.003 -24"><span class='ocrx_word' id='word_1_235' title='bbox 396 4470 537 4543; x_wconf 71' lang='grc' dir='ltr'>πῶς]</span> <span class='ocrx_word' id='word_1_236' title='bbox 592 4469 686 4528; x_wconf 82' lang='grc' dir='ltr'>οῦν</span> <span class='ocrx_word' id='word_1_237' title='bbox 735 4471 907 4538; x_wconf 80' lang='grc' dir='ltr'>οὓτως</span> <span class='ocrx_word' id='word_1_238' title='bbox 939 4477 1140 4544; x_wconf 78' lang='grc' dir='ltr'>φησίν;</span> <span class='ocrx_word' id='word_1_239' title='bbox 1169 4475 1345 4548; x_wconf 78' lang='grc' dir='ltr'>[“Αλλ’</span> <span class='ocrx_word' id='word_1_240' title='bbox 1378 4477 1477 4530; x_wconf 90' lang='grc' dir='ltr'>ούκ</span> <span class='ocrx_word' id='word_1_241' title='bbox 1506 4473 1629 4529; x_wconf 85' lang='grc' dir='ltr'>εἷπε</span> <span class='ocrx_word' id='word_1_242' title='bbox 1660 4477 1863 4541; x_wconf 87' lang='grc' dir='ltr'>πάντα,</span> <span class='ocrx_word' id='word_1_243' title='bbox 1895 4477 1970 4541; x_wconf 82' lang='grc' dir='ltr'>ὡς</span> 
     </span>
    </p>
   </div>
   <div class='ocr_carea' id='block_1_37' title="bbox 395 4563 1971 4639">
    <p class='ocr_par' dir='ltr' id='par_1_37' title="bbox 395 4563 1971 4639">
     <span class='ocr_line' id='line_1_37' title="bbox 395 4563 1971 4639; baseline 0.004 -23"><span class='ocrx_word' id='word_1_244' title='bbox 395 4563 464 4617; x_wconf 82' lang='grc' dir='ltr'>ἂν</span> <span class='ocrx_word' id='word_1_245' title='bbox 516 4565 662 4617; x_wconf 76' lang='grc' dir='ltr'>εἴποι</span> <span class='ocrx_word' id='word_1_246' title='bbox 713 4581 820 4630; x_wconf 87' lang='grc' dir='ltr'>τις,</span> <span class='ocrx_word' id='word_1_247' title='bbox 887 4565 1204 4637; x_wconf 85' lang='grc' dir='ltr'>ἀδρομερῶς</span> <span class='ocrx_word' id='word_1_248' title='bbox 1250 4567 1370 4638; x_wconf 79' lang='grc' dir='ltr'>[καὶ</span> <span class='ocrx_word' id='word_1_249' title='bbox 1422 4567 1807 4639; x_wconf 86' lang='grc' dir='ltr'>παχυμερῶς,]</span> <span class='ocrx_word' id='word_1_250' title='bbox 1835 4569 1971 4622; x_wconf 87' lang='grc' dir='ltr'>ἀλλά</span> 
     </span>
    </p>
   </div>
   <div class='ocr_carea' id='block_1_38' title="bbox 394 4657 1966 4731">
    <p class='ocr_par' dir='ltr' id='par_1_38' title="bbox 394 4657 1966 4731">
     <span class='ocr_line' id='line_1_38' title="bbox 394 4657 1966 4731; baseline 0.005 -23"><span class='ocrx_word' id='word_1_251' title='bbox 394 4657 525 4727; x_wconf 77' lang='grc' dir='ltr'>περὶ</span> <span class='ocrx_word' id='word_1_252' title='bbox 559 4657 780 4710; x_wconf 82' lang='grc' dir='ltr'>πάντων</span> <span class='ocrx_word' id='word_1_253' title='bbox 833 4657 942 4712; x_wconf 86' lang='grc' dir='ltr'>τῶν</span> <span class='ocrx_word' id='word_1_254' title='bbox 977 4659 1316 4729; x_wconf 87' lang='grc' dir='ltr'>συνεχόντων</span> <span class='ocrx_word' id='word_1_255' title='bbox 1360 4663 1454 4714; x_wconf 75' lang='grc' dir='ltr'>καὶ</span> <span class='ocrx_word' id='word_1_256' title='bbox 1488 4663 1927 4731; x_wconf 85' lang='grc' dir='ltr'>κατεπειγόντων</span> <span class='ocrx_word' id='word_1_257' title='bbox 1949 4679 1966 4694; x_wconf 86' lang='grc'><strong>·</strong></span> 
     </span>
    </p>
   </div>
   <div class='ocr_carea' id='block_1_39' title="bbox 391 4744 2037 4842">
    <p class='ocr_par' dir='ltr' id='par_1_39' title="bbox 391 4744 2037 4842">
     <span class='ocr_line' id='line_1_39' title="bbox 391 4744 2037 4842; baseline 0.005 -44"><span class='ocrx_word' id='word_1_258' title='bbox 391 4744 690 4818; x_wconf 79' lang='grc' dir='ltr'>του[τέστι,</span> <span class='ocrx_word' id='word_1_259' title='bbox 746 4752 1094 4818; x_wconf 85' lang='grc' dir='ltr'>πνευματικά</span> <span class='ocrx_word' id='word_1_260' title='bbox 1121 4751 1256 4821; x_wconf 46' lang='grc' dir='ltr'>πρὶς</span> <span class='ocrx_word' id='word_1_261' title='bbox 1285 4753 1482 4814; x_wconf 78' lang='grc' dir='ltr'>αὐτοὺς</span> <span class='ocrx_word' id='word_1_262' title='bbox 1515 4751 1684 4805; x_wconf 84' lang='grc' dir='ltr'>είπὼν</span> <span class='ocrx_word' id='word_1_263' title='bbox 1722 4755 1964 4824; x_wconf 79' lang='grc' dir='ltr'>ῥήματα,</span> <span class='ocrx_word' id='word_1_264' title='bbox 1991 4779 2037 4842; x_wconf 81' lang='lat' dir='ltr'>C</span> 
     </span>
    </p>
   </div>
   <div class='ocr_carea' id='block_1_40' title="bbox 392 4836 1968 4916">
    <p class='ocr_par' dir='ltr' id='par_1_40' title="bbox 392 4836 1968 4916">
     <span class='ocr_line' id='line_1_40' title="bbox 392 4836 1968 4916; baseline 0.007 -30"><span class='ocrx_word' id='word_1_265' title='bbox 392 4837 490 4888; x_wconf 72' lang='grc' dir='ltr'>καὶ</span> <span class='ocrx_word' id='word_1_266' title='bbox 516 4836 669 4890; x_wconf 77' lang='grc' dir='ltr'>οὐδὲν</span> <span class='ocrx_word' id='word_1_267' title='bbox 692 4837 1031 4908; x_wconf 84' lang='grc' dir='ltr'>ἀνθρώπινον</span> <span class='ocrx_word' id='word_1_268' title='bbox 1063 4879 1078 4904; x_wconf 90' lang='grc'>,</span> <span class='ocrx_word' id='word_1_269' title='bbox 1112 4840 1145 4909; x_wconf 81' lang='grc' dir='ltr'>ἢ</span> <span class='ocrx_word' id='word_1_270' title='bbox 1181 4840 1264 4893; x_wconf 85' lang='grc' dir='ltr'>ὅτι</span> <span class='ocrx_word' id='word_1_271' title='bbox 1296 4841 1386 4894; x_wconf 74' lang='grc' dir='ltr'>διὰ</span> <span class='ocrx_word' id='word_1_272' title='bbox 1417 4842 1736 4912; x_wconf 87' lang='grc' dir='ltr'>Πνεύματος</span> <span class='ocrx_word' id='word_1_273' title='bbox 1761 4843 1968 4916; x_wconf 63' lang='lat' dir='ltr'>uinci];</span> 
     </span>
    </p>
   </div>
   <div class='ocr_carea' id='block_1_41' title="bbox 388 4926 1974 5007">
    <p class='ocr_par' dir='ltr' id='par_1_41' title="bbox 388 4926 1974 5007">
     <span class='ocr_line' id='line_1_41' title="bbox 388 4926 1974 5007; baseline 0.006 -28"><span class='ocrx_word' id='word_1_274' title='bbox 388 4926 768 5001; x_wconf 82' lang='grc' dir='ltr'>[ὲνετείλατο.]</span> <span class='ocrx_word' id='word_1_275' title='bbox 830 4931 896 4983; x_wconf 91' lang='grc' dir='ltr'>Τί</span> <span class='ocrx_word' id='word_1_276' title='bbox 948 4930 1060 5003; x_wconf 80' lang='grc' dir='ltr'>[δαὶ</span> <span class='ocrx_word' id='word_1_277' title='bbox 1097 4933 1480 5006; x_wconf 79' lang='grc' dir='ltr'>ὲνετείλατο;]</span> <span class='ocrx_word' id='word_1_278' title='bbox 1551 4953 1570 4986; x_wconf 81' lang='grc' dir='ltr'>ι</span> <span class='ocrx_word' id='word_1_279' title='bbox 1605 4935 1974 5007; x_wconf 79' lang='grc' dir='ltr'>Πορευθέντες</span> 
     </span>
    </p>
   </div>
   <div class='ocr_carea' id='block_1_42' title="bbox 391 5019 1582 5094">
    <p class='ocr_par' dir='ltr' id='par_1_42' title="bbox 391 5019 1582 5094">
     <span class='ocr_line' id='line_1_42' title="bbox 391 5019 1582 5094; baseline 0.008 -24"><span class='ocrx_word' id='word_1_280' title='bbox 391 5019 775 5089; x_wconf 80' lang='grc' dir='ltr'>μαθητεύσατε</span> <span class='ocrx_word' id='word_1_281' title='bbox 804 5023 985 5076; x_wconf 83' lang='grc' dir='ltr'>πάντα</span> <span class='ocrx_word' id='word_1_282' title='bbox 1011 5023 1078 5075; x_wconf 82' lang='grc' dir='ltr'>τὰ</span> <span class='ocrx_word' id='word_1_283' title='bbox 1115 5023 1266 5094; x_wconf 80' lang='grc' dir='ltr'>ἔθνη,</span> <span class='ocrx_word' id='word_1_284' title='bbox 1306 5043 1324 5076; x_wconf 77' lang='grc' dir='ltr'>ι</span> <span class='ocrx_word' id='word_1_285' title='bbox 1364 5042 1419 5078; x_wconf 88' lang='grc' dir='ltr'>κ.</span> <span class='ocrx_word' id='word_1_286' title='bbox 1449 5043 1500 5080; x_wconf 90' lang='grc' dir='ltr'>τ.</span> <span class='ocrx_word' id='word_1_287' title='bbox 1531 5025 1582 5080; x_wconf 92' lang='grc' dir='ltr'>λ.</span> 
     </span>
    </p>
   </div>
   <div class='ocr_carea' id='block_1_43' title="bbox 465 5111 1972 5190">
    <p class='ocr_par' dir='ltr' id='par_1_43' title="bbox 465 5111 1972 5190">
     <span class='ocr_line' id='line_1_43' title="bbox 465 5111 1972 5190; baseline 0.007 -28"><span class='ocrx_word' id='word_1_288' title='bbox 465 5127 487 5162; x_wconf 70' lang='grc' dir='ltr'>ι</span> <span class='ocrx_word' id='word_1_289' title='bbox 534 5111 858 5183; x_wconf 72' lang='grc' dir='ltr'>Ἀνελήφθη.</span> <span class='ocrx_word' id='word_1_290' title='bbox 890 5133 910 5164; x_wconf 85' lang='grc'><strong>›</strong></span> <span class='ocrx_word' id='word_1_291' title='bbox 949 5113 1088 5184; x_wconf 75' lang='grc' dir='ltr'>ῙΟύκ</span> <span class='ocrx_word' id='word_1_292' title='bbox 1136 5111 1290 5168; x_wconf 81' lang='grc' dir='ltr'>εἶπεν</span> <span class='ocrx_word' id='word_1_293' title='bbox 1313 5155 1328 5182; x_wconf 92' lang='grc'>,</span> <span class='ocrx_word' id='word_1_294' title='bbox 1381 5116 1602 5185; x_wconf 71' lang='grc' dir='ltr'>Ἀνέϐη,</span> <span class='ocrx_word' id='word_1_295' title='bbox 1641 5117 1854 5190; x_wconf 77' lang='grc' dir='ltr'>ἐπειδὴ]</span> <span class='ocrx_word' id='word_1_296' title='bbox 1890 5118 1972 5173; x_wconf 79' lang='grc' dir='ltr'>ἔτι</span> 
     </span>
    </p>
   </div>
   <div class='ocr_carea' id='block_1_44' title="bbox 387 5205 1969 5282">
    <p class='ocr_par' dir='ltr' id='par_1_44' title="bbox 387 5205 1969 5282">
     <span class='ocr_line' id='line_1_44' title="bbox 387 5205 1969 5282; baseline 0.006 -26"><span class='ocrx_word' id='word_1_297' title='bbox 387 5205 462 5268; x_wconf 84' lang='grc' dir='ltr'>ὡς</span> <span class='ocrx_word' id='word_1_298' title='bbox 490 5210 618 5276; x_wconf 72' lang='grc' dir='ltr'>περὶ</span> <span class='ocrx_word' id='word_1_299' title='bbox 652 5206 945 5278; x_wconf 88' lang='grc' dir='ltr'>ἀνθρώπου</span> <span class='ocrx_word' id='word_1_300' title='bbox 995 5207 1327 5276; x_wconf 85' lang='grc' dir='ltr'>διαλέγεται.</span> <span class='ocrx_word' id='word_1_301' title='bbox 1361 5209 1507 5280; x_wconf 82' lang='grc' dir='ltr'>Ἀρα</span> <span class='ocrx_word' id='word_1_302' title='bbox 1563 5212 1657 5263; x_wconf 83' lang='grc' dir='ltr'>καὶ</span> <span class='ocrx_word' id='word_1_303' title='bbox 1690 5211 1830 5280; x_wconf 82' lang='grc' dir='ltr'>μετὰ</span> <span class='ocrx_word' id='word_1_304' title='bbox 1867 5213 1969 5282; x_wconf 81' lang='grc' dir='ltr'>τὴν</span> 
     </span>
    </p>
   </div>
   <div class='ocr_carea' id='block_1_45' title="bbox 386 5300 1966 5376">
    <p class='ocr_par' dir='ltr' id='par_1_45' title="bbox 386 5300 1966 5376">
     <span class='ocr_line' id='line_1_45' title="bbox 386 5300 1966 5376; baseline 0.003 -22"><span class='ocrx_word' id='word_1_305' title='bbox 386 5300 684 5359; x_wconf 87' lang='grc' dir='ltr'>ἀνάστασιν</span> <span class='ocrx_word' id='word_1_306' title='bbox 711 5300 957 5355; x_wconf 79' lang='grc' dir='ltr'>ἐδίδασκε</span> <span class='ocrx_word' id='word_1_307' title='bbox 990 5300 1142 5372; x_wconf 82' lang='grc' dir='ltr'>τ[οὺς</span> <span class='ocrx_word' id='word_1_308' title='bbox 1169 5301 1439 5373; x_wconf 85' lang='grc' dir='ltr'>μαθητὰς,</span> <span class='ocrx_word' id='word_1_309' title='bbox 1467 5302 1628 5376; x_wconf 90' lang='grc' dir='ltr'>ἀλλά]</span> <span class='ocrx_word' id='word_1_310' title='bbox 1649 5302 1740 5357; x_wconf 88' lang='grc' dir='ltr'>τοῦ</span> <span class='ocrx_word' id='word_1_311' title='bbox 1770 5305 1966 5375; x_wconf 88' lang='grc' dir='ltr'>χρόνου</span> 
     </span>
    </p>
   </div>
   <div class='ocr_carea' id='block_1_46' title="bbox 458 5486 1119 5558">
    <p class='ocr_par' dir='ltr' id='par_1_46' title="bbox 458 5486 1119 5558">
     <span class='ocr_line' id='line_1_46' title="bbox 458 5486 1119 5558; baseline 0.008 -20"><span class='ocrx_word' id='word_1_312' title='bbox 458 5486 534 5554; x_wconf 90' lang='lat' dir='ltr'>(a)</span> <span class='ocrx_word' id='word_1_313' title='bbox 569 5487 724 5540; x_wconf 86' lang='grc' dir='ltr'>τοῦδε</span> <span class='ocrx_word' id='word_1_314' title='bbox 750 5486 844 5542; x_wconf 81' lang='grc' dir='ltr'>τοῦ</span> <span class='ocrx_word' id='word_1_315' title='bbox 869 5489 1119 5558; x_wconf 85' lang='grc' dir='ltr'>τεύχους.</span> 
     </span>
    </p>
   </div>
   <div class='ocr_carea' id='block_1_47' title="bbox 457 5557 1156 5629">
    <p class='ocr_par' dir='ltr' id='par_1_47' title="bbox 457 5557 1156 5629">
     <span class='ocr_line' id='line_1_47' title="bbox 457 5557 1156 5629; baseline 0.01 -23"><span class='ocrx_word' id='word_1_316' title='bbox 457 5557 532 5625; x_wconf 79' lang='lat' dir='ltr'>(b)</span> <span class='ocrx_word' id='word_1_317' title='bbox 556 5558 703 5620; x_wconf 85' lang='grc' dir='ltr'>θείας</span> <span class='ocrx_word' id='word_1_318' title='bbox 734 5557 1156 5629; x_wconf 82' lang='grc' dir='ltr'>παρακλήσεως.</span> 
     </span>
    </p>
   </div>
   <div class='ocr_carea' id='block_1_48' title="bbox 457 5629 1038 5698">
    <p class='ocr_par' dir='ltr' id='par_1_48' title="bbox 457 5629 1038 5698">
     <span class='ocr_line' id='line_1_48' title="bbox 457 5629 1038 5698; baseline 0.005 -19"><span class='ocrx_word' id='word_1_319' title='bbox 457 5631 528 5694; x_wconf 79' lang='grc' dir='ltr'>(ε)</span> <span class='ocrx_word' id='word_1_320' title='bbox 557 5629 814 5698; x_wconf 79' lang='grc' dir='ltr'>οὐδεμιᾶς</span> <span class='ocrx_word' id='word_1_321' title='bbox 847 5630 1038 5683; x_wconf 83' lang='grc' dir='ltr'>δεῖται.</span> 
     </span>
    </p>
   </div>
   <div class='ocr_carea' id='block_1_49' title="bbox 2079 2171 3656 2249">
    <p class='ocr_par' dir='ltr' id='par_1_49' title="bbox 2079 2171 3656 2249">
     <span class='ocr_line' id='line_1_49' title="bbox 2079 2171 3656 2249; baseline 0.006 -25"><span class='ocrx_word' id='word_1_322' title='bbox 2079 2171 2153 2224; x_wconf 87' lang='grc' dir='ltr'><strong>Οὐ</strong></span> <span class='ocrx_word' id='word_1_323' title='bbox 2192 2171 2301 2241; x_wconf 82' lang='grc' dir='ltr'>γὰρ</span> <span class='ocrx_word' id='word_1_324' title='bbox 2331 2171 2523 2242; x_wconf 84' lang='grc' dir='ltr'>ὥσπερ</span> <span class='ocrx_word' id='word_1_325' title='bbox 2551 2173 2660 2243; x_wconf 74' lang='grc' dir='ltr'>πρὸ</span> <span class='ocrx_word' id='word_1_326' title='bbox 2689 2173 2790 2242; x_wconf 83' lang='grc' dir='ltr'>τῆς</span> <span class='ocrx_word' id='word_1_327' title='bbox 2817 2175 3166 2239; x_wconf 87' lang='grc' dir='ltr'>ἀναστάσεως</span> <span class='ocrx_word' id='word_1_328' title='bbox 3204 2177 3291 2230; x_wconf 77' lang='grc' dir='ltr'>ἀεὶ</span> <span class='ocrx_word' id='word_1_329' title='bbox 3323 2178 3442 2249; x_wconf 89' lang='grc' dir='ltr'>μετ’</span> <span class='ocrx_word' id='word_1_330' title='bbox 3473 2179 3656 2234; x_wconf 79' lang='grc' dir='ltr'>αὐτῶν</span> 
     </span>
    </p>
   </div>
   <div class='ocr_carea' id='block_1_50' title="bbox 2076 2257 3656 2338">
    <p class='ocr_par' dir='ltr' id='par_1_50' title="bbox 2076 2257 3656 2338">
     <span class='ocr_line' id='line_1_50' title="bbox 2076 2257 3656 2338; baseline 0.007 -25"><span class='ocrx_word' id='word_1_331' title='bbox 2076 2257 2168 2332; x_wconf 83' lang='grc' dir='ltr'>ἦν,</span> <span class='ocrx_word' id='word_1_332' title='bbox 2202 2261 2346 2316; x_wconf 74' lang='grc' dir='ltr'>οὕτω</span> <span class='ocrx_word' id='word_1_333' title='bbox 2377 2264 2472 2317; x_wconf 75' lang='grc' dir='ltr'>καὶ</span> <span class='ocrx_word' id='word_1_334' title='bbox 2517 2264 2663 2330; x_wconf 88' lang='grc' dir='ltr'>τότε,</span> <span class='ocrx_word' id='word_1_335' title='bbox 2708 2265 2845 2319; x_wconf 84' lang='grc' dir='ltr'>ἀλλὰ</span> <span class='ocrx_word' id='word_1_336' title='bbox 2870 2266 3190 2338; x_wconf 75' lang='grc' dir='ltr'>ὂι-’ήμερῶν</span> <span class='ocrx_word' id='word_1_337' title='bbox 3243 2274 3317 2336; x_wconf 87' lang='grc' dir='ltr'>μ’.</span> <span class='ocrx_word' id='word_1_338' title='bbox 3365 2269 3656 2338; x_wconf 80' lang='grc' dir='ltr'>Ἐφίστατο</span> 
     </span>
    </p>
   </div>
   <div class='ocr_carea' id='block_1_51' title="bbox 2079 2355 3653 2430">
    <p class='ocr_par' dir='ltr' id='par_1_51' title="bbox 2079 2355 3653 2430">
     <span class='ocr_line' id='line_1_51' title="bbox 2079 2355 3653 2430; baseline 0.004 -24"><span class='ocrx_word' id='word_1_339' title='bbox 2079 2355 2189 2426; x_wconf 77' lang='grc' dir='ltr'>γὰρ</span> <span class='ocrx_word' id='word_1_340' title='bbox 2224 2357 2320 2409; x_wconf 70' lang='grc' dir='ltr'>καὶ</span> <span class='ocrx_word' id='word_1_341' title='bbox 2345 2355 2611 2425; x_wconf 85' lang='grc' dir='ltr'>ἀφίστατο</span> <span class='ocrx_word' id='word_1_342' title='bbox 2646 2356 2716 2426; x_wconf 73' lang='grc' dir='ltr'>(ε)</span> <span class='ocrx_word' id='word_1_343' title='bbox 2745 2358 2966 2425; x_wconf 84' lang='grc' dir='ltr'>ἀνάγων</span> <span class='ocrx_word' id='word_1_344' title='bbox 3002 2356 3206 2430; x_wconf 81' lang='grc' dir='ltr'>[αὐτῶν</span> <span class='ocrx_word' id='word_1_345' title='bbox 3235 2362 3331 2422; x_wconf 68' lang='grc' dir='ltr'>τὰς</span> <span class='ocrx_word' id='word_1_346' title='bbox 3385 2359 3653 2427; x_wconf 77' lang='grc' dir='ltr'>διανοίας,</span> 
     </span>
    </p>
   </div>
   <div class='ocr_carea' id='block_1_52' title="bbox 2079 2446 3653 2524">
    <p class='ocr_par' dir='ltr' id='par_1_52' title="bbox 2079 2446 3653 2524">
     <span class='ocr_line' id='line_1_52' title="bbox 2079 2446 3653 2524; baseline 0.004 -26"><span class='ocrx_word' id='word_1_347' title='bbox 2079 2447 2175 2498; x_wconf 65' lang='grc' dir='ltr'>καὶ</span> <span class='ocrx_word' id='word_1_348' title='bbox 2193 2446 2293 2499; x_wconf 89' lang='grc' dir='ltr'>ούκ</span> <span class='ocrx_word' id='word_1_349' title='bbox 2320 2447 2399 2500; x_wconf 75' lang='grc' dir='ltr'>ἔτι</span> <span class='ocrx_word' id='word_1_350' title='bbox 2421 2448 2722 2518; x_wconf 78' lang='grc' dir='ltr'>συγχωρῶν</span> <span class='ocrx_word' id='word_1_351' title='bbox 2741 2450 2946 2519; x_wconf 77' lang='grc' dir='ltr'>ὁμοίως</span> <span class='ocrx_word' id='word_1_352' title='bbox 2981 2450 3112 2520; x_wconf 84' lang='grc' dir='ltr'>πρὸς</span> <span class='ocrx_word' id='word_1_353' title='bbox 3141 2450 3304 2504; x_wconf 62' lang='grc' dir='ltr'>αὐτὸν</span> <span class='ocrx_word' id='word_1_354' title='bbox 3326 2450 3653 2524; x_wconf 80' lang='grc' dir='ltr'>δια]κεῖσθαι</span> 
     </span>
    </p>
   </div>
   <div class='ocr_carea' id='block_1_53' title="bbox 2081 2534 3652 2612">
    <p class='ocr_par' dir='ltr' id='par_1_53' title="bbox 2081 2534 3652 2612">
     <span class='ocr_line' id='line_1_53' title="bbox 2081 2534 3652 2612; baseline 0.004 -23"><span class='ocrx_word' id='word_1_355' title='bbox 2081 2534 2294 2608; x_wconf 79' lang='grc' dir='ltr'>[ὥσπερ</span> <span class='ocrx_word' id='word_1_356' title='bbox 2332 2536 2447 2609; x_wconf 78' lang='grc' dir='ltr'>καὶ]</span> <span class='ocrx_word' id='word_1_357' title='bbox 2489 2539 2773 2609; x_wconf 88' lang='grc' dir='ltr'>πρότερον,</span> <span class='ocrx_word' id='word_1_358' title='bbox 2799 2540 2937 2593; x_wconf 88' lang='grc' dir='ltr'>ἀλλά</span> <span class='ocrx_word' id='word_1_359' title='bbox 2981 2539 3165 2610; x_wconf 81' lang='grc' dir='ltr'>μείζον</span> <span class='ocrx_word' id='word_1_360' title='bbox 3192 2540 3249 2612; x_wconf 79' lang='grc' dir='ltr'>[α</span> <span class='ocrx_word' id='word_1_361' title='bbox 3288 2542 3451 2596; x_wconf 84' lang='grc' dir='ltr'>αὑτὸν</span> <span class='ocrx_word' id='word_1_362' title='bbox 3495 2559 3652 2612; x_wconf 80' lang='grc' dir='ltr'>νομι-</span> 
     </span>
    </p>
   </div>
   <div class='ocr_carea' id='block_1_54' title="bbox 2079 2624 3653 2703">
    <p class='ocr_par' dir='ltr' id='par_1_54' title="bbox 2079 2624 3653 2703">
     <span class='ocr_line' id='line_1_54' title="bbox 2079 2624 3653 2703; baseline 0.003 -22"><span class='ocrx_word' id='word_1_363' title='bbox 2079 2628 2274 2697; x_wconf 82' lang='grc' dir='ltr'>σθῆναι</span> <span class='ocrx_word' id='word_1_364' title='bbox 2302 2629 2334 2699; x_wconf 85' lang='grc' dir='ltr'>ἢ</span> <span class='ocrx_word' id='word_1_365' title='bbox 2369 2630 2512 2683; x_wconf 85' lang='grc' dir='ltr'>κατὰ</span> <span class='ocrx_word' id='word_1_366' title='bbox 2540 2624 2849 2703; x_wconf 81' lang='grc' dir='ltr'>ἄνθρωπον.</span> <span class='ocrx_word' id='word_1_367' title='bbox 2873 2632 2987 2684; x_wconf 82' lang='grc' dir='ltr'>Οὐκ</span> <span class='ocrx_word' id='word_1_368' title='bbox 3025 2633 3196 2702; x_wconf 77' lang='grc' dir='ltr'>ἐφάνη</span> <span class='ocrx_word' id='word_1_369' title='bbox 3228 2633 3283 2684; x_wconf 85' lang='grc' dir='ltr'>δὲ</span> <span class='ocrx_word' id='word_1_370' title='bbox 3316 2634 3503 2697; x_wconf 79' lang='grc' dir='ltr'>πᾶσιν,</span> <span class='ocrx_word' id='word_1_371' title='bbox 3535 2633 3653 2688; x_wconf 84' lang='grc' dir='ltr'>ἀλλ’</span> 
     </span>
    </p>
   </div>
   <div class='ocr_carea' id='block_1_55' title="bbox 2078 2718 3652 2792">
    <p class='ocr_par' dir='ltr' id='par_1_55' title="bbox 2078 2718 3652 2792">
     <span class='ocr_line' id='line_1_55' title="bbox 2078 2718 3652 2792; baseline 0.001 -20"><span class='ocrx_word' id='word_1_372' title='bbox 2078 2718 2399 2782; x_wconf 87' lang='grc' dir='ltr'>ἀποστόλοις</span> <span class='ocrx_word' id='word_1_373' title='bbox 2454 2719 2637 2789; x_wconf 89' lang='grc' dir='ltr'>μόνον.</span> <span class='ocrx_word' id='word_1_374' title='bbox 2671 2719 2788 2773; x_wconf 84' lang='grc' dir='ltr'>Ἵνα</span> <span class='ocrx_word' id='word_1_375' title='bbox 2819 2719 2894 2790; x_wconf 80' lang='grc' dir='ltr'>μὴ</span> <span class='ocrx_word' id='word_1_376' title='bbox 2942 2719 3070 2792; x_wconf 78' lang='grc' dir='ltr'>δόξῃ</span> <span class='ocrx_word' id='word_1_377' title='bbox 3101 2722 3213 2781; x_wconf 90' lang='grc' dir='ltr'>τοῖς</span> <span class='ocrx_word' id='word_1_378' title='bbox 3249 2719 3464 2782; x_wconf 85' lang='grc' dir='ltr'>πολλοῖς</span> <span class='ocrx_word' id='word_1_379' title='bbox 3517 2721 3652 2789; x_wconf 82' lang='grc' dir='ltr'>φάν-</span> 
     </span>
    </p>
   </div>
   <div class='ocr_carea' id='block_1_56' title="bbox 2075 2811 3651 2884">
    <p class='ocr_par' dir='ltr' id='par_1_56' title="bbox 2075 2811 3651 2884">
     <span class='ocr_line' id='line_1_56' title="bbox 2075 2811 3651 2884; baseline 0.002 -20"><span class='ocrx_word' id='word_1_380' title='bbox 2075 2829 2282 2881; x_wconf 87' lang='grc' dir='ltr'>τασμα.</span> <span class='ocrx_word' id='word_1_381' title='bbox 2341 2812 2441 2866; x_wconf 75' lang='grc' dir='ltr'>Διά</span> <span class='ocrx_word' id='word_1_382' title='bbox 2501 2813 2661 2866; x_wconf 89' lang='grc' dir='ltr'>τοῦτο</span> <span class='ocrx_word' id='word_1_383' title='bbox 2721 2814 2817 2865; x_wconf 72' lang='grc' dir='ltr'>καὶ</span> <span class='ocrx_word' id='word_1_384' title='bbox 2881 2811 3374 2884; x_wconf 86' lang='grc' dir='ltr'>[τεσσάρακοντα]</span> <span class='ocrx_word' id='word_1_385' title='bbox 3437 2814 3651 2884; x_wconf 81' lang='grc' dir='ltr'>ἡμέρας</span> 
     </span>
    </p>
   </div>
   <div class='ocr_carea' id='block_1_57' title="bbox 2079 2901 3652 2976">
    <p class='ocr_par' dir='ltr' id='par_1_57' title="bbox 2079 2901 3652 2976">
     <span class='ocr_line' id='line_1_57' title="bbox 2079 2901 3652 2976; baseline -0.002 -21"><span class='ocrx_word' id='word_1_386' title='bbox 2079 2901 2284 2976; x_wconf 80' lang='grc' dir='ltr'>[ἔμεινε</span> <span class='ocrx_word' id='word_1_387' title='bbox 2338 2903 2476 2974; x_wconf 83' lang='grc' dir='ltr'>μετὰ</span> <span class='ocrx_word' id='word_1_388' title='bbox 2519 2903 2620 2974; x_wconf 85' lang='grc' dir='ltr'>τὴν</span> <span class='ocrx_word' id='word_1_389' title='bbox 2654 2904 2974 2967; x_wconf 81' lang='grc' dir='ltr'>ἀνάστασιν,</span> <span class='ocrx_word' id='word_1_390' title='bbox 3013 2902 3235 2972; x_wconf 70' lang='grc' dir='ltr'>ἔλεγχον</span> <span class='ocrx_word' id='word_1_391' title='bbox 3263 2902 3438 2966; x_wconf 85' lang='grc' dir='ltr'>διδοὺς</span> <span class='ocrx_word' id='word_1_392' title='bbox 3475 2905 3534 2956; x_wconf 82' lang='grc' dir='ltr'>ὲν</span> <span class='ocrx_word' id='word_1_393' title='bbox 3573 2905 3652 2971; x_wconf 74' lang='grc' dir='ltr'>τῷ</span> 
     </span>
    </p>
   </div>
   <div class='ocr_carea' id='block_1_58' title="bbox 2081 2992 3650 3074">
    <p class='ocr_par' dir='ltr' id='par_1_58' title="bbox 2081 2992 3650 3074">
     <span class='ocr_line' id='line_1_58' title="bbox 2081 2992 3650 3074; baseline 0.003 -26"><span class='ocrx_word' id='word_1_394' title='bbox 2081 2992 2280 3064; x_wconf 86' lang='grc' dir='ltr'>μακρῷ</span> <span class='ocrx_word' id='word_1_395' title='bbox 2308 2995 2486 3065; x_wconf 82' lang='grc' dir='ltr'>χρόνῳ</span> <span class='ocrx_word' id='word_1_396' title='bbox 2511 2995 2609 3065; x_wconf 85' lang='grc' dir='ltr'>τῆς</span> <span class='ocrx_word' id='word_1_397' title='bbox 2641 2994 2819 3064; x_wconf 70' lang='grc' dir='ltr'>ὅψεως</span> <span class='ocrx_word' id='word_1_398' title='bbox 2849 2995 2945 3070; x_wconf 66' lang='grc' dir='ltr'>τῆς</span> <span class='ocrx_word' id='word_1_399' title='bbox 2985 2994 3240 3073; x_wconf 51' lang='grc' dir='ltr'>ὠκείαιςῇ</span> <span class='ocrx_word' id='word_1_400' title='bbox 3272 2995 3360 3056; x_wconf 80' lang='grc' dir='ltr'>ἵνα</span> <span class='ocrx_word' id='word_1_401' title='bbox 3493 2995 3650 3074; x_wconf 71' lang='grc' dir='ltr'>νομί-</span> 
     </span>
    </p>
   </div>
   <div class='ocr_carea' id='block_1_59' title="bbox 2075 3084 3650 3163">
    <p class='ocr_par' dir='ltr' id='par_1_59' title="bbox 2075 3084 3650 3163">
     <span class='ocr_line' id='line_1_59' title="bbox 2075 3084 3650 3163; baseline 0.003 -19"><span class='ocrx_word' id='word_1_402' title='bbox 2075 3103 2211 3144; x_wconf 60' lang='grc' dir='ltr'>σωσι</span> <span class='ocrx_word' id='word_1_403' title='bbox 2256 3084 2627 3163; x_wconf 55' lang='grc' dir='ltr'>ἰδ-ὁρώμενον</span> <span class='ocrx_word' id='word_1_404' title='bbox 2682 3093 3015 3161; x_wconf 78' lang='grc' dir='ltr'>φάντασμα·</span> <span class='ocrx_word' id='word_1_405' title='bbox 3076 3093 3156 3146; x_wconf 78' lang='grc' dir='ltr'>διὸ</span> <span class='ocrx_word' id='word_1_406' title='bbox 3211 3096 3308 3147; x_wconf 73' lang='grc' dir='ltr'>καὶ</span> <span class='ocrx_word' id='word_1_407' title='bbox 3360 3095 3650 3148; x_wconf 78' lang='grc' dir='ltr'>συνεσθίει.</span> 
     </span>
    </p>
   </div>
   <div class='ocr_carea' id='block_1_60' title="bbox 2077 3185 3644 3261">
    <p class='ocr_par' dir='ltr' id='par_1_60' title="bbox 2077 3185 3644 3261">
     <span class='ocr_line' id='line_1_60' title="bbox 2077 3185 3644 3261; baseline -0.001 -23"><span class='ocrx_word' id='word_1_408' title='bbox 2077 3185 2188 3238; x_wconf 73' lang='grc' dir='ltr'>Καὶ</span> <span class='ocrx_word' id='word_1_409' title='bbox 2214 3185 2266 3238; x_wconf 88' lang='grc' dir='ltr'>τί</span> <span class='ocrx_word' id='word_1_410' title='bbox 2297 3185 2604 3254; x_wconf 82' lang='grc' dir='ltr'>διελέγετο;</span> <span class='ocrx_word' id='word_1_411' title='bbox 2631 3185 2679 3261; x_wconf 78' lang='grc' dir='ltr'>[ι</span> <span class='ocrx_word' id='word_1_412' title='bbox 2693 3187 2830 3256; x_wconf 85' lang='grc' dir='ltr'>Περὶ</span> <span class='ocrx_word' id='word_1_413' title='bbox 2868 3188 2969 3258; x_wconf 80' lang='grc' dir='ltr'>τῆς</span> <span class='ocrx_word' id='word_1_414' title='bbox 3000 3185 3302 3258; x_wconf 82' lang='grc' dir='ltr'>βα]σιλείας</span> <span class='ocrx_word' id='word_1_415' title='bbox 3326 3187 3420 3240; x_wconf 89' lang='grc' dir='ltr'>τοῦ</span> <span class='ocrx_word' id='word_1_416' title='bbox 3451 3186 3644 3240; x_wconf 74' lang='grc' dir='ltr'>Θεοῦ.»</span> 
     </span>
    </p>
   </div>
   <div class='ocr_carea' id='block_1_61' title="bbox 2087 3273 3654 3350">
    <p class='ocr_par' dir='ltr' id='par_1_61' title="bbox 2087 3273 3654 3350">
     <span class='ocr_line' id='line_1_61' title="bbox 2087 3273 3654 3350; baseline 0 -20"><span class='ocrx_word' id='word_1_417' title='bbox 2087 3277 2308 3349; x_wconf 79' lang='grc' dir='ltr'>Ἐπειδὴ</span> <span class='ocrx_word' id='word_1_418' title='bbox 2331 3284 2705 3349; x_wconf 81' lang='grc' dir='ltr'>πεπονηκότες</span> <span class='ocrx_word' id='word_1_419' title='bbox 2725 3273 2868 3350; x_wconf 79' lang='grc' dir='ltr'>ἦσαν</span> <span class='ocrx_word' id='word_1_420' title='bbox 2891 3280 2986 3333; x_wconf 75' lang='grc' dir='ltr'>καὶ</span> <span class='ocrx_word' id='word_1_421' title='bbox 3005 3281 3400 3349; x_wconf 78' lang='grc' dir='ltr'>τεταραγμένοι</span> <span class='ocrx_word' id='word_1_422' title='bbox 3415 3281 3528 3342; x_wconf 81' lang='grc' dir='ltr'>τοῖς</span> <span class='ocrx_word' id='word_1_423' title='bbox 3549 3279 3654 3350; x_wconf 79' lang='grc' dir='ltr'>ήδη</span> 
     </span>
    </p>
   </div>
   <div class='ocr_carea' id='block_1_62' title="bbox 2073 3367 3653 3443">
    <p class='ocr_par' dir='ltr' id='par_1_62' title="bbox 2073 3367 3653 3443">
     <span class='ocr_line' id='line_1_62' title="bbox 2073 3367 3653 3443; baseline 0.001 -21"><span class='ocrx_word' id='word_1_424' title='bbox 2073 3371 2466 3440; x_wconf 82' lang='grc' dir='ltr'>γεγενημένοις</span> <span class='ocrx_word' id='word_1_425' title='bbox 2519 3369 2636 3442; x_wconf 82' lang='grc' dir='ltr'>[καὶ</span> <span class='ocrx_word' id='word_1_426' title='bbox 2681 3371 2818 3443; x_wconf 83' lang='grc' dir='ltr'>πρὸς</span> <span class='ocrx_word' id='word_1_427' title='bbox 2851 3367 3144 3442; x_wconf 74' lang='grc' dir='ltr'>μεγά]λους</span> <span class='ocrx_word' id='word_1_428' title='bbox 3179 3371 3404 3441; x_wconf 82' lang='grc' dir='ltr'>ἔμελλον</span> <span class='ocrx_word' id='word_1_429' title='bbox 3451 3371 3653 3437; x_wconf 75' lang='grc' dir='ltr'>ἐξιέναι</span> 
     </span>
    </p>
   </div>
   <div class='ocr_carea' id='block_1_63' title="bbox 2009 3451 3656 3536">
    <p class='ocr_par' dir='ltr' id='par_1_63' title="bbox 2009 3451 3656 3536">
     <span class='ocr_line' id='line_1_63' title="bbox 2009 3451 3656 3536; baseline 0 -20"><span class='ocrx_word' id='word_1_430' title='bbox 2009 3451 2048 3504; x_wconf 74' lang='grc' dir='ltr'><strong>Β</strong></span> <span class='ocrx_word' id='word_1_431' title='bbox 2078 3463 2319 3533; x_wconf 88' lang='grc' dir='ltr'>ἀγῶνας,</span> <span class='ocrx_word' id='word_1_432' title='bbox 2357 3467 2470 3528; x_wconf 87' lang='grc' dir='ltr'>τοῖς</span> <span class='ocrx_word' id='word_1_433' title='bbox 2504 3465 2632 3534; x_wconf 73' lang='grc' dir='ltr'>περὶ</span> <span class='ocrx_word' id='word_1_434' title='bbox 2662 3464 2770 3518; x_wconf 91' lang='grc' dir='ltr'>τῶν</span> <span class='ocrx_word' id='word_1_435' title='bbox 2803 3464 3110 3536; x_wconf 84' lang='grc' dir='ltr'>μελλόντων</span> <span class='ocrx_word' id='word_1_436' title='bbox 3157 3464 3357 3526; x_wconf 73' lang='grc' dir='ltr'>αὐτοὺς</span> <span class='ocrx_word' id='word_1_437' title='bbox 3388 3465 3656 3517; x_wconf 83' lang='grc' dir='ltr'>ἀνεκτᾶτο</span> 
     </span>
    </p>
   </div>
   <div class='ocr_carea' id='block_1_64' title="bbox 2078 3554 3650 3629">
    <p class='ocr_par' dir='ltr' id='par_1_64' title="bbox 2078 3554 3650 3629">
     <span class='ocr_line' id='line_1_64' title="bbox 2078 3554 3650 3629; baseline -0.001 -19"><span class='ocrx_word' id='word_1_438' title='bbox 2078 3557 2278 3626; x_wconf 91' lang='grc' dir='ltr'>λόγοις,</span> <span class='ocrx_word' id='word_1_439' title='bbox 2315 3557 2834 3628; x_wconf 77' lang='grc' dir='ltr'>[ισυναυλιξόμενος</span> <span class='ocrx_word' id='word_1_440' title='bbox 2878 3554 3147 3627; x_wconf 77' lang='grc' dir='ltr'>αύτοῖς.»]</span> <span class='ocrx_word' id='word_1_441' title='bbox 3183 3557 3292 3610; x_wconf 78' lang='grc' dir='ltr'>Καὶ</span> <span class='ocrx_word' id='word_1_442' title='bbox 3324 3555 3394 3629; x_wconf 77' lang='lat' dir='ltr'>[ot</span> <span class='ocrx_word' id='word_1_443' title='bbox 3417 3557 3650 3610; x_wconf 79' lang='grc' dir='ltr'>ἀπόστο-</span> 
     </span>
    </p>
   </div>
   <div class='ocr_carea' id='block_1_65' title="bbox 2077 3649 3654 3721">
    <p class='ocr_par' dir='ltr' id='par_1_65' title="bbox 2077 3649 3654 3721">
     <span class='ocr_line' id='line_1_65' title="bbox 2077 3649 3654 3721; baseline -0.001 -19"><span class='ocrx_word' id='word_1_444' title='bbox 2077 3649 2183 3720; x_wconf 88' lang='grc' dir='ltr'>λοι]</span> <span class='ocrx_word' id='word_1_445' title='bbox 2223 3651 2366 3720; x_wconf 81' lang='grc' dir='ltr'>μέγα</span> <span class='ocrx_word' id='word_1_446' title='bbox 2397 3649 2678 3721; x_wconf 81' lang='grc' dir='ltr'>πανταχοῦ</span> <span class='ocrx_word' id='word_1_447' title='bbox 2728 3652 2891 3702; x_wconf 73' lang='grc' dir='ltr'>τοῦτο</span> <span class='ocrx_word' id='word_1_448' title='bbox 2942 3649 3040 3719; x_wconf 83' lang='grc' dir='ltr'>τῆς</span> <span class='ocrx_word' id='word_1_449' title='bbox 3067 3649 3421 3711; x_wconf 84' lang='grc' dir='ltr'>ἀναστάσεως</span> <span class='ocrx_word' id='word_1_450' title='bbox 3449 3651 3654 3719; x_wconf 81' lang='grc' dir='ltr'>τεκμή·</span> 
     </span>
    </p>
   </div>
   <div class='ocr_carea' id='block_1_66' title="bbox 2079 3736 3655 3811">
    <p class='ocr_par' dir='ltr' id='par_1_66' title="bbox 2079 3736 3655 3811">
     <span class='ocr_line' id='line_1_66' title="bbox 2079 3736 3655 3811; baseline -0.002 -18"><span class='ocrx_word' id='word_1_451' title='bbox 2079 3757 2195 3811; x_wconf 76' lang='grc' dir='ltr'>ριον</span> <span class='ocrx_word' id='word_1_452' title='bbox 2250 3739 2532 3793; x_wconf 78' lang='grc' dir='ltr'>ἐποιοῦντο</span> <span class='ocrx_word' id='word_1_453' title='bbox 2584 3737 2926 3811; x_wconf 83' lang='grc' dir='ltr'>[λέγοντες</span> <span class='ocrx_word' id='word_1_454' title='bbox 2991 3738 3201 3801; x_wconf 84' lang='grc' dir='ltr'>Οἴτινες</span> <span class='ocrx_word' id='word_1_455' title='bbox 3253 3736 3655 3810; x_wconf 81' lang='grc' dir='ltr'>συν[εφάγομεν</span> 
     </span>
    </p>
   </div>
   <div class='ocr_carea' id='block_1_67' title="bbox 2076 3830 3650 3903">
    <p class='ocr_par' dir='ltr' id='par_1_67' title="bbox 2076 3830 3650 3903">
     <span class='ocr_line' id='line_1_67' title="bbox 2076 3830 3650 3903; baseline -0.002 -19"><span class='ocrx_word' id='word_1_456' title='bbox 2076 3830 2193 3903; x_wconf 68' lang='grc' dir='ltr'>καὶ]</span> <span class='ocrx_word' id='word_1_457' title='bbox 2232 3831 2560 3902; x_wconf 79' lang='grc' dir='ltr'>συνεπίομεν</span> <span class='ocrx_word' id='word_1_458' title='bbox 2586 3831 2732 3902; x_wconf 81' lang='grc' dir='ltr'>αύτῷ</span> <span class='ocrx_word' id='word_1_459' title='bbox 2752 3848 2768 3863; x_wconf 77' lang='grc' dir='ltr'><strong>ο</strong></span> <span class='ocrx_word' id='word_1_460' title='bbox 2789 3831 2853 3884; x_wconf 84' lang='grc' dir='ltr'>τὸ</span> <span class='ocrx_word' id='word_1_461' title='bbox 2888 3831 2946 3884; x_wconf 80' lang='grc' dir='ltr'>δὲ</span> <span class='ocrx_word' id='word_1_462' title='bbox 2977 3830 3115 3896; x_wconf 90' lang='grc' dir='ltr'>πῶς,</span> <span class='ocrx_word' id='word_1_463' title='bbox 3141 3831 3240 3901; x_wconf 84' lang='grc' dir='ltr'>οὐχ</span> <span class='ocrx_word' id='word_1_464' title='bbox 3267 3831 3537 3901; x_wconf 80' lang='grc' dir='ltr'>ἡμέτερον</span> <span class='ocrx_word' id='word_1_465' title='bbox 3575 3833 3650 3882; x_wconf 80' lang='grc' dir='ltr'>εἰ·</span> 
     </span>
    </p>
   </div>
   <div class='ocr_carea' id='block_1_68' title="bbox 2076 3921 3650 3997">
    <p class='ocr_par' dir='ltr' id='par_1_68' title="bbox 2076 3921 3650 3997">
     <span class='ocr_line' id='line_1_68' title="bbox 2076 3921 3650 3997; baseline -0.004 -17"><span class='ocrx_word' id='word_1_466' title='bbox 2076 3928 2221 3980; x_wconf 87' lang='grc' dir='ltr'>πεῖν.</span> <span class='ocrx_word' id='word_1_467' title='bbox 2255 3925 2480 3997; x_wconf 84' lang='grc' dir='ltr'>Πρῶτον</span> <span class='ocrx_word' id='word_1_468' title='bbox 2515 3923 2614 3995; x_wconf 85' lang='grc' dir='ltr'>μὲν</span> <span class='ocrx_word' id='word_1_469' title='bbox 2634 3925 2716 3988; x_wconf 87' lang='grc' dir='ltr'>είς</span> <span class='ocrx_word' id='word_1_470' title='bbox 2744 3925 2844 3994; x_wconf 84' lang='grc' dir='ltr'>τὴν</span> <span class='ocrx_word' id='word_1_471' title='bbox 2873 3923 3171 3978; x_wconf 84' lang='grc' dir='ltr'>Γαλιλαίαν</span> <span class='ocrx_word' id='word_1_472' title='bbox 3205 3921 3423 3995; x_wconf 79' lang='grc' dir='ltr'>[αὐτοὺς</span> <span class='ocrx_word' id='word_1_473' title='bbox 3457 3922 3650 3993; x_wconf 71' lang='lat' dir='ltr'>658m]-</span> 
     </span>
    </p>
   </div>
   <div class='ocr_carea' id='block_1_69' title="bbox 2075 4005 3651 4090">
    <p class='ocr_par' dir='ltr' id='par_1_69' title="bbox 2075 4005 3651 4090">
     <span class='ocr_line' id='line_1_69' title="bbox 2075 4005 3651 4090; baseline -0.003 -17"><span class='ocrx_word' id='word_1_474' title='bbox 2075 4020 2240 4082; x_wconf 88' lang='grc' dir='ltr'>κότας</span> <span class='ocrx_word' id='word_1_475' title='bbox 2276 4016 2615 4090; x_wconf 78' lang='grc' dir='ltr'>[ἐξήγαγεν,]</span> <span class='ocrx_word' id='word_1_476' title='bbox 2668 4017 2754 4072; x_wconf 71' lang='grc' dir='ltr'>ἵνα</span> <span class='ocrx_word' id='word_1_477' title='bbox 2806 4017 2946 4087; x_wconf 85' lang='grc' dir='ltr'>μετά</span> <span class='ocrx_word' id='word_1_478' title='bbox 2991 4015 3177 4078; x_wconf 85' lang='grc' dir='ltr'>ἁδείας</span> <span class='ocrx_word' id='word_1_479' title='bbox 3221 4014 3500 4070; x_wconf 83' lang='grc' dir='ltr'>ἀκούσωσι</span> <span class='ocrx_word' id='word_1_480' title='bbox 3540 4005 3651 4068; x_wconf 68' lang='grc' dir='ltr'>τῗυι</span> 
     </span>
    </p>
   </div>
   <div class='ocr_carea' id='block_1_70' title="bbox 2073 4105 3651 4182">
    <p class='ocr_par' dir='ltr' id='par_1_70' title="bbox 2073 4105 3651 4182">
     <span class='ocr_line' id='line_1_70' title="bbox 2073 4105 3651 4182; baseline -0.004 -16"><span class='ocrx_word' id='word_1_481' title='bbox 2073 4112 2412 4182; x_wconf 70' lang='grc' dir='ltr'>λεγομένων,</span> <span class='ocrx_word' id='word_1_482' title='bbox 2441 4105 2563 4165; x_wconf 76' lang='grc' dir='ltr'>εἷτα</span> <span class='ocrx_word' id='word_1_483' title='bbox 2599 4129 2618 4163; x_wconf 80' lang='grc' dir='ltr'>ι</span> <span class='ocrx_word' id='word_1_484' title='bbox 2651 4108 3028 4181; x_wconf 86' lang='grc' dir='ltr'>παρήγγειλεν</span> <span class='ocrx_word' id='word_1_485' title='bbox 3059 4110 3244 4172; x_wconf 80' lang='grc' dir='ltr'>αὐτοῖς</span> <span class='ocrx_word' id='word_1_486' title='bbox 3273 4109 3383 4162; x_wconf 82' lang='grc' dir='ltr'>ἀπὸ</span> <span class='ocrx_word' id='word_1_487' title='bbox 3422 4107 3651 4178; x_wconf 81' lang='grc' dir='ltr'>Ἱεροσο-</span> 
     </span>
    </p>
   </div>
   <div class='ocr_carea' id='block_1_71' title="bbox 2072 4201 3649 4276">
    <p class='ocr_par' dir='ltr' id='par_1_71' title="bbox 2072 4201 3649 4276">
     <span class='ocr_line' id='line_1_71' title="bbox 2072 4201 3649 4276; baseline -0.004 -17"><span class='ocrx_word' id='word_1_488' title='bbox 2072 4205 2262 4276; x_wconf 87' lang='grc' dir='ltr'>λύμων</span> <span class='ocrx_word' id='word_1_489' title='bbox 2293 4204 2395 4276; x_wconf 76' lang='grc' dir='ltr'>[μὴ</span> <span class='ocrx_word' id='word_1_490' title='bbox 2423 4203 2754 4274; x_wconf 75' lang='grc' dir='ltr'>χωρίζεσθαι</span> <span class='ocrx_word' id='word_1_491' title='bbox 2781 4201 2832 4276; x_wconf 73' lang='grc' dir='ltr'>ι]</span> <span class='ocrx_word' id='word_1_492' title='bbox 2881 4202 2990 4273; x_wconf 76' lang='grc' dir='ltr'>πρὸ</span> <span class='ocrx_word' id='word_1_493' title='bbox 3013 4201 3111 4255; x_wconf 89' lang='grc' dir='ltr'>τοῦ</span> <span class='ocrx_word' id='word_1_494' title='bbox 3137 4202 3428 4273; x_wconf 79' lang='grc' dir='ltr'>μέλλοντος</span> <span class='ocrx_word' id='word_1_495' title='bbox 3464 4202 3649 4264; x_wconf 81' lang='grc' dir='ltr'>αὐτοῖς</span> 
     </span>
    </p>
   </div>
   <div class='ocr_carea' id='block_1_72' title="bbox 2076 4291 3630 4370">
    <p class='ocr_par' dir='ltr' id='par_1_72' title="bbox 2076 4291 3630 4370">
     <span class='ocr_line' id='line_1_72' title="bbox 2076 4291 3630 4370; baseline -0.006 -16"><span class='ocrx_word' id='word_1_496' title='bbox 2076 4293 2456 4370; x_wconf 84' lang='grc' dir='ltr'>στρατηγῆσαι</span> <span class='ocrx_word' id='word_1_497' title='bbox 2487 4299 2823 4367; x_wconf 88' lang='grc' dir='ltr'>Πνεύματος.</span> <span class='ocrx_word' id='word_1_498' title='bbox 2853 4297 2922 4349; x_wconf 91' lang='grc' dir='ltr'><em>Ἢ</em></span> <span class='ocrx_word' id='word_1_499' title='bbox 2942 4295 3031 4348; x_wconf 76' lang='grc' dir='ltr'>διὰ</span> <span class='ocrx_word' id='word_1_500' title='bbox 3061 4295 3154 4348; x_wconf 86' lang='grc' dir='ltr'>τοῦ</span> <span class='ocrx_word' id='word_1_501' title='bbox 3177 4334 3192 4360; x_wconf 91' lang='grc'>,</span> <span class='ocrx_word' id='word_1_502' title='bbox 3227 4313 3244 4346; x_wconf 82' lang='grc' dir='ltr'>ι</span> <span class='ocrx_word' id='word_1_503' title='bbox 3271 4294 3365 4365; x_wconf 81' lang='grc' dir='ltr'>Μὴ</span> <span class='ocrx_word' id='word_1_504' title='bbox 3404 4291 3630 4364; x_wconf 76' lang='grc' dir='ltr'>χωρίζε-</span> 
     </span>
    </p>
   </div>
   <div class='ocr_carea' id='block_1_73' title="bbox 2074 4377 3650 4457">
    <p class='ocr_par' dir='ltr' id='par_1_73' title="bbox 2074 4377 3650 4457">
     <span class='ocr_line' id='line_1_73' title="bbox 2074 4377 3650 4457; baseline -0.003 -19"><span class='ocrx_word' id='word_1_505' title='bbox 2074 4385 2221 4449; x_wconf 89' lang='grc' dir='ltr'>σθαι,</span> <span class='ocrx_word' id='word_1_506' title='bbox 2257 4403 2276 4436; x_wconf 73' lang='grc' dir='ltr'>ι</span> <span class='ocrx_word' id='word_1_507' title='bbox 2301 4383 2500 4450; x_wconf 75' lang='grc' dir='ltr'>ἔδειξεν</span> <span class='ocrx_word' id='word_1_508' title='bbox 2519 4383 2628 4457; x_wconf 81' lang='grc' dir='ltr'>[ὅτι</span> <span class='ocrx_word' id='word_1_509' title='bbox 2652 4385 2809 4437; x_wconf 76' lang='grc' dir='ltr'>αὐτοὶ</span> <span class='ocrx_word' id='word_1_510' title='bbox 2837 4384 2918 4446; x_wconf 85' lang='grc' dir='ltr'>είς</span> <span class='ocrx_word' id='word_1_511' title='bbox 2940 4383 3000 4435; x_wconf 85' lang='grc' dir='ltr'>τὸ</span> <span class='ocrx_word' id='word_1_512' title='bbox 3024 4380 3485 4454; x_wconf 83' lang='grc' dir='ltr'>λειπο]τακτῆσαι</span> <span class='ocrx_word' id='word_1_513' title='bbox 3506 4377 3650 4452; x_wconf 81' lang='grc' dir='ltr'>ἦσαν</span> 
     </span>
    </p>
   </div>
   <div class='ocr_carea' id='block_1_74' title="bbox 2071 4474 3650 4549">
    <p class='ocr_par' dir='ltr' id='par_1_74' title="bbox 2071 4474 3650 4549">
     <span class='ocr_line' id='line_1_74' title="bbox 2071 4474 3650 4549; baseline -0.004 -17"><span class='ocrx_word' id='word_1_514' title='bbox 2071 4479 2314 4549; x_wconf 76' lang='grc' dir='ltr'>ἕτοιμοι·</span> <span class='ocrx_word' id='word_1_515' title='bbox 2361 4477 2450 4532; x_wconf 75' lang='grc' dir='ltr'>διὰ</span> <span class='ocrx_word' id='word_1_516' title='bbox 2506 4478 2563 4530; x_wconf 85' lang='grc' dir='ltr'>δὲ</span> <span class='ocrx_word' id='word_1_517' title='bbox 2619 4476 2718 4547; x_wconf 81' lang='grc' dir='ltr'>τῆς</span> <span class='ocrx_word' id='word_1_518' title='bbox 2751 4475 3089 4544; x_wconf 78' lang='grc' dir='ltr'>ἐπαγγελίας</span> <span class='ocrx_word' id='word_1_519' title='bbox 3141 4475 3408 4544; x_wconf 82' lang='grc' dir='ltr'>κατέσχε,</span> <span class='ocrx_word' id='word_1_520' title='bbox 3443 4474 3537 4527; x_wconf 67' lang='grc' dir='ltr'>καὶ</span> <span class='ocrx_word' id='word_1_521' title='bbox 3568 4474 3650 4540; x_wconf 83' lang='grc' dir='ltr'>τῷ</span> 
     </span>
    </p>
   </div>
   <div class='ocr_carea' id='block_1_75' title="bbox 2071 4563 3648 4639">
    <p class='ocr_par' dir='ltr' id='par_1_75' title="bbox 2071 4563 3648 4639">
     <span class='ocr_line' id='line_1_75' title="bbox 2071 4563 3648 4639; baseline -0.004 -17"><span class='ocrx_word' id='word_1_522' title='bbox 2071 4567 2252 4639; x_wconf 84' lang='grc' dir='ltr'>ἀδήλῳ</span> <span class='ocrx_word' id='word_1_523' title='bbox 2275 4568 2369 4621; x_wconf 88' lang='grc' dir='ltr'>τοῦ</span> <span class='ocrx_word' id='word_1_524' title='bbox 2397 4569 2686 4638; x_wconf 81' lang='grc' dir='ltr'>χρόνου,...</span> <span class='ocrx_word' id='word_1_525' title='bbox 2719 4563 2886 4620; x_wconf 82' lang='grc' dir='ltr'>οὖσάν</span> <span class='ocrx_word' id='word_1_526' title='bbox 2909 4581 3097 4634; x_wconf 86' lang='grc' dir='ltr'>φησιν.</span> <span class='ocrx_word' id='word_1_527' title='bbox 3129 4564 3259 4618; x_wconf 86' lang='grc' dir='ltr'>Ὅτε</span> <span class='ocrx_word' id='word_1_528' title='bbox 3289 4564 3462 4633; x_wconf 72' lang='grc' dir='ltr'>ελεγεο</span> <span class='ocrx_word' id='word_1_529' title='bbox 3491 4581 3511 4615; x_wconf 76' lang='grc' dir='ltr'>ι</span> <span class='ocrx_word' id='word_1_530' title='bbox 3535 4564 3648 4616; x_wconf 75' lang='grc' dir='ltr'>Καὶ</span> 
     </span>
    </p>
   </div>
   <div class='ocr_carea' id='block_1_76' title="bbox 2070 4654 3647 4732">
    <p class='ocr_par' dir='ltr' id='par_1_76' title="bbox 2070 4654 3647 4732">
     <span class='ocr_line' id='line_1_76' title="bbox 2070 4654 3647 4732; baseline -0.005 -18"><span class='ocrx_word' id='word_1_531' title='bbox 2070 4660 2231 4714; x_wconf 78' lang='grc' dir='ltr'>ἄλλον</span> <span class='ocrx_word' id='word_1_532' title='bbox 2261 4660 2622 4732; x_wconf 80' lang='grc' dir='ltr'>Παράκλητον</span> <span class='ocrx_word' id='word_1_533' title='bbox 2650 4658 2852 4729; x_wconf 72' lang='grc' dir='ltr'>πέμψω</span> <span class='ocrx_word' id='word_1_534' title='bbox 2873 4675 2888 4690; x_wconf 87' lang='grc'><strong>·</strong></span> <span class='ocrx_word' id='word_1_535' title='bbox 2923 4659 3038 4725; x_wconf 73' lang='grc' dir='ltr'>καὶ,</span> <span class='ocrx_word' id='word_1_536' title='bbox 3081 4677 3100 4711; x_wconf 77' lang='grc' dir='ltr'>ι</span> <span class='ocrx_word' id='word_1_537' title='bbox 3123 4657 3249 4711; x_wconf 82' lang='grc' dir='ltr'>Ἐὰν</span> <span class='ocrx_word' id='word_1_538' title='bbox 3275 4657 3352 4727; x_wconf 79' lang='grc' dir='ltr'>μὴ</span> <span class='ocrx_word' id='word_1_539' title='bbox 3386 4654 3497 4724; x_wconf 77' lang='grc' dir='ltr'>ἐγὼ</span> <span class='ocrx_word' id='word_1_540' title='bbox 3536 4656 3647 4709; x_wconf 81' lang='grc' dir='ltr'>ἀπ-</span> 
     </span>
    </p>
   </div>
   <div class='ocr_carea' id='block_1_77' title="bbox 2072 4747 3648 4825">
    <p class='ocr_par' dir='ltr' id='par_1_77' title="bbox 2072 4747 3648 4825">
     <span class='ocr_line' id='line_1_77' title="bbox 2072 4747 3648 4825; baseline -0.006 -16"><span class='ocrx_word' id='word_1_541' title='bbox 2072 4755 2236 4821; x_wconf 84' lang='grc' dir='ltr'>έλθω,</span> <span class='ocrx_word' id='word_1_542' title='bbox 2268 4757 2297 4808; x_wconf 89' lang='grc' dir='ltr'>ό</span> <span class='ocrx_word' id='word_1_543' title='bbox 2328 4754 2689 4825; x_wconf 81' lang='grc' dir='ltr'>Παράκλητος</span> <span class='ocrx_word' id='word_1_544' title='bbox 2720 4754 2820 4806; x_wconf 88' lang='grc' dir='ltr'>ούκ</span> <span class='ocrx_word' id='word_1_545' title='bbox 2870 4751 3173 4806; x_wconf 79' lang='grc' dir='ltr'>ἐλεύσεται.</span> <span class='ocrx_word' id='word_1_546' title='bbox 3207 4770 3226 4802; x_wconf 84' lang='grc'>›</span> <span class='ocrx_word' id='word_1_547' title='bbox 3267 4749 3424 4812; x_wconf 85' lang='grc' dir='ltr'>Τίνος</span> <span class='ocrx_word' id='word_1_548' title='bbox 3456 4747 3648 4800; x_wconf 74' lang='grc' dir='ltr'>ἕνεκεν</span> 
     </span>
    </p>
   </div>
   <div class='ocr_carea' id='block_1_78' title="bbox 2069 4839 3644 4918">
    <p class='ocr_par' dir='ltr' id='par_1_78' title="bbox 2069 4839 3644 4918">
     <span class='ocr_line' id='line_1_78' title="bbox 2069 4839 3644 4918; baseline -0.007 -18"><span class='ocrx_word' id='word_1_549' title='bbox 2069 4849 2340 4918; x_wconf 83' lang='grc' dir='ltr'>παρόντος</span> <span class='ocrx_word' id='word_1_550' title='bbox 2369 4845 2560 4907; x_wconf 85' lang='grc' dir='ltr'>αὑτοῦ,</span> <span class='ocrx_word' id='word_1_551' title='bbox 2611 4844 2734 4898; x_wconf 76' lang='grc' dir='ltr'>οὐδὲ</span> <span class='ocrx_word' id='word_1_552' title='bbox 2766 4843 3118 4906; x_wconf 86' lang='grc' dir='ltr'>ἀπελθόντος,</span> <span class='ocrx_word' id='word_1_553' title='bbox 3167 4840 3372 4903; x_wconf 80' lang='grc' dir='ltr'>εὐθέως</span> <span class='ocrx_word' id='word_1_554' title='bbox 3401 4839 3644 4910; x_wconf 80' lang='grc' dir='ltr'>παρεγέ-</span> 
     </span>
    </p>
   </div>
   <div class='ocr_carea' id='block_1_79' title="bbox 2069 4929 3642 5008">
    <p class='ocr_par' dir='ltr' id='par_1_79' title="bbox 2069 4929 3642 5008">
     <span class='ocr_line' id='line_1_79' title="bbox 2069 4929 3642 5008; baseline -0.007 -17"><span class='ocrx_word' id='word_1_555' title='bbox 2069 4955 2228 5004; x_wconf 87' lang='grc' dir='ltr'>νετο;</span> <span class='ocrx_word' id='word_1_556' title='bbox 2269 4939 2358 4990; x_wconf 87' lang='grc' dir='ltr'>Ἑν</span> <span class='ocrx_word' id='word_1_557' title='bbox 2387 4936 2655 5008; x_wconf 73' lang='grc' dir='ltr'>ἐπιθυμίᾳ</span> <span class='ocrx_word' id='word_1_558' title='bbox 2696 4935 2896 4994; x_wconf 83' lang='grc' dir='ltr'>αὐτοὺς</span> <span class='ocrx_word' id='word_1_559' title='bbox 2925 4934 3032 4988; x_wconf 76' lang='grc' dir='ltr'>ἔδει</span> <span class='ocrx_word' id='word_1_560' title='bbox 3087 4930 3342 5002; x_wconf 85' lang='grc' dir='ltr'>γενέσθαι</span> <span class='ocrx_word' id='word_1_561' title='bbox 3377 4929 3472 4982; x_wconf 90' lang='grc' dir='ltr'>τοῦ</span> <span class='ocrx_word' id='word_1_562' title='bbox 3499 4929 3642 5000; x_wconf 66' lang='lat' dir='ltr'>npti-</span> 
     </span>
    </p>
   </div>
   <div class='ocr_carea' id='block_1_80' title="bbox 2067 5020 3641 5099">
    <p class='ocr_par' dir='ltr' id='par_1_80' title="bbox 2067 5020 3641 5099">
     <span class='ocr_line' id='line_1_80' title="bbox 2067 5020 3641 5099; baseline -0.005 -15"><span class='ocrx_word' id='word_1_563' title='bbox 2067 5047 2301 5099; x_wconf 86' lang='grc' dir='ltr'>γματος,</span> <span class='ocrx_word' id='word_1_564' title='bbox 2345 5031 2443 5082; x_wconf 75' lang='grc' dir='ltr'>καὶ</span> <span class='ocrx_word' id='word_1_565' title='bbox 2490 5028 2634 5081; x_wconf 82' lang='grc' dir='ltr'>οὕτω</span> <span class='ocrx_word' id='word_1_566' title='bbox 2686 5026 2943 5092; x_wconf 83' lang='grc' dir='ltr'>δέξασθαι</span> <span class='ocrx_word' id='word_1_567' title='bbox 2978 5025 3077 5094; x_wconf 78' lang='grc' dir='ltr'>τὴν</span> <span class='ocrx_word' id='word_1_568' title='bbox 3107 5025 3288 5095; x_wconf 89' lang='grc' dir='ltr'>χάριν.</span> <span class='ocrx_word' id='word_1_569' title='bbox 3320 5021 3418 5074; x_wconf 87' lang='grc' dir='ltr'>Διά</span> <span class='ocrx_word' id='word_1_570' title='bbox 3459 5020 3641 5092; x_wconf 80' lang='grc' dir='ltr'>[τοῦτο</span> 
     </span>
    </p>
   </div>
   <div class='ocr_carea' id='block_1_81' title="bbox 2067 5114 3648 5193">
    <p class='ocr_par' dir='ltr' id='par_1_81' title="bbox 2067 5114 3648 5193">
     <span class='ocr_line' id='line_1_81' title="bbox 2067 5114 3648 5193; baseline -0.008 -16"><span class='ocrx_word' id='word_1_571' title='bbox 2067 5125 2157 5178; x_wconf 83' lang='grc' dir='ltr'>ὅτε</span> <span class='ocrx_word' id='word_1_572' title='bbox 2189 5120 2375 5193; x_wconf 78' lang='grc' dir='ltr'>αὐτὸς]</span> <span class='ocrx_word' id='word_1_573' title='bbox 2395 5121 2631 5191; x_wconf 78' lang='grc' dir='ltr'>ἀπέστη,</span> <span class='ocrx_word' id='word_1_574' title='bbox 2656 5121 2778 5173; x_wconf 87' lang='grc' dir='ltr'>τότε</span> <span class='ocrx_word' id='word_1_575' title='bbox 2799 5121 3006 5183; x_wconf 75' lang='grc' dir='ltr'>ἐκεῖνος</span> <span class='ocrx_word' id='word_1_576' title='bbox 3034 5114 3219 5190; x_wconf 77' lang='grc' dir='ltr'>ἦλθεν.</span> <span class='ocrx_word' id='word_1_577' title='bbox 3242 5115 3304 5168; x_wconf 85' lang='grc' dir='ltr'><strong>Εἰ</strong></span> <span class='ocrx_word' id='word_1_578' title='bbox 3325 5115 3431 5185; x_wconf 80' lang='grc' dir='ltr'>γὰρ</span> <span class='ocrx_word' id='word_1_579' title='bbox 3460 5114 3648 5183; x_wconf 74' lang='grc' dir='ltr'>παρῆν</span> 
     </span>
    </p>
   </div>
   <div class='ocr_carea' id='block_1_82' title="bbox 2067 5205 3648 5282">
    <p class='ocr_par' dir='ltr' id='par_1_82' title="bbox 2067 5205 3648 5282">
     <span class='ocr_line' id='line_1_82' title="bbox 2067 5205 3648 5282; baseline -0.008 -14"><span class='ocrx_word' id='word_1_580' title='bbox 2067 5215 2254 5281; x_wconf 79' lang='grc' dir='ltr'>αὐτὸς,</span> <span class='ocrx_word' id='word_1_581' title='bbox 2287 5215 2388 5268; x_wconf 85' lang='grc' dir='ltr'>οὐκ</span> <span class='ocrx_word' id='word_1_582' title='bbox 2423 5212 2489 5265; x_wconf 82' lang='grc' dir='ltr'>ἂν</span> <span class='ocrx_word' id='word_1_583' title='bbox 2527 5214 2585 5265; x_wconf 80' lang='grc' dir='ltr'>ἐν</span> <span class='ocrx_word' id='word_1_584' title='bbox 2613 5211 2855 5282; x_wconf 80' lang='grc' dir='ltr'>τοσαύτῃ</span> <span class='ocrx_word' id='word_1_585' title='bbox 2915 5210 3168 5280; x_wconf 80' lang='grc' dir='ltr'>ἐγένοντο</span> <span class='ocrx_word' id='word_1_586' title='bbox 3209 5205 3507 5277; x_wconf 80' lang='grc' dir='ltr'>προσδοκίᾳ</span> <span class='ocrx_word' id='word_1_587' title='bbox 3531 5222 3544 5237; x_wconf 90' lang='grc'><strong>·</strong></span> <span class='ocrx_word' id='word_1_588' title='bbox 3585 5207 3648 5257; x_wconf 81' lang='grc' dir='ltr'>ὲν</span> 
     </span>
    </p>
   </div>
   <div class='ocr_carea' id='block_1_83' title="bbox 2075 5299 3356 5378">
    <p class='ocr_par' dir='ltr' id='par_1_83' title="bbox 2075 5299 3356 5378">
     <span class='ocr_line' id='line_1_83' title="bbox 2075 5299 3356 5378; baseline -0.006 -17"><span class='ocrx_word' id='word_1_589' title='bbox 2075 5307 2342 5378; x_wconf 79' lang='grc' dir='ltr'>ἐπιθυμίᾳ</span> <span class='ocrx_word' id='word_1_590' title='bbox 2371 5305 2451 5378; x_wconf 83' lang='grc' dir='ltr'>[δὲ</span> <span class='ocrx_word' id='word_1_591' title='bbox 2473 5303 2782 5377; x_wconf 87' lang='grc' dir='ltr'>γεν]όμενοι</span> <span class='ocrx_word' id='word_1_592' title='bbox 2809 5305 3060 5376; x_wconf 72' lang='grc' dir='ltr'>ἀσμένως</span> <span class='ocrx_word' id='word_1_593' title='bbox 3087 5299 3356 5368; x_wconf 75' lang='grc' dir='ltr'>ἐδέξαντο.</span> 
     </span>
    </p>
   </div>
   <div class='ocr_carea' id='block_1_84' title="bbox 2139 5487 2796 5566">
    <p class='ocr_par' dir='ltr' id='par_1_84' title="bbox 2139 5487 2796 5566">
     <span class='ocr_line' id='line_1_84' title="bbox 2139 5487 2796 5566; baseline -0.009 -24"><span class='ocrx_word' id='word_1_594' title='bbox 2139 5493 2217 5566; x_wconf 73' lang='grc' dir='ltr'>(τι)</span> <span class='ocrx_word' id='word_1_595' title='bbox 2242 5492 2326 5544; x_wconf 83' lang='grc' dir='ltr'>ὲτέ</span> <span class='ocrx_word' id='word_1_596' title='bbox 2330 5507 2435 5566; x_wconf 81' lang='grc' dir='ltr'>ρας</span> <span class='ocrx_word' id='word_1_597' title='bbox 2463 5487 2796 5566; x_wconf 64' lang='grc' dir='ltr'>συστάσεως.</span> 
     </span>
    </p>
   </div>
   <div class='ocr_carea' id='block_1_85' title="bbox 2139 5558 2729 5636">
    <p class='ocr_par' dir='ltr' id='par_1_85' title="bbox 2139 5558 2729 5636">
     <span class='ocr_line' id='line_1_85' title="bbox 2139 5558 2729 5636; baseline -0.008 -19"><span class='ocrx_word' id='word_1_598' title='bbox 2139 5558 2207 5636; x_wconf 73' lang='grc' dir='ltr'>(ε)</span> <span class='ocrx_word' id='word_1_599' title='bbox 2242 5558 2516 5634; x_wconf 74' lang='grc' dir='ltr'>ἀφίπτατο</span> <span class='ocrx_word' id='word_1_600' title='bbox 2546 5558 2729 5612; x_wconf 83' lang='grc' dir='ltr'>πάλιν.</span> 
     </span>
    </p>
   </div>
   <div class='ocr_carea' id='block_1_86' title="bbox 442 5781 3641 5852">
    <p class='ocr_par' dir='ltr' id='par_1_86' title="bbox 442 5781 3641 5852">
     <span class='ocr_line' id='line_1_86' title="bbox 442 5781 3641 5852; baseline -0.001 -14"><span class='ocrx_word' id='word_1_601' title='bbox 442 5790 458 5806; x_wconf 87' lang='lat'><strong><em>‘</em></strong></span> <span class='ocrx_word' id='word_1_602' title='bbox 497 5789 567 5838; x_wconf 85' lang='lat' dir='ltr'>De</span> <span class='ocrx_word' id='word_1_603' title='bbox 601 5786 867 5852; x_wconf 82' lang='lat' dir='ltr'><strong>hac_tertia</strong></span> <span class='ocrx_word' id='word_1_604' title='bbox 891 5788 1203 5850; x_wconf 70' lang='lat' dir='ltr'><strong>[Expositione</strong></span> <span class='ocrx_word' id='word_1_605' title='bbox 1227 5787 1275 5837; x_wconf 80' lang='lat' dir='ltr'>in</span> <span class='ocrx_word' id='word_1_606' title='bbox 1311 5789 1432 5838; x_wconf 75' lang='lat' dir='ltr'><strong>Acta</strong></span> <span class='ocrx_word' id='word_1_607' title='bbox 1457 5789 1567 5839; x_wconf 75' lang='lat' dir='ltr'><strong>vida</strong></span> <span class='ocrx_word' id='word_1_608' title='bbox 1590 5788 1952 5852; x_wconf 56' lang='lat' dir='ltr'><strong>Praefationem,</strong></span> <span class='ocrx_word' id='word_1_609' title='bbox 1977 5802 2112 5838; x_wconf 91' lang='lat' dir='ltr'>num.</span> <span class='ocrx_word' id='word_1_610' title='bbox 2138 5788 2257 5838; x_wconf 78' lang='lat' dir='ltr'>XLV</span> <span class='ocrx_word' id='word_1_611' title='bbox 2287 5789 2454 5851; x_wconf 81' lang='lat' dir='ltr'>(supra</span> <span class='ocrx_word' id='word_1_612' title='bbox 2477 5788 2572 5839; x_wconf 79' lang='lat' dir='ltr'>col.</span> <span class='ocrx_word' id='word_1_613' title='bbox 2605 5786 2716 5850; x_wconf 76' lang='grc'>471)</span> <span class='ocrx_word' id='word_1_614' title='bbox 2763 5785 2849 5836; x_wconf 86' lang='lat' dir='ltr'>ubi</span> <span class='ocrx_word' id='word_1_615' title='bbox 2893 5785 3021 5836; x_wconf 83' lang='lat' dir='ltr'><strong>ratio</strong></span> <span class='ocrx_word' id='word_1_616' title='bbox 3064 5781 3296 5839; x_wconf 73' lang='lat' dir='ltr'>redditur</span> <span class='ocrx_word' id='word_1_617' title='bbox 3335 5799 3424 5834; x_wconf 88' lang='lat' dir='ltr'><strong>cur</strong></span> <span class='ocrx_word' id='word_1_618' title='bbox 3467 5787 3641 5838; x_wconf 70' lang='lat' dir='ltr'><strong>Graeco</strong></span> 
     </span>
    </p>
   </div>
   <div class='ocr_carea' id='block_1_87' title="bbox 383 5848 828 5910">
    <p class='ocr_par' dir='ltr' id='par_1_87' title="bbox 383 5848 828 5910">
     <span class='ocr_line' id='line_1_87' title="bbox 383 5848 828 5910; baseline 0 -12"><span class='ocrx_word' id='word_1_619' title='bbox 383 5857 572 5899; x_wconf 67' lang='lat' dir='ltr'><strong>tantum</strong></span> <span class='ocrx_word' id='word_1_620' title='bbox 605 5848 828 5910; x_wconf 81' lang='lat' dir='ltr'><strong>prodeat.</strong></span> 
     </span>
    </p>
   </div>
  </div>
