4082 6426
356 378 497 449 1365
1220 386 1754 448 EXPOSITIONIS
1790 388 1869 449 IN
1909 388 2098 450 ACTA
2131 375 2429 454 TEXTUS
2470 396 2818 463 TERTIUS.
3492 403 3627 473 1066

367 497 584 588 εὨσεὶ
618 498 804 567 πνοῆς,
844 497 989 588 »οὐκ
1012 498 1119 569 ἄρα
1146 499 1345 568 ἄνεμος
1375 495 1463 567 ἦν.
1490 517 1507 549 ι
1545 496 1681 551 Ὠσεὶ
1715 500 1935 569 πυρός.»
1974 506 2016 562 Α
2051 504 2193 570 στὸν,
2230 505 2314 560 ὅτι
2344 507 2550 572 ἐκεῖνος
2602 510 2971 581 ἐπηγγείλατο
3008 513 3179 570 ταῦτα
3205 491 3349 588 μετά
3369 518 3430 573 τὸ
3463 539 3627 576 σταυ-

363 586 495 643 Ὀτε
530 589 630 674 μὲν
657 589 762 660 γάρ
794 586 904 659 Υίῷ
928 589 1237 659 γνωσθῆναι
1264 589 1366 642 ἔδει
1409 589 1469 641 τὸ
1507 589 1748 661 Πνεῦμα,
1776 592 1852 654 ὡς
1882 591 1940 643 ἐν
2054 591 2311 660 ρωθῆναι.
2335 590 2411 649 Ἦ
2434 597 2542 668 γὰρ
2570 598 2637 653 ἂν
2661 600 2841 654 πάντα
2865 604 3179 676 ἀνέτρεψεν,

364 678 497 733 εἴδει
525 682 857 752 περιστερᾶς
903 676 1067 751 ἦλθεν
1115 682 1209 733 ἐπὶ
1257 680 1358 752 τὴν
1409 681 1654 753 κεφαλὴν
1685 683 1778 736 τοῦ
1807 684 1941 754 Χρι-

364 774 491 828 στοῦ
513 790 528 803 '
553 774 648 829 νῦν
674 776 731 829 δὲ
778 777 867 830 ὅτε
904 776 1107 847 πλῆθος
1145 776 1267 830 ὅλον
1306 778 1715 849 ἐπιστραφῆναι
1749 779 1936 851 ἐχρῆν,

366 884 386 919 ι
415 867 548 921 ὡσεὶ
581 869 772 938 πυρός.
815 887 833 921 ι

435 959 510 1011 Τὸ
542 958 763 1013 καθίσαι
825 958 922 1013 τοῦ
953 959 1176 1030 ἐδραίου
1228 960 1345 1013 ἐστὶ
1383 962 1718 1030 σημαντικόν
1740 980 1755 997 ·
1791 962 1941 1032 Παρ-

363 1050 600 1121 έμεινεν,
659 1051 1132 1107 Ἐπανεπαύσατο.
1190 1053 1335 1124 ’Λρα
1395 1052 1490 1119 ἐπὶ
1539 1054 1668 1116 τοὺς
1725 1051 1938 1107 δώδεκα

359 1140 564 1213 ἦλθενς
593 1144 749 1215 Ούχὶ,
776 1143 894 1198 ἀλλ’
916 1144 1008 1198 ἐπί
1062 1144 1191 1208 τοὺς
1230 1144 1427 1200 ἐκατὸν
1471 1143 1709 1199 εἴκοσιν·
1741 1145 1803 1199 ού
1830 1143 1940 1216 γὰρ

361 1237 428 1289 ἂν
454 1236 636 1298 ἁπλῶς
659 1238 950 1307 παρήγαγε
996 1235 1095 1306 τὴν
1129 1235 1441 1307 μαρτυρίαν
1469 1234 1565 1289 τοῦ
1601 1237 1879 1307 προφήτου
1910 1237 1939 1289 ό

364 1327 570 1398 Πέτρος
595 1325 803 1395 λέγων·
845 1345 863 1378 ι
923 1326 1132 1397 Ἐκχεῶ
1180 1327 1289 1382 ἀπὸ
1338 1327 1660 1397 Πνεύματός
1714 1344 1814 1398 μου
1845 1325 1940 1380 ἐπὶ

363 1420 546 1472 πᾶσαν
572 1418 771 1488 σάρκα,
817 1436 836 1469 ι
873 1418 968 1470 καὶ
994 1418 1063 1470 τὰ
1109 1418 1258 1487 ἐξῆς.
1289 1417 1444 1480 Τίνος
1477 1417 1661 1471 ἕνεκεν
1691 1418 1801 1489 πρὸ
1829 1417 1940 1470 τῶν

361 1506 536 1561 ἀλλων
567 1506 924 1578 χαρισμάτων
971 1508 1034 1559 τὸ
1066 1506 1174 1560 τῶν
1204 1506 1465 1575 γλωσσῶν
1503 1506 1693 1561 ἔλαϐον
1729 1508 1778 1560 οἰ
1804 1506 1940 1560 ἀπό-

363 1599 573 1663 στολοι;
612 1595 832 1668 Ἐπειδὴ
871 1596 1150 1667 πανταχοῦ
1189 1596 1501 1667 διέρχεσθαι
1534 1598 1793 1669 ἤμελλον.
1828 1597 1938 1651 Καὶ

361 1689 549 1759 ῶσπερ
572 1691 628 1742 ἐν
649 1687 725 1758 τῷ
759 1688 939 1761 καιρῷ
966 1689 1062 1753 τῆς
1097 1689 1461 1761 πυργοποιίας
1492 1692 1525 1760 ὴ
1576 1691 1675 1760 μία
1715 1690 1937 1759 γλῶσσα

360 1783 442 1846 εἰς
476 1781 676 1845 πολλὰς
695 1781 973 1852 διενέμετο
990 1819 1007 1847 ,
1030 1780 1173 1836 οὕτω
1193 1780 1315 1835 τότε
1358 1782 1417 1835 αἱ
1446 1782 1639 1835 πολλαὶ
1697 1781 1939 1851 γλῶσσαι

2123 682 2259 737 Οὔτε
2282 687 2440 756 ἡμῶν
2471 689 2532 741 τὸ
2564 690 2898 763 κατόρθωμα
2943 694 3123 764 τοῦτο,
3157 697 3282 752 οὔτε
3322 701 3622 773 ἐγκώμιον,

2048 774 2129 867 εἰς
2158 774 2226 867 τὰ
2259 776 2450 831 παιδία
2474 780 2542 833 τά
2572 781 2817 853 ἡμέτερα
2843 783 2996 856 διέϐη
3030 787 3061 856 ἡ
3093 788 3275 860 χάρις,
3313 794 3417 862 ἡ...
3457 795 3622 867 οὺς...

2047 866 2186 936 αὐτὴ
2216 867 2397 922 αὐτῶν
2419 871 2595 937 καλεῖ,
2626 874 2721 926 καί
2746 875 2873 938 τοὺς
2895 876 3142 950 πατέρας
3171 882 3432 948 ἐκείνους.

2118 959 2306 1054 Ταῦτα
2357 963 2448 1016 καὶ
2505 967 2634 1036 περὶ
2690 968 2991 1042 μελλούσης
3054 974 3308 1044 κρίσεως,
3360 980 3455 1032 καὶ
3494 984 3624 1054 περὶ

2047 1049 2156 1147 τῶν
2196 1051 2583 1126 Ἰεροσολύμων
2634 1060 2791 1130 φησί,
2836 1065 2930 1117 καὶ
2986 1067 3085 1137 τῆς
3113 1069 3531 1140 αἰχμαλωσίας·
3568 1049 3622 1147 *ἦ

2047 1142 2137 1236 τὰ,
2180 1146 2526 1217 γενησόμενα
2595 1150 2688 1204 ἐπὶ
2758 1153 2836 1223 τῷ
2894 1160 3117 1230 σταυρῷ
3186 1161 3283 1215 τοῦ
3354 1142 3624 1236 Χριστοῦ.

2047 1234 2368 1377 ;.⁹Πμέραν
2421 1239 2480 1293 δὲ
2570 1244 2811 1317 ἐπιφανῆ
2878 1265 2900 1300 ι
2957 1250 3059 1324 τὴν
3115 1253 3213 1324 τῆς
3273 1234 3665 1327 ἀναστάσεως

2082 1341 2219 1377 εγει.

2082 1341 2219 1393 εγει.

2120 1418 2318 1472 Πολλοὶ
2347 1421 2624 1491 ἐνόμισαν,
2661 1424 2744 1479 ὅτι
2782 1421 2924 1500 αἷμα
2954 1432 3199 1504 περὶτῆς
3221 1439 3450 1508 σελήνης
3473 1437 3618 1508 εἷπε,

2048 1508 2152 1604 καί
2182 1511 2244 1604 ού
2278 1512 2407 1584 περὶ
2434 1515 2536 1585 τῆς
2558 1517 2817 1589 πλευρᾶς.
2874 1516 3025 1592 Αἷμα
3053 1526 3109 1578 δὲ
3143 1527 3311 1597 λέγει,
3348 1531 3377 1584 θ
3399 1533 3623 1604 ἐξέχεαν

2047 1601 2097 1655 οἰ
2115 1601 2359 1657 Ἰουδαῖοι
2399 1606 2496 1659 καὶ
2522 1608 2648 1661 καθ’
2673 1611 2883 1667 ἑαυτῶν
2908 1616 3308 1684 ἐπεσπάσαντο,
3348 1601 3621 1691 λέγοντες·

361 1834 623 1939 πόλλάκις
652 1834 855 1938 Eva:
886 1834 1174 1945 ἄνθρωπον
1197 1869 1374 1944 ἦσαν·
1406 1834 1517 1927 καί
1550 1834 1722 1937 αὐτὸς
1874 1877 1939 1946 τῇ
1978 1867 2017 1920 Β
2555 1834 2641 1939 δύ,
2669 1887 2778 1958 γάρ
2824 1891 2933 1955 πᾶς
2980 1893 3008 1946 ό
3053 1893 3227 1965 λέγων
3268 1916 3395 1970 μοι·
3425 1904 3622 1974 Κύριε,

365 1966 610 2035 Περσῶν,
663 1965 760 2018 καλ⁵
814 1967 883 2036 τῇ
964 1962 1163 2029 Ἰνδῶν,
1220 1966 1315 2018 καὶ
1354 1966 1419 2035 τῇ
1484 1965 1795 2034 Ῥωμαίων,
1843 1965 1937 2017 καὶ

356 2059 579 2128 ιτέραις
598 2056 819 2121 πολλαῖς
843 2056 1118 2125 διελέγετο
1143 2054 1418 2125 γλώσσαις
1443 2070 1457 2084 ο
1490 2056 1665 2110 καὶτὸ
1687 2056 1936 2130 χάρισμα

363 2149 613 2202 ἐκαλεῖτο
633 2148 878 2219 χάρισμα
913 2134 1198 2217 γλωσσῶν.

431 2240 506 2293 Τὸ
530 2243 805 2294 κατοικεῖν
851 2239 1135 2304 εὐλαϐείας
1169 2235 1236 2311 ἦν
1257 2240 1502 2310 σημεῖον,
1525 2239 1633 2293 ἀπὸ
1667 2241 1940 2294 τοσούτων

364 2332 535 2386 ἐθνῶν
574 2333 839 2403 πατρίδας
886 2331 1148 2401 ἀφέντας,
1179 2331 1274 2384 καὶ
1291 2331 1546 2395 οἰκείους,
1592 2331 1709 2384 ἐκεῖ
1751 2348 1938 2385 κατοι-

363 2427 500 2479 κεῖν.
546 2421 764 2496 Ἐπειδὴ
817 2422 927 2495 γάρ
976 2424 1034 2477 ἐν
1073 2423 1220 2493 οἰκίᾳ
1273 2422 1490 2490 ἐγένετο
1533 2422 1596 2477 τὸ
1621 2423 1937 2493 γενόμενον,

365 2515 590 2579 εἰκότως
623 2513 823 2580 ἔξωθεν
853 2512 1209 2584 συνέδραμον.
1237 2532 1256 2565 ι
1289 2513 1363 2567 Τὸ
1401 2513 1605 2584 πλῆθος
1636 2512 1935 2584 συνεχύθη»

364 2607 457 2662 διὰ
486 2608 578 2661 τὸν
599 2606 790 2677 φόϐον,
818 2606 913 2661 καὶ⁵
965 2605 1053 2659 ἴνα
1101 2604 1249 2677 δείξῃ
1282 2606 1363 2660 ὅτι
1400 2605 1502 2677 τὴν
1541 2604 1802 2674 σύγχυσιν
1828 2604 1942 2674 εἰρ-

364 2700 574 2768 γάσατο
600 2701 628 2753 ό
652 2699 817 2768 φόϐος
867 2697 962 2752 καὶ⁵
989 2697 1051 2751 τὸ
1091 2697 1240 2775 ξένον
1294 2696 1391 2752 τοῦ
1433 2697 1726 2768 θεάματος,
1755 2695 1935 2765 λέγει·

366 2790 748 2864 Συνεχύθοιάν
795 2790 872 2863 τῷ
928 2791 1101 2863 φόϐῳ.
1147 2790 1340 2846 Ἔστιν
1377 2785 1471 2844 οῦν
1504 2790 1787 2860 σύγχυσις,
1822 2789 1941 2858 ῆτοι

368 2886 560 2940 στάσιν
597 2884 965 2957 ἐργαζομένη.
997 2883 1170 2938 Ὅταν
1196 2883 1403 2956 συγχέῃ
1431 2900 1490 2936 σε
1536 2884 1565 2935 ό
1586 2881 1750 2950 φόϐος
1780 2880 1939 2946 Θεοῦ,

367 2982 449 3044 εἰς
475 2979 768 3045 κατάνυξιν
815 2980 991 3051 φέρει.
1023 2977 1356 3049 Συνεχύθης.
1389 2975 1478 3032 διά
1508 2978 1607 3047 τὴν
1638 2976 1944 3045 συνείδησιν

364 3072 477 3125 τῶν
506 3070 954 3143 ἁμαρτημάτων·
984 3070 1276 3144 κατέστης,
1322 3069 1414 3124 διά
1461 3068 1562 3141 τὴν
1613 3068 1803 3122 ἐλπίδα
1840 3067 1944 3138 τῆς

368 3166 683 3238 μετανοίας.

442 3218 519 3311 οὗ
549 3218 875 3328 γὰρὰπλῶς
909 3254 1156 3320 ἐλάλουν,
1192 3255 1329 3310 ἀλλά
1356 3258 1477 3311 τινὰ
1502 3254 1795 3327 θαυμαστά
1823 3252 1943 3307 ne-
1973 3218 2017 3276 C

367 3363 483 3418 γον.
518 3349 757 3413 Εἰκότως
806 3348 1068 3420 ἠπόρουν,
1100 3348 1355 3401 οὐδέποτε
1403 3346 1513 3419 γὰρ
1538 3347 1730 3417 γέγονὲ
1757 3365 1809 3401 τι
1832 3363 1947 3400 τοι·

364 3440 547 3497 οῦτον.
581 3440 725 3512 Ὅρα
755 3438 1179 3511 εὐγνωμοσύνην
1211 3437 1537 3510 ἀνθρώπων.

442 3533 508 3586 ’Ὡ
535 3533 634 3602 τῆς
664 3530 1078 3602 ἀναισχυντίαςί
1113 3531 1226 3586 Καὶ
1249 3531 1303 3584 τί
1350 3529 1686 3601 θαυμαστὸν,
1717 3531 1851 3585 ὅπου
1885 3547 1947 3599 γε

369 3625 467 3682 καὶ
496 3625 659 3680 αὐτὸν
683 3624 775 3678 τὸν
801 3623 1082 3694 Δεσπότην
1142 3623 1406 3693 δαίμονας
1451 3622 1781 3677 ἐκϐάλλοντα
1830 3622 1947 3676 δαί-

373 3736 512 3791 μονα
533 3718 782 3786 λέγουσιν
835 3715 1020 3786 ἐχεινς
1056 3713 1226 3769 Ἔνθα
1259 3714 1368 3786 γάρ
1399 3715 1684 3785 ἰταμότης,
1708 3714 1769 3766 ἓν
1795 3713 1950 3783 ζητεῖ

372 3811 571 3883 μόνον·
627 3811 802 3862 εἰπεῖν
846 3806 929 3861 ὅτι
971 3805 1194 3877 δήποτε,
1234 3807 1331 3859 καὶ
1376 3807 1473 3877 οὐχ
1514 3808 1664 3869 ὅπως
1692 3823 1745 3859 τι
1785 3804 1945 3873 λόγου

371 3899 606 3970 πρᾶγμα
639 3897 897 3969 ἐχόμενον
926 3897 1122 3950 εἰπεῖν.

439 3990 507 4042 Τί
537 3991 673 4054 ἐστι,
709 4006 728 4040 ι
755 3990 855 4040 σὺν
884 3991 995 4051 τοῖς
1021 3987 1251 4053 ἐνδεκα;
1277 4005 1296 4039 ι
1326 3987 1529 4058 Κοινὴν
1553 3987 1948 4058 προεϐάλλοντο

320 4082 341 4087 ’
372 4079 577 4151 φωνὴν,
606 4080 700 4134 καὶ
732 4079 948 4132 πάντων
973 4080 1104 4134 αύτὸ
1125 4079 1191 4153 [ί.
1214 4080 1276 4134 τὸ
1297 4078 1454 4153 αὐτὸ]
1482 4076 1550 4151 ἦν
1573 4080 1771 4151 στόμα.
1802 4083 1951 4151 Πορ-

370 4174 636 4242 εστήκασι
670 4171 725 4224 δέ
745 4171 795 4223 οἰ
817 4169 1010 4223 ἐνδεκα
1049 4169 1451 4244 μαρτυροῦντες
1476 4173 1590 4236 τοῖς
1612 4170 1946 4243 λεγομένοις.

376 4260 611 4332 ιἘπῆρε
639 4261 739 4331 τὴν
769 4260 951 4332 φωνην
980 4261 1146 4315 αὑτοῦ
1170 4278 1187 4296 ·
1219 4281 1238 4314 ι
1266 4262 1538 4328 τουτέστι,
1575 4262 1715 4331 μετὰ
1746 4260 1951 4333 πολλῆς

374 4353 688 4429 παρρησίας
747 4353 844 4405 καὶ
882 4342 1084 4416 εὐθέως
1140 4352 1248 4406 ἀπὸ
1296 4354 1395 4423 τῆς
1433 4353 1621 4425 φωνῆς
1657 4354 1947 4425 ἐδήλωσεν,

369 4447 455 4500 ὅτι
474 4446 575 4516 οὐχ
603 4445 866 4516 ἐστήκασι
888 4445 1142 4513 καθάπερ
1167 4449 1214 4499 οἰ
1240 4449 1488 4517 μάντεις.

2044 1966 2241 2068 Πύριε,
2326 1970 2471 2068 Δἀλλά
2507 1977 2644 2045 μετά
2674 1978 2983 2046 διαθέσεως.
3001 1984 3116 2039 Οὐκ
3135 1966 3622 2068 εἷπε,[Πείσθητε,]

1994 2109 1996 2112 ,
2044 2060 2183 2157 ἀλλ’,
2268 2062 2611 2157 ΔΪΑκοιὶσατε,
2649 2070 2787 2143 ὅπερ
2839 2070 2908 2145 ἧν
2961 2060 3306 2150 ἀνεπαχθέςί
3349 2060 3509 2157 Ὅρα-

2046 2151 2523 2248 πῶςούδένμλέγει
2559 2158 2667 2211 τῶν
2690 2160 2930 2231 ὑψηλῶν,
2975 2165 3090 2218 ἀλλ’
3120 2170 3228 2223 ἀπὸ
3255 2171 3362 2226 τῶν
3413 2151 3621 2248 ἁφόδρέ

2044 2244 2318 2297 ταπεινῶν
2347 2244 2575 2318 ἄρχεται
2602 2291 2618 2315 ,
2674 2253 2769 2307 καὶ
2801 2254 2921 2309 οὐδὲ
2966 2253 3077 2312 οἷον
3106 2260 3171 2314 ἄν
3191 2280 3275 2327 τις
3318 2244 3469 2319 εἴποι
3492 2244 3622 2341 περὶ

2048 2335 2353 2426 προφήτου,
2382 2335 2498 2388 ἀλλ’
2522 2338 2629 2392 ἀπὸ
2657 2343 2919 2414 πατρίδος
2947 2345 3190 2418 ἄρχεται,
3234 2370 3253 2404 ι
3295 2351 3502 2426 Ἰησοῦν
3527 2335 3621 2413 τὸν

2047 2421 2380 2492 Ναζαραῖον.
2420 2445 2439 2478 ›

2122 2511 2254 2568 Εἶτα
2305 2517 2363 2569 ἐν
2405 2519 2554 2591 μέσῳ
2604 2519 2718 2585 θεὶς
2745 2522 2807 2576 τὸ
2835 2525 3093 2598 τόλμημα
3131 2530 3333 2600 αὐτῶν,
3361 2534 3463 2607 δρα
3503 2539 3621 2599 πῶς

2050 2607 2306 2700 πειρόὶται
2328 2607 2526 2700 αύτοῦς
2546 2610 2865 2700 ἀπαλλάξαι
2889 2615 2984 2669 τοῦ
3004 2620 3365 2691 ἐγκλήματος.
3392 2646 3409 2677 ι
3433 2625 3495 2681 Εἰ
3511 2631 3623 2700 γὰρ

2049 2697 2146 2750 καὶ
2176 2696 2482 2768 ὡρισμένον
2541 2696 2631 2773 ἦν,
2658 2705 2822 2775 φησίν
2842 2722 2858 2738 ·
2891 2707 3057 2763 ὠδῖνα
3112 2710 3346 2768 θανάτου
3377 2696 3624 2774 κίνδυνον

2047 2789 2081 2859 ἠ
2116 2789 2331 2844 Παλαιά
2357 2808 2515 2862 φησι,
2548 2795 2640 2847 καὶ
2673 2799 2979 2870 συμφοράν.
3023 2800 3084 2855 '0
3125 2802 3332 2859 ὠδίνων
3386 2809 3447 2862 ού
3482 2828 3621 2865 κατ-

2051 2883 2165 2953 έχει
2191 2883 2660 2964 τὸματεχόμενον,
2686 2887 2824 2945 ἀλλὰ
2846 2892 3045 2963 πάσχει
3074 2896 3170 2948 καὶ
3192 2900 3343 2968 ῥῖψαι
3375 2903 3619 2959 σπεύδει.

2049 2970 2125 3029 Εῦ
2172 2976 2229 3031 δὲ
2281 2981 2376 3033 καὶ
2414 2977 2566 3081 λύσιν
2621 2980 2828 3081 ὠδίνων
2877 2983 2973 3037 τοῦ
3028 2985 3260 3042 θανάτου
3286 3032 3300 3056 ,
3350 2993 3449 3064 τὴν
3493 2986 3624 3081 eius-

2051 3086 2243 3124 στασιν
2272 3071 2680 3144 προηγόρευσεν
2706 3072 2772 3146 ἶῙ.
2807 3076 3096 3152 προσηγ.],
3140 3080 3328 3154 ῶσπερ
3360 3087 3418 3139 ἐν
3443 3071 3624 3163 κοιλίᾳ

2047 3163 2193 3227 τινὸς
2225 3163 2543 3237 ὠδινούσης,
2573 3169 2719 3238 φημὶ
2748 3168 2813 3241 δὴ
2864 3170 2973 3225 τῶν
2993 3174 3087 3228 τοῦ
3117 3174 3351 3233 θανάτου
3384 3181 3620 3252 δεσμῶν,

2049 3254 2146 3349 κα),
2174 3255 2286 3349 Eam
2302 3254 2401 3349 τοῦ
2430 3256 2560 3328 ᾅδου
2608 3258 2797 3330 μυχῶν
2839 3261 3162 3331 ἀναδοῦντος
3211 3266 3276 3339 [Ι.
3307 3271 3624 3349 ἀναδύντος]

2048 3344 2142 3399 τοῦ
2171 3346 2428 3419 Σωτῆρος
2456 3349 2718 3421 Χριστοῦ,
2752 3351 2848 3405 καὶ
2877 3355 3232 3427 προελθόντος
3252 3360 3329 3423 ὡς
3365 3364 3430 3417 ἐκ
3458 3344 3621 3420 τοκεέ

2049 3437 2142 3489 τοῦ
2174 3437 2326 3501 ξένου
2376 3439 2478 3509 τῆς
2529 3442 2900 3507 ἀναστάσεως.
2941 3445 3127 3523 Ταύτῃ
3179 3467 3262 3503 τοι
3291 3453 3385 3507 καὶ
3408 3457 3626 3526 ὠνόμα-

2051 3548 2174 3584 σται
2226 3550 2245 3582 ι
2282 3534 2625 3605 πρωτότοκος
2664 3537 2731 3590 ἐκ
2759 3537 3002 3607 νεκρῶν·
3039 3558 3060 3592 ι
3091 3541 3263 3608 οὕτως
3294 3545 3516 3621 ἀνέστη,
3549 3550 3630 3615 ὡς

2052 3623 2249 3692 μηκέτι
2281 3624 2445 3679 πάλιν
2494 3625 2808 3680 ἀποθανεῖν.
2843 3628 3158 3702 Τοῦτοσγάρ
3182 3634 3298 3687 ἐστι
3337 3635 3419 3702 τὸ,
3453 3654 3474 3689 ι
3509 3632 3627 3695 θύκ

2046 3707 2117 3782 ἦν
2152 3713 2378 3768 δυνατὸν
2433 3714 2778 3781 κρατεῖσθαι,
2818 3735 2838 3770 ι
2865 3702 2949 3772 ὅτι
2984 3719 3046 3773 ού
3086 3708 3242 3794 κοινὴ
3279 3727 3392 3789 τοῖς
3439 3728 3625 3797 ἄλλοις

2047 3803 2269 3870 γέγονεν
2294 3805 2329 3872 ἡ
2359 3804 2675 3868 ἀνάστασις.
3086 3868 3105 3882 δ

2120 3894 2196 3948 Τὸ
2228 3895 2293 3949 ἐκ
2314 3895 2503 3963 δεξιῶν
2549 3898 2773 3953 ἑστάναι
2804 3900 2895 3953 τὸν
2943 3902 3164 3976 Πατέρα
3221 3903 3478 3976 λέγεσθαι
3526 3912 3623 3968 τοῦ

2048 3986 2180 4039 Υἱοῦ
2213 3985 2328 4054 νῦν,
2361 3988 2491 4042 ποτέ
2521 3989 2579 4042 δέ
2611 3992 2679 4043 ἐκ
2727 3990 2917 4058 δεξιῶν
2946 3993 3040 4047 τοῦ
3094 3996 3308 4068 [ἰατρὸς
3348 4001 3628 4072 καθῆσθαι

2047 4080 2138 4131 τὸν
2172 4078 2319 4147 Υἱὸν,
2344 4080 2497 4134 οὐδὲν
2522 4081 2759 4153 ἕτερονῆ
2782 4083 2880 4154 τὴν
2912 4085 3135 4156 ἰσότητα
3154 4089 3287 4159 ἡμῖν
3326 4095 3585 4164 σημαίνει
3607 4114 3623 4130 ·

2052 4187 2072 4220 ε
2114 4166 2316 4251 Ιεύριον
2349 4188 2369 4221 ι
2394 4169 2452 4223 δέ
2510 4171 2680 4225 αὐτοῦ
2736 4173 2828 4227 τὸν
2864 4175 3084 4248 Πατέρα
3122 4179 3297 4241 καλεῖ,
3330 4181 3419 4238 διά
3460 4200 3524 4254 γε
3564 4187 3626 4240 τὸ

2049 4260 2234 4315 λαϐεῖν
2269 4261 2431 4316 αὐτὸν
2465 4263 2652 4318 δούλου
2693 4268 2939 4339 μορφήν.

2121 4356 2218 4409 Διά
2245 4356 2405 4410 τοῦτο
2430 4360 2725 4430 τριήμερος
2743 4361 2959 4427 ἀνεϐίω,
2986 4364 3175 4419 καθότι
3190 4367 3288 4421 οὐκ
3311 4363 3379 4440 ἦν
3401 4370 3627 4428 δυνατὸν

2053 4449 2200 4521 ζωὴν
2228 4450 2357 4504 ὅντα
2385 4450 2528 4504 κατά
2548 4452 2709 4521 φύσιν
2754 4454 2917 4508 αὑτὸν
2945 4459 3059 4519 τοῖς
3090 4458 3185 4510 τοῦ
3226 4460 3457 4515 θανάτου
3487 4481 3627 4534 κρα-

441 4537 582 4601 Tag);
612 4536 794 4602 ξένους
820 4532 974 4590 εἶπεν
1022 4538 1296 4608 ἀνώτερον
1311 4555 1335 4617 '_
1370 4537 1602 4591 ἐνταῦθα
1638 4539 1774 4608 πρὸς
1801 4540 1951 4610 ςέκεί-
1979 4564 2028 4622 υ
2055 4540 2264 4595 τεῖσθαι
2283 4541 2524 4612 δεσμοῖς.
2573 4543 2651 4597 Ού
2681 4544 2786 4614 γὰρ
2808 4544 2968 4615 θέμις
3001 4547 3176 4601 εἰπεῖν
3201 4548 3460 4606 δύνασθαι
3488 4532 3625 4624 κρα-

372 4647 499 4695 νοτὶς
532 4630 698 4684 τείνει
726 4629 818 4683 τὸν
838 4628 1018 4699 λόγον,
1060 4630 1187 4694 τοὺς
1219 4630 1666 4700 διαχλευάζοντας
1687 4647 1703 4666 ·
1738 4633 1831 4686 καὶ
1861 4633 1949 4686 δοο

375 4720 467 4773 κεῖ
489 4718 589 4789 μέν
628 4720 870 4784 ἐκείνους
1025 4720 1279 4793 ἐκείνοις]
1322 4721 1688 4791 διαλέγεσθαι,
1722 4723 1872 4797 ὀρθοῖ
1893 4725 1949 4779 δέ

369 4811 538 4881 τούτη
570 4810 636 4884 [Ῑ.
665 4810 937 4885 τούτους].

445 4903 521 4956 Τὸ
566 4905 625 4959 ἐν
672 4905 834 4979 τρίτῃ
863 4905 983 4976 ὥρᾳ
1032 4904 1204 4960 ταῦτα
1262 4908 1537 4975 γενέσθαι,
1592 4910 1691 4980 οὐχ
1741 4907 1948 4971 ἁπλῶς.

372 4993 513 5046 Τότε
545 4994 655 5064 γὰρ
676 4994 736 5046 τὸ
755 4995 1008 5065 λαμπρὸν
1046 4994 1144 5046 τοῦ
1175 4994 1351 5064 φωτὸς
1384 4994 1685 5060 δείκνυται,
1711 4995 1800 5047 ὅτε
1824 4995 1951 5064 περὶ

374 5086 513 5155 ἔργα
540 5085 757 5155 ἔχουσιν
816 5085 866 5139 οἰ
914 5085 1215 5156 ἀνθρωττοι,
1264 5086 1354 5139 ὅτε
1403 5086 1531 5156 περὶ
1577 5087 1822 5156 ἄριστον,
1859 5083 1948 5137 ὅτε

372 5175 604 5242 λαμπρά
632 5176 664 5244 ἡ
699 5174 900 5245 ἡμέρα,
931 5174 1018 5228 ὅτε
1043 5176 1243 5238 πάντες
1276 5172 1365 5227 ἐπ’
1384 5175 1611 5242 ἀγορᾶς.

462 5265 521 5319 ’0
553 5265 647 5320 οῦν
683 5266 772 5319 διὰ
824 5264 919 5319 τοῦ
977 5268 1260 5338 προφήτου
1314 5265 1784 5336 ἐπαγγειλάμενος
1818 5264 1951 5328 Θεὸς

373 5356 616 5428 πέμψειν
639 5358 701 5410 τὸ
735 5357 958 5426 Πνεῦμα
1014 5358 1179 5411 αὐτοῦ
1243 5358 1338 5412 ἐπὶ
1391 5359 1492 5426 τὴν
1532 5356 1946 5428 ἀνθρωπότητα,

372 5442 533 5513 οὗτος
569 5450 664 5503 καὶ
703 5448 917 5520 ἔπεμψε
940 5466 954 5481 ·
999 5451 1094 5503 καὶ
1129 5449 1158 5502 ό
1190 5449 1322 5513 Θεὸς
1364 5449 1471 5502 ἀπὸ
1510 5449 1719 5520 Πέτρου
1744 5464 1952 5517 καταγ-

371 5543 649 5611 γέλλεται,
682 5543 783 5615 τὴν
808 5544 945 5598 ἰδίαν
971 5543 1734 5617 ἐπαγγελίαν“πεπληρωκὼς.
1912 5614 1915 5619 _

445 5634 699 5705 οὐδαμοῦ
727 5635 865 5699 τέως
882 5636 1053 5705 ὄνομα
1088 5637 1180 5690 τοῦ
1212 5637 1472 5709 Χριστοῦ,
1503 5637 1623 5689 οὐδὲ
1650 5636 1952 5706 ἐπαγγελία

372 5728 564 5793 αὐτοῦ,
595 5729 730 5783 ἀλλά
758 5728 852 5782 τοῦ
890 5728 1207 5799 Πνεύματος
1245 5731 1277 5800 ἠ
1304 5728 1624 5799 ἐπαγγελία.
1659 5729 1803 5798 Ὅρα
1827 5729 1951 5781 σύν-

375 5838 495 5875 εσιν
515 5837 529 5853 ·
561 5822 636 5876 Οὐ
664 5820 933 5892 παρῆλθε,
989 5821 1086 5875 καὶ
1124 5816 1277 5873 εἶπεν
1302 5822 1501 5884 εὐθέως
1545 5821 1612 5874 τὰ
1642 5820 1783 5874 κατὰ
1815 5821 1950 5889 Χρι-

699 5920 975 5980 Ρηίιοι..
1018 5918 1140 5984 Gn.
1183 5918 1396 5978 CXXV

2050 4634 2260 4689 τείσθαί
2291 4651 2419 4688 ποτε
2441 4635 2538 4706 τὴν
2558 4635 2855 4689 ἐνωθεῖσαν
2880 4636 2958 4705 τῷ
2974 4638 3135 4708 Λόγῳ
3163 4639 3365 4709 σάρκα,
3395 4643 3626 4713 κάτοχον

2051 4727 2109 4780 δὲ
2144 4727 2336 4790 αὐταῖς
2367 4726 2494 4798 ᾅδου
2528 4726 2726 4791 πύλαις
2746 4727 2844 4799 τὴν
2871 4726 3022 4783 θείαν
3053 4729 3351 4797 γεύσασθαι
3378 4730 3445 4804 [Ῑ.
3468 4736 3622 4801 γενέ-

2053 4818 2202 4892 σθαι]
2232 4819 2452 4890 ψυχὴν(
2484 4838 2503 4872 ι
2534 4820 2646 4873 Ούκ
2700 4820 3096 4891 ἐγκατελείφθη
3142 4822 3250 4894 γὰρ
3282 4825 3362 4887 εἰς
3401 4824 3528 4897 ᾅδου
3550 4841 3566 4857 ·
3598 4846 3618 4878 ι

2051 4913 2196 4964 καθά
2254 4912 2351 4964 καὶ
2410 4911 2439 4963 ό
2489 4910 2778 4975 θεσπέσιος
2838 4911 2946 4984 ἔφη
3005 4915 3234 4986 Πέτρος,
3265 4916 3626 4989 ἀνεϐίωιγάρ

2054 5002 2357 5067 σκυλεύσας
2402 5002 2495 5056 τὸν
2540 5001 2718 5073 ᾅδην),
2760 5003 2853 5056 καί
2914 5025 2933 5055 ί
2970 5009 3080 5069 τοῖς
3110 5008 3167 5059 ἐν
3187 5007 3403 5080 δεσμοῖς
3425 5013 3621 5074 εἰπεῖν,

2065 5094 2374 5162 Ἐξέλθετε·
2417 5098 2511 5148 καὶ
2531 5098 2643 5159 τοῖς
2680 5097 2735 5150 ἐν
2756 5095 2833 5166 τῷ
2861 5097 3063 5165 σκότει,
3107 5100 3568 5174 Ἀνακαλύφοητε.
3600 5124 3619 5155 ι

2055 5187 2233 5256 ’Λπερ
2282 5189 2337 5239 αί
2367 5186 2539 5255 ψυχαὶ
2568 5186 2674 5240 τῶν
2696 5186 2918 5241 δικαίων
2965 5188 3105 5258 μετά
3156 5190 3250 5243 τοῦ
3288 5192 3539 5262 Σωτῆρος
3562 5196 3625 5247 ἐκ

2050 5278 2159 5332 τῶν
2174 5278 2327 5332 κάτω
2349 5277 2796 5348 χωρίωνέτριψαν
2822 5276 2890 5352 [Ῑ.
2920 5277 3185 5351 ἔπραξαν]
3218 5280 3620 5338 ἀναϐαίνουσαι.

2126 5370 2335 5425 Ἐκεῖνο
2367 5370 2633 5424 διδάσκων
2679 5371 2760 5423 ὅτι
2804 5370 2862 5423 τὸ
2890 5372 2990 5440 τῆς
3039 5371 3456 5443 ἀνθρωπότητος
3483 5375 3624 5444 ἔχων

2055 5462 2367 5534 πρόσωπον,
2404 5461 2477 5525 ὡς
2509 5463 2631 5516 καθ’
2677 5464 2826 5533 ἡμᾶς
2861 5462 3123 5531 γεγονὼς,
3153 5464 3277 5527 τοὺς
3322 5466 3454 5532 ἡμῖν
3488 5467 3625 5534 μᾶλα

2053 5549 2169 5625 λον,
2198 5552 2294 5603 καὶ⁸
2323 5551 2424 5604 ούκ
2472 5551 2621 5621 αύτῷ
2678 5553 3011 5622 πρέποντας,
3046 5551 3183 5605 καθὸ
3230 5554 3433 5608 νοεῖται
3468 5555 3623 5620 Θεὸς,

2053 5638 2236 5708 ἀνίησι
2287 5636 2500 5705 λόγους,
2569 5638 2645 5701 ὡς
2700 5640 2784 5708 ἐφ’
2816 5639 3014 5710 ἐαυτῷ,
3058 5640 3152 5695 καὶ
3200 5640 3417 5711 πρῶτον
3446 5642 3625 5696 καλῶν

2054 5730 2139 5799 ἐφ’
2176 5730 2345 5800 ἡμᾶς,
2404 5732 2502 5799 τὴν
2545 5729 2651 5784 τῶν
2710 5723 3048 5802 οὖρκτιίων...
3098 5732 3215 5798 ἐξιν
3269 5731 3509 5802 ἀγαθῶν.
3555 5737 3622 5792 Ὀ

2054 5820 2161 5892 γὰρ
2220 5821 2399 5892 ἐαυτῷ
2442 5822 2683 5875 δεδόσθαι
2716 5823 2869 5891 φησὶ,
2899 5826 2964 5894 τῇ
3019 5822 3110 5877 τοῦ
3144 5824 3431 5895 ἀνθρώπου
3458 5825 3618 5897 φύσει

3242 5923 3318 5983 34
