4082 6416
434 354 572 423 1067

1352 341 1929 407 THEOPIIYLACTI
1960 341 2376 403 BULGARME
2401 343 2757 406 ARCHIEP.

3547 339 3682 407 1068

425 468 742 544 προνόημα,
765 461 887 519 ἐπεὶ
939 462 1055 527 πῶς
1108 462 1207 533 τῆς
1255 459 1351 514 τοῦ
1390 458 1682 532 ἀνθρώπου
1732 455 2005 526 πτωχείας
2037 462 2080 517 Α
2109 458 2541 513 ἐπιδεικτιῶντα.
2572 477 2590 509 ι
2614 456 3027 530 Διεμαρτύρατο
3053 456 3220 531 [vulg].
3241 452 3680 528 διεμαρτύρετο].
3744 536 3749 539 _

423 559 842 631 πεπλούτηκεν;
874 555 1047 609 Ὅταν
1114 552 1289 624 μέλλῃ
1332 569 1386 605 τι
1424 551 1606 618 λέγειν
1630 548 1794 620 μέγα,
1824 546 2001 613 τούτῳ

422 651 689 724 κέχρηται
710 645 788 719 τῷ
816 642 1112 718 προοιμίῳ,
1128 643 1410 714 διεγείρων
1432 641 1626 705 αὐτοὺς
1651 640 1745 692 zeal
1771 636 2002 692 οἰκειού-

470 758 610 804 ενος.

425 757 675 903 μεῖιῗλλὴ
724 831 761 900 ἡ
816 824 1287 897 ταπεινοφροσύνῃ
1343 821 1474 875 ἔνθα
1517 820 1669 875 οὐδὲν
1708 818 2002 885 ἔϐλαπτεν,

422 925 531 979 οὐδ’
583 923 650 978 ἂν
714 920 1069 993 ὠργίσθησαν
1089 932 1104 947 ⁶
1133 917 1193 970 ού
1219 915 1329 986 γάρ
1359 909 1501 979 εἷπε,
1524 912 1728 980 Ταῦταζ
1759 913 1821 967 ού
1873 912 2005 983 περὶ

421 1016 518 1070 τοῦ
552 1013 716 1070 Δαϐἰδ
750 1011 991 1084 εἴρηκεν,
1019 1008 1173 1075 ἀλλά,
1209 1027 1228 1061 ι
1268 1006 1501 1078 περὶτοῦ
1528 1005 1790 1078 Χριστοῦ,
1813 1003 1930 1057 ἀλλ’
1979 1021 1998 1055 z

426 1108 634 1179 ἑτέρως
690 1106 757 1177 τῇ
812 1102 980 1174 πολλῇ
1034 1102 1167 1175 περὶ
1216 1100 1308 1154 τὸν
1369 1098 1643 1170 μακάριον
1669 1095 2007 1179 τιμῇ-Δαϐἰδ

424 1169 714 1270 ἐνέτρεψεν
730 1169 1069 1260 ἀὐτοὺςξὼς
1090 1169 1227 1264 πρὸς
1257 1169 1565 1262 τολμηροὺς
1598 1169 1970 1259 φθεγγόμενος
1989 1203 2004 1216 ο

425 1290 521 1344 καὶ
553 1289 653 1359 οὐχ
673 1286 883 1349 ἀπλῶς,
920 1287 1050 1354 περὶ
1080 1284 1174 1338 τοῦ
1200 1283 1390 1350 Δαϐὶδ,
1415 1283 1601 1353 φησὶν,
1630 1281 1788 1347 ἀλλά,
1816 1299 1833 1332 ι
1869 1297 1936 1333 πε
1955 1280 2008 1351 9l

424 1381 520 1434 τοῦ
551 1378 916 1450 πατριάρχου,
947 1395 967 1428 ι
1002 1376 1096 1429 καὶ
1116 1372 1302 1429 οὐκέτι
1331 1374 1502 1442 λέγει,
1532 1371 1755 1438 Καὶρύκ
1784 1369 2007 1442 ἀνέστη,

427 1472 543 1526 ἀλλ’
576 1470 802 1541 ἑτέρως,
825 1467 1007 1522 καίτοι
1034 1467 1155 1521 οὐδὲ
1188 1465 1348 1521 τοῦτο
1385 1482 1522 1536 με...
1558 1482 1655 1521 ν...
1696 1459 1785 1535 ἦν.
1821 1462 2009 1529 Ταῦτα

429 1563 608 1643 λέγει,
676 1563 767 1616 ίνα
816 1559 925 1615 κάν
962 1561 1063 1631 τὴν
1127 1559 1209 1623 εἰς
1285 1558 1494 1612 ἐκεῖνον
1536 1556 1703 1627 τιμὴν
1770 1554 2010 1621 δέξονται

433 1654 502 1729 [Ῑ.
528 1657 668 1725 τῇ...
703 1654 838 1724 τιμῇ
875 1648 1162 1721 δέξωνται]
1193 1648 1284 1703 τὸν
1328 1651 1460 1721 περὶ
1506 1647 1602 1720 τῆς
1657 1646 2008 1710 ἀναστάσεως

2108 549 2265 619 φησὶ,
2300 549 2397 603 zeal
2430 549 2756 620 παρεκάλει.
2782 566 2802 601 z

2180 641 2307 707 Πῶς
2358 641 2498 705 orae;
2536 642 2707 695 Τοῦτο
2752 640 2881 705 τοὺς
2932 640 3268 706 ,ἀποστόλους
3308 639 3681 707 ἀνεκτήσατοο

2110 733 2312 805 μᾶλλον
2349 733 2442 788 τοῦ
2487 733 2710 787 Ἡσαΐου
2748 731 2987 787 ἐνταῦθα
3040 731 3342 805 πληροῦται
3385 732 3420 804 η
3470 748 3687 803 προφη-

2104 828 2227 881 τεία
2261 828 2295 897 ἡ
2326 826 2599 896 λέγουσα’
2655 845 2673 878 ι
2718 826 2815 889 Τίς
2873 826 3075 897 ηκουσε
3124 825 3400 893 τοιοῦτον,
3453 825 3550 879 zeal
3597 824 3687 890 τίς

2107 917 2392 988 ἐώρακενς
2424 918 2486 970 Εἰ
2519 915 2674 970 ὢδινε
2702 916 2776 986 γῆ
2813 918 2871 971 ἐν
2901 919 3002 988 μιᾷ
3041 916 3246 988 ἡμέρα,
3276 916 3326 970 εἰ
3366 916 3459 970 zeal
3489 915 3685 985 ἐτέχθη

2107 1008 2260 1073 ἔθνος
2306 1010 2354 1063 εἰ
2383 1008 2451 1081 [Ῑ.
2477 1006 2579 1080 εἰς]
2611 1008 2775 1074 ἀπσξ,
2809 1009 2893 1063 ὅτι
2922 1007 3080 1062 ὤδινε
3110 1008 3204 1062 καὶ
3238 1007 3393 1061 ἔτεκε
3434 1009 3589 1078 κοινῇ
3618 1007 3687 1061 τά

2108 1102 2297 1157 παιδία
2330 1101 2519 1170 αὐτῆς.
2553 1100 2696 1169 Ἐγὼ
2737 1099 2794 1154 δέ
2823 1098 3000 1154 ἔδηκα
3042 1099 3141 1170 τὴν
3176 1096 3505 1169 προσδοκίαν
3555 1094 3691 1151 cae}-

2110 1213 2232 1265 την.
2271 1192 2643 1265 Εὐφράνθητι,
2691 1190 3070 1262 Ἰερουσαλὴμ,
3110 1189 3205 1243 καὶ
3252 1187 3687 1261 πανηγυρίσατε,

2108 1289 2313 1351 πάντες
2352 1287 2402 1339 οἰ
2436 1284 2763 1355 ἀγαπῶντες
2805 1283 2994 1353 αὐτήν.
3036 1302 3055 1336 ι
3101 1281 3212 1337 Kal
3239 1280 3276 1338 ἃ
3317 1284 3345 1336 ὁ
3397 1283 3691 1355 προφήτης

2111 1379 2372 1445 ἐδίδαξεν,
2403 1377 2644 1433 ἐνταῦθα
2678 1378 2895 1448 ἡπεῖρα
2926 1376 3198 1429 δείκνυσιν
3219 1374 3491 1446 ἐναργῶς.

2183 1471 2290 1525 Δύο
2317 1471 2536 1542 ἀρεταὶ,
2565 1470 2658 1524 καὶ
2689 1469 2754 1522 τὸ
2780 1467 3239 1538 προσκαρτερεῖν,
3265 1468 3359 1518 καὶ
3395 1465 3457 1519 τὸ
3484 1464 3691 1536 ὁμοθυ-

2116 1564 2305 1634 μαδδν,
2336 1565 2404 1634 τῇ
2437 1562 2647 1633 διδαχῇ,
2681 1560 2839 1631 φησί,
2868 1558 2978 1611 τῶν
3016 1556 3347 1612 ἀποστόλων.
3384 1555 3553 1609 Πάλιν
3583 1554 3694 1624 γὰρ

2114 1650 2311 1713 αὐτοὺς
2340 1649 2641 1712 ἐδίδασκον,
2671 1646 2768 1702 zeal
2819 1648 2885 1717 τῇ
2933 1644 3209 1715 κοινωνία,
3260 1644 3354 1696 καί
3381 1644 3449 1713 τῇ
3500 1640 3693 1695 κλάσει

428 1743 614 1813 λόγον,
645 1744 720 1807 ὡς
751 1742 845 1796 zeal
888 1742 987 1810 τῆς
1017 1739 1359 1811 προφητείας
1407 1737 1806 1810 βλαπτομένης,
1839 1737 1889 1790 εἰ
1930 1738 2005 1808 μὴ
2046 1801 2084 1813 κ
2113 1741 2207 1795 τοῦ
2232 1740 2423 1811 ἄρτου,
2453 1738 2548 1794 zeal
2577 1741 2644 1810 τῇ
2679 1738 2979 1808 προσευχῇ.
3010 1735 3197 1789 Πάντα
3232 1735 3388 1789 κοινά
3418 1734 3513 1788 καὶ
3551 1735 3694 1806 μετά

429 1834 595 1890 τοῦτο
613 1834 723 1904 είη,
756 1834 850 1887 καὶ
883 1833 984 1902 τῆς
1016 1832 1097 1891 εἰς
1120 1830 1283 1885 αὐτὸν
1305 1829 1498 1900 τιμῆς.

503 1927 675 1980 Τοῦτο
724 1926 886 1980 πάλιν
932 1922 1248 1995 θαυμαστὸν
1280 1922 1574 1991 δείκνυσιν,
1615 1922 1697 1977 ὅτι
1728 1921 1826 1992 οὐχ
1855 1920 2016 1993 ὁμοία

430 2019 545 2081 τοῖς
564 2016 741 2078 ἄλλοις
770 2010 840 2087 ἦν
874 2016 908 2086 η
945 2015 1260 2081 ἀνάστασις,
1291 2015 1522 2085 κατέσχε
1552 2013 1653 2084 μὲν
1691 2014 1801 2085 γάρ
1828 2014 2013 2082 αὐτὸν,

436 2108 538 2162 οὐκ
587 2105 886 2178 εἰργάσατο
944 2104 999 2158 δέ
1052 2103 1188 2178 [τις]
1227 2103 1287 2158 τὸ
1330 2103 1496 2158 αὐτοῦ
1554 2103 1676 2157 τότε
1703 2105 1732 2158 ό
1764 2103 2014 2168 θάνατος.

436 2200 621 2252 Πάντα
645 2198 827 2251 τοίνυν
863 2194 1152 2265 ἀνατίθησι
1199 2193 1278 2265 τῷ
1311 2193 1509 2266 Πατρὶ,
1541 2194 1628 2248 ἵνα
1658 2193 1918 2259 δέξωνται
1947 2193 2018 2247 τὰ

434 2290 727 2360 λεγόμενα.
750 2287 919 2343 Πάλιν
952 2286 1045 2342 ἐπὶ
1096 2286 1190 2339 τὸν
1226 2286 1446 2356 Πατέρα
1497 2284 1855 2356 μεταφεύγει.
1888 2285 2019 2338 Κοί-

434 2399 583 2451 τοιγε
614 2382 777 2452 ἧρκει
807 2382 980 2432 εἰπεῖν
1036 2377 1327 2448 πρότερον,
1359 2376 1475 2429 ἀλλ’
1523 2374 1666 2429 οἶδεν
1692 2376 1818 2429 ὅσον
1856 2375 2018 2429 τοῦτό

437 2478 603 2529 ἐστιν.
656 2470 923 2527 Ἐνταῦθα
977 2470 1074 2525 zeal
1103 2470 1233 2539 περί
1278 2468 1377 2540 τῆς
1419 2466 1743 2538 ἀναλήψεως
1772 2467 2013 2540 ᾐνίξατο,

438 2567 536 2622 zeal
589 2566 672 2620 δτι
707 2566 765 2617 ἐν
795 2566 907 2628 τοῖς
940 2562 1188 2633 οὐρανοῖς
1224 2564 1375 2616 ἐστιν
1399 2575 1415 2592 ·
1453 2559 1569 2615 ἀλλ’
1596 2559 1707 2615 οὐδ’
1738 2559 1872 2614 αὐτὸ
1915 2578 2019 2630 φα-

437 2656 612 2730 νερῶς
664 2656 836 2725 λέγει,
874 2672 894 2707 e
942 2654 1178 2724 Ἐξέχεε.
1220 2671 1239 2706 z
1276 2653 1385 2708 Καί
1417 2669 1605 2725 φησιν,
1656 2653 1758 2707 οὐκ
1795 2652 2016 2724 ἀξίωμα

437 2749 640 2822 ζητῶν,
673 2747 768 2803 καί
796 2748 895 2819 οὐχ
925 2746 1136 2814 ἁπλῶς,
1158 2745 1295 2801 ἀλλά
1322 2746 1463 2816 μετά
1496 2743 1800 2816 δαψιλείας.

504 2856 865 2932 Θαρῤούντως
893 2853 1033 2926 μετὰ
1058 2853 1160 2926 τὴν
1209 2852 1306 2907 τοῦ
1353 2851 1673 2923 Πνεύματος
1712 2850 1884 2929 δόσιν,
1916 2851 2015 2906 zeal

437 2952 570 3024 περὶ
616 2950 716 3019 τῆς
765 2948 1117 3012 ἀναστάσεως
1160 2945 1490 3016 διαλέγεται,
1541 2944 1637 3002 καὶ
1678 2944 1776 3016 ούχ
1801 2942 2014 3010 ἁπλῶς,

441 3041 579 3095 ἀλλά
625 3039 788 3093 πάλιν
845 3038 939 3092 τὸν
998 3037 1253 3108 μάρτυρα
1306 3038 1573 3109 παράγων
1620 3035 1714 3089 καὶ
1773 3035 2014 3098 ἐκείνους

441 3131 904 3203 ἀναμιμνήσκων,
955 3129 1089 3199 περὶ
1128 3121 1192 3182 οὗ
1232 3127 1328 3183 zeal
1350 3128 1378 3180 ό
1407 3127 1641 3198 Χριστὸς
1677 3122 1854 3183 εἶπεν.
1881 3145 1900 3179 ι
1935 3124 2014 3182 Οὐ
2045 3141 2085 3196 c

440 3224 553 3293 γὰρ
581 3220 748 3275 Δαϐἰδ
773 3219 943 3290 ἀνέϐη
997 3220 1078 3282 εἰς
1131 3217 1419 3287 οὐρανούς.
1449 3237 1467 3271 z
1510 3218 1776 3273 Ἐνταῦθα
1801 3219 1903 3273 οὐκ
1934 3217 2015 3273 ἔτι

444 3313 566 3384 μεθ’
610 3310 914 3382 ὑποστολῆς
945 3309 1127 3379 λέγων
1163 3309 1229 3382 υ.
1259 3308 1438 3381 λέγειῖ
1481 3309 1622 3381 έχων
1651 3309 1852 3365 τδ.ἀπδ
1905 3308 2018 3362 τῶν

441 3403 748 3476 εἰρημένων
777 3402 1001 3473 θάρσος.
1057 3401 1135 3455 Οὐ
1163 3400 1338 3470 λέγει,
1376 3420 1395 3455 ι
1441 3400 1592 3467 Ἐξδν
1633 3403 1833 3466 εἰπεῖν,
1874 3420 1893 3454 z
1926 3404 2018 3455 zeal

442 3498 543 3550 ὃσα
577 3492 823 3559 τοιαῦτα,
861 3510 880 3544 ε
910 3491 1077 3561 Δέγει
1129 3490 1186 3549 δὲ
1219 3491 1382 3556 αὐτός
1404 3508 1417 3521 ·
1458 3488 1626 3545 Είπεν
1670 3490 1700 3543 δ
1730 3489 1957 3562 Κύριος,
1994 3507 2013 3540 z

446 3587 537 3643 zeal
566 3586 636 3641 τά
659 3586 808 3656 ἑξῆς.

524 3697 790 3754 Ἐνταῦθα
816 3698 874 3755 δὲ
920 3697 1086 3769 φόϐον
1111 3695 1383 3765 ἐπέστησε
1411 3695 1606 3766 μέγαν,
1659 3695 1909 3767 καθάπερ
1961 3697 2019 3750 ἐν

442 3793 606 3861 ἀρχῇ.
639 3788 835 3853 Καλῶς
872 3785 1110 3851 ἐνταῦθα
1147 3786 1325 3856 ἔληξε,
1368 3785 1622 3840 διασείων
1670 3787 1852 3840 αὐτῶν
1916 3787 2016 3856 τὴν

438 3882 699 3935 διάνοιαν.
759 3878 976 3950 Ἐπειδὴ
1021 3879 1131 3949 γάρ
1184 3878 1387 3946 ἔδειξεν
1437 3879 1641 3950 ὴλίκως
1694 3877 1758 3951 [1⁵.
1807 3877 2019 3953 ἡλίκος]

441 3975 584 4039 εστὶ,
634 3974 759 4027 τότε
812 3973 911 4026 zeal
948 3970 1013 4024 τὸ
1035 3971 1296 4042 τόλμημα
1333 3971 1520 4024 λοιπὸν
1572 3970 1908 4039 ἐγύμνωσεν,
1944 3971 2021 4036 ὡς

444 4072 669 4145 μείζονα
695 4069 866 4136 δείξαι
889 4071 984 4124 zeal
1012 4070 1094 4140 τῷ
1124 4070 1274 4141 φόϐῳ
1311 4070 1509 4133 αὐτοὺς
1532 4068 1693 4123 ἑλεῖν.

515 4187 622 4249 Οὓς
677 4185 914 4250 πλάνους
964 4185 1213 4250 ἐκάλουν,
1264 4182 1528 4254 ἀδελφοὺς
1564 4181 1856 4237 καλοῦσιν’
1896 4180 2020 4252 οὐχ).

439 4275 695 4330 τοσοῦτον
723 4274 950 4337 ἐαυτούς
974 4273 1463 4343 παρεξετάζοντες,
1484 4274 1608 4327 ὅσον
1625 4273 1706 4338 εἰς
1733 4271 2019 4344 φιλοστορο

441 4369 568 4437 γίαν
601 4365 975 4435 ἐπισπώμενοι
1024 4368 1124 4419 καὶ
1159 4365 1505 4436 κηδεμονίαν.
1528 4363 1752 4420 Πάντων
1785 4363 1843 4418 δέ
1883 4364 2022 4433 ἐρω-

2120 1829 2439 1903 καρτερίας.
2472 1830 2549 1883 ού
2583 1831 2691 1898 γὰρ
2718 1826 2793 1892 ὡς
2839 1826 2949 1880 τῶν
2999 1825 3269 1896 τυχόντων
3303 1825 3694 1896 κατεφρόνουν,

2119 1924 2241 1979 οὐδέ
2292 1924 2409 1986 τοῖς
2452 1920 2755 1992 δρωμένοις
2808 1918 3135 1990 προσεῖχον,
3196 1916 3313 1971 ἀλλ’
3365 1916 3698 1988 ἐπεπύρωτο

2119 2015 2301 2072 αὐτῶν
2328 2016 2360 2086 ή
2390 2013 2619 2067 διάνοια.
2657 2010 2880 2079 Ἐπειδὴ
2910 2011 3021 2079 γὰρ
3053 2009 3219 2073 πολὺς
3257 2004 3325 2080 ἦν
3356 2009 3497 2081 ρέων
3534 2010 3563 2061 δ
3588 2008 3696 2062 Πέ-

2117 2127 2267 2181 τρος,
2299 2108 2391 2163 καὶ
2410 2107 2618 2160 ἐδείκνυ
2649 2105 2750 2169 τάς
2779 2104 3112 2173 ἐπαγγελίας
3170 2103 3266 2156 zeal
3292 2104 3361 2157 τά
3398 2102 3691 2171 μέλλοντα·

2119 2200 2349 2264 εἰκότως
2402 2198 2700 2269 ἐξέστησαν
2749 2196 2828 2267 τῷ
2882 2195 3054 2266 φόϐῳ,
3088 2194 3184 2248 zeal
3229 2192 3530 2265 ἐμαρτύρει
3582 2193 3696 2253 τοῖς

2118 2290 2431 2360 λεγομένοις
2461 2287 2532 2342 τά
2569 2286 2861 2357 θαύματα·
2897 2283 3152 2353 καθάπερ
3174 2282 3268 2336 ἐπὶ
3298 2281 3394 2336 τοῦ
3455 2279 3698 2354 Χριστοῦ

2119 2380 2337 2454 πρῶτον
2371 2380 2591 2451 σημεῖα,
2613 2371 2733 2430 εἶτα
2758 2374 3099 2437 διδασκαλία,
3130 2369 3245 2427 εἶτα
3275 2371 3551 2443 θαύματα.

2194 2472 2308 2542 Τῆς
2361 2467 2717 2529 διδασκαλίας
2774 2462 3079 2536 ἀπήλαυον.
3130 2462 3337 2517 Σκόπει
3384 2462 3502 2525 πῶς
3542 2461 3698 2515 οὐδὲν

2119 2563 2309 2634 ἕτερον
2331 2560 2549 2615 ἐποίουν
2581 2560 2629 2613 οί
2671 2557 2932 2621 Ἰουδαῖοι,
2962 2556 2996 2628 ἢ
3030 2549 3108 2625 τῷ
3142 2553 3273 2625 ίερῷ
3304 2553 3695 2625 προσήδρευον,

2119 2655 2215 2710 an
2248 2652 2653 2722 σπουδαιότεροι
2699 2646 3082 2719 γεγενημένη,
3113 2646 3213 2701 zeal
3245 2648 3375 2717 περὶ
3402 2644 3493 2699 τδν
3525 2644 3693 2698 τόπον

2120 2749 2342 2804 πλείονα
2370 2746 2656 2802 εὐλάϐειαν
2686 2739 2850 2815 εἶχον.
2887 2743 2964 2797 Ού
2992 2742 3101 2814 γάρ
3134 2739 3397 2796 ἀπέσπων
3419 2736 3613 2799 αὐτοὺς
3645 2735 3696 2786 οἱ

2119 2840 2410 2897 ἀπόστολοι
2429 2840 2572 2895 ῶστε
2610 2837 2687 2910 μὴ
2715 2836 2939 2910 βλάψαι.
2966 2835 3111 2906 Ὅρα
3141 2832 3285 2888 πόσα
3311 2831 3494 2896 αὐτοῖς
3523 2844 3696 2899 προσ-

2122 2928 2418 3000 μαρτυρεῖ.

2188 3022 2292 3075 Τὸν
2320 3021 2486 3093 ἄρτον
2515 3035 2607 3089 μοι
2635 3018 2781 3072 δοκεῖ
2805 3015 3008 3084 λέγειν,
3040 3014 3136 3070 καὶ
3165 3012 3425 3085 νηστείαν
3454 3011 3696 3066 ἐνταῦθα

2123 3114 2400 3186 σημαίνει,
2423 3114 2519 3168 καὶ
2549 3111 2786 3182 σκληρὸν
2830 3108 3194 3181 βίονοτροφῆς
3220 3106 3353 3178 γάρ,
3384 3108 3446 3160 ού
3481 3105 3699 3176 τρυφῆς

2125 3205 2556 3278 μετελάμϐανον.
2600 3203 2762 3276 Ὀρᾷς
2791 3202 2875 3256 ὅτι
2905 3202 2954 3254 οἰ
2983 3201 3191 3274 Πέτρου
3221 3200 3370 3269 λόγοι
3390 3200 3483 3255 zeal
3510 3199 3703 3254 τοῦτον

2122 3294 2267 3368 εἶχον
2311 3295 2405 3351 τοῦ
2438 3295 2554 3368 βίου
2600 3292 3017 3363 σωφρονισμόν;
3052 3294 3130 3346 Οὐ
3168 3292 3278 3363 γάρ
3313 3292 3394 3345 ἐνι
3443 3291 3705 3362 γενέσθαι

2122 3388 2444 3457 ἀγαλλίασιν
2468 3387 2544 3458 μὴ
2586 3384 2846 3455 ἀφελείας
2883 3380 3075 3453 οὔσης.
3106 3383 3391 3452 Πανταχοῦ
3423 3383 3703 3453 φαίνονται

2122 3474 2267 3535 οὗτοι
2306 3477 2509 3548 πολλὴν
2541 3476 2757 3547 ἔχοντες
2800 3472 2901 3545 τὴν
2938 3472 3213 3543 ὁμόνοιαν.
3261 3473 3450 3545 Τούτῳ
3495 3474 3640 3528 νεύει
3672 3478 3702 3527 ό

2123 3572 2329 3642 Πέτρος
2348 3585 2364 3601 ο
2405 3566 2543 3639 ὁμοῦ
2577 3568 2657 3630 εἰς
2680 3565 2772 3620 τὸν
2797 3565 2966 3635 τάφον
2988 3560 3179 3636 ἦλθον·
3215 3566 3345 3637 περὶ
3372 3563 3538 3620 αὐτοῦ
3569 3582 3701 3636 φησι

2122 3662 2199 3734 τῷ
2234 3658 2471 3731 Χριστῷ.
2523 3652 2689 3722 Οὗτος
2718 3657 2777 3710 δέ
2822 3655 2913 3721 τίς
2946 3657 3027 3709 Ta
3059 3655 3160 3727 μὲν
3193 3653 3288 3711 οὖν
3315 3656 3453 3711 ἀλλα
3497 3659 3700 3727 σημεῖα

2124 3752 2400 3821 παρεῖδεν,
2445 3749 2527 3804 ἔτι
2590 3748 2793 3819 βιϐλίον
2843 3747 3198 3818 συγγράφων.
3258 3747 3422 3815 Λέγει
3473 3749 3699 3817 σημεῖον

2125 3842 2217 3911 ἀφ’
2245 3835 2307 3896 οὐ
2337 3842 2516 3896 πάντα
2542 3839 2783 3909 ἐκίνησε.
2809 3838 3041 3890 Φυσικὸν
3064 3836 3124 3890 τὺ
3150 3836 3320 3901 πάθος
3341 3831 3430 3908 ἦν,
3454 3838 3700 3907 κρεῖττον

2126 3933 2375 4004 ἰατρικῆς
2407 3932 2623 4003 τέχνης.
2675 3929 3098 4001 Τεσσαράκοντα
3126 3923 3195 4000 ἦν
3239 3928 3332 3999 ἐτη
3377 3926 3701 3999 πεποιηκὼς

2121 4027 2181 4079 ἐν
2208 4027 2276 4096 τῇ
2313 4022 2594 4094 Γαλιλαίᾳ.
2635 4020 2935 4091 Ἐπίσημος
2957 4019 3013 4073 δὲ
3041 4012 3109 4090 ἦν
3137 4020 3167 4072 ό
3209 4018 3351 4090 ἀνὴρ
3374 4019 3483 4074 ἀπό
3512 4036 3569 4073 τε
3598 4017 3700 4075 τοῦ

2119 4115 2311 4177 τόπου,
2340 4113 2448 4168 ἀπό
2488 4128 2548 4166 τε
2590 4109 2684 4163 τοῦ
2735 4110 2963 4173 πάθους.
3002 4110 3142 4180 Ὅρα
3178 4110 3304 4173 τοὺς
3364 4110 3697 4176 ἀποστόλους

2120 4209 2180 4262 οὐ
2218 4206 2649 4279 προηγουμένως
2676 4202 2763 4257 ἐπ’
2800 4203 2939 4258 αύτά
2968 4202 3297 4274 ἐρχομένους
3316 4216 3332 4232 ⁸
3364 4201 3512 4256 οὓτω
3540 4202 3697 4272 φιλο·-

2118 4296 2309 4369 τιμίας
2332 4291 2471 4367 ἦσαν
2497 4293 2749 4368 καθαροί.

2192 4387 2349 4444 Οὕτω
2375 4386 2472 4441 καὶ
2502 4388 2531 4441 δ
2562 4385 2795 4457 Χριστὸς
2822 4384 3069 4457 έποίησε,
3096 4383 3356 4448 πολλάκις
3391 4385 3536 4453 λόγῳ
3573 4384 3696 4439 ἐθε-

438 4457 995 4551 ηθέΥῗωνξδηίτῆθῖ
1016 4455 1875 4551 ἀπθκρξνεταιῇκμαξμὴῖιτεροξ
1906 4455 2013 4508 τῶν
2049 4476 2091 4533 D
2124 4478 2386 4551 ράπευσε,
2418 4455 2679 4540 πολλάκις
2711 4475 2883 4546 ἔργῳ,
2924 4455 3187 4536 πολλάκις
3248 4474 3344 4529 καὶ
3391 4476 3491 4546 τὴν
3538 4477 3697 4547 χεῖρι

441 4549 678 4605 ἐνταῦθα
703 4548 1077 4621 δικαστηρίων
1093 4550 1123 4602 ό
1157 4549 1322 4618 νόμος
1348 4589 1365 4616 ,
1393 4548 1488 4601 ἐπὶ
1512 4546 1568 4601 δὲ
1593 4546 1687 4600 τοῦ
1722 4544 2016 4617 κηρύγμα-

439 4662 531 4708 τος
554 4646 682 4698 am
708 4645 737 4697 ό
761 4641 1103 4715 ἡμαρτηκὼς
1128 4641 1467 4712 ὁμολογήσῃ,
1490 4641 1611 4693 τότε
1626 4636 1881 4704 σώζεται.
1906 4636 1985 4688 Βα
2003 4666 2017 4677 ι

438 4734 652 4788 λανεῖον
697 4734 807 4803 γάρ
855 4736 1004 4787 ἐστιν
1056 4735 1091 4804 ἡ
1167 4731 1465 4802 Ἐκκλησία
1517 4729 1908 4801 πνευματικὸν,
1950 4727 2013 4780 ού

440 4827 612 4897 ῥύπον
650 4826 922 4897 σώματος,
955 4825 1090 4880 ἀλλά
1111 4823 1288 4895 ψυχῆς
1323 4809 1650 4894 ἀποσμῆχον
1680 4821 1874 4894 κηλίδα
1902 4822 2015 4883 τοῖς

439 4916 656 4978 πολλοῖς
679 4914 779 4984 τῆς
808 4916 1101 4984 μετανοίας
1134 4918 1380 4985 τρόποις.

522 5027 860 5093 Ἀξιόπιστος
886 5028 915 5081 ό
937 5027 1094 5095 λόγος
1133 5026 1194 5091 ἐξ
1226 5019 1300 5080 ὧν
1335 5025 1499 5081 αὐτὸν
1543 5024 1756 5091 ἔλαϐον,
1787 5023 2013 5089 τέωςκδέ

437 5118 661 5173 εὔκολον
693 5120 788 5173 zeal
816 5119 1021 5189 πολλὴν
1055 5118 1195 5188 ἔχων
1230 5116 1462 5189 δωρεάν,
1488 5118 1584 5171 καὶ
1630 5117 1752 5170 τότε
1792 5116 1886 5170 ἐπὶ
1922 5114 2013 5168 τδν

440 5212 553 5281 βίον
598 5212 743 5281 άγει.
785 5209 1004 5281 Ἐπειδὴ
1030 5210 1089 5263 δὲ
1140 5207 1309 5280 ἐπόθη
1357 5210 1387 5262 ὁ
1412 5209 1709 5279 ἀκροατὴς,
1746 5208 1799 5261 τί
1837 5203 1905 5279 ἦν
1952 5208 2013 5260 τὸ

436 5302 548 5355 τῶν
573 5300 835 5354 πλειόνων
859 5300 1033 5368 λόγων
1067 5298 1397 5368 κεφάλαιον;
1430 5298 1604 5353 Τοῦτό
1641 5300 1808 5363 ἐστιν,
1842 5300 1875 5370 ή
1907 5298 2013 5352 δω-

440 5393 558 5464 ρεά,
607 5392 763 5463 φησι,
826 5390 923 5443 τοῦ
978 5391 1135 5458 άγίου
1189 5390 1526 5461 Πνεύματος.
1577 5392 1903 5455 Ἐπαινέσας
1943 5394 2012 5449 τά

436 5483 715 5552 λεχθέντα,
742 5480 922 5536 καίτοι
954 5480 1123 5551 φόϐου
1159 5480 1420 5551 γέμοντα,
1442 5482 1537 5534 zeal
1576 5481 1715 5551 μετά
1745 5481 1844 5553 τὴν
1884 5498 2013 5551 συγ-

438 5573 757 5638 κατάθεσιν,
788 5573 909 5628 τότε
941 5573 1033 5627 ἐπὶ
1084 5573 1147 5626 τὸ
1192 5571 1477 5644 βάπτισμα
1529 5574 1747 5645 ἔρχεται
1799 5573 2009 5643 λέγων’

439 5661 625 5734 Πολλῷ
657 5663 857 5734 μᾶλλον
888 5665 1020 5734 ἡμῖν
1050 5664 1113 5737 [ﬂ
1139 5662 1291 5735 ύμῖν]
1322 5666 1433 5728 τοῖς
1462 5665 1648 5734 ἐγγύς.
1680 5666 1821 5739 Ὅρα
1850 5668 2012 5722 αὐτὸν

436 5755 713 5824 πανταχοῦ
744 5757 1105 5825 ἐπιτιμῶντα,
1146 5757 1239 5810 zeal
1271 5757 1331 5810 ού
1367 5757 1840 5826 φιλοτιμούμενον,
1889 5760 2010 5814 ούδέ

2119 4569 2497 4641 προσήγαγεν,
2536 4567 2669 4621 ὅπου
2700 4561 2843 4637 ἦσαν
2886 4565 3270 4637 ἀσθενέστεροι
3301 4566 3433 4636 περί
3460 4568 3558 4638 τὴν
3601 4569 3696 4620 πί-

2123 4679 2261 4727 στιν,
2296 4662 2387 4716 ῖνα
2433 4660 2508 4733 μὴ
2551 4661 2680 4733 δόξῃ
2716 4658 2824 4714 ἀπὸ
2850 4650 3196 4731 ταυτομάτού
3226 4660 3495 4727 γίνεσθαι.
3531 4678 3550 4713 ε
3585 4661 3697 4715 Kal
3768 4692 3777 4700 ι

2119 4754 2322 4818 πιάσας
2358 4753 2458 4823 τῆς
2490 4752 2670 4818 δεξιᾶς
2716 4753 2900 4823 χειρδς
2949 4742 3157 4822 ἤγειρε.
3187 4769 3208 4802 z
3252 4750 3425 4804 Τοῦτο
3467 4752 3694 4824 ἐποίησε

2117 4844 2295 4915 δηλῶν
2320 4845 2421 4915 τὴν
2443 4845 2739 4899 ἀνάστασιν
2763 4860 2776 4874 ·
2810 4843 3161 4905 ἀναστάσεως
3195 4843 3263 4909 τὰ
3273 4859 3305 4914 ρ
3333 4844 3366 4910 ἡ
3417 4843 3601 4898 εἰκών.

2199 4932 2364 4989 Ἀλλά
2399 4934 2496 4986 καὶ
2540 4932 2744 5004 ἀλμασι
2772 4934 2867 4986 καὶ
2902 4934 3219 5003 πηδήμασιν
3249 4932 3474 5003 ἐχρῆτο,
3501 4934 3695 5004 πειρά-

2118 5031 2229 5093 ζων
2261 5026 2391 5091 ίσως
2425 5026 2617 5081 ἑαυτὸν
2654 5026 2729 5097 μὴ
2774 5025 2963 5090 ἁπλῶς
2993 5029 3110 5079 ἐστι
3144 5024 3205 5078 τὸ
3241 5025 3483 5094 γεγονός.
3533 5025 3691 5091 Τινὲς

2114 5121 2173 5174 δέ
2206 5136 2391 5189 φασιν,
2425 5120 2509 5172 ὅτι
2538 5119 2631 5172 zeal
2660 5119 2845 5190 ἠγνόει
2871 5120 3216 5190 περιπατεῖν.

2191 5212 2400 5275 Ὄντως
2431 5210 2709 5281 θαύματος
2738 5211 2888 5277 ἄξιος
2909 5227 2921 5240 ·
2945 5210 3044 5263 οὐκ
3079 5210 3233 5265 αὐτοὶ
3262 5211 3427 5265 αὐτὸν
3455 5210 3695 5282 ἐπάγον-ρ

2114 5321 2228 5369 ται,
2274 5303 2389 5357 ἀλλ’
2443 5303 2605 5366 αὐτὸς
2655 5302 2976 5369 ἀκολουθεῖ,
3009 5302 3096 5356 διά
3143 5302 3244 5373 τῆς
3277 5302 3692 5376 ἀκολουθήσεως

2114 5398 2243 5460 τοὺς
2277 5396 2572 5468 εὐεργέτας
2605 5395 2840 5458 δεικνύς.
2882 5414 2900 5447 ι
2920 5394 3031 5449 Καὶ
3064 5396 3381 5466 ἀλλόμενος,
3406 5399 3563 5466 φησί,
3593 5401 3690 5454 καὶ

2114 5487 2283 5541 αἰνῶν
2307 5486 2397 5541 τὸν
2423 5487 2580 5541 Θεόν.
2609 5505 2628 5537 z
2668 5486 2781 5541 Οὐκ
2814 5486 3053 5549 ἐκείνους
3089 5486 3407 5557 θαυμάζων,
3437 5488 3572 5543 ἀλλά
3593 5493 3689 5544 τὸν

2114 5579 2268 5643 Θεὸν,
2314 5578 2403 5632 τὸν
2447 5579 2516 5632 δι’
2566 5579 2745 5633 αὐτῶν
2787 5579 3176 5650 ἐνεργήσαντα.
3224 5580 3561 5652 Εὐχάριστος
3618 5578 3689 5651 ἦν

2114 5673 2140 5724 ὁ
2172 5672 2332 5740 ἀνήρ.

2186 5762 2381 5824 Καλῶς
2430 5758 2605 5823 εἶπεν,
2642 5781 2661 5816 ι
2702 5763 3126 5822 Ἐπεγίιωσκον.
3166 5783 3185 5818 z
3228 5765 3303 5823 ὡς
3340 5770 3431 5822 καὶ
3464 5767 3687 5841 ἀγνοου-
