4082 6420
415 416 556 483 1079

1331 413 1912 480 THEOPHYLACTI
1946 409 2356 472 BULGARL‘E
2395 409 2751 470 ARCHIEP.

3507 405 3652 470 1080

415 533 512 586 καὶ
544 532 816 593 δείκνυσιν
853 532 936 585 ὅτι
990 531 1151 596 αὐτός
1206 533 1354 584 ἐστιν
1408 535 1435 584 6
1489 531 1619 593 Θεὸς
1677 526 1928 598 ’Λϐραάμ
1961 526 1988 578 6
2020 529 2062 585 Α
2095 540 2188 578 του
2216 522 2283 576 δι’
2314 521 2479 575 αὑτοῦ
2513 520 2580 575 τὰ
2609 522 2831 590 σημετα,
2866 517 2988 572 οὔτε
3019 519 3156 588 μετά
3195 518 3368 572 ταῦτα
3414 518 3661 591 ὠφέλησε

421 626 667 696 μεγάλης
699 624 896 696 βουλῆς
931 625 1182 694 ἄγγελος,
1232 625 1329 677 καὶ
1380 622 1620 677 δείκνυσι
1664 619 1762 691 τὴν
1809 619 1988 688 φιλαν·

420 717 670 788 θρωπίαν
699 718 831 786 ὅσην
863 720 1098 770 ποιεῖται
1126 719 1152 770 ὁ
1181 715 1336 778 Θεός.

488 809 550 862 Εί
585 809 680 863 καὶ
731 811 789 861 ἐν
834 812 900 879 τῇ
938 810 1127 878 Ἐξόδῳ
1177 808 1414 879 ἔμφοϐος
1441 811 1639 868 κεῖται,
1690 805 1802 860 ἀλλ’
1839 805 1989 858 οὐδὲν

415 900 606 953 διοίσει
667 899 826 953 τοῦτο
863 900 942 966 τὸ,
1004 920 1022 951 ι
1064 900 1344 970 ἔντρομος.
1386 917 1406 951 ι
1453 897 1769 967 Λέγεταιδέ
1816 895 1990 950 ταῦτα

418 991 549 1059 περὶ
595 991 688 1045 τοῦ
726 992 866 1045 κατά
894 992 991 1062 τήν
1041 993 1202 1061 βάτον
1251 992 1550 1063 ὁράματος,
1592 990 1860 1060 μενούσης
1893 989 1990 1058 τῆς

416 1085 588 1152 αὐτῆς
614 1085 881 1153 διαφορᾶς
913 1085 1002 1137 τοῦ
1036 1082 1269 1154 φοϐεροῦ
1296 1084 1388 1137 καὶ
1418 1084 1706 1153 ἐντρόμου.

489 1173 835 1244 Νεκρότητός
869 1175 985 1227 ἐστι
1021 1176 1116 1227 καὶ
1148 1173 1355 1244 φθορᾶς
1400 1171 1464 1226 τὸ
1511 1173 1703 1243 χρῆμα
1742 1172 1988 1242 σημεῖον,

418 1264 576 1332 είπερ
617 1264 768 1317 ἐστὶν
813 1263 1064 1335 ὑπόδημα
1107 1265 1248 1329 ξώου
1288 1264 1536 1334 λείψανον
1567 1263 1861 1325 τεθνεῶτος
1889 1261 1990 1330 ήδη

415 1354 512 1409 καὶ
543 1354 962 1426 διεφθαρμένου.
1006 1357 1326 1426 Ἀπρόσιτος
1355 1354 1449 1408 οὖν
1477 1356 1504 1408 6
1529 1353 1766 1424 Χριστὸς
1803 1354 1914 1414 τοῖς
1935 1353 1993 1405 ἐν

415 1447 711 1518 νόμῳ,καί⁵
756 1450 822 1518 τῇ
871 1449 1256 1519 παιδαγωγ.κῇ
1302 1447 1548 1518 λατρεία.
1599 1445 1996 1516 Προσαπονίζε-

417 1540 547 1594 σθαι
603 1541 713 1610 γὰρ
762 1541 979 1612 ἀνάγκη
1041 1542 1132 1594 τὸν
1193 1542 1472 1611 μολυσμὸν
1520 1540 1741 1592 καὶτὸν
1793 1540 1858 1592 ἐκ
1895 1539 1996 1608 τῆς

417 1634 695 1703 ἁμαρτίας
746 1633 1286 1703 προσαποτρίϐεσθαι
1350 1632 1542 1703 ῥύπον.
1609 1633 1700 1684 Δεῖ
1755 1631 1861 1701 γὰρ
1919 1629 1995 1692 ὡς

415 1724 638 1795 ἀληθῶς
686 1724 868 1794 πάσης
922 1725 1122 1794 νεκρᾶς
1181 1724 1274 1776 καὶ
1335 1722 1608 1791 σαρκικῆς
1672 1719 1994 1790 φαντασίας,

2087 633 2162 670 τι.
2199 632 2217 666 ι
2255 616 2356 667 Ἢν
2395 615 2714 682 εἰσήγαγον,
2748 611 2902 682 φησί,
2943 610 3314 681 διαδεξάμενοι
3341 612 3390 664 οἰ
3430 613 3664 680 πατέρες

2088 707 2269 778 ήμῶν.
2311 727 2330 761 ι
2380 708 2566 778 Ὁρᾷς,
2600 708 2681 760 ὅτι
2727 707 2845 758 ἐκεῖ
2875 706 3038 769 τόπος
3072 704 3226 772 ἅγιός
3269 705 3418 757 ἐστιν
3445 703 3571 757 ἔνθα
3600 704 3666 758 ἂν

2087 797 2174 874 ᾖό
2209 800 2374 867 Θεός;
2421 799 2508 853 διὰ
2539 799 2646 869 γάρ
2692 796 2851 850 τοῦτο
2879 798 2992 863 καὶ,
3045 797 3103 848 ἐν
3120 799 3184 868 τῇ
3220 797 3432 867 ἐρήμῳ,
3509 792 3665 849 εἶπεν

2091 895 2179 948 ἵνα
2214 892 2378 944 τόπον
2423 891 2712 961 συγκρίνῃ.
2757 887 3110 958 Ἐμφατικῶς
3155 889 3427 960 ἐχρήσατο
3460 889 3526 957 τῇ
3573 886 3665 939 λέ-

2091 985 2193 1050 ξει.
2221 983 2336 1038 Οὐκ
2366 982 2518 1052 ἔχετε
2544 983 2738 1046 είπεῖν,
2763 980 2949 1052 φησὶν,
2970 981 3050 1032 δτι
3080 979 3187 1033 ἀπὸ
3216 979 3310 1032 τοῦ
3339 977 3464 1049 ἐμοὶ
3517 977 3667 1032 θύειν

2093 1075 2365 1137 κάκείνοις
2416 1072 2627 1138 ἐθύετε,
2690 1071 2785 1126 καὶ
2832 1069 3005 1124 ταῦτα
3053 1071 3110 1122 ἐν
3163 1072 3230 1140 τῇ
3269 1069 3484 1139 ἐρήμῳ,
3537 1067 3667 1120 ἔνθα

2096 1164 2330 1235 μάλιστα
2374 1163 2555 1218 αὐτῶν
2603 1164 2975 1234 προειστήκει.
3028 1159 3134 1215 Τοῦ
3166 1161 3450 1231 προφήτου
3485 1158 3666 1229 ’Λμὼς

2094 1260 2377 1329 είρηκότος
2397 1272 2412 1287 ⁸
2440 1275 2459 1309 ι
2491 1255 2766 1311 Μετοίκιῶ
2797 1257 2994 1318 αὐτοὺς
3017 1254 3278 1308 ἐπέκεινα
3290 1249 3615 1324 ’Δαμασκοῦ.
3641 1269 3660 1304 ι

2095 1349 2124 1401 6
2149 1347 2303 1416 ἅγιος
2333 1346 2606 1415 Στέφανος
2635 1345 2732 1415 τὴν
2763 1347 2958 1416 χρῆσιν
2986 1343 3220 1399 ἐνταῦθα
3249 1343 3382 1407 θεὶς,
3419 1361 3438 1394 ι
3467 1343 3666 1397 M510:-

2095 1438 2202 1492 κιῶ
2225 1439 2371 1508 ἡμᾶς
2410 1437 2670 1489 ἐπέκεινα
2711 1435 3052 1498 Βαϐυλῶνος,
3095 1452 3114 1486 ›
3152 1429 3327 1496 εἶπεν,
3370 1431 3668 1500 ἀκολουθήο

2099 1547 2195 1593 σας
2224 1532 2289 1600 τῇ
2339 1527 2606 1598 Ἐϐραίων
2649 1525 2944 1597 ἐκθέσει,ῆ
2983 1528 3075 1580 καὶ
3109 1525 3192 1578 ὅτι
3223 1523 3398 1592 τέρμα
3429 1522 3526 1590 τῆς
3561 1523 3670 1573 Δα-

2101 1619 2395 1692 μασκηνῶν
2425 1618 2518 1671 καὶ
2551 1617 2738 1688 Σύρων
2766 1616 2949 1687 χώρας
2979 1618 3010 1687 ή
3043 1616 3146 1688 ᾇδη
3183 1614 3358 1686 μολῶν
3387 1613 3667 1684 τυγχάνει.

2099 1711 2162 1763 Οί
2195 1710 2252 1762 δέ
2297 1708 2720 1777 Ἐϐδομήκοντα,
2797 1726 2815 1759 ι
2872 1707 3130 1759 ἐπέκεινα
3184 1702 3503 1774 Δαμασκοῦ,
3549 1721 3567 1753 ι
3599 1703 3673 1753 εί-

417 1790 611 1887 ὦσπερ
638 1790 1000 1886 ὑποδημάτων
1019 1790 1179 1871 τινῶν
1204 1817 1365 1870 λῦσαι
1395 1790 1504 1870 τῶν
1537 1814 1598 1887 [Ῑ.
1624 1813 1739 1886 τὸν]
1765 1815 1859 1867 ἐπὶ
1885 1812 1995 1866 τῶν
2029 1877 2065 1887 ﬁ
2103 1805 2354 1874 ρήκασιν·
2408 1800 2518 1854 KG"-
2554 1801 2759 1869 σκηνῆς
2788 1797 2980 1868 οὔσης,
3033 1797 3216 1850 θυσίαι
3252 1796 3351 1848 οὐκ
3393 1790 3555 1864 ἦσαν»
3584 1792 3674 1887 διὰ

417 1877 591 1961 θείων.
610 1877 984 1978 θεωρημάτων
1027 1907 1297 1978 ἀναϐῆναι
1327 1877 1667 1978 πειρώμενον
1701 1877 1846 1958 νοῦν.
1887 1905 1994 1958 Οὑ-
2029 1877 2067 1931 Β
2095 1900 2256 1954 τοῦτο
2281 1894 2350 1962 ἦν
2381 1895 2442 1968 [Ῑ.
2472 1892 2589 1967 οὖν]
2627 1894 2710 1948 ἵνα
2744 1894 3001 1965 μάρτυρα
3033 1891 3124 1945 τὸν
3165 1891 3295 1944 Θεὸν
3326 1889 3492 1959 ἔχωσι
3514 1886 3671 1941 τοῦτο

416 1998 592 2067 δαμοῦ
623 2000 772 2064 ναὸς,
806 1999 900 2053 καὶ
944 2002 973 2053 6
1001 1999 1166 2063 τόπος
1211 1999 1366 2068 ἅγιος
1395 2002 1461 2070 τῇ
1497 1999 1791 2069 ἐπιφανείᾳ
1833 1995 1991 2052 Θεοῦ.

416 2090 606 2162 Πολλῷ
664 2090 1112 2163 θαυμασιώτερον
1167 2091 1330 2146 τοῦτο
1386 2090 1482 2146 τοῦ
1551 2091 1722 2144 τόπου
1785 2089 1880 2142 τοῦ
1935 2090 1994 2142 ἐν

444 2183 630 2250 Λγίοις
658 2183 768 2237 τῶν
811 2183 1004 2252 ἁγίων.
1049 2185 1206 2248 Τίνος
1242 2183 1433 2238 ἕνεκεν
1484 2182 1634 2237 είασε
1675 2182 1993 2252 κακωθῆναι

416 2275 564 2341 heat;
618 2275 874 2328 Μάλιστα
922 2275 1020 2340 μὲν
1065 2274 1159 2329 οῦν
1204 2277 1369 2329 παντὶ
1409 2275 1602 2340 δικαίῳ
1633 2275 1687 2328 αἱ
1719 2271 1994 2336 κακώσεις

417 2365 592 2418 αίτιαι
621 2365 830 2436 μισθῶν
867 2365 1129 2434 γίνονται.
1161 2367 1223 2420 El
1252 2366 1308 2420 δὲ
1355 2366 1611 2435 μεγάλοις
1644 2365 1870 2435 ἀνδράσι
1900 2381 1997 2435 με·

418 2458 560 2526 γάλη
592 2457 624 2527 ή
652 2456 852 2526 θλίψις,
887 2457 1066 2528 πολλῷ
1097 2458 1296 2528 μᾶλλον
1319 2461 1474 2529 ἡμῖν.

493 2546 885 2616 Προαναφωνεϊ
914 2547 1024 2617 γὰρ
1059 2547 1228 2600 πάλαι
1271 2547 1372 2620 τὴν
1418 2548 1513 2602 τοῦ
1561 2549 1693 2603 ἰδίου
1725 2549 2000 2620 γεννήμα-

419 2652 510 2698 τος
549 2635 964 2708 ἐνανθρώπησιν
989 2639 1016 2690 6
1045 2639 1178 2702 Θεὸς
1204 2641 1300 2693 καὶ
1333 2639 1544 2711 Πατὴρ,
1579 2642 1674 2694 καί
1705 2643 1788 2695 ὅτι
1809 2642 1999 2695 δεύτε-

423 2727 630 2799 ρος,ἐφ’
676 2731 826 2800 ήμᾶς
868 2731 1166 2801 νομοθέτης
1221 2733 1695 2804 ἀναδειχθήσεται,
1756 2734 1997 2806 λαλήσας

422 2819 525 2888 μὲν
557 2819 725 2872 πάλαι
753 2822 868 2884 τοῖς
901 2821 1282 2893 ἀρχαιοτέροις
1318 2822 1481 2887 αὐτὸς
1517 2822 1585 2876 δι’
1615 2823 1865 2892 ἀγγέλων
1903 2822 1996 2877 τὸν

419 2911 606 2981 νόμον,
653 2911 712 2964 ἐν
749 2911 806 2966 δὲ
845 2911 923 2981 τῷ
967 2914 1112 2968 τέλει
1156 2913 1265 2968 τῶν
1317 2914 1526 2986 καιρῶν
1573 2916 1872 2985 αὐτουργὸς
1916 2917 1996 2979 είς

419 3005 570 3074 ἡμᾶς
599 3003 1072 3076 ἀναδεδειγμένος,
1099 3009 1193 3061 καὶ
1228 3007 1418 3079 κοινῆς
1449 3007 1512 3080 [f.
1553 3007 1772 3080 καινῆς]
1803 3008 1996 3079 διαθήο

419 3113 526 3168 κης
555 3099 900 3167 χρηματίσας
928 3099 1176 3167 ἄγγελος.
1207 3085 1384 3154 Πάλιν
1400 3100 1636 3171 οὐδαμοῦ
1655 3101 1799 3168 ναὸς,
1835 3101 1996 3155 οὐδα-

409 3187 527 3259 ’μοῦ
556 3187 737 3242 θυσία.
768 3189 1019 3243 Δείκνυσι
1044 3189 1101 3243 δὲ
1141 3190 1223 3243 δτι
1267 3191 1386 3260 οὐχὶ
1422 3194 1622 3262 σημεῖα
1644 3191 1868 3263 ἐποίησε
1898 3191 1996 3262 μό·
2024 3225 2067 3281 C

419 3296 533 3344 νον,
569 3278 706 3333 ἀλλά
735 3281 830 3334 καὶ
853 3281 1018 3351 νόμον
1063 3281 1285 3337 ἔδωκεν.
1314 3281 1523 3353 Ὥσπερ
1555 3282 1652 3337 καὶ
1690 3285 1719 3336 6
1761 3283 1997 3354 Χριστὸς

421 3371 639 3441 πρῶτον
677 3375 899 3440 σημεῖα,
928 3373 1022 3424 καὶ
1044 3373 1165 3426 τότε
1192 3372 1492 3442 νομοθετεῖ,
1532 3373 1676 3428 οὕτω
1723 3376 1993 3439 κάκεῖνος.

421 3462 489 3515 Τί
534 3463 674 3527 ἔστι,
723 3480 742 3514 ι
773 3463 942 3528 Λόγια
975 3462 1170 3528 ζῶντα,
1210 3481 1229 3514 ι
1282 3456 1356 3516 ὧν
1402 3463 1466 3516 τὸ
1515 3465 1668 3528 τέλος
1714 3465 1804 3518 διὰ
1840 3465 1999 3533 λόγον

423 3552 728 3617 ἐδείκνυτο;
765 3554 922 3606 Ἤτοι
945 3553 1048 3616 τὰς
1091 3554 1431 3626 προφητείας
1469 3554 1637 3619 λέγει.
1683 3556 1748 3608 Τί
1788 3556 1996 3622 λέγεις;

421 3648 524 3700 οὐκ
553 3646 844 3717 ἀναμένεις
887 3645 977 3700 τὸν
1026 3647 1309 3713 ἐξάγοντα,
1346 3647 1479 3702 ἀλλὰ
1515 3649 1732 3717 φεύγεις
1776 3650 1875 3719 τὴν
1913 3666 2000 3702 νο-

425 3739 708 3806 μοθεσίαν,
743 3739 839 3794 καὶ
885 3738 979 3792 τὸν
1031 3740 1328 3810 εὐεργέτην
1363 3741 1538 3810 ἀρνῇ;
1601 3742 1710 3794 Καὶ
1733 3742 1834 3812 ὅρα
1882 3743 2001 3804 πῶς

423 3831 772 3902 ὑϐρίζουσινο
830 3833 890 3886 '0
940 3833 1050 3903 γάρ
1099 3832 1340 3901 Μωῦσῆς
1391 3831 1536 3886 οὕτω
1569 3833 1767 3901 φησίν·
1825 3851 1844 3885 ε
1903 3835 1999 3898 Ὃς

421 3924 693 3992 ἐξήγαγεν
727 3925 876 3994 ἡμᾶς
927 3925 992 3976 ἐκ
1034 3923 1138 3994 γῆς
1174 3922 1474 3992 Αίγύπτου.
1513 3941 1534 3975 ι
1579 3922 1831 3993 Οὐδαμοῦ
1861 3924 1997 3977 Θεοῦ

421 4014 616 4083 ὃνομα,
635 4012 770 4067 ἀλλά
801 4013 978 4067 πάντα
1017 4015 1224 4085 Μωῦσῇ
1249 4014 1583 4084 ἐπέγραφον.
1617 4016 1724 4068 Καὶ
1750 4015 1877 4069 ἔνθα
1904 4016 2000 4085 μὲν

422 4107 766 4174 εἰχαριστεῖν
796 4104 924 4170 ἔδει,
968 4104 1213 4175 Μωῦσῆν
1245 4106 1504 4177 φέρουσιν
1551 4108 1633 4168 εἰς
1685 4106 1876 4176 μέσονο
1915 4107 2003 4161 ἔν-

423 4195 494 4246 θα
521 4193 579 4246 δέ
607 4193 896 4262 πεισθῆναι
927 4196 1097 4262 νόμῳ.
1129 4195 1371 4265 Μωῦσῆν
1403 4197 1504 4249 ούκ
1532 4197 1744 4263 ἄγουσι.
1776 4215 1794 4248 ι
1838 4197 1999 4267 Ποίη-

427 4301 522 4337 σον
556 4287 686 4354 ἡμῖν
731 4284 906 4348 θεούς.
945 4305 963 4337 ι
999 4287 1112 4338 υύκ
1164 4283 1338 4350 εἷπον,
1373 4287 1538 4340 Θεόνο
1588 4289 1725 4351 ὅλως
1765 4289 1873 4358 γάρ
1917 4288 1998 4340 ἔτι

423 4376 631 4431 εἵλοντο
689 4376 941 4449 [είχοντο]
997 4377 1106 4430 τῶν
1155 4378 1470 4445 Αἰγυπτίων
1518 4380 1680 4435 ἐθῶν.
1733 4382 1840 4434 Καὶ
1892 4380 2000 4450 μὴν

423 4468 582 4524 τοῦτο
628 4469 779 4537 ἀξιον
827 4469 1107 4540 θαυμάσαι
1135 4471 1196 4523 τὸ
1237 4471 1311 4540 μὴ
1342 4472 1540 4524 εἰδέναι
1580 4473 1630 4524 τί
1667 4472 1996 4539 θαυμαστὸν,

2099 1991 2261 2061 μόνον
2287 1985 2373 2059 ἦν.

2168 2078 2244 2151 (α)
2270 2079 2450 2150 Μολὸχ
2499 2077 2716 2132 εἴδωλον
2755 2071 2822 2147 ῆν
2850 2077 2980 2146 παρ’
3005 2075 3186 2137 αὐτοῖς
3213 2069 3672 2142 θρησκευόμενον.

2097 2170 2303 2241 σκηνὴν
2337 2169 2392 2222 δὲ
2421 2167 2517 2221 τοῦ
2570 2166 2791 2220 εἰδώλου
2846 2166 2937 2218 τὸν
2986 2163 3144 2229 ναὸν,
3203 2165 3332 2233 περὶ
3382 2161 3582 2232 ἄστρου
3615 2158 3674 2212 δὲ

2097 2261 2368 2332 θεραπείᾳ
2399 2260 2719 2332 ἠσχόληντο,
2738 2257 2872 2313 Θεοῦ
2905 2255 3084 2310 αὐτῶν
3114 2255 3484 2326 προσηγορίαν
3518 2268 3675 2322 περι-

2095 2354 2423 2417 τεθεικότες.
2455 2353 2592 2406 Φασὶ
2617 2352 2723 2422 γὰρ
2754 2350 2845 2404 τὸν
2887 2345 3194 2419 Ἑωσφόρον
3230 2346 3372 2401 οὕτω
3407 2345 3546 2399 κατὰ
3575 2345 3676 2413 τὴν

2107 2444 2378 2514 Ἑϐραίων
2425 2443 2708 2497 καλεῖσθαι
2747 2442 3024 2511 γλῶσσαν.
3069 2439 3284 2502 Τύπους
3323 2439 3379 2492 δὲ
3419 2437 3487 2491 τά
3519 2438 3678 2490 ἀπει-

2099 2539 2426 2607 κονίσματα,
2470 2536 2526 2600 ἃ,
2576 2537 2733 2606 φησὶ,
2771 2537 2890 2598 ταῖς
2939 2532 3148 2586 ἑαυτῶν
3201 2529 3679 2585 κατεσκευάσαντο

2098 2629 2273 2700 χερσί.
2316 2628 2429 2698 ΙΙρὸ
2569 2625 2730 2699 πρὸς]
2759 2625 2834 2696 τῷ
2871 2626 3056 2696 μόσχῳ
3085 2624 3179 2677 καὶ
3217 2624 3316 2694 τὴν
3352 2619 3553 2692 σκηνὴν
3581 2619 3678 2672 τοῦ

2098 2703 2280 2792 Μολὸχ
2331 2720 2625 2776 ἀνέλαϐον⁶
2675 2718 3209 2790 σκηνοποιησάμενοι
3253 2716 3382 2785 γάρ,
3437 2713 3676 2782 ἔστησαν

2097 2813 2336 2878 εἴδωλον,
2392 2811 2488 2865 καὶ
2538 2810 2842 2880 κεκλήκασι
2886 2808 3089 2878 Μολόχ.
3125 2806 3356 2859 Εἴδωλον
3407 2803 3465 2858 δέ
3517 2801 3678 2856 τοῦτο

2099 2905 2426 2967 Μωαϐιτῶν,
2473 2904 2620 2957 λίθον
2667 2903 2790 2974 ἕχον
2837 2901 3074 2970 διαφανῆ
3121 2899 3215 2953 καὶ
3260 2897 3537 2964 ἐξαίρετον
3581 2894 3680 2949 ἐπὶ

2102 2997 2376 3068 μετώποις
2420 2996 2608 3067 ἄκροις
2652 2997 2729 3059 εἰς
2769 2993 3080 3063 Ἑωσφόρου
3129 2991 3336 3045 τύπον’
3379 2987 3681 3061 ἑρμηνεύε-

2098 3091 2272 3145 ταιδέ
2315 3089 2375 3143 τὸ
2417 3088 2601 3158 Μολὸχ
2643 3085 2946 3152 ,βασιλεὺς
2991 3084 3210 3160 αὑτῶνς.
3261 3081 3570 3149 Ἑωσφόρου
3610 3094 3677 3145 γε

2103 3185 2211 3254 μὴν
2258 3183 2561 3251 ἐκτύπωμα
2637 3177 3172 3250 τετεχνουργημένον
3222 3171 3310 3247 ἦν.
3353 3169 3676 3226 Ἀναλάϐετε

2099 3277 2279 3329 τοίνυν
2319 3275 2419 3346 τὴν
2469 3275 2671 3344 σκηνὴν
2701 3273 2796 3326 τοῦ
2836 3272 3038 3341 Μολὸχ,
3071 3270 3346 3332 τουτέστι,
3378 3263 3474 3319 τοῦ
3518 3263 3678 3334 βασι-

2101 3368 2238 3431 λέως
2270 3368 2427 3438 ἡμῶν
2587 3365 2785 3438 ύμῶν].
2823 3369 2932 3420 Καὶ
2979 3368 3126 3428 ποῖος
3171 3359 3239 3434 ἦν
3268 3354 3423 3424 οὗτος
3453 3361 3480 3413 6
3526 3358 3681 3428 βασι-

2099 3459 2257 3523 λεύς;
2311 3459 2384 3511 Τὸ
2439 3461 2637 3529 ἄστρον
2689 3459 2783 3511 τοῦ
2831 3458 2966 3512 θεοῦ
3012 3456 3167 3527 ὑμῶν
3227 3453 3465 3522 Ῥεφφάν
3513 3449 3681 3523 [υιιίσ.

2111 3548 2404 3620 Ῥεμφὰν],
2437 3550 2573 3620 ὅπερ
2606 3550 2970 3619 ἑρμηνεύεται
3003 3547 3354 3617 σκοτισμός.

2175 3643 2274 3705 Ὄς
2310 3659 2369 3694 τε
2493 3641 2657 3714 ὥστε]
2694 3645 2751 3695 ἐν
2778 3643 2856 3713 τῷ
2879 3643 2995 3714 ὄρει
3024 3643 3303 3714 ἐπιγραφὴ
3335 3644 3546 3712 γέγονε,
3582 3637 3681 3694 καὶ

2102 3735 2241 3806 αὐτὴ
2281 3733 2336 3786 δὲ
2375 3737 2434 3788 ἐν
2467 3737 2534 3805 τῇ
2571 3735 2765 3805 ἐρήμῳ
2812 3735 3155 3806 περιφορητὴ
3199 3731 3289 3805 ἦν,
3340 3737 3436 3787 καὶ
3477 3734 3576 3785 ούκ
3619 3733 3681 3785 ἐν

2100 3825 2252 3896 τόπῳ
2297 3827 2548 3898 κειμένη,
2596 3826 2691 3880 καὶ
2724 3828 3025 3898 μαρτυρίου
3064 3828 3270 3897 σκηνὴν
3302 3827 3474 3890 καλεῖ,
3517 3843 3682 3879 τουτ-

2102 3919 2218 3973 ἐστι
2266 3919 2374 3972 τῶν
2429 3918 2709 3990 θυμάτων,
2761 3919 2868 3972 τῶν
2905 3920 3366 3991 προσταγμάτων.
3411 3919 3686 3988 ᾘτήσατο

2100 4012 2283 4082 εὑρεῖν
2318 4011 2480 4083 χάριν
2519 4014 2547 4066 6
2577 4011 2761 4070 Δαϐὶδ.
2799 4012 2894 4066 καί
2938 4013 3040 4064 ούκ
3075 4011 3426 4082 ᾠκοδόμησεν
3472 4016 3500 4063 6
3546 4011 3684 4062 θαυ⁴

2105 4103 2330 4172 μαστὸς,
2365 4105 2391 4155 6
2425 4103 2621 4170 μέγας,
2659 4101 2775 4154 ἀλλ’
2799 4103 2828 4153 6
2867 4101 3284 4172 ἀπερριμμένοις
3323 4103 3352 4154 6
3400 4100 3677 4171 Σολομῶν.

2102 4193 2286 4255 Οὖτως
2317 4194 2418 4247 οὐκ
2443 4189 2509 4264 ἦν
2543 4194 2685 4263 μέγα
2721 4212 2774 4246 τι
2800 4197 2827 4248 6
2866 4195 3013 4258 ναός.

2174 4284 2310 4337 Οὐδὲ
2364 4286 2495 4353 μιᾶς
2532 4287 2661 4355 γὰρ,
2715 4287 2899 4355 φησὶν,
2946 4285 3267 4355 ἀναπαύλης
3305 4304 3372 4356 με
3419 4283 3678 4359 δόξεινΠ.

2105 4373 2401 4446 μεθέξειν],
2453 4377 2584 4446 πρὶν
2631 4379 2694 4428 iv
2744 4376 2971 4446 μάθοιμι
3015 4378 3106 4431 τὸν
3135 4377 3230 4431 τοῦ
3266 4379 3474 4449 Κυρίου
3515 4379 3683 4432 τόπον

2103 4467 2196 4519 καὶ
2243 4467 2304 4517 τὸ
2357 4467 2646 4538 σκήνωμα,
2682 4469 2927 4521 τουτέστι
2962 4468 3062 4538 τὴν
3097 4470 3370 4540 σκήνωσιν
3419 4471 3511 4523 τοῦ
3543 4469 3680 4524 Θεοῦ

422 4564 507 4616 ὅτι
535 4563 780 4630 ἀγνοεῖτε
807 4563 899 4615 τὸν
947 4563 1203 4633 Χριστὸν,
1228 4565 1361 4616 ὅπου
1387 4563 1594 4616 καὶτὸν
1620 4565 1861 4634 Μωῦσῆν
1900 4565 1990 4617 καὶ
2022 4551 2074 4610 D
2114 4557 2307 4610 Ἰακώϐ
2329 4575 2344 4588 ο
2376 4558 2534 4629 δῆλον
2563 4559 2618 4613 δὲ
2670 4561 2752 4612 ὅτι
2801 4561 3065 4631 Χριστοῦ.
3107 4563 3196 4632 Τῷ
3244 4563 3682 4634 τετράκοσιοστῷ

419 4655 513 4708 τὸν
536 4655 694 4718 Θεὸν,
733 4655 827 4707 τὸν
856 4654 1142 4724 δειχθέντα
1168 4655 1257 4708 διὰ
1287 4655 1556 4709 τοσούτων
1600 4655 1862 4723 σημείων,
1901 4656 2002 4708 οὐκ

423 4748 702 4816 ἠγνόησαν
735 4747 915 4815 μόνον,
940 4745 1076 4800 ἀλλὰ
1106 4747 1200 4798 καὶ
1227 4747 1432 4815 ἐτέρως
1456 4744 1684 4816 ὕϐρισαν
1706 4744 1784 4815 τῷ
1807 4745 2002 4797 είδωλα

422 4839 668 4908 ποιῆσαι.
697 4841 757 4891 Εἰ
780 4840 825 4891 δ’
855 4839 1136 4909 ἐποίησαν,
1171 4839 1288 4901 πῶς
1311 4839 1419 4891 θ.ο“ι
1449 4839 1516 4892 τά
1542 4839 1796 4907 γινόμενα
1820 4856 1834 4904 ;

507 4930 789 4984 Ἐντεῦθεν
837 4930 1024 4985 λοιπὸν
1077 4931 1143 4984 τά
1199 4930 1294 5000 ἔθη
1343 4929 1516 4983 ταῦτα
1569 4932 1659 4982 καὶ
1710 4933 1765 4983 αί
1801 4931 2003 4984 θυσίαι.

421 5024 588 5077 Αὐτοὶ
612 5025 817 5092 πρῶτοι
843 5021 1103 5093 ἐποίησαν
1134 5020 1326 5074 θυσίαν
1351 5023 1460 5083 τοῖς
1490 5020 1757 5083 εἰδώλοις·
1784 5021 1870 5074 διά
1892 5021 2001 5092 γάρ

423 5116 486 5189 [Ῑ.
514 5116 594 5168 διὸ
643 5115 761 5186 καὶ]
796 5115 1247 5185 ἐπισημαίνεταν
1287 5131 1307 5166 ‹
1361 5114 1656 5184 Ἐποίησαν
1689 5114 1888 5183 μόσχον
1941 5116 2001 5165 ἐν

421 5207 646 5278 Χωρὴϐ,
683 5209 778 5260 καὶ
824 5207 1135 5278 ἀνήνεγκαν
1166 5204 1358 5258 θυσίαν
1384 5209 1460 5275 τῷ
1490 5204 1694 5275 εἰδώλῳ
1716 5222 1730 5238 ο
1796 5224 1815 5256 ι
1879 5204 2004 5256 ἐπεὶ

423 5302 530 5372 πρὸ
576 5302 768 5353 τούτου
804 5299 1042 5367 οὐδαμοῦ
1077 5299 1272 5362 θυσίας
1311 5300 1502 5368 ὄνομα,
1550 5299 1687 5351 ἀλλά
1726 5297 2001 5365 προστάγ-

425 5411 572 5464 ματα
604 5397 698 5446 καὶ
734 5410 752 5443 ι
807 5391 964 5460 λόγια
1015 5393 1214 5456 ζῶντα.
1254 5411 1272 5444 ι
1311 5390 1384 5444 Τὸ
1415 5409 1433 5442 ι
1472 5391 1810 5461 παρέδωκεν,
1851 5407 1868 5438 ι
1918 5391 1997 5440 ἐν·

423 5485 614 5548 ταῦθα,
653 5485 858 5549 είασεν,
911 5485 1048 5550 ἐστὶ,
1092 5485 1183 5537 καὶ
1217 5487 1248 5554 ἡ
1297 5484 1663 5554 αίχμαλωσία,
1699 5481 2001 5552 κατηγορία

421 5577 524 5646 τῆς
574 5576 792 5639 κακίας.
843 5577 1027 5649 Σκηνη
1071 5577 1166 5630 τοῦ
1230 5577 1531 5647 μαρτυρίου
1581 5572 1687 5646 ἦν,
1739 5578 1831 5628 καὶ
1880 5575 2001 5627 ούδέ

423 5663 708 5734 ὠφέλησεν
748 5664 967 5728 αὐτοὺς,
999 5665 1112 5718 ἀλλ’
1143 5666 1518 5736 ἀνηλίσκοντο,
1560 5665 1682 5719 οὔτε
1731 5667 1838 5736 πρὸ
1877 5667 1999 5718 τού-

2101 4658 2522 4730 τεσσαρακοστῷ
2565 4659 2675 4711 ἐτει
2709 4659 2808 4728 τῆς
2837 4660 3016 4726 ἐξόδου
3048 4661 3156 4713 τῶν
3198 4661 3327 4714 υἱῶν
3366 4662 3580 4732 Ἰσραήλ
3613 4664 3674 4728 ἐξ

2103 4749 2412 4817 Αίγύπτου,
2447 4746 2668 4820 ἦρξατο.
2701 4750 2954 4819 Σολομῶν
3003 4751 3304 4821 οἰκοδομεῖν
3335 4752 3427 4803 τὸν
3465 4752 3592 4804 ναὸν
3622 4753 3681 4804 ἐν

2113 4839 2494 4910 Ἰερουσαλὴμ,
2519 4840 2648 4911 ώςή
2681 4841 2840 4910 τρίτη
2867 4841 3046 4910 βίϐλος
3074 4843 3180 4895 τῶν
3208 4842 3506 4896 Βασιλειῶν
3535 4844 3687 4913 ἡμᾶς

2103 4931 2366 4986 διδάσκει.
2409 4933 2509 4984 Διά
2554 4931 2714 4984 τοῦτο
2764 4932 2820 4985 δὲ
2877 4933 3016 5003 μετὰ
3061 4934 3316 4986 τοσοῦτον
3366 4935 3555 5004 χρόνον
3587 4939 3689 5005 τῆς

2105 5022 2368 5074 ἐπανόδου
2399 5023 2496 5091 τῆς
2521 5023 2613 5075 ἀπ’
2643 5021 2920 5089 Αἰγύπτου
2947 5023 3041 5076 τοῦ
3087 5023 3303 5094 Ἰσραὴλ
3332 5025 3360 5076 ὁ
3389 5026 3514 5087 ναὸς
3540 5024 3688 5093 ᾠκο-

2105 5113 2342 5182 δομήθη,
2375 5113 2462 5166 ἵνα
2491 5114 2873 5184 ἀποκαμόντες
2900 5117 2965 5184 τῇ
2999 5116 3078 5178 εις
3111 5117 3177 5168 τὰ
3204 5115 3305 5186 ὅρη
3337 5117 3684 5186 περιπλανήο

2108 5221 2214 5267 σει,
2238 5203 2329 5256 τὸν
2358 5203 2454 5256 ἕνα
2488 5205 2653 5256 τόπον
2681 5205 2770 5256 τὸν
2802 5206 2858 5258 ἐν
2905 5207 3264 5276 Ἰερουσαλὴμ
3298 5209 3684 5276 ἀγαπήσωσιν,

2105 5294 2165 5348 ὃν
2209 5295 2238 5348 ὁ
2291 5295 2424 5358 Θεὸς
2465 5295 2690 5364 ἐποίησε
2735 5296 2935 5367 τίμιον.
2998 5298 3239 5368 Ἑδείχθη
3279 5300 3375 5368 μὲν
3411 5299 3570 5352 τοῦτο
3599 5301 3690 5353 διὰ

2109 5389 2218 5440 τῶν
2273 5387 2374 5457 ήδη
2420 5388 2743 5457 λεχθέντων,
2799 5388 3074 5442 δείκνυται
3127 5389 3182 5442 δὲ
3229 5391 3320 5443 καὶ
3367 5391 3456 5443 διὰ
3502 5391 3687 5460 φωνῆς

2111 5481 2483 5550 προφητικῆςο
2529 5499 2547 5530 ι
2587 5482 2745 5534 Ποῖον
2777 5477 2924 5535 οἷκον
2955 5482 3340 5553 οἰκοδομήσετέ
3373 5501 3495 5553 μοι;
3535 5483 3687 5550 λέγει

2111 5573 2337 5641 Κύριος.
2383 5591 2400 5624 ι
2454 5573 2594 5626 Ἀλλ’
2627 5573 2748 5626 οὐδὲ
2780 5574 2955 5628 ταῦτα
2986 5574 3112 5641 ἀξια
3141 5575 3298 5641 Θεοῦ,
3342 5577 3395 5628 εἰ
3435 5593 3500 5646 γε
3533 5580 3691 5646 ποιή-

2115 5665 2262 5734 ματά
2292 5667 2456 5719 ἐστιν.
2486 5665 2629 5736 Ὅρα
2659 5667 2777 5730 15L;
2805 5668 2942 5720 αὑτά
2970 5668 3112 5733 κατὰ
3141 5668 3336 5740 μικρὸν
3370 5671 3578 5736 ἐνάγει,
3604 5669 3687 5722 δτι

505 5838 586 5914 (0)
611 5840 744 5908 Qua:
767 5850 1075 5910 sequuntur
1100 5858 1270 5914 usque
1330 5845 1395 5900 ad
1425 5841 1790 5915 ἑρμηνεύεται
1824 5859 1998 5898 σκοτιι

2100 5861 2114 5910 ῖ
2145 5842 2198 5899 in
2230 5842 2420 5901 codice
2447 5842 2768 5902 Florentino
2808 5857 3024 5903 exstant
3051 5847 3105 5903 in
3135 5848 3380 5918 margine
3412 5843 3683 5902 infcriori.
