4082 6416
332 426 473 500 1081

1037 502 1059 523 κ
1118 444 1658 511 EXPOSI'PIONIS
1696 450 1778 513 IN
1816 451 2010 514 ACTA
2040 455 2347 518 TEXTUS
2383 457 2741 522 TERTIUS.
2787 491 2797 501 -

3461 455 3603 523 1082

324 547 451 643 οὑδὲ
481 544 872 643 ταῦτα-ἔξεστι
926 550 1108 620 λέγειν
1129 570 1143 583 ο
1190 555 1406 626 βραδεῖς
1463 577 1580 624 πως
1628 560 1780 625 ὄντες
1830 564 1912 627 είς
1943 568 1987 624 Δ
2016 566 2294 640 Δεσπότης
2326 585 2341 601 ·
2377 568 2431 623 τί
2464 568 2559 624 οῦν
2583 571 2685 624 οὐκ
2704 569 2938 641 ἔστησεν
2971 570 3158 639 αὑτοῖς
3178 571 3241 626 16
3270 570 3599 643 ἁμάρτημα,

324 639 564 707 σύνεσιν,
597 641 692 695 καὶ
720 641 831 695 τῶν
866 645 998 714 περὶ⁵
1042 646 1180 699 Θεοῦ
1234 647 1409 717 λόγων
1453 651 1907 723 ἀνεπιστήμονες.

395 734 497 798 Ὅς
527 732 590 806 Π.
626 733 700 806 οἵ]
733 752 817 804 γε,
868 738 963 790 καὶ
992 737 1083 792 διά
1133 740 1197 793 16
1243 741 1397 812 παρά
1428 743 1522 796 τοῦ
1566 743 1732 798 Δαϐὶδ
1760 747 1912 815 είρῆ-

323 826 475 891 σθαι,
510 843 531 879 ε
565 827 944 898 Δεδοξασμένα
974 831 1212 905 ἐλαλήθη
1246 837 1374 906 περὶ
1406 836 1525 900 σοῦ,
1564 838 1595 907 ή
1627 837 1782 902 πόλις
1812 837 1909 893 τοῦ

325 917 489 983 Θεοῦ,
522 938 541 971 ι
578 919 851 975 ὑπέλαϐον
882 923 943 975 ἐν
972 924 1110 996 αὐτῇ
1142 926 1280 998 μόνῃ
1323 927 1415 981 16v
1447 928 1580 982 Θεὸν
1606 933 1906 991 κατοικεῖν.

326 1002 548 1080 Σμικρά
601 1014 782 1069 τοίνυν
836 1014 1180 1083 δοξάζοντας,
1230 1020 1443 1090 ἐλέγχει
1494 1022 1524 1075 ό
1584 1023 1755 1087 Θεὸς,
1811 1024 1908 1078 καί

326 1119 495 1172 φησιο
531 1105 693 1160 Ποῖον
733 1104 882 1163 οἷκον
922 1109 1312 1182 ᾡκοδομήσατε
1357 1131 1467 1180 μοι,
1505 1115 1695 1185 θρόνον
1730 1115 1906 1187 ἔχοντι

323 1193 419 1249 τὸν
447 1196 696 1267 οὑρανδν,
733 1200 829 1254 καὶ
852 1201 953 1271 τὴν
983 1201 1087 1272 γῆν
1116 1203 1406 1258 ὑποπόδιον
1431 1220 1446 1269 ;
1484 1205 1633 1259 Ἔδει
1661 1207 1769 1277 γὰρ
1794 1209 1908 1272 τοῖς

324 1290 694 1360 περιωρίσθαι
740 1292 846 1364 τὴν
894 1293 1064 1349 αὑτοῦ
1127 1295 1291 1364 φύσιν
1334 1299 1526 1362 τόποις
1579 1298 1908 1371 ὑπειληφόσι

323 1383 642 1451 καταδεῖξαι
674 1386 884 1455 σαφῶς,
922 1387 1004 1442 ὅτι
1047 1406 1107 1443 τε
1151 1390 1236 1459 είη
1267 1391 1565 1459 πανταχοῦ,
1614 1392 1710 1447 καὶ
1740 1396 1912 1463 χωρεί

328 1474 431 1545 μὲν
464 1476 629 1531 αὑτὸν
668 1477 845 1546 οὐδὲν,
895 1479 1026 1551 ἥκει
1077 1480 1133 1535 δὲ
1176 1482 1381 1553 μᾶλλον
1417 1484 1580 1547 αὑτὸς
1625 1484 1715 1539 διὰ
1768 1487 1909 1539 πάν-

319 1582 452 1620 των.

411 1657 679 1714 Ἐνταῦθα
706 1660 898 1715 λοιπὸν
928 1665 1317 1736 καταφορικῶς
1343 1666 1424 1735 τῷ
1447 1665 1592 1738 λόγῳ
1619 1667 1924 1740 κέχρηται·’

519 1746 588 1822 ἢν
623 1753 931 1824 παρρησία,
971 1754 1258 1823 μέλλοντος
1299 1755 1467 1810 αὑτοῦ
1517 1758 1906 1829 ἀποθνήσκειν,

321 1842 420 1895 καὶ
466 1842 579 1913 γάρ
614 1843 712 1897 καὶ
746 1843 906 1899 τοῦτο
947 1842 1104 1916 οἶμαι
1138 1848 1302 1901 αὑτὸν
1350 1849 1576 1904 είδέναι.
1620 1850 1752 1904 Ὅτε
1805 1853 1908 1905 οὑκ

320 1931 587 2002 ἠϐούλετο
620 1933 811 1989 θυσίαν
838 1937 1021 2001 αὐτὸς,
1059 1938 1221 2008 ὑμεῖς
1249 1939 1433 1993 ἐθύετε
1459 1956 1473 1972 ο
1499 1941 1590 1995 ὅτε
1615 1941 1716 1996 οὑκ
1743 1942 1902 2013 ήθελε

318 2022 506 2079 δοῦναι
542 2025 671 2096 ὑμῖν
705 2030 1168 2099 παραγγέλματα,
1203 2032 1594 2086 ἐπεσπάσασθε
1615 2051 1628 2064 ·
1659 2035 1746 2087 ὅτε
1778 2037 1905 2089 ἐλά-

323 2116 469 2178 ϐετε,
490 2118 806 2190 ἠμελήσατε
829 2137 842 2150 ’
870 2122 959 2175 ὅτε
989 2124 1236 2193 εἱστήκει
1262 2126 1291 2177 6
1311 2126 1460 2188 να“ς,
1493 2125 1686 2180 εἴδωλα
1712 2127 1906 2199 ὲθεραω

322 2206 561 2262 πεύετεο
596 2210 685 2263 ὅτε
718 2209 968 2281 βούλεται
999 2214 1171 2284 χωρὶς
1213 2214 1344 2269 ναοῦ
1380 2214 1803 2287 θεραπεύεσθαι,
1842 2219 1905 2273 16

319 2299 566 2355 ἐναντίον
623 2304 851 2358 ποιεῖτε.
896 2305 1011 2358 Οὐκ
1040 2301 1189 2371 εἷπε,
1243 2306 1334 2379 Τῷ
1362 2306 1481 2378 Θεῷ
1525 2309 1902 2375 ἀντιπίπτετε,

325 2391 487 2452 ἀλλὰ,
556 2393 685 2463 «τῷ
743 2395 1063 2466 Πνεύματιο
1101 2417 1120 2451 ι
1185 2399 1358 2463 οὕτως
1414 2401 1537 2454 οὐδὲ
1610 2403 1740 2472 μίαν
1798 2400 1906 2457 οἶδε

316 2484 607 2556 διαφοράν.
663 2489 795 2545 Ὅτε
842 2509 861 2541 ι
895 2491 990 2545 τοῦ
1017 2492 1229 2547 δικαίου
1269 2514 1288 2546 ι
1346 2495 1494 2561 λέγει
1522 2537 1537 2559 ,
1580 2496 1906 2567 βουλόμενος

320 2578 524 2642 αὐτοὺς
556 2581 934 2647 καταστεῖλαι,
962 2584 1244 2639 τουτέστιν
1287 2581 1368 2650 οἷς
1412 2590 1442 2641 6
1479 2588 1643 2658 νόμος
1683 2590 1893 2644 δέδοται

315 2669 590 2735 διατάξεις
609 2671 771 2742 ἔχων,
787 2675 992 2740 αίτινες
1021 2676 1308 2746 ίσάγγελον
1332 2679 1551 2733 ἐποίουν
1601 2682 1898 2749 πολιτείαν,

314 2761 443 2825 τοὺς
477 2762 768 2830 τελοῦντας
803 2767 995 2835 αὑτὸν,
1025 2768 1194 2838 ἐχειν.

391 2851 550 2919 τινές
575 2873 710 2926 φασι
742 2858 835 2912 τὸν
862 2846 1251 2930 ὑπδάγγέλων
1296 2863 1659 2936 διαταχθέντα
1696 2866 1766 2922 δι’
1799 2868 1902 2939 ἀγ-

315 2944 479 3014 γέλου
517 2947 597 3019 τῷ
636 2950 870 3021 Μωῦσῇ,
900 2952 998 3006 τοῦ
1031 2953 1292 3023 ὀφθέντος
1325 2956 1476 3027 αὐτῷ
1507 2960 1564 3009 ἐν
1601 2961 1668 3030 τῇ
1706 2957 1853 3030 βάτῳ
1885 3001 1901 3016 .

320 3058 340 3089 ι
373 3037 513 3102 Τοὺς
540 3043 1027 3111 καταγγείλαντας,
1057 3065 1077 3099 ι
1114 3047 1302 3118 Πολλῷ
1335 3049 1536 3120 μᾶλλον
1564 3051 1750 3106 αὑτόν.
1774 3054 1902 3118 Υίὺς

319 3129 613 3201 ἀνθρώπου
643 3135 792 3187 ἐστὶν
824 3137 852 3189 6
882 3136 946 3190 ἐκ
977 3136 1170 3201 δεξιῶν
1194 3138 1290 3192 τοῦ
1330 3140 1491 3195 Θεοῦ.
1518 3142 1628 3195 Καὶ
1660 3144 1710 3195 εί
1749 3143 1902 3212 νομί-

317 3222 435 3288 ζεις
494 3224 803 3297 ὑπερϐολὴν
853 3227 999 3299 ἔχειν
1030 3230 1089 3284 16
1125 3232 1442 3302 είρημένον,
1499 3235 1529 3288 6
1584 3235 1904 3306 Πνεύματος

315 3314 757 3387 πεπληρωμένος
806 3320 1076 3388 Στέφανος
1131 3322 1494 3393 ἀποκρίνεταί
1538 3343 1642 3394 σοι,
1676 3328 1759 3381 ὅτι
1801 3326 1909 3383 εἶδε

315 3411 411 3462 16v
436 3408 563 3463 Υίδν
589 3409 682 3463 τοῦ
732 3410 1025 3483 ἀνθρώπου
1073 3415 1138 3467 ἐκ
1176 3414 1367 3480 δεξιῶν
1398 3416 1613 3471 ἑστῶτα
1636 3419 1731 3471 τοῦ
1771 3418 1907 3473 Θεοῦ

324 3499 462 3569 μετὰ
502 3501 702 3570 πολλῆς
758 3501 860 3571 τῆς
913 3504 1092 3574 δόξης.
1140 3505 1264 3559 Ὅτι
1309 3502 1403 3561 οὖν
1454 3528 1471 3559 ι
1496 3510 1731 3574 ἑστῶτα,
1757 3530 1776 3562 ι
1814 3517 1910 3569 καὶ

313 3592 440 3662 οὐχὶ
486 3594 834 3665 καθήμενον,
874 3596 963 3649 ἶνα
1007 3596 1158 3671 δείξῃ
1207 3599 1307 3669 τὴν
1355 3600 1643 3671 ἀντίληψιν
1687 3602 1788 3675 τὴν
1829 3605 1911 3668 είς

315 3685 412 3739 16v
460 3687 741 3757 μάρτυρα.
790 3688 900 3742 Καὶ
943 3689 1052 3760 γάρ
1100 3692 1228 3761 περὶ
1271 3691 1363 3745 τοῦ
1407 3694 1623 3764 Πατρὸς
1651 3695 1907 3764 λέγεται·

323 3792 345 3826 ε
367 3775 625 3842 ’Δε.άστα,
650 3780 678 3848 ό
703 3777 837 3842 Θεός
858 3791 874 3806 ⁶
915 3798 934 3831 ι
969 3781 1062 3832 καὶ
1096 3782 1281 3845 πάλιν,
1313 3801 1332 3833 ι
1362 3782 1478 3837 Νῦν
1502 3785 1906 3855 ἁναστήσομαι,

314 3864 465 3935 λέγει
495 3867 725 3938 Κύριος.
758 3888 779 3922 ι
828 3869 951 3924 Ἵνα
980 3866 1072 3924 οὖν
1105 3871 1184 3943 τῷ
1219 3873 1426 3945 ἀθλητῇ
1455 3876 1556 3945 τὴν
1593 3876 1908 3946 προθυμίαν

317 3956 603 4029 παράσχῃ,
667 3959 766 4012 καὶ
826 3960 994 4033 πείσῃ
1050 3962 1179 4026 τοὺς
1251 3952 1617 4035 μαινομένους
1663 3967 1908 4030 ἐκείνους

316 4047 645 4120 καθυφεῖναι
684 4051 785 4122 τῆς
810 4053 933 4106 κατ’
970 4054 1137 4107 αὑτοῦ
1166 4054 1386 4128 λύττης,
1422 4057 1483 4109 16
1513 4056 1608 4110 τοῦ
1650 4058 1908 4129 βοηθοῦν-

318 4159 412 4206 τος
465 4145 838 4208 ἐπιδείκνυται
895 4148 1105 4217 σχῆμα.
1174 4149 1300 4201 Ὅτι
1350 4149 1463 4220 γὰρ
1491 4149 1590 4220 οὑχ
1651 4150 1905 4222 ἔστηκεν,

317 4237 484 4291 ἄκουε
512 4237 730 4291 Παύλου
768 4239 1019 4306 λέγοντος
1046 4256 1060 4272 ·
1104 4260 1123 4293 ι
1158 4243 1458 4313 Συνήγειρε
1490 4244 1584 4298 καὶ
1622 4244 1905 4299 συνεκάθι-

320 4345 413 4382 σεν
435 4330 493 4382 ἐν
515 4332 628 4395 τοῖς
657 4332 1010 4401 ἐπουρανίοις
1046 4334 1104 4386 ἐν
1129 4333 1280 4405 δεξιᾷ
1302 4334 1491 4390 αὑτοῦ.
1529 4353 1549 4387 ι
1587 4335 1767 4408 Ὅπερ
1810 4338 1906 4390 ἐπί

314 4420 411 4500 τοῦ
441 4423 679 4494 Χριστοῦ
708 4423 991 4494 ἐποίησαν,
1032 4424 1191 4478 τοῦτο
1225 4426 1319 4479 καὶ
1353 4424 1605 4480 ἐνταῦθα.
1635 4427 1905 4500 Καθάπερ

314 4499 527 4578 ἐκεῖνος
572 4510 727 4567 εἶπεν
752 4530 766 4545 ⁸
812 4533 832 4567 ι
867 4515 1106 4584 Ὄψεσθε
1149 4516 1238 4569 16v
1287 4515 1417 4569 Υίδν
1471 4517 1565 4570 τοῦ
1610 4499 1902 4585 ἀνθρώπου

2014 657 2134 713 ἀλλ’
2181 659 2423 730 ἀφείθης
2472 661 2536 714 EE
2578 662 2919 733 μετενόησαν
2941 703 2956 726 ,
2986 662 3209 734 ἀφείθη.
3243 663 3404 732 Μέγα
3436 663 3600 717 πάλιν

2013 751 2349 823 κατόρθωμα
2386 753 2475 809 διά
2515 753 2610 806 τοῦ
2655 755 2874 809 πάντων
2904 756 3160 826 Σωτῆρος
3196 756 3357 827 ἡμῶν
3419 753 3599 826 Ἰησοῦ

2012 843 2249 913 Χριστοῦ
2285 845 2405 905 ταῖς
2430 844 2731 916 ἡμετέραις
2759 845 2960 917 ψυχαῖς
2986 847 3342 900 ἐνδείκνυται.
3375 848 3597 917 Ἐπειδὴ

2010 935 2123 1006 γὰρ
2153 936 2554 1007 δεδικαιώμεθα
2582 938 2647 1011 Π.
2679 942 2809 995 add.
2839 939 2949 1011 διά]
2980 940 3082 1010 τῆς
3116 940 3353 1004 πίστεως
3380 941 3480 1008 τῆς
3517 942 3599 1005 εἰς

2012 1027 2200 1095 αὐτὸν,
2228 1031 2323 1083 καί⁵
2347 1032 2408 1086 ἐν
2436 1033 2588 1102 αῦτῷ
2620 1034 2682 1086 16
2714 1033 3076 1105 ἀπλημμελὲς
3105 1034 3137 1104 ή
3171 1033 3463 1105 ἀνθρώπου
3492 1036 3597 1103 φύ-

2014 1139 2100 1186 σις
2137 1122 2337 1196 εὑρέθη
2382 1126 2738 1195 πλουτήσασα
2762 1166 2775 1187 ,
2816 1125 3287 1196 κεκαινοτόμηκεν
3318 1125 3452 1195 ἡμῖν
3475 1163 3491 1185 ,
3535 1124 3599 1176 16

2016 1214 2216 1284 μηκέτι
2275 1215 2376 1283 μὲν
2408 1217 2488 1279 είς
2523 1217 2650 1289 ᾅδου
2702 1220 2918 1288 τρέχειν
2964 1215 3064 1280 τὰς
3114 1216 3226 1269 τῶν
3280 1213 3588 1285 ἀνθρώπιον

2011 1304 2497 1376 ἀπαλλαττομένας
2519 1307 2695 1377 ψυχὰς
2725 1307 2868 1361 καθά
2897 1307 2994 1360 καὶ
3017 1305 3211 1376 πρώην
3231 1322 3244 1334 ·
3276 1303 3596 1374 πέμπεσθαι

2010 1398 2068 1453 δὲ
2102 1398 2303 1467 μᾶλλον
2341 1399 2425 1464 είς
2450 1402 2641 1470 χεῖρας
2673 1399 2811 1453 Θεοῦ
2851 1399 3076 1465 ζῶντος.
3110 1401 3218 1451 Καὶ
3242 1398 3409 1451 το’το
3437 1396 3598 1458 εἰδὼς

2010 1490 2040 1542 6
2066 1489 2219 1559 ἅγιος
2255 1491 2532 1562 Στέφανος
2569 1491 2676 1562 ἔφη
2712 1491 2806 1558 16,
2837 1511 2857 1544 ι
2882 1491 3082 1562 Κύριε,
3112 1489 3262 1557 δέξαι
3286 1487 3347 1542 16
3379 1484 3596 1558 πνεῦμά

2015 1597 2142 1652 μου.
2184 1599 2204 1633 ι

2082 1674 2254 1728 Τοῦτο
2284 1675 2570 1748 οἰκονομία
2608 1671 2701 1749 ἦν,
2734 1676 2809 1741 ὡς
2837 1676 3036 1746 μηκέτι
3060 1673 3247 1729 λοιπὸν
3273 1673 3332 1729 ἓν
3370 1669 3599 1742 Ἱεροσο-

2010 1762 2203 1835 λύμοις
2247 1765 2458 1829 πάντας
2504 1767 2729 1821 καθίσαι
2753 1807 2769 1831 ,
2807 1765 2978 1829 ἀδεῶς
3008 1764 3067 1818 δὲ
3110 1761 3498 1832 ἐπιμίγνυνται
3526 1759 3595 1828 τῇ

2013 1855 2300 1926 Σαμαρείᾳ.
2328 1855 2517 1908 λοιπὸν
2537 1856 2585 1910 οί
2615 1854 2909 1918 ἀκούοντες
2936 1870 2951 1885 ·
3003 1872 3021 1904 ι
3048 1854 3143 1915 Et;
3169 1850 3288 1905 666v
3327 1848 3495 1903 ἐθνῶν
3522 1847 3599 1917 μὴ

1942 1905 1981 1963 Β
2329 1905 2509 1999 -ιν
2537 1905 3197 2015 ἀποστόλων,
3227 1959 3247 1993 ι
3286 1938 3457 2009 φησί.

2012 2037 2184 2112 ταύτῃ
2211 2038 2584 2109 προσάγεσθαι
2619 2037 2936 2109 βουλόμενοι
2962 2035 3089 2098 τοὺς
3130 2032 3441 2095 Ἰουδαίους,
3461 2026 3599 2083 ἀλλὰ

2015 2128 2091 2201 μὴ
2112 2128 2462 2200 καταλείψειν
2494 2128 2592 2200 τὴν
2617 2129 2795 2195 πόλιν,
2823 2128 2921 2183 καὶ
2962 2127 3171 2196 ἑτέροις
3192 2122 3447 2192 γενέσθαι
3460 2121 3598 2190 θάρ-

2015 2237 2139 2284 σονς
2166 2220 2350 2275 αἴτιοι.
2387 2219 2532 2293 Ὅρα
2555 2220 2673 2284 πῶς
2705 2219 2948 2290 ἀκριϐῶς
2981 2216 3113 2287 περὶ
3144 2213 3361 2268 Παύλου
3385 2210 3596 2281 διηγεῖ-

2009 2330 2124 2378 ται,
2157 2313 2244 2367 ἵνα
2279 2329 2364 2368 σοι
2397 2312 2547 2385 δείξῃ
2577 2312 2728 2366 θείαν
2759 2310 2859 2383 τὴν
2890 2310 3200 2381 ἐνέργειαν,
3249 2305 3333 2360 ὅτι
3367 2302 3596 2374 ὕστερον

2011 2405 2073 2457 οὑ
2104 2406 2267 2474 μόνον
2317 2405 2428 2458 οὑκ-
2462 2404 2809 2465 ἐπίστευσεν,
2847 2401 2988 2468 ἀλλᾷ
3022 2400 3116 2454 καὶ
3161 2396 3384 2470 μυρίαις
3428 2392 3596 2449 αὑτὸν

2012 2498 2173 2551 ἔϐαλε
2206 2497 2416 2569 χερσίν.
2449 2498 2597 2569 Ὅρα
2619 2496 2687 2573 δέ¹
2710 2496 2825 2560 πῶς
2858 2496 3021 2549 πάλιν
3053 2491 3392 2564 πειρασμοῦς
3413 2490 3442 2542 6
3463 2486 3596 2551 656;

2014 2594 2291 2666 (ξυγχωρεῖ
2315 2591 2586 2660 γίνεσθαι,
2624 2591 2712 2644 ίνα
2738 2588 2814 2661 μὴ
2836 2587 2903 2643 σί)
2937 2586 3079 2659 μετά
3098 2585 3272 2639 ταῦτα
3302 2582 3489 2654 λέγῃς,
3514 2580 3596 2632 ὅτι

2012 2683 2200 2751 χάριτι
2256 2680 2393 2752 μόνῃ
2444 2678 2784 2751 κατώρθουν.
2829 2678 2891 2731 Et
2935 2675 3188 2738 εὐλαϐεῖς
3224 2670 3385 2745 ἦσαν,
3428 2669 3516 2724 διὰ
3544 2668 3596 2721 τί

2013 2772 2242 2826 κοπετὸν
2289 2773 2593 2843 ἐποίησαν;
2640 2769 2814 2826 Οὔπω
2850 2765 2992 2841 ἦσαν
3034 2766 3253 2821 τέλειοι.
3309 2760 3598 2833 Ἐπίχαρις

2009 2861 2078 2937 ἦν
2103 2867 2129 2919 6
2161 2863 2473 2936 ἄνθρωπος,
2504 2862 2781 2918 καὶτοῦτο
2818 2861 3093 2914 δείκνυσιν
3130 2855 3332 2918 αὐτοὺς
3375 2849 3594 2921 ἀνθρὼ-

2012 2974 2149 3019 πους
2179 2954 2362 3019 ὄντας,
2395 2954 2517 3027 οὐχὶ
2544 2955 2573 3006 6
2627 2953 2791 3023 φόϐος
2846 2953 3026 3024 μόνον,
3069 2946 3206 3004 ἀλλά
3249 2943 3345 2999 καὶ
3373 2945 3408 3015 ἡ
3440 2940 3593 3013 λύπη

2012 3050 2105 3099 καὶ
2137 3048 2165 3098 6
2202 3044 2456 3107 κοπετός.

2084 3136 2258 3207 Πολλὴ
2289 3138 2321 3207 ή
2362 3144 2553 3207 μανία.
2585 3134 2648 3187 16
2690 3132 2783 3188 καὶ
2808 3131 2970 3185 αὑτὸν
3015 3127 3176 3200 μόνον
3209 3123 3371 3189 εἶναι,
3407 3121 3469 3177 16
3496 3118 3594 3214 καὶ
3660 3198 3677 3214 .

2010 3229 2090 3291 εἰς
2120 3230 2248 3292 τοὺς
2273 3228 2457 3290 οίκους
2490 3225 2716 3280 εἰσιέναι
2742 3239 2756 3253 ·
2799 3222 2909 3276 ἀπὸ
2935 3222 3047 3292 γὰρ
3090 3223 3190 3285 τῆς
3224 3214 3443 3286 σφαγῆς
3465 3211 3597 3266 ταῦ-

2016 3334 2115 3385 της
2173 3314 2507 3387 θρασύτερος
2536 3315 2782 3384 γέγονεν.
2827 3309 3129 3380 Ἐνίσχυσε,
3154 3308 3343 3378 φησὶν,
3380 3306 3409 3358 6
3430 3302 3599 3369 διωγ-

2018 3410 2139 3483 μδς,
2170 3412 2265 3464 καὶ
2290 3408 2415 3471 τοὺς
2440 3407 2795 3469 διδασκάλους
2821 3402 3175 3475 ἐσκόρπισεν,
3207 3397 3353 3453 ὥστε
3374 3395 3600 3449 πλείονα

2017 3502 2273 3571 γενέσθαι
2305 3500 2403 3570 τὴν
2439 3497 2763 3570 μαθητείαν.
2794 3497 2909 3566 Οὑχ
2939 3491 3285 3557 ὀάπόστολος
3306 3489 3597 3549 Φίλιππος,

2014 3595 2043 3648 6
2078 3594 2137 3646 ὲν
2162 3594 2276 3651 τοῖς
2321 3590 2531 3644 δώδεκα
2570 3587 3010 3657 καταλεγόμενος
3043 3578 3197 3648 οὗτος
3226 3579 3329 3656 ἦν,
3368 3579 3482 3636 ἀλλ’
3513 3573 3598 3641 εἷς

2012 3687 2121 3739 τῶν
2144 3685 2286 3739 ὲπτά
2312 3682 2422 3736 τῶν
2453 3682 2588 3753 πρὸς
2611 3680 2710 3749 τὴν
2733 3696 2801 3749 χη
2811 3678 2920 3747 ρῶν
2951 3675 3265 3745 οἰκονομίαν
3287 3672 3605 3726 καταστάνο

2012 3795 2142 3843 των,
2182 3775 2241 3839 ὃς
2279 3774 2375 3827 καὶ
2404 3774 2495 3827 τὸν
2529 3770 2782 3838 εὐνοῦχον
2817 3768 3105 3821 ἐϐάπτισε.
3146 3765 3268 3828 Πῶς
3292 3764 3350 3817 δὲ
3383 3762 3474 3817 καὶ
3502 3761 3596 3815 16v

2013 3871 2263 3939 Σίμωνα;
2296 3866 2507 3935 Ὥσπερ
2536 3864 2632 3917 καὶ
2649 3864 2741 3915 16v
2779 3859 2980 3914 Ἰούδαν
3025 3856 3261 3929 Χριστὸς
3287 3853 3593 3921 ἐξελέξατο.

2023 3957 2431 4030 Ἀναιρεθέντος
2458 3956 2553 4010 τοῦ
2590 3954 2888 4022 Στεφάνου,
2932 3968 2951 3999 ι
2989 3950 3228 4020 διωγμὸς
3258 3947 3476 4017 ἐγένετο
3498 3945 3598 4017 μέ-

2010 4070 2111 4122 γας
2162 4051 2256 4103 ἐπὶ
2304 4049 2402 4120 τὴν
2446 4048 2802 4117 Ἐκκλησίαν,
2841 4045 2934 4098 καὶ
2967 4042 3166 4106 πάντες
3215 4039 3595 4111 διεσπάρησαν

2011 4145 2151 4200 κατά
2175 4144 2273 4208 τὰς
2302 4142 2509 4214 χώρας,
2538 4141 2678 4212 πλὴν
2710 4140 2820 4193 τῶν
2847 4160 2865 4192 ι
2908 4138 3113 4192 δώδεκα
3147 4156 3165 4188 ι
3195 4134 3528 4191 ἀποστόλων.
3570 4152 3590 4187 ι

2021 4237 2254 4308 Ὁμοίως
2304 4236 2397 4290 καὶ
2450 4228 2642 4299 οὗτος,
2686 4231 2745 4297 ὃς
2782 4225 2861 4294 εἷς
2890 4231 3000 4285 τῶν
3031 4227 3173 4283 ἐπτά
3210 4226 3474 4282 διακόνων
3502 4221 3594 4296 ἦν,

2008 4332 2105 4384 καὶ
2151 4330 2244 4382 16v
2313 4325 2571 4398 εὐνοῦχον
2612 4324 2920 4396 βαπτίσας,
2957 4323 3158 4394 εὑρέθη
3203 4321 3285 4386 είς
3333 4321 3595 4384 Ἄζωτον.

2008 4426 2153 4497 Πρὸς
2183 4425 2241 4478 δὲ
2278 4424 2624 4493 Καισάρειαν
2651 4419 2881 4492 ὥρμησε
2912 4420 3012 4489 τὴν
3043 4418 3207 4472 αὑτὸν
3237 4415 3593 4484 ἐνεγκοῦσαν.

2008 4517 2118 4586 Τῆς
2158 4515 2269 4584 γὰρ
2304 4515 2398 4567 ἐπὶ
2437 4512 2697 4580 Στεφάνῳ
2736 4512 2914 4577 λύπης
2955 4506 3275 4577 πειραθεὶς,
3315 4506 3412 4560 καὶ
3460 4507 3597 4568 ἴσως

317 4603 632 4674 καθήμενον
668 4606 735 4659 ἐκ
791 4604 980 4670 δεξιῶν
1017 4606 1113 4660 τοῦ
1149 4606 1309 4659 Θεοῦο
1347 4627 1365 4658 ι
1425 4608 1521 4661 καὶ
1549 4606 1902 4678 βλασφημίαν
1936 4612 1978 4668 D
2006 4608 2188 4671 δείσας
2250 4605 2327 4678 μὴ
2379 4604 2488 4659 τῶν
2539 4605 2744 4675 ὁμοίων
2812 4603 3059 4673 μετάσχῃ
3091 4639 3108 4663 ,
3165 4597 3596 4670 ἐπαλινόστησεν

314 4696 380 4749 16
410 4698 642 4768 πρᾶγμα
662 4696 1017 4765 καλέσαντες,
1039 4698 1333 4771 διέρρηξαν
1352 4684 1431 4753 τὰ
1451 4700 1643 4769 ἱμάτια
1678 4700 1858 4755 αὑτῶν
1886 4714 1903 4731 ⁸

314 4784 500 4851 οὕτως
554 4788 651 4842 καὶ
697 4789 954 4852 ἐνταῦθα,
1009 4809 1028 4842 ι
1058 4790 1128 4844 τὰ
1158 4783 1273 4860 ὦτα
1315 4791 1592 4862 συνέσχον.
1627 4811 1645 4844 ι
1681 4792 1907 4864 Ἐπειδὴ

314 4882 428 4947 γάρ
461 4872 584 4930 εἷπε
618 4879 747 4948 περὶ
791 4877 886 4931 τοῦ
934 4878 1190 4942 θανάτου,
1255 4879 1350 4933 καὶ
1383 4882 1513 4950 περὶ
1556 4881 1906 4945 ἀναστάσεως

313 4967 468 5020 οὐδὲν
498 4967 747 5040 διελέχθη
785 4982 798 4997 ·
849 4970 950 5022 καὶ
993 4969 1152 5022 τοῦτο
1202 4968 1427 5039 ἐθέλησε
1485 4971 1804 5041 προσθεῖναι
1843 4971 1907 5022 16

315 5059 515 5131 δόγμα,
548 5063 636 5114 ἵνα
667 5061 769 5115 κᾶν
808 5061 953 5115 οὕτω
984 5061 1244 5127 δέξωνται
1293 5063 1343 5114 οί
1376 5062 1646 5118 Ἰουδαῖοι.
1686 5063 1905 5133 Ἐπειδὴ

311 5151 382 5207 ἐπ’)
411 5154 634 5207 καθίσαι
663 5152 923 5223 φορτικὸν
957 5154 1141 5217 αὐτοῖς
1170 5153 1344 5225 ἐφάνη
1369 5166 1386 5185 ⁸
1413 5154 1461 5207 οἱ
1487 5153 1545 5207 δὲ
1584 5172 1603 5206 ι
1648 5156 1904 5225 συνέσχον

312 5242 390 5298 τὰ
424 5241 564 5300 ὦτα.
606 5265 625 5297 ι

391 5342 561 5394 Πάλιν
614 5359 633 5392 ι
658 5340 765 5406 ἔξω
803 5341 904 5410 τῆς
941 5340 1186 5407 πόλεως,
1220 5359 1241 5393 ι
1285 5339 1477 5412 ὥσπερ
1509 5339 1608 5395 ἐπὶ
1639 5339 1735 5394 τοῦ
1764 5341 1916 5412 X91-

316 5432 449 5487 στοῦ
481 5449 497 5465 ο
539 5433 636 5486 καὶ
681 5434 740 5488 ἐν
794 5434 947 5504 αὑτῷ
984 5434 1064 5505 τῷ
1111 5433 1329 5505 θανάτῳ
1371 5435 1405 5505 ή
1428 5434 1694 5505 ὁμολογία
1725 5435 1820 5488 καὶ
1845 5433 1905 5487 16

312 5529 606 5598 κήρυγμα.
658 5525 979 5589 Δεικνύντος
1018 5523 1088 5599 ἦν
1124 5525 1307 5592 τοῦτο,
1340 5524 1424 5578 ὅτι
1449 5525 1550 5578 οὐκ
1582 5523 1900 5588 ἀπόλλυται,

313 5619 415 5674 καὶ
466 5618 817 5682 διδάσκοντος
858 5619 1080 5684 αὐτούς.
1128 5620 1239 5674 Καὶ
1272 5619 1371 5689 οὑχ
1417 5617 1606 5682 ἁπλῶς
1629 5616 1902 5687 εὔχεταιό

319 5713 591 5783 μακάριος
620 5705 798 5778 οὗτος,
829 5712 965 5767 ἀλλά
1015 5711 1155 5784 μετὰ
1197 5713 1475 5784 προσοχῆς
1511 5730 1530 5764 ι
1557 5710 1671 5774 θεὶς
1710 5708 1775 5763 τὰ
1803 5709 1900 5778 γό-

317 5820 477 5857 νατα.
520 5824 537 5856 ι
604 5803 737 5877 Ὁρᾷ
767 5804 914 5859 θεῖον
964 5805 1116 5877 αὐτῷ
1159 5807 1249 5859 τὸν
1298 5807 1557 5871 θάνατον,
1602 5805 1772 5877 μέχρι
1799 5804 1897 5859 τοῦ

317 5896 385 5968 υ.
429 5896 619 5970 μέχρις
650 5891 735 5971 οὗ]
764 5890 1110 5972 συνεχώρησε
1155 5899 1255 5970 τὴν
1286 5898 1463 5971 ψυχὴν
1501 5897 1640 5955 εἶναι
1691 5899 1843 5969 αὐτῷ
1867 5900 1896 5952 6

2041 4698 2215 4753 ίκαδε.

2041 4717 2096 4751 ικ
2167 4717 2215 4752 ε.

2007 4717 2036 4753 ο
2079 4717 2135 4843 '1“:
2123 4717 2249 4844 00610
2272 4789 2382 4860 γὰρ
2411 4791 2637 4860 σημεῖον
2662 4786 2915 4858 φανερὺν,
2949 4785 3050 4856 οὑχ
3069 4784 3145 4848 ὡς
3171 4785 3222 4837 οί
3254 4783 3420 4855 μάγοι
3440 4782 3594 4837 ἐποί-

2006 4899 2139 4937 ουν·
2187 4882 2317 4946 ίσως
2374 4882 2484 4952 γὰρ
2532 4881 2730 4933 ἐκεῖνοι
2777 4876 3058 4947 δεσμοῦσι.
3113 4876 3237 4940 Πῶς
3277 4875 3441 4929 αὑτὸν
3490 4874 3594 4929 οὑκ

2005 4977 2238 5042 ἀνεῖλον,
2269 4975 2461 5047 ὥσπερ
2511 4973 2768 5027 ’Δνανίαν
2793 4971 2890 5025 καὶ
2925 4969 3280 5039 Σαπφείραν;
3319 4968 3445 5021 Ὅτι
3492 4966 3593 5022 καὶ

1979 5072 2068 5150 ,τὺ
2098 5069 2329 5123 παλαιὸν
2366 5068 2396 5120 6
2430 5066 2500 5120 τά
2529 5066 2662 5132 ξύλα
2696 5064 2959 5129 συλλέξας
2991 5063 3230 5135 ἀνῃρέθη
3265 5061 3347 5125 είς
3384 5060 3591 5132 ἐτέρων

2006 5162 2387 5234 σωφρονισμὸν
2409 5201 2424 5226 ,
2460 5161 2558 5213 καὶ
2587 5159 2686 5213 οῦκ
2717 5157 2799 5234 ἔτι
2831 5158 3021 5227 ἕτερος
3048 5156 3110 5210 16
3136 5153 3270 5208 αὐτὸ
3297 5154 3588 5208 πέπονθεν.

2004 5255 2164 5311 Οῦτω
2196 5256 2290 5308 καὶ
2311 5253 2428 5308 νῦν.
2454 5254 2598 5325 Ὅρα
2622 5253 2716 5307 καὶ
2736 5233 2928 5322 ἕτερον
2952 5247 3260 5319 πειρασμὸν
3290 5247 3382 5300 τοῦ
3412 5245 3593 5317 Σίμω-

2003 5367 2093 5412 νος
2124 5365 2138 5379 ·
2183 5367 2202 5400 ι
2228 5347 2419 5416 Λέγων
2455 5341 2597 5399 εἶναί
2631 5361 2776 5409 τινα,
2821 5344 3008 5415 φησὶν,
3039 5342 3251 5395 ἑαυτόν.
3279 5358 3301 5395 ι
3353 5333 3523 5404 Οὗτος
3560 5342 3591 5395 ὃ

2004 5442 2189 5512 Σίμων
2239 5424 2613 5509 ὑπεκορίσατο
2651 5437 2779 5501 τοὺς
2817 5436 3181 5519 ἀποστόλους,
3223 5434 3317 5488 καὶ
3341 5434 3506 5497 αὐτὸς
3530 5426 3590 5487 δὲ

2004 5531 2210 5602 ὁμοίως
2238 5534 2351 5595 τοῖς
2382 5531 2565 5594 ἄλλοις
2596 5528 2903 5600 ἐϐαπτίσθη
2932 5528 3038 5581 ὑπὸ
3062 5526 3157 5581 τοῦ
3180 5526 3474 5580 Φιλίππου.
3524 5527 3590 5581 Gl

2003 5625 2061 5679 δέ
2095 5626 2298 5688 πάντες
2332 5625 2504 5695 χωρὶς
2538 5623 2706 5678 αὐτοῦ
2764 5622 3014 5689 ἐδέξαντο
3060 5618 3158 5692 τήν
3190 5619 3297 5673 τῶν
3332 5617 3591 5689 μεγάλων

2001 5718 2316 5772 ἀποστόλων
2343 5717 2668 5790 παρουσίαν,
2694 5717 2790 5770 καὶ
2810 5715 2898 5769 διὰ
2922 5714 3025 5785 τῆς
3047 5714 3228 5769 αὑτῶν
3249 5712 3593 5784 χειροθεσίας

2003 5808 2198 5864 ἔλαϐον
2241 5808 2470 5879 Πνεῦμα
2508 5808 2687 5879 ἅγιον.
2733 5807 2956 5877 Ἐπειδή
2983 5824 3088 5879 περ
3111 5808 3139 5859 6
3169 5805 3464 5869 ἀπόστολος
3497 5805 3592 5858 Φί-

2000 5901 2201 5965 λιππος
2246 5900 2493 5966 διάκονος
2520 5899 2596 5955 ὢν
2625 5901 2726 5954 οὐκ
2764 5898 2910 5971 εἶχεν
2934 5899 3182 5965 ἐξουσίαν
3210 5885 3317 5971 τῆς
3342 5886 3584 5969 χεῖροθε-
