4082 6408
437 463 580 530 1085

1247 463 1787 525 EXPOSITIONIS
1824 467 1902 526 IN
1945 468 2131 526 ACTA
2159 469 2463 528 TEXTUS
2491 469 2846 528 TERTIUS.

3539 465 3674 530 1080

427 574 732 648 ηρτισμένα
767 568 910 643 εἷχε’
973 591 1070 626 και
1117 573 1227 644 γὰρ
1264 578 1292 628 6
1320 577 1607 647 προφήτης
1647 577 1828 630 πάντα
1862 573 1998 648 εἶχε,
2028 585 2076 648 Α
2105 581 2376 648 γενέσθαι.
2415 579 2541 634 ὀτι
2581 580 2678 633 καὶ
2722 578 2970 642 Ἀνανίας
3004 579 3248 641 διάκονος
3281 572 3370 648 ἦν,
3407 581 3672 647 μαρτυρεὶ

425 669 528 736 τὴν
559 665 856 736 σάρκωσιν,
886 663 948 717 56
979 664 1172 728 πάθος,
1201 666 1302 734 τὴν
1331 666 1618 736 ἀνάληψιν,
1640 667 1740 738 τὴν
1767 669 2002 721 ἀνάστα-

429 773 536 822 σιν,
568 757 666 828 τὴν
693 756 874 826 κρίσιν
919 756 1018 827 τὴν
1043 755 1372 827 μέλλουσαν.
1409 759 1468 810 Et
1494 759 1549 812 δὲ
1585 758 1788 830 πολλὴν
1813 759 2002 814 ἐπιθυ-

430 851 562 919 μίαν
599 849 862 914 δείκνυσι,
920 848 995 918 μὴ
1040 847 1348 920 θαυμάσῃς.
1418 849 1517 903 Διά
1546 849 1602 903 τί
1633 869 1652 901 5
1685 850 1934 920 ἥρπασεν
1976 868 1995 901 5

427 941 620 1004 αὐτόν;
679 937 753 990 T6
777 939 1073 1007 γενόμενον
1107 936 1555 1008 θαυμασιώτερον
1587 938 1880 1003 ἐδείκνυτο,
1908 938 2002 991 καὶ

425 1031 548 1084 τότε
586 1031 686 1084 οὐκ
715 1031 854 1101 ⁴ᾔδει.
897 1030 988 1093 Ὠς
1017 1026 1110 1083 οὖν
1136 1027 1364 1100 ὕστερον
1392 1029 1557 1082 αὐτὸν
1614 1029 2001 1101 θαυμασθῆναι

423 1121 583 1175 τοῦτο
607 1123 843 1188 ἐγένετο.
884 1139 902 1172 5
925 1119 1252 1191 Ἐπορεύετο
1281 1122 1412 1190 γὰρ,
1441 1121 1598 1191 φησὶ,
1619 1122 1721 1192 τὴν
1753 1121 1870 1176 666v
1901 1124 1996 1176 αὐ-

425 1210 519 1263 τοῦ
554 1212 792 1281 χαίρων·
827 1229 845 1263 5
879 1211 968 1264 ῖνα
996 1211 1140 1264 θεῖον
1171 1210 1361 1281 δειχθῇ
1383 1211 1444 1262 τὸ
1474 1211 1782 1282 γινόμενον,
1811 1211 1896 1265 ῖνα
1923 1213 2000 1282 μὴ

426 1303 622 1372 νομίσῃ
648 1305 729 1356 655
758 1301 1044 1372 ἄνθρωπός
1075 1303 1225 1354 ἐστιν
1255 1301 1465 1367 ἁπλῶς,
1496 1301 1883 1373 συμφερόντως
1907 1297 2002 1355 οῦν

426 1393 590 1447 αὐτὸν
633 1394 852 1463 ἥρπασε
904 1391 966 1446 56
1019 1392 1281 1462 Πνεῦμαο
1336 1394 1456 1447 ἐπεὶ
1510 1392 1738 1462 ὴξίωσεν
1783 1393 1851 1447 ἂν
1908 1395 2001 1447 καὶ

429 1483 789 1538 συναπελθείν
813 1483 965 1553 αὐτῷ
992 1487 1020 1538 6
1051 1484 1330 1554 εὐνοῦγρς,
1358 1485 1453 1538 καὶ
1475 1485 1748 1555 ἐλύπησεν
1774 1483 1839 1538 ἂν
1861 1485 2002 1538 ἐκεῖ-

428 1593 516 1638 νος
543 1573 868 1638 ἀνανεύσας,
895 1574 1051 1629 οὔπω
1097 1574 1194 1629 τοῦ
1227 1575 1420 1644 καιροῦ
1462 1577 1637 1639 ὄντος.
1670 1576 1830 1644 Μέγα
1853 1576 1948 1628 καὶ
1974 1576 2002 1627 6

427 1667 697 1731 ⁸ιοίλιππος
732 1667 1047 1738 ἐκέρδανεν,
1099 1667 1237 1738 ὅπερ
1267 1667 1433 1738 ὴκουε
1469 1667 1600 1738 περὶ
1635 1667 1744 1720 τῶν
1790 1683 2001 1737 προφη-

428 1761 558 1827 τῶν,
603 1759 735 1830 περὶ
773 1760 1033 1831 Ἰεζεκιὴλ
1058 1801 1074 1828 ,
1109 1761 1238 1832 περὶ
1284 1761 1602 1832 Ἀϐϐακούμ
1630 1761 1727 1814 καὶ
1758 1759 1865 1814 τῶν
1903 1759 2000 1812 άλ-

423 1835 552 1910 λιιΕο,
588 1844 714 1900 ἰδὼν
752 1847 848 1900 καὶ
885 1847 968 1918 ἐφ’
999 1847 1195 1899 ἑαυτὸν
1223 1846 1538 1916 γενόμενον.
1589 1845 1873 1899 Ἐντεῦθεν
1895 1844 2001 1897 δεί-

425 1953 621 1989 κνυται
653 1935 858 2008 πολλὴν
879 1937 999 1990 ὁδὸν
1025 1936 1282 1990 ἀπελθὼν
1301 1979 1316 2003 ,
1373 1936 1427 1990 εί
1448 1954 1512 2006 γε
1546 1937 1605 1990 ἐν
1635 1936 1853 2004 Ἀζώτῳ
1912 1936 2005 1989 εὐ-

434 2025 585 2096 ρέθη,
613 2027 731 2079 ἐκεῖ
756 2027 919 2080 αὐτὸν
966 2026 1215 2097 ἔστησεν,
1249 2027 1380 2080 ἔνθα
1418 2029 1514 2080 καὶ
1545 2025 2001 2096 εὐαγγελίσασθαι

424 2117 554 2172 ἔδει.
600 2117 790 2183 ’Ᾱξίως
817 2113 938 2171 εἷπε
967 2118 1058 2171 56v
1113 2119 1326 2172 Παύλου
1387 2117 1572 2188 ζῆλον,
1609 2117 1704 2171 καὶ
1730 2118 2002 2171 δείκνυσιν

423 2214 505 2266 ὅτι
527 2215 582 2265 ἐν
611 2213 761 2283 μέσῳ
788 2212 864 2283 τῷ
898 2212 1047 2283 ζήλῳ
1074 2213 1316 2277 ἕλκεται,
1349 2213 1446 2266 καὶ
1478 2212 1691 2266 οὐδέπω
1714 2211 2001 2282 55095005‘5;

422 2308 501 2378 τῷ
543 2308 690 2379 φόνῳ
744 2306 840 2360 τοῦ
881 2307 1179 2376 Στεφάνου.
1223 2307 1355 2359 Ἰδοὺ
1387 2305 1695 2376 ἐπληροῦτο
1748 2307 1812 2357 56
1850 2304 2003 2374 παρὰ

423 2399 519 2453 τοῦ
569 2397 810 2471 Χριστοῦ
864 2396 1201 2469 εἰρημένον,
1255 2399 1339 2451 655
1407 2417 1423 2449 5
1465 2399 1528 2450 Οἱ
1575 2396 2002 2456 ἀποκτενοῦντες

427 2495 594 2564 ὑμᾶς,
649 2492 860 2557 δόξουσι
889 2491 1148 2561 λατρείαν
1179 2491 1511 2563 προσφέρειν
1550 2491 1626 2560 τῷ
1659 2489 1797 2559 Θεῷ.
1843 2507 1862 2540 5
1905 2490 2004 2540 Δια

424 2587 479 2639 τί
513 2587 594 2648 είς
619 2583 910 2655 Δαμασκὸν
939 2581 1270 2653 ἐπορεύετο;
1304 2582 1532 2653 Μεγάλη
1567 2583 1601 2652 ἡ
1628 2581 1782 2644 πόλις
1803 2575 1872 2650 ὴν
1912 2580 2004 2632 καὶ

429 2677 706 2748 βασιλικὴ,
779 2675 874 2730 καὶ
931 2675 1182 2744 ἐφοϐεῖτο
1229 2674 1304 2746 μὴ
1345 2676 1439 2730 καὶ
1487 2674 1674 2746 ἐκείνη
1721 2689 2002 2744 προκατα-

425 2767 626 2841 ληφθῇ.
660 2768 770 2821 Kal
807 2767 910 2838 δρα
938 2768 1029 2821 56v
1067 2765 1234 2820 πόθον
1264 2767 1358 2819 καὶ
1388 2766 1488 2836 τὴν
1520 2766 1889 2836 σφοδρότητα·
1939 2763 2001 2817 οὐ

365 2882 379 2891 ·
429 2861 794 2934 προσέρχεται
850 2861 1094 2932 ἄρχοντι,
1149 2859 1288 2915 ἀλ.λᾶ
1345 2860 1424 2932 τῷ
1479 2862 1650 2932 ίερεῖ’
1691 2858 1832 2913 οὕτω
1892 2861 2003 2928 γὰρ

427 2954 722 3010 ἐκαλοῦντο
777 2955 828 3008 οἱ
879 2952 1296 3022 πιστεύσαντες,
1362 2954 1492 3018 ἴσως
1536 2952 1628 3006 διὰ
1660 2955 1721 3006 56
1754 2951 1852 3024 τὴν
1886 2952 2002 3006 ὁδὸν

425 3053 648 3123 τέμνειν
675 3050 778 3120 τὴν
799 3051 879 3113 είς
909 3049 1139 3120 οὐρανὸν
1165 3049 1460 3120 φέρουσαν.
1503 3049 1602 3102 Διά
1620 3049 1672 3103 τί
1708 3049 1782 3120 μὴ
1809 3050 1867 3102 ἐν
1895 3051 2002 3102 Aa-

430 3143 647 3215 μασκῷ,
680 3143 795 3214 ἢέν
835 3140 1269 3212 Ἱεροσολύμοιςς
1299 3142 1462 3194 Ὥστε
1497 3141 1571 3212 μὴ
1601 3141 1801 3207 ἐξεῖναι
1823 3140 2002 3205 ἄλλοις

2105 673 2198 724 καὶ
2228 671 2438 734 Παῦλος
2464 673 2523 725 ἐν
2551 673 2664 734 τοῖς
2694 671 2905 724 κανόσι.
2959 669 3130 722 Τοῦτο
3158 669 3216 721 δέ
3241 669 3459 736 γέγονε,
3488 667 3578 720 διὰ
3617 667 3675 720 τὸ

2107 766 2303 820 σπάνιν
2359 761 2498 817 εἶναι
2549 763 2657 816 τῶν
2718 761 3110 833 πρεσϐυτέρων
3165 760 3253 813 δια
3287 760 3378 812 τὸν
3412 757 3674 827 γεγονότι-ι

2102 855 2361 926 διωγμόν.
2395 855 2470 908 Οὐ
2501 853 2660 924 μόνον
2715 852 2907 916 πιστὸς
2956 852 3133 914 ἐσται,
3185 850 3372 920 φησὶν,
3404 849 3539 904 ἀλλά
3579 849 3675 902 καὶ

2102 947 2420 1010 διδάσκαλος
2455 985 2472 1012 ,
2521 945 2615 1000 καὶ
2693 945 2862 1014 πολλῇ
2910 946 3178 1014 χρήσεται
3230 945 3294 1014 τῇ
3359 941 3660 1014 παρρησίᾳ.

2111 1059 2127 1090 ι
2168 1039 2368 1102 Σκεῦος
2402 1059 2419 1090 5
2454 1039 2701 1093 καλεῖται
2732 1036 2978 1099 δικαίως,
3008 1035 3318 1096 δεικνύντος
3357 1033 3450 1088 τοῦ
3491 1033 3672 1101 λόγου,

2104 1130 2179 1193 ὡς
2202 1129 2301 1182 οὐκ
2331 1129 2444 1182 ἐστι
2475 1130 2676 1200 φυσικὴ
2724 1130 2757 1197 ἡ
2791 1127 2979 1182 κακία.
3023 1147 3042 1178 5
3087 1127 3307 1190 Σκεῦος,
3344 1125 3532 1196 φησὶν,
3585 1125 3675 1177 ἐκ·

2104 1221 2301 1290 λογῆς·
2338 1241 2356 1273 5
2397 1222 2457 1274 56
2489 1221 2711 1292 δόκιμον
2745 1221 2853 1290 γὰρ
2902 1217 3257 1288 ἐκλεγόμεθα.
3293 1217 3442 1287 Μηδὲ
3476 1215 3677 1286 νομίσῃ

2102 1330 2187 1376 τις
2221 1313 2301 1366 655
2331 1313 2576 1366 ἀπιστῶν
2624 1316 2736 1375 τοῖς
2769 1311 3084 1380 λεγομένοις
3115 1308 3289 1362 ταῦτά
3332 1324 3522 1378 φησιν,
3553 1305 3676 1359 οὐδέ

2103 1404 2423 1476 ὴπατῆσθαι
2449 1400 2685 1473 νομίζων
2711 1401 2807 1455 τὸν
2833 1402 3093 1473 Χριστὸν,
3127 1400 3204 1470 μὴ
3252 1400 3501 1467 γένοιτοί
3539 1397 3676 1450 ἀλλὰ

2104 1495 2440 1567 φοϐούμενος
2499 1495 2593 1547 καὶ
2638 1493 2879 1564 τρέμων.
2913 1489 3100 1545 Ταῦτα
3135 1489 3290 1544 οῦπω
3327 1490 3426 1558 τῆς
3455 1489 3676 1559 χάριτος

2105 1587 2388 1658 παρούσης
2417 1584 2804 1657 ἐμαρτύρησεν
2851 1585 2880 1637 6
2910 1585 3030 1645 ταῖς
3066 1581 3314 1650 καρδίαις
3355 1577 3676 1650 ἐμϐατεύων

2104 1680 2238 1744 Θεός
2259 1695 2274 1710 °
2309 1678 2444 1750 μηδέ
2470 1678 2799 1749 σφάλλωμεν
2826 1676 3059 1739 ἐαυτούς
3079 1714 3096 1740 ,
3129 1673 3392 1728 ἀδύνατον
3422 1668 3559 1726 εῖναι
3589 1671 3678 1724 λέ-

2103 1787 2293 1839 γοντες
2324 1768 2583 1838 γενέσθαι
2633 1767 2778 1822 κατὰ
2831 1765 3042 1822 Παῦλον
3092 1766 3234 1819 τινά.
3262 1764 3478 1826 Εὐθέως
3515 1762 3678 1815 αὐτὸν

2104 1861 2402 1916 οἰκειοῦται
2435 1860 2514 1931 τῷ
2558 1859 2820 1930 ὀνόματν
2855 1877 2876 1911 5
2920 1857 3163 1927 Ἰησοῦς,
3199 1857 3386 1926 φησὶν,
3423 1856 3451 1908 6
3493 1851 3679 1922 ὀφθείς

2043 1935 2082 1988 Β
2112 1969 2228 2004 σοι·
2261 1971 2280 2005 5
2340 1951 2455 2021 (καὶ
2483 1951 2591 2020 μὴν
2617 1949 2775 2003 τοῦτο
2802 1949 2906 2002 οὐκ
2957 1944 3112 2000 εἶπεν
3141 1945 3291 2015 αὐτῷ
3337 1946 3366 1998 6
3424 1943 3676 2011 Χριστὸς,

2104 2042 2218 2098 ἀλλ’
2255 2041 2366 2096 ἀπὸ
2391 2041 2486 2094 τοῦ
2519 2039 2834 2110 Πνεύματος
2865 2038 3116 2108 ἐμαθεν,)
3143 2055 3163 2088 ι
3191 2036 3278 2089 ἵνα
3309 2033 3670 2104 ἀναϐλέψῃτ,»

2105 2134 2290 2205 φησίν.
2317 2134 2429 2188 Οὐκ
2458 2130 2631 2200 εἶπεν,
2657 2134 2684 2186 6
2716 2131 2984 2202 πηρώσας
3045 2146 3128 2194 σε,
3189 2128 3327 2194 ἀλλ’,
3373 2146 3391 2178 ι
3429 2128 3459 2178 6
3491 2118 3692 2194 ὀφθείς

2107 2245 2210 2282 σοι.
2248 2247 2266 2278 5
2299 2227 2444 2298 Ὅρα
2481 2224 2575 2278 καὶ⁸
2611 2223 2800 2278 τοῦτον
2830 2223 2931 2277 οὐκ
2961 2221 3278 2286 ἀλαζονικόν
3301 2237 3312 2247 ·
3338 2217 3452 2271 ἀλλ’
3485 2215 3674 2284 ὥσπερ

2103 2319 2131 2370 6
2172 2318 2370 2384 Πέτρος
2409 2315 2596 2384 ἔλεγεν
2647 2315 2740 2366 ἐπὶ
2785 2312 2880 2366 τοῦ
2925 2310 3135 2382 χωλοῦ·
3175 2329 3192 2360 5
3231 2309 3296 2362 Τί
3348 2309 3479 2377 ἡμῖν
3509 2322 3680 2376 προσ-

2105 2411 2281 2481 έχετε,
2335 2411 2410 2475 ὡς
2469 2411 2577 2480 ἰδία
2640 2411 2871 2480 δυνάμει
2933 2405 3298 2476 πεποιηκόσι;
3336 2421 3364 2460 5.
3398 2402 3546 2456 οὕτω
3578 2401 3676 2454 καὶ

2104 2499 2282 2567 οὗτος,
2309 2522 2326 2552 ι
2349 2501 2556 2570 Ἰησοῦς
2583 2503 2610 2552 6
2636 2499 2820 2569 ὀφθείς
2847 2515 2952 2562 σοι,
2987 2516 3005 2548 5
3038 2495 3146 2549 τῶν
3169 2495 3369 2566 χειρῶν
3395 2488 3680 2558 ἐπικειμέ-

2105 2615 2210 2650 νων
2236 2595 2408 2648 ταῦτα
2442 2592 2762 2662 ἐφθέγγετο.
2795 2589 2905 2644 Καὶ
2939 2587 3045 2658 μὴν
3075 2588 3176 2640 οὐκ
3203 2585 3379 2654 ὤφθη.
3398 2584 3558 2637 Ἀλλὰ
3589 2582 3679 2635 δια

2105 2688 2450 2758 πραγμάτων
2483 2685 2662 2755 ὤφθη.
2718 2683 2874 2754 Ἐμοὶ
2903 2681 3056 2736 δοκεῖ
3089 2679 3184 2732 καὶ
3221 2677 3411 2732 τοῦτον
3457 2675 3549 2728 καὶ
3585 2674 3679 2725 τὸν

2105 2783 2429 2853 Κορνήλιον,
2484 2778 2691 2833 τούτων
2739 2777 3052 2847 λεγομένων
3098 2773 3209 2827 τῶν
3262 2769 3542 2840 ῥημάτων,
3583 2765 3678 2820 τοῦ

2104 2875 2424 2946 Πνεύματος
2454 2873 2768 2943 μετασχεῖν.

2176 2971 2343 3038 Ὅρα,
2374 2966 2470 3018 καὶ
2503 2960 2881 3034 ἐξησθενηκὼς
2915 2955 2984 3032 ἦν
3039 2957 3148 3012 ἀπὸ
3187 2955 3289 3020 τῆς
3343 2949 3677 3022 ὁδοιπορίας,

2105 3062 2215 3117 ἀπὸ
2243 3059 2339 3114 τοῦ
2369 3059 2560 3128 φόϐου,
2594 3055 2703 3110 ἀπὸ
2751 3053 2844 3108 τοῦ
2896 3051 3078 3123 λιμοῦ.
3114 3049 3225 3103 Καὶ
3251 3049 3339 3102 ἵνα
3367 3046 3442 3116 μὴ
3475 3061 3680 3112 φαντα-

2109 3153 2234 3206 σίαν
2259 3149 2458 3220 νομίσῃ
2484 3147 2584 3218 τὴν
2617 3144 2892 3215 πήρωσιν,
2921 3141 3009 3195 διὰ
3036 3139 3195 3194 τοῦτο
3221 3137 3416 3190 ἔπεσον
3441 3133 3676 3193 λεπίδες.
3722 3200 3735 3211 ⁸

427 3239 560 3294 αὐτὸ
589 3236 919 3306 διηγεῖσθαι.
944 3235 1060 3290 ἀλλ’
1083 3229 1237 3298 οὗτος
1270 3233 1584 3298 ἀξιόπιστος
1615 3229 1682 3304 ἦν
1708 3233 2002 3304 διηγούμε-
2029 3271 2074 3330 c
2107 3247 2219 3300 Καὶ
2245 3241 2570 3314 βουλόμενος
2591 3238 2858 3292 ἐπιτεῖναι
2884 3235 2981 3304 τὴν
3007 3231 3263 3301 ἀθυμίαν,
3287 3227 3565 3292 ἐτύφλωσε
3588 3224 3678 3276 τὸν

426 3349 516 3394 νος
561 3331 589 3383 6
639 3329 728 3382 διὰ
759 3327 917 3381 τοῦτο
973 3327 1175 3380 ἀπιών.
1207 3324 1380 3378 Τοῦτο
1409 3321 1504 3378 οῦν
1533 3325 1680 3393 λέγει
1721 3325 1817 3378 καὶ
1865 3325 2000 3394 1596;

439 3422 750 3494 Ἀγρίππαν
801 3417 1264 3488 ἀπολογούμενος.
1301 3417 1366 3470 ’Π
1422 3417 1533 3490 γάρ
1586 3417 1860 3489 ὑπερϐολὴ
1908 3417 2003 3471 τοῦ

427 3519 604 3588 φωτὸς
696 3519 956 3588 πλήττειν
1017 3516 1173 3569 εἴωθε
1209 3531 1224 3546 ο
1269 3514 1445 3586 μέτρα
1519 3515 1628 3585 γάρ
1683 3515 1900 3584 ἔχουσιν
1955 3517 2004 3568 οἱ

427 3610 717 3681 ὀφθαλμοί.
756 3611 991 3678 Λέγεται
1020 3607 1076 3661 δὲ
1104 3610 1198 3660 καὶ
1230 3607 1415 3676 φωνῆς
1444 3607 1725 3678 ὑπερϐολὴ
1784 3609 2007 3676 κωφοὺς

429 3706 604 3758 ποιεῖν
630 3703 726 3757 καὶ
751 3700 1104 3770 ἀποπλῆγας.
1124 3698 1290 3752 Ἀλλά
1321 3701 1517 3752 τούτου
1553 3699 1714 3770 μόνον
1747 3700 2006 3769 ἐπήρωσέ

429 3797 522 3850 551‘5
542 3795 764 3850 ἔσϐεσεν
789 3791 954 3846 αὐτοῦ
982 3792 1073 3844 τὸν
1096 3789 1270 3858 θυμὸν
1307 3789 1385 3860 τῷ
1409 3790 1582 3858 φόϐῳ,
1606 3789 1745 3843 ὥστε
1772 3790 2005 3843 ἀκοῦσαι

427 3889 496 3942 τά
544 3887 838 3957 λεγόμενα.
867 3884 1035 3938 Οὐδὲν
1069 3881 1218 3949 αὐτῷ
1241 3880 1393 3949 λέγει
1426 3897 1440 3910 ·
1473 3881 1534 3936 οὐ
1566 3881 1738 3948 λέγει,
1774 3881 2004 3934 Πίστευ-

433 3997 549 4045 σον,
581 3981 616 4052 ἦ
645 3997 700 4032 τι
730 3977 999 4039 τοιοῦτον,
1053 3977 1170 4031 ἀλλ’
1203 3975 1430 4045 ἐγκαλεῖ
1470 3976 1753 4046 μονονουχλ⁵
1794 3975 2002 4041 λέγων·

427 4072 495 4124 Τί
544 4071 675 4142 παρ’
734 4068 870 4140 ἐμοῦ
901 4068 1232 4139 ἠδικημένος
1271 4067 1492 4140 μικρὸν,
1528 4066 1562 4136 ἦ
1625 4067 1790 4136 μέγα,
1830 4066 2006 4118 ταῦτα

429 4166 644 4230 ποιεῖς;
673 4163 816 4234 Ὅρα
857 4163 976 4225 πῶς
1003 4165 1101 4216 οὐκ
1132 4163 1334 4227 εὐθέως
1377 4162 1558 4216 πάντα
1609 4160 2003 4230 ἐπηγγείλατο,

428 4257 565 4312 ἀλλά
625 4256 1005 4326 προμαλάττει
1063 4256 1230 4311 αὐτοῦ
1263 4256 1361 4325 τὴν
1415 4256 1680 4310 διάνοιαν.
1721 4254 1878 4309 Οὕτω
1917 4257 2007 4310 καὶ

427 4349 555 4412 τοὺς
616 4349 864 4420 μαθητὰς
895 4349 1153 4402 ἐκάλεσεν
1185 4351 1249 4402 ἐκ
1281 4348 1568 4419 δευτέρου.
1598 4349 1823 4402 Δίδωσιν
1861 4347 2008 4418 αὖτῷ

429 4443 674 4514 χρηστὰς
708 4441 954 4503 ἐλπίδας,
989 4441 1086 4494 καὶ
1111 4442 1192 4494 655
1220 4440 1538 4510 ἀναϐλέψει.

500 4533 568 4586 Τί
612 4533 813 4602 δήποτε
863 4531 1055 4584 οὐδένα
1102 4531 1214 4583 τῶν
1243 4530 1576 4597 ἀξιοπίστων
1615 4532 1711 4586 καὶ
1756 4531 2009 4600 μεγάλων

2107 3335 2396 3404 ᾶθθρωπον
2425 3332 2555 3402 πρὶν
2579 3331 2614 3402 ἢ
2633 3329 2807 3382 ἐλθεῖν
2831 3326 3042 3380 τοῦτον.
3063 3323 3162 3375 Δια
3182 3322 3234 3374 τί
3257 3320 3429 3387 λέγει·
3457 3314 3682 3370 «Λαϐὼν

2105 3427 2313 3499 τροφὴν
2338 3425 2656 3492 ἐνίσχυσενς
2697 3441 2714 3470 5
2747 3421 2867 3473 Ὀτι
2901 3420 2951 3471 οί
2980 3416 3212 3481 τοιοῦτοι
3243 3410 3565 3482 παρειμένοι
3595 3407 3681 3476 γίο

2107 3538 2312 3573 νονται.
2351 3518 2465 3571 Οὐκ
2497 3517 2758 3588 ἠνέσχετο
2807 3512 3073 3583 πρότερον
3115 3509 3404 3576 μετασχεῖν
3449 3500 3683 3572 τροφῆς,

2106 3612 2211 3673 ἕως
2241 3611 2325 3663 655
2358 3607 2420 3680 [Ῑ.
2443 3608 2532 3661 655
2559 3605 2640 3658 vel
2671 3601 2818 3672 ὅτου]
2841 3600 3092 3671 μεγάλων
3123 3599 3279 3666 έτυχε
3310 3595 3420 3649 τῶν
3441 3592 3683 3656 δωρεῶν.

2107 3703 2182 3753 Οὐ
2209 3679 2465 3766 λέγειγδέ,
2505 3693 2714 3763 Ἰησοῦς
2739 3692 2767 3743 6
2794 3687 3150 3758 σταυρωθεὶς,
3183 3687 3210 3737 6
3243 3685 3368 3746 Υίδς
3401 3682 3496 3734 τοῦ
3519 3679 3681 3742 Θεοῦ,

2107 3792 2246 3854 ἀλλ’,
2287 3809 2306 3840 ι
2339 3789 2368 3841 6
2404 3786 2594 3854 ὀφθείς
2666 3800 2770 3845 σοι,
2811 3801 2830 3832 5
2866 3780 2975 3834 ἀπὸ
3002 3778 3110 3829 τῶν
3137 3776 3332 3844 ἐκείνῳ
3361 3772 3680 3842 γνωρίμων,

2107 3881 2231 3934 ἐπεὶ
2262 3879 2359 3932 καὶ
2391 3880 2420 3930 6
2455 3875 2688 3948 Χριστὸς
2713 3872 2869 3927 οὐδὲν
2903 3870 3062 3922 πλέον
3092 3865 3422 3937 προσέθηκε.
3447 3863 3556 3915 Καὶ
3579 3863 3686 3915 οὐκ

2108 3972 2284 4034 εἶπεν,
2326 3973 2354 4025 ὁ
2412 3965 2772 4038 σταυρωθεὶς,
2825 3966 2852 4017 6
2885 3960 3264 4030 δεδιωγμένος,
3302 3959 3387 4010 ἵνα
3429 3955 3505 4025 μὴ
3554 3952 3681 4023 δόξῃ

2106 4065 2180 4128 ὡς
2203 4063 2508 4132 ἐπεγγελᾷν
2535 4058 2702 4129 αὐτῷ.
3379 4119 3386 4124 _

2183 4159 2347 4228 Ὅρα,
2373 4153 2578 4215 εὐθέως
2626 4147 2945 4211 διδάσκαλος
2973 4142 3042 4218 ἦν
3073 4145 3132 4197 ἐν
3163 4143 3284 4206 ταῖς
3314 4139 3678 4210 συναγωγαῖς.

2111 4255 2225 4307 Οὐκ
2257 4249 2521 4323 ᾐσχύνετο
2542 4245 2641 4316 τὴν
2670 4241 2996 4313 μεταϐολὴν,
3019 4241 3118 4293 οὐκ
3146 4237 3403 4290 ἐδεδοίκει
3430 4236 3488 4286 ἐν
3515 4225 3595 4295 οἷς
3615 4227 3682 4301 ἦν

2111 4343 2400 4414 πρότερον,
2464 4334 2737 4406 λαμπρῶς
2769 4333 2940 4387 ταῦτα
2975 4328 3282 4393 καταλύων,
3331 4325 3428 4395 οὐχ
3462 4326 3544 4376 ὃτι
3587 4323 3682 4374 ἀν-

2110 4411 2264 4503 έστη,
2290 4411 2398 4500 οὐχ
2425 4430 2505 4482 ὅτι
2537 4426 2627 4496 ζῇ.
2667 4424 2828 4478 ’Δλλᾶ
2862 4422 2949 4488 τί;
2981 4420 3196 4479 Εὐθέως
3230 4415 3473 4487 ἀκριϐῶς
3504 4413 3564 4464 56
3597 4411 3686 4465 δό-

2110 4543 2226 4596 γμα
2253 4523 2496 4589 ἐξέθετο·
2538 4539 2554 4570 5
2585 4518 2709 4570 "U55
2740 4509 2897 4575 οὗτός
2936 4513 3084 4564 ἐστιν
3111 4512 3138 4562 6
3166 4508 3289 4570 Υἱὸς
3325 4507 3422 4558 τοῦ
3452 4503 3588 4556 Θεοῦ
3616 4521 3629 4533 ·
3662 4522 3682 4553 5

429 4624 557 4679 οὔτε
589 4624 864 4686 εἵλκυσεν,
898 4621 1024 4674 οὔτε
1059 4622 1394 4692 μετέστησεν
1425 4623 1507 4686 είς
1529 4621 1627 4692 τὴν
1663 4622 1756 4676 τοῦ
1789 4623 2003 4678 Παύλου
2039 4616 2080 4672 D
2113 4619 2206 4670 καί
2227 4617 2286 4667 56
2314 4607 2784 4681 θαυμασιώτερον,
2806 4604 2887 4656 655
2920 4595 3078 4654 ιὯδε
3106 4599 3184 4660 είς
3214 4595 3373 4651 τοῦτο
3401 4592 3679 4692 ἐλήλυθε.»

432 4717 800 4787 κατάσχεσιν;
831 4715 957 4768 Ὅτι
1003 4715 1104 4767 οὐκ
1132 4713 1324 4782 ἔμελλε
1375 4715 1443 4768 δι’
1475 4714 1780 4786 ἀνθρώπων
1814 4717 2009 4783 ἐνάγε-

433 4809 582 4872 σθσι,
605 4807 745 4861 ἀλλὰ
778 4807 847 4860 65‘
877 4805 1045 4859 αὐτοῦ
1074 4805 1170 4858 τοῦ
1198 4805 1457 4876 Χριστοῦ.
1490 4807 1645 4860 Ἐπεὶ
1695 4807 1791 4860 καὶ
1852 4801 2010 4868 οὗτος

430 4899 637 4965 ἐδίδαξε
661 4899 760 4968 μὲν
784 4897 945 4952 αὐτόν
972 4897 1147 4959 οὐδὲν,
1173 4897 1434 4950 ἐϐάπτισε
1470 4897 1524 4951 δὲ
1553 4898 1734 4966 μόνον’
1761 4897 1877 4967 ἅμα
1901 4899 2010 4966 γὰρ

433 4991 727 5057 φωτισθεὶς
762 4989 988 5060 ἔμελλεν
1026 4990 1361 5045 ἐπισπᾶσθαι
1401 4990 1600 5060 πολλὴν
1643 4989 1738 5042 τοῦ
1766 4991 2013 5059 Πνεύμα-
2081 5023 2090 5040 .

432 5100 525 5146 τος
551 5081 649 5154 τὴν
683 5081 840 5152 χάριν
889 5081 996 5134 ἀπὸ
1027 5078 1119 5134 τοῦ
1158 5081 1321 5152 ζήλου
1371 5079 1466 5132 καὶ
1498 5082 1596 5149 τῆς
1635 5078 1836 5147 πολλῆς
1876 5095 2010 5146 προ-

435 5175 664 5245 θυμίας
699 5173 783 5227 655
807 5173 916 5244 γὰρ
949 5172 1010 5225 οὐ
1035 5170 1144 5225 τῶν
1177 5171 1383 5242 σφόδρα
1417 5172 1704 5240 ἐπισήμων
1728 5165 2006 5240 ἦν,δὴλον.

436 5266 552 5319 Οὐκ
606 5260 728 5318 εἷπε
763 5263 900 5333 1596;
937 5262 1131 5316 αὐτόν’
1159 5262 1506 5331 Διαλέχθητι,
1555 5260 1650 5313 καὶ
1701 5260 2011 5329 κατήχησαι

435 5355 622 5410 αὐτόν.
652 5355 714 5407 Εἰ
741 5353 849 5426 γὰρ
882 5351 1072 5416 εἰπὼν,
1116 5353 1198 5405 655
1231 5349 1450 5420 εὔχεται
1480 5350 1575 5404 καὶ
1605 5344 1767 5414 εἶδεν,
1805 5351 1886 5402 655
1918 5349 2013 5403 άν-

436 5449 540 5516 δρα
572 5444 832 5498 ἐπιθέντα
891 5441 1043 5511 αὐτῷ
1090 5441 1188 5504 τὰς
1235 5443 1445 5512 χεῖρας.
1499 5439 1590 5492 καὶ
1650 5439 1750 5492 οὐκ
1803 5439 2008 5501 ἔπεισε,

440 5534 621 5605 πολλῷ
650 5533 852 5604 μᾶλλον
881 5533 931 5584 εί
961 5530 1119 5584 τοῦτο
1145 5525 1300 5583 εἶπεν
1318 5545 1332 5558 ο
1366 5529 1556 5593 Ὥστε,
1589 5529 1774 5600 φησὶν,
1816 5529 1878 5582 οὐ
1902 5528 2011 5582 δια-

439 5632 694 5699 πιστήσει
725 5645 828 5681 σοι.

516 5721 684 5776 Πόθεν
711 5719 872 5773 τοῦτο
896 5717 1054 5790 δῆλον
1074 5735 1088 5783 ;
1113 5715 1275 5779 Εἰκὸς
1299 5710 1366 5786 ἦν
1385 5714 1585 5778 αὐτοὺς
1603 5714 1660 5766 ἐν
1686 5712 1835 5784 φόϐῳ
1851 5713 2011 5777 ὄντας

441 5811 921 5885 περιεργάζεσθαι.
971 5809 1084 5878 Οὐχ
1123 5807 1198 5871 ὡς
1252 5808 1352 5861 οὐκ
1413 5807 1615 5868 εἰδότος
1649 5805 1740 5858 τοῦ
1771 5805 2009 5877 Χριστοῦ

439 5905 611 5960 ταῦτα
635 5903 806 5974 λέγει,
830 5900 966 5959 ἀλλά
995 5899 1201 5956 τούτων
1223 5898 1414 5966 ὄντων,
1435 5896 1553 5962 πῶς
1586 5896 1806 5953 δύναται
1838 5896 2010 5952 ταῦτα

2113 4709 2224 4762 Καὶ
2254 4706 2354 4759 οὐκ
2381 4704 2577 4774 ἔχομεν
2607 4701 2780 4751 εἰπεῖν
2803 4736 2818 4758 ,
2875 4695 2958 4748 ὅτι
2991 4695 3106 4756 τοῖς
3136 4687 3456 4748 ἀποστόλοις
3490 4685 3687 4755 πρότε-

2114 4814 2206 4870 ρον
2239 4794 2577 4861 συνεγένετο.
2599 4790 2732 4842 ’.ὶτε
2757 4784 3073 4856 νομομαθὴς
3099 4781 3174 4836 ὣν
3196 4779 3556 4847 ἐπεστόμιζεν
3587 4776 3688 4870 αὐ-

2109 4865 2256 4949 τοὺς,
2291 4883 2387 4935 καὶ
2417 4881 2518 4933 οὐκ
2551 4878 2638 4930 εία
2699 4874 3056 4945 φθέγγεσθαι.
3110 4872 3400 4942 Ἐνόμισαν
3444 4865 3690 4934 ἀπηλλά-

2111 4973 2239 5045 χθαι
2271 4973 2370 5043 τῆς
2413 4972 2471 5024 ἐν
2519 4971 2631 5032 τοῖς
2666 4965 2930 5029 τοιούτοις
2959 4962 3249 5028 διαλέξεως
3278 4957 3689 5024 ἀπαλλαγέντες

2111 5064 2412 5133 Στεφάνου,
2443 5063 2543 5115 καὶ
2574 5061 2936 5130 σφοδρότερον
2987 5051 3148 5126 εὗρον
3184 5055 3395 5123 ἕτερον.
3430 5051 3692 5103 Τουτέστι

2116 5159 2237 5228 μετ’
2257 5153 2558 5216 ἐπιεικείας
2591 5152 2881 5205 διδάσκων.
2904 5151 3011 5202 Καὶ
3037 5149 3159 5219 69a,
3187 5147 3288 5200 οὐκ
3307 5145 3492 5212 ἔλεγον
3515 5142 3688 5210 αὐτῷ’

2112 5250 2184 5302 Σὺ
2217 5244 2268 5301 εί
2294 5248 2322 5300 6
2356 5244 2574 5316 πορθῶν
2597 5285 2610 5308 ,
2647 5242 2699 5295 τί
2731 5241 3137 5313 μεταϐέϐλησαι
3175 5255 3189 5304 ;
3215 5236 3512 5309 ᾐσχύνοντο
3535 5235 3647 5304 γάρ
3669 5249 3685 5265 ·

2115 5340 2252 5396 ἀλλὰ
2283 5339 2419 5412 1596;
2447 5338 2674 5400 ἐαυτούς
2707 5335 2916 5400 ἔλεγον.
2954 5333 3080 5386 Ἐπὶ
3116 5332 3214 5402 μὲν
3238 5329 3513 5399 Στεφάνου
3557 5345 3694 5381 κατ-

2111 5436 2346 5507 ηγόρους
2386 5431 2482 5486 καὶ
2531 5428 2874 5498 συκοφάντας
2931 5426 3179 5495 ἐζήτουν,
3218 5425 3310 5476 ἐπὶ
3358 5421 3412 5474 δέ
3471 5419 3688 5472 Παύλου

2114 5525 2408 5599 χωροῦσιν,
2428 5524 2550 5576 ἐπεὶ
2579 5517 2720 5574 εἶδον
2748 5518 3153 5588 ἐπιτεινόμενον
3169 5515 3231 5570 56
3253 5511 3692 5582 κήροιγμα.”ορα

2115 5620 2278 5672 αὐτὸν
2299 5659 2314 5684 ,
2345 5618 2407 5670 οὐ
2435 5617 2620 5686 χάριτι
2650 5613 2980 5683 σωζόμενον,
3009 5608 3124 5663 ἀλλ’
3151 5607 3474 5678 ἀνθρωπίνῃ
3507 5605 3690 5674 σοφίᾳ,

2116 5712 2203 5764 ἵνα
2239 5710 2419 5780 μάθῃς
2475 5707 2566 5761 τοῦ
2629 5704 2820 5775 ἀνδρὸς
2861 5702 2961 5771 τὴν
2995 5699 3196 5771 ἀρετὴν
3251 5700 3418 5768 χωρὶς
3457 5697 3689 5782 σημείου

2114 5802 2462 5869 λάμπουσαν.
2495 5797 2556 5851 Et
2601 5797 2658 5850 δὲ
2689 5796 2782 5849 καὶ
2837 5792 3106 5863 ἐπεθύμει
3133 5793 3231 5861 τῆς
3260 5787 3510 5844 ἐντεῦθεν
3549 5789 3686 5840 ἁπο-

2113 5890 2335 5962 ὃημίας,
2374 5889 2491 5943 ἀλλ’
2522 5889 2672 5958 ὅμως
2713 5885 2808 5942 καὶ
2843 5888 2942 5957 τῆς
2967 5884 3079 5940 τῶν
3108 5881 3415 5956 ἀνθρώπων
3435 5879 3538 5954 ἐρᾷ
3578 5895 3689 5934 σω-
