4082 6416
323 339 464 404 1389

1131 338 1663 402 EXPOSITIONIS
1705 341 1783 403 IN
1825 341 2013 402 ACTA
2038 342 2341 405 TEXTUS
2384 344 2744 408 TERTIUS.

3452 343 3592 410 1090

311 466 400 505 ἰιν
443 450 473 502 6
515 447 720 520 Πέτρος
766 447 1069 520 ἀναστῆσαι
1110 448 1349 520 ἀμελητὶ
1386 449 1611 518 νεκρόν·
1647 449 1771 503 ἐπεὶ
1797 449 1914 512 πῶς
1945 457 1982 510 Α
2019 452 2261 516 στάσεως
2293 454 2560 524 σύμϐολα.
2607 457 2769 518 Ἴσως
2823 453 2915 509 ἐπὶ
2954 455 3156 524 γόνατα
3193 457 3444 526 κείμενος
3496 454 3605 510 εἶδε

317 543 483 598 αξιτδν
511 561 572 614 με
581 559 736 596 τεστε
747 543 956 609 ίλαντο;

392 634 533 700 Ὅρα
566 631 624 684 16
653 630 746 684 τοῦ
782 632 990 702 Πέτρου
1044 632 1273 700 ἄτυφον,
1306 633 1427 696 πῶς
1470 634 1532 687 06
1563 633 1714 702 παρὰ
1735 631 1908 688 ταῦτα

326 723 393 796 [Ῑ.
433 720 628 793 ταύτῃ]
653 721 829 790 μένει,
852 723 976 776 οὐδὲ
995 725 1122 795 παρ’
1142 723 1289 795 ἄλλῳ
1319 725 1429 778 τινὶ
1453 726 1564 778 τῶν
1592 726 1905 795 ἐπισήμων,

320 814 457 868 ἀλλὰ
485 816 638 882 110-93:
662 814 882 884 βυρσεῖ,
913 815 1000 868 διὰ
1039 817 1261 870 πάντων
1296 819 1374 880 είς
1405 819 1909 890 ταπεινοφροσύνην

322 910 469 977 ἡμᾶς
501 907 672 974 ἄγων,
701 906 824 960 οῦτε
853 910 980 971 τοὺς
1015 909 1254 972 εὐτελεῖς
1301 911 1659 980 αἰσχύνεσθαι
1699 911 1908 981 ἀφιεὶς,

321 1000 445 1056 οὔτε
480 1001 605 1062 τοὺς
639 1000 910 1070 μεγάλους
942 1001 1287 1072 ἐπαίρεσθαι.
1337 1004 1578 1057 Ἐδέοντο
1606 1004 1714 1075 γὰρ
1744 1001 1909 1057 αὐτοῦ

318 1095 422 1163 τῆς
472 1093 825 1158 διδασκαλίας
853 1095 904 1146 οἱ
932 1094 1018 1152 διὰ
1039 1097 1106 1147 τὰ
1130 1098 1332 1164 σημεῖα
1373 1097 1784 1160 πιστεύσαντες.

394 1180 562 1249 0610;
590 1187 692 1239 οὐκ
743 1187 891 1239 ἐστιν
949 1189 1220 1255 Ἰουδαῖος,
1246 1189 1278 1259 ἢ
1314 1190 1422 1241 τῶν
1451 1191 1554 1243 ὑπὸ
1577 1190 1670 1244 τὸν
1714 1191 1899 1260 νόμον,

323 1277 440 1329 ἀλλ’
481 1277 582 1347 ἤδη
613 1276 936 1346 προειλήφει
966 1278 1067 1347 τὴν
1120 1279 1392 1348 ἡμετέραν
1434 1279 1730 1335 πολιτείαν.
1769 1281 1912 1351 Ὅρα

323 1368 418 1422 δύο
449 1367 846 1433 πιστεύσαντας
878 1370 966 1423 ἐπ’
997 1369 1293 1441 ἀξιώμασι,
1322 1372 1412 1425 τόν
1439 1389 1499 1424 τε
1540 1372 1796 1443 εὐνοῦχον
1818 1374 1914 1427 καλ⁸

323 1457 515 1511 τοῦτον
537 1475 550 1487 ·
582 1459 678 1511 καὶ
707 1459 810 1529 ὅρα
836 1459 1039 1530 πολλὴν
1089 1460 1328 1530 σπουδὴν
1367 1461 1508 1531 ὑπὲρ
1538 1461 1744 1516 τούτων
1771 1479 1912 1530 γινο-

329 1552 521 1621 μένην,
553 1550 745 1620 καὶμὴ
770 1551 1004 1624 νομίσῃς
1053 1552 1141 1604 διὸ.
1182 1551 1252 1606 τὰ
1294 1553 1602 1622 ἀξιώματα,
1645 1553 1782 1607 ἀλλὰ
1825 1554 1912 1607 διὰ

324 1643 425 1711 τὴν
452 1643 760 1697 εὐλάϐειαν.
791 1643 890 1697 Διά
917 1645 1025 1715 γὰρ
1051 1644 1210 1698 τοῦτο
1231 1647 1326 1698 καὶ
1355 1647 1425 1700 τά
1448 1645 1738 1716 ἀξιώματα
1760 1646 1913 1716 τίθη-

327 1751 434 1800 σιν,
479 1733 566 1788 ἵνα
593 1733 796 1803 μείζων
853 1736 888 1806 ἠ
938 1735 1198 1790 εὐλάϐεια
1225 1737 1440 1807 δειχθῇ.
1475 1737 1628 1806 Μέγα
1659 1737 1819 1792 τοῦτο
1851 1738 1912 1792 16

2016 544 2116 615 τὴν
2156 545 2449 603 ὀπτασίαν.
2498 546 2654 617 Ἐμοὶ
2695 547 2842 600 δοκεῖ
2891 547 2985 600 καὶ
3024 549 3284 618 κήρυγμα
3314 547 3492 614 τοῦτο,
3527 549 3610 602 ὃτι

2011 637 2154 689 θεῖον
2182 631 2248 707 ἦν
2273 637 2334 690 16
2365 639 2650 708 γινόμενον
2701 639 2823 692 τότε
2883 639 3089 694 ἄνωθεν
3127 640 3255 693 ἰδεῖν
3278 681 3293 706 ,
3321 642 3415 693 καὶ
3455 641 3516 692 16
3549 642 3610 696 ἐν

2013 726 2267 780 ἐκστάσει
2299 727 2576 794 γενέσθαι,
2604 729 2700 782 καί⁵
2729 730 2791 781 16
2825 729 3010 796 φωνὴν
3046 729 3257 782 ἐκεῖθεν
3288 730 3604 800 ἐνεχθῆναι,

2014 818 2108 870 καὶ
2132 817 2194 870 16
2215 819 2330 888 τρὶς
2353 819 2712 888 ὁμολογῆσαι,
2772 821 2856 874 ὅτι
2889 821 3184 892 ἀκάθαρτά
3229 823 3358 887 είο·ι,
3405 823 3502 875 καὶ
3546 822 3610 875 16

2012 909 2227 961 ἐκεῖθεν
2261 909 2439 979 ἥκειν,
2463 911 2559 964 καὶ
2587 913 2706 963 ἐκεῖ
2731 912 3170 982 άνασπασθῆναι.
3222 913 3379 980 Μέγα
3409 914 3610 982 δεῖγμα

2015 999 2411 1070 καθαρότητος.
2443 1002 2539 1054 Διὰ
2570 1003 2622 1053 τί
2668 1003 2724 1054 δὲ
2758 1007 2850 1056 καὶ
2891 1005 3048 1057 τοῦτο
3087 1006 3332 1071 γίνεταις
3363 1006 3460 1056 Διὰ
3484 1006 3610 1066 τοὺς

2017 1094 2154 1160 μετὰ
2197 1091 2390 1158 ταῦτα,
2431 1088 2512 1155 οἷς
2573 1093 2758 1163 μέλλει
2803 1094 3118 1164 ἐξηγεῖσθαι
3154 1115 3166 1125 ο
3213 1096 3404 1163 ἐπε.δὴ
3445 1097 3610 1158 06:6;

2014 1185 2280 1253 ἧκουσεν·
2319 1203 2336 1234 ι
2382 1185 2472 1247 Et;
2507 1184 2626 1238 ὁδὸν
2674 1184 2842 1238 ἐθνῶν
2890 1171 2971 1256 μὴ’
3004 1185 3295 1256 ἀπέλθητε.
3333 1205 3351 1236 0
3393 1185 3454 1238 Ei
3500 1185 3610 1255 γὰρ

2015 1278 2112 1330 καὶ
2139 1278 2448 1347 περιτομῆς
2501 1277 2696 1349 ἐδεήθη
2747 1279 2840 1332 καὶ
2871 1277 3061 1340 θυσίας
3095 1280 3124 1331 6
3159 1277 3390 1344 Παῦλος,
3429 1278 3610 1343 πολλῷ

2023 1369 2223 1438 μᾶλλον
2247 1369 2371 1420 τότε
2400 1371 2460 1421 ἐν
2487 1370 2629 1440 ἀρχῇ
2659 1369 2754 1422 τοῦ
2799 1369 3153 1441 κηρύγματος
3192 1369 3606 1439 ἀσθενεστέρων

2015 1458 2186 1511 ὄντων
2219 1458 2419 1512 αὐτῶν.
2445 1461 2606 1512 Δοκεῖ
2625 1459 2724 1530 μὲν
2752 1459 2890 1530 πρὸς
2911 1459 3072 1512 αὐτὸν
3105 1457 3412 1528 λέγεσθαιή
3434 1459 3608 1526 φωνὴ,

2014 1552 2074 1605 16
2101 1550 2159 1603 δὲ
2189 1551 2298 1603 πᾶν
2353 1551 2488 1621 πρὸς
2525 1551 2817 1614 Ἰουδαίους
2850 1551 3091 1620 λέγεται.
3137 1551 3198 1604 Εἰ
3235 1551 3343 1619 γὰρ
3388 1552 3417 1603 6
3454 1549 3607 1603 διδά-

2019 1645 2219 1708 σκαλος
2264 1645 2609 1715 ἐπιτιμᾶται,
2677 1643 2856 1714 πολλῷ
2917 1643 3118 1715 μᾶλλον
3176 1636 3345 1696 οῦτοι.
3412 1639 3474 1694 Ἢ
3513 1635 3609 1694 οῦν

2021 1735 2231 1800 σινδὼν,
2257 1737 2291 1806 ἡ
2321 1737 2395 1806 γῆ
2417 1752 2432 1766 ·
2469 1737 2537 1790 τὰ
2557 1736 2613 1789 δὲ
2652 1737 2710 1789 ἐν
2735 1737 2874 1808 αὐτῇ
2902 1736 3091 1806 θηρία,
3125 1736 3177 1788 οἰ
3215 1735 3273 1800 ἐξ
3303 1732 3474 1787 ἐθνῶν
3495 1748 3509 1763 ·
3549 1733 3612 1786 16

327 1823 698 1894 ἐλεημοσύνας
742 1827 918 1879 ποιεῖν
969 1828 1066 1882 καὶ
1117 1829 1302 1898 εὐχάς.
1357 1830 1468 1882 Καὶ
1511 1830 1602 1884 διὰ
1632 1829 1796 1883 τοῦτο
1821 1831 1912 1884 16v
1946 1820 1988 1878 Β
2015 1829 2093 1894 δὲ,
2128 1848 2148 1881 ‹
2191 1827 2365 1882 Θῦσον
2397 1830 2492 1882 καὶ
2513 1831 2678 1898 φάγε,
2709 1849 2727 1882 0
2760 1829 2843 1884 ὅτι
2865 1828 3157 1890 κάκείνους
3182 1827 3262 1880 δεῖ
3290 1825 3609 1896 προσιέναι’

326 1912 500 1984 ἄνδρα
531 1917 677 1968 ποιεῖ
705 1914 1004 1987 γνώριμον,
1042 1918 1131 1973 ἵνα
1168 1921 1240 1988 μή
1277 1935 1361 1982 τις
1393 1920 1524 1992 εἴπῃ
1548 1920 1630 1973 ὅτι
1654 1919 1910 1990 ψεύδεται

327 2007 434 2058 τῶν
498 2007 732 2078 Γραφῶν
787 2011 820 2080 ἡ
882 2009 1120 2080 ἱστορία.
1156 2029 1175 2061 ι
1236 2012 1331 2064 Ἐκ
1394 2013 1648 2081 σπείρης,
1685 2011 1909 2082 »φησί’

332 2102 533 2170 σπεῖρα
560 2101 614 2152 δέ
643 2103 789 2154 ἐστιν
809 2103 836 2154 6
855 2101 1190 2171 καλούμενος
1218 2102 1503 2175 νούμερος.
1595 2149 1608 2158 .

397 2193 497 2244 Διὰ
518 2192 572 2245 τί
608 2193 796 2262 βλέπει
829 2195 919 2247 τὸν
969 2196 1236 2264 ἄγγελον;
1271 2197 1366 2260 Εἰς
1400 2197 1780 2268 πληροφορίαν
1811 2197 1913 2250 Πέ-

330 2298 464 2352 τρου
493 2299 508 2313 ο
545 2282 752 2354 μᾶλλον
791 2285 846 2338 δὲ
885 2285 984 2338 οὐκ
1013 2286 1250 2354 ἐκείνου,
1297 2286 1433 2342 ἀλλὰ
1467 2288 1575 2340 τῶν
1604 2288 1780 2342 ἄλλων
1807 2290 1916 2341 τῶν

331 2374 763 2445 ἀσθενεστέρων.
802 2377 1029 2448 Ἐννάτῃ
1069 2378 1209 2449 ῶρᾳ,
1251 2379 1339 2432 ὅτε
1377 2379 1671 2450 φροντίδων
1700 2379 1914 2450 ἠφίετο,

330 2467 433 2520 καὶ
454 2468 513 2522 ἐν
541 2468 744 2540 ἠσυχίᾳ
773 2463 842 2538 ἦν
872 2470 967 2524 καὶ
1016 2469 1327 2542 κατανύξει.
1355 2471 1475 2525 ’Ίνα
1518 2470 1593 2542 μὴ
1627 2471 1711 2524 ἐπ’
1758 2471 1918 2526 ἄλλον

330 2537 579 2622 ἔλθωσιν,
611 2537 850 2614 06010116
878 2563 971 2614 τοῦ
1001 2537 1291 2631 ἐπωνύμῖυ
1318 2561 1498 2632 μόνον,
1519 2537 1664 2615 *ἀλλά
1693 2564 1787 2616 καί
1812 2564 1919 2616 ἀπὸ

331 2647 426 2701 τοῦ
456 2649 625 2704 τόπου
650 2649 805 2722 δηλοῖ
833 2651 926 2704 16v
961 2653 1150 2724 ἀνδρα.
1186 2651 1353 2707 Ἴδετε
1389 2653 1506 2717 πῶς
1539 2653 1605 2707 τά
1631 2654 1918 2723 ἀνακεχωο

334 2740 549 2814 ρημένα
590 2742 698 2796 τῶν
735 2744 944 2798 πόλεων
985 2744 1212 2798 ἐδίωκον
1245 2747 1294 2800 οί
1323 2745 1633 2810 ἀπόστολοι,
1667 2747 1761 2799 καί¹
1787 2747 1920 2816 ἐρη-

337 2833 466 2902 μίας
489 2833 642 2898 δδτες
668 2835 812 2904 φίλοι
843 2839 938 2890 καὶ
970 2836 1240 2907 ἡσυχίαςς
1291 2838 1356 2890 Τί
1378 2837 1493 2904 οῦν,
1527 2840 1576 2891 εί
1601 2837 1800 2909 συνέϐη
1825 2838 1921 2890 καὶ⁷

335 2928 496 2982 ἄλλον
519 2925 696 2998 εἶναι;
741 2931 874 2985 Ἰδοὺ
907 2930 1020 2984 ἐστι
1077 2931 1170 2984 καὶ
1201 2931 1330 2986 ἄλλο
1375 2935 1625 3003 σημεῖον,
1655 2933 1716 2986 16
1768 2931 1920 3002 παρὰ

336 3023 614 3079 θάλασσαν
643 3028 814 3080 οἰκεῖν
839 3043 851 3054 ⁸
883 3027 984 3080 οὐκ
1017 3023 1138 3081 εἷπε
1173 3029 1229 3082 δὲ
1263 3028 1351 3082 διὰ
1382 3029 1455 3093 τί,
1485 3028 1574 3082 ῖνα
1611 3027 1687 3100 μὴ
1717 3027 1920 3099 ἐλκύσῃ

336 3117 522 3182 αὐτὸν,
549 3119 664 3172 ἀλλ’
691 3120 905 3189 ἀφῆκεν
933 3119 1098 3174 αὐτὸν
1125 3121 1182 3174 ἐν
1215 3119 1484 3192 ἐπιθυμίᾳ
1510 3120 1604 3174 καὶ⁹
1642 3119 1793 3191 πόθῳ
1822 3119 1924 3191 τῆς

335 3211 656 3281 ἀκροάσεως
703 3213 971 3280 γίνεσθαι.

421 3303 732 3375 Ὀρᾷς;οὑχ
751 3304 937 3368 ἅπλῶς
973 3305 1142 3359 ταῦτά
1161 3321 1346 3374 φησιν,
1380 3304 1464 3357 ὅτι
1493 3303 1542 3356 οἱ
1581 3319 1924 3373 προσκαρτε-

341 3393 561 3464 ροῦντες
594 3395 743 3466 αύτῷ
798 3397 1036 3450 τοιοῦτοι
1056 3392 1218 3468 ἦσαν.
1246 3397 1388 3465 Ὅρα
1411 3397 1466 3448 δὲ
1491 3396 1584 3449 καὶ
1607 3396 1668 3448 16
1699 3395 1924 3463 ἄτυφον.

345 3506 363 3536 ι
411 3487 516 3539 Καὶ
551 3487 712 3558 ἦθελε
772 3487 1098 3556 γεύσασθαι.
1136 3507 1153 3540 0
1185 3489 1260 3542 O6
1301 3491 1412 3558 γὰρ
1450 3486 1597 3553 εἶπε,
1641 3486 1928 3541 Καλέσατέ

343 3597 438 3649 μοι
464 3581 687 3651 Πέτρον,
707 3581 824 3634 ἀλλ’
847 3580 986 3634 ὥστε
1010 3583 1104 3634 καὶ
1126 3584 1310 3634 πεῖσαι
1334 3581 1644 3650 ἐξηγήσατο
1669 3579 1888 3634 ἅπαντα
1912 3595 1926 3610 ο

341 3674 436 3724 καὶ
468 3672 623 3726 τοῦτο
655 3674 1014 3743 οἰκονομικῶς
1038 3689 1050 3702 ·
1084 3674 1144 3727 o6
1183 3674 1291 3744 γὰρ
1319 3671 1474 3742 ἠξίου
1497 3674 1604 3726 ἀπὸ
1631 3674 1724 3727 τοῦ
1763 3675 1930 3741 ἀξιώ-

342 3783 513 3836 ματος
543 3765 706 3820 αὐτὸν
733 3765 1065 3836 μεταπέμψα
1079 3766 1216 3819 σθαι.
1246 3765 1389 3834 Ὅρα
1420 3765 1537 3827 πῶς
1555 3765 1682 3828 106;
1703 3769 1933 3835 καιροὺς

343 3860 566 3925 συνάγει
601 3859 661 3912 16
725 3858 972 3927 Πνεῦμα,
1003 3857 1126 3911 οὔτε
1176 3858 1393 3923 θᾶττον,
1426 3855 1550 3910 οὔτε
1599 3857 1931 3929 βραδύτερον

341 3951 475 4006 αὐτὸ
523 3952 667 4004 ποιεῖ
723 3949 998 4020 γενέσθαι.
1051 3951 1310 4004 Τουτέστι
1362 3948 1484 4003 κατ’
1538 3949 1679 4004 ἰδίαν
1725 3952 1819 4004 καὶ
1875 3955 1932 4006 ἐν

341 4043 543 4116 ἠσυχίᾳ
579 4044 653 4106 ὡς
680 4045 736 4098 ἐν
762 4043 840 4114 τῷ
868 4042 1122 4114 ὑπερῴῳ.

417 4137 482 4188 Τί
537 4139 672 4198 ἐστι,
705 4154 724 4186 ι
800 4135 1092 4201 ἔκστασιςς
1141 4155 1158 4187 0
1197 4135 1549 4206 Πνευματική
1599 4152 1683 4199 τις
1731 4135 1932 4190 ὡσανεὶ

343 4229 548 4300 θεωρία
579 4228 805 4297 γέγονεν
835 4229 1007 4299 αὐτῷ,
1030 4229 1122 4281 καὶ
1154 4227 1428 4298 σώματος,
1451 4227 1525 4289 ὼς
1559 4229 1625 4282 ἂν
1652 4228 1798 4282 εἴποι
1824 4246 1930 4294 τις,

346 4322 540 4392 ἐξέστη
581 4324 614 4392 ἡ
646 4323 816 4393 ψυχή.
861 4321 925 4373 Ἢ
953 4322 1209 4384 ἔκστασις
1230 4321 1382 4390 δηλοῖ
1413 4321 1504 4373 καὶ
1529 4320 1628 4392 τὴν
1656 4320 1750 4373 ἐπὶ
1797 4319 1935 4373 θαυ.

347 4416 552 4486 μασμῷ
587 4415 874 4487 ἔκπληξιν,
931 4417 1025 4468 καὶ
1073 4416 1134 4468 16
1166 4415 1272 4480 ἐξω
1303 4413 1414 4466 τῶν
1465 4413 1744 4484 αἰσθητῶν
1775 4413 1933 4482 γενέ-

345 4509 494 4572 σθαι,
523 4510 615 4562 ἐπὶ
644 4511 716 4562 τὰ
745 4506 1096 4578 πνευματικὰ
1133 4507 1567 4578 ποδηγούμενον.

417 4601 692 4673 Σύμὸελον
736 4602 840 4671 τῆς
903 4600 1232 4670 οἰκουμένης
1284 4600 1504 4669 ἁπάσης
1559 4599 1586 4651 ὁ
1639 4598 1931 4669 ἄνθρωπος

344 4697 647 4768 ἀκρότατον
671 4691 760 4765 ἦν.
786 4694 954 4748 Οὖδέν
979 4693 1088 4764 γὰρ
1113 4692 1291 4745 κοινὸν
1319 4687 1432 4762 εἶχε
1455 4691 1589 4762 πρὸς
1617 4689 1932 4753 Ἰουδαίους.

349 4788 616 4860 Ἔμελλον
644 4786 808 4842 αὐτοῦ
831 4786 1158 4856 κατηγορεῖν
1193 4785 1449 4846 ᾶπαντες,
1482 4781 1557 4844 ὠς
1588 4779 1930 4852 παραδάτου.

345 4883 493 4953 Ὅρα
515 4881 608 4936 οῦν
641 4881 695 4934 τί
749 4882 1116 4949 οἰκονομεῖται
1145 4878 1236 4930 καὶ
1285 4876 1443 4939 0616;
1464 4891 1478 4906 '
1507 4875 1680 4942 λέγει,
1709 4893 1726 4926 ι
1766 4873 1934 4927 Ούδέ-

349 4992 481 5029 ποτε
509 4973 734 5044 ἔφαγον,
774 4991 792 5024 0
828 4972 949 5042 οὐχὶ
1012 4970 1208 5032 αὐτοὺς
1258 4967 1536 5031 δεδοικὼς,
1574 4966 1650 5038 μὴ
1679 4966 1930 5035 γένοιτοί

347 5067 466 5124 ἀλλ’
500 5066 606 5120 ὑπὸ
627 5065 722 5118 τοῦ
758 5063 1076 5133 Πνεύματος
1102 5063 1492 5132 οἰκονομεῖται,
1521 5059 1587 5112 ἵν’
1619 5059 1717 5130 ἔχῃ
1739 5059 1936 5112 ἀπολο-

345 5158 475 5227 γίαν
516 5158 651 5228 πρὸς
672 5156 799 5218 τοῦς
827 5153 1216 5224 ἐγκαλοῦντας,
1246 5152 1328 5206 ὅτι
1364 5151 1456 5204 καὶ
1484 5148 1704 5204 ἀντεῖπε
1729 5167 1745 5184 ·
1791 5150 1932 5202 πάνυ

347 5249 460 5319 γὰρ
515 5247 712 5309 0.6106;
756 5247 862 5298 ἔδει
921 5245 1014 5298 16v
1059 5243 1223 5313 νόμον
1283 5241 1594 5311 φυλάττειν.
1649 5240 1742 5303 Εἰς
1805 5239 1933 5310 ἐθνη

349 5341 654 5410 ἐπέμπετο,
678 5339 764 5391 ἵνα
799 5338 872 5407 μὴ
899 5333 1044 5392 οὗτοι
1075 5334 1237 5390 αὑτοῦ
1278 5333 1752 5406 κατηγορήσωσιν.
1793 5333 1935 5402 Ὅρα

351 5435 497 5488 πόσα
531 5431 760 5501 γίνεται.
802 5429 918 5484 Ἰνα
964 5427 1074 5499 γὰρ
1116 5425 1190 5499 μὴ
1243 5425 1370 5497 δόξῃ
1431 5424 1732 5494 φαντασίαν
1762 5419 1932 5490 εἶναι,

350 5522 524 5582 Εἶπον
563 5523 630 5596 υ.
663 5519 831 5594 εἷπε],
864 5520 1030 5592 φησί·
1067 5537 1086 5572 ι
1124 5517 1430 5589 Μηδαμῶς,
1466 5517 1659 5589 Κύριε.
1697 5534 1715 5568 0

424 5619 492 5674 Δί
509 5621 776 5688 τέσσαρες
805 5614 974 5686 ἀρχαὶ
1031 5615 1100 5668 τά
1132 5614 1378 5685 τέσσαρα
1405 5615 1643 5684 στοιχεῖα
1671 5612 1891 5682 δηλοῦσι
1917 5628 1931 5642 ·

355 5711 526 5766 καὶτὸ
546 5709 713 5780 φανὲν
741 5706 932 5770 σκεῦος
979 5706 1071 5759 16v
1093 5703 1401 5776 παχύτερον
1423 5704 1625 5774 κόσμον
1656 5703 1933 5775 σημαίνει·

356 5802 454 5856 καὶ
485 5801 553 5856 τὰ
583 5799 813 5871 διάφορα
843 5797 957 5864 ζῶα
1002 5797 1100 5867 τῆς
1131 5796 1240 5850 τῶν
1273 5793 1575 5867 ἀνθρώπων
1607 5793 1724 5848 ἐστὶ
1759 5810 1933 5848 κατα-

2019 1920 2080 1973 16
2108 1920 2166 1973 δέ
2195 1920 2376 1990 τρίτον
2400 1920 2559 1974 τοῦτο
2583 1921 2864 1990 γενέσθαι,
2890 1919 2952 1972 16
2981 1919 3284 1989 βάπτισμα.
3317 1917 3491 1988 Πολλὴ
3519 1916 3613 1970 τοῦ

2021 2011 2340 2082 Πνεύματος
2389 2014 2422 2082 ὴ
2477 2012 2731 2077 ἐξουσία⁶
2797 2010 2826 2063 ὃ
2876 2010 2985 2080 γὰρ
3022 2011 3166 2061 ποιεῖ
3207 2009 3235 2060 6
3263 2008 3416 2073 Θεὸς,
3455 2006 3616 2060 τοῦτο

2020 2104 2238 2172 λέγεται
2267 2103 2329 2157 16
2356 2103 2582 2174 Πνεῦμα
2611 2102 2671 2154 τὸ
2696 2101 2854 2169 ἅγιον
2883 2102 3076 2153 ποιεῖν.
3117 2099 3174 2152 Ὀ
3227 2099 3341 2167 μὲν¹
3378 2099 3486 2168 γὰρ
3515 2099 3616 2165 ἆγ-

2021 2195 2177 2264 γελος
2203 2195 2302 2265 οὐχ
2331 2183 2525 2258 οὕτως,
2553 2195 2688 2248 ἀλλὰ
2714 2193 2928 2263 πρῶτον
2963 2191 3156 2256 εἰπὼν,
3188 2209 3206 2241 ι
3239 2191 3305 2242 Δί
3335 2189 3494 2259 εὐχαί
3519 2205 3613 2242 σου

2022 2293 2118 2344 καὶ
2162 2290 2220 2342 αί
2271 2289 2634 2357 ἐλεημοσύναι
2660 2304 2776 2351 σου,
2807 2305 2826 2339 0
2863 2286 2950 2338 ἵνα
2974 2285 3122 2355 δείξῃ
3153 2285 3234 2336 ὅτι
3271 2283 3480 2336 ἐκεῖθεν
3504 2283 3614 2334 ἀπο

2024 2382 2300 2436 ἔσταλται.
2325 2381 2401 2434 T6
2431 2381 2488 2434 δὲ
2523 2380 2748 2450 Πνεῦμα
2771 2379 2870 2448 οὑχ
2893 2375 3088 2441 οὕτως,
3123 2375 3264 2441 ἀλλ’,
3309 2395 3326 2427 ι
3348 2374 3472 2428 Ὀτι
3501 2372 3613 2442 ἐγὼ

2024 2476 2224 2540 αὐτοὺς
2254 2475 2596 2531 ἀπέσταλκα.
2635 2493 2654 2526 0

2096 2565 2221 2622 Εἷδε
2260 2567 2618 2640 στρατιώτην,
2666 2561 2806 2619 εἶδεν
2866 2564 3177 2635 ἄνθρωπον,
3223 2562 3324 2615 οὐκ
3374 2557 3616 2631 ἐφοϐήθη

2024 2663 2212 2717 λοιπόν
2231 2679 2245 2694 ·
2279 2662 2416 2716 ἀλλά
2439 2661 2706 2731 πρότερον
2738 2659 3082 2730 ὁμολογήσας
3113 2655 3280 2719 0616;
3311 2649 3472 2718 εἶναι,
3521 2654 3618 2706 καὶ

2031 2753 2300 2821 ζητήσας,
2346 2750 2468 2803 τότε
2495 2749 2595 2819 τὴν
2632 2749 2813 2803 αἰτίαν
2859 2747 3185 2802 πυνθάνεται
3209 2761 3226 2778 ο
3250 2745 3326 2808 ὡς
3350 2743 3406 2798 δέ
3429 2743 3604 2797 θέλων

2027 2844 2220 2899 ἐαυτὸν
2249 2841 2619 2913 κατακρύψαι,
2653 2842 2761 2906 ἵνα,
2785 2841 2882 2905 ἐὰν
2903 2841 3001 2911 μὲν
3035 2839 3238 2902 εὐθέως
3283 2836 3617 2906 κατεπείγῃ.

2029 2937 2126 2991 καὶ
2150 2935 2443 3008 συνεξέλθῃ
2468 2951 2484 2965 ο
2529 2934 2596 2989 ἂν
2625 2934 2682 2987 δέ
2725 2933 2823 3004 μὴ,
2882 2934 2973 2988 ἱνα
3021 2933 3202 3004 ξενίσῃ
3230 2932 3310 2994 είς
3342 2930 3435 2984 16v
3466 2925 3617 2982 οἷκον

2030 3030 2252 3091 06106;.
2297 3029 2538 3097 Λέγουσι
2588 3025 2658 3079 τά
2705 3025 2980 3095 ἐγκώμια,
3013 3023 3153 3077 ὥστε
3184 3025 3372 3076 πεῖσαι
3409 3022 3491 3075 ὅτι
3520 3019 3619 3087 ἄγ-

2031 3122 2188 3190 γελος
2217 3119 2374 3190 ὤφθη
2413 3119 2584 3188 αὐτῷ.
2613 3117 2779 3187 Ὅρα,
2815 3119 2981 3170 πόθεν
3013 3119 3045 3186 ἡ
3091 3115 3234 3186 ἀρχὴ
3268 3116 3480 3183 γίνεται
3507 3113 3617 3165 τῶν

2028 3214 2220 3278 ἐθνῶν,
2262 3212 2370 3266 ἀπὸ
2409 3213 2602 3283 ἀνδρὸς
2617 3209 2880 3274 εὐλαὸοῦς
2898 3208 3052 3275 ἀξίου
3085 3210 3345 3279 φανέντος
3375 3207 3485 3261 ἀπὸ
3506 3206 3616 3259 τῶν

2027 3307 2227 3378 ἔργων.

2098 3400 2191 3470 Μὴ
2220 3399 2648 3470 καταφρονήσῃς
2674 3414 2689 3430 ·
2718 3397 2816 3466 οὐχ
2845 3397 2921 3459 ῶς
2951 3393 3314 3465 καταφρονῶν
3344 3392 3617 3463 ἔπεμψεν,

2029 3490 2144 3546 ἀλλ’
2184 3489 2478 3559 ἐκελεύσθη
2512 3490 2710 3552 οὕτως.
2746 3487 2904 3542 Μετὰ
2954 3485 3272 3558 παρρησίας
3303 3485 3492 3538 λοιπὸν
3524 3485 3622 3538 καὶ

2033 3584 2428 3647 συνδιαιτᾶται,
2463 3582 2559 3636 καὶ
2597 3577 2761 3653 ἦλθον
2811 3582 2908 3633 σὺν
2940 3579 3092 3648 αὐτῷ
3135 3579 3184 3630 οἱ
3217 3577 3391 3633 ἄλλοι.
3421 3576 3620 3637 Καλῶς

2030 3672 2125 3729 οῦν
2179 3674 2446 3744 πρότερον
2495 3671 2900 3741 φιλοφρονεῖται
2955 3669 3084 3731 106;
3127 3667 3348 3736 ἄνδρας,
3390 3667 3485 3720 ἅτε
3511 3667 3621 3720 ἀπὸ

2033 3763 2283 3834 καμάτου
2311 3762 2471 3824 ὄντας
2501 3762 2596 3813 καί¹
2616 3761 2810 3813 οἰκειοῖ
2832 3759 3046 3812 ἐαυτόν.
3073 3756 3340 3818 Καίτινες
3369 3757 3622 3826 ἔρχονται

2035 3855 2152 3927 μετ’
2176 3853 2341 3908 αὐτοῦ
2360 3870 2374 3884 θ
2401 3854 2495 3906 καὶ
2521 3851 2680 3904 τοῦτο
2717 3849 3105 3917 οἰκονομικῶς,
3137 3848 3279 3901 ὥστε
3319 3843 3460 3901 εἶναι
3484 3849 3622 3918 μάρ-

2031 3965 2202 4020 τυρας
2235 3947 2372 4016 μετά
2400 3943 2597 4004 ταῦτα,
2623 3943 2712 3996 ὅτε
2757 3941 2876 3994 δέον
2913 3939 3364 4008 ἀπολογήσασθαι
3399 3939 3490 3993 16v
3519 3941 3622 3993 Πέ-

2032 4057 2182 4112 τρον.
2230 4038 2533 4106 Ἐπίσημος
2583 4031 2653 4104 ἦν
2703 4035 2731 4087 ὁ
2776 4033 2936 4102 ἀνὴρ,
2970 4032 3064 4085 καὶ
3092 4033 3150 4084 ἐν
3184 4032 3442 4102 ἐπισήμῳ
3465 4032 3620 4087 πόλει

2033 4131 2346 4203 τυγχάνωνο
2383 4128 2473 4183 διὰ
2528 4125 2684 4180 τοῦτο
2742 4124 2922 4178 πάντα
2977 4124 3210 4192 γίνεται,
3244 4124 3340 4176 καὶ
3373 4124 3482 4178 ἀπὸ
3520 4125 3621 4192 τῆς

2047 4223 2304 4285 Ἰουδαίας
2336 4221 2510 4293 ἀρχὴν
2531 4217 2802 4288 λαμϐάνει
2831 4217 2893 4270 16
2923 4219 3176 4286 πρᾶγμα.
3213 4215 3350 4285 Οὐχὶ
3373 4217 3431 4267 ἐν
3463 4214 3620 4287 ὕπνῳ

2033 4317 2210 4389 ὤφθη,
2234 4316 2353 4371 ἀλλ’
2383 4313 2732 4385 ἐγρηγορότι,
2761 4314 2819 4366 ἐν
2841 4311 3026 4382 ἡμέρα
3062 4311 3191 4379 περί
3221 4309 3419 4380 ἐνάτην
3446 4308 3621 4380 ὥραν.

2002 4411 2222 4480 κΟῦτως
2263 4406 2415 4479 αὑτῷ
2460 4408 2720 4477 προσεῖχε
2742 4422 2753 4435 ⁸
2788 4405 3070 4458 καὶτοῦτο
3116 4401 3296 4470 φίλου,
3328 4400 3390 4454 16
3420 4403 3478 4456 ἐν
3509 4403 3625 4466 τοῖς

1965 4515 2011 4573 ι)
2037 4502 2264 4572 ἀγαθοῖς
2304 4497 2580 4552 ποιεῖσθαί
2645 4495 2940 4556 κοινωνοὺς
2983 4492 3114 4555 τοὺς
3161 4490 3498 4560 ἀναγκαίους
3531 4491 3626 4561 φῖ-

2033 4595 2180 4658 λους.

2105 4686 2278 4740 Τοῦτο
2309 4683 2373 4757 [Ῑ.
2403 4681 2601 4755 τούτῳ]
2655 4681 2753 4736 καὶ
2786 4680 2910 4740 τοὺς
2941 4677 3136 4740 ἄλλους
3189 4675 3488 4743 παιδεύων,
3522 4677 3623 4731 καὶ

2033 4781 2112 4852 τῷ
2141 4779 2262 4850 Θεῷ
2285 4775 2650 4849 εὐχαριστῶν,
2716 4773 2812 4827 καὶ
2849 4772 2908 4826 16
2963 4768 3220 4824 ταπεινὸν
3244 4770 3306 4822 16
3335 4768 3506 4823 06106
3532 4770 3624 4824 ἐν·-

2034 4871 2402 4940 δεικνύμενος.
2433 4867 2579 4940 Ὅρα
2605 4867 2723 4928 πῶς
2772 4864 2878 4934 πρὸ
2905 4862 3014 4917 τῶν
3030 4861 3207 4916 ἀλλων
3239 4861 3399 4916 τοῦτο
3427 4862 3628 4928 αὐτοὺς

2036 4962 2377 5027 παιδεύουσι,
2417 4959 2550 5030 μηδέ
2588 4957 2654 5030 [Ῑ.
2696 4953 2886 5027 μηδὲν]
2925 4954 3068 5024 μέγα
3103 4955 3235 5024 περὶ
3265 4953 3447 5007 αὐτῶν
3477 4971 3618 5024 φαν-

2035 5055 2298 5120 τάζεσθαι
2325 5070 2338 5083 ·
2368 5052 2464 5106 καὶ
2499 5051 2628 5119 περὶ
2665 5049 2763 5119 τῆς
2788 5047 2882 5100 τοῦ
2905 5045 3042 5100 Θεοῦ
3067 5045 3481 5117 φιλανθρωπίας
3507 5046 3626 5099 δια-

2035 5146 2280 5216 λέγεται,
2317 5142 2413 5197 καλ
2435 5143 2712 5197 δείκνυσιν
2745 5139 2831 5193 ὅτι
2893 5137 3148 5209 μεγάλως
3198 5137 3385 5200 αὐτοῖς
3431 5137 3622 5208 ἐχαρί-

2038 5239 2216 5293 σατοὸ
2238 5236 2392 5299 Θεός.
2423 5234 2536 5289 Καὶ⁵
2562 5235 2685 5304 ὅρα,
2725 5230 2843 5295 πῶς
2880 5230 3041 5301 ὀμοῦε
3071 5231 3166 5284 καὶ
3200 5229 3414 5300 μεγάλα
3450 5227 3624 5297 φθέγ-

2038 5346 2216 5399 γεται,
2277 5327 2372 5380 καὶ
2431 5324 2734 5395 μετριάζει.
2787 5319 2862 5375 O6
2915 5321 3025 5390 γὰρ
3064 5316 3244 5373 εἶπεν·
3285 5320 3623 5388 Ἄνθρωποι,

2040 5419 2233 5492 μηδενὶ
2258 5415 2644 5482 καταξιοῦντες
2666 5412 2983 5473 κολλᾶσθαι,
3004 5410 3239 5482 ἧλθομεν
3270 5410 3406 5481 πρὸς
3436 5410 3582 5478 ὑμᾶς
3608 5425 3624 5442 ⁸

2037 5513 2174 5568 ἀλλά
2221 5511 2276 5566 τί
2319 5526 2333 5576 ;
2375 5528 2393 5562 ι
2437 5508 2630 5578 Ὑμεῖς
2675 5504 2993 5569 ἐπίστασθε,
3031 5521 3051 5556 0
3096 5504 3124 5556 6
3157 5502 3289 5566 Θεὸς
3317 5499 3473 5554 τοῦτο
3499 5503 3624 5554 ἐκέ-

2035 5608 2216 5672 λευσε,
2278 5604 2597 5675 παράνομον
2645 5596 2785 5654 εἶναι
2835 5618 2853 5650 ι
2898 5595 3218 5662 κολλᾶσθαι,
3260 5593 3626 5666 ἥπροσέρχε-

2040 5700 2163 5755 σθαι
2195 5697 2500 5768 ἀλλοφύλῳ.
2542 5714 2560 5748 0

2110 5789 2479 5862 Σημειωτέον,
2516 5788 2597 5843 ὃτι
2644 5786 2806 5852 0616;
2837 5787 2864 5842 6
2906 5783 3038 5849 Θεὸς
3077 5783 3347 5857 ἐπέτρεψε
3378 5780 3455 5853 τῷ
3485 5781 3623 5851 X9:-
