4082 6424
444 336 574 406 ιερι

1406 334 1975 401 TIIEOPIIYLACTI
2007 336 2414 397 BUI.G.\RL’E
2450 338 2810 403 ARCIIIEP.

3546 337 3689 402 1092

441 455 643 525 στιανῷ
671 452 785 524 λαῷ
812 471 831 506 ι
873 452 1079 523 μηδένα
1117 451 1404 522 ἄνθρωπον
1447 451 1648 517 κοινὸν,
1690 451 1722 521 ἢ
1767 451 2012 521 ἀκάθαρ-
2039 469 2083 525 Α
2114 455 2251 508 τῶν·
2295 455 2542 527 μεγάλην
2597 457 2708 528 γάρ
2753 457 2918 525 δόξαν
2969 475 3114 529 ε.χον
3153 460 3374 514 ἐκεῖνοι.
3428 460 3560 513 Ὅτε
3611 463 3689 532 τῷ

439 567 467 600 τ
484 568 530 601 ιν
555 550 758 616 λέγειν,
789 567 806 599 ι
831 547 968 600 ἀλλά
994 548 1231 600 συνεῖναι
1260 545 1462 610 αὑτοῖ;,
1495 546 1587 598 ἆτε
1617 543 1802 596 ἐλπίδα
1828 544 2012 612 έχουσι

441 641 538 692 τοῦ
569 639 843 692 πιστεύειν
877 637 1117 706 μάλιστα
1147 637 1224 699 εἰς
1255 637 1346 689 τὸν
1393 637 1628 703 Χριστόν
1657 651 1669 666 ·
1709 635 1797 687 ἵνα
1823 636 1897 704 μὴ
1921 652 2010 687 νο-

447 741 696 802 μίσωσιν,
732 730 813 782 δτι
862 728 1179 800 παρανομία
1239 723 1306 798 ἦν
1336 728 1396 780 τὸ
1445 728 1698 796 πρᾶγμα,
1751 728 1886 796 μήτε
1929 727 2012 780 ὅτι

440 826 621 894 ἄρχων
684 823 774 875 διὰ
813 820 972 875 τοῦτο
1014 822 1341 890 ὑπήκουσεν,
1383 819 1519 872 ἀλλὰ
1563 818 1624 870 τὸ
1653 819 1760 871 πᾶν
1788 817 1864 886 τῷ
1892 815 2012 886 Θεῷ

438 919 784 987 λογίζωνται.
833 917 909 969 Οὐ
943 916 1101 985 μόνον
1129 911 1441 976 κολλᾶσθαι,
1475 909 1589 985 ἀλλ’
1617 909 1738 962 οὐδὲ
1775 909 2014 980 προσέρ-

437 1011 626 1081 χεσθαι
653 1010 802 1080 ἐξῆν.

519 1102 657 1172 Ἤδη
680 1101 740 1152 τὸ
761 1100 870 1152 πᾶν
895 1099 923 1150 ό
956 1096 1158 1168 Πέτρος
1184 1095 1382 1166 ἤκουσε
1410 1093 1503 1146 καὶ
1526 1092 1678 1162 παρά
1707 1091 1816 1145 τῶν
1845 1107 2010 1161 στραο

437 1189 666 1250 τιωτῶν,
715 1185 852 1240 ἀλλά
902 1184 1149 1254 βούλεται
1204 1183 1421 1254 πρῶτον
1451 1181 1647 1243 αὐτοὺς
1676 1180 2012 1250 ὁμολογῆσαι

439 1282 529 1333 καὶ
552 1279 884 1342 ὑπευθύνους
929 1277 1152 1346 ποιῆσαι
1207 1275 1274 1345 τῇ
1319 1274 1520 1327 πίστει.
1576 1290 1596 1324 ε
1630 1271 1741 1340 Τὴν
1783 1272 2012 1339 ἐννάτην

435 1372 584 1440 ὥραν
641 1367 1099 1438 προσευχόμενος.
1141 1385 1160 1418 ι
1190 1365 1256 1417 Τί
1296 1366 1410 1418 ἐστι
1441 1364 1636 1429 τοῦ-σος
1687 1363 1845 1431 Ἐμοὶ
1867 1363 2012 1415 δοκεῖ

438 1463 531 1514 καὶ
581 1459 771 1529 καιρὸς
818 1458 886 1530 [Ῑ.
919 1455 1136 1528 καιρὸν]
1179 1451 1334 1518 οὗτος
1380 1455 1641 1524 ὡρικέναι
1679 1454 1858 1523 ἐαυτῷ
1894 1453 2009 1524 βίου

437 1553 852 1624 ἀκριϐεστέρου,
881 1553 972 1605 καὶ
1008 1553 1066 1602 ἐν
1096 1550 1274 1620 τρισὶν
1302 1548 1538 1619 ἡμέραις
1560 1565 1572 1578 ·
1601 1549 1688 1601 διὰ
1717 1551 1825 1618 γὰρ
1855 1547 2012 1600 τοῦτο

438 1640 1014 1711 εἷπεν,ἀπὸτετάρτης
1045 1640 1278 1710 ἡμέρας.
1313 1639 1474 1710 Ὅρα,
1494 1639 1658 1692 πόσον
1679 1640 1827 1692 ἐστὶν
1854 1639 2008 1709 εὐχή.

443 1738 571 1789 Ὀτε
605 1735 886 1787 ἐπέδωκεν
944 1735 1023 1795 εἰς
1068 1731 1380 1795 εὐλάϐειαν,
1425 1731 1546 1782 τότε
1583 1732 1834 1799 φαίνεται
1863 1730 2012 1798 αὑτῷ

2121 548 2270 620 φόϐῳ
2322 551 2613 604 κατέπεισε
2665 551 2731 623 [Γ.
2777 552 3112 623 κατέσεισεῙ,
3165 552 3288 606 τότε
3345 553 3543 621 ἐπάγει
3588 555 3689 622 τὴν

2122 639 2494 712 συγχώρησιν.
2525 645 2589 696 οὐ
2623 645 2756 713 παρ’
2805 644 2972 698 αὑτοῦ
3007 644 3327 714 λεγομένην,
3354 644 3494 699 ἀλλά
3537 648 3689 716 παρὰ

2118 731 2228 783 τῶν
2245 732 2558 802 προφητῶν.
2578 733 2756 798 Ὅσοι,
2782 733 2938 804 φησὶ,
2953 735 3228 804 προφῆται
3263 735 3534 804 ἐλάλησαν
3562 737 3693 806 περὶ

2120 822 2408 892 ἁμαρτιῶν
2438 824 2706 892 ἀφέσεως,
2733 825 2792 880 ἐν
2819 825 2995 896 τούτῳ
3023 826 3102 895 τῷ
3131 823 3309 896 Ἰησοῦ
3343 821 3495 880 εἷπον
3519 826 3692 890 αὑτὰς

2120 913 2396 979 ἀφίεσθαι.
2458 915 2616 969 Οὕτω
2669 917 2764 970 καὶ
2821 918 3048 980 Ἡσαΐας
3099 919 3159 970 τὸ
3206 917 3371 970 αὐτοῦ
3420 917 3692 989 εἰσφέρων

2121 1005 2435 1072 πρόσωπον,
2493 1007 2678 1074 λέγει·
2739 1025 2758 1058 ι
2810 1007 2952 1076 Ἐγὼ
2993 1008 3110 1075 εἰμι
3154 1009 3182 1060 ὁ
3242 1007 3542 1076 ἐξαλείφων
3593 1007 3691 1068 τὰς

2118 1094 2394 1163 ἁμαρτίας
2416 1111 2511 1147 σου
2537 1095 2748 1160 καὶτὰς
2770 1095 2998 1166 ἀνομίας
3027 1113 3142 1148 σου.
3175 1114 3194 1148 ι

2189 1185 2298 1239 Θέα
2331 1185 2425 1239 τοῦ
2455 1187 2589 1240 Θεοῦ
2627 1187 2724 1258 τὴν
2758 1187 3076 1255 οἰκονομίαν
3097 1204 3111 1218 ·
3139 1188 3240 1242 οὑκ
3278 1188 3491 1258 ἀφῆκεν
3515 1189 3692 1255 ἀπαρ-

2118 1275 2369 1345 τισθῆναι
2395 1277 2486 1330 τὸν
2537 1275 2714 1345 λόγον,
2748 1276 2868 1330 οὑδέ
2905 1278 2972 1330 ἐκ
3019 1277 3439 1346 προστάγματος
3486 1277 3691 1346 Πέτρου

2117 1367 2368 1432 γενέσθαι
2420 1369 2480 1420 τὸ
2535 1368 2854 1439 βάπτισμα·
2897 1368 3014 1422 ἀλλ’
3067 1369 3255 1441 ἐπειδὴ
3308 1370 3407 1438 τὴν
3453 1368 3693 1421 διάνοιαν

2119 1459 2298 1512 αὑτῶν
2321 1459 2530 1524 ἔδειξαν
2555 1460 2877 1530 θαυμαστὴν
2895 1457 3083 1527 οὖσαν,
3106 1461 3201 1514 καὶ
3221 1461 3318 1529 τῆς
3343 1459 3691 1519 διδασκαλίας

2117 1548 2259 1618 ἀρχὴ
2293 1549 2505 1616 γέγονε,
2537 1551 2632 1604 καὶ
2667 1549 3017 1615 ἐπίστευσαν,
3054 1552 3136 1604 ὅτι
3168 1550 3384 1613 πάντως
3414 1549 3475 1602 τὸ
3499 1549 3692 1620 βάπτι-

2120 1657 2235 1710 σμα
2297 1641 2490 1710 ἄφεσίς
2532 1643 2682 1694 ἐστιν
2722 1643 3172 1712 ἁμαρτημάτων,
3201 1642 3327 1694 τότε
3379 1639 3583 1710 ἐπῆλθε
3631 1641 3693 1692 τὸ

2121 1731 2379 1801 Πνεῦμα·
2415 1733 2578 1786 τοῦτο
2635 1733 2695 1787 δὲ
2747 1734 2982 1803 γίνεται,
3043 1733 3561 1805 προοικονομοῦντος
3595 1731 3690 1784 τοῦ

438 1831 466 1880 ὁ
505 1827 754 1894 ἄγγελος,
813 1826 956 1894 αὕτη
1003 1823 1101 1894 μία
1147 1823 1364 1893 ἡμέρα·
1424 1823 1516 1874 καὶ
1560 1823 1626 1892 ἣν
1669 1821 1913 1890 ἀπῆλθον
1963 1821 2014 1872 οἱ
2046 1823 2088 1880 Β
2119 1824 2255 1877 Θεοῦ
2281 1824 2580 1893 ἀπολογίαν
2614 1826 2859 1895 μεγάλην
2891 1825 2970 1896 τῷ
3001 1827 3220 1897 Πέτρῳ·
3258 1826 3354 1879 καὶ
3387 1825 3483 1894 οὑχ
3507 1824 3690 1886 ἁπλῶς

441 1919 780 1989 πεμφθέντες
829 1917 980 1984 παρᾶ
1030 1915 1354 1985 Κορνηλίου,
1410 1913 1544 1983 μία·
1602 1915 1695 1966 καὶ
1728 1914 1796 1983 ἦν
1826 1909 2008 1983 ἦλθον,

443 2011 539 2078 μία
559 2024 574 2038 ·
611 2009 707 2060 καὶ
730 2009 963 2074 τετάρτῃ
1015 2006 1187 2073 ἐφάνη
1233 2005 1368 2057 ὡσεὶ
1403 2005 1592 2074 τρίτην
1618 2004 1766 2074 ὥραν
1795 2003 1914 2074 μεθ’
1945 2004 2014 2075 ἢν

441 2098 806 2170 προσηύξατο.
853 2099 932 2155 Οὑ
964 2099 1112 2164 λέγει
1167 2097 1430 2165 ἄγγελος·
1476 2096 1648 2157 οὑτως
1700 2097 1846 2149 ἐστὶν
1885 2097 2016 2150 ἀτυ-

441 2209 560 2260 ᾳος.
582 2192 724 2262 Ὅρα
751 2191 850 2260 ὅση
888 2190 1068 2253 πίστις
1100 2189 1198 2241 καὶ
1229 2188 1504 2243 εὐλάϐεια.
1541 2188 1693 2260 ᾝδει
1727 2189 1808 2242 ὃτι
1861 2188 2015 2242 οὐδὲν

437 2285 779 2356 ἀνθρώπινον
836 2279 989 2337 εἶπεν
1045 2285 1073 2336 ὸ
1101 2283 1328 2354 Πέτρος,
1355 2283 1437 2335 ὃτι
1479 2282 1536 2334 '0
1557 2281 1688 2344 Θεὸς
1712 2281 1878 2346 ἐδειξέ
1900 2301 2012 2352 μοι,

439 2377 592 2446 φησί.
625 2378 792 2444 Λέγει
830 2375 1015 2428 λοιπὸν
1050 2367 1237 2437 οὗτος·
1277 2394 1294 2424 ι
1332 2375 1619 2443 Πάρεσμεν
1671 2371 1906 2425 ἀκοῦσαι
1945 2373 2016 2426 τά

437 2469 889 2538 προστεταγμένα
919 2483 1000 2519 σοι
1030 2467 1135 2520 ὑπὸ
1170 2465 1264 2518 τοῦ
1296 2465 1519 2535 Κυρίου.
1566 2465 1722 2536 Οὐχὶ,
1786 2464 2015 2518 ἐνώπιον

437 2559 744 2630 ἀνθρώπου,
772 2559 930 2620 ἀλλὰ,
967 2578 986 2608 ι
1027 2559 1120 2612 τοῦ
1157 2557 1316 2612 Θεοῦ.
1353 2577 1373 2610 ι
1430 2556 1586 2611 Οὕτω
1611 2559 1691 2611 δεῖ
1724 2557 2014 2627 προσέχειν

434 2655 547 2714 τοῖς
574 2651 669 2704 τοῦ
693 2649 1074 2721 Θεοῦβούλοις.
1109 2649 1418 2716 Ἰόυτέστιν,
1441 2651 1503 2704 οὑ
1523 2648 1833 2718 προσώπων
1863 2650 2014 2702 ποιό-

435 2757 598 2810 τητα,
635 2740 771 2794 ἀλλά
804 2741 1147 2811 πραγμάτων
1202 2741 1446 2806 ἐξετάζει
1470 2740 1734 2812 διαφοράν
1758 2758 1772 2772 ·
1799 2740 2014 2809 τρανῶς

437 2834 740 2902 σημαίνων,
769 2836 854 2887 ὅτι
880 2837 940 2887 ὃν
971 2836 1172 2904 τρόπον
1215 2834 1306 2886 τὸν
1335 2833 1468 2886 Θεὸν
1513 2834 1762 2902 ἐφοϐεῖτο
1799 2834 1828 2885 ὁ
1864 2834 2011 2902 Κορ-

435 2925 636 2994 νήλιος,
665 2926 757 2978 τὸν
777 2924 845 2996 [Ῑ.
873 2923 956 2996 ὸν]
987 2926 1074 2979 διὰ
1118 2923 1213 2978 τοῦ
1243 2926 1406 2996 νόμου
1451 2931 1545 2979 καὶ
1575 2924 1684 2976 τῶν
1715 2923 2011 2994 προφητῶν

435 3019 742 3086 κατηχεῖτο,
764 3017 832 3070 δι’
865 3016 926 3069 δν
956 3019 1048 3071 καὶ
1081 3017 1180 3080 τάς
1228 3015 1596 3087 ἐλεημοσύνας
1629 3016 1824 3080 ἐποίει,
1856 3010 2012 3078 οὗτος

2115 1917 2176 1969 τὸ
2227 1916 2452 1983 Πνεῦμα
2483 1917 2739 1988 ἐπῆλθεν.
2787 1917 2923 1971 ἀλλὰ
2957 1917 3230 1986 γλώσσαις
3271 1917 3513 1982 ἐλάλουν,
3555 1917 3692 1986 ὃπίρ

2116 2008 2406 2078 ἐξέπληττε
2435 2010 2562 2072 τοὺς
2608 2008 2982 2073 συνελθόντας.
3033 2010 3176 2080 Πρὸς
3222 2011 3350 2072 τοὺς
3399 2009 3688 2077 λέγοντας·

2114 2099 2212 2151 Διά
2245 2099 2297 2152 τί
2347 2102 2376 2153 ό
2425 2100 2692 2163 Φίλιππος
2735 2100 2796 2153 οὑ
2840 2103 3122 2170 κατήγαγε
3191 2101 3252 2153 τὸ
3308 2100 3554 2170 Πνεῦμα,
3597 2101 3691 2152 καὶ

2114 2191 2204 2246 διὰ
2226 2191 2277 2244 τί
2298 2186 2442 2247 οὗτοι
2464 2193 2571 2264 πρὸ
2592 2192 2687 2246 τοῦ
2714 2193 3075 2264 βαπτισθῆναι
3099 2195 3366 2247 ἐπέπεσεν
3390 2195 3476 2246 ἐπ’
3494 2193 3691 2254 αὐτοὺς

2115 2287 2176 2342 τὸ
2209 2289 2467 2358 Πνεῦμα;
2494 2290 2632 2358 πρὸς
2659 2287 2755 2352 οὓς
2779 2289 2861 2342 δεῖ
2890 2292 3086 2353 εἰπεῖν,
3116 2291 3199 2344 ὃτι
3229 2291 3324 2344 τοῦ
3351 2290 3487 2343 Θεοῦ
3512 2291 3691 2360 κρίσει

2115 2378 2287 2432 ταῦτα
2315 2380 2546 2449 γίνεται,
2560 2381 2654 2434 καὶ
2673 2381 2851 2445 οὐδεὶς
2873 2382 3098 2436 δύναται
3120 2382 3364 2436 κωλῦσαι
3385 2381 3444 2434 τὸ
3467 2381 3690 2450 Πνεῦμα

2116 2470 2420 2533 κατελθεῖν,
2468 2472 2563 2525 καὶ
2593 2471 2699 2542 πρὸ
2732 2471 2826 2525 τοῦ
2860 2471 3227 2542 βαπτισθῆναι
3276 2472 3427 2525 ὕδατι
3459 2475 3688 2534 ἐκεῖνον,

2116 2559 2202 2626 ἐφ’
2230 2558 2258 2610 ὃ
2287 2558 2396 2631 [ἐφ’
2432 2558 2515 2631 ὃν]
2570 2561 2772 2630 συνορᾷ
2807 2561 2869 2613 τὸ
2922 2559 3146 2625 Πνεῦμα
3195 2560 3495 2623 ἐπιπεσεῖν,
3537 2557 3614 2621 ὡς
3661 2557 3691 2609 ό

2120 2649 2321 2720 Πέτρος
2342 2652 2632 2721 μαρτυρεῖ.
2651 2650 2811 2705 Οὕτω
2827 2652 2921 2704 καὶ
2945 2651 3036 2704 ἐπὶ
3053 2649 3145 2704 τοῦ
3163 2651 3431 2704 Φιλίππου
3451 2650 3689 2719 νοητέον,

2117 2745 2200 2796 ὅτι
2237 2743 2338 2796 ούκ
2382 2744 2686 2813 ηὐδόκησεν
2722 2745 2750 2796 ό
2783 2743 2917 2807 Θεὸς
2946 2743 3228 2797 ἐπιϐαλεῖν
3258 2745 3370 2806 τοῖς
3401 2744 3492 2796 ὑπ’
3523 2741 3691 2796 αὑτοῦ

2118 2835 2461 2905 βαπτισθεῖσι
2497 2835 2558 2888 τὸ
2591 2831 2815 2904 Πνεῦμα
2841 2835 2984 2889 κατά
3017 2836 3110 2888 τὸν
3148 2835 3340 2906 καιρὸν
3373 2833 3465 2888 τοῦ
3491 2832 3689 2904 βαπτί-

2117 2943 2320 2995 σματος
2342 2941 2356 2956 ·
2389 2925 2484 2979 καὶ
2506 2925 2826 2996 ὑπερϐαίνει
2853 2925 2946 2978 τὸν
2967 2925 3252 2995 ἄνθρωπον
3277 2924 3569 2994 ἀναζητεῖν
3590 2924 3690 2994 τὴν

2113 3014 2208 3069 τοῦ
2238 3015 2373 3069 Θεοῦ
2414 3015 2664 3086 γνώμην,
2713 3016 2856 3070 κατά
2899 3016 2961 3068 τὸ
3005 3017 3330 3088 εἰρημένον·
3373 3032 3392 3066 ι
3425 3015 3519 3080 Τίς
3549 3015 3692 3083 ἔγνω

436 3107 526 3160 ἐπ’
559 3108 818 3174 ἀληθείας
860 3109 976 3160 ἐστὶ
1008 3107 1165 3170 Θεός.
1201 3107 1478 3180 Ἔλ[ε]ιπε
1524 3107 1581 3162 δέ
1621 3106 1769 3177 αὑτῷ
1820 3109 1854 3177 ἡ
1913 3107 2009 3160 τοῦ
2040 3167 2080 3180 ﬂ
2115 3105 2241 3159 νοῦν
2279 3105 2522 3175 κυρίους
2553 3125 2572 3158 ι

437 3167 676 3270 Χριστοῦ
726 3167 949 3266 γνῶσις.
1011 3167 1134 3271 Τὴν⁷
1173 3167 1535 3271 πᾶσάνιφησι
1577 3167 1800 3271 ἀρετην.
1841 3167 2008 3271 ζὈρα,
2035 3167 2081 3228 C
2187 3167 2384 3271 Τίς
2420 3201 2452 3269 ὴ
2482 3167 2577 3252 τοῦ
2613 3197 2805 3262 ’ύδατος
2831 3197 3011 3269 χρεία,
3048 3197 3140 3252 τοῦ
3184 3198 3339 3266 ἁγίου
3375 3197 3689 3269 Πνεύματος

435 3291 555 3353 πῶς
579 3291 747 3343 αὑτοῦ
787 3291 1149 3360 καταγγέλλει
1195 3292 1255 3345 τὸ
1287 3292 1563 3362 φρόνημα,
1613 3293 1702 3346 ἵνα
1757 3295 1833 3363 μὴ
1884 3294 2013 3368 δόξῃ

437 3383 627 3453 ὥσπερ
662 3385 719 3436 ἐν
748 3383 900 3447 τάξει
959 3385 1388 3456 ἀπερριμμένων
1433 3381 1596 3442 εἶναι.
1631 3387 1819 3440 Ταῦτα
1865 3387 2012 3456 λέγει

438 3476 534 3528 καὶ
566 3475 655 3527 διὰ
678 3476 802 3537 τοὺς
835 3475 1134 3545 παρόντας,
1175 3477 1264 3530 ῖνα
1293 3478 1386 3530 καὶ
1410 3479 1655 3540 ἐκείνους
1699 3477 1886 3549 πείσῃ.
1913 3479 2015 3532 Διά

437 3562 595 3618 τοῦτο
620 3563 811 3632 ἀνάγει
847 3565 940 3618 τὸν
967 3565 1146 3634 λόγον,
1189 3565 1285 3620 καὶ
1335 3567 1637 3633 ἀναγκάζει
1671 3568 1763 3620 τὸν
1801 3570 2013 3638 Κορνή-

438 3654 552 3707 λιον
577 3656 775 3711 εἰπεῖν.
813 3655 909 3707 καὶ
925 3654 1142 3709 δίδωσιν
1180 3657 1364 3718 αὑτοῖς
1398 3660 1511 3720 τοῖς
1543 3658 1680 3721 υίοίς
1715 3658 1930 3728 Ἰσραὴλ
1956 3658 2014 3711 τὸ

436 3747 736 3818 ἐξαίρετον.
774 3749 930 3800 Κατά
982 3748 1043 3800 τὸ
1083 3748 1424 3820 ἀνθρώπινον
1471 3749 1734 3819 δηλονότι.
1793 3751 2011 3821 Ἐπειδὴ

436 3838 705 3892 ἐκένωσεν
736 3839 948 3903 ἐαυτὸν,
977 3841 1070 3894 καὶ
1129 3840 1528 3910 παραπλησίως
1563 3842 1694 3912 ἡμῖν
1749 3842 2013 3912 μετέσχεν

435 3929 666 3998 αἵματος
701 3931 796 3982 καὶ
819 3931 1042 4000 σαρκὸς,
1085 3931 1260 3984 ταῦτα
1311 3933 1457 4004 ἅπερ
1500 3933 1614 4005 ἔχει
1661 3935 1805 3988 κατά
1851 3937 2013 4004 φύσιν

435 4021 512 4084 ὡς
541 4020 695 4084 Θεὸς,
725 4020 1028 4092 λαμϐάνειν
1083 4023 1303 4090 λέγεται
1334 4025 1430 4077 καὶ⁵
1473 4025 1617 4079 κατὰ
1645 4027 1706 4078 τὸ
1736 4026 2015 4098 ἀνθρώπι-

436 4125 547 4162 νον.
580 4109 806 4178 Δέχεται
838 4110 949 4180 γὰρ
979 4110 1079 4181 οὺχ
1111 4113 1288 4180 ἐαυτῷ
1321 4113 1544 4182 μᾶλλον,
1582 4116 1716 4169 καθὸ
1743 4117 1876 4178 Θεὸς
1910 4117 2014 4170 Λό-

437 4216 532 4266 γος
563 4201 714 4252 ἐστὶν
767 4201 900 4270 (ίδια
948 4202 1058 4272 γάρ
1105 4197 1174 4271 ἦν
1227 4203 1438 4272 αὑτοῦ),
1495 4206 1612 4258 ἀλλ’
1656 4207 1788 4279 ἡμῖν
1830 4207 1906 4271 ὠς
1953 4211 2012 4263 ἐν

436 4293 661 4362 άπαρχῇ
699 4291 763 4343 δι’
786 4293 999 4345 ἐαυτοῦ.
1055 4294 1334 4348 Ἐντεῦθεν
1359 4297 1600 4351 δείκνυσι
1638 4299 1835 4363 nam;
1903 4318 2012 4370 πη-

436 4383 635 4454 ρώσεις
659 4382 1090 4449 διαϐολικας,καὶ
1115 4385 1414 4457 διατροφὴν
1448 4385 1513 4458 υ.
1547 4388 1788 4461 διαστρ.]
1827 4391 2014 4458 σωμά-

434 4493 544 4528 των
571 4476 662 4529 ὑπ⁹
684 4477 891 4530 ἐκείνου
922 4476 1314 4548 γεγενημένας,
1345 4477 1533 4548 ὥσπερ
1570 4479 1668 4531 καὶ
1710 4481 1740 4532 ό
1775 4478 2010 4550 Χριστὸς
2043 4493 2087 4548 D

435 4568 642 4634 ἐλεγεν.

504 4657 674 4710 Πάλιν
705 4655 778 4709 τὰ
803 4657 1036 4710 ταπεινά
1055 4671 1068 4684 ·
1098 4655 1188 4710 ὅτε
1219 4655 1437 4722 ἔδειξεν,
1467 4657 1550 4710 ὃτι
1578 4656 1688 4711 ἀπὸ
1715 4657 1849 4712 Θεοῦ
1873 4657 2012 4712 ἀπέ-

437 4749 683 4813 σταλται,
714 4749 837 4802 τότε
858 4748 1007 4816 λέγει
1037 4749 1119 4802 ὅτι
1155 4749 1421 4820 ἀνῃρέθη,
1463 4749 1551 4803 ῖνα
1593 4749 1668 4821 μή
1712 4766 1766 4803 τι
1808 4749 2011 4804 ἄτοπον

435 4840 771 4910 φαντασθῇς.
814 4840 978 4911 Ὁρᾷς
1016 4839 1215 4902 αὑτοὺς
1246 4839 1500 4910 οὐδαμῶς
1545 4839 1887 4910 κρύπτοντας
1918 4840 2010 4895 τὸν

436 4931 692 5002 σταυρὸν,
750 4930 886 4984 άλλά
922 4931 1064 5002 μετά
1107 4931 1218 4984 τῶν
1261 4930 1438 4985 ἄλλων
1476 4931 1726 4995 τιθέντας
1773 4933 1868 4988 καὶ
1917 4933 2011 4987 τὸν

433 5026 658 5094 τρόπον,
697 5044 716 5074 ι
774 5025 836 5077 ὃν
895 5026 989 5077 καὶ
1023 5024 1256 5091 ἀνεῖλον,
1303 5024 1460 5094 φησὶ,
1508 5025 1878 5096 κρεμάσαντες
1917 5026 2012 5079 ἐπὶ

435 5116 628 5182 ξύλου;
661 5136 682 5168 ι
733 5115 926 5168 Καίτοι
965 5130 1028 5182 γε
1085 5113 1247 5178 αὐτὸς
1293 5115 1490 5178 αὐτοὺς
1530 5115 1842 5181 ἐξελέξατο,
1875 5116 2012 5169 ἀλλά

434 5209 532 5262 καὶ
572 5208 729 5262 τοῦτο
774 5207 1067 5274 ἀνατίθησι
1114 5206 1190 5276 τῷ
1217 5207 1357 5278 Θεῷ.
1393 5225 1410 5258 ι
1437 5208 1559 5272 Τοῖς
1594 5225 2010 5280 προκεχειροτο-

434 5300 713 5371 νημένοις,
743 5319 763 5352 ι
831 5299 984 5368 φησί.
1038 5300 1204 5369 Ὅρα,
1246 5300 1408 5353 πόθεν
1442 5299 1539 5369 τὴν
1591 5301 1885 5354 ἀνάστασιν
1921 5301 2010 5370 βε-

434 5389 705 5446 ϐαιοῦται.
773 5391 872 5445 Διά
899 5391 953 5442 τί
1002 5389 1172 5460 μηδὲν
1202 5391 1443 5454 ἀναστὰς
1490 5391 1714 5461 ἐποίησε
1764 5394 2010 5461 σημεῖον,

434 5481 510 5544 ὡς
534 5482 594 5534 τὸ
617 5483 838 5551 φαγεῖν,
867 5485 962 5535 καὶ
987 5484 1132 5535 πιεῖν
1154 5499 1172 5549 ;
1205 5481 1678 5554 διαμαρτύρασθαί
1701 5501 1835 5554 φησι
1853 5483 2014 5552 φοϐε-

438 5574 569 5642 ρῶς,
587 5574 673 5626 ἵνα
694 5575 770 5646 μὴ
797 5574 992 5645 ἔχωσιν
1024 5575 1102 5636 είς
1124 5575 1348 5642 ἄγνοιαν
1389 5578 1718 5630 καταπεσεῖν
1739 5591 1753 5606 ·
1792 5583 1887 5630 καὶ
1913 5577 2013 5631 οὐκ

438 5661 593 5717 εἶπεν
620 5666 698 5717 ὅτι
722 5665 880 5729 αὑτός
909 5667 1057 5718 ἐστιν
1087 5667 1113 5718 ὁ
1144 5665 1268 5729 Υίὸς
1292 5665 1385 5719 τοῦ
1427 5665 1584 5731 Θεοῦ,
1605 5667 1738 5734 ἀλλ’,
1766 5667 1795 5721 ὃ
1813 5668 2013 5738 μᾶλλον

441 5755 638 5820 αὐτοὺς
673 5756 878 5825 ἐμίσει,
912 5759 945 5827 ἡ
973 5757 1133 5828 κυρία
1169 5759 1484 5829 κατασκευὴ
1516 5760 1622 5814 ἀπὸ
1663 5761 1769 5814 τῶν
1797 5779 2009 5833 προφη-

2118 3288 2472 3352 ἐπιπεσόντος
2500 3288 2722 3354 αὑτοῖςς
2755 3290 2828 3342 Τὸ
2861 3290 3160 3360 μυστήριον
3191 3290 3529 3343 ἐκκαλύπτον
3557 3291 3689 3361 ἡμῖν

2113 3381 2176 3433 τὸ
2200 3381 2716 3451 ἀποκεκρυμμένον.
2740 3381 2870 3432 Θεῖα
2895 3381 3130 3434 τελεῖται
3161 3383 3218 3434 ἐν
3245 3381 3395 3451 αὑτῷ
3421 3381 3686 3451 σύμϐολα,

2115 3470 2284 3537 τάφος
2309 3471 2403 3523 καὶ
2429 3471 2716 3540 νέκρωσις,
2750 3470 2840 3522 καὶ
2869 3469 3186 3536 ἀνάστασις,
3207 3471 3302 3524 καὶ
3328 3471 3460 3541 ζωή.
3478 3472 3689 3540 Ὠσπερ

2117 3559 2338 3613 εῦκολον
2389 3562 2527 3631 ἡμῖν
2582 3559 2971 3630 βαπτίσασθαι,
3007 3561 3102 3616 καὶ
3159 3561 3476 3627 ἀνανεῦσαι,
3513 3563 3689 3625 οὑτως

2117 3650 2340 3704 εὔκολον
2376 3650 2454 3721 τῷ
2501 3652 2622 3720 Θεῷ
2671 3651 2838 3722 θάψαι
2870 3651 2962 3704 τὸν
2991 3651 3222 3706 παλαιὸν
3263 3652 3569 3724 ἄνθρωπον,
3590 3655 3686 3708 καὶ

2115 3741 2390 3809 ἀναδεῖξαι
2437 3742 2529 3795 τὸν
2582 3743 2724 3796 νέον.
2783 3741 2980 3813 Τρίτον
3013 3743 3071 3796 δέ
3117 3744 3275 3797 τοῦτο
3317 3745 3547 3812 γίνεται,
3601 3747 3688 3800 ἵνα

2117 3834 2296 3904 μάθῃς
2344 3835 2428 3887 ὅτι
2477 3834 2706 3900 δυνάμει
2749 3834 2996 3907 Πατρὸς,
3055 3829 3150 3889 καὶ
3178 3835 3307 3888 Υἰοῦ
3399 3838 3494 3890 καὶ
3530 3838 3687 3908 ἁγίου

2115 3924 2254 3978 Πνεύ
2263 3942 2432 3996 ματος
2462 3924 2531 3978 τὰ
2566 3925 2762 3980 πάντα.

2187 4015 2342 4068 Μετά
2390 4015 2629 4068 τοσαῦτα
2686 4034 2704 4068 ι
2743 4015 3074 4086 δ.εκρίνοντο
3102 4019 3150 4070 οί
3190 4018 3255 4072 ἐκ
3303 4020 3624 4090 περιτομῆς,
3663 4037 3682 4070 ι

2113 4106 2210 4176 οὑχ
2236 4108 2286 4160 οί
2313 4105 2626 4172 ἀπόστολοι,
2661 4107 2736 4178 μὴ
2769 4109 3013 4176 γένοιτοί
3051 4109 3498 4175 ἐσκανδαλίζοντο
3529 4110 3584 4164 δὲ
3610 4113 3672 4163 οὗ

2119 4197 2365 4268 μικρῶς·
2394 4199 2488 4252 καὶ
2525 4198 2627 4267 ὅρα
2663 4198 2716 4252 τί
2747 4199 3164 4269 προϐάλλονται.
3209 4201 3285 4255 Οὐ
3316 4202 3556 4270 λέγουσι,
3590 4205 3689 4257 Διά

2114 4287 2167 4339 τί
2193 4285 2548 4356 κατήγγειλες
2577 4285 2640 4359 [Ῑ.
2671 4287 3099 4360 κατήγγειλας];
3149 4289 3306 4352 ἀλλὰ,
3339 4293 3438 4345 Διά
3478 4293 3530 4344 τί
3565 4309 3690 4345 συνε-

2114 4377 2318 4446 έφαγες
2339 4394 2354 4409 ·
2388 4377 2507 4429 Ἔτι
2534 4377 2760 4448 ἐζήλουν
2783 4379 2924 4449 ὑπὲρ
2959 4380 3053 4432 τοῦ
3085 4383 3274 4451 νόμον.
3312 4383 3372 4435 Ὀ
3394 4382 3452 4436 δέ
3484 4383 3688 4453 Πέτρος

2116 4469 2175 4521 οὑ
2214 4468 2351 4538 πρὸς
2381 4467 2541 4521 τοῦτο
2565 4469 2780 4520 ἵσταται
2810 4469 2870 4521 τὸ
2898 4469 3102 4540 ψυχρὸν
3129 4471 3353 4542 (ψυχρὸν
3386 4473 3495 4543 γὰρ
3521 4473 3688 4536 ὅντως

2113 4557 2228 4632 ἦν),
2266 4560 2401 4613 ἀλλά
2458 4560 2594 4631 πρὸς
2643 4560 2820 4612 ἐκεῖνο
2847 4561 2908 4612 τὸ
2948 4561 3113 4630 μέγα,
3153 4564 3235 4616 ὅτι
3280 4566 3329 4616 εί
3374 4564 3690 4634 Πνεύματος

2119 4647 2442 4722 μετέλαϐον,
2472 4649 2628 4717 φησὶ,
2656 4649 2770 4712 πῶς
2795 4650 2986 4702 τούτου
3016 4650 3340 4721 μεταδοῦναι
3365 4653 3466 4705 οὑκ
3527 4654 3650 4724 ἐνῆν
3673 4671 3688 4712 ;

2196 4743 2407 4796 Ὠσανεὶ
2437 4742 2622 4810 ἔλεγεν
2644 4758 2658 4771 ·
2701 4741 2909 4794 Ἱκανὸν
2940 4743 3039 4811 μὲν
3071 4737 3139 4813 ἦν
3170 4745 3264 4799 καὶ
3293 4743 3453 4798 τοῦτο
3479 4747 3688 4810 πεῖσαι,

2112 4838 2173 4889 τὸ
2196 4835 2495 4890 θεάσασθαι
2518 4834 2616 4904 τὴν
2643 4834 2877 4900 σινδόνα,
2901 4833 3041 4904 πλὴν
3065 4835 3200 4889 ἀλλά
3227 4837 3320 4889 καὶ
3343 4836 3494 4908 φωνὴ
3521 4855 3691 4907 προσ-

2113 4928 2296 4998 ετέθη.
2327 4928 2401 4979 Ού
2432 4927 2531 4996 τῆς
2569 4925 2838 4990 συνέσεως
2880 4926 2974 4979 τοῦ
3011 4929 3214 4998 Πέτρου
3244 4923 3312 5000 ἦν
3349 4931 3417 4982 τά
3443 4932 3686 5001 ῥήματα,

2113 5021 2250 5074 ἀλλά
2272 5018 2364 5070 τοῦ
2389 5017 2730 5086 Πνεύίιατος·
2755 5015 2850 5069 καὶ
2867 5016 3106 5070 δείκνυσι
3129 5018 3215 5072 διά
3242 5018 3340 5088 τῆς
3396 5021 3689 5088 ἀπολογίας

2115 5114 2308 5166 ἐαυτὸν
2337 5113 2435 5181 μέν
2477 5109 2715 5180 οὐδαμοῦ
2752 5111 2925 5163 αἴτεον
2945 5149 2959 5172 ,
2998 5111 3271 5181 πανταχοῦ
3303 5113 3360 5166 δὲ
3397 5114 3487 5167 τὸν
3517 5113 3647 5166 Θεὸν
3668 5131 3686 5147 ·

2115 5205 2202 5257 ἐπ’
2230 5203 2393 5256 αὑτὸν
2425 5203 2533 5272 γὰρ
2572 5202 2764 5272 ἔρριψε
2789 5201 2849 5253 τὸ
2873 5203 2999 5255 πᾶν.
3038 5221 3057 5252 ι
3095 5203 3182 5256 Ἐν
3209 5205 3464 5258 ἐκστάσει
3499 5226 3517 5258 ι
3554 5209 3685 5275 γὰρ,

2115 5296 2270 5366 φησὶ,
2305 5294 2439 5348 αὑτὸ
2479 5293 2759 5362 ἐποίησεν.
2793 5312 2810 5344 ι
2851 5292 2995 5362 Ἐγὼ
3037 5295 3095 5346 ἐν
3127 5295 3323 5367 Ἰόππῃ
3365 5299 3540 5368 ἤμην·
3572 5316 3590 5349 ι
3629 5304 3689 5352 τὸ

2117 5386 2312 5450 σκεῦος
2345 5385 2506 5448 αὐτὸς
2540 5384 2769 5452 ἔδειξεν·
2811 5380 2921 5452 ἐγὼ
2951 5383 3043 5436 καὶ
3079 5387 3332 5440 ἀντεῖπον
3352 5403 3366 5418 ·
3396 5388 3492 5440 καὶ
3525 5387 3690 5441 πάλιν

2115 5477 2279 5539 αὐτὸς
2339 5469 2485 5539 εἶπε,
2531 5475 2623 5529 καὶ
2688 5473 2808 5527 οὑδὲ
2858 5473 3029 5539 οὕτως
3087 5477 3326 5546 ἥκουσα·
3368 5479 3428 5530 τὸ
3469 5479 3692 5548 Πνεῦμα

2115 5569 2405 5623 ἐκέλευσεν
2445 5566 2723 5632 ἀπελθεῖν,
2763 5565 2861 5622 καὶ
2899 5565 3071 5630 οὕτως
3121 5568 3371 5625 ἀπελθὼν
3411 5571 3511 5623 οὐκ
3556 5573 3690 5624 ἐπέ-

2114 5662 2342 5734 δραμον.

2203 5757 2390 5827 Ὁρᾷς,
2423 5757 2505 5824 ξτι
2531 5756 2606 5809 Οὑ
2639 5756 2698 5810 τὸ
2740 5755 2872 5827 ἐμὸν
2903 5754 3156 5827 ἐποίησα,
3205 5753 3391 5824 φησὶν,
3419 5755 3500 5808 ὅτι
3536 5755 3688 5808 οὐδέ-
