4082 6412
335 349 485 420 1003

1174 341 1713 409 EXPOSITIONiS
1753 340 1835 402 IN
1891 338 2079 399 ACTA
2113 338 2418 401 TEXTUS
2450 338 2806 401 TERTIUS.

3458 334 3592 403 1094

329 481 459 520 ποτε
490 459 714 531 εφαγον,
736 456 873 530 πρδς
906 454 1065 511 τοῦτο
1090 455 1123 510 6
1153 452 1341 525 ἔλεγον
1364 457 1585 518 ἐκεῖνοι,
1612 454 1699 508 ότι
1729 473 1749 507 ι
1776 452 1904 507 Εἰσ·
1935 452 1977 506 Λ
2010 447 2287 518 ἐγκώμιον
2342 447 2502 502 τοῦτο
2550 447 2690 519 πρὸς
2729 448 2977 512 ἅπαντας
3007 444 3203 518 στῆσαι
3227 443 3475 514 δύναται,
3501 447 3588 501 ὅτι

328 553 496 626 ἦλθες
534 550 629 607 καὶ
656 550 961 620 συνέφαγες
993 548 1199 612 αὐτοῖς.
1228 566 1248 600 3
1278 546 1451 602 Τοῦτο
1482 546 1541 601 δὲ
1583 546 1721 617 πρὸς
1755 547 1903 617 K09-

330 647 514 719 νήλιον
538 645 602 699 οὐ
633 644 784 713 λέγει
805 658 821 674 ο
855 642 920 696 οὐ
945 643 1055 713 γάρ
1094 637 1164 712 ἦν
1197 642 1437 712 ἀνάγκη.
1479 641 1665 713 Ὁρᾷς,
1696 639 1779 694 δτι
1806 638 1904 693 τοῦ

334 739 655 810 Πνεύματος
705 736 742 807 ἡ
794 734 1123 806 νομοθεσίας
1184 734 1279 787 καὶ
1323 734 1474 787 οὐδὲν
1519 732 1907 801 ταπεινότερον

337 831 468 884 ὅταν
484 829 582 900 τὴν
603 825 713 881 τῶν
734 825 982 894 ἀδελφῶν
1009 823 1312 896 μαρτυρίαν
1337 822 1624 892 ἐπάγεται.
1645 823 1759 878 Οὐκ
1783 819 1906 877 εἷπε

330 921 403 976 τά
434 921 586 992 παρά
623 917 717 972 τοῦ
750 916 983 987 ἀγγέλου
1014 914 1271 987 ρηθέντα,
1306 915 1387 968 ότι
1430 911 1551 967 εἷπε
1581 913 1661 984 τῷ
1689 914 1906 984 Κορνη-

332 1015 467 1085 λίῳ·
515 1033 534 1064 ι
571 1010 637 1065 Δί
661 1007 961 1081 προσευχαί
999 1023 1093 1060 σου
1130 1007 1225 1060 καὶ
1261 1006 1318 1059 al
1349 1005 1706 1076 ἐλεημοσύναι
1730 1021 1846 1071 σου,
1882 1023 1902 1058 3

334 1108 428 1162 καὶ
460 1104 528 1159 τὰ
558 1104 722 1174 ἐξῆςο
747 1101 885 1158 ἀλλά
919 1100 969 1155 τί
1000 1116 1175 1172 φησι;
1211 1116 1231 1151 ι
1260 1098 1500 1169 Λαλήσει
1526 1098 1746 1169 ῥήματα
1774 1097 1910 1169 πρὸς

338 1200 421 1261 σὲ,
445 1199 503 1251 ἐν
531 1191 616 1260 οἷς
647 1194 874 1265 σωθήσῃ
920 1193 986 1246 σὺ
1022 1194 1118 1246 καὶ
1158 1194 1269 1254 πᾶς
1297 1192 1326 1244 6
1360 1186 1506 1253 οῐκός
1544 1207 1661 1243 σου.
1687 1208 1706 1242 3
1739 1188 1911 1242 Τοῦτο

336 1289 564 1350 εἰκότως
592 1285 940 1357 πρόσκειται,
972 1283 1071 1338 καὶ
1123 1282 1279 1337 οὐδὲν
1311 1282 1459 1351 λέγει
1497 1281 1627 1353 περὶ
1657 1281 1756 1350 τῆς
1787 1283 1910 1335 ἐπι-

332 1377 542 1439 εικείας
568 1376 661 1431 τοῦ
684 1375 897 1447 ἀνδρός.
926 1373 1033 1429 Τοῦ
1061 1374 1374 1445 Πνεύματος
1406 1373 1908 1445 πέμψαντοςφησὶ,

335 1466 431 1523 τοῦ
460 1465 597 1520 Θεοῦ
642 1464 999 1529 κελεύσαντος
1032 1466 1122 1520 διὰ
1171 1464 1268 1520 τοῦ
1313 1463 1567 1535 ἀγγέλου.
1609 1465 1910 1532 Ἐντεῦθεν,

334 1560 638 1626 αἰτοῦντος,
676 1558 899 1621 λύοντος
951 1558 1051 1630 τὴν
1089 1557 1364 1630 διάκρισιν
1396 1559 1506 1612 τῶν
1545 1558 1911 1628 πραγμάτων,

334 1653 391 1708 τί
419 1653 644 1723 ποιῆσαι
686 1653 829 1719 ἐδεις
864 1651 1008 1706 ’Δλλ’
1045 1653 1109 1704 οὐ
1160 1652 1309 1721 λέγει
1342 1651 1548 1706 τούτων
1587 1652 1761 1715 οὐδὲν,
1795 1651 1915 1705 ἀλλ’

2008 540 2109 595 τοῦ
2161 540 2433 610 στόματος
2489 541 2702 595 ἐκείνου
2759 539 3015 594 τοσοῦτον
3060 539 3343 611 ἀπήλαυσε
3393 538 3588 610 χρόνον

2010 629 2201 703 πρώτη
2222 629 2335 684 τῶν
2358 629 2534 683 ἀλλων
2556 628 2787 684 ἀπασῶν
2811 644 2826 659 ·
2842 628 2923 682 διδ
2955 628 3052 682 καὶ
3086 628 3319 699 πρώτως
3351 628 3589 685 ἐνταῦθα

2010 720 2104 774 τοῦ
2119 720 2379 793 ὀνόματος
2400 719 2730 792 ἠξιώθησαν.
2761 720 2926 791 Ὁρᾷς
2946 719 3160 774 Παύλου
3175 720 3236 775 τὸ
3258 721 3591 796 κατόρθωμα

2012 813 2094 875 είς
2120 811 2246 866 ὅσον
2290 812 2496 882 ἐπῆρεν
2526 810 2661 881 ῦψος
2689 809 2881 882 ὥσπερ
2910 828 2964 864 τι
3005 812 3229 882 σημεῖον
3281 812 3342 866 τδ
3379 812 3587 883 tivam;

2018 898 2192 955 Ἔνθα
2220 899 2512 970 τρισχίλιοι
2540 900 2637 954 καὶ
2667 899 3095 971 πεντακισχίλιοι
3123 899 3473 966 ἐπίστευσαν,
3496 905 3589 955 καὶ

2015 989 2152 1045 πολύ
2195 989 2421 1060 πλῆθος,
2454 990 2608 1044 οὐδὲν
2665 988 2909 1045 τοιοῦτον
2935 990 3180 1059 γέγονεν,
3225 991 3345 1044 ἀλλ’
3393 991 3445 1044 οἱ
3490 991 3591 1060 τῆς

2015 1079 2136 1135 ὁδοῦ
2194 1081 2396 1150 ἢκουον
2417 1097 2432 1111 ·
2465 1080 2700 1135 ἐνταῦθα
2729 1080 2786 1134 δὲ
2820 1082 3137 1153 Χριστιανοὶ
3168 1082 3589 1152 ὠνομάσθησαν.

2018 1169 2461 1244 [ΛΜΜΩΝΙΟΥ.]
2490 1170 2834 1243 Σημειωτέον
2874 1172 2957 1225 ὃτι
2991 1171 3191 1243 μᾶλλον
3230 1175 3263 1243 ἡ
3291 1172 3591 1244 Ἀντιοχεία

2016 1261 2105 1314 δια
2128 1259 2288 1314 τοῦτο
2314 1260 2543 1325 δεόντως
2572 1260 2778 1332 ἠξιώθη
2809 1261 3002 1330 θρόνου
3033 1263 3375 1333 ἀρχοντικοῦ,
3401 1261 3590 1330 ἐπειδὴ

2017 1354 2134 1407 ἐκεῖ
2165 1353 2451 1424 προτέρως
2485 1352 2972 1425 ἐχρηματίσθησαν
2996 1354 3046 1406 οἱ
3084 1353 3428 1425 Χριστιανοί.
3458 1354 3590 1424 Χρι-

2021 1446 2239 1509 στιανὸς
2268 1446 2378 1517 γὰρ
2411 1445 2581 1515 ὄνομα
2615 1444 2906 1508 πολυθεῖας
2942 1445 3255 1499 ἀντίπαλον.

2090 1536 2157 1590 Τί
2188 1537 2244 1591 δέ
2268 1554 2437 1608 φησιν
2486 1539 2514 1590 6
2538 1538 2793 1607 Χριστὸς,
2817 1538 2899 1591 ὅτι
2928 1556 2947 1590 ι
2987 1537 3046 1590 '0
3069 1537 3228 1607 νόμος
3255 1536 3351 1591 καὶ
3375 1537 3425 1590 οί
3456 1555 3592 1609 προ-

2021 1628 2307 1699 φῆταιὲως
2329 1628 2614 1695 ἰωάννου;
2648 1648 2667 1681 3
2698 1629 2833 1700 Περῖ
2859 1629 3083 1682 ἐκείνων
3130 1628 3265 1699 φησι
3321 1628 3430 1683 τῶν
3463 1646 3595 1697 προ-

336 1747 448 1800 ἀπδ
493 1719 589 1798 τοῦ
641 1743 870 1813 ὑστέρου
921 1719 1281 1815 ἰσχυρίζεται,
1332 1743 1362 1798 6
1416 1745 1514 1798 καὶ
1564 1743 1708 1799 κατὰ
1755 1742 1915 1799 τοῦτο
1949 1809 1982 1815 ᾗ
2023 1721 2212 1791 φητῶν
2243 1720 2490 1815 τῶνγτὴν
2514 1720 2839 1815 ᾼπαρουῗίαν
2883 1719 3049 1775 αὖτοῦ
3098 1722 3597 1792 προαναφωνησάν-

333 1835 822 1911 ἀναμφισϐήτητον
842 1830 912 1905 ἦν
936 1835 1258 1905 τεκμήριον.
1342 1832 1365 1852 ⁵

409 1927 523 1981 Καὶ
554 1926 654 1980 οὐκ
677 1926 930 1997 ἀρκεῖται
957 1924 1156 1997 τούτῳ,
1182 1925 1317 1979 ἀλλὰ
1346 1926 1443 1980 καὶ
1475 1927 1757 1998 μνήματος
1785 1928 1916 1982 ἀνα-

340 2019 641 2089 μιμνήσκει
668 2016 763 2071 τοῦ
801 2016 1026 2087 Κυρίου.
1044 2018 1128 2072 ὅτι
1152 2016 1305 2071 οὐδὲν
1331 2018 1644 2090 καινότερον
1669 2018 1914 2087 γέγονεν,

338 2109 456 2163 ἀλλ’
490 2108 681 2181 ὥσπερ
717 2109 1013 2178 προεῖπεν·
1065 2125 1084 2160 ι
1128 2107 1270 2162 Ἀλλ’
1312 2108 1415 2161 οὐκ
1439 2106 1545 2162 ἔδει
1567 2107 1859 2179 βαπτίσαις
1890 2129 1910 2162 3

350 2202 495 2258 Ἀλλ’
514 2202 767 2274 ἀπηρτίω
787 2203 850 2257 τδ
873 2201 1176 2273 βάπτισμαο
1217 2203 1311 2256 καὶ
1329 2203 1390 2257 οὐ
1415 2202 1563 2272 λέγει
1579 2220 1593 2234 ·
1625 2202 1914 2258 Ἐκέλευσα

336 2294 538 2357 αὐτοὺς
571 2291 975 2365 βαπτισθῆναιο
1003 2290 1143 2345 ἀλλά
1169 2291 1256 2357 τίς
1290 2291 1574 2346 Δείκνυσιν
1603 2293 1770 2349 αὐτὸν
1806 2311 1916 2364 μη-

337 2386 430 2439 δέν
487 2385 810 2457 ποιήσαντα.
844 2384 1024 2454 Ὅπερ
1073 2383 1394 2454 ἐσχήκαμεν
1426 2421 1442 2448 ,
1495 2383 1684 2455 φησιν,
1731 2385 1912 2456 ἡμεῖς,

339 2478 535 2533 ἔλαϐον
564 2478 785 2533 ἐκεῖνοι.
826 2476 946 2531 Ἶνα
993 2475 1256 2547 μειζόνως
1304 2476 1516 2530 ἐαυτῶν
1560 2475 1816 2549 ἐμφράξῃ
1848 2476 1918 2529 τά

344 2573 610 2642 στόματα,
642 2569 732 2625 διὰ
754 2568 914 2624 τοῦτο
945 2567 1274 2641 προσέθηκε⁴
1307 2586 1326 2620 ι
1347 2567 1447 2639 τὴν
1486 2565 1608 2638 ι’σην
1632 2567 1860 2638 δωρεάν.
1891 2586 1913 2620 3

354 2665 540 2734 Ὁρᾷς,
570 2663 689 2725 πῶς
717 2662 821 2715 οὐκ
851 2660 1077 2730 ἀφίησιν
1102 2660 1302 2723 αὐτοὺς
1327 2658 1551 2714 ἔλαττον
1582 2660 1732 2731 σχεῖν
1769 2676 1786 2726 ;
1822 2659 1919 2713 καὶ

342 2759 404 2811 οὐ
434 2757 606 2825 λέγει,
659 2757 811 2828 ὑμῖν,
856 2753 995 2820 ἀλλ’,
1053 2771 1071 2805 ι
1129 2755 1286 2824 ἡμῖν.
1317 2771 1336 2804 3
1371 2753 1437 2806 Τί
1480 2749 1916 2817 ἀναξιοπαθεῖτε,

343 2852 475 2904 ὃταν
504 2849 666 2920 ἡμεῖς
703 2845 994 2910 κοινωνοὺς
1022 2846 1219 2911 αὐτοὺς
1250 2844 1512 2914 λέγομενς
1550 2842 1744 2908 Βαϐαὶ,
1775 2843 1917 2914 πόση

344 2939 648 3008 ἀπολογίαι
683 2938 758 2994 οὐ
788 2938 897 3010 γὰρ
934 2933 1054 2991 εἷπε
1074 2951 1090 2967 ο
1122 2934 1309 2989 Ταῦτα
1341 2929 1435 2989 οὐν
1469 2934 1670 2997 εἰδότες
1716 2932 1922 3005 ἡσυχά-

344 3035 500 3101 ζετε·
531 3032 671 3087 ἀλλά
695 3031 785 3098 τίς
820 3030 1046 3102 Δέχεται
1066 3028 1246 3083 αὐτῶν
1275 3025 1374 3097 τὴν
1399 3026 1595 3099 ὁρμὴν,
1627 3026 1723 3079 καὶ
1750 3027 1919 3095 ἐγκα-

345 3126 529 3180 λοῦσιν
572 3123 952 3191 ἀπολογεῖταιο
990 3120 1124 3184 «Τίς
1143 3120 1292 3192 ἢμην
1315 3117 1539 3180 δυνατὸς
1568 3116 1812 3170 κωλῦσαι
1843 3131 1860 3179 ς
1894 3132 1915 3167 3
1951 3160 1995 3219 α

350 3215 563 3286 σφόδρα
588 3212 957 3282 ἐντρεπτικῶς
986 3211 1081 3266 καὶ
1112 3210 1328 3282 βαρέως
1344 3226 1359 3241 ο
1399 3208 1522 3264 ὅθεν
1541 3208 1728 3263 λοιπὸν
1748 3208 1925 3279 φοϐη-

350 3307 555 3373 θέντες,
611 3325 629 3358 ι
653 3303 927 3376 ἡσύχαζον
980 3303 1079 3358 καὶ
1151 3301 1398 3366 ἐδόξαζον
1439 3301 1532 3354 τὸν
1581 3299 1734 3373 Θεόν.
1777 3317 1796 3351 3
1846 3298 1925 3354 Οὐ

351 3397 550 3471 μικρδγ
614 3396 944 3468 κατόρθωμα
992 3396 1022 3449 ό
1066 3392 1305 3464 διωγμὸς
1364 3392 1579 3462 γέγονε.
1637 3391 1763 3454 Τοῖς
1816 3391 1928 3463 γάρ

347 3490 608 3561 ἀγαπῶσι
636 3490 729 3544 τὸν
791 3487 924 3542 Θεδν
964 3486 1140 3544 πάντα
1185 3487 1441 3557 συνεργεῖ
1483 3486 1564 3549 είς
1592 3484 1652 3537 τὸ
1684 3482 1924 3552 ἀγαθόν.

350 3586 466 3639 Οὐκ
501 3584 587 3649 ἀν,
617 3583 672 3637 εί
696 3598 760 3651 γε
790 3579 1042 3650 ἐπίτηδες
1066 3576 1404 3633 ἐσπούδασαν
1432 3575 1628 3646 στῆσαι
1659 3574 1760 3646 τὴν
1800 3575 1928 3629 Ἑκ-

352 3677 607 3746 κλησίαν,
648 3674 776 3729 ἄλλο
827 3690 878 3727 τι
929 3671 1215 3742 ἐποίησαν,
1290 3668 1326 3740 ἦ
1378 3668 1573 3722 τοῦτο’
1617 3666 1930 3737 διέσπειραν

351 3770 479 3832 τούς
506 3763 882 3827 διδασκάλους.
908 3764 1074 3841 Ὅρα,
1108 3759 1213 3814 ποῦ
1261 3760 1324 3813 τὺ
1372 3759 1637 3830 κήρυγμα
1674 3756 1927 3825 ἐξετάθη,

359 3877 380 3911 ι
416 3858 523 3922 ἓως
568 3854 822 3922 Φοινίκης
850 3891 867 3917 ,
917 3853 1013 3905 καὶ
1059 3849 1327 3921 Κύπρου,
1363 3848 1461 3901 καὶ
1510 3844 1869 3914 Ἀντιοχείας·
1904 3861 1924 3896 3

353 3951 529 4006 οὐδενὶ
580 3949 769 4020 μέντοι
801 3943 1050 4008 ἐλάλουν,
1081 3958 1101 3994 ι
1154 3942 1205 3994 εἰ
1234 3939 1309 4011 μὴ
1354 3938 1537 4008 μόνοις
1579 3935 1872 3998 Ἰουδαίοις.
1906 3951 1926 3987 3

355 4044 466 4098 Καὶ
496 4042 584 4096 ὅτε
616 4038 891 4107 Στέφανος
944 4031 1212 4105 ἀνῃρέθη,
1260 4030 1355 4085 καὶ
1406 4028 1618 4091 Παῦλος
1660 4024 1930 4081 διεκινδύ-

355 4148 537 4195 νευσε,
574 4130 670 4185 καὶ
694 4130 744 4181 οί
800 4123 1091 4180 ἀπόστολοι
1132 4119 1550 4193 ἐμαστίχθησαν
1600 4118 1696 4172 καὶ
1729 4117 1934 4187 ἠλάθη-

357 4242 481 4287 σαν,
512 4224 632 4278 τότε
664 4220 731 4277 τὰ
757 4218 886 4287 ἔθνη
927 4214 1226 4287 ἐδέχθησαν
1248 4230 1262 4244 ·
1289 4212 1318 4265 ὃ
1345 4211 1441 4265 καὶ
1485 4208 1697 4273 Παῦλός
1728 4224 1931 4278 φησιν’

365 4339 384 4372 ι
412 4320 581 4390 Ὑμῖν
616 4312 685 4391 ἦν
724 4312 943 4385 πρῶτον
981 4309 1281 4379 λαληθῆναι
1323 4305 1620 4374 ἀναγκαῖον
1656 4303 1747 4358 τὸν
1779 4303 1936 4372 λόγον

355 4409 455 4467 τοῦ
485 4409 653 4464 Θεοῦ*
684 4407 810 4460 ἐπεὶ
868 4404 927 4458 δὲ
960 4400 1256 4465 ἀπωθεῖτε,
1308 4398 1419 4451 ίδού
1483 4394 1830 4467 στρεφόμεθα
1858 4395 1938 4458 εἰς

1945 1809 1989 1867 Β
2017 1832 2152 1871 των.
2193 1814 2472 1884 Κυπρίους
2508 1811 2668 1882 ἔσχον
2718 1811 3072 1876 διδασκάλους
3101 1813 3194 1866 καὶ
3229 1813 3597 1884 Κυρηναίους,

2023 1906 2115 1957 καὶ
2168 1903 2414 1956 Παῦλον·
2469 1902 2595 1992 άλλὲ
2618 1896 2773 1965 οὗτος
2818 1902 3176 1972 ὑπερέϐαινεν
3209 1903 3438 1967 αὐτοὺς,
3474 1905 3601 1958 ἐπεὶ

2023 2000 2117 2052 καὶ
2149 1996 2359 2059 Παῦλος
2401 1995 2653 2050 ’Δνανίαν
2701 1994 2798 2048 καὶ
2848 1994 3140 2065 Βαρνάϐαν
3176 1995 3300 2066 ἔσχε
3342 1995 3598 2050 διδασκά-

2021 2090 2169 2153 λους.
2204 2087 2322 2142 Ἰνα
2352 2088 2459 2158 γὰρ
2502 2089 2581 2157 μὴ
2629 2086 2926 2153 νομίσωσιν
2945 2128 2959 2151 ,
2991 2086 3072 2141 ὃτι
3105 2088 3134 2140 ό
3165 2085 3320 2157 λιμὸς
3348 2086 3540 2156 γέγονε
3556 2108 3596 2149 ι,

2021 2181 2105 2234 ὅτι
2126 2179 2551 2250 Χριστιανισμὸς
2580 2178 2855 2249 είσῆλθεν,
2872 2179 2954 2232 ὅτι
2981 2178 3235 2249 δαίμονες
3257 2178 3597 2250 ἀπέστησαν,

2024 2271 2285 2341 προλέγει
2339 2271 2399 2323 τί)
2430 2269 2654 2340 Πνεῦμα
2702 2270 2765 2323 τὸ
2811 2269 2991 2337 ἀγιον.
3042 2267 3205 2321 Ἀλλά
3240 2270 3399 2322 τοῦτο
3445 2270 3601 2323 οὐδέν

2025 2365 2372 2431 θαυμαστόν·
2420 2363 2513 2417 καὶ
2558 2363 2668 2434 γὰρ
2716 2363 2746 2416 6
2797 2361 3035 2433 Χριστὸς
3082 2363 3363 2432 προεῖπεν,
3388 2361 3450 2415 οὐ
3509 2361 3600 2413 διὰ

2022 2457 2415 2528 τοῦτο,ἐπειδὴ
2470 2455 2533 2522 ἐξ
2586 2458 2761 2526 ἀρχῆς
2793 2453 2952 2508 τοῦτο
2977 2452 3231 2523 γενέσθαι
3276 2452 3405 2517 ἔδει,
3462 2452 3598 2505 ἀλλα

2025 2552 2122 2603 καὶ
2146 2548 2234 2603 διὰ
2265 2548 2334 2602 τὰ
2367 2547 2515 2602 κακά
2543 2546 2612 2601 τὰ
2640 2546 2724 2611 είς
2764 2545 2892 2608 τοὺς
2926 2543 3258 2607 ἀποστόλους
3290 2542 3557 2614 γενόμενα
3580 2558 3596 2574 ·

2025 2642 2121 2696 καὶ
2149 2638 2612 2711 ὲμακροθύμησεν
2646 2639 2674 2691 6
2697 2636 2829 2701 Θεός
2852 2651 2867 2666 ·
2900 2635 2977 2700 ὡς
3022 2635 3076 2689 δὲ
3110 2634 3403 2700 ἐνέκειντο,
3444 2635 3601 2705 λιμδς

2029 2734 2202 2804 μέγας
2228 2731 2462 2801 γίνεται,
2508 2729 2732 2801 μηνύων
2776 2730 2890 2793 τοῖς
2935 2725 3204 2790 Ἰουδαίοις
3255 2725 3326 2779 τά
3364 2728 3601 2797 ἐσόμενα

2028 2825 2178 2880 κακά
2197 2843 2214 2859 ο
2247 2824 2343 2878 καὶ
2377 2822 2479 2892 ὅρα
2513 2820 2643 2875 πότε
2676 2818 2907 2891 γίνεται,
2933 2819 3024 2873 ὅτε
3073 2818 3168 2872 καὶ
3197 2816 3403 2871 ἐθνικοὶ
3430 2833 3602 2888 προσ-

2026 2917 2320 2986 ετέθησαν.

2100 3010 2244 3082 Ὅρα
2272 3008 2459 3071 αὐτοῖς
2491 3005 2584 3061 τὸν
2608 3003 2769 3077 λιμὸν
2795 3004 2970 3059 αίτιον
3003 3001 3277 3073 σωτηρίας
3304 3000 3400 3056 καὶ
3425 3001 3600 3071 0:909-

2030 3105 2138 3178 μὴν
2168 3101 2538 3175 ἐλεημοσύνης
2569 3099 2895 3169 γενόμενον·
2932 3095 3031 3152 καὶ
3067 3096 3186 3168 ἅμα
3220 3094 3601 3158 πιστεύοντας,

2027 3198 2147 3272 ἅμα
2202 3197 2301 3252 καὶ
2357 3191 2865 3267 καρποφοροῦντας,
2908 3190 2971 3245 οὐ
3022 3191 3134 3253 τοῖς
3177 3187 3363 3250 αὐτοῖς
3418 3187 3603 3257 μόνον,

2030 3290 2170 3347 ἀλλά
2205 3289 2300 3343 καὶ
2337 3289 2448 3350 τοῖς
2482 3286 2699 3357 πόρρω·
2731 3284 2896 3336 Ὥστε
2938 3281 3031 3335 οῦν
3070 3280 3167 3335 καὶ
3214 3277 3605 3351 πρεσϐυτέρων

2028 3378 2171 3453 εἶχον
2200 3378 2358 3446 ἀξίαν
2385 3377 2437 3431 οί
2466 3375 2757 3430 ἀπόστολοι
2776 3390 2791 3403 '
2842 3373 2940 3427 καὶ
2970 3373 3028 3425 ἐν
3057 3371 3203 3442 ἄλλῳ
3230 3370 3287 3423 δέ
3320 3365 3606 3440 κεφαλαίῳ

2029 3469 2424 3541 σεσημείωται,
2477 3468 2562 3521 ὅτι
2615 3464 2880 3520 διακόνων
2937 3462 3036 3517 καὶ
3090 3460 3411 3515 ἐπισκόπων
3458 3453 3607 3529 εἶχον

2030 3560 2264 3634 βαθμόν.
2299 3559 2458 3612 Ποῖον
2484 3556 2715 3628 καιρόν;
2755 3555 2859 3608 Τὸν
2887 3553 2981 3611 ἐπὶ
3010 3552 3279 3607 Κλαυδίου
3306 3548 3604 3620 Καίσαρος.

2028 3654 2190 3717 Γάϊος
2222 3650 2333 3721 γάρ
2381 3647 2738 3718 αὐτοκράτωρ
2787 3642 3078 3714 Ῥωμαίων
3131 3642 3445 3712 Ἀγρίππαν
3475 3639 3610 3692 καθα-

2033 3741 2215 3812 ίστησι
2283 3736 2511 3809 βασιλέα
2552 3736 2653 3806 τῆς
2685 3733 2973 3794 Ἰουδαίας.
3018 3732 3109 3785 τὸν
3153 3729 3402 3801 Ἡρώδην
3434 3727 3610 3796 ἐξορί-

2030 3847 2130 3895 σας
2190 3830 2249 3882 ἐν
2297 3826 2618 3897 Λουγδούνῳ
2684 3824 2784 3894 τῆς
2835 3821 3096 3883 Γαλλίαν,
3123 3821 3219 3874 σὺν
3269 3821 3337 3891 τῇ
3387 3817 3611 3887 γυναικὶ

2041 3921 2354 3996 Ἡρωδιάδι.
2382 3913 2551 3985 Οὗτός
2579 3921 2726 3972 ἐστιν
2747 3917 2776 3969 6
2805 3917 2948 3970 κατὰ
2970 3912 3032 3966 τὸ
3062 3911 3234 3976 πάθος
3267 3910 3365 3965 τοῦ
3402 3909 3612 3979 Κυρίου

2032 4015 2383 4089 βασιλεύσας,
2432 4012 2507 4076 ὼς
2556 4011 2762 4081 ἱστορεῖ
2807 4006 3135 4078 Ἰώσηππος,
3205 4002 3299 4057 καὶ
3350 4000 3609 4064 Εὐσέϐιος

2047 4113 2229 4176 καλῶς
2267 4110 2439 4179 λέγει,
2468 4108 2551 4162 ὅτι
2589 4103 2835 4177 Ἡρώδης
2868 4105 2898 4175 6
2927 4100 3183 4172 βασιλεὺς
3218 4092 3374 4162 οὗτος
3403 4096 3506 4151 οὐκ
3539 4090 3613 4167 ἦν

2035 4206 2128 4259 ἐπὶ
2162 4203 2259 4258 τοῦ
2288 4199 2552 4273 Χριστοῦ.
2592 4198 2709 4252 Οὐκ
2735 4196 2818 4250 ἐτι
2862 4194 3130 4258 Ἰουδαῖοι,
3158 4192 3193 4263 ἢ
3228 4192 3289 4244 τὸ
3332 4188 3613 4259 συνέδριον

2034 4297 2195 4353 τοῦτο
2220 4298 2387 4360 ποιεῖ,
2415 4292 2529 4348 ἀλλ’
2565 4292 2595 4344 6
2639 4286 2923 4362 βασιλεύςο
2959 4285 3163 4357 μείζων
3191 4286 3225 4355 ὴ
3262 4281 3481 4350 ἐξουσία
3519 4278 3618 4334 καὶ

2036 4391 2067 4444 6
2090 4388 2349 4458 πόλεμος,
2392 4385 2503 4456 ὅσῳ
2541 4382 2677 4452 πρὸς
2713 4378 2875 4452 χάριν
2908 4376 3121 4445 ἐγίνετο
3168 4377 3284 4439 τοῖς
3318 4371 3615 4434 Ἰουδαίοις.

357 4463 599 4572 τάνέθνη.
628 4518 649 4553 3
683 4499 845 4559 Ἴσως
875 4494 964 4548 διά
986 4493 1050 4548 τδ
1072 4492 1150 4565 μὴ
1182 4463 1381 4544 εἰδέναι
1414 4463 1703 4559 Ἐϐραῖσλιςὶ.⁷
1736 4487 1932 4558 Ἕλλη·
1967 4503 2015 4561 ι)
2041 4479 2177 4544 Θέα,
2212 4478 2295 4532 ὅτι
2329 4474 2514 4529 πιστοὶ
2541 4472 2759 4544 ἄνδρες,
2790 4469 2885 4524 καὶ
2929 4468 2992 4521 τὸ
3018 4465 3085 4572 ἐξ
3109 4464 3292 4572 αὐτῶν
3334 4463 3614 4572 σύστημαέ

359 4610 458 4658 νας
491 4591 690 4654 αὐτοὺς
729 4585 980 4641 ἐκάλουν.

431 4685 529 4738 Διά
555 4681 610 4737 τί
657 4679 753 4736 καὶ
800 4676 897 4734 νῦν
936 4677 973 4744 ἠ
1004 4674 1115 4729 τῶν
1145 4670 1388 4743 σημείων
1426 4668 1642 4739 ἀνάγκη
1670 4665 1933 4737 γέγονεν;

360 4779 485 4833 ἰνα
517 4772 874 4830 πιστεύσωσι.
903 4766 1001 4821 Διά
1024 4765 1077 4819 τί
1108 4763 1185 4835 μὴ
1215 4759 1418 4831 Παύλῳ
1438 4758 1764 4830 γράφουσιν,
1799 4755 1936 4811 ἀλλά

359 4865 650 4940 Βαρνάϐαν
680 4862 988 4933 πέμπουσιν
1008 4873 1025 4924 ;
1048 4853 1217 4911 Οὔπω
1242 4851 1337 4906 τοῦ
1371 4850 1561 4922 ἀνδρὸς
1586 4848 1809 4920 ⁴ᾔδεισαν
1836 4847 1939 4919 τὴν

360 4939 601 5031 ἀρετήν’
657 4954 1026 5025 οἰκονομεῖται
1068 4948 1126 5003 δὲ
1174 4943 1465 5017 Βαρνάϐαν
1506 4939 1934 5013 παραγενέσθαι,

361 5050 552 5121 ἐπειδὴ
571 5050 667 5102 καὶ
700 5044 904 5114 πλῆθος
925 5038 1018 5114 ἦν,
1035 5039 1133 5094 καὶ
1160 5037 1336 5100 οὐδεὶς
1356 5036 1385 5088 ὁ
1416 5033 1665 5088 κωλύων.
1699 5031 1940 5095 Εἰκότως

361 5138 696 5209 ἐϐλάστησεν
721 5135 756 5206 ἡ
783 5135 987 5195 πίστις,
1006 5132 1102 5185 καὶ
1129 5128 1362 5199 μάλιστα
1384 5125 1467 5178 ὃτι
1488 5122 1722 5178 ἐνταῦθα
1749 5122 1939 5176 οὐδένα

364 5230 667 5303 ὑπέμειναν
728 5225 1073 5296 πειρασμὸν.
1129 5223 1223 5278 καὶ
1278 5220 1490 5285 Παῦλος
1540 5218 1821 5292 κηρύττει.
1862 5218 1940 5273 Οὐ

361 5322 560 5378 ταύτόν
592 5322 710 5373 ἐστι
739 5317 873 5371 Θεὸν
920 5314 1124 5384 ἀγαθὸν
1155 5308 1316 5381 εῖναι,
1361 5312 1458 5368 καὶ
1502 5310 1691 5383 ἀνδρα,
1728 5311 1791 5365 '0
1841 5309 1941 5379 μέν

364 5414 497 5484 γὰρ,
521 5412 642 5466 κατ’
670 5407 858 5462 οὐσίαν
885 5407 1029 5479 ἀρχὴ
1062 5406 1160 5461 καὶ
1206 5406 1359 5478 πηγὴ
1390 5403 1465 5458 ὣν
1508 5401 1731 5472 ἀγαθῶν
1756 5419 1771 5435 ο
1806 5403 1835 5455 6
1861 5400 1940 5467 δέ,

365 5505 430 5556 οὐ
462 5504 583 5556 κατ’
615 5499 802 5559 οὐσίαν
834 5499 1117 5568 τυγχάνει,
1152 5495 1268 5550 ἀλλ’
1320 5496 1379 5548 ἐν
1424 5493 1690 5565 ἀναλήψει
1741 5490 1941 5563 ἀρετῆς

367 5593 483 5665 ἔχει
505 5589 688 5646 τοῦτο,
725 5588 933 5650 Ὄντως
968 5586 1057 5641 διά
1081 5583 1240 5639 τοῦτο
1275 5582 1510 5638 ἐνταῦθα
1537 5579 1944 5655 ἐχρηματίσθη-

371 5704 473 5741 σαν
499 5681 785 5740 καλεῖσθαι
813 5679 1157 5752 Χριστιανοὶ,
1178 5680 1261 5733 ὅτι
1306 5677 1518 5740 Παῦλος
1544 5673 1779 5730 ἐνταῦθα
1807 5688 1945 5728 τοσ-

369 5775 525 5831 οῦτον
555 5775 817 5844 ὑπέμεινε
873 5771 1082 5843 χρόνον.
1124 5767 1199 5821 Οὐ
1257 5765 1454 5839 μικρὸν
1485 5767 1540 5820 δὲ
1576 5765 1676 5837 τῆς
1734 5763 1943 5826 πόλεως

2055 4568 2354 4640 Ἐκκλησία
2404 4565 2674 4620 καλεῖται.
2711 4564 2824 4618 Καὶ
2856 4561 2943 4616 ίνα
2979 4558 3168 4631 μηδεὶς
3208 4556 3364 4627 λέγῃ,
3392 4554 3477 4607 ὅτι
3527 4551 3619 4606 διά

2034 4662 2199 4717 τοῦτο
2219 4660 2390 4722 ἀδεῶς
2425 4656 2658 4713 κατατολ
2669 4653 2814 4726 μῶσι
2844 4652 2938 4707 τοῦ
2968 4651 3226 4715 θανάτου,
3246 4646 3343 4702 άτε
3371 4644 3617 4715 ἐξαρπά-

2039 4757 2223 4823 ζοντος
2252 4753 2451 4815 αὐτοὺς
2480 4749 2576 4804 τοῦ
2605 4745 2766 4814 θεοῦ,
2801 4745 3078 4817 συγχωρεῖ
3109 4740 3466 4813 ἀναιρεθῆναι
3492 4739 3618 4801 τούς

2043 4844 2399 4917 κορυφαίους,
2439 4840 2712 4909 Στέφανον
2745 4838 2842 4890 καὶ
2884 4834 3162 4891 Ἰάκωϐον.
3220 4833 3332 4887 Καὶ
3379 4845 3622 4901 σημειωο

2039 4940 2182 5005 τέον,
2216 4938 2298 4990 ὅτι
2350 4930 2563 5011 πρῶτος
2607 4927 2990 5001 ἐμαρτύρησεν
3031 4928 3060 4979 6
3091 4924 3346 4989 Ἰάκωϐος
3392 4923 3458 4975 ἐκ
3507 4919 3623 4974 τῶν

2040 5029 2271 5083 δώδεκα.
2300 5024 2468 5079 Πάλιν
2494 5024 2529 5095 ἡ
2552 5018 2782 5091 περιττὴ
2809 5019 2919 5071 τῶν
2948 5017 3220 5071 Ἰουδαίων
3241 5012 3621 5086 ἀκριϐολογία,

2042 5121 2253 5176 ἀνελεῖν
2283 5115 2383 5190 μέν
2426 5114 2690 5180 ἐκώλυον,
2718 5112 2777 5166 ἐν
2810 5110 2868 5163 δὲ
2896 5108 3079 5179 καιρῷ
3112 5107 3343 5190 τοιούτῳ
3394 5105 3624 5160 τοιαῦτα

2043 5217 2335 5287 ἔπραττον.
3157 5186 3175 5215 ¹

2107 5285 2497 5374 1λδιλοστοργίας
2523 5292 2593 5372 ἦν
2625 5316 2645 5351 ι
2689 5297 2725 5369 η
2753 5292 3036 5367 προσευχὴ
3083 5289 3331 5360 ἐκτενής.
3363 5306 3383 5342 3
3426 5285 3625 5341 Ἀκού-

2048 5413 2179 5452 σατε
2232 5393 2351 5459 πῶς
2380 5392 2645 5447 διέκειντο
2690 5389 2786 5443 ἐπὶ
2815 5386 2943 5451 τούς
2991 5383 3344 5443 ἀποστόλους.
3380 5380 3521 5451 Ὅρα
3565 5378 3626 5433 δέ

2048 5489 2257 5561 Πέτρον
2301 5483 2658 5547 καθεύδοντα,
2692 5480 2788 5535 καὶ
2820 5480 2921 5534 οὐκ
2966 5477 3096 5532 δντα
3131 5476 3191 5529 ἐν
3237 5472 3469 5542 ἀγωνίᾳ,

2048 5585 2105 5637 ἐν
2132 5558 2285 5650 φόϐῳ
2334 5578 2471 5647 αὐτῇ
2499 5577 2567 5645 τῇ
2608 5572 2786 5637 νυκτὶ,
2812 5566 2847 5643 ᾖ
2875 5568 3213 5642 προάγεσθαι
3249 5564 3474 5636 ἔμελλεν
3494 5578 3507 5592 ·
3535 5558 3626 5615 οἷα

2047 5672 2103 5727 δὲ
2132 5670 2358 5725 δύναται
2388 5671 2422 5739 ἠ
2444 5678 2449 5683 '
2474 5666 2775 5743 προσευχὴ,
2813 5667 2878 5718 ἐκ
2913 5663 3105 5717 τούτου
3153 5660 3434 5733 μάθωμεν.
3487 5656 3627 5727 Φέρε

2050 5766 2274 5820 κάκεῖνο
2313 5760 2695 5829 ἐξετάσωμεν.
2743 5755 2908 5813 Εἶπεν
2952 5758 2980 5811 6
3008 5754 3277 5826 Χριστός*
3316 5771 3337 5807 ι
3364 5750 3459 5822 Μὴ
3489 5750 3625 5820 κτή-
