4082 6410
343 313 485 381 1097

1161 316 1711 379 EXPOSITIONIS
1735 314 1822 380 IN
1853 317 2045 379 ACTA
2077 319 2382 381 TEXTUS
2404 319 2770 381 TERTIUS.

3455 319 3596 384 1093

336 431 437 500 τῆς
464 428 704 497 γείτονος
766 429 972 493 πόλεως
1027 430 1424 502 ἐκαρπώσαντο
1462 434 1661 504 πολλὴν
1698 435 1764 487 ἂν
1816 434 1915 505 τὴν
1941 438 1992 497 Α
2018 432 2327 501 γελίζεσθαι
2349 436 2448 505 οὐχ
2470 435 2611 509 ὅπου
2649 434 2965 506 ὠνόμασται
2997 434 3253 506 Χριστός.
3280 453 3299 487 1
3335 434 3478 507 Ὅρα
3502 437 3599 491 τὸν

334 521 632 591 ὠφέλειαν,
664 520 800 576 ἀλλά
836 520 973 591 πρὸς
997 521 1068 576 τά
1095 524 1495 593 κατεπείγοντα
1520 525 1801 580 ἔσπευδον.

421 615 587 685 Ὀρᾷς
615 614 793 667 πᾶσαν
826 613 1062 685 σπουδὴν
1085 615 1442 685 ποιουμένους
1463 617 1659 680 αὐτοὺς
1682 617 1915 681 ἐκείνοις

334 705 722 761 καταστέλλειν
797 704 1073 776 πρώτοις,
1137 706 1225 760 ἵνα
1290 706 1367 778 μὴ
1429 709 1916 779 φιλονεικωτέρους

340 793 411 867 [ί.
453 793 804 868 φιλονεικοτ.]
838 793 1215 865 ἐργάσωνταιο
1253 800 1349 852 καὶ
1398 798 1631 863 ἐκείνοις
1653 799 1755 852 οὐκ
1788 799 1916 852 ἐλά·-

335 884 485 952 λουν,
517 887 565 938 εἱ
598 885 672 957 μὴ
707 884 870 955 μόνον
913 885 1208 951 Ἰουδαίοις,
1239 888 1333 942 καὶ
1362 889 1518 942 αὐτοὶ
1538 889 1619 954 είς
1646 890 1745 952 τὰς
1787 907 1915 943 συνο

336 976 564 1045 αγωγάς
632 975 904 1046 ἀπῄεσαν.
941 977 1113 1033 Πάλιν
1155 980 1327 1048 μάγος
1376 979 1628 1044 Ἰουδαῖος
1660 981 1915 1057 καθάπερ

334 1071 518 1142 Σίμων
537 1087 551 1103 ·
586 1071 680 1124 καὶ
711 1072 813 1141 ὅρα
840 1071 1052 1136 τοῦτον,
1080 1072 1171 1125 ὅτε
1202 1072 1300 1142 μὲν
1324 1075 1437 1136 τοῖς
1465 1074 1648 1139 ἄλλοις
1676 1075 1917 1148 ἐκήρυτ-

333 1179 449 1225 τον,
489 1163 552 1215 06
587 1162 793 1233 σφόδρα
837 1163 1256 1232 ἀγανακτοῦντα
1278 1178 1293 1193 '
1326 1165 1517 1238 ἐπειδὴ
1545 1167 1603 1222 δὲ
1651 1166 1731 1237 τῷ
1797 1167 1920 1221 ἀνθο

335 1255 533 1326 υπάτῳ
562 1253 899 1326 προσῄεσαν,
938 1254 1082 1308 τότε.
1131 1255 1204 1309 Τὸ
1229 1254 1286 1308 δὲ
1318 1256 1633 1326 θαυμαστὸν
1657 1257 1751 1311 τοῦ
1786 1258 1916 1312 ἀνθ-

335 1348 568 1409 υπάτου.
604 1349 686 1403 ὅτι
718 1348 815 1402 καὶ
847 1349 1395 1422 προκατειλημμένος
1458 1351 1534 1405 ὣν
1585 1352 1797 1406 ἐκείνου
1847 1354 1914 1423 τῇ

339 1442 572 1512 μαγείᾳ,
601 1440 796 1512 ἤθελεν
825 1442 1060 1497 ἀκοῦσαι
1094 1443 1204 1496 τῶν
1230 1443 1570 1498 ἀποστόλων.
1601 1443 1761 1499 Οῦτω
1819 1444 1916 1498 καὶ

334 1533 386 1584 οἱ
424 1533 767 1603 Σαμαρεῖται
797 1534 1085 1605 ἐποίησαν.
1131 1534 1399 1589 Ἐνταῦθα
1439 1535 1500 1588 τὸ
1545 1535 1719 1605 ὄνομα
1750 1534 1916 1589 αὑτοῦ

336 1624 627 1694 ἀμείϐεται
654 1625 754 1696 τῆς
787 1626 1145 1697 χειροτονίας,
1169 1627 1308 1697 ὅπερ
1340 1626 1436 1680 καὶ
1467 1626 1560 1680 ἐπὶ
1592 1626 1683 1681 τοῦ
1708 1628 1917 1698 Πέτρου

334 1716 655 1785 γεγένηται.

410 1809 568 1873 Τίνος
621 1809 843 1878 ἓνεκεν;
879 1810 1001 1865 Ἵνα
1040 1810 1177 1884 μηδὲ
1230 1809 1399 1865 ταῦτα
1451 1809 1561 1863 τῶν
1600 1808 1917 1864 ἀποστόλων

334 1901 556 1956 ἔλαττον
586 1901 712 1976 ἔχῃ,
742 1903 862 1958 ἀλλ’
887 1906 1022 1977 ὅπερ
1072 1904 1231 1976 ἔσχεν
1260 1904 1537 1975 ἐξαίρετον
1563 1904 1593 1956 6
1616 1905 1914 1975 κορυφαῖος

331 1997 443 2049 τῶν
475 1995 755 2066 μαθητῶν,
782 1997 941 2051 τοῦτο
969 1999 1062 2052 καὶ
1091 1997 1252 2061 αὐτὸς
1282 1999 1575 2068 κτήσηται,
1607 1998 1702 2049 καὶ
1736 1995 1920 2049 πλείο-

334 2106 425 2152 νος
454 2087 783 2154 οίκειὼσεως
802 2089 1060 2143 ὑπόθεσιν
1084 2089 1245 2160 λάϐῃ.
1270 2089 1460 2144 Οὐδενὶ
1476 2088 1712 2153 ἐλλιπῶς
1742 2105 1875 2159 φησι
1898 2104 1913 2120 ο

333 2179 433 2233 καὶ⁸
461 2179 644 2244 καλῶς
670 2176 820 2234 εἷπε·
858 2198 877 2232 1
918 2180 1122 2244 παντὸς
1150 2181 1336 2235 δόλουο
1362 2198 1381 2231 1
1424 2179 1749 2249 ὑπεκρίνετο
1784 2180 1916 2249 γάρ.

339 2291 359 2322 1
395 2270 490 2324 Υίὲ
534 2270 822 2326 διαϐόλουο
869 2290 889 2324 1
941 2272 1004 2326 :6
1051 2272 1161 2340 γὰρ
1223 2271 1385 2342 ἔργον
1438 2271 1647 2324 ἐκείνου
1712 2269 1919 2340 ἔπρατ-

335 2381 451 2420 τεν.
490 2383 508 2415 1
548 2362 743 2435 Ἐχθρέ
795 2364 979 2433 πάσης
1035 2361 1421 2432 δικαιοσύνης·
1454 2379 1474 2414 1
1522 2362 1558 2431 ή
1607 2359 1717 2432 γὰρ
1767 2361 1919 2414 πᾶσα

333 2455 651 2527 δικαιοσύνη
697 2454 836 2526 αῦτη
884 2451 975 2526 ἦν,
1021 2455 1147 2525 ἐμοὶ
1177 2454 1345 2518 δοκεῖ,
1373 2453 1468 2508 καὶ
1499 2454 1594 2508 τὸν
1619 2452 1735 2523 βίον
1760 2452 1916 2522 ἐλέγ-

335 2565 453 2619 χειν
483 2547 577 2601 τοῦ
607 2547 793 2602 αὐτοῦ.
823 2548 937 2601 Οὐκ
966 2543 1032 2618 ἦν
1058 2545 1233 2617 θυμοῦ
1254 2545 1323 2599 τὰ
1365 2547 1608 2618 ῥήματα.
1632 2544 1735 2598 Διά
1759 2543 1920 2598 τοῦτο

336 2638 627 2709 προλαϐὼν
649 2635 773 2693 εἷπε
790 2656 804 2672 ο
839 2655 857 2690 1
881 2637 1144 2708 πλησθεὶς
1169 2634 1310 2691 Πνεύ
1318 2652 1488 2706 ματος
1514 2634 1727 2705 ἀγίου,»
1760 2651 1921 2689 τουτ-

338 2732 491 2786 έστιν
545 2730 853 2802 ἐνεργείας.
905 2730 1019 2799 Οὐχ
1063 2730 1196 2800 ήμῖν
1236 2726 1517 2798 πολεμεῖς,
1562 2730 1750 2797 φησὶν,
1796 2725 1920 2780 οὐδὲ

338 2825 520 2898 μάχῃ.
568 2823 706 2878 ἀλλά
756 2841 775 2874 1
824 2822 936 2886 Τὰς
982 2821 1136 2884 ὀδοὺς
1184 2819 1393 2891 Κυρίου
1444 2816 1920 2890 διαστρέφειςτάς

336 2914 573 2978 εὐθείας.
602 2933 623 2967 1

414 3003 507 3065 T6,
550 3019 569 3054 1
590 3002 722 3074 ἄχρι
771 3001 992 3073 καιροῦ,
1058 3020 1078 3055 1
1107 3003 1257 3073 ὃριον
1301 3004 1368 3074 τῇ
1402 3001 1598 3073 γνώμῃ
1629 3000 1827 3064 διδοὺς,
1859 2999 1919 3053 ἐν

338 3097 483 3167 αὐτῇ
532 3097 680 3166 ἔχειν
729 3096 823 3150 τοῦ
859 3095 1037 3165 φωτὸς
1062 3094 1160 3165 τὴν
1187 3094 1485 3166 ἀπόληψιν,
1534 3094 1646 3147 τῶν
1699 3092 1921 3162 τρόπων

345 3187 763 3258 μεταϐάλλουσα
802 3185 1132 3257 τὸιβέλτιον.
1169 3180 1241 3257 Ὦ
1273 3187 1383 3257 γάρ
1423 3185 1585 3249 αὐτὸς
1631 3182 1918 3256 προσήχθη

344 3279 581 3349 σημείῳ,
619 3278 795 3349 τούτῳ
841 3279 939 3332 καὶ
988 3280 1181 3332 τοῦτον
1218 3276 1494 3347 ἠϐουλήθη
1525 3275 1916 3348 προσαγαγεῖν.

340 3372 459 3425 Οὐκ
495 3371 606 3441 ἀρα
636 3370 882 3440 τιμωρία
901 3366 991 3440 ἦν.
1031 3369 1146 3422 ἀλλ’
1180 3370 1325 3432 ίασις
1349 3384 1364 3399 ·
1399 3368 1682 3438 μονονουχὶ
1710 3366 1917 3433 λέγων’

339 3462 460 3515 Οὐκ
510 3460 621 3530 ἐγὼ
668 3459 829 3525 ποιῶ,
872 3459 987 3513 ἀλλ’
1012 3460 1047 3530 ἠ
1079 3458 1175 3512 τοῦ
1207 3457 1343 3513 Θεοῦ
1374 3460 1515 3529 χείρ.
1571 3458 1681 3512 Καὶ
1712 3457 1815 3527 ὅρα
1860 3456 1923 3510 τὸ

340 3552 550 3620 ἄτυφον
569 3565 584 3581 ·
621 3549 783 3605 τοῦτο
818 3550 882 3605 06
913 3550 1237 3614 κολάζοντος
1268 3545 1337 3620 ἦν
1362 3549 1425 3601 τὸ
1449 3549 1622 3620 ῥῆμα,
1647 3548 1767 3602 ἀλλ’
1800 3549 1927 3601 ἐπι-

344 3645 692 3714 στρέφοντος.
736 3644 801 3697 Εί
835 3643 944 3712 γάρ
989 3642 1315 3707 κολάζοντος
1360 3638 1449 3713 ἦν,
1479 3641 1567 3694 δια
1619 3641 1824 3705 παντὸς
1854 3640 1926 3695 ἂν

344 3739 571 3803 ἐποίησε
613 3734 834 3804 τυφλόν.
868 3734 986 3788 Νῦν
1009 3734 1066 3788 δὲ
1116 3735 1176 3787 06
1231 3732 1411 3797 τοῦτο,
1447 3731 1585 3786 ἀλλά
1630 3731 1767 3801 πρὸς
1796 3748 1923 3784 καις

341 3828 459 3899 ρὸν,
504 3827 592 3882 ἵνα
623 3828 716 3881 τὸν
745 3826 1057 3881 ἀνθύπατον
1092 3825 1350 3897 κερδάνῃ.
1387 3823 1486 3877 Διά
1534 3822 1588 3874 τί
1617 3822 1693 3892 μὴ
1733 3823 1921 3892 ἕτερον

342 3924 571 3991 σημεῖον
614 3920 913 3990 ἐποίησεν;
980 3920 1104 3972 Ὅτι
1157 3918 1257 3971 οὐκ
1314 3914 1383 3988 ἦν
1438 3916 1600 3969 τοῦτο
1650 3918 1764 3969 ίσον
1825 3916 1921 3967 τοῦ

345 4015 542 4088 ἐχθρὸν
586 4013 821 4067 ἀνελεῖν.
858 4013 1176 4082 Τεκμήριον
1204 4005 1298 4063 οὖν
1338 4010 1437 4080 τῆς
1470 4008 1828 4078 τυφλότητος,
1860 4007 1921 4060 τὸ

342 4106 718 4177 χειραγωγοὺς
760 4104 965 4175 ζητεῖν.
999 4102 1109 4156 Καὶ
1136 4104 1238 4172 ὅρα
1281 4102 1378 4171 τὴν
1403 4100 1661 4172 πώρωσιν
1681 4113 1698 4132 °
1729 4099 1759 4152 6
1792 4098 1921 4153 ἀνθ-

345 4201 549 4261 ύπατος
613 4197 775 4267 μόνον
821 4197 1161 4249 ἐπίστευσεν.
1205 4193 1273 4247 Τί
1326 4193 1529 4263 δήποτε
1581 4195 1611 4247 6
1667 4193 1922 4263 Ἰωάννης

345 4292 621 4363 ὑποχωρεῖ
649 4290 743 4343 ἀπ’
782 4288 994 4350 αύτῶν;
1030 4288 1164 4341 "Au
1200 4287 1291 4340 ἐπὶ
1329 4285 1677 4356 μακροτέραν
1733 4284 1922 4337 λοιπὸν

344 4383 691 4453 στελλόμενοι
722 4380 864 4441 ὁδὸν.
891 4380 1069 4434 καίτοι
1101 4396 1164 4445 γε
1206 4376 1488 4448 ὑπηρέτης
1533 4372 1625 4449 ἦν,
1663 4376 1800 4430 ἀλλά
1829 4374 1923 4429 τὸν

2018 524 2306 595 Βαρνάϐαν
2339 527 2777 597 παραχωροῦντα
2809 525 2885 597 τῷ
2914 527 3130 599 Παύλῳ,
3158 527 3298 599 (πῶς
3331 528 3439 600 γάρ
3470 526 3530 582 οῦ
3556 528 3598 599 ;)

2016 615 2076 669 ὃν
2107 617 2315 687 ἤγαγεν
2363 617 2470 671 ἀπὸ
2492 616 2739 688 Ταρσοῦ⁶
2773 617 2965 690 ὥσπερ
2992 619 3087 673 καὶ
3114 618 3307 690 Πέτρῳ
3345 619 3603 689 Ἰωάννης

2020 708 2320 777 πανταχοῦ,
2356 709 2535 763 καίτοι
2573 709 2654 764 ἔτι
2684 710 2851 765 αὑτοῦ
2884 711 3309 781 αἱδεσιμώτερος
3340 705 3434 782 ἦν,
3468 710 3604 764 ἀλλὰ

2018 798 2158 867 πρὸς
2211 797 2273 851 τὸ
2328 799 2483 867 κοινῆ
2541 800 2820 871 συμφέρον
2874 798 3085 872 ἑώρων.
3115 800 3259 869 Ὅρα
3308 800 3471 853 αὐτὸν
3508 801 3603 854 τὸν

2018 888 2151 942 Θεὸν
2208 888 2389 941 αὐτῶν
2431 889 2586 942 καλεῖ
2636 890 2728 944 τὸν
2768 890 2948 945 κοινὸν
2983 890 3094 944 τῶν
3125 888 3428 961 ἀνθρώπων
3462 891 3602 944 πάν·-

2019 999 2128 1034 των
2156 981 2310 1046 Θεὸν,
2342 981 2440 1035 καὶ⁵
2492 981 2766 1037 δείκνυσιν
2792 984 2999 1039 ἄνωθεν
3024 984 3122 1044 τὰς
3150 984 3472 1056 εὐεργεσίας
3508 983 3607 1040 αύ-

2018 1071 2114 1126 τοῦ
2141 1073 2380 1143 μεγάλας
2405 1072 2592 1139 οὔσας,
2622 1075 2873 1147 καθάπερ
2905 1077 3000 1129 καὶ
3030 1076 3303 1147 Στέφανος
3331 1081 3496 1134 ποιεῖ.

2106 1165 2371 1219 Ἐνταῦθα
2393 1166 2475 1219 ὅτι
2505 1166 2781 1238 διαφόρως
2811 1170 3111 1238 οἰκονομεῖ,
3135 1171 3204 1223 τά
3231 1171 3357 1222 κατ’
3384 1169 3591 1234 αὐτοὺς

2020 1254 2281 1325 ἐδήλωσε.
2312 1272 2331 1307 1
2358 1257 2601 1328 Ζητήσει
2636 1257 2747 1328 γὰρ
2806 1258 3036 1330 Κύριος,
3067 1260 3258 1332 φησὶν,
3285 1260 3465 1331 έαυτῷ
3511 1263 3607 1317 άν-

2021 1347 2242 1417 θρωπον
2303 1348 2446 1402 κατά
2499 1348 2598 1421 τὴν
2646 1351 2877 1421 καρδίαν
2925 1352 3118 1417 αὑτοῦ,
3172 1354 3269 1408 καὶ
3302 1354 3604 1410 ἐντελεῖται

2020 1437 2170 1508 αὐτῷ
2202 1438 2406 1511 Κύριος
2458 1444 2537 1506 εἰς
2585 1443 2823 1515 ἄρχοντα
2854 1445 2950 1498 ἐπὶ
2989 1446 3084 1501 τὸν
3138 1445 3267 1501 λαὸν
3291 1447 3480 1511 αὑτοῦ,
3520 1447 3605 1501 ὅτι

2021 1531 2123 1585 οὐκ
2148 1530 2420 1599 ἐφύλαξας
2450 1532 2549 1586 ὅσα
2581 1535 2886 1589 ἐνετείλατό
2937 1553 3021 1589 σοι
3065 1536 3292 1607 Κύριος.
3320 1557 3340 1590 1
3387 1538 3605 1592 Ἐντεῦ-

2020 1623 2117 1677 θεν
2162 1624 2193 1676 6
2250 1623 2463 1687 Παῦλος
2504 1625 2719 1680 τέθεικε
2763 1628 2846 1692 τὸ,
2893 1645 2913 1680 1
2935 1621 3110 1697 Εὗρον
3157 1628 3324 1681 Δαϐὶδ
3380 1629 3474 1683 τὸν
3511 1627 3605 1682 τοῦ

2036 1717 2259 1784 Ἰεσσαὶ,
2290 1717 2463 1789 ἄνδρα
2517 1718 2661 1774 κατὰ
2705 1720 2806 1790 τὴν
2861 1720 3094 1789 καρδίαν
3146 1738 3270 1791 μου,
3304 1721 3608 1792 ὃςποιήσει

2021 1809 2200 1867 πάντα
2249 1810 2319 1865 τά
2357 1810 2641 1881 θελήματά
2689 1828 2857 1880 μου.»
2886 1812 3257 1883 Προφητικῶς
3296 1814 3408 1887 γάρ
3434 1813 3608 1871 ταῦτα

2019 1903 2243 1975 εῐρηκεν
2265 1905 2294 1956 6
2324 1903 2816 1974 προφητικώτατος
2842 1906 3101 1976 Σαμουὴλ
3121 1906 3261 1975 πρὸς
3289 1909 3382 1963 τὸν
3409 1908 3605 1965 Σαούλ.

2020 1994 2366 2065 Σημειωτέον
2395 1994 2476 2060 δὲ,
2502 1994 2579 2058 ὡς
2617 1995 2872 2065 οὐδαμῶς
2897 1995 3180 2062 αὐτολεξεὶ
3203 1998 3379 2053 ταῦτα
3405 2000 3475 2053 τά
3507 2003 3608 2072 ῥή-

2022 2104 2168 2158 ματα
2199 2088 2416 2142 κεῖνται
2453 2089 2512 2142 ὲν
2536 2090 2603 2159 τῇ
2632 2088 2801 2161 βίϐλῳ
2840 2089 2951 2143 τῶν
2997 2088 3323 2157 Βασιλειῶν,
3355 2092 3389 2164 ἢ
3441 2094 3606 2164 μόνον

2020 2178 2381 2249 προφητικῶς
2430 2178 2537 2233 ὑπὸ
2579 2179 2675 2233 τοῦ
2728 2179 2877 2236 θείου
2907 2181 3169 2252 Σαμουὴλ
3198 2181 3417 2254 εἴρηται
3461 2185 3603 2256 πρὸς

2020 2272 2112 2325 τὸν
2147 2270 2321 2325 Σαοὺλ
2350 2269 2560 2335 οὕτως’
2590 2290 2611 2324 1
2640 2271 2753 2326 Καὶ
2790 2272 2933 2326 νῦντί
2968 2272 3214 2343 βασιλεία
3243 2291 3340 2329 σου
3373 2276 3435 2329 06
3475 2278 3607 2348 στή-

2025 2381 2197 2429 σεται,
2230 2363 2325 2417 καὶ
2356 2363 2583 2435 ζητήσει
2604 2363 2812 2436 Κύριος
2834 2363 3016 2436 ἐαυτῷ
3035 2364 3320 2438 ἄνθρωπον
3341 2367 3484 2423 κατὰ
3505 2371 3612 2440 τὴν

2024 2453 2256 2523 καρδίαν
2310 2453 2501 2519 αὐτοῦ,
2528 2472 2547 2506 1
2613 2455 2711 2509 καὶ
2764 2456 2839 2510 τά
2891 2456 3050 2526 ἑξῆς.
3109 2457 3608 2529 «Προκηρύξαντος

2038 2544 2320 2614 Ἰωάννου,
2346 2548 2455 2618 πρὸ
2470 2549 2767 2620 προσώπου
2785 2550 2886 2619 τῆς
2901 2549 3110 2603 εἰσόδου
3130 2550 3318 2605 αὐτοῦ.
3345 2569 3365 2604 1
3387 2552 3610 2606 Είσοδον

2022 2636 2120 2710 τὴν
2151 2642 2428 2711 σάρκωσιν
2458 2640 2628 2710 λέγει.
2654 2640 2812 2695 Οὕτω
2851 2640 2948 2696 καὶ
2989 2642 3241 2715 Ἰωάννης
3267 2642 3329 2697 τὸ
3359 2645 3611 2713 Εὐαγγέ-

2023 2730 2140 2785 λιον
2178 2733 2430 2803 γράφων,
2462 2732 2557 2786 ἐπὶ
2576 2732 2770 2787 τοῦτον
2803 2734 3143 2804 καταφεύγει
3176 2735 3420 2798 συνετῶς
3441 2752 3457 2766 ο
3485 2736 3613 2790 όνο-

1972 2892 1973 2895 η
2027 2840 2107 2895 μα
2133 2824 2243 2895 γὰρ
2262 2820 2330 2896 ἧν
2359 2823 2512 2896 αὐτῷ
2546 2826 2682 2879 πολὺ
2705 2824 2855 2879 κατὰ
2881 2826 2984 2897 τήν
3005 2827 3334 2898 οίκουμένην
3359 2825 3602 2882 ἃπασαν.

2024 2911 2138 2967 Καὶ
2180 2911 2433 2985 Ἰωάννης
2452 2912 2514 2967 δὲ
2546 2916 2820 2986 μαρτυρεῖ
2847 2914 2949 2985 οὐχ
2974 2914 3183 2982 ἁπλῶς,
3213 2915 3349 2970 ἀλλά
3384 2916 3609 2970 πάντων

2025 3004 2116 3057 ἐπ’
2168 3006 2333 3060 αὑτὸν
2374 3006 2620 3076 ἀγόντων
2667 3007 2768 3075 τὴν
2800 3006 2979 3074 δόξαν,
3028 3008 3193 3072 αὐτὸς
3235 3008 3607 3080 ἀποκρούεται
3707 3017 3714 3025 ·

1946 3121 1989 3181 c
2025 3095 2217 3168 αὐτήν.
2250 3096 2326 3151 06
2357 3097 2468 3167 γάρ
2495 3099 2643 3150 ἐστιν
2679 3098 2794 3151 ἴσον
2821 3099 3052 3168 μηδενὸς
3070 3098 3308 3163 διδόντος
3336 3100 3434 3153 καὶ
3476 3100 3608 3153 πολ-

2022 3189 2132 3247 λῶν
2160 3190 2514 3265 παρεχόντων
2548 3190 2756 3260 ταύτην
2783 3190 2885 3260 τήν
2931 3190 3103 3262 τιμὴν
3144 3191 3478 3257 διωθεῖσθαι,
3508 3192 3605 3247 καὶ

2026 3279 2166 3350 μηδέ
2215 3279 2429 3347 ἁπλῶς,
2455 3280 2593 3335 ἀλλά
2638 3282 2735 3334 καὶ
2770 3280 2910 3350 μετά
2962 3279 3232 3352 τοσαύτης
3278 3282 3604 3354 ὑποστολῆς.

2034 3372 2170 3427 Ἀπὸ
2211 3373 2307 3425 τοῦ
2354 3373 2702 3443 προπάτορος
2732 3372 2933 3436 αὐτοὺς
2973 3371 3151 3439 καλεῖ,
3175 3372 3277 3444 τὴν
3321 3374 3610 3443 εὐγένειαν

2025 3464 2264 3521 ἐνταῦθα
2316 3465 2560 3521 δείκνυσι
2618 3467 2717 3536 τὴν
2774 3465 3099 3536 Ἱουδαῖκήν.
3168 3466 3278 3519 Καὶ
3323 3467 3606 3538 πανταχοῦ

2024 3557 2186 3610 τοῦτο
2210 3557 2573 3623 σπουδάζουσι
2614 3556 2804 3622 δεῖξαι,
2846 3559 3045 3611 οἰκεῖον
3070 3557 3254 3611 αὐτῶν
3284 3556 3345 3611 ὃν
3377 3558 3438 3610 τὸ
3469 3559 3612 3627 ἀγα-

2027 3647 2142 3714 θὸν,
2174 3649 2262 3702 ἵνα
2310 3649 2390 3720 μὴ
2434 3650 2514 3713 ὡς
2562 3649 2831 3719 ἀλλοτρίῳ
2878 3649 3243 3720 προσέχοντες
3303 3650 3606 3719 φεύγωσιν.

2039 3740 2259 3806 Ἐπειδὴ
2291 3739 2649 3809 ἐσταύρωσαν
2680 3738 2866 3805 αὐτὸν,
2931 3739 3090 3793 τοῦτο
3123 3738 3189 3811 [ﬂ
3217 3740 3459 3813 τοῦτον],
3495 3759 3611 3813 φη..

2028 3830 2135 3891 σίν,
2175 3828 2564 3899 ἀγνοήσαντες,
2610 3828 2835 3896 ἀγνοίας
2860 3824 2953 3900 ἦν,
2998 3831 3154 3900 φησὶ,
3184 3830 3247 3884 τὸ
3275 3831 3606 3902 ἁμάρτημα.

2029 3921 2194 3989 Ὅρα,
2251 3919 2368 3982 πῶς
2406 3920 2502 3972 καὶ
2538 3920 2680 3989 ὑπὲρ
2723 3920 2950 3973 ἐκείνων
2998 3921 3352 3990 ἀπολογεῖται
3400 3923 3606 3993 ἡρέμα,

2026 4010 2122 4063 καὶ
2145 4010 2206 4063 06
2241 4009 2402 4062 τοῦτο
2451 4010 2633 4081 μόνον,
2665 4010 2782 4063 ἀλλ’
2817 4010 2903 4064 ὅτι
2945 4010 3042 4065 καὶ
3088 4010 3262 4075 οὕτως
3311 4012 3421 4066 ἔδει
3452 4015 3610 4082 γενέ-

2028 4103 2178 4159 σθαι.
2216 4103 2382 4174 Ὅρα,
2410 4100 2527 4164 πῶς
2555 4103 2739 4166 αὐτοῖς
2779 4103 3251 4174 περισπούδαστον
3283 4104 3377 4159 τὸν
3407 4106 3611 4177 τρόπον

2028 4198 2202 4250 εἰπεῖν
2225 4194 2322 4250 τοῦ
2355 4195 2609 4262 θανάτου,
2636 4196 2732 4249 καὶ⁹
2762 4195 2998 4252 Πιλάτον
3029 4198 3108 4261 είς
3141 4198 3304 4268 μέσον
3326 4198 3606 4270 φέρουσιν,

2031 4289 2148 4359 ἅμα
2175 4289 2295 4358 μὲν,
2334 4288 2424 4341 ἵνα
2449 4288 2609 4359 δῆλον
2631 4289 2692 4342 τὸ
2726 4289 2897 4353 πάθος
2931 4291 3161 4360 γένηται
3201 4290 3312 4344 ἀπὸ
3344 4290 3443 4344 τοῦ
3482 4307 3610 4363 κρι-

2027 4381 2241 4451 τηρίου,
2271 4380 2388 4450 ἅμα
2416 4380 2472 4433 δὲ
2502 4381 2590 4434 ἵνα
2622 4384 2823 4435 ἐκεῖνοι
2854 4384 3120 4451 μειζόνως
3149 4381 3607 4453 κατηγοροῦνται,

341 4472 591 4527 κίνδυνον
640 4469 799 4527 αὐτοὶ
827 4464 1001 4541 εἶχον,
1028 4467 1145 4522 ἀλλ’
1176 4467 1424 4529 ἐλθόντες
1478 4465 1640 4518 πάλιν
1669 4466 1746 4527 εἰς
1781 4464 1929 4534 Πέρ-
1948 4457 2003 4518 1)
2030 4472 2188 4543 ἀνδρὶ
2213 4472 2546 4541 παραδόντες
2580 4472 2885 4542 ἀλλοφύλῳ.
2914 4472 3024 4524 Καὶ
3045 4474 3147 4525 οὐκ
3179 4470 3353 4537 εἶπεν,
3395 4472 3613 4524 Ἐνέτυ-

342 4581 472 4634 γην,
502 4563 941 4635 παρατρέχουσιν
959 4578 976 4595 ο
1008 4560 1103 4614 ἐπὶ
1126 4559 1236 4631 γὰρ
1264 4560 1364 4630 τὴν
1397 4556 1732 4629 μητρόπολιν
1762 4555 1924 4628 ἠπεί-

340 4673 503 4727 γοντο
534 4657 634 4727 τὴν
685 4655 1036 4723 Ἀντιόχειαν.

421 4749 589 4804 Πάλιν
622 4749 704 4812 είς
736 4747 839 4811 τὰς
891 4743 1217 4812 συναγωγὰς
1259 4744 1316 4796 ἐν
1358 4742 1600 4813 σχήματι
1654 4737 1925 4792 Ἰουδαίων

342 4842 623 4914 εἰσῄεσαν,
657 4841 801 4894 ὥστε
861 4839 937 4909 μὴ
971 4835 1333 4906 πολεμεῖσθαι
1388 4832 1525 4905 μηδέ
1565 4829 1920 4884 ἐλαύνεσθαιο

342 4942 440 4994 καὶ
466 4939 607 4993 οὓτω
656 4938 719 4992 τὸ
761 4938 871 4991 πᾶν
923 4933 1264 5006 κατώρθουν.
1318 4931 1523 4984 Λοιπὸν
1575 4927 1826 4982 ἐντεῦθεν
1855 4926 1926 4978 τά

341 5030 485 5086 κατὰ
514 5029 725 5083 Παῦλον
759 5026 1123 5099 μανθάνομεν,
1151 5025 1213 5076 06
1243 5020 1560 5094 μικράπερὶ
1587 5019 1682 5075 τοῦ
1714 5019 1933 5089 Πέτρου.

344 5122 609 5196 μαθόντες
641 5123 698 5175 ἐν
720 5125 834 5185 τοῖς
865 5120 1055 5191 πρώην
1080 5117 1408 5187 εἰρημένοις.

418 5215 561 5287 Ὅρα
591 5214 651 5268 δὲ
712 5213 838 5276 τοὺς
878 5211 1171 5273 Ἰουδαίους
1213 5208 1465 5276 ἀφθόνως
1502 5203 1666 5258 τοῦτο
1704 5202 1928 5257 ποιοῦν.

341 5325 476 5373 τας·
516 5309 655 5379 μετά
702 5306 760 5360 δέ
810 5305 992 5369 τοῦτο,
1025 5304 1126 5357 οῦκ
1172 5301 1277 5357 ἔτι.
1317 5301 1378 5353 Εί
1410 5297 1569 5353 τοῦτο
1612 5296 1924 5363 ἐϐούλεσθε,

348 5401 551 5474 μᾶλλον
607 5400 714 5453 ἔδει
751 5396 1152 5469 παρακαλέσαι.
1182 5394 1247 5446 Ὦ
1296 5392 1393 5463 τῆς
1427 5388 1773 5454 κενοδοξίαςι
1810 5386 1927 5441 Ἐν-

341 5494 521 5549 ταῦθα
553 5492 769 5565 πρῶτον
808 5487 1069 5560 κηρύττει
1095 5485 1334 5549 Παῦλος·
1378 5484 1474 5538 καὶ
1505 5485 1605 5554 ὅρα
1630 5481 1729 5553 τὴν
1758 5479 1925 5535 αὐτοῦ

345 5588 593 5640 σύνεσιν⁹
628 5583 760 5637 ἔνθα
791 5581 891 5652 μὲν
928 5576 1023 5633 οὖν
1058 5577 1514 5646 κατεσπαρμένος
1559 5574 1587 5626 6
1616 5574 1796 5641 λόγος,
1830 5589 1927 5626 πε-

346 5680 587 5752 ριτρέχει
607 5693 624 5709 ι
664 5676 793 5730 ἐνθα
815 5674 876 5729 δὲ
897 5673 1073 5734 οὐδεὶς
1098 5668 1190 5742 ἢν,
1218 5669 1581 5741 ἐνδιατρίϐει,
1609 5665 1793 5728 καθώς
1819 5683 1928 5735 φη-

347 5786 434 5825 σιν
465 5770 625 5832 αὐτὸς
650 5769 879 5839 γράφων
897 5781 910 5796 ο
937 5782 955 5816 1
979 5758 1150 5826 υῦτος
1179 5762 1236 5815 δὲ
1276 5759 1734 5832 φιλοτιμούμενος
1760 5758 1927 5827 εύαγο

668 5867 939 5925 Ρηιιοι..
976 5864 1091 5923 Gn.
1129 5856 1360 5923 CXXV.

2028 4581 2143 4634 χον,
2183 4564 2321 4629 ἀλλ’,
2374 4583 2392 4616 1
2429 4565 2755 4636 ᾘτήσαντο,
2780 4582 2799 4616 1
2839 4564 3004 4635 χάριν
3035 4561 3252 4628 ἔλαϐον,
3302 4560 3492 4634 φησιν,
3528 4561 3608 4626 ῶς

2027 4658 2236 4713 ἐκείνου
2272 4659 2349 4732 μὴ
2375 4659 2625 4723 θέλοντος
2645 4659 2806 4713 αὐτὸν
2830 4658 3163 4730 σταυρῶσαι.
3190 4657 3284 4727 Μὴ
3306 4656 3610 4727 θορυϐείτω

2028 4753 2087 4807 δέ
2114 4769 2174 4806 σε
2210 4753 2272 4806 τὸ
2311 4754 2405 4809 τὸν
2443 4752 2656 4824 Ἰησοῦν
2684 4752 2987 4824 ἐγηγέρθαι
3014 4752 3120 4806 61:6
3149 4751 3244 4805 τοῦ
3276 4751 3414 4805 Θεοῦ
3448 4750 3607 4820 λέγε-

2032 4844 2177 4899 σθαι.
2214 4845 2274 4897 Εί
2309 4846 2418 4915 γὰρ
2457 4845 2664 4914 Ἰησοῦς
2714 4845 2815 4899 οὐκ
2856 4844 3015 4908 ἄλλος
3054 4843 3268 4915 ἐστὶνῆ
3314 4844 3345 4897 6
3386 4860 3609 4917 σαρκω-

2032 4936 2145 4998 θεὶς
2178 4935 2371 5003 Λόγος,
2400 4930 2555 4999 οὗτος
2577 4936 2635 4989 δέ
2671 4937 2819 4990 ἐστιν
2844 4936 2876 5007 ή
2902 4934 3135 5007 δύναμις
3158 4936 3254 4990 τοῦ
3285 4935 3518 5006 Πατρός,
3540 4933 3610 4989 δι’

2030 5022 2095 5099 ἧς
2132 5025 2347 5080 ἅπαντα
2388 5028 2621 5097 ἐνεργεῖ,
2663 5027 2802 5081 κατά
2823 5027 2907 5090 τὸ,
2942 5043 2963 5078 1
2986 5026 3244 5098 Χριστὸς,
3286 5026 3422 5079 Θεοῦ
3451 5025 3614 5079 δύνα-

2033 5134 2147 5185 μις,
2187 5118 2283 5170 καὶ
2322 5115 2461 5170 Θεοῦ
2506 5116 2689 5184 σοφία,
2724 5134 2744 5167 1
2779 5115 2944 5180 αὐτὸς
3001 5117 3197 5170 ἐαυτὸν
3251 5116 3615 5170 ἀνεσταιιέναι

2029 5208 2378 5281 νοηθήσεται,
2401 5208 2496 5262 καὶ
2548 5209 2848 5279 ἐγηγέρθαι
2881 5209 3176 5279 λεγόμενος
3206 5209 3314 5262 ὑπὸ
3366 5208 3460 5261 τοῦ
3502 5209 3617 5262 Πα-

2030 5300 2180 5371 τρὸς,
2204 5301 2293 5370 ἐφ’
2321 5300 2379 5352 ὃν
2433 5299 2526 5354 καὶ
2577 5300 2651 5363 ὡς
2703 5300 2879 5371 ἀρχὴν
2906 5301 3001 5353 καὶ
3040 5299 3114 5363 ὡς
3155 5299 3338 5351 αἰτίαν
3386 5298 3635 5370 ἄχρονονυ

2030 5389 2248 5446 ἅπαντα
2288 5392 2638 5461 ἀναφέρεται.
2685 5390 2846 5443 Ἀλλὰ
2896 5390 2992 5445 καὶ
3040 5389 3205 5454 αὐτός
3258 5404 3430 5458 φησιο
3463 5407 3481 5439 1
3511 5389 3623 5442 Λύο

2033 5500 2164 5537 σατε
2192 5484 2284 5535 τὸν
2315 5483 2444 5535 ναὸν
2472 5482 2683 5549 τοῦτον,
2713 5482 2810 5535 καὶ
2837 5485 2896 5536 ἐν
2925 5482 3111 5554 τρισὶν
3140 5481 3383 5553 ἡμέραις
3432 5480 3616 5552 ἐγερῶ

2029 5574 2213 5628 αὐτόν.
2241 5593 2258 5625 1
2294 5571 2411 5627 Οὐκ
2431 5573 2500 5627 ἂν
2524 5569 2684 5642 ἦσαν,
2716 5575 2764 5627 εί
2800 5572 2877 5643 μὴ
2906 5572 3027 5641 θείᾳ
3054 5572 3281 5641 δυνάμει
3302 5570 3619 5629 ὲϐεϐαιοῦν·

2032 5683 2113 5730 το,
2137 5668 2238 5719 οὐκ
2266 5664 2332 5718 ἂν
2359 5667 2495 5736 πρὸς
2524 5666 2848 5735 ἀνθρώπους
2882 5665 3160 5735 φονῶντας
3184 5665 3412 5719 τοιαῦτα
3438 5666 3618 5737 ἐμαρ-

2031 5758 2296 5829 τύρησαν.
2338 5757 2412 5811 Τὸ
2450 5757 2681 5827 Ἰησοῦς
2732 5756 2903 5829 ὄνομα
2935 5758 3030 5813 ἐπὶ
3067 5756 3163 5811 τοῦ
3197 5756 3489 5828 ἀνθρώπου
3525 5757 3616 5810 ἐκ-

3109 5849 3183 5911 35
