4082 6412
519 341 661 411 1103

1338 349 1948 414 'THEOPHYLACTE
1990 354 2404 415 BULGARI/E
2431 357 2784 420 ARCHIEP.

3650 364 3788 433 11οί

514 456 795 527 νηστείαν,
818 456 856 528 ἢ
882 454 1218 527 γυμνότητα,
1245 455 1280 528 ἢ
1314 459 1524 528 σιωπήν
1549 475 1563 488 ·
1590 459 1640 511 εί
1677 458 1751 529 μή
1784 460 1846 525 γέ
1869 477 1952 524 τις
1985 461 2107 513 έαυ-
2133 468 2177 524 Α
2210 464 2268 515 ού
2295 464 2426 532 περὶ
2461 465 2639 531 μόνων
2666 465 2775 518 τῶν
2802 464 2903 535 τῆς
2942 467 3157 540 Καινῆς
3187 468 3408 541 βιϐλίων
3452 472 3785 543 διαλέγεται,

514 547 595 619 τῷ
615 547 789 601 ταῦτα
827 545 1098 613 ἐπιτάξει.
1131 548 1195 600 Εί
1227 546 1338 618 γὰρ
1367 547 1463 601 καὶ
1494 549 1758 620 δυσχερῆ,
1788 550 1928 604 ἀλλά
1991 550 2097 622 μὴν

515 640 576 692 οῦ
603 636 1028 710 κατορθώματα,
1085 638 1224 693 ἀλλά
1273 638 1367 692 καὶ
1393 639 1655 709 γινόμενα
1714 641 1824 694 ὑπὸ
1877 641 2091 695 πολλῶν

515 732 613 786 καὶ
647 732 723 803 μὴ
749 731 1036 803 γινόμενα,
1069 730 1205 785 ἀλλά
1229 731 1318 784 διὰ
1343 732 1439 802 τῆς
1482 732 1706 801 χάριτος
1741 732 1837 786 τοῦ
1882 734 2093 805 Κυρίου

513 824 844 896 πιστεύομεν
874 825 1131 895 σωθῆναι.
1166 823 1390 894 Ὅμοιον
1422 824 1540 890 τοῦ,
1569 843 1589 876 ι
1610 825 1812 895 Χάριτί
1851 826 1973 878 ἐστε
2000 844 2089 879 σε-

515 918 808 988 σωσμένοι.
844 936 863 970 ι
896 917 1061 971 Ὥστε
1113 916 1282 971 πάλαι
1337 916 1436 987 μέν
1486 917 1515 969 ὁ
1552 916 1717 986 νόμος
1750 918 1878 981 τοὺς
1920 919 1991 971 τὰ
2018 921 2098 972 εἰ-

516 1009 732 1081 ρημένα
779 1009 857 1080 τῷ
885 1008 1034 1080 νόμῳ
1063 1008 1433 1079 φυλάττοντας
1467 1007 1638 1074 ἔσωζε
1661 1025 1675 1041 ·
1700 1008 1798 1063 νῦν
1828 1009 1885 1063 δὲ
1916 1011 1949 1080 ἡ
1992 1010 2094 1081 χά..

513 1118 599 1169 ρις
635 1100 728 1153 τοῦ
759 1099 987 1171 Κυρίου,
1022 1100 1116 1154 καὶ
1148 1100 1269 1170 δίχα
1319 1100 1419 1171 τῆς
1460 1098 1556 1153 τοῦ
1610 1099 1775 1171 νόμου
1823 1101 2093 1173 φυλακῆς,

508 1190 599 1245 διὰ
628 1192 729 1256 τῆς
764 1192 996 1256 πίστεως
1046 1190 1234 1256 σώζει.

582 1284 909 1349 Ἐπίσκοπος
934 1281 1026 1357 ἦν,
1053 1286 1238 1347 καθώς
1264 1303 1431 1358 φησιν
1455 1279 1641 1352 οὗτος,
1667 1285 1747 1339 διὸ
1764 1285 1859 1338 καὶ
1886 1305 1905 1337 ι
1942 1284 2098 1340 ῦστε-

512 1392 603 1446 ρος
651 1375 884 1445 λέγειν,ι
919 1376 1125 1444 καὶτὸ,
1160 1377 1316 1431 (Ἐπὶ
1349 1377 1523 1448 στόμα
1550 1376 1646 1431 δύο
1673 1377 1706 1447 ἢ
1732 1376 1899 1447 τριῶν
1952 1395 2095 1450 μαρ-

506 1468 695 1540 τύρων
724 1468 1053 1539 σταθήσεται
1094 1471 1203 1524 πᾶν
1233 1470 1407 1541 ῥῆμα,
1441 1490 1459 1521 ι
1497 1468 1732 1523 ἐνταῦθα
1766 1470 2091 1540 πληροῦται.

510 1561 656 1633 Ὅρα
722 1561 780 1615 δὲ
860 1561 972 1616 ἀπό
1024 1577 1086 1614 τε
1139 1563 1278 1616 νέων
1303 1563 1410 1616 ἀπό
1439 1579 1497 1617 τε
1547 1561 1793 1617 παλαιῶν
1848 1562 2096 1633 βεϐαιού-

513 1673 677 1728 μενον
720 1656 830 1711 τῶν
873 1657 1171 1728 προφητῶν
1209 1658 1300 1711 τὸν
1329 1658 1506 1727 λόγον.
1552 1659 1611 1712 Ὀ
1672 1660 1732 1712 ἐν
1783 1659 1864 1729 τῷ
1906 1659 2094 1729 Λουκᾷ

511 1749 902 1821 προφητεύσας
931 1766 947 1783 ο
987 1769 1009 1804 ι
1035 1750 1151 1805 Νῦν
1175 1750 1432 1814 ἀπολύεις
1478 1751 1571 1805 τὸν
1600 1750 1787 1805 δοῦλόν
1846 1768 1962 1818 σου,
1994 1752 2090 1805 Δέ-

510 1858 545 1895 σ
553 1858 708 1897 ποτα.
740 1859 763 1894 ι

580 1930 738 1999 Elea,
771 1932 962 2003 ἐπειδὴ
1015 1932 1114 2004 μὲν
1155 1933 1385 1999 ἐκεῖνος,
1440 1932 1547 1986 ἀπὸ
1584 1932 1685 2002 μὲν
1721 1931 1813 1987 τοῦ
1861 1932 2083 2004 χρόνου,

507 2024 666 2097 δῆλος
690 2022 783 2097 ἦν,
835 2025 895 2080 τὸ
921 2025 979 2079 δέ
1010 2022 1327 2090 ἀξιόπιστον
1353 2024 1454 2078 οὐκ
1483 2020 1618 2094 εἶχε,
1646 2024 1734 2077 διά
1765 2025 1826 2078 τὸ
1858 2027 1935 2095 μὴ
1987 2042 2092 2078 πα-

506 2118 659 2175 λαιὸν
686 2116 849 2187 εἶναι,
874 2119 1071 2190 ἐπάγει
1110 2116 1275 2191 δὲἹῙ.
1327 2117 1418 2190 δὴ]
1474 2117 1709 2172 παλαιὰν
1725 2119 2085 2190 προφητείαν.

510 2232 534 2266 ε
566 2212 764 2277 Καθὼς
793 2212 1129 2283 γέγραπται,
1166 2210 1333 2282 φησί’
1360 2209 1517 2265 Μετὰ
1539 2210 1716 2264 ταῦτα
1739 2209 2086 2282 ἀναστρέψω,

507 2305 602 2362 καὶ
630 2304 971 2377 οἰκοδομήσω
992 2303 1093 2375 τὴν
1124 2302 1328 2375 σκηνὴν
1348 2301 1513 2356 Δαϐὶδ
1536 2303 1633 2374 τὴν
1662 2306 2035 2357 πεπτωκυῖαν.
2062 2319 2083 2353 ι

507 2397 575 2451 Τί
602 2392 696 2451 οὖν
737 2413 755 2463 ;
790 2394 1003 2467 ἠγέρθη
1063 2394 1133 2448 τά
1198 2394 1567 2466 Ἰεροσόλυμα,
1639 2393 1756 2447 ἀλλ’
1789 2393 1912 2463 οὐχὶ
1958 2409 2092 2447 κατ’

500 2489 757 2560 αστράφη
793 2489 993 2557 μᾶλλον
1017 2486 1208 2555 ςποίαν
1219 2487 1368 2555 λέγει
1399 2486 1617 2557 ἔγερσιν
1640 2503 1656 2552 ;
1679 2485 1790 2551 Τὴν
1816 2484 1955 2554 μετά
1981 2485 2090 2538 Βα-

483 2581 745 2636 ϐυλῶνα.
775 2582 839 2635 Τί
875 2581 934 2635 δέ
990 2582 1129 2647 ἐστι,
1165 2600 1185 2633 ι
1219 2578 1418 2644 Καθὼς
1474 2578 1689 2649 πρῶτον
1724 2580 1753 2632 ό
1797 2578 1931 2642 Θεὸς
1987 2579 2089 2631 ἐπ-

507 2672 778 2743 εσκέψατο
803 2690 853 2738 ς»
898 2672 1265 2743 Σφοδρότερον
1317 2671 1416 2743 μὲν
1466 2673 1496 2725 ὁ
1535 2671 1739 2742 Πέτρος
1793 2670 2088 2737 διελέγετο,

502 2760 662 2831 οὗτος
692 2766 747 2821 δέ
779 2766 1148 2838 ἡμερώτερον.
1184 2765 1342 2820 Οὕτω
1361 2765 1470 2837 γὰρ
1494 2766 1603 2838 χρὴ
1642 2766 1734 2820 τὸν
1773 2767 1832 2820 ἐν
1876 2766 2091 2839 μεγάλῃ

486 2858 816 2930 -δυναστείᾳ,
848 2858 919 2912 τὰ
949 2859 1048 2928 μὲν
1081 2858 1317 2929 φορτικά
1342 2857 1552 2928 ἐτέροις
1578 2859 1952 2928 παραχωρεῖν,
1991 2859 2091 2911 αὐ·

504 2951 597 3004 τὸν
624 2950 684 3004 δέ
738 2950 850 3005 τῶν
880 2951 1251 3022 ἡμερωτέρων
1296 2948 1609 3018 φαίνεσθαι.
1648 2969 1668 3001 ι
1695 2948 1890 3003 Λαϐὼν
1921 2950 2087 3022 (vulg.

505 3042 717 3115 λαϐεῖν]
747 3044 806 3110 ἐξ
858 3043 1049 3107 ἐθνῶν,
1096 3042 1251 3113 φησὶ,
1304 3041 1434 3096 λαὸν
1478 3040 1639 3113 [υιιίρ.
1669 3041 1796 3096 add.
1850 3040 1966 3114 ἐπὶ]
2010 3041 2091 3113 τῷ

505 3136 735 3207 ὀνόματι
765 3134 953 3191 αὑτοῦ.
981 3156 1000 3189 ι
1036 3136 1148 3205 Οὐχ
1189 3134 1376 3199 ἁπλῶς
1435 3134 1738 3201 ἐξελέξατο,
1774 3133 1910 3188 ἀλλά
1945 3153 1965 3187 ι
2004 3135 2084 3205 τῷ
2113 3175 2158 3235 c

505 3230 734 3299 ὀνόματι
758 3228 949 3293 αὐτοῦ,
980 3246 1000 3283 ι
1034 3228 1286 3282 τουτέστι
1330 3229 1397 3299 τῇ
1447 3226 1597 3300 δόξῃ.
1645 3227 1702 3281 '0
1748 3227 2084 3299 σταυρωθεὶς

505 3315 577 3389 ἦν
606 3322 636 3373 ὁ
664 3319 837 3388 λέγων
887 3318 1063 3373 ταῦτα
1093 3320 1151 3372 έν
1178 3317 1257 3390 τῷ
1316 3319 1595 3391 προφήτῃ.
1645 3318 1820 3372 Αὐτοῦ
1870 3318 1982 3391 γάρ
2024 3319 2087 3373 τὸ

492 3408 679 3478 -ϐνομα
710 3408 1099 3479 ἐπικέκληνται
1122 3407 1300 3462 πάντα
1326 3409 1396 3463 τά
1422 3408 1549 3479 ἔθνη
1579 3423 1596 3439 ο
1624 3409 1942 3478 Χριστιανοὶ
1975 3410 2085 3481 γὰρ

505 3504 1028 3576 προσαγορεύονται.
1074 3506 1360 3559 Πεπτώκει
1387 3504 1495 3576 γὰρ
1520 3505 1687 3567 ὅντως
1722 3507 1921 3575 πτῶμα
1967 3506 2086 3559 ἀνί-

506 3596 777 3663 ατον,καὶ
805 3594 907 3665 τῆς
966 3597 1237 3663 κραταιᾶς
1292 3596 1513 3666 ἐκείνης
1564 3595 1821 3664 δεόμενον
1879 3596 2080 3666 χειρός.

504 3688 619 3744 Kal
647 3687 747 3742 ούκ
785 3683 855 3760 ἦν
882 3687 1183 3758 ἀναστῆναι
1211 3687 1309 3758 τὴν
1339 3687 1501 3757 φύσιν
1531 3689 1631 3757 τὴν
1658 3688 1958 3758 ἡμετέραν,
2008 3685 2084 3759 μὴ

502 3778 598 3833 τοῦ
623 3778 724 3850 τὴν
768 3778 944 3849 ἀρχὴν
971 3778 1367 3841 διαπλάσαντος
1391 3777 1530 3847 αὐτῇ
1561 3779 1717 3848 χεῖρα
1746 3776 1913 3841 ὀξέως
1961 3776 2083 3847 ὀρέ-

505 3867 717 3935 ξαντος,
767 3869 862 3923 καὶ
887 3867 1333 3933 δ;ατυπώσαντος
1377 3868 1585 3923 ἀνωθεν
1616 3868 1717 3939 τὴν
1768 3868 1835 3921 δι’
1891 3868 2083 3934 ὕδατος

503 3961 864 4028 ἀναγέννησιν
920 3961 1016 4014 καὶ
1073 3958 1412 4029 Πνεύματος.
1450 3977 1469 4010 ι
1499 3959 1726 4013 Γνωστά
1779 3961 1928 4015 ἐστιν
1982 3959 2081 4015 ἀπ’

502 4052 702 4117 αἰῶνος
752 4051 831 4124 τῷ
874 4051 994 4124 Θεῷ
1038 4051 1218 4107 πάντα
1265 4051 1359 4107 τά“
1383 4051 1521 4124 ἔργα
1554 4053 1749 4107 αὐτοῦ.
1777 4073 1797 4107 ι
1834 4051 1973 4108 Εἶτα
2020 4054 2084 4107 τὸ

505 4144 820 4214 ἀξιόπιστον
847 4143 944 4200 τοῦ
969 4145 1150 4212 λόγου,
1189 4144 1272 4198 ὅτι
1323 4144 1477 4199 οὐδὲν
1504 4144 1715 4211 καινὸν,
1750 4145 1867 4199 ἀλλ’
1895 4144 1954 4210 ἐξ
1976 4146 2081 4216 ἀρ-

506 4237 611 4307 χῆς
631 4236 805 4289 ταῦτα
843 4235 1305 4306 προετυπώσατο·
1363 4236 1460 4288 καὶ
1511 4235 1574 4289 τὸ
1622 4234 1839 4306 ἀξίωμα
1889 4237 2080 4289 πάλινο

512 4346 532 4379 ι
559 4324 652 4380 Διὸ
684 4324 795 4393 ἐγὼ
828 4323 1000 4396 κρίνω
1055 4325 1129 4395 μὴ
1190 4324 1538 4395 παρενοχλεῖν
1568 4327 1680 4388 τοῖς
1714 4325 1822 4379 τῶν
1844 4324 1952 4377 ἀπὸ
1974 4323 2081 4379 τῶν

499 4419 677 4475 ὲθνῶν
719 4417 1189 4486 ἐπιστρέφουσι-ι
1257 4417 1530 4483 τουτέστι,
1600 4416 1679 4488 μὴ
1725 4417 2079 4488 ἀνατρέπειν.

2201 552 2394 625 ῶσπερ
2446 557 2568 609 οὐδὲ
2619 558 2701 621 τὸ,
2767 577 2785 609 ι
2814 558 2973 611 Πᾶσα
3029 560 3246 632 Γραφὴ,
3278 562 3641 632 θεόπνευστος
3691 573 3788 625 καὶ

2200 645 2499 716 ὠφέλιμος.
2532 666 2551 698 ι
2578 647 2722 717 Ὅρα
2758 648 2815 702 δὲ
2854 648 2995 702 ὥστε
3036 650 3479 725 ἀξιοπιστότερον
3533 659 3788 725 γενέσθαι

2201 739 2486 806 πέμπουσι
2534 738 2606 792 τὰ
2639 739 2770 808 παρ’
2826 742 3031 808 αὐτῶν,
3078 743 3156 807 ώς
3203 745 3507 802 ἀνύποπτοι
3565 744 3698 806 ὦσιν
3731 755 3784 807 οἱ

2200 831 2331 900 περὶ
2384 829 2617 885 Παῦλον.

2284 923 2556 992 Ἀρκοῦσα
2584 925 2620 994 ἦ
2676 926 2980 995 κατηγορία
3010 927 3153 981 κατά
3177 930 3277 1000 τῆς
3320 931 3546 987 ἐκείνων
3575 951 3784 1007 προπε-

2197 1014 2370 1080 τείας,
2423 1016 2518 1068 καὶ
2588 1015 2716 1080 ἀξία
2758 1017 2859 1086 τῆς
2919 1018 3030 1071 τῶν
3088 1020 3406 1076 ἀποστόλων
3471 1028 3784 1094 ἐπιεικείας

2196 1107 2350 1160 οὐδὲν
2407 1109 2539 1177 παρ’
2581 1108 2779 1179 έτέρωι
2842 1112 3163 1183 εἰρηκότων.
3207 1111 3341 1167 Εἶτα
3393 1116 3475 1170 ὅτι
3530 1136 3808 1189 τυραννιε

2197 1199 2351 1265 κῶς,
2403 1202 2485 1254 ὅτι
2538 1202 2672 1254 πᾶσι
2723 1201 2892 1256 ταῦτα
2943 1203 3111 1271 δοκεῖ,
3164 1204 3245 1259 ὅτι
3292 1206 3412 1277 μετ’
3443 1210 3783 1281 ἐπισκέψεως

2196 1290 2372 1344 ταῦτα
2422 1293 2712 1362 γράφουσι.
2751 1294 2863 1345 Καὶ
2918 1294 3008 1348 ἵνα
3059 1296 3135 1366 μὴ
3186 1296 3313 1369 δόξῃ
3366 1298 3586 1371 διαϐολὴ
3640 1298 3780 1355 εἶναι

2196 1381 2451 1454 Βαρνάϐα
2472 1385 2565 1438 καὶ
2638 1384 2851 1439 Παύλου
2874 1386 2934 1439 τὸ
2963 1382 3207 1452 ἐκείνους
3234 1390 3629 1461 ἀποσταλῆναι,
3676 1393 3780 1464 ὅρα

2197 1474 2450 1545 ἐγκώμια
2509 1476 2711 1532 αὐτῶν.
2759 1497 2777 1530 ι
2838 1478 3196 1549 ’Λνθρώποις,
3244 1481 3400 1551 φησὶ,
3462 1484 3778 1554 παραδεδω-

2196 1564 2320 1619 κόσι
2377 1567 2472 1631 τάς
2520 1568 2697 1638 ψυχὰς
2760 1569 2942 1623 αὐτῶν
3014 1571 3157 1642 ὑπὲρ
3202 1571 3295 1625 τοῦ
3348 1573 3611 1643 ὀνόματος
3682 1576 3777 1630 τοῦ

2198 1658 2406 1728 Κυρίου
2471 1659 2629 1729 ἡμῶν
2684 1659 2863 1725 Ἰησοῦ
2927 1662 3235 1733 Χριστοῦ.»
3325 1665 3474 1718 Ἔδει
3531 1668 3639 1737 γὰρ
3699 1670 3775 1739 μὴ

2198 1748 2295 1820 τὴν
2328 1752 2615 1821 ἐπιστολὴν
2654 1754 2911 1823 παρεῖναι
2956 1754 3139 1824 μόνον,
3175 1755 3261 1807 ἵνα
3293 1756 3368 1827 μὴ
3399 1756 3648 1825 λέγωσιν,
3693 1761 3777 1814 ὅτι

2122 1826 2166 1881 Β
2198 1844 2572 1913 συνήρπασαν,
2613 1844 2694 1897 ὅτι
2737 1846 2853 1897 ἀντ’
2891 1846 3067 1901 ἄλλων
3099 1844 3253 1901 εἷπον
3301 1849 3362 1902 τὸ
3392 1851 3664 1921 ἐγκώμιον
3714 1853 3776 1907 τὸ

2190 1933 2324 2003 περὶ
2348 1934 2583 1999 Παύλου,
2601 1936 2898 2007 ἐνέφραξεν
2914 1937 3095 1991 αὐτῶν
3124 1939 3190 1993 τά
3215 1941 3478 2011 στόματα.
3510 1941 3776 1998 Ἐνταῦθα

2187 2024 2280 2077 τὸν
2314 2024 2478 2094 φόϐον
2504 2026 2780 2098 ἀπείργει,
2818 2030 2995 2083 καίτοι
3050 2032 3211 2102 ῆρκει
3256 2034 3453 2096 εἰπεῖν,
3501 2034 3578 2103 τῷ
3634 2036 3775 2104 ἁγίῳ

2190 2113 2497 2186 Πνεύματι,
2526 2117 2614 2170 ἵνα
2646 2118 2722 2189 μὴ
2773 2121 3071 2188 νομίσωσιν
3124 2122 3469 2193 ἀνθρώπινον
3499 2119 3659 2180 εἶναι.
3702 2126 3778 2180 Τδ

2188 2204 2267 2269 δὲ,
2319 2225 2339 2259 ι
2392 2209 2543 2278 ἡμῖν,
2576 2228 2595 2260 ι
2629 2211 2714 2264 ἵνα
2740 2211 3083 2282 διδαχθῶσιν,
3114 2215 3195 2268 ὃτι
3225 2214 3379 2268 αὐτοὶ
3416 2216 3776 2287 ἀποδέχονται

2189 2299 2283 2352 καὶ
2307 2300 2365 2353 ἐν
2389 2304 2658 2373 περιτομῇ
2687 2302 2860 2367 ὄντες.
2894 2305 3140 2359 Δεικνύει
3178 2306 3257 2360 ὄτι
3281 2306 3430 2361 οὐδὲν
3451 2308 3633 2372 αὐτοῖς
3661 2309 3777 2363 λεί-

2190 2407 2304 2457 πει,
2334 2392 2448 2445 ἀλλ’
2481 2394 2643 2465 ἀρκεῖ
2674 2394 2832 2449 τοῦτο
2857 2414 2871 2427 ο
2905 2396 3169 2464 ἠδύναντο
3195 2398 3296 2466 μὲν
3327 2398 3433 2468 γὰρ
3464 2399 3559 2452 καὶ
3605 2403 3775 2470 χωρὶς

2188 2484 2553 2555 πραγμάτων.
2594 2485 2736 2539 Ἀλλ’
2762 2486 2903 2541 ὥστε
2927 2489 3092 2558 νόμον
3110 2484 3250 2541 εἶναι
3280 2490 3578 2559 ἔγγραφον,
3613 2492 3774 2546 πάλιν

2187 2570 2330 2625 ὥστε
2364 2573 2653 2643 πεισθῆναι
2684 2574 2764 2644 τῷ
2801 2577 2973 2648 νόμῳ,
3006 2577 3183 2632 ταῦτα
3218 2577 3396 2632 πάντα
3423 2580 3492 2632 τά
3523 2580 3769 2651 τέσσαρα

2187 2664 2670 2735 ἀπαγορεύσαντες
2703 2671 2876 2720 ποιεῖν
2931 2668 2997 2721 τὰ
3041 2669 3191 2738 εθνη,
3241 2668 3306 2722 τά
3366 2669 3530 2723 λοιπά
3587 2672 3773 2736 αὐτοῖς

2192 2760 2598 2834 συνεχώρησαν.
2633 2762 2788 2816 Ἔστι
2814 2763 2869 2817 δὲ
2900 2764 3074 2818 ταῦτα
3103 2782 3118 2795 ·
3153 2786 3172 2818 ι
3199 2767 3526 2838 ’Δπέχεσθαι
3555 2770 3772 2823 είδωλο-

2190 2849 2386 2917 θύτων,
2451 2853 2544 2905 καὶ
2576 2853 2828 2923 αἵματος,
2876 2856 2969 2908 κα)⁵
3016 2859 3262 2924 πνικτοῦ,
3290 2860 3382 2913 καὶ
3415 2861 3671 2931 πορνείας
3701 2877 3713 2891 ο
3747 2879 3769 2914 ο

2188 2943 2363 2998 ταῦτα
2386 2943 2547 3016 γάρή
2591 2947 2767 3018 Καινὴ
2791 2947 2852 3000 ού
2903 2949 3282 3015 διατάσσεται,
3344 2951 3582 3021 οὐδαμοῦ
3642 2953 3774 3024 περὶ

2188 3034 2395 3090 τούτων
2441 3036 2692 3109 διελέχθη
2743 3038 2771 3089 ὁ
2831 3039 3091 3110 Χριστὸς,
3120 3041 3234 3095 ἀλλ’
3285 3043 3395 3095 ἀπὸ
3443 3042 3538 3096 τοῦ
3596 3044 3768 3114 νόμου

2190 3127 2362 3182 ταῦτα
2437 3128 2829 3199 λαμϐάνουσιν.
2900 3126 3033 3185 Εἶτα
3091 3134 3331 3186 κάκεῖνοι
3386 3134 3583 3199 αὐτοὺς
3631 3151 3774 3206 παρ-

2191 3221 2442 3289 εκάλουν,
2502 3223 2600 3277 καὶ
2643 3222 3045 3293 βεϐαιώσαντες
3095 3227 3327 3292 αὐτοὺς,
3393 3227 3527 3301 πρὸς
3560 3227 3771 3282 Παῦλον

2188 3313 2619 3386 φιλονεικότερον
2655 3315 2939 3371 διέκειντο.
2978 3316 3165 3380 Οὕτως
3194 3318 3435 3389 ἀπῆλθον
3468 3321 3587 3389 μετ’
3615 3320 3770 3390 εἰρή-

2187 3423 2306 3474 νης.
2350 3404 2469 3460 Οὐκ
2499 3407 2579 3459 ἔτι
2608 3407 2829 3471 στάσεις
2888 3408 2983 3462 καὶ
3036 3411 3225 3479 μάχαι.
3261 3411 3469 3474 Παῦλος
3497 3412 3552 3466 δὲ
3583 3409 3771 3464 λοιπὸν

2185 3496 2487 3562 ἐδίδασκεν,
2518 3497 2691 3561 οὐδεὶς
2715 3498 2885 3567 τύφος
2933 3494 2999 3570 ἦν
3052 3501 3109 3552 ἐν
3142 3504 3207 3571 τῇ
3260 3500 3554 3573 Ἐκκλησία
3582 3519 3593 3530 ·
3630 3505 3770 3570 μετά

2186 3588 2395 3659 Πέτρου
2424 3588 2638 3652 Παῦλος
2677 3580 2996 3660 φθέγγεται,
3027 3591 3121 3645 καὶ
3179 3593 3357 3656 οὐδεὶς
3404 3594 3768 3663 ἐπιστομίζει.

2185 3675 2443 3741 Ἰάκωϐος
2474 3678 2570 3731 καὶ
2600 3677 2853 3749 Ἰωάννης
2883 3678 3155 3749 ἀνέχεται.
3190 3684 3283 3734 καὶ
3302 3682 3475 3746 οὐδεὶς
3506 3684 3768 3753 ἐπιπηδᾷ,

2185 3766 2322 3821 ἀλλά
2350 3768 2608 3837 σιγῶσιν·
2651 3771 2858 3835 ἐκεῖνος
2894 3771 2999 3843 γὰρ
3032 3771 3132 3843 τὴν
3167 3774 3341 3844 ἀρχὴν
3368 3770 3438 3845 ἦν
3467 3775 3770 3846 ἐγκεχειρι-

2187 3855 2405 3926 σμένος.

2257 3950 2621 4021 Σημειωτέον,
2655 3952 2736 4006 ὅτι
2770 3952 2931 4023 ἔργον
2950 3953 3060 4008 τῶν
3093 3955 3415 4026 ἡγουμένων
3468 3958 3771 4029 περιεργά-

2186 4037 2375 4105 ζεσθαι
2399 4042 2528 4104 τοὺς
2582 4041 2675 4095 ὑπ’
2716 4044 2895 4097 αὐτῶν
2930 4046 3323 4115 φωτισθέντας,
3363 4050 3436 4119 μή
3483 4066 3600 4113 πως
3657 4049 3771 4120 ἄρα

2185 4132 2282 4204 οὐχ
2307 4134 2611 4202 ὑγιαίνουσι
2670 4137 2735 4207 τῇ
2765 4136 2968 4203 πίστει,
3022 4136 3159 4190 ἀλλά
3214 4139 3516 4208 χωλεύωσι,
3555 4141 3652 4193 καὶ
3687 4140 3771 4193 δεῖ

2185 4226 2380 4288 αὐτοὺς
2403 4223 2779 4296 διορθωθῆναι.

2259 4319 2368 4371 Καὶ
2392 4321 2450 4373 ὲν
2482 4322 2594 4383 τοῖς
2629 4322 2935 4393 προφήταις
2986 4320 3143 4377 τοῦτο
3199 4323 3548 4394 εὑρίσκομεν,
3573 4323 3768 4395 διαφό-

2188 4426 2313 4480 ρους
2351 4411 2576 4481 γνώμας
2612 4412 2706 4465 καὶ
2733 4413 2966 4484 διάφορα
2989 4414 3092 4485 ῆθη
3120 4431 3134 4445 '
3160 4413 3270 4469 οἷον
3296 4416 3325 4467 δ
3360 4416 3545 4480 Ἠλίας
3572 4418 3769 4482 αὐστη-

500 4514 567 4568 Εί
612 4512 723 4583 γὰρ
748 4513 777 4565 ὁ
804 4510 935 4573 Θεὸς
971 4510 1249 4573 ἐκάλεσεν,
1280 4502 1442 4563 αὗται
1470 4508 1527 4562 δὲ
1555 4509 1611 4561 αί
1665 4508 2158 4578 παρατηρήσειςι)
2192 4502 2303 4570 ρὸς.
2336 4503 2363 4555 ὁ
2393 4502 2635 4574 Μωῦσῆς
2666 4507 2840 4573 πρᾶος
2870 4520 2883 4535 ·
2925 4503 3066 4558 οὕτω
3097 4506 3153 4559 δὲ
3186 4513 3278 4561 καὶ
3327 4508 3581 4571 ἐνταῦθα,
3636 4527 3770 4578 σφο-

502 4604 893 4675 ἀνατρέπουσι,
917 4598 994 4669 τῷ
1035 4598 1155 4670 Θεῷ
1205 4599 1574 4668 πολεμοῦμεν.
1608 4599 1718 4650 Καὶ
1776 4599 1892 4667 μετ’
1928 4597 2082 4662 ἐξου-

501 4697 628 4759 σίας
655 4694 736 4758 τδ,
770 4712 791 4746 ι
832 4694 977 4761 Ἐγὼ
1005 4694 1229 4765 κρίνω.»
1264 4692 1363 4744 Διά
1388 4690 1548 4743 τοῦτό
1575 4705 1708 4759 φησι
1731 4688 1894 4742 καλὸν
1919 4684 2078 4743 εἶναι.

498 4787 601 4842 Διά
637 4787 690 4840 τί
756 4781 850 4839 οὖν
907 4786 983 4856 μὴ
1036 4787 1130 4839 καὶ
1166 4783 1449 4846 Ἰουδαίοις
1493 4781 1668 4835 ταῦτα
1704 4780 2079 4848 ἀπέστελλον;

474 4875 747 4946 ..Μωῦσῆς
787 4876 969 4939 αὐτοῖς
999 4873 1332 4943 διαλέγεται.
1368 4873 1509 4942 Ὅρα
1565 4872 1702 4943 πόση
1735 4872 1769 4942 ή
1812 4871 2080 4925 δυσκατά-

495 4970 664 5032 ϐασις
691 4968 757 5041 [Ι.
783 4966 970 5039 συγκ.]
1000 4983 1014 4997 ⁸
1063 4966 1196 5020 ἔνθα
1235 4966 1388 5018 οὐδὲν
1445 4964 1732 5029 ἔϐλαπτεν,
1776 4966 2079 5036 ἐπέστησεν

497 5056 668 5112 αὑτὸν
696 5056 1040 5119 διδάσκαλον,
1066 5058 1168 5108 καὶ
1194 5054 1491 5125 ἐχαρίσατο
1514 5053 1699 5123 χάριν,
1722 5054 1874 5107 οὐδὲν
1905 5054 2080 5125 ὲμποα

500 5150 774 5215 δίζουσαν,
807 5148 1106 5219 ἐπιτρέψας
1133 5143 1410 5207 Ἰουδαίοις
1435 5144 1655 5197 ἀκούειν
1691 5143 1879 5199 αὐτοῦ.

578 5238 639 5293 Εἰ
667 5240 762 5292 καὶ
810 5236 918 5309 πρὸ
946 5237 1043 5305 τῆς
1074 5234 1368 5304 ἐπιδημίας
1398 5232 1492 5286 τοῦ
1516 5234 1769 5304 Σωτῆρος
1799 5234 1942 5289 κατὰ
1968 5236 2077 5289 πᾶν

502 5329 781 5385 Σάϐϐατον
835 5330 892 5380 ἐν
930 5326 1120 5397 μόναις
1147 5328 1266 5387 ταῖς
1293 5327 1635 5393 συναγωγαῖς
1678 5325 2078 5394 ἀνεγινώσκετο

488 5420 729 5491 ,Μωσῆς,
774 5416 888 5473 ἀλλ’
916 5412 1007 5472 οὖν
1060 5416 1200 5486 μετά
1245 5414 1343 5486 τὴν
1377 5414 1673 5484 ἐπιδημίαν
1709 5415 1768 5467 ἐν
1826 5418 1946 5478 ταῖς
1980 5417 2076 5468 ἐκ·

504 5511 757 5581 κλησίαις
784 5507 879 5563 τοῦ
910 5508 1147 5579 Χριστοῦ
1174 5508 1234 5559 οὐ
1280 5507 1546 5561 κωλύεται
1579 5505 2072 5574 ἀναγινώσκεσθαι.

504 5601 616 5657 Καὶ
637 5602 761 5672 δρα,
793 5601 842 5653 εἰ
866 5600 1090 5655 δυνατὸν
1130 5600 1288 5652 τοῦτο
1318 5596 1607 5666 δηλοῦσθαι
1633 5598 1697 5650 ὲκ
1723 5596 1839 5662 τοῦ,
1875 5599 2075 5670 (Ἀχρι

503 5693 611 5763 γὰρ
640 5692 738 5763 τῆς
762 5693 1003 5763 σήμερον
1021 5690 1235 5764 ἡμέρας
1264 5691 1426 5760 ἡνίκα
1455 5688 1887 5759 ἀναγινώσκεται
1941 5691 2072 5743 Mm-

503 5784 656 5856 σῆς.»
695 5782 856 5863 Ἀλλά
888 5784 984 5838 καὶ
1008 5781 1110 5857 πὸ,
1142 5800 1186 5857 ,ι
1209 5782 1521 5853 Προσέχετε
1567 5783 1635 5853 τῇ
1687 5777 2015 5850 ἀναγνώσει,
2045 5800 2065 5833 ι

2183 4592 2437 4665 δρότερός
2464 4596 2616 4649 ἐστιν
2641 4599 2669 4650 ό
2698 4597 2931 4661 Παῦλος.
2965 4598 3109 4669 Ὅρα
3141 4600 3233 4654 καὶ
3258 4601 3448 4655 τούτου
3480 4601 3541 4655 τὸ
3593 4603 3768 4656 ἐπιει-

2182 4683 2309 4745 κές’
2338 4702 2357 4735 ι
2406 4683 2612 4751 Ἦξίου,
2637 4686 2789 4753 φησὶ,
2820 4684 2912 4738 τὸν
2940 4684 3274 4753 ἀποστάντα,
3306 4706 3325 4739 ι
3381 4688 3477 4740 καὶ
3499 4688 3567 4742 τά
3608 4687 3763 4757 ἑξῆς.

2180 4773 2246 4825 Τί
2276 4768 2369 4827 οὖν
2395 4791 2410 4839 ;
2443 4776 2628 4845 ἐχθροὶ
2651 4776 3007 4847 ἀνεχώρησαν
3033 4794 3047 4845 ;
3073 4779 3164 4849 Μὴ
3197 4779 3426 4847 γένοιτο.
3453 4779 3617 4849 Ὁρᾷς
3654 4779 3767 4849 γάρ

2183 4866 2324 4934 μετὰ
2355 4866 2512 4919 τοῦτο
2537 4866 2827 4937 Βαρνάϐαν
2860 4868 3073 4923 πολλῶν
3101 4872 3395 4941 ἐγκωμίων
3419 4869 3765 4924 ἀπολαύοντα

2180 4956 2330 5027 παρὰ
2362 4957 2574 5011 Παύλου
2606 4961 2662 5013 ὲν
2687 4963 2805 5024 ταῖς
2835 4958 3200 5024 Ἐπιστολαῖς.
3250 4961 3628 5034 Παροξυσμὸς,
3659 4979 3767 5032 φη-

2182 5048 2286 5115 σὶν,
2331 5050 2571 5117 ἐγένετο,
2632 5051 2732 5105 οὐκ
2774 5052 2966 5123 ἔχθρα,
3013 5053 3076 5106 οὐ
3133 5053 3455 5122 φιλονεικία.
3493 5051 3767 5109 Τοσοῦτον

2181 5139 2401 5209 ἴσχυσεν
2433 5143 2461 5194 ὁ
2484 5141 2857 5213 παροξυσμὸς,
2890 5142 3031 5197 ὥστε
3070 5145 3413 5215 ἀποχωρίσαι
3441 5160 3454 5173 °
3485 5144 3581 5198 καὶ
3613 5145 3768 5197 είκό-

2178 5250 2309 5297 τως.
2347 5233 2524 5306 Ὅπερ
2546 5235 2778 5300 ἕκαστος
2802 5236 3074 5290 ὑπέλαϐεν
3096 5236 3235 5293 εἶναι
3272 5237 3569 5301 λυσιτελὲς,
3599 5237 3766 5290 τοῦτο

2182 5324 2322 5395 μετὰ
2344 5324 2516 5380 ταῦτα
2539 5327 2601 5380 οὐ
2635 5329 2956 5398 προσήκατο
2993 5330 3080 5383 διὰ
3106 5329 3206 5400 τὴν
3242 5330 3378 5401 πρὸς
3395 5332 3604 5384 ἐκεῖνον
3637 5346 3761 5382 κοι-

2178 5418 2397 5474 νωνίαν.
2450 5420 2605 5490 Ἐμοὶ
2659 5419 2809 5474 δοκεῖ
2836 5425 2931 5475 καὶ
2988 5421 3132 5475 κατά
3168 5421 3384 5475 σύνεσιν
3430 5422 3761 5492 γενέσθαι.ὁ

2178 5512 2453 5582 χωρισμὸς
2484 5513 2740 5584 καὶπρὸς
2771 5513 3034 5585 ἀλλήλους
3063 5516 3262 5582 εἰπεῖν,
3292 5516 3375 5568 ὅτι
3393 5514 3609 5584 Ἐπειδὴ
3646 5513 3761 5582 ἐγὼ

2179 5603 2461 5674 βούλομαι,
2494 5606 2557 5659 σὺ
2584 5605 2641 5659 δὲ
2670 5607 2732 5659 οὐ
2766 5605 2962 5677 βούλει,
3002 5606 3088 5660 ἵνα
3141 5606 3216 5676 μὴ
3273 5604 3606 5677 μαχώμεθα,
3643 5605 3760 5657 δια-

2176 5695 2496 5765 νειμώμεθα
2556 5698 2684 5759 τοὺς
2738 5699 2959 5761 πόνους.
3000 5698 3164 5750 ’Ὠστε
3212 5697 3452 5760 εἴκοντες
3505 5695 3758 5766 ἀλλήλοις

2175 5785 2336 5842 τοῦτο
2367 5787 2605 5845 ἐποίουν.
2650 5787 2937 5844 Ἐϐούλετο
2972 5788 3081 5861 γὰρ
3128 5789 3321 5863 στῆναι
3347 5788 3409 5843 τὸ
3464 5784 3527 5861 if.
3557 5788 3753 5843 ἀποστ.
