4082 6412
316 427 458 494 1105

1128 435 1668 503 EXPOSITIONIS
1710 442 1793 505 IN
1828 443 2021 505 ACTA
2049 443 2354 506 TEXTUS
2387 444 2747 509 TERTIUS.

3436 454 3583 525 1106

309 541 430 614 τοῦ]
454 541 667 596 Παύλου
691 542 718 597 0
739 541 1049 615 Βαρνάϐας,
1074 546 1162 599 διὰ
1184 548 1345 602 τοῦτο
1368 550 1739 623 ἀνεχώρησεν,
1760 553 1886 607 Εἴθε
1919 564 1961 617 Α
1991 555 2019 607 0
2044 554 2142 626 τὴν
2167 556 2411 627 ἱστορίαν
2446 557 2697 631 γράφων,
2735 560 2830 614 ἅτε
2869 560 2934 634 δὴ
2994 563 3094 619 καὶ
3139 566 3343 640 ἀργίας
3390 569 3582 642 οὔσης,

309 635 407 687 καὶ
429 636 593 704 ἡμεῖς
629 635 901 700 τοιούτους
933 639 1312 710 ἐχωριζόμεοα
1356 644 1689 714 χωρισμοὺς,
1749 646 1892 701 ὥστε

312 727 408 779 ἐπὶ
439 727 498 780 τὸ
520 728 787 800 κήρυγμα
842 729 1086 785 ἀπιέναι.
1146 733 1332 787 Ταῦτα
1390 735 1702 806 γέγραπται
1760 739 1895 808 πρὸς

310 815 485 869 τύπον
523 818 827 889 ἡμέτερον,
863 819 950 874 ἴνα
1001 821 1076 892 μὴ
1162 825 1612 898 καταπίπτωμεν.
1659 829 1734 881 Οὐ
1787 829 1896 901 γάρ

310 905 459 961 ἐστιν
491 907 814 976 ἀνθρώπους
836 911 998 990 δντας
1029 913 1104 984 μὴ
1132 916 1533 986 παροξύνεσθαι
1553 936 1568 952 ο
1622 920 1896 992 παροξυν-

322 996 516 1061 θέντας
564 999 621 1052 δὲ
679 999 787 1071 χρὴ
843 1003 1300 1071 μεταϐάλλεσθαι.
1362 1007 1686 1079 Θαυμαστὸς
1737 1005 1894 1077 οὗτός

312 1090 463 1142 ἐστιν
512 1091 541 1142 ό
577 1092 739 1161 ἀνὴρ,
778 1093 876 1146 καὶ
938 1095 1145 1167 σφόδρα
1186 1098 1396 1169 μέγας·
1466 1103 1608 1157 πάνυ
1637 1102 1892 1176 ὠφέλειὴ

312 1178 461 1249 μάχη
491 1181 582 1234 τὸν
622 1182 873 1254 Μάρκον.

382 1269 458 1322 T0
489 1270 588 1338 μὲν
617 1271 727 1342 γάρ
776 1273 990 1328 Παύλου
1045 1277 1276 1348 φοϐερὸν
1328 1280 1665 1353 ἐπέστρεφεν
1698 1285 1858 1340 αὐτόν
1879 1302 1895 1321 ο

308 1359 372 1413 τὸ
403 1359 458 1412 δέ
508 1359 764 1432 Βαρνάϐα
825 1366 1063 1436 χρηστὸν
1125 1368 1300 1422 ἐποίει
1332 1372 1530 1442 μηκέτι
1561 1374 1898 1447 ἀπολειφθῆ-

308 1467 422 1504 ναι.
451 1451 616 1505 Ὥστε
648 1454 913 1524 μάχονται
940 1458 1057 1526 μὲν,
1090 1460 1170 1523 είς
1208 1459 1270 1514 ἓν
1305 1462 1362 1516 δέ
1394 1462 1545 1528 τέλος
1570 1467 1790 1538 ἀπαντᾷ
1835 1468 1899 1521 τὸ

307 1543 522 1613 κέρδος.
586 1545 698 1599 Καὶ
748 1547 858 1618 γάρ
906 1549 1121 1604 Παῦλον
1181 1552 1326 1624 όρῶν
1367 1553 1694 1626 αἱρούμενον
1753 1560 1894 1613 ἀπο-

309 1637 527 1706 στῆναι,
558 1638 654 1691 καλ.
713 1640 854 1694 πάνυ
899 1643 1178 1715 ἐφοϐήθη,
1232 1648 1328 1699 καὶ
1385 1648 1632 1718 κατέγνω
1679 1650 1846 1706 αὐτοῦ
1873 1666 1892 1684 ο

308 1728 408 1782 καὶ
435 1730 722 1800 Βαρνάϐαν
751 1731 893 1801 ὁρῶν
922 1732 1096 1798 οὕτως
1159 1737 1535 1809 ἀντεχόμενον,
1565 1741 1705 1796 πάνυ
1735 1743 1900 1799 αὑτὸν

305 1818 580 1890 ὠφέλησε,
615 1821 709 1874 καὶ
741 1820 1038 1892 διωρθοῦτο
1072 1825 1100 1877 0
1148 1825 1394 1897 μαθητὴς
1441 1826 1530 1881 διὰ
1555 1827 1658 1898 τῆς
1711 1829 1893 1901 μάχης

305 1907 421 1961 τῶν
472 1908 835 1981 διδασκάλων-ο
880 1911 1142 1968 τοσοῦτον
1194 1916 1395 1987 ἀπεῖχε
1469 1916 1565 1971 τοῦ
1618 1919 1898 1974 σκανδαλι-
1930 1921 1969 1975 Β

309 1998 509 2068 σθῆναι
519 2041 533 2057 .

383 2090 526 2158 Ὅρα
572 2090 675 2162 την
726 2092 940 2148 σύνεσιν
993 2094 1091 2149 τοῦ
1127 2097 1366 2163 Παύλου,
1402 2099 1463 2154 οὐ
1515 2100 1784 2173 πρότερον
1809 2103 1898 2158 ἐπ’

308 2180 480 2250 ἄλλην
524 2181 743 2253 ἔρχεται
792 2186 969 2252 πόλιν,
1003 2189 1134 2258 πρὶν
1171 2189 1204 2259 ἢ
1236 2191 1332 2253 τὰς
1365 2189 1664 2263 δεξαμένας
1696 2194 1787 2247 τὸν
1809 2194 1898 2248 λό-

308 2289 408 2340 γον
434 2274 836 2346 ἐπισκέψασθαι
860 2292 877 2308 ⁸
908 2279 1004 2332 καὶ
1032 2278 1139 2352 γάρ
1162 2282 1317 2345 ἀνίας
1346 2282 1464 2337 ἐστὶ¹
1491 2283 1551 2337 τὸ
1603 2286 1726 2356 είκῆ
1773 2287 1901 2359 τρέ-

314 2380 456 2434 χειν.

389 2457 599 2522 Ὄντως
632 2458 782 2524 ἀξιον
814 2461 1158 2534 ἐκπλαγῆναι
1179 2466 1270 2520 τοῦ
1294 2468 1509 2523 Παύλου
1537 2471 1636 2541 τὴν
1655 2471 1896 2530 σύνεσιν⁶

310 2549 339 2599 0
360 2549 596 2603 τοσαῦτα
625 2553 1012 2624 μαχησάμενος
1050 2558 1178 2627 περὶ
1211 2562 1309 2631 τῆς
1363 2565 1669 2635 περιτομῆς
1730 2582 1900 2638 περι-

313 2640 482 2710 έτεμε
532 2642 624 2697 τὸν
656 2643 927 2715 μαθητήν.
987 2649 1099 2702 Καὶ
1127 2651 1189 2704 οὐ
1221 2652 1381 2722 μόνον
1433 2654 1654 2727 ἐτέρους
1684 2658 1745 2711 οὒ
1792 2677 1901 2713 κω-

313 2730 458 2795 λύει,
488 2732 624 2787 ἀλλά
648 2737 744 2788 καὶ
771 2737 934 2801 αὐτὸς
967 2739 1125 2794 τοῦτο
1175 2742 1494 2812 ἐργάζεται.
1546 2748 1717 2802 Οὐδὲν
1774 2767 1901 2805 συν-

312 2820 601 2894 ετώτερον,
626 2823 768 2879 ὥστε
805 2827 983 2882 πάντα
1008 2831 1145 2900 πρὸς
1176 2832 1232 2886 τὸ
1265 2836 1545 2906 συμφέρον
1583 2838 1753 2910 ὲώρα,
1802 2842 1900 2896 καὶ

312 2912 468 2967 οὐδὲν
498 2915 688 2979 ἁπλῶς
743 2919 918 2972 ἐποίει
959 2921 1248 2991 προλήψει.
1292 2943 1310 2976 ι
1379 2927 1583 2982 Τοῦτον
1642 2930 1898 3002 ἠθέλησε,

317 3006 510 3074 φησὶν,
543 3006 784 3073 ἐξελθεῖν
846 3011 946 3066 σὺν
1007 3013 1179 3083 αὐτῷ.
1221 3033 1240 3067 ι
1311 3015 1425 3071 Kal
1478 3018 1540 3072 τὸ
1588 3020 1901 3093 θαυμαστὸν

310 3094 495 3161 τοῦτο,
529 3097 611 3151 ὅτι
656 3100 983 3171 περιέτεμεν
1039 3104 1223 3171 αὐτὸν,
1267 3105 1354 3160 διὰ
1410 3110 1538 3172 τοὺς
1586 3112 1897 3181 Ἰουδαίους,

313 3181 474 3250 φησὶ,
494 3184 621 3249 τοὺς
647 3186 808 3251 ὄντας
830 3190 889 3244 ἐν
915 3192 1028 3254 τοῖς
1048 3192 1237 3256 τόποις
1267 3195 1498 3260 ἐκείνοις
1527 3216 1542 3230 ο
1568 3199 1668 3253 οὐκ
1696 3200 1762 3255 ἂν
1789 3202 1899 3273 γὰρ

312 3273 609 3345 ¹ἰῖνὲιτχοντο
630 3280 784 3351 παρὰ
804 3281 1143 3352 ἀκροϐύστου
1168 3285 1442 3356 τὸνξλόγον
1464 3291 1718 3348 ἀκοῦσαι.
1750 3313 1771 3348 ι
1797 3293 1908 3351 Καὶ

310 3363 373 3416 τί
445 3366 545 3438 δρα
573 3369 635 3423 τὸ
664 3372 1002 3444 κατόρθωμα
1029 3392 1044 3407 ο
1076 3378 1405 3450 περιέτεμεν
1463 3383 1550 3437 ἵνα
1603 3388 1908 3458 περιτομὴν

314 3457 524 3532 καθέλῃ
555 3477 570 3492 ο
602 3461 670 3516 τὰ
692 3464 942 3534 δόγματα
970 3468 1081 3539 γάρ
1107 3471 1377 3542 ἐκήρυττε
1419 3474 1529 3528 τῶν
1561 3457 1901 3536 ἀποστόλων.

407 3547 537 3604 Ἰδοὺ
575 3555 759 3621 σαφῶς
783 3555 1034 3625 δόγματα
1084 3560 1325 3633 κέκληκε
1382 3564 1486 3634 τὴν
1536 3568 1746 3641 ἀποχήν
1792 3571 1904 3624 τῶν

313 3641 706 3710 εἰδωλοθύτων,
795 3649 1054 3718 πορνείας
1139 3669 1209 3705 τεΔ
1262 3654 1358 3707 καὶ
1432 3657 1680 3726 πνικτοῦ,
1759 3660 1905 3732 ἅπερ

314 3734 425 3785 είσὶ
451 3736 745 3806 κανονικῆς
770 3736 935 3808 ζωῆς.
964 3740 1066 3795 Διά
1131 3745 1196 3796 τί
1258 3743 1358 3813 μὲν
1408 3746 1784 3819 ἐκωλύθησαν,
1839 3753 1902 3805 οὐ

314 3823 471 3892 λέγει
501 3843 515 3857 ·
564 3829 649 3881 ὅτι
677 3829 736 3882 δέ
760 3831 1136 3902 ἐκωλύθησαν,
1194 3834 1340 3903 λέγει
1372 3852 1388 3869 ο
1439 3839 1711 3894 παιδεύων
1753 3842 1902 3913 ἡμᾶς

315 3916 607 3972 πείθεσθαι
646 3920 843 3989 μόνον,
877 3925 972 3976 καὶ
1016 3925 1090 3995 μὴ
1120 3926 1328 3996 ζητεῖν,
1394 3931 1490 3983 καὶ
1540 3931 1757 3996 δεικνὺς
1816 3932 1901 3987 ὅτι

314 4009 412 4061 καὶ
440 4011 614 4066 πολλὰ
635 4013 993 4085 ἀνθρωπίνως
1033 4019 1272 4072 ἐποίουν.
1301 4021 1514 4076 Οὐκέτι
1546 4023 1613 4076 δι’
1642 4024 1898 4094 ἀγγέλου,

316 4100 573 4174 καθάπερ
596 4104 864 4171 Φίλιππος
889 4104 996 4163 εἶδε
1031 4112 1124 4164 καὶ
1147 4113 1451 4185 Κορνήλιος
1473 4131 1487 4147 ·
1523 4115 1660 4171 ἀλλά
1687 4117 1741 4170 τί
1769 4134 1783 4183 ;
1819 4119 1900 4172 Δι’
1940 4105 1945 4108 ’

313 4191 596 4261 δράματος
629 4195 881 4263 φαίνεται
928 4201 1100 4271 αὐτῷ,
1154 4203 1342 4258 λοιπὸν
1394 4206 1899 4279 ἀνθρωπινότερον⁸

312 4280 446 4334 ἔνθα
479 4281 534 4336 δὲ
576 4283 746 4356 πολλὴ
780 4286 894 4357 βία,
932 4288 1227 4362 θειότερον.
1265 4292 1484 4366 Ἐπειδὴ
1515 4298 1625 4366 γὰρ
1661 4299 1898 4370 κηρύξαι

316 4371 419 4441 μὲν
442 4375 703 4445 ἠπείγετο
728 4378 914 4446 μόνον,
946 4381 1027 4445 είς
1056 4381 1214 4438 τοῦτο
1234 4383 1368 4455 δναρ
1423 4387 1674 4454 φαίνεται
1707 4389 1858 4460 αὐτῷ
1881 4406 1895 4420 ·

316 4463 397 4535 μὴ
429 4465 661 4536 κηρύξαι
688 4469 746 4522 δὲ
773 4471 873 4524 οὐκ
895 4472 1174 4544 ἠνέσχετο,
1206 4477 1286 4540 είς
1315 4476 1477 4531 τοῦτο
1501 4480 1561 4531 τὸ
1587 4479 1813 4552 Πνεῦμα
1838 4483 1899 4537 τὸ

313 4556 473 4626 ἅγιον
525 4561 927 4622 ἀποκαλύπτει.
979 4567 1138 4622 Οῦτω
1213 4570 1309 4624 καὶ
1369 4572 1489 4625 ἐκεῖ
1536 4571 1616 4643 τῷ
1668 4574 1892 4645 Πέτρῳ·
1924 4604 1973 4661 ο

319 4668 343 4702 ε
390 4652 659 4719 Ἀναστὰς
687 4655 983 4726 κατάϐηθι.
1023 4677 1043 4710 ›
1076 4660 1151 4713 Οὐ
1199 4662 1310 4733 γὰρ
1338 4662 1403 4734 δὴ
1445 4664 1544 4718 καὶ
1575 4664 1646 4719 τὰ
1695 4665 1898 4721 εὔκολα

315 4740 382 4793 τὸ
412 4742 636 4813 Πνεῦμα
664 4744 977 4815 εἰργάξετο,
1000 4748 1118 4803 ἀλλ’
1145 4751 1308 4821 ήρκει
1341 4753 1440 4806 καὶ
1456 4754 1610 4826 ὄναρ.
1647 4757 1901 4827 Σημειω-

314 4833 463 4896 τέον,
490 4835 572 4889 ὅτι
604 4838 704 4891 σὺν
732 4838 814 4909 τῷ
848 4840 1049 4912 Παύλῳ
1085 4837 1153 4912 ἦν
1187 4845 1245 4897 ἐν
1266 4847 1389 4908 ταῖς
1427 4847 1617 4900 πόλεσι
1671 4848 1899 4914 ταύταις

310 4927 463 4980 καὶὸ
492 4928 730 4996 Λουκᾶς,
770 4931 845 4994 ὠς
872 4933 931 5001 ἐξ
981 4928 1056 4989 ὧν
1122 4939 1218 4990 καὶ
1277 4938 1338 4992 τὸ
1381 4940 1675 5008 πρόσωπον
1726 4943 1896 4997 αὐτοῦ

312 5017 739 5088 παραλαμϐάνει
778 5022 957 5094 λέγων
987 5041 1004 5056 ’
1071 5046 1091 5079 ε
1138 5029 1518 5102 Ἐζητήσαμεν
1570 5035 1902 5107 εὑθυδρομῆ-

313 5122 430 5161 σαι.
477 5128 496 5161 ι
523 5111 598 5163 Οὐ
629 5111 740 5182 γὰρ
756 5114 820 5183 δὴ
852 5114 985 5169 ἔνθα
1009 5122 1301 5191 συναγωγὴ
1335 5117 1404 5192 ἦν
1440 5124 1625 5191 μόνον,
1645 5126 1782 5181 ἀλλά
1803 5129 1901 5182 καὶ

314 5198 425 5264 ἔξω
451 5201 710 5274 ηὔχοντο,
740 5203 935 5278 ῶσπερ
966 5210 1132 5265 τόπον
1199 5214 1322 5268 τινὰ
1370 5215 1744 5287 ἀφορίζοντες,
1801 5218 1899 5273 ἀτε

314 5292 772 5382 σωματικώτεροι
798 5298 950 5364 ὄντες
979 5301 1029 5353 οί
1076 5302 1364 5357 Ἰουδαῖοι·
1428 5306 1528 5359 καὶ
1586 5310 1655 5378 τῇ
1714 5309 1900 5382 ἡμέρᾳ

309 5376 426 5432 τῶν
445 5379 763 5446 Σαϐϐἀτων,
791 5385 880 5437 ὅτε
912 5386 1007 5439 καὶ
1028 5386 1184 5459 ὄχλον
1230 5390 1377 5454 είκὸς
1398 5386 1467 5464 ἦν
1494 5376 1792 5450 συνελθεῖν.

391 5470 533 5541 Ὅρα
558 5473 618 5525 τὸ
673 5474 879 5543 ἄτυφον
921 5478 1085 5533 πάλιν
1119 5496 1134 5512 ο
1164 5483 1302 5553 γυνὴ
1336 5483 1433 5537 καὶ
1474 5485 1705 5557 ταπεινὴ
1734 5485 1898 5557 αὕτη,

312 5562 411 5616 καὶ
439 5562 550 5617 ἀπὸ
577 5567 677 5635 τῆς
707 5567 906 5639 τέχνης
937 5581 953 5599 ·
988 5572 1082 5625 καὶ
1111 5573 1221 5645 γὰρ
1254 5576 1656 5647 πορφυρόϐαφα
1708 5572 1778 5649 ἦν
1808 5596 1900 5632 πι-

316 5656 665 5727 πράσκουσα.
706 5660 849 5713 Ἀλλ’
881 5661 983 5733 ὅρα
1010 5664 1304 5735 φιλόσοφον
1356 5670 1623 5735 γυναῖκα·
1681 5669 1898 5741 πρῶτον

317 5749 464 5815 αὐτὴ
493 5749 882 5822 ἐμαρτύρησε,
911 5755 974 5808 τὸ
1001 5754 1061 5827 [Ῑ.
1089 5754 1190 5829 τῷ]
1219 5757 1312 5812 τὸν
1335 5758 1470 5813 Θεὸν
1511 5760 1743 5816 καλέσαι
1796 5765 1897 5816 αὐ-

320 5838 439 5910 τήν,
474 5842 617 5914 Ὅρα
642 5843 723 5912 δέ,
749 5843 868 5909 πῶς
892 5845 995 5899 οὐκ
1023 5846 1339 5917 αἰσχύνεται
1367 5850 1894 5926 τάςέπιτηδεύματα,

2006 645 2209 716 μᾶλλον
2231 651 2521 719 προσεῖχον
2573 652 2686 714 τοῖς
2715 650 3051 724 λεγομένοις,
3082 657 3177 712 καὶ
3210 659 3330 725 οὐδὲ
3357 661 3391 733 ή
3430 662 3584 728 πόλις

2003 740 2144 810 αῦτη
2180 741 2392 814 μεγάλη
2426 745 2458 814 ἡ
2487 743 2596 798 τῶν
2619 744 3023 817 Φιλιππησίων.

2075 874 2285 945 Πολλῆς
2308 876 2694 947 ταπεινότητος
2720 888 2883 948 γέμει
2900 882 2969 936 τὰ
2993 884 3219 954 ῥήματα
3247 885 3343 939 καὶ
3371 889 3584 957 σοφίας.

2004 966 2120 1020 Οὐκ
2148 967 2325 1033 εἶπεν,
2359 968 2424 1021 El
2456 969 2667 1042 μεγάλη
2698 970 2766 1043 [Γ.
2805 973 3073 1047 μεγάλην]
3130 979 3388 1044 γυναῖκα,
3421 980 3470 1033 εί
3499 981 3589 1033 εύ-

1995 1057 2164 1129 λαϐὴς
2203 1057 2271 1130 [Ι.
2301 1058 2528 1131 εὐλαϐῆ]
2585 1061 2885 1132 κεκρίκατέ
2943 1082 3035 1135 με,
3099 1065 3260 1131 ἀλλὰ,
3308 1086 3329 1120 ι
3376 1070 3585 1139 πιστὴν

1996 1147 2076 1220 τῷ
2114 1149 2329 1222 Κυρίῳ,
2367 1168 2386 1202 ι
2444 1152 2625 1222 πολλῷ
2679 1153 2882 1224 μᾶλλον
2927 1156 3062 1225 ἡμῖν
3202 1157 3379 1231 ὑμῖν].
3434 1160 3588 1213 Ἐπί-

2004 1238 2087 1324 δοι
2126 1241 2228 1310 μέν
2281 1258 2365 1305 τις
2401 1240 2467 1315 [Ῑ.
2500 1242 2646 1297 εἴποι
2686 1245 2753 1298 ἄν
2808 1262 2934 1311 τις,
2974 1248 3052 1301 vel
3142 1249 3424 1320 ἐπίδοιμεν
3474 1250 3584 1324 τίς]

1999 1322 2156 1395 οὗτός
2174 1333 2326 1386 ἐστιν
2354 1334 2385 1385 0
2403 1332 2636 1403 δαίμων.
2660 1334 2815 1401 Θεὸς,
2844 1341 3002 1407 φησὶ,
3059 1338 3275 1403 Πύθων,
3334 1341 3445 1394 ἀπὸ
3487 1322 3585 1395 τοῦ

2002 1420 2169 1475 τόπου
2187 1420 2331 1475 οὕτω
2352 1421 2592 1491 λέγεται.
2623 1423 2787 1496 Ὁρᾷς
2813 1426 2894 1480 ὅτι
2940 1428 2968 1480 0
3037 1428 3313 1482 Ἀπόλλων
3372 1429 3588 1497 δαίμων

2002 1513 2144 1579 ἐστὶ,
2179 1514 2275 1567 καὶ
2307 1513 2563 1569 ἐϐούλετο
2615 1517 2695 1580 είς
2724 1517 3069 1587 πειρασμοῦς
3132 1519 3390 1589 ἐμϐαλεῖν
3442 1519 3589 1573 ὥστε

2002 1603 2307 1674 παροξύναι
2336 1601 2448 1671 ςὮ
2474 1606 2664 1677 μιαρὲ,
2711 1607 2761 1660 εί
2795 1603 2944 1672 οἶδας
2994 1608 3075 1663 ὅτι
3133 1610 3413 1680 σωτηρίας
3467 1611 3587 1666 ὁδὸν

2006 1694 2461 1763 καταγγέλλουσι,
2520 1695 2575 1749 τί
2650 1695 2726 1768 μὴ
2767 1697 3050 1764 ἐξίστασαι
3101 1698 3380 1768 ἐκείνων;
3445 1700 3586 1755 Ἀλλ’

2000 1785 2189 1858 ὥσπερ
2217 1788 2245 1840 0
2267 1786 2452 1857 Σίμων
2483 1786 2757 1855 ἐϐούλετο,
2787 1787 2968 1858 λέγων
3002 1805 3019 1822 ο
3060 1808 3079 1842 ι
3112 1790 3244 1845 Δότε
3303 1782 3461 1862 μοιῷ
3491 1791 3589 1846 ἐὰν

2001 1876 2175 1930 ἐπιθῶ
2195 1877 2297 1940 τὰς
2320 1880 2530 1949 χεῖρας,
2561 1879 2816 1951 λαμϐάνῃ
2857 1878 3083 1951 Πνεῦμα
3132 1880 3291 1949 ἅγιον
3315 1898 3331 1914 ο
3370 1900 3390 1935 ι
3423 1881 3591 1936 τοῦτο

2000 1968 2098 2022 καὶ
2122 1966 2278 2032 οὗτος
2301 1970 2499 2024 ἐποίει.
2554 1969 2791 2037 Λέγεται
2837 1969 2934 2024 οὖν
2990 1973 3025 2039 ἡ
3078 1970 3257 2025 Πυθία
3307 1972 3447 2043 γυνή
3501 1990 3588 2038 τις

1999 2053 2136 2114 οὖσα
2158 2058 2530 2130 ἐπικαθῆσθαι
2560 2059 2638 2129 τῷ
2663 2059 2883 2131 τρίποδι
2917 2059 3012 2115 τοῦ
3052 2060 3410 2128 Ἀπόλλωνος,
3441 2063 3586 2118 διαι-

2004 2153 2172 2223 ροῦσα
2196 2153 2263 2207 τὰ
2284 2152 2474 2224 σκέλη,
2495 2147 2597 2205 εἷθ’
2646 2151 2792 2206 οὕτω
2821 2153 3041 2224 πνεῦμα
3065 2154 3303 2226 πονηρὸν
3335 2155 3585 2210 κάτωθεν

2000 2243 2405 2314 ἀναδιδόμενον,
2429 2245 2522 2299 καὶ
2538 2243 2629 2299 διὰ
2646 2243 2757 2299 τῶν
2777 2245 3120 2315 γεννητικῶν
3156 2245 3329 2318 αὐτῆς
3357 2246 3587 2301 ἀναδυό-

2005 2352 2168 2406 μενον
2193 2336 2422 2408 μορίων,
2441 2334 2688 2406 πληροῦν
2712 2336 2815 2406 τὴν
2841 2336 3078 2404 γυναῖκα
3106 2335 3210 2405 τῆς
3243 2340 3463 2408 μανίας,
3488 2339 3585 2399 καὶ

2000 2429 2209 2499 ταύτην
2229 2428 2329 2490 τὰς
2361 2428 2554 2499 τρίχας
2587 2429 2843 2493 λύουσαν,
2879 2429 3068 2484 λοιπὸν
3117 2429 3481 2501 βακχεύεσθαί
3522 2448 3584 2483 τε

2002 2522 2100 2576 καὶ
2118 2521 2293 2592 ἀφρὸν
2313 2520 2490 2575 ἐκτοῦ
2538 2521 2807 2593 στόματος
2862 2521 3105 2590 ἀφιέναι,
3158 2524 3255 2577 καὶ
3296 2522 3470 2588 οὕτως
3523 2525 3586 2577 ἐν

2004 2613 2267 2684 παροινίᾳ
2297 2613 2598 2683 γενομένην
2621 2612 2692 2667 τά
2720 2613 2822 2682 τῆς
2855 2613 3059 2685 μανίας
3085 2613 3424 2684 φθέγγεσθαι
3479 2616 3584 2685 Μ’·

2005 2720 2175 2775 ματα.
2203 2704 2270 2758 Τί
2291 2705 2495 2775 δήποτε
2543 2708 2639 2759 καὶ
2671 2707 2700 2759 0
2753 2705 2972 2776 δαίμων
3025 2704 3201 2760 ταῦτα
3256 2705 3581 2775 ἐφθέγγετο,

2001 2798 2098 2851 καὶ
2131 2800 2160 2851 0
2184 2798 2395 2862 Παῦλος
2425 2795 2670 2852 ἐκώλυσε
2696 2813 2712 2863 ;
2744 2798 3010 2862 Κάκεῖνος
3035 2797 3339 2862 κακώσεως
3371 2796 3440 2868 [Γ.
3474 2813 3581 2852 κα-

2001 2890 2113 2952 κῶς
2127 2888 2288 2962 τέως]
2323 2889 2516 2957 ἐποίει,
2535 2890 2631 2944 καὶ
2648 2884 2802 2955 οὗτος
2822 2889 3081 2953 συνετῶς.
3097 2889 3379 2944 Ἐϐούλετο
3392 2888 3583 2944 λοιπὸν

1999 2980 2317 3046 ἀξιόπιστον
2345 2978 2537 3034 ἐαυτὸν
2571 2982 2769 3036 ποιεῖν.
2808 2980 2871 3033 Εί
2906 2979 3017 3052 γὰρ
3038 2979 3356 3051 προσήκατο
3411 2979 3582 3035 αὐτοῦ

1997 3069 2097 3140 τὴν
2122 3068 2425 3142 μαρτυρίαν
2456 3072 2485 3124 0
2519 3069 2751 3137 Παῦλος,
2779 3068 3007 3134 πολλοὺς
3040 3068 3106 3123 ἂν
3134 3068 3354 3124 καὶτῶν
3371 3067 3582 3124 πιστῶν

1998 3163 2306 3233 ὴπάτησεν,
2342 3160 2440 3215 ἅτε
2477 3162 2799 3217 ὑπ’ἐκείνου
2834 3161 3085 3231 δεχθείς·
3115 3161 3213 3215 καὶ
3243 3160 3406 3224 αὐτὸς
3456 3178 3586 3229 συγ-

1934 3262 1980 3325 C
2012 3253 2313 3307 καταϐάσει
2347 3251 2616 3323 κέχρηται
2657 3251 2796 3324 πρὸς
2842 3252 2945 3322 τὴν
2987 3250 3287 3308 ἀπώλειαν.
3356 3253 3432 3306 Τὸ
3482 3253 3585 3324 μὲν

2007 3343 2099 3399 οῦν
2122 3344 2339 3415 πρῶτον
2362 3349 2424 3398 ού
2451 3345 2775 3416 προσήκατο
2799 3344 2828 3397 0
2847 3344 3085 3410 Παῦλος,
3118 3345 3259 3400 ἀλλά
3307 3347 3586 3401 κατέπτυ-

2008 3454 2125 3501 σεν,
2157 3438 2217 3490 οὐ
2249 3437 2572 3509 βουλόμενος
2609 3437 2799 3502 ἁπλῶς
2837 3437 3033 3492 ἐαυτὸν
3082 3439 3434 3511 ἐπιρρίπτειν
3470 3441 3585 3505 τοῖς

2009 3528 2280 3600 σημείοις.
2330 3530 2418 3591 Ὠς
2454 3529 2512 3583 δὲ
2533 3529 2770 3599 ἐπέμενε
2802 3528 2964 3584 τοῦτο
2987 3530 3178 3598 ποιῶν,
3203 3530 3298 3585 καὶ
3338 3532 3400 3585 τὸ
3421 3530 3585 3602 ἔργον

2007 3619 2241 3684 ἐδείκνυ,
2282 3620 2410 3674 τότε
2430 3620 2719 3675 ἐκέλευσεν
2749 3620 2901 3692 αύτῷ
2940 3621 3195 3686 ἐξελθεῖν.
3230 3640 3251 3675 ι
3314 3624 3585 3695 Διαπονη-

2007 3709 2118 3774 θεὶς
2153 3710 2211 3763 δέ
2233 3712 2262 3765 0
2300 3710 2534 3776 Παῦλος,
2563 3729 2582 3762 ι
2626 3712 2899 3777 τουτέστι,
2953 3713 3054 3779 τὴν
3096 3714 3434 3785 κακουργίαν
3471 3712 3583 3769 εῐδε

2003 3798 2100 3854 τοῦ
2134 3799 2387 3869 δαίμονος
2406 3814 2423 3829 ’
2457 3798 2639 3864 καθὼς
2658 3799 2818 3863 αὐτὸς
2842 3800 2991 3870 λέγει
3011 3816 3027 3831 ο
3055 3819 3074 3853 ι
3127 3802 3205 3856 οὐ
3258 3804 3368 3873 γὰρ
3412 3802 3580 3856 αὑτοῦ

2002 3889 2074 3942 τὰ
2134 3889 2380 3961 νοήματα
2444 3889 2772 3958 ἀγνοοῦμεν.
2813 3909 2835 3944 ι
2896 3890 3154 3960 Κινηθεὶς
3204 3891 3300 3945 καὶ
3346 3891 3583 3963 δειχθεὶς
3701 3952 3707 3969 ι

2005 3977 2071 4052 [Γ.
2098 3979 2364 4053 δηχθεὶς],
2384 3981 2480 4036 καὶ
2491 3981 2669 4054 ἀληθῆ
2700 3982 2966 4052 λέγουσαν
2993 3985 3356 4055 ἐπιστομίσας
3385 3985 3579 4056 αὑτήν·

2002 4072 2267 4127 διδάσκων
2290 4076 2461 4145 ἡμᾶς,
2496 4074 2632 4146 μηδὲ
2661 4077 2728 4148 τῇ
2761 4075 2990 4149 ἀληθείᾳ
3028 4079 3353 4148 συνηγορεῖν
3411 4095 3584 4148 προσ-

2006 4149 2392 4234 ποιουμένους
2421 4166 2673 4237 δέχεσθαι
2701 4168 2986 4240 δαίμονας,
3011 4168 3153 4225 ἀλλά
3177 4169 3358 4227 πᾶσαν
3398 4171 3585 4236 αὐτοῖς

2001 4255 2369 4328 ἀποτειχίζειν
2399 4257 2609 4328 πλάνης
2628 4257 2769 4315 ὁδόν.

2060 4372 2347 4443 Πανταχοῦ
2379 4371 2910 4444 τάχρήματαηαῖτια
2938 4375 3051 4431 τῶν
3106 4375 3315 4430 κακῶν.
3359 4376 3430 4430 ’Ὢ
3483 4376 3586 4444 τῆς

2011 4462 2335 4535 Ἑλληνικῆς
2354 4463 2640 4534 ὠμότητος
2661 4466 2679 4518 ί
2709 4465 3025 4518 Ἐϐούλοντο
3044 4465 3309 4537 δαιμονᾷν
3334 4466 3394 4518 τὸ
3414 4467 3583 4537 κορά-

2002 4554 2307 4618 σιον,ὠστε
2370 4555 2837 4626 χρηματίζεσθαι.
2893 4556 2957 4610 Τί
3001 4555 3225 4625 λέγεις;
3284 4557 3447 4629 πείθῃ
3502 4557 3583 4627 τῷ

1999 4643 2257 4714 δαίμονι;
2291 4645 2458 4700 Διὰτί
2484 4645 2560 4717 μὴ
2608 4645 2844 4701 ἐνταῦθα
2906 4647 3001 4702 καὶ
3041 4649 3250 4712 ἐκεῖνος
3286 4647 3457 4714 λέγει,
3497 4650 3583 4703 ὅτι

2006 4753 2026 4787 ι
2057 4736 2246 4790 Δοῦλοι
2284 4736 2379 4790 τοῦ
2414 4736 2550 4790 Θεοῦ
2612 4737 2707 4791 τοῦ
2764 4737 2992 4806 ὑψίστου
3032 4739 3139 4793 εἰσί
3172 4756 3188 4806 ;
3222 4759 3241 4791 ι
3290 4741 3360 4793 Σὺ
3380 4740 3581 4805 λέγεις,

2001 4829 2085 4882 ὃτι
2123 4827 2602 4898 «Ἐκταράσσουσι
2619 4828 2721 4900 τὴν
2765 4829 2922 4884 πόλιν
2977 4828 3156 4900 ήμῶν.
3187 4850 3207 4886 ι
3268 4834 3412 4903 Ὅρα
3459 4832 3584 4886 οὺδέ

2001 4916 2080 4988 τῷ
2105 4917 2323 4988 δαίμονι
2388 4920 2784 4990 προσέχοντας,
2835 4920 2975 4975 ἀλλά
3036 4921 3175 4993 πρὸς
3201 4923 3260 4977 ἓν
3314 4924 3582 4996 ὁρῶντας,

2000 5011 2101 5079 τὴν
2131 5009 2525 5080 φιλαργυρίαν.
2554 5010 2664 5063 Καὶ
2695 5012 2725 5064 0
2752 5010 2852 5082 μὲν
2881 5011 3097 5077 Παῦλος
3129 5015 3191 5068 τὸ
3228 5016 3340 5069 πᾶν
3390 5018 3583 5086 εἰργά-

2003 5117 2155 5167 σατο,
2211 5101 2322 5156 τῶν
2363 5102 2420 5155 δὲ
2467 5103 2801 5160 κινδύνων...
2850 5108 3123 5162 κοινωνεῖ.
3167 5106 3334 5160 Ὥστε
3382 5107 3582 5171 ἰδόντες

2001 5176 2181 5246 αὐτῶν
2210 5192 2311 5262 τὴν
2366 5191 2598 5265 δύναμιν
2654 5195 3087 5266 ἐφρεναπάτουν,
3127 5195 3161 5266 ἢ
3207 5196 3580 5267 ἐμαρτύρουν,

2000 5281 2083 5335 ὅτι
2110 5282 2208 5335 οὐκ
2243 5277 2385 5352 ἦσαν
2405 5283 2454 5334 οἱ
2479 5281 2734 5353 τυχόντες
2753 5282 3056 5355 ἄνθρωποι,
3086 5284 3223 5339 ἁλλά
3271 5301 3415 5350 τινες
3486 5303 3582 5358 με·-

2001 5373 2182 5442 γάλοι,
2215 5371 2469 5439 ἐξουσίαν
2513 5373 2732 5445 ἔχοντες
2769 5377 2945 5430 ποιεῖν
2993 5375 3022 5428 ὃ
3075 5374 3290 5429 θέλουσι
3330 5376 3419 5429 διὰ
3484 5377 3578 5431 τοῦ

2002 5467 2234 5538 Κυρίου.
2263 5467 2353 5530 Ὠς
2379 5468 2447 5521 ἂν
2486 5467 2634 5521 εἴποι
2680 5484 2789 5531 τις,
2855 5470 2937 5532 εἰς
2972 5468 3064 5521 τὸν
3105 5468 3354 5537 Ἐρεϐον.
3386 5469 3578 5525 Πὸσων

2001 5558 2255 5629 δακρύων
2307 5560 2485 5615 ταῦτα
2534 5561 2702 5627 ἀξίαι
2760 5556 2865 5615 Οἴα
2928 5561 3030 5631 μὲν
3066 5560 3267 5614 ἔπαθον
3324 5562 3576 5618 ἐκεῖνοιί

2017 5651 2210 5722 Ἦμεῖς
2249 5652 2309 5706 δὲ
2337 5654 2460 5708 οὐδὲ
2492 5653 2663 5725 μέχρι
2682 5655 2945 5725 ῥημάτων
2973 5653 3063 5709 διὰ
3091 5654 3183 5708 τὸν
3229 5654 3466 5726 Χριστὸν
3488 5658 3580 5711 ἀν·

2002 5746 2257 5817 εχόμενοι
2286 5743 2353 5818 [Ι.
2385 5746 2724 5820 ἀνεχόμεθα]
2752 5746 3085 5819 λυπηθῆναι.

2076 5860 2232 5924 Τίνος
2257 5859 2421 5932 χάριν
2453 5867 2811 5932 μεσονύκτιον
2841 5860 3113 5935 ηὕχοντο;
3164 5862 3257 5937 Τῷ
3282 5865 3574 5939 Ψαλμῳδῷ
