4120 6442
556 440 691 509 1111

1369 439 1949 502 THEOPHYLACTI
1986 436 2397 498 BULGABL’E
2433 438 2784 501 ARCHIEP.

3664 436 3809 504 1112

556 551 721 624 εἶχεν,
752 550 869 605 ἀλλ’
902 547 1271 612 ἐπαιδεύοντο,
1307 546 1450 601 ὥστε
1490 547 1584 601 καὶ
1620 546 1710 599 τὶν
1742 543 2000 612 δικαστὴν
2023 560 2131 612 μα·
2164 558 2207 613 Α
2240 542 2394 611 ἆγιόν
2427 543 2578 619 ἐστιν
2610 542 2834 606 εἰδότες.
2886 542 3005 596 Ὅτι
3037 541 3145 613 γὰρ
3172 542 3292 597 ούδέ
3313 543 3394 609 είς
3420 543 3657 612 Χριστέν
3689 547 3808 600 ἐπί-

556 645 669 698 θεῖν
696 642 780 706 τίς
812 637 882 714 ἦν
910 640 1341 709 ἐπιεικέστερος.
1396 639 1495 692 Διά
1549 636 1709 689 τοῦτο
1749 634 1980 688 ἔτυπτον
2032 633 2125 685 τὸν

552 734 863 805 Σωσθένην,
895 732 1092 803 ἐπειδὴ
1134 732 1227 786 καὶ
1246 728 1407 793 αὐτὸς
1441 723 1512 798 ἦν
1537 726 1739 797 μᾶλλον
1765 723 2133 798 προστιθέμε-

551 844 643 892 νος
676 826 756 898 τῷ
787 824 1007 895 Παύλῳ,
1043 825 1076 896 ἢ
1106 825 1189 888 εἰς
1215 820 1471 877 τοσοῦτον
1494 815 1637 891 ἦσαν
1663 817 1991 889 ἐληλακότες
2022 832 2129 885 μα·-

551 918 692 983 νίας,
719 918 803 972 ὅτι
834 915 1197 985 ἀποτυχόντες
1240 911 1335 967 τοῦ
1371 909 1578 964 σκοποῦ
1606 907 1838 972 ἑαυτῶν,
1878 906 2000 959 ἀντὶ
2032 903 2127 958 τοῦ

552 1009 776 1064 τύπτειν
822 1008 914 1061 τὸν
955 1005 1168 1059 Παῦλον
1189 1045 1204 1069 ,
1233 1001 1523 1072 Σωσθένην
1555 1001 1647 1054 τὸν
1675 999 2128 1070 ἀρχισυνάγωγον

551 1103 782 1155 ἔτυπτον
807 1116 821 1131 ·
855 1099 890 1170 ἢ
921 1099 1007 1153 διὰ
1047 1097 1108 1151 τὸ
1154 1093 1508 1167 βουλευθῆναι
1553 1092 1644 1146 τὸν
1675 1090 1889 1145 Παῦλον
1940 1087 2129 1157 φονεῦ-

551 1210 665 1261 σαι,
695 1193 791 1247 καὶ
815 1192 1103 1261 Σωσθένης
1125 1186 1417 1243 διεκώλυεν
1445 1185 1667 1248 αὐτοὺς,
1691 1183 1922 1237 ἔτυπτον
1941 1182 2127 1237 αὐτόν.

551 1287 695 1358 Ὅρα
717 1286 835 1349 πῶς
863 1287 893 1339 6
924 1283 1090 1356 νόμος
1117 1281 1416 1336 κατελύετο
1443 1297 1459 1313 ο
1490 1279 1654 1333 τοῦτο
1684 1277 1792 1348 γάρ
1840 1274 2133 1330 Ἰουδαϊκὸν

547 1371 617 1445 ἧν
665 1375 730 1429 τδ
762 1373 1044 1446 κείρεσθαι
1085 1373 1206 1425 κατ’
1236 1372 1404 1442 εὐχὴν
1457 1368 1559 1432 τὰς
1602 1365 1878 1436 κεφαλάς·
1924 1363 2032 1417 ἔδει
2070 1363 2129 1417 δέ

550 1467 648 1521 καὶ
696 1465 890 1520 θυσίαν
933 1462 1216 1534 γενέσθαι,
1263 1464 1387 1532 ἥτις
1433 1461 1533 1515 οὐκ
1571 1459 1807 1529 ἐγένετο.
1847 1457 1995 1510 Ἔδει
2020 1455 2129 1526 γὰρ

549 1559 715 1614 αὐτὸν
743 1559 825 1613 ἐτι
860 1558 1046 1629 μένειν
1073 1557 1172 1611 καὶ
1215 1554 1600 1625 παρακαλέσαι
1630 1552 1757 1619 περὶ
1786 1548 1991 1606 τούτων
2012 1591 2029 1618 ,
2074 1549 2129 1603 τί

550 1651 717 1705 πάλιν
768 1649 1030 1719 ἐπιθυμεῖ
1078 1648 1179 1721 τὴν
1234 1648 1437 1719 Συρίαν
1480 1645 1851 1708 καταλαϐεἰν;
1907 1644 2127 1715 Ἐπειδὴ

551 1741 785 1798 ἐνταῦθα
804 1739 1031 1796 τοιαῦτα
1067 1741 1235 1810 ἤνυσε
1264 1740 1570 1810 πράγματα
1601 1738 1742 1793 κατὰ
1772 1738 1833 1791 τὸ
1855 1737 2051 1809 δόγμα.

630 1832 872 1897 Τούτους
894 1833 1108 1903 ἀφῆκεν
1128 1833 1209 1898 εἰς
1243 1833 1477 1901 Ἔφεσον
1505 1831 1581 1894 ὡς
1609 1830 1981 1893 διδάσκοντας·
2011 1846 2133 1883 τοσ-

2237 652 2450 701 στευον,
2480 635 2636 706 δῆλον
2663 637 2727 690 ἐκ
2758 634 2851 689 τοῦ
2880 636 3057 690 είπεῖν
3090 656 3109 688 ι
3138 637 3232 698 Et;
3250 636 3340 690 τὸν
3365 637 3657 707 ἐρχόμενον
3688 640 3806 707 μετ’

2236 726 2398 781 αὑτὸν
2432 727 2519 780 ἵνα
2560 726 2916 782 πιστεύσωσι.
2954 745 2974 778 ι
3016 728 3127 781 Καὶ
3174 727 3275 780 οὐκ
3317 722 3504 792 εἶπεν,
3539 728 3622 783 ὅτι
3653 728 3807 782 οὐδέν

2236 820 2352 872 ἐστι
2381 818 2442 871 τὸ
2478 819 2766 888 βάπτισμα
2796 819 3069 884 Ἰωάννου,
3099 817 3214 871 ἀλλ’
3246 818 3328 872 ὅτι
3349 818 3562 882 ἀτελές.
3615 819 3806 873 Πολλοὶ

2235 909 2464 982 Πνεῦμα
2512 910 2817 980 ἐλάμϐανον
2838 950 2855 975 ,
2885 910 3025 963 ὥστε
3057 909 3207 974 εἰκὸς
3234 905 3302 965 ἦν
3335 909 3536 975 αὐτοὺς
3585 910 3808 982 Πνεῦμα

2235 1003 2399 1074 ἔχειν,
2440 1002 2515 1072 μὴ
2547 1001 2837 1072 φαίνεσθαι
2860 1001 2939 1056 δέ.

2305 1097 2478 1151 Πόθεν
2510 1097 2710 1150 ἐκεῖνοι
2738 1096 2796 1148 ἐν
2829 1095 3042 1168 Ἐφέσῳ
3069 1095 3221 1160 ὄντες
3243 1095 3307 1150 τδ
3343 1095 3630 1167 βάπτισμα
3661 1087 3809 1165 εἶχον

2249 1190 2537 1254 Ἰωάννου;
2582 1188 2745 1250 Ἴσως
2812 1184 3170 1258 ἐπεδήμησαν
3230 1190 3347 1252 τοῖς
3406 1185 3809 1257 Ἱεροσολύμοις

2234 1285 2380 1352 τότε,
2419 1287 2515 1341 καὶ
2537 1286 2778 1357 ἀπῆλθον
2801 1303 2817 1318 ο
2840 1286 2933 1341 καὶ
2958 1284 3080 1339 ούδέ
3112 1284 3204 1338 τὸν
3241 1283 3446 1355 Ἰησοῦν
3468 1282 3807 1337 ἐπίστανται.

2237 1380 2347 1433 Καὶ
2387 1379 2449 1433 ού
2488 1379 2639 1448 λέγει
2686 1381 2909 1445 αὐτοῖς,
2958 1376 3256 1449 Πιστεύετε
3297 1378 3379 1441 είς
3417 1375 3511 1430 τὸν
3564 1373 3808 1447 Ἰησοῦν⁶

2235 1472 2373 1527 ἀλλά
2417 1472 2505 1538 τίς
2541 1473 2607 1526 Εἰ
2641 1471 2867 1543 Πνεῦμα
2922 1470 3078 1540 ἅγιον
3112 1468 3374 1537 ἐλάϐετε;
3436 1469 3551 1540 ᾔδει
3590 1467 3701 1538 γάρ
3726 1467 3811 1521 ὅτι

2236 1564 2337 1618 οὐκ
2365 1560 2531 1634 εἶχον,
2562 1564 2657 1618 καὶ
2679 1563 2925 1634 βούλεται
2950 1563 3134 1626 αὐτοῖς
3159 1563 3360 1629 εἰπεῖν,
3414 1562 3501 1615 ίνα
3523 1560 3811 1630 μαθόντες,

2238 1652 2313 1712 ὧν
2344 1657 2769 1728 ἀπεστέρηνται,
2795 1656 3084 1724 αἰτήσωσι.
3131 1653 3241 1709 Καὶ
3264 1652 3513 1707 ἐντεῦθεν
3532 1652 3811 1704 δείκνυται

2241 1750 2383 1818 μέγα
2425 1750 2640 1821 δόγμα,
2686 1750 2771 1804 ὅτι
2817 1747 3006 1810 ἀτελὲς
3035 1747 3097 1800 τὸ
3124 1745 3409 1817 βάπτισμα
3440 1743 3691 1800 Ἰωάννου
3729 1744 3811 1805 είς

2240 1844 2550 1915 μετάνοιαν.
2607 1843 2719 1897 Καὶ
2765 1842 2867 1896 οὐκ
2905 1836 3080 1907 εἶπεν,
3141 1838 3412 1909 ἀφέσεως,
3451 1836 3609 1903 ἀλλά,
3646 1855 3667 1888 ε
3703 1852 3804 1906 με-

549 1928 707 1981 οῦτον
737 1926 846 1997 γὰρ
875 1925 1032 1996 αὐτῷ
1070 1925 1451 1995 συγγινόμενοι
1501 1923 1716 1993 χρόνονν
1755 1921 1927 1976 πολλά
1958 1921 2129 1991 ἐμάν-
2160 1928 2201 1983 Β
2231 1936 2449 1999 τανοίας
2477 1935 2785 2006 βάπτισμα.
2820 1952 2840 1986 ι
2873 1931 3296 1996 Βαπτισθέντες,
3332 1929 3537 1992 εὐθέως
3580 1927 3812 1997 Πνεῦμα

552 2018 739 2084 θανον,
791 2015 891 2071 καὶ.
916 2017 1069 2087 ὅμως
1099 2015 1202 2084 τῆς
1252 2014 1549 2084 συνηθείας
1597 2014 1794 2077 αὐτοὺς
1837 2013 2126 2082 ἀπήγαγεν

548 2108 762 2164 οὐδέπω
811 2108 914 2179 τῆς
973 2107 1295 2178 Ἰουδαϊκῆς.
1359 2107 1505 2177 Ὅρα
1560 2105 1693 2174 γοῦν
1742 2103 1978 2159 ἐνταῦθα
2032 2105 2129 2159 καὶ

550 2197 1042 2271 παρακαλούμενον
1064 2199 1231 2253 αύτδν
1263 2199 1466 2269 μεῖναι,
1489 2196 1679 2268 ἐπειδὴ
1712 2195 1814 2250 οὐκ
1842 2195 2126 2267 ¹ὴνέσχετο,

547 2293 648 2364 οὐχ
682 2291 872 2357 άπλῶς
914 2292 1114 2354 αὐτοὺς
1139 2291 1344 2356 είασεν,
1393 2290 1530 2344 ἀλλὰ
1573 2290 1714 2361 μετά
1758 2290 2126 2360 ὑποσχέσεως.

559 2385 835 2450 Ἐκείνους
868 2383 927 2437 δέ
959 2384 1089 2448 τοὺς
1116 2383 1316 2448 τόπους
1343 2383 1683 2456 μετέϐαινεν,
1712 2378 1795 2447 οἷς
1820 2382 1997 2454 ἐπέϐη
2022 2383 2127 2453 πρὸ

549 2473 764 2528 τούτου.

587 2630 591 2634 ι
628 2563 695 2619 '0
722 2563 936 2630 Παῦλος
964 2565 1252 2638 προφήτης
1278 2563 1386 2631 ὢν,
1441 2567 1536 2619 καὶ
1569 2563 1727 2628 εἰδὼς
1763 2565 1848 2619 ὅτι
1892 2565 2126 2637 ἤμελλεν

547 2654 932 2729 ἀναστρέφειν,
964 2659 1328 2729 ἐπηγγείλατο
1358 2657 1524 2714 πάλιν
1555 2658 1943 2729 ἀναστρέφειν.
1977 2656 2125 2727 Πλὴν

549 2749 637 2802 ἕνα
667 2751 745 2821 μή
785 2767 873 2813 τις
918 2750 1026 2805 ὑπὸ
1066 2749 1403 2821 προπετείας
1429 2750 1491 2804 τὸ
1539 2750 1672 2803 αὐτὸ
1710 2753 1840 2820 ποιῇ
1881 2749 2123 2815 ἀτόπως,

547 2842 977 2914 ὑπισχνούμενος
1014 2842 1135 2897 τόδε
1168 2859 1222 2896 τι
1251 2844 1447 2907 ποιεῖν,
1496 2840 1741 2906 ἐδίδαξεν
1783 2842 1933 2913 ἡμᾶς
1961 2840 2125 2911 μηδὲν

547 2937 676 3004 περὶ
724 2934 835 2990 τῶν
890 2934 1198 3007 μελλόντων
1242 2935 1628 3007 ὑπισχνεῖσθαι
1672 2935 1847 2988 ποιεῖν
1876 2934 1999 3004 δίχα
2026 2932 2124 2987 τοῦ

546 3028 725 3081 εἰπεῖν
752 3043 768 3058 ⁶
814 3045 836 3079 ι
865 3027 961 3081 τοῦ
1001 3026 1140 3081 Θεοῦ
1172 3027 1443 3091 θέλοντος.
1480 3045 1501 3079 ι
1551 3026 1708 3081 Οὕτω
1742 3026 1853 3098 γὰρ
1881 3026 1978 3080 καὶ
2021 3026 2127 3081 Ἰά-

546 3118 725 3182 κωϐος
754 3119 1013 3189 παραινεῖ
1035 3121 1094 3173 ἐν
1123 3122 1189 3190 τῇ
1222 3118 1390 3174 αὑτοῦ
1433 3119 1745 3190 Ἐπιστολῇ,
1765 3119 1962 3187 λέγων·
1995 3137 2014 3170 ι
2046 3119 2122 3173 Ού

2236 2026 2563 2096 ἐλάμϐανον,
2597 2025 2658 2079 τὸ
2689 2026 2746 2078 δέ
2798 2023 3028 2093 Πνεῦμα
3054 2023 3151 2092 οὐχ
3194 2020 3383 2091 ἐώρων
3418 2020 3676 2090 (ἀόρατον
3700 2019 3813 2088 γάρ

2233 2115 2426 2189 ἐστιν),
2450 2116 2708 2186 αἰσθητὸν
2734 2114 2792 2169 δέ
2818 2131 2943 2168 τινα
2968 2113 3190 2183 ἔλεγχον
3213 2112 3386 2166 ἐδίδου
3407 2111 3507 2181 τῆς
3529 2111 3813 2180 ἐνεργείας

2234 2206 2447 2277 ἐκείνης
2496 2207 2530 2277 ἡ
2581 2205 2761 2276 χάρις.
2825 2203 2940 2257 Καὶ
2983 2204 3012 2256 6
3045 2202 3147 2272 μὲν
3187 2203 3254 2272 τῇ
3294 2199 3545 2272 Περσῶν,
3596 2202 3626 2254 6
3654 2198 3712 2253 δέ
3741 2201 3810 2269 τῇ

2244 2298 2554 2368 Ῥωμαίων,
2589 2297 2618 2350 ό
2665 2295 2722 2349 δέ
2763 2296 2831 2365 τῇ
2879 2293 3058 2349 Ἰνδῶν
3116 2291 3336 2364 γλώσσῃ
3359 2331 3374 2356 ,
3418 2290 3452 2361 ἢ
3488 2290 3654 2363 ἑτέρᾳ
3703 2291 3814 2344 τινὶ

2237 2390 2594 2459 ἐφθέγγοντο.
2630 2387 2745 2443 Καὶ
2769 2384 2932 2441 τοῦτο
2958 2385 3289 2457 ἐφανεροῦτο
3331 2385 3444 2447 τοῖς
3467 2383 3688 2451 ἔξωθεν..
3724 2383 3811 2439 ὅτι

2231 2481 2292 2534 τὸ
2320 2478 2547 2550 Πνεῦμά
2570 2481 2719 2531 ἐστιν
2748 2480 2808 2531 ἐν
2844 2476 2996 2547 αὐτῷ
3025 2479 3085 2530 τὸ
3115 2475 3513 2546 φθεγγόμενον.
3553 2474 3687 2528 Ἰδοὺ
3719 2475 3810 2526 ἐν·

2232 2568 2617 2633 ταῦθαῑδικῶς
2666 2568 2979 2639 πληροῦται
3018 2568 3100 2631 τὸ,
3146 2584 3166 2620 ι
3207 2566 3265 2620 Ὀ
3297 2567 3622 2638 μικρότερος
3646 2568 3706 2620 ἐν
3738 2568 3809 2640 τῇ

2235 2659 2487 2732 βασιλείᾳ
2511 2659 2623 2713 τῶν
2651 2658 2923 2729 οὐρανῶν,
2962 2658 3166 2729 μείζων
3193 2656 3360 2712 αὑτοῦ
3399 2659 3568 2712 ἐστιν.
3598 2675 3619 2709 ι
3674 2649 3807 2711 Ἰδοὺ

2231 2753 2341 2823 γάρ
2365 2754 2393 2805 6
2423 2751 2532 2804 τῶν
2552 2750 2868 2805 ἀποστόλων
2899 2749 3127 2820 ἔσχατος
3154 2750 3282 2820 περὶ
3312 2749 3410 2820 τὴν
3435 2749 3649 2821 κλῆσιν,
3669 2750 3809 2820 ὅπερ

2231 2847 2332 2899 οὐκ
2370 2844 2569 2898 ἐδωκεν
2612 2843 2866 2915 Ἰωάννης
2899 2845 2956 2898 ἐν
2988 2843 3063 2913 τῷ
3113 2841 3471 2914 βαπτίσματι,
3514 2841 3673 2895 τοῦτο
3718 2842 3811 2896 διά

2232 2936 2341 2991 τῶν
2387 2937 2589 3008 χειρῶν
2637 2936 2851 2990 Παύλου
2915 2935 3109 2989 ἔλαϐον
3157 2936 3208 2987 οί
3260 2934 3673 3005 βαπτισθέντες.
3741 2931 3809 2987 Τί

2237 3049 2256 3083 ι
2286 3030 2767 3103 ἐπαρῤησιάζετο;
2800 3048 2819 3081 ι
2867 3028 3012 3099 Πρὸς
3059 3026 3338 3091 κινδύνους
3391 3021 3461 3098 ἦν
3493 3041 3808 3098 παρατετα-

2230 3120 2453 3191 γμένος,
2483 3121 2518 3193 ὴ
2555 3121 2649 3175 καὶ¹
2677 3120 3056 3192 φανερώτερον
3080 3118 3378 3187 διελέγετο,
3409 3119 3471 3173 ού
3500 3118 3809 3183 συσκιάζων

543 3211 654 3282 γάρ
684 3229 771 3276 τις
802 3208 909 3266 εἶδε
946 3210 1023 3285 [Ῑ.
1049 3207 1180 3284 οἵδε]
1211 3212 1266 3266 τί
1297 3211 1517 3278 τέξεται
1550 3214 1585 3281 ἡ
1623 3211 1853 3265 ἐπιοῦσα
1879 3213 2119 3285 ἡμέρα.»
2168 3281 2195 3285 _
2233 3213 2302 3267 τά
2316 3214 2583 3284 δόγματα.
2610 3213 2934 3267 Παιδεύουσι
2954 3210 3284 3283 χωρίζεσθαι
3308 3210 3418 3264 ἀπὸ
3433 3210 3542 3264 τῶν
3565 3210 3810 3283 βλασφη-

548 3281 776 3374 Ἃφρων
815 3299 910 3357 οὖν
947 3281 992 3358 -ό
1030 3303 1107 3376 μὴ
1156 3281 1516 3376 προδιορίζων
1559 3307 1625 3376 τῇ
1691 3281 2006 3376 ἐπαγγελίᾳ⁷
2038 3305 2121 3374 τὸ,
2154 3281 2196 3340 C
2232 3281 2480 3377 μούντων
2504 3305 2596 3360 τὸν
2624 3306 2755 3359 Υίδν
2782 3305 2877 3360 τοῦ
2909 3281 3047 3359 Θεοῦ
3068 3307 3197 3369 τοὺς
3225 3307 3307 3369 είς
3333 3303 3497 3358 αύτδν
3526 3281 3810 3358 πιστεύονο

558 3395 685 3448 Ἐὰν
722 3394 752 3447 6
785 3394 995 3466 Κύριος
1048 3395 1201 3468 θέλῃ.
1252 3395 1417 3459 Ἐθος
1460 3395 1549 3450 ἀεὶ
1586 3397 1745 3449 τοῦτο
1792 3397 1872 3466 τῷ
1926 3397 2127 3469 Παύλῳ

546 3486 979 3540 ἐπισκέπτεσθαι
1028 3487 1161 3549 τοὺς
1197 3487 1426 3549 πιστοὺς
1458 3486 1553 3540 καὶ
1606 3475 1984 3559 ἐπιστηρίζειν
2025 3489 2127 3542 αύ-

546 3580 695 3642 τούς.
745 3579 876 3633 Ἰδοὺ
906 3576 1002 3635 καὶ
1024 3578 1196 3647 λόγιοι
1228 3578 1416 3632 λοιπὸν
1446 3580 1737 3651 ἀνήγοντο.
1786 3581 1914 3635 Εἰσὶ
1946 3582 2128 3637 διαϐε-

545 3670 861 3743 ϐαιούμενοί
886 3688 1050 3737 τινες,
1072 3671 1147 3735 ὡς
1171 3670 1471 3736 ’Δπολλὼς,
1495 3673 1660 3737 αὑτός
1681 3675 1830 3727 ἐστιν
1867 3675 2128 3746 Ἀπελλῆς

543 3768 572 3820 6
606 3765 911 3837 Κορινθίων
961 3765 1262 3829 ἐπίσκοπος
1291 3804 1306 3829 ,
1350 3764 1480 3836 περὶ
1530 3760 1591 3820 οῦ
1631 3766 1835 3836 γράφει
1870 3767 2083 3833 Παῦλος
2109 3785 2123 3800 ·

550 3877 575 3909 ο
610 3857 746 3930 Περὶ
773 3856 832 3911 δὲ
873 3856 1119 3912 Ἀπολλῶ
1147 3897 1163 3921 ,
1210 3857 1383 3912 πολλὰ
1438 3858 1795 3928 παρεκάλεσα
1837 3859 2068 3924 αὐτούς*
2101 3879 2122 3918 ι

543 3950 642 4003 καὶ
671 3949 773 4014 ἐτι,
804 3967 824 4003 ι
866 3947 1011 4018 Ἐγὼ
1038 3949 1333 4018 ἐφύτευσα,
1378 3950 1655 4015 Ἀπολλὼς
1678 3951 1920 4006 ἐπότισε.
1953 3971 1971 4003 ι
2010 3949 2125 4010 Καὶ

544 4042 594 4094 εί
618 4040 819 4111 ἀληθὲς
838 4041 1017 4107 τοῦτο,
1050 4042 1243 4096 σκόπει
1269 4043 1318 4095 εί
1345 4041 1616 4113 διώνυμος
1634 4045 1663 4097 6
1687 4044 1850 4114 ἀνὴρ,
1880 4045 1929 4097 εί
1951 4038 2127 4109 ἄλλως

548 4132 885 4203 μετεποιήθη
920 4132 1150 4204 θάτερον
1173 4134 1284 4188 τῶν
1317 4135 1602 4205 ὀνομάτων
1628 4138 1709 4199 είς
1732 4137 1794 4189 τὸ
1824 4138 2034 4191 λοιπόν.
2064 4140 2126 4191 Εἰ

552 4220 616 4272 τὸ
655 4220 941 4292 βάπτισμα
967 4224 1127 4293 μόνον
1165 4225 1420 4280 Ἰωάννου
1468 4225 1741 4296 ἠπίστατο
1784 4221 1962 4293 οὗτος,
2006 4227 2126 4291 πῶς

542 4312 622 4383 τῷ
657 4314 937 4386 Πνεύματι
980 4316 1127 4384 έζει;
1177 4318 1238 4371 τὸ
1278 4317 1391 4389 γὰρ
1422 4318 1650 4388 Πνεῦμα
1684 4320 1785 4391 οὐχ
1806 4320 1980 4384 οὕτως
2015 4320 2126 4374 ἐδί-

544 4407 684 4462 δοτο.
740 4409 850 4461 Καὶ
888 4408 937 4462 εί
979 4410 1028 4463 οί
1066 4408 1204 4480 μετὰ
1248 4411 1439 4465 τοῦτον
1469 4412 1773 4485 ἐδεήθησαν
1798 4414 1893 4468 τοῦ
1930 4413 2128 4484 βαπτί-

545 4517 752 4570 σματος
770 4498 866 4554 τοῦ
898 4501 1156 4571 Χριστοῦ,
1184 4502 1363 4573 πολλῷ
1397 4504 1599 4575 μᾶλλον
1622 4506 1715 4557 καὶ
1742 4500 1896 4568 οὗτος
1927 4505 2122 4576 ἐδεήθη

542 4590 628 4644 ἄν.
676 4591 740 4644 Τί
768 4589 863 4644 οὖν
892 4592 1044 4648 ἐστιν
1087 4595 1300 4662 είπεῖν;
1343 4597 1456 4667 Ούχ
1488 4597 1675 4659 ἁπλῶς
1700 4597 1899 4667 ἐφεξῆς
1928 4598 2124 4668 έθηκεν

542 4682 854 4753 ἀμφότερα.
891 4681 1049 4752 Ἐμοὶ
1077 4683 1226 4737 δοκεῖ
1240 4679 1392 4749 οὗτος
1423 4682 1563 4740 εἷναι
1593 4686 1703 4740 τῶν
1733 4689 1925 4740 ἑκατὸν
1948 4689 2122 4741 εἰκοσι

542 4774 653 4828 τῶν
700 4776 840 4845 μετά
889 4775 998 4828 τῶν
1049 4772 1368 4831 ἀποστόλων
1394 4778 1827 4847 βαπτισθέντων.
1865 4779 1934 4834 ’Ἡ
1965 4782 2014 4833 εί
2047 4780 2123 4852 μὴ

540 4864 724 4929 τοῦτο,
775 4867 915 4937 ὅπερ
952 4867 1045 4919 ἐπὶ
1079 4868 1173 4920 τοῦ
1215 4869 1525 4940 Κορνηλίου
1572 4870 1798 4939 γέγονε,
1833 4871 2123 4942 γεγένηται

543 4959 639 5011 καὶ
670 4959 767 5013 ἐπὶ
806 4958 1000 5031 τούτῳ.
1057 4960 1235 5033 Πολλὴ
1280 4957 1350 5033 ἦν
1394 4964 1428 5032 ἡ
1469 4964 1757 5035 παρρησία
1776 4963 1869 5017 τοῦ
1909 4965 2120 5034 ἀνδρὸς,

541 5048 785 5121 ἀκριϐῶς
819 5049 999 5104 ἐλάλει
1033 5050 1102 5105 τὰ
1152 5054 1282 5123 περὶ
1346 5054 1525 5123 Ἰησοῦ
1548 5093 1562 5115 ,
1615 5054 1734 5106 ἀλλ’
1768 5054 1936 5108 ἐδεῖτο
1968 5057 2125 5124 ἀκρι-

542 5141 694 5205 ϐείας
738 5142 932 5216 ἐτέρας
978 5145 1073 5199 καὶ
1101 5144 1474 5208 διδασκαλίας.
1512 5144 1698 5219 Ταύτῃ
1731 5163 1813 5199 τοι
1840 5147 1935 5199 καὶ
1966 5147 2123 5208 εἰδὼς

543 5234 722 5300 πάντα
752 5236 862 5290 ἀπ’)
904 5236 1004 5306 τῆς
1038 5236 1351 5307 προθυμίας
1402 5239 1758 5293 ἐπεσπάσατο
1803 5239 1864 5292 τὸ
1899 5239 2123 5309 Πνεῦμα

540 5327 603 5379 τὸ
638 5325 817 5393 ἆγιον,
878 5326 1133 5398 καθάπερ
1163 5329 1210 5380 οί
1245 5328 1374 5397 περὶ
1428 5329 1750 5400 Κορνήλιον.
1787 5331 1893 5382 Καὶ
1932 5329 1992 5382 τὸ
2025 5330 2122 5399 μὲν

541 5414 632 5470 οῦν
665 5417 952 5488 παρρησία
991 5418 1272 5489 ἐλέγχειν,
1327 5419 1360 5489 ἢ
1410 5419 1669 5491 δημοσίᾳ,
1706 5420 1980 5473 ἐδείκνυτο
2008 5437 2022 5451 ’
2063 5421 2124 5474 τὸ

543 5506 609 5578 [ί.
647 5507 749 5580 τῷὶ
778 5508 835 5562 δὲ
864 5510 1073 5578 σαφῶς,
1111 5513 1143 5581 ὴ
1181 5510 1411 5582 δύναμις
1444 5511 1725 5582 ἐδηλοῦτο,
1751 5513 1812 5564 τὸ
1839 5512 1895 5565 δὲ
1917 5514 1981 5566 ἐκ
2014 5514 2122 5566 τῶν

542 5599 797 5668 Γραφῶν,
820 5602 1188 5655 ἐπιδείκνυσιν
1214 5605 1247 5672 ἡ
1281 5603 1545 5672 ἐμπειρία
1569 5617 1581 5631 ⁸
1616 5600 1739 5655 οὔτε
1768 5604 1801 5671 ἡ
1839 5604 2123 5674 παρρησία

545 5689 791 5743 συντελεῖ
826 5692 900 5761 μὴ
948 5693 1117 5765 οὔσης
1151 5692 1435 5764 δυνάμεως
1462 5735 1477 5760 ,
1514 5691 1636 5745 οὔτε
1686 5696 1719 5765 ἡ
1775 5695 2008 5765 δύναμις
2046 5696 2122 5766 μὴ

542 5780 713 5848 οὔσης
746 5785 1087 5853 παρρησίας.

624 5872 810 5942 Πολλῷ
828 5867 979 5928 οὗτοι
1005 5877 1227 5931 ἐκείνων
1249 5879 1615 5950 διεστήκασιν.
1639 5883 1790 5938 οι...
1821 5885 1865 5936 εἰ
1898 5884 2120 5952 Πνεῦμα

2228 3416 2347 3462 τας.
2388 3399 2575 3470 Ὁρᾷς,
2595 3398 2763 3452 πόσον
2783 3398 2982 3469 ἤνυσεν
3008 3400 3041 3469 ὴ
3071 3396 3536 3465 ἀποστασία;Καὶ
3565 3397 3811 3450 Ἰουδαῖοι

2228 3490 2325 3545 καὶ
2374 3489 2638 3561 Ἕλληνες
2689 3491 2910 3559 ἤκουον.
2974 3489 3208 3544 «Ὀδδν»
3273 3489 3422 3558 λέγει
3470 3488 3564 3543 τὸν
3604 3488 3811 3559 Κύριον

2226 3579 2387 3650 ἡμῶν
2440 3580 2650 3649 Ἰησοῦν
2676 3579 2991 3651 Χριστὸν,ἦ
3023 3581 3122 3649 τὴν
3148 3581 3230 3643 είς
3254 3580 3417 3633 αὑτὸν
3450 3581 3634 3633 πίστιν
3672 3579 3809 3648 ἀλη-

2231 3673 2384 3743 θινὴν
2411 3671 2499 3725 διὰ
2533 3671 2747 3728 Παύλου
2776 3672 3310 3742 καταγγελλομένην.
3363 3673 3500 3743 Οὐχὶ
3516 3671 3810 3743 φοροῦντες

2228 3762 2466 3834 ἣπτοντο
2514 3764 2695 3834 μόνον,
2729 3763 2865 3818 ἀλλὰ
2911 3764 3005 3817 καὶ
3034 3763 3404 3832 λαμϐάνοντες
3434 3763 3758 3817 ἐπετίθεσαν
3791 3779 3806 3794 ο

2227 3856 2322 3909 καὶ
2353 3855 2441 3909 διά
2478 3854 2642 3909 τοῦτο
2670 3854 2773 3909 οὐκ
2801 3854 2890 3908 εἴα
2943 3838 3204 3909 ἀπελθεῖν
3236 3856 3318 3918 εἰς
3358 3854 3459 3925 τὴν
3502 3855 3686 3908 Ἀσίαν
3708 3854 3809 3907 αύ-

2228 3947 2340 4013 τδν,
2367 3946 2552 4019 τηρῶν
2577 3947 2767 4000 τοῦτον
2793 3946 2884 4000 τὸν
2916 3946 3128 4017 καιρὸν,
3156 3946 3233 4011 ὼς
3264 3944 3374 4015 ἐγὼ
3398 3943 3572 4014 οἶμαι.
3610 3944 3812 3999 Σουδά-

2231 4056 2323 4109 ρια
2352 4037 2409 4090 δέ
2450 4038 2545 4091 καὶ
2591 4037 2928 4107 σιμικίνθια,
2976 4037 3264 4109 ἀμφότερα
3302 4037 3517 4107 νομίζω
3574 4036 3806 4108 λινοειδῆ

2228 4124 2402 4181 εῖναι·
2447 4127 2587 4198 πλὴν
2617 4129 2682 4182 τὰ
2717 4129 2816 4197 μέν
2848 4128 3105 4200 σουδάρια
3148 4130 3240 4182 ἐπὶ
3278 4129 3379 4199 τῆς
3418 4128 3659 4199 κεφαλῆς
3682 4129 3809 4182 ἐπι-

2228 4220 2503 4284 ϐάλλεται,
2536 4222 2604 4272 τὰ
2633 4221 2689 4274 δὲ
2714 4222 3025 4291 σιμικίνθια
3063 4224 3120 4275 ἐν
3149 4223 3269 4284 ταῖς
3294 4222 3453 4292 χερσὶ
3483 4221 3810 4292 κατέχουσιν

2228 4317 2274 4367 οἱ
2324 4312 2398 4384 μὴ
2442 4313 2730 4383 δυνάμενοι
2776 4313 2993 4388 ὡράρια
3030 4314 3261 4384 φορέσαι
3298 4311 3424 4373 (οἷοί
3457 4316 3595 4368 εἰσιν
3626 4315 3677 4367 οί
3706 4331 3809 4383 φο-

2231 4406 2450 4478 ροῦντες
2493 4408 2769 4470 ὑπατικὰς
2811 4407 3048 4477 στολάς),
3084 4407 3118 4478 ἢ
3152 4408 3366 4475 γουϐία,
3418 4408 3556 4479 πρὸς
3589 4408 3648 4461 τὸ
3669 4409 3809 4463 ἀπο-

2232 4500 2532 4570 μάττεσθαι
2560 4499 2661 4563 τάς
2685 4499 2780 4553 τοῦ
2811 4498 3108 4572 προσώπου
3139 4501 3470 4571 ὑγρότητας,
3498 4495 3611 4555 οἷον
3647 4501 3808 4570 ἱδρῶ·

2229 4610 2347 4655 τας,
2378 4592 2629 4659 πτύελον,
2655 4594 2912 4662 δάκρυον,
2951 4592 3134 4646 καὶτὰ
3157 4595 3340 4661 ὃμοια.

2304 4681 2489 4739 Πάντα
2525 4684 2747 4737 ἐποίουν
2784 4685 3169 4756 πραγματείας
3208 4685 3418 4751 ἕνεκεν,
3452 4687 3547 4741 καὶ
3580 4685 3807 4741 πιστεῦ-

2229 4792 2321 4829 σαι
2350 4777 2447 4848 μὲν
2470 4778 2572 4830 οὐκ
2602 4776 2815 4847 ἤθελον,
2843 4776 2931 4830 διὰ
2969 4776 3026 4830 δὲ
3052 4776 3147 4831 τοῦ
3176 4779 3440 4847 ὀνόματος
3477 4779 3650 4848 Ἰησοῦ
3674 4778 3806 4850 ἠθε-

2225 4869 2316 4922 λον
2348 4868 2633 4924 ἐκϐάλλειν
2671 4870 2797 4932 τοὺς
2825 4868 3107 4939 δαίμονας,
3138 4869 3237 4924 καὶ
3261 4870 3414 4924 οὐδὲν
3450 4870 3595 4941 μέγα
3622 4871 3808 4941 ἐνόμι-

2227 4963 2318 5025 ζον
2346 4962 2437 5016 τὸν
2484 4962 2714 5031 Ἰησοῦν,
2754 4961 2891 5016 ἀλλά
2926 4963 3021 5017 καὶ
3053 4962 3131 5033 τῷ
3161 4963 3359 5033 Παύλῳ
3389 4964 3805 5034 προσετίθεσαν,

2224 5054 2300 5117 ὡς
2326 5053 2489 5107 αὑτὸν
2528 5054 2670 5123 μέγα
2700 5071 2754 5106 τι
2786 5054 3077 5119 νομίζοντα
3114 5054 3178 5124 [Ῑ.
3229 5054 3547 5127 νομίζοντι].
3576 5055 3730 5125 Αῦτη
3769 5059 3803 5127 ἡ

2225 5146 2369 5210 λέξις
2391 5146 2690 5209 δείκνυσιν,
2721 5147 2803 5198 ὅτι
2836 5147 2934 5215 οὐχ
2963 5146 3038 5209 ὡς
3061 5147 3411 5211 πιστεύοντες
3436 5147 3512 5219 τῷ
3553 5146 3728 5219 Ἰησοῦ
3755 5149 3806 5202 οί

2225 5239 2574 5309 ἐπιορκισταὶ
2636 5238 2945 5311 ἐπώρκιζον
3009 5240 3079 5293 τά
3135 5240 3426 5310 ἀκάθαρτα
3477 5241 3797 5311 πνεύματα,

2223 5332 2336 5386 ἁλλ’
2367 5331 2442 5395 ὡς
2468 5331 2842 5403 πειράζοντες,
2873 5333 3088 5403 δίψυχοι
3114 5334 3287 5397 ὄντες.
3325 5335 3418 5387 Διὸ
3447 5337 3538 5389 καλ⁵
3574 5337 3634 5389 τὸ
3663 5335 3796 5390 ἀκά-

2225 5424 2425 5494 θαρτον
2457 5423 2673 5493 πνεῦμα
2699 5425 3098 5495 ἐμαρτύρησεν,
3136 5425 3209 5489 ὡς
3235 5427 3308 5497 μὴ
3342 5426 3502 5490 ὄντας
3535 5428 3756 5491 πιστούς
3782 5445 3799 5461 °

2225 5519 2318 5570 καὶ
2356 5517 2455 5586 τῆς
2509 5518 2842 5585 προπετείας
2886 5517 3151 5570 δεδώκασι
3205 5519 3343 5588 πρδς
3396 5519 3577 5588 ὀλίγον
3620 5520 3800 5590 δίκην.

2223 5612 2289 5663 Τί
2318 5610 2410 5664 οῦν
2441 5610 2521 5675 τὸ,
2556 5631 2577 5663 ι
2626 5610 3042 5682 Ἐπεχείρησαν,
3079 5632 3097 5664 ι
3118 5613 3270 5681 δηλοί
3297 5630 3312 5678 ;
3355 5612 3477 5666 Ὅτι
3512 5612 3612 5664 οὐκ
3637 5610 3803 5682 ἐθάῤ-

2225 5705 2354 5774 ρουν
2388 5702 2507 5772 μὲν,
2562 5701 2701 5770 πλὴν
2742 5703 3039 5756 ἐπέϐαλλον
3084 5705 3231 5767 ὅπως
3270 5702 3665 5770 ἐπιτεύξωνται
3702 5700 3798 5755 τοῦ

2224 5793 2450 5847 σκοποῦ.

2293 5885 2417 5950 Πῶς
2445 5888 2473 5941 6
2509 5888 2718 5957 δαίμων
2742 5887 2800 5941 οὐ
2832 5886 3199 5956 συνέπραττεν
3240 5886 3488 5952 ἐκείνοις,
3541 5883 3681 5949 ἀλλὰ
3725 5885 3803 5940 δις
