4120 6434
399 449 539 513 1113

1213 449 1753 513 EXPOSITIONIS
1789 447 1874 510 IN
1916 449 2105 510 ACTA
2140 450 2444 512 TEXTUS
2472 450 2834 512 TERTIUS.

3513 442 3652 510 1116

392 563 623 635 ήλεγχεν
651 559 892 628 αὐτούς;
967 561 1124 633 Ἐμοὶ
1188 562 1336 618 δοκεῖ
1396 564 1602 635 σφόδρα
1650 561 1926 632 θυμωθεὶς
1950 602 1965 626 ,
2000 574 2043 627 Α
2071 562 2133 617 Οί
2164 561 2224 615 δὲ
2255 561 2553 615 ἀνθύπατοι
2582 564 2705 625 ταῖς
2746 560 2856 615 τῶν
2893 559 3186 626 πλουσίων,
3230 559 3263 631 ἢ
3303 557 3413 614 τῶν
3453 559 3658 630 ἐγκλη‹

394 653 585 722 ῶσπερ
645 651 712 705 ἀν
762 651 819 705 εῐ
859 669 965 719 τις,
1018 653 1278 725 περὶτῶν
1329 654 1574 725 ἐσχάτων
1620 652 1970 715 κινδυνεύων,

398 746 504 801 ὑπό
528 762 672 808 τινος
695 744 917 814 οἰκτροῦ
952 746 1050 800 καὶ
1079 747 1429 818 ταλαιπώρου
1471 746 1821 816 διελέγχοιτο.
1854 745 1973 800 Ἵνα

395 838 506 909 γάρ
538 837 615 907 μὴ
644 838 769 908 δόξῃ
796 841 1285 910 καταφρονεῖσθαι,
1326 841 1386 892 16
1424 839 1598 909 ὄνομα
1641 837 1736 892 τοῦ
1795 836 1972 907 Ἰησοῦ

372 930 667 1002 απρότερον
694 929 1056 999 ὁμολογήσας,
1086 930 1205 983 τότε
1235 930 1427 984 ἐλαϐεν
1452 929 1719 997 ἐξουσίαν.
1752 928 1976 982 Δείκνυ-

395 1039 486 1076 ται
519 1021 576 1075 δὲ
605 1021 714 1074 τῶν
744 1021 1017 1093 δαιμόνων
1046 1024 1081 1094 ή
1120 1022 1350 1093 δύναμις
1398 1023 1632 1093 μεγάλη,
1667 1023 1797 1076 ὅταν
1836 1021 1974 1092 πρὸς

391 1113 658 1176 ἀπίστους
692 1112 814 1185 ἔχῃ.
1732 1164 1737 1175 ,

463 1202 621 1264 Τίνος
651 1203 812 1273 χάριν
853 1202 1028 1257 ταῦτα
1065 1201 1307 1257 ἔκαυσαν
1336 1219 1351 1270 ;
1386 1202 1610 1273 Πρῶτον
1643 1203 1743 1274 μὲν
1773 1202 1861 1256 ἵνα
1896 1202 1970 1273 μή

392 1312 478 1359 τις
513 1297 760 1368 μετάσχῃ
809 1296 911 1365 τῆς
961 1296 1062 1375 ἀπ’
1115 1296 1295 1349 αὐτῶν
1344 1296 1689 1367 ψυχοφθόρου
1724 1295 1971 1365 βλάϐηςο

392 1384 588 1439 ἔπειτα
613 1386 700 1438 ἴνα
736 1384 811 1455 μή
859 1386 970 1438 ἀπὸ
1007 1386 1268 1453 τοιαύτης
1310 1386 1492 1449 αἰτίας
1538 1384 1848 1456 κτήσωνται
1892 1400 1967 1439 τι.

394 1475 609 1543 ’Ὠσπερ
641 1474 751 1544 γὰρ
775 1473 836 1527 τὸ
863 1472 958 1527 τοῦ
991 1473 1152 1537 κυνὸς
1179 1475 1405 1544 τίμημα
1437 1475 1837 1543 ἀπηγόρευται,
1875 1473 1973 1525 καὶ

389 1566 452 1619 16
481 1567 547 1618 ἐκ
581 1564 841 1636 πορνείας
889 1564 1082 1633 κέρδος
1108 1564 1409 1634 προσάγειν
1442 1563 1561 1634 Θεῷ
1591 1581 1605 1596 ·
1649 1562 1822 1626 οὕτως
1847 1561 1971 1615 οὐδὲ

391 1659 553 1711 τοῦτο
574 1657 778 1713 δίκαιον
805 1657 1029 1729 ἔκριναν
1056 1657 1281 1728 τεθῆναι
1321 1656 1476 1728 παρά
1503 1656 1632 1720 τοὺς
1664 1656 1832 1717 πόδας
1861 1654 1970 1708 τῶν

394 1750 674 1821 μαθητῶν.

464 1843 827 1914 Σημειωτέον,
869 1843 952 1897 ὅτι
996 1845 1283 1914 προφήτης
1318 1838 1386 1914 ἦν
1426 1842 1454 1894 6
1486 1841 1720 1905 Παῦλος,
1759 1853 1974 1909 προαγ-

2081 653 2264 724 μάτων
2302 652 2480 716 δίκαις
2530 654 2826 723 ὑπήκουον.
2872 653 2942 704 Ἢ
2991 639 3238 723 ἀγοραῗοί
3291 653 3429 706 εἰσιν
3477 655 3526 707 οἱ
3573 653 3656 707 δι-

2077 749 2381 817 καιολόγοι,
2440 749 2592 820 παρά
2644 748 2706 803 16
2749 749 3033 820 ἀγορεύειν
3087 747 3391 819 λεχθέντες,
3442 746 3471 800 ὃ
3534 746 3652 800 ἐστι

2074 841 2424 912 δημηγορεῖν·
3276 906 3281 912 .

2157 934 2379 1003 Ἐπειδὴ
2430 934 2639 1004 πολλῆς
2670 933 3075 1004 παρακλήσεως
3120 930 3229 984 ἀπὸ
3270 930 3370 998 τῆς
3406 929 3653 1000 ταραχῆς

2074 1022 2289 1095 ἐκείνης
2322 1024 2496 1079 ἐδεῖτο
2522 1042 2538 1056 ’
2581 1025 2679 1079 καὶ
2707 1024 2864 1077 τοῦτο
2892 1023 3128 1091 ποιήσας
3154 1017 3318 1093 ἦλθεν
3354 1021 3435 1084 εἰς
3464 1021 3656 1073 Μακε-

2074 1115 2275 1182 δονίαν,
2313 1110 2434 1170 εἶτα
2462 1118 2543 1181 εἰς
2579 1117 2679 1186 τὴν
2736 1115 2980 1169 Ἐλλάδα.
3033 1113 3203 1168 Πάλιν
3247 1111 3503 1166 διώκεται
3549 1110 3655 1164 ὑπὸ

2072 1207 2183 1261 τῶν
2254 1207 2544 1272 Ἰουδαίων,
2605 1208 2700 1260 καί
2735 1206 2956 1277 ἔρχεται
2987 1206 3067 1267 εἰς
3106 1203 3471 1258 Μακεδονίαν.
3526 1201 3656 1264 Πῶς

2072 1296 2130 1350 δὲ
2162 1296 2254 1349 τὸν
2280 1297 2546 1367 Τιμόθεον
2581 1296 2982 1350 Θεσσαλονικέα
3014 1294 3217 1365 φησίνς
3251 1293 3327 1346 Οὐ
3362 1292 3520 1345 τοῦτο
3561 1289 3655 1342 λέ-

2072 1403 2180 1456 γει,
2209 1387 2366 1455 ἀλλά,
2395 1388 2724 1459 Προέλαϐον,
2765 1387 2953 1459 φησὶν,
2983 1380 3129 1441 οὗτοι
3173 1387 3255 1449 εἰς
3290 1385 3389 1454 τὴν
3424 1382 3656 1454 Τρωάδα

2073 1479 2557 1549 προοδοποιοῦντες
2607 1478 2776 1550 αὐτῷ.
2828 1480 2941 1539 Τάς
2985 1478 3041 1531 δὲ
3081 1477 3275 1550 ἐορτάς
3330 1476 3454 1547 ἐμοὶ
3505 1474 3657 1527 δοκεῖ

2075 1574 2400 1639 σπουδάζειν
2432 1575 2596 1630 αὐτὸν
2634 1577 2810 1629 ποιεῖν
2850 1576 2909 1629 ἐν
2945 1575 3070 1637 ταῖς
3114 1574 3376 1644 μεγάλαις
3410 1570 3653 1625 πόλεσιν.

2145 1667 2433 1738 Πανταχοῦ
2482 1666 2572 1721 διὰ
2603 1667 2779 1736 λόγων
2823 1666 2884 1720 τὺ
2929 1665 3092 1719 πλέον
3135 1663 3418 1735 κατορθοῖ,
3457 1663 3555 1715 καὶ
3592 1661 3655 1714 οὺ

2072 1757 2163 1811 διὰ
2214 1759 2496 1828 σημείων,
2547 1760 2641 1812 καὶ
2691 1758 2932 1827 συνεχῶς
2991 1758 3127 1827 ἡμῖν
3176 1754 3339 1808 αὐτὸν
3386 1753 3657 1806 δείκνυσιν

2073 1848 2430 1918 ἐπειγόμενον
2477 1850 2557 1912 εἰς
2605 1851 2703 1918 τήν
2742 1847 2944 1919 Συρίαν
2975 1860 2991 1877 ⁸
3020 1846 3080 1900 τὺ
3114 1845 3169 1899 δὲ
3204 1846 3397 1910 αἴτιον,
3436 1846 3471 1914 ή
3532 1843 3657 1896 Ἐκ-

388 1936 578 2004 γείλας
627 1935 816 1989 δτι-δεῖ
870 1934 1130 1988 ἀπελθεῖν
1184 1936 1264 1998 εἰς
1330 1932 1689 2006 Ἰερουσαλὴμ
1748 1930 1844 1983 καὶ
1892 1930 1971 1992 εις
2004 1955 2047 2010 Β
2076 1939 2274 2012 κλησία
2297 1935 2366 2011 ἦν
2406 1938 2609 1992 καὶτὰ
2657 1938 3026 2008 Ἱεροσόλυμα,
3075 1936 3191 1989 ἀλλ’
3239 1939 3390 2001 ὅμως
3434 1938 3657 2004 κατεῖχε

404 2026 648 2098 Ῥώμην.
689 2027 769 2096 Τῇ
828 2026 987 2096 Ἀσίᾳ
1026 2027 1400 2096 ἐμφιλοχωρεῖ
1427 2025 1680 2078 πλεῖστον
1710 2022 1902 2092 χρόνον
1941 2021 1972 2073 6

389 2115 628 2180 Παῦλος,
667 2115 804 2169 διότι
850 2115 1019 2185 πολλὴ
1051 2112 1118 2185 ἦν
1146 2117 1181 2186 ή
1209 2113 1465 2184 τυραννὶς
1510 2112 1616 2165 τῶν
1662 2111 1971 2180 φιλοσόφων

390 2207 530 2271 ἐκεῖ,
557 2205 653 2258 καὶ
678 2204 768 2258 διὰ
790 2204 949 2259 τοῦτο
974 2205 1134 2259 πάλιν
1163 2204 1474 2271 διαλέγεται
1504 2202 1712 2268 αὐτοῖς,
1754 2200 1971 2272 βλέπων

391 2296 594 2368 πολλὴν
641 2296 808 2352 οὖσαν
867 2297 968 2368 τὴν
1020 2296 1459 2367 δεισιδαιμονίαν.
1524 2295 1681 2357 Ἴσως
1730 2292 1972 2364 κιϐώρια

392 2390 590 2459 μικρά.
623 2390 802 2461 Πολλὴ
832 2389 941 2463 γάρ
988 2392 1088 2461 τῆς
1135 2389 1270 2443 Θεοῦ
1303 2387 1508 2457 ταύτης
1552 2388 1587 2456 ή
1626 2385 1762 2457 τιμὴ
1801 2381 1869 2455 ἦν
1914 2386 1972 2438 ἐν

404 2480 635 2552 Ἐφέσῳ,
669 2483 803 2535 ὅπου
830 2483 927 2535 καὶ
951 2482 1014 2534 τὸ
1042 2482 1187 2551 ἱερὸν
1214 2481 1386 2551 αὐτῆς
1417 2477 1762 2550 ἐμπρησθὲν,
1796 2476 1973 2540 οὔτως

391 2572 663 2642 ἐλύπησεν
714 2574 935 2638 αὐτοὺς,
991 2573 1068 2636 ὡς
1124 2574 1218 2626 τὸν
1269 2573 1637 2643 ἐμπρήσαντα
1691 2569 1969 2633 κελεῦσαι,

395 2664 532 2733 μηδὲ
578 2664 808 2734 ὀνόματι
839 2664 1120 2733 λέγεσθαι.
1152 2665 1296 2736 Ὅρα
1328 2664 1383 2717 δὲ
1430 2662 1708 2733 πανταχοῦ
1750 2664 1850 2734 τὴν
1897 2663 1974 2714 εί-

392 2756 756 2826 δωλολατρίαν
798 2758 906 2812 ἀπὸ
937 2759 1235 2829 χρημάτων
1259 2775 1273 2790 ·
1308 2757 1404 2810 καὶ
1443 2749 1597 2819 οὗτος
1621 2755 1809 2808 ἕνεκεν
1837 2769 1972 2823 χρη·

396 2848 581 2917 μάτων
605 2850 957 2918 ἀγωνίζεται.

464 2941 636 2994 Πόθεν
672 2944 700 2995 ὁ
743 2942 914 3013 θυμὸς
945 2944 1169 3012 γέγονεν
1198 2959 1213 3010 ;
1260 2943 1395 2996 Ἀπό
1420 2959 1480 2995 τε
1510 2941 1610 3010 τῆς
1665 2937 1975 3009 Ἀρτέμιδος

393 3033 490 3085 καὶ
534 3031 627 3086 τοῦ
673 3034 971 3104 πορισμοῦ.
1008 3033 1248 3088 Τοιαῦτα
1290 3034 1401 3104 γὰρ
1430 3028 1505 3087 τὰ
1545 3033 1655 3086 τῶν
1700 3030 1975 3101 ἀγοραίων

393 3123 522 3194 ἧθη,
555 3125 663 3178 ἀπὸ
692 3124 791 3179 τοῦ
835 3126 1093 3196 τυχόντος
1149 3123 1593 3195 συναρπάζεσθαι
1634 3125 1727 3177 καὶ
1757 3122 1977 3176 ἐκκαίε-

394 3217 542 3269 σθαι.
582 3217 644 3269 Ἦ
676 3216 733 3270 δὲ
766 3217 982 3289 κραυγὴ
1012 3219 1195 3280 αὐτοῖς
1233 3216 1480 3286 γέγονεν,
1514 3216 1589 3280 ώς
1629 3213 1792 3283 δῆθεν
1842 3214 1976 3266 ἀναο

2073 2031 2165 2086 τὸν
2195 2031 2360 2085 πόθον
2390 2031 2485 2084 καὶ
2517 2031 2587 2085 τὰ
2617 2032 2734 2084 ἐκεῖ
2775 2028 3084 2100 κατώρθου.
3124 2027 3321 2082 Καίτοι
3347 2028 3407 2079 ού
3444 2025 3654 2095 μεγάλη

2073 2124 2223 2177 ἐστὶν
2264 2126 2299 2195 ή
2335 2123 2553 2195 Τρωάς,
2602 2123 2655 2177 τί
2694 2121 2789 2177 οῦν
2814 2121 3039 2193 ἡμερῶν
3068 2119 3210 2173 ἐπτά
3238 2118 3494 2182 ποιοῦσι;
3540 2118 3657 2171 Με-

2074 2216 2215 2287 γάλη
2242 2211 2310 2286 ἦν
2345 2214 2477 2277 ἴσως
2516 2215 2660 2269 κατὰ
2688 2215 2815 2278 τοὺς
2858 2212 3107 2275 πιστοὺς,
3145 2210 3242 2265 καὶ
3273 2210 3486 2281 ἡμέρας
3515 2210 3656 2261 ἐπτά

2073 2307 2385 2378 διατρίψας,
2429 2310 2496 2377 τῇ
2538 2306 2767 2378 ἐπιούσῃ
2803 2304 2900 2375 τὴν
2933 2305 3104 2358 νύκτα
3138 2303 3416 2376 ἀνήλωσεν
3459 2304 3538 2364 εἰς
3576 2300 3656 2353 δι-

2073 2395 2372 2449 δασκαλίαν
2397 2412 2411 2426 ·
2438 2396 2581 2450 οὕτω
2614 2395 3085 2457 δυσαποσπάστως
3109 2392 3290 2447 αὐτῶν
3325 2387 3491 2461 εἶχεν.
3517 2391 3659 2471 Πεν-

2074 2488 2317 2560 τηκοστὴ
2342 2489 2465 2541 τότε
2493 2484 2583 2558 ἧν.
2616 2488 2764 2560 Ὅρα
2792 2488 2911 2551 πῶς
2952 2486 3129 2540 πάντα
3166 2484 3422 2555 πάρεργα
3460 2478 3528 2553 ἦν
3563 2480 3659 2534 τοῦ

2076 2580 2457 2651 κηρύγματος,
2481 2579 2578 2633 καὶ
2606 2578 2864 2650 Κυριακὴ
2884 2574 2975 2649 ἦν,
3015 2596 3035 2629 ι
3063 2577 3225 2647 μέχρι
3245 2573 3657 2645 μεσονυκτίου,ι

2076 2673 2264 2743 φησίν.
2312 2673 2447 2725 Οὐδὲ
2484 2671 2654 2726 νύκτα
2697 2671 2877 2739 ἐσίγα,
2918 2670 3054 2724 ἀλλά
3087 2670 3208 2723 τότε
3247 2670 3449 2739 μᾶλλον
3487 2666 3662 2720 διελέ-

2075 2780 2225 2832 γετο,
2268 2763 2367 2816 ἆτε
2413 2763 2646 2833 ἡσυχίας
2679 2760 2867 2832 οὔσης.
2905 2759 3244 2833 Συνετάραξε
3274 2759 3372 2830 τήν
3412 2756 3604 2829 ἑορτὴν
3634 2758 3664 2810 6

2075 2854 2352 2921 διάϐολος,
2392 2854 2662 2924 βαπτίσας
2711 2853 2803 2906 τὸν
2865 2853 3143 2923 ἀκροατὴν
3205 2850 3359 2921 ὕπνῳ
3393 2851 3488 2903 καὶ
3528 2865 3665 2903 κατ-

2076 2945 2337 3014 ενεγκών.
2362 2946 2470 3000 Θέα
2499 2963 2586 3016 μοι
2621 2946 2677 2998 δὲ
2704 2945 2764 2998 16
2793 2943 3045 3015 θέατρον,
3072 2943 3187 3003 πῶς
3215 2941 3664 3013 συγκεκροτημέ-
3762 2980 3765 2983 -

2077 3054 2190 3103 νον,
2212 3038 2305 3090 καὶ
2330 3036 2391 3090 16
2412 3038 2659 3106 σημεῖον,
2689 3031 2825 3089 οἷον.
2864 3035 2991 3088 Ἐπὶ
3027 3034 3240 3105 θυρίδος
3264 3032 3501 3100 ἐκάθητο
3523 3032 3665 3101 ἀωρί¹

2078 3131 2186 3184 τῶν
2239 3129 2451 3184 νυκτῶν
2488 3129 2764 3200 (τοσοῦτος
2798 3124 2867 3199 ἦν
2906 3130 2934 3182 6
2969 3128 3134 3190 πόθος
3162 3126 3263 3195 τῆς
3304 3123 3664 3194 ἀκροάσεως),

2078 3226 2177 3279 ούκ
2202 3223 2309 3279 ἀπὸ
2346 3224 2620 3296 ῥᾳθυμίας
2652 3222 2969 3288 ἐνύσταξεν,
2999 3221 3115 3276 ἀλλ’
3157 3220 3263 3275 611:6
3295 3220 3394 3288 τῆς
3430 3218 3667 3288 φυσικῆς

396 3307 667 3378 κτώμενοι
697 3310 760 3362 16
792 3311 954 3373 σέϐας
986 3311 1195 3374 αὐτοῖς,
1223 3310 1319 3362 καὶ
1359 3308 1427 3361 τὰ
1461 3306 1807 3376 γεγενημένα
1844 3306 1974 3358 ἀνα-
2004 3299 2049 3359 C
2081 3317 2351 3385 ἀνάγκης,
2393 3317 2488 3370 καὶ
2520 3314 2693 3379 οὕτως
2719 3315 2869 3379 ἔξεον
2896 3317 2963 3386 τῇ
2995 3312 3296 3385 προθυμίᾳ,
3318 3313 3401 3365 ὅτι
3439 3313 3497 3363 ὲν
3544 3326 3669 3381 τρι.

393 3402 637 3466 λύοντες,
690 3403 786 3456 καὶ
835 3402 1166 3473 φοϐούμενοι
1222 3404 1296 3473 μὴ
1351 3401 1557 3472 σϐεσθῇ
1606 3400 1670 3453 16
1725 3398 1978 3468 σέϐασμα

394 3493 594 3557 αὐτῶν,
628 3492 870 3563 συνεχῶς
926 3492 1121 3547 ἐϐόων.
1161 3492 1378 3546 Τούτων
1434 3490 1493 3544 ἕν
1544 3508 1650 3544 τινι
1687 3489 1977 3558 Ἐπιστολῇ

400 3581 675 3652 μέμνηται
715 3582 744 3635 ό
803 3582 1150 3649 Ἀπόστολος,
1177 3582 1318 3654 πλὴν
1348 3584 1505 3654 καὶή
1549 3582 1743 3651 Γραφὴ
1791 3583 1978 3645 αὐτοῖς

396 3676 694 3745 μαρτυρεῖ,
723 3674 805 3727 ὅτι
835 3674 924 3731 διὰ
950 3675 1049 3745 τὴν
1075 3676 1259 3728 πίστιν
1290 3674 1696 3728 ἐκινδύνευσαν.

466 3771 560 3842 Μὴ
593 3770 778 3824 δοῦναι
808 3770 1001 3824 ἑαυτὸν
1032 3770 1253 3839 ἀτάκτῳ
1289 3769 1448 3839 δήμῳ
1478 3770 1575 3822 καὶ
1622 3768 1791 3838 ῥύμῃ,
1823 3766 1919 3818 καὶ
1952 3767 1982 3819 6

396 3855 612 3926 Πᾶῦλος
640 3862 889 3915 πείθεται
921 3876 937 3892 ·
971 3861 1032 3914 ού
1059 3860 1169 3931 γὰρ
1197 3857 1267 3932 ἦν
1293 3860 1593 3925 κενόδοξος,
1624 3858 1745 3911 ούδέ
1772 3856 1980 3926 φιλότι·

403 3970 504 4024 μος
537 3971 553 3987 ο
582 3952 758 4018 οὕτως
783 3953 945 4007 αὐτὸν
972 3952 1196 4022 ἐφίλουν
1226 3951 1427 4017 πάντες
1456 3952 1506 4004 οί
1537 3951 1739 4004 πιστοί.

472 4044 878 4115 Προεϐάλλοντο
905 4046 955 4097 οί
998 4044 1245 4097 Ἰουδαῖοι
1270 4043 1362 4096 16v
1403 4041 1755 4112 Ἀλέξανδρον
1788 4056 1802 4072 ’
1834 4043 1981 4096 οἰκο⁴

398 4136 641 4212 νομικῶς
667 4136 723 4189 δὲ
751 4127 903 4198 οὗτος
931 4136 1032 4188 ούκ
1060 4134 1378 4204 ἐφθέγξατο.
1421 4135 1592 4188 Πάλιν
1619 4135 1675 4187 δὲ
1702 4134 1933 4206 ἔκραζον
1963 4151 1981 4168 ο

407 4246 428 4279 ι
461 4227 690 4297 Μεγάλη
722 4229 753 4297 ή
802 4228 1089 4298 Ἀρτεμις,
1122 4245 1140 4278 ι
1190 4227 1417 4297 παιδικῇ
1455 4226 1685 4297 διανοίᾳ,
1726 4226 1983 4297 καθάπερ

403 4320 732 4391 φοϐούμενοι
767 4320 841 4391 μὴ
894 4320 1098 4393 σϐεσθῇ
1152 4320 1213 4374 16
1266 4320 1433 4383 σέϐας
1486 4319 1691 4385 αὐτῶν,
1743 4321 1985 4389 συνεχῶς

400 4414 565 4467 τοῦτο
600 4413 792 4467 ἐϐόων.
824 4414 929 4466 Δύο
963 4414 1057 4485 ἐτη
1113 4412 1367 4466 ἐκάθισεν
1422 4413 1537 4465 ἐκεῖ
1565 4413 1594 4463 6
1622 4412 1858 4480 Παῦλος,
1891 4412 1986 4465 καὶ

401 4506 505 4574 ὅρα
530 4504 686 4557 πόσοι
709 4503 791 4557 ἔτι
821 4503 1108 4571 Ἕλληνες.
1141 4504 1297 4569 Τίνος
1325 4503 1382 4557 δὲ
1407 4502 1598 4558 ἐνεκεν
1634 4503 1988 4574 Ἀλέξανδρος

402 4596 659 4650 ἐϐούλετο
710 4596 1100 4664 ἀπολογεῖσθαι
1138 4613 1153 4663 ;
1206 4598 1298 4667 Μὴ
1327 4596 1437 4668 γάρ
1487 4595 1651 4659 αὐτὸς
1707 4595 1981 4664 ἀνεκλήθη
2020 4634 2061 4686 D

403 4687 468 4762 ξδ’.
497 4687 741 4760 ἐνεκλ.];
777 4689 943 4741 Ὥστε
972 4688 1165 4758 καιρὸν
1211 4690 1416 4758 εὑρεῖν,
1452 4688 1545 4741 καὶ
1575 4687 1637 4740 τὺ
1671 4688 1781 4740 πᾶν
1813 4702 1979 4741 κατα-

403 4775 656 4844 στρέψαι,
689 4776 784 4829 καὶ
814 4775 1039 4829 ἐλκῦσαι
1063 4775 1154 4830 τὸν
1186 4775 1360 4846 θυμὸν
1388 4777 1484 4830 τοῦ
1524 4776 1718 4846 δήμου.

485 4884 503 4916 ι
540 4866 854 4937 Νεωκόρον,
896 4887 913 4919 ι
954 4868 1077 4921 ἀντὶ
1110 4868 1228 4933 τοῦ,
1266 4870 1586 4940 ίερόδουλον.
1614 4867 1851 4939 Κόρημα
1876 4868 1984 4935 γάρ

402 4957 519 5010 ἐστι
544 4957 606 5010 τὸ
639 4961 805 5029 σαρὸν
848 4958 911 5031 [ί.
961 4958 1213 5031 σαροῦν],
1260 4961 1353 5028 ἀφ’
1400 4953 1461 5014 οὗ
1503 4961 1599 5014 καὶ
1625 4959 1916 5028 νεωκόρος,
1957 4961 1985 5011 ὁ

403 5051 495 5101 τὸν
523 5049 661 5103 νεὼν
688 5051 870 5121 κορῶν
901 5053 996 5105 καὶ
1023 5052 1228 5123 σαρῶν.
1266 5054 1339 5105 T6
1373 5052 1433 5117 ἐξ
1454 5053 1686 5123 οὐρανοῦ
1713 5052 1863 5122 παρά
1890 5051 1984 5104 τοῦ

403 5143 528 5205 Διὸς
584 5144 855 5213 πεμφθὲν,
918 5146 1039 5214 ήτοι
1073 5146 1383 5209 καταπτάν,
1434 5146 1531 5199 καὶ
1569 5146 1634 5198 οὐ
1689 5145 1984 5214 γενόμενον

407 5231 513 5283 ὑπὸ
555 5232 844 5302 ἀνθρώπου
873 5232 1111 5302 ἄγαλμα.
1155 5234 1369 5303 Ἥρέμα
1404 5234 1746 5287 καθάπτεται
1783 5234 1983 5298 αὐτῶν,

405 5322 621 5386 δεικνὺς
643 5324 726 5375 ὅτι
744 5324 1048 5391 ἀλογίστως
1077 5325 1329 5394 συνῆλθε,
1358 5327 1452 5378 καί
1477 5326 1847 5396 προτρέπεται
1880 5342 1986 5395 μη-

405 5414 496 5468 δὲν
522 5416 794 5485 προπετὲς
826 5417 1108 5486 πράττειν,
1137 5415 1356 5480 δεικνὺς
1387 5418 1468 5470 ὅτι
1498 5417 1786 5487 προπετῶς
1814 5416 1987 5487 ἔπρα-

408 5507 532 5573 ξαν,
593 5508 686 5560 καὶ
735 5508 835 5562 οὐκ
868 5508 976 5560 ἔδει
1027 5508 1314 5562 ἰδιωτικῶν
1371 5509 1732 5580 ἐγκλημάτων
1795 5510 1981 5562 ἕνεκεν

405 5599 594 5669 κοινὴν
644 5600 944 5670 ἐκκλησίαν
986 5601 1278 5657 ποιεῖσθαι.
1308 5597 1465 5665 Εἶδος
1506 5599 1574 5674 ἦν
1607 5602 1876 5656 δικαστῶν
1927 5604 1986 5656 ἐν

404 5691 474 5759 τῇ
514 5688 672 5759 Ἀσία
693 5689 927 5742 εὐτελῶν
957 5690 1006 5742 οί
1054 5691 1325 5759 ἀγοραῖοι,
1361 5690 1555 5751 οἵτινες
1589 5687 1838 5752 ἐδίκαζον
1872 5690 1985 5751 τοῖς

408 5782 621 5849 πένησι,
654 5781 748 5833 καὶ
773 5780 1056 5852 ἀγοραίοις
1091 5780 1400 5850 ἀνθρώποις
1438 5798 1451 5811 ο
1484 5780 1566 5834 διὸ
1607 5782 1703 5834 καὶ
1740 5782 1984 5849 ἀγοραῖοι

412 5871 729 5939 καλοῦνται,
784 5871 975 5944 ὥσπερ
1012 5875 1152 5929 εἰσὶν
1182 5873 1384 5929 ἔκδικοι
1416 5874 1555 5929 κατά
1590 5874 1775 5938 πόλεις
1809 5873 1982 5937 τινάς.

2081 3409 2258 3479 στέγῳ
2287 3404 2429 3479 ἦσαν
2459 3426 2473 3440 ο
2507 3408 2661 3462 οὔπω
2698 3409 2808 3478 γάρ
2843 3404 2911 3479 ἦν
2942 3407 3229 3475 ἐκκλησία.

2149 3501 2267 3557 Οὐκ
2306 3496 2483 3569 εἶπεν,
2528 3502 2946 3572 Ἀναστήσεται,
2987 3500 3046 3571 ἢ,
3088 3499 3299 3571 Ἐγερῶ
3334 3498 3521 3563 αὐτὸν,
3548 3497 3666 3551 ἀλλ’

2080 3596 2182 3666 ὅρα
2226 3594 2287 3648 16
2322 3595 2535 3664 ἄτυφον
2563 3592 2732 3648 αὑτοῦ
2765 3593 2863 3647 καὶ
2892 3592 3305 3663 παρακλητικόν
3338 3608 3352 3622 ·
3394 3610 3414 3643 ι
3460 3591 3523 3643 Ἥ
3563 3590 3672 3660 γὰρ

2078 3686 2228 3756 ψυχὴ
2276 3685 2447 3740 αὑτοῦ
2481 3687 2540 3739 ἐν
2576 3684 2724 3754 αύτῷ
2748 3687 2916 3737 ἐστιν.
2954 3703 2972 3735 ι
3014 3683 3146 3736 Ἰδοὺ
3183 3683 3279 3735 καὶ
3320 3681 3537 3746 Παῦλος
3568 3699 3662 3736 νε-

2081 3779 2213 3848 κρὸν
2235 3778 2460 3848 ήγειρεν
2492 3776 2734 3846 Εὔτυχον
2757 3775 3117 3844 καλούμενον.

2154 3870 2314 3933 Τίνος
2335 3871 2523 3924 ἕνεκεν
2548 3873 2606 3924 ἐν
2626 3870 2783 3924 νυκτί
2816 3869 3086 3937 διελέγετο
3109 3886 3124 3936 ;
3156 3868 3426 3939 ’Πμελλεν
3447 3868 3670 3934 ἐξιέναι,

2084 3959 2243 4031 φησί.
2277 3960 2351 4013 T6
2382 3959 2480 4029 μὲν
2513 3959 2842 4030 κουφότερον
2877 3958 3107 4022 ἐκείνοις
3139 3958 3477 4027 ἐπιτρέπων,
3526 3958 3584 4011 τὸ
3613 3957 3673 4012 δὲ

2082 4051 2484 4123 ἐπιπονώτερον
2515 4052 2679 4115 αὐτὸς
2703 4052 3047 4123 αἱρούμενος,
3081 4052 3340 4115 ἐπέζευεν
3368 4067 3383 4082 ’
3417 4050 3553 4105 ἀλλά
3576 4050 3672 4104 καὶ

2085 4144 2258 4198 πολλά
2286 4143 2667 4213 οἰκονομικῶς,
2709 4142 2984 4197 παιδεύων
3027 4161 3086 4196 τε
3116 4144 3313 4205 αὐτοὺς
3336 4141 3671 4213 χωρίζεσθαι

2085 4234 2274 4290 αὐτοῦ.
2312 4235 2458 4306 Ὅρα
2483 4233 2578 4287 καὶ
2610 4232 2968 4306 ἀνθρωπίνως
3001 4234 3161 4287 αὐτὸν
3199 4234 3540 4302 κινούμενον.
3573 4232 3675 4287 Διά

2086 4326 2197 4398 γὰρ
2253 4325 2413 4379 τοῦτο
2466 4326 2642 4380 ταῦτα
2686 4326 2920 4395 γίνεται,
2957 4325 3045 4377 ἵνα
3079 4324 3154 4394 μὴ
3210 4325 3527 4394 νομίσωσιν,
3586 4324 3670 4377 ὃτι

2088 4422 2228 4488 ὑπὲρ
2287 4419 2387 4482 τὴν
2447 4417 2611 4485 φύσιν
2658 4418 2755 4487 τὴν
2788 4416 3137 4486 ἀνθρωπίνην
3182 4410 3272 4485 ἦν,
3334 4415 3429 4467 καὶ
3484 4415 3674 4466 ἐπιθυ-

2091 4512 2318 4581 μοῦντα.
2381 4508 2546 4578 Ὁρᾷς
2578 4506 2741 4560 αὐτὸν
2769 4506 2863 4559 καὶ
2897 4503 3220 4564 σπεύδοντα,
3255 4504 3351 4555 καὶ
3395 4502 3495 4554 οὐκ
3548 4503 3673 4554 ἐπι-

2087 4602 2427 4672 τυγχάνοντα
2475 4597 2773 4663 πολλάκις;
2816 4597 2878 4648 Oi
2930 4594 3040 4665 γὰρ
3095 4593 3242 4661 ἅγιοι
3288 4593 3384 4645 καὶ
3446 4592 3675 4661 μεγάλοι

2086 4695 2277 4764 ἄνδρες
2336 4691 2534 4744 ἐκεῖνοι
2583 4688 2685 4757 τῆς
2746 4687 2844 4757 μὲν
2910 4684 3123 4756 φύσεως
3166 4684 3299 4753 ήμῐν
3352 4682 3448 4752 τῆς
3503 4683 3675 4752 αὐτῆς

2087 4780 2428 4846 ἐκοινώνουν,
2466 4781 2566 4850 τῆς
2616 4777 2674 4831 δὲ
2717 4775 3093 4848 προαιρέσεως
3136 4774 3237 4827 οὐκ
3284 4773 3366 4828 ἔτι
3397 4788 3414 4805 ·
3453 4774 3536 4827 διδ
3579 4776 3677 4828 καὶ

2089 4873 2292 4943 πολλὴν
2329 4871 2649 4925 ἐπεσπῶντο
2679 4870 2781 4940 τὴν
2816 4872 2997 4940 χάριν.
3030 4870 3178 4940 Ὀρα
3204 4867 3369 4921 αὐτὸν
3409 4867 3506 4921 καὶ
3534 4867 3677 4920 ἐπει-

2087 4966 2320 5035 γόμενον
2345 4962 2753 5034 παραπλεῦσαι,
2790 4963 2883 5015 καὶ
2923 4961 2998 5033 μὴ
3031 4959 3383 5033 παρορῶντα,
3416 4959 3553 5016 ἀλλά
3583 4961 3678 5013 καὶ

2086 5059 2147 5111 16
2179 5058 2288 5110 πᾶν
2319 5053 2727 5124 οἰκονομοῦντα,
2761 5053 2887 5115 τοὺς
2927 5054 3198 5123 ἄρχοντας
3242 5049 3678 5121 μεταπεμψάμε-

2086 5166 2177 5211 νος
2210 5149 2279 5202 δι’
2306 5148 2531 5201 ἐκείνων
2557 5146 2740 5208 αὐτοῖς
2768 5144 3037 5216 διελέχθη.
3072 5144 3256 5211 ’Λξιον
3280 5143 3336 5197 δὲ
3372 5142 3675 5211 θαυμάσαι,

2089 5241 2209 5305 πῶς
2247 5242 2327 5305 εἰς
2378 5240 2629 5309 ἀνάγκην
2679 5239 2937 5307 ἐμπεσὼν
2983 5238 3078 5291 τοῦ
3117 5235 3329 5307 μεγάλα
3387 5234 3509 5286 τινὰ
3544 5232 3675 5301 περὶ

2086 5329 2284 5382 ἐαυτοῦ
2316 5327 2488 5383 εἰπὼν
2523 5326 2585 5399 Π.
2627 5323 2851 5397 εἰπεῖν],
2888 5328 3143 5397 πειρᾶται
3194 5320 3531 5393 μετριάζειν,
3570 5337 3670 5373 x6-

2092 5420 2271 5489 θάπερ
2298 5418 2556 5488 Σαμουὴλ
2575 5421 2603 5470 ὁ
2629 5416 2917 5488 προφήτης
2957 5415 3167 5487 μέλλων
3192 5412 3546 5485 παραδιδόναι
3576 5409 3676 5479 τήν

2091 5509 2270 5581 ἀρχὴν
2298 5510 2376 5579 τῷ
2416 5507 2615 5561 Σαούλ.

2161 5600 2274 5670 Οὐχ
2299 5598 2509 5660 ἁπλῶς,
2545 5597 2681 5667 μετά
2710 5595 3230 5665 ταπεινοφροσύνης,
3264 5591 3422 5655 ἀλλὰ,
3461 5607 3481 5641 ι
3534 5588 3675 5659 μετᾶ

2090 5690 2293 5758 πάσης.
2337 5706 2357 5740 ι
2426 5686 2607 5741 Πολλά
2662 5686 2772 5755 γὰρ
2821 5684 2936 5754 είδη
2974 5687 3074 5755 τῆς
3116 5681 3622 5757 ταπεινοφροσύνης
3653 5692 3671 5711 ο

2087 5787 2146 5836 ἐν
2166 5782 2330 5852 λόγῳ,
2367 5779 2501 5851 πρὸς
2532 5780 2825 5851 ἄρχοντας,
2860 5779 2998 5849 πρὸς
3038 5776 3377 5849 ἀρχομένους
3410 5791 3424 5807 ’
3458 5770 3579 5827 εἶτα
3610 5772 3670 5826 τὸ

2089 5875 2303 5945 ἥμερον
2348 5870 2628 5943 πανταχοῦ
2653 5886 2668 5903 ·
2709 5869 2962 5926 κοινωνία
3003 5869 3176 5940 πολλή
3202 5885 3216 5900 ο
3266 5887 3285 5922 ι
3318 5866 3458 5923 Μεθ’
3493 5864 3670 5938 ὑμῶν,
