4120 6422
389 403 524 469 111⁸1

1193 406 1738 476 EXPOSITIONIS
1778 414 1861 475 IN
1901 415 2095 478 ACTA
2118 415 2426 478 TEXTUS
2452 416 2816 479 TERTIUS.

3504 420 3638 489 1118

384 520 557 574 Δῦτει
581 516 676 573 καὶ
702 520 985 592 μυριάδες,
1005 519 1194 577 ἐκτῶν
1220 523 1552 594 βοησάντων,
1578 543 1598 577 1
1622 525 1696 579 T6
1715 520 1853 597 αἷμα
1869 525 1963 580 αῦ-
1996 532 2038 590 Α
2069 525 2234 581 δαίων
2264 528 2643 598 ταραττόντων
2667 532 2729 581 τὸ
2767 529 2966 582 κοινόν.
3007 529 3190 585 Δεινδν
3223 532 3334 603 769
3360 531 3639 604 ἡγήσαντο

382 610 482 667 τοῦ
497 612 583 685 ἐφ’
604 612 862 682 ἡμᾶςκαὶ
882 615 976 669 ἐπὶ
995 613 1064 669 τά
1094 615 1261 673 τέκνα
1274 618 1453 687 ἡμῶν,
1478 636 1500 670 1
1524 618 1789 689 ὑπῆρχον.
1822 618 1963 673 Ἀλλ’

382 706 535 776 ὅμως
563 705 593 759 6
623 704 1003 776 φιλάνθρωπος
1057 706 1192 772 Θεὸς
1262 709 1358 765 καὶ
1404 711 1465 776 ἐξ
1503 711 1702 776 αὐτῶν,
1770 710 1866 765 καὶ
1902 710 1963 778 ἐξ

382 796 610 851 ἐκείνων
638 796 857 862 ἐδέξατο
886 799 1014 862 τοὺς
1037 800 1479 870 μετανοήσαντας
1513 801 1607 857 καὶ
1640 800 1965 856 πιστεύσαν-

381 905 504 953 τας.
532 888 647 943 Οὔκ
672 883 826 943 εἶπον
852 889 932 955 δὲ,
954 891 1254 954 Ἤκουσαν,
1280 893 1438 960 ἀλλὰ,
1466 893 1955 965 ιΚατηχήθησαν,ι

383 980 508 1034 ἀντὶ
535 980 654 1045 τοῦ,
680 981 1012 1035 ἐπίστευσαν
1039 982 1136 1036 καὶ
1169 983 1549 1056 ἐδιδάχθησαν.
1589 986 1679 1050 Ὠς
1711 986 1960 1055 συμϐου-

383 1070 657 1135 λεύοντες,
687 1073 876 1141 φησιν,
914 1074 1014 1145 οὐχ
1045 1074 1122 1139 ὡς
1149 1076 1554 1141 ἐπιτάττοντες·
1587 1078 1712 1132 ὅθεν
1737 1079 1961 1133 πείθου-

383 1180 473 1217 σιν
510 1166 697 1233 αὐτὸν,
723 1167 806 1221 ὅτι
850 1167 1135 1239 οἰκονομία
1169 1170 1264 1224 καὶ
1292 1170 1704 1240 συγκατάϐασις
1723 1168 1812 1243 ἦν.
1842 1174 1961 1227 οὐκ

382 1256 493 1327 ἄρα
524 1258 737 1329 ἐκκοπὴ
784 1258 851 1332 [Γ.
876 1260 1113 1335 ἐγκοπὴ]
1132 1262 1230 1316 τοῦ
1274 1263 1635 1335 κηρύγματος
1676 1264 1836 1320 τοῦτο
1865 1261 1958 1336 ἦν,

380 1347 516 1399 ὅπου
543 1364 607 1415 γε
646 1348 741 1402 καὶ
774 1349 931 1403 αὐτοὶ
962 1351 1320 1422 ἐνομοθέτουν
1355 1353 1588 1414 ἐκείνοις
1620 1353 1957 1411 τὰτοιαῦτα.

381 1438 497 1492 Οὐκ
530 1438 638 1508 ἀρα
666 1441 891 1508 ἐγκαλεῖ
914 1443 1107 1513 Πέτρῳ
1130 1447 1196 1516 [Ῑ.
1225 1443 1445 1517 Παύλῳ]
1470 1444 1654 1509 ἀπλῶς
1675 1444 1836 1518 (ὅπερ
1850 1447 1961 1516 769

380 1528 619 1582 ἐνταῦθα
669 1530 927 1603 ἐποίησεν
951 1533 1135 1601 αὐτὸς,
1176 1535 1334 1591 τοῦτο
1366 1536 1571 1607 Πέτρος
1615 1535 1680 1608 [Ῑ.
1722 1534 1959 1609 Παῦλος]

380 1619 520 1685 ἐκεῖ,
544 1621 713 1688 σιγῶν
736 1621 793 1676 δέ
819 1624 984 1678 ίστῶν
998 1625 1228 1697 αὺτῷζτδ
1252 1628 1453 1699 δόγμα.
1473 1628 1582 1682 Καὶ
1593 1628 1696 1682 οὐκ
1718 1623 1864 1694 εἷπε,
1892 1627 1961 1682 Τί

379 1711 525 1783 γάρ;
553 1713 614 1766 οῦ
647 1714 754 1785 χρὴ
785 1714 854 1771 τὰ
876 1716 1022 1772 κατά
1047 1717 1117 1773 τὰ
1146 1718 1275 1791 ἔθνη
1304 1719 1613 1787 61666112111;
1653 1721 1770 1776 υύκ
1798 1721 1962 1791 ἀρκεῖ

379 1804 443 1856 τὸ
472 1803 548 1876 μὴ
572 1805 810 1876 κηρύξαι
862 1810 999 1871 ἐκεῖ,
1033 1808 1148 1867 ἀλλ’
1181 1809 1289 1865 ἔδει
1331 1812 1427 1866 καὶ
1458 1811 1624 1866 πλέον
1644 1830 1699 1873 τι
1730 1813 1959 1885 ποιῆσαι

382 1896 586 1967 νόμων.
622 1898 688 1953 Ol
710 1900 771 1955 ἐν
814 1899 1214 1974 Ἰεροσολύμοις
1240 1904 1633 1970 πιστεύσαντες
1669 1905 1778 1967 ἀπὸ
1823 1907 1959 1960 Ἰουσ

379 1985 567 2052 δαίων,
603 1988 700 2060 ἔθη
727 1989 797 2044 τά
818 1991 1019 2058 νομικά
1050 1992 1245 2060 ήθελον
1295 1994 1612 2063 φυλάσσειν.
1644 1998 1833 2068 Ἐργῳ
1858 1995 1959 2068 τήν

377 2079 680 2149 ἀπολογίαν
711 2082 937 2152 ποιῆσαι
995 2084 1149 2158 αὑτῷ
1196 2086 1650 2157 συμϐουλεύουσι,
1684 2090 1761 2160 μὴ
1789 2088 1954 2161 λόγῳ.

384 2188 404 2221 1
429 2168 548 2227 Ἵνα
570 2171 946 2242 ξυρήσωνται,
991 2175 1147 2246 φησι,
1182 2175 1278 2231 καὶ
1322 2177 1549 2246 γνῶσιν,
1578 2179 1662 2232 ὅτι
1687 2172 1764 2234 ὧν
1823 2195 1961 2238 κατ-

383 2260 627 2332 ήχηνται
659 2262 791 2334 περί
828 2263 945 2331 σοῦ,
974 2266 1127 2327 οὐδέν
1154 2268 1324 2325 ἐστιν.
1357 2287 1377 2322 1
1404 2270 1518 2324 Οὐκ
1550 2266 1725 2337 εἷπον,
1757 2272 1958 2327 6:161-

375 2350 618 2420 δάσκεις,
646 2352 765 2407 ἀλλ’
786 2356 851 2408 ἐκ
881 2358 1222 2425 περιουσίας,
1246 2360 1329 2415 ὅτι
1350 2362 1522 2426 Δύτδς
1548 2362 1855 2432 φυλάττεις.
1877 2365 1956 2419 06

380 2443 541 2514 μόνον
596 2445 758 2500 τοῦτο
785 2443 856 2519 ἦν
896 2447 959 2502 τὸ
1012 2450 1474 2523 σπουδαζόμενον,
1505 2454 1568 2508 τὸ
1623 2455 1699 2528 μὴ
1726 2456 1956 2528 ἐτέρους

373 2531 649 2593 διδάσκειν
673 2553 688 2568 ο
722 2536 860 2591 ἀλλά
882 2537 937 2592 τί
961 2556 976 2607 ;
1007 2539 1085 2599 Τὸ
1115 2540 1211 2599 καὶ
1240 2542 1407 2604 αὐτὸς
1430 2547 1640 2616 τηρεῖν.

446 2624 513 2679 Τί
538 2625 670 2696 οῦν;
699 2626 767 2683 ἃν
787 2628 853 2687 τὰ
881 2628 1012 2697 ἔθνη
1046 2631 1284 2701 μάθωσι,
1317 2632 1508 2705 βλάψω
1532 2635 1754 2700 αὐτοὺς,
1791 2636 1948 2708 φησί.

374 2716 522 2781 Πῶς,
559 2718 696 2775 ὅπου
756 2723 852 2779 καὶ
900 2723 1064 2794 ἡμεῖς
1095 2723 1147 2783 οἰ
1174 2723 1284 2779 τῶν
1318 2724 1592 2781 Ἰουδαίων
1640 2725 1955 2785 διδάσκαλοι

373 2809 707 2882 ἐπέμψαμεν
755 2813 895 2884 πρὸς
942 2814 1109 2869 αὐτόν
1139 2832 1154 2882 ;
1181 2817 1468 2883 Τουτέστι,
1507 2817 1617 2883 Τάς
1641 2835 1958 2891 προσφερο-

375 2902 546 2973 μένας
597 2904 740 2977 ὑπὲρ
794 2905 977 2961 αὐτῶν
1022 2907 1169 2965 κατά
1246 2908 1337 2963 τὸν
1411 2911 1576 2983 νόμον
1632 2912 1823 2977 θυσίας
1886 2912 1954 2968 σὺ

374 2995 648 3067 πάρασχε,
677 2997 764 3052 ῖνα
785 2997 954 3070 λύσῃς
981 3000 1081 3071 τὴν
1109 3000 1366 3072 ὑποψίαν.

456 3087 722 3144 Ἐνταῦθα
776 3091 1171 3161 ἐντρεπτικῶςο
1237 3095 1451 3165 Ὠσπερ
1498 3098 1664 3169 ἡμεῖς
1721 3098 1955 3164 ἐκείνοις

372 3176 744 3248 ἐπετάξαμεν,
796 3178 976 3235 καίτοι
1019 3182 1297 3246 Ἰουδαίοις
1353 3181 1754 3254 κηρύττοντες,
1800 3183 1949 3238 οὕτω
1978 3209 2023 3267 c

373 3270 472 3323 καὶ
502 3270 566 3324 σὺ
599 3272 713 3333 τοῖς
741 3270 925 3325 ἔθνεσι
953 3274 1270 3343 κηρύττων,
1303 3275 1630 3346 σύμπραξον
1656 3276 1814 3347 ήμῖν.
1838 3279 1952 3331 Kal

372 3360 436 3413 οὗ
462 3359 612 3429 λέγει
634 3376 648 3391 ⁸
672 3361 782 3415 Kal
812 3361 919 3434 μὴν
940 3362 1174 3433 δύναμαι
1201 3364 1469 3435 Τιμόθεον
1499 3369 1863 3437 παραγαγεῖν,
1888 3366 1952 3422 δν

371 3453 699 3522 περιέτεμον
724 3470 741 3519 ;
769 3454 866 3507 καὶ
891 3454 1000 3525 μὴν
1019 3454 1255 3527 δύναμαι
1286 3457 1474 3513 πεῖσαι
1498 3457 1577 3527 τῷ
1606 3457 1791 3530 λόγως
1831 3457 1951 3513 ἀλλ’

373 3543 604 3615 ἐπείσθη
659 3545 844 3609 αὐτοῖς
875 3546 973 3601 καὶ
1007 3547 1186 3603 πάντα
1220 3548 1480 3621 ἐποίησεν
1503 3566 1520 3587 α
1545 3549 1855 3615 ἀνύποπτος
1882 3546 1952 3622 ἦν

372 3634 454 3705 τῷ
498 3636 593 3690 καὶ
631 3636 1002 3699 δαπανᾶσθαι.
1042 3640 1293 3707 Ἐγένετο
1321 3642 1493 3697 ταῦτα
1521 3643 1583 3696 ού
1604 3643 1706 3711 τῆς
1725 3643 1953 3713 γνώμης

371 3726 538 3780 αὑτοῦ
596 3728 1072 3801 μεταϐαλομένης,
1103 3731 1232 3786 ἐπεὶ
1282 3732 1453 3787 κακία
1482 3732 1545 3791 τὺ
1576 3736 1809 3803 πρᾶγμα
1859 3731 1950 3805 ἦν,

372 3818 511 3872 ἀλλά
556 3820 655 3890 τῆς
700 3821 924 3891 ἀγάπης
990 3820 1557 3893 συγκαταϐαινούσης.
1648 3824 1769 3878 Ἵνα
1837 3826 1949 3896 γὰρ

367 3913 496 3973 τοὺς
517 3910 676 3975 ὄντας
729 3911 946 3983 ἀληθῶς
999 3913 1337 3984 μεταστήσῃ,
1394 3915 1611 3982 ἐγένετο
1654 3915 1819 3979 αὐτὸς
1846 3917 1949 3970 οὐκ

368 4002 587 4072 ἀληθῶς
648 4002 1097 4074 ἐπιδεικνύμενος
1145 4004 1333 4074 νόμον,
1381 4006 1498 4061 ἀλλ’
1558 4008 1813 4076 ἐξυρᾶτο,
1849 4009 1948 4064 καὶ

370 4092 551 4148 πάντα
578 4093 648 4148 τά
690 4093 956 4157 Ἰουδαϊκὰ
990 4095 1285 4154 ἀπετέλεσε
1322 4097 1385 4170 [ﬁ
1416 4099 1621 4172 61:11.].
1675 4099 1787 4155 Kal
1835 4100 1947 4173 γὰρ

369 4186 506 4239 ὅπου
535 4186 636 4240 οὐκ
666 4186 967 4245 ἐϐλάπτετο
1010 4187 1073 4244 τὸ
1121 4188 1479 4258 Εὐαγγίλιον,
1506 4192 1727 4246 πάντων
1755 4187 1824 4265 ἧν
1850 4209 1949 4247 τα-

369 4280 682 4349 πεινότερος
707 4296 725 4313 ·
781 4279 913 4339 ἔνθα
932 4281 992 4341 δέ
1020 4283 1086 4336 ἐκ
1130 4281 1231 4353 τῆς
1255 4286 1762 4358 ταπεινοφροσύνης
1797 4286 1946 4358 ἐώρα

365 4369 520 4433 τινας
559 4372 969 4442 ἀδικουμένους,
1024 4375 1127 4429 οὐκ
1185 4375 1269 4429 ἐτι
1325 4377 1592 4450 κέχρηται
1644 4378 1724 4450 τῷ
1792 4378 1946 4449 αύτῷ

366 4463 824 4535 πλεονεκτήματι.
857 4481 878 4519 1
908 4465 1276 4534 Διαγγέλλων,
1303 4485 1323 4519 1
1358 4468 1606 4526 τουτέστι
1634 4470 1947 4540 καταγγέλ-

363 4553 475 4608 λων
497 4569 514 4585 ⁶
544 4554 707 4619 αὐτὸς
729 4549 801 4625 ἦν
827 4556 857 4608 6
884 4554 1043 4626 δῆλον
1071 4556 1265 4611 ἑαυτὸν
1294 4559 1487 4614 ποιῶν.

436 4646 582 4716 Ὅρα
621 4647 939 4718 οἰκονομίαν
988 4647 1283 4719 γινομένην
1318 4663 1335 4680 ⁶
1377 4651 1514 4720 μετά
1556 4657 1619 4705 τὸ
1656 4653 1944 4726 πεισθῆναι

364 4738 493 4801 τοὺς
562 4736 874 4807 Ἰουδαίους,
930 4739 1056 4793 τότε
1110 4740 1448 4797 ἐπιτίθενται
1487 4745 1710 4813 ἐκεῖνοι,
1740 4746 1829 4800 ἵνα
1867 4746 1946 4819 μή

361 4830 609 4884 κάκεῖνοι
647 4830 1062 4886 συππιθῶνται.
1094 4832 1347 4889 Μάλιστα
1372 4834 1482 4905 769
1505 4836 1706 4901 αὐτοὺς
1749 4837 1945 4909 ἐθορύ-

365 4920 454 4975 ϐει
475 4922 506 4975 6
539 4921 666 4985 ναὸς
686 4922 782 4977 καὶ
815 4924 845 4976 6
870 4923 1055 4993 νόμος.
1079 4924 1190 4978 Kal
1216 4923 1370 4979 οὐδὲν
1401 4926 1637 4998 ἐλάλησε
1664 4930 1780 4994 τοῖς
1802 4931 1943 4985 ἀπο-

368 5013 623 5077 στόλοιςὸ
647 5013 880 5081 Παῦλος,
914 5015 999 5070 ὅτι
1051 5014 1204 5072 αὐτοὶ
1255 5020 1421 5079 αίτιοι
1449 5021 1738 5089 γεγόνασιν
1764 5023 1941 5094 αὐτῷ.

376 5103 445 5158 Ἦ
470 5105 776 5176 κατηγορία
796 5105 997 5175 μείζων
1012 5107 1123 5162 61:6
1135 5107 1247 5162 τῶν
1277 5110 1578 5180 παρόντων.
1621 5130 1642 5164 1
1668 5113 1787 5166 Ἔτι
1809 5115 1941 5189 γὰρ,

364 5193 524 5263 φησὶ,
558 5192 650 5253 καὶ
682 5193 950 5263 Ἕλληνας
990 5196 1291 5268 εἰσήγαγεν
1323 5200 1405 5261 είς
1435 5199 1497 5252 τὸ
1524 5200 1688 5270 ίερὸν,
1724 5203 1818 5256 καὶ
1850 5221 1944 5259 κε-

360 5284 618 5339 κοίνωκε.
641 5302 661 5336 1
700 5284 813 5338 Kal
834 5284 943 5356 μὴν
970 5286 1064 5339 ἐπὶ
1083 5285 1179 5341 τοῦ
1205 5287 1449 5358 Χριστοῦ
1470 5289 1746 5359 ἀνέϐησαν
1774 5310 1944 5365 προσ-

363 5376 715 5447 κυνήσοντες,
777 5374 916 5432 ἀλλά
966 5378 1095 5442 τοὺς
1117 5386 1129 5399 ’
1154 5377 1515 5450 ἀνελομένους
1555 5384 1943 5456 προσκυνῆσαί

360 5484 520 5537 φασι.
567 5467 882 5524 Ἐϐούλοντο
943 5468 1055 5539 γὰρ
1100 5469 1267 5524 αὐτὸν
1296 5471 1529 5539 ἀνελεῖν,
1556 5473 1655 5531 καὶ
1678 5474 1767 5530 διὰ
1783 5476 1944 5531 τοῦτο

367 5578 390 5612 1
419 5555 621 5628 εἷλκον,
647 5579 667 5617 1
705 5561 849 5616 ὥστε
875 5562 1014 5634 μετά
1032 5561 1280 5628 πλείονος
1296 5564 1476 5630 ἀδείας
1505 5566 1667 5621 τοῦτο
1692 5570 1938 5640 ποιῆσαι.

364 5650 640 5709 Ἔτυπτσν
671 5650 731 5708 δέ
762 5651 927 5708 αὐτὸν
978 5654 1117 5724 μήτε
1176 5653 1344 5725 νόμου
1389 5655 1656 5726 δεόμενοι,
1693 5659 1832 5732 μήτε
1859 5660 1942 5714 δι-

360 5743 679 5816 καστηρίων
701 5757 719 5776 ·
781 5744 878 5801 καὶ
904 5746 965 5799 ἐν
992 5743 1072 5815 τῷ
1113 5746 1320 5817 μεταξὺ
1385 5749 1578 5815 στάσις
1617 5752 1938 5822 κατειλήφει

359 5852 444 5900 τις
465 5835 563 5912 τὴν
594 5837 768 5906 πόλιν,
793 5839 884 5895 καὶ
912 5841 941 5895 6
967 5837 1140 5912 δῆμος
1173 5834 1242 5914 ἧν
1260 5841 1319 5897 ἐν
1344 5840 1523 5916 πολλῷ
1554 5843 1788 5920 θορύϐῳ,
1807 5847 1935 5903 Ἰουο

1984 1867 2035 1931 Β

2067 619 2374 687 κατήγορον
2400 618 2548 689 ἔχειν
2573 618 2669 674 τὸν
2701 620 2872 683 πάλαι
2896 623 3228 693 προστάτην,
3260 624 3355 677 καὶ
3404 623 3638 677 κτείνειν

2064 710 2228 765 αὐτὸν
2283 710 2566 767 ἔσπευδον.
2627 715 3135 787 Παραμυθούμενος
3196 716 3288 770 τὸν
3316 715 3490 787 θυμδν
3540 715 3638 769 τοῦ

2062 801 2255 871 δήμου.
2295 803 2361 855 Τί
2395 804 2563 870 ἐστιν,
2601 824 2619 857 ι
2642 802 2775 875 Αἶρε
2815 805 3014 873 αύτόν;
3053 825 3072 860 1
3116 798 3413 861 Τουτὲστιν
3442 808 3471 861 6
3503 807 3636 878 παρ’

2062 891 2197 959 ἡμῖν
2231 889 2455 959 λέγουσι
2485 892 2630 953 κατά
2660 894 2761 965 τὴν
2801 896 3116 968 Ῥωμαϊκήν
3176 895 3463 966 συνήθειαν
3486 913 3501 928 ο
3546 896 3637 948 Ἐν

2061 981 2175 1044 τοῖς
2231 979 2435 1048 σίγνοις
2489 982 2654 1038 αὐτὸν
2705 983 2934 1054 ἔμϐαλε.
2994 985 3159 1049 Ἐθος
3206 988 3318 1049 τοῖς
3365 985 3637 1048 Ἰουδαίοις

2060 1070 2265 1141 ταύτην
2282 1070 2464 1139 λέγειν
2486 1073 2587 1143 τὴν
2617 1075 2800 1145 φωνὴν
2828 1075 2971 1129 κατά
2998 1076 3105 1129 τῶν
3131 1077 3379 1140 δικαίων,
3414 1076 3496 1139 ὡς
3538 1076 3634 1130 καὶ

2062 1159 2200 1219 κατά
2229 1158 2324 1214 τοῦ
2360 1162 2588 1232 Κυρίου.
2625 1180 2645 1216 1
2666 1157 2802 1233 Αίρε
2824 1163 3009 1226 αὐτὸν,
3041 1182 3060 1216 1
3084 1164 3207 1221 ἀντί
3236 1163 3354 1228 τοῦ,
3391 1165 3637 1236 Ἔπαρον

2060 1251 2222 1311 αὐτὸν
2245 1253 2311 1307 ἐκ
2330 1252 2438 1307 τῶν
2466 1253 2706 1318 ζώντων.
2743 1255 2886 1326 Ὅρα
2922 1255 3042 1324 μεθ’
3070 1256 3204 1325 ὅσης
3229 1255 3491 1327 συστολῆς
3525 1256 3636 1308 δια-

2059 1344 2280 1411 λέγεται
2308 1345 2337 1398 6
2378 1344 2589 1409 Παῦλος
2615 1345 2694 1416 τῷ
2745 1345 3047 1417 χιλιάρχῳ·
3087 1365 3106 1399 1
3132 1348 3196 1402 El
3221 1347 3402 1413 ἒξεστί
3440 1364 3530 1419 μοι
3554 1348 3635 1401 εί·

2059 1437 2187 1491 πεῖν
2233 1452 2285 1490 τι
2322 1436 2462 1507 πρὸς
2484 1436 2581 1503 σάς
2612 1455 2632 1490 1
2670 1466 2740 1478 —
2773 1455 2793 1490 1
2828 1437 3140 1506 Ἑλληνιστί
3165 1438 3490 1507 γινώσκεις;
3518 1440 3634 1492 Ούκ

2060 1527 2171 1597 ἄρα
2195 1528 2262 1582 σὺ
2302 1526 2353 1584 εἷ
2375 1530 2406 1582 6
2430 1528 2726 1596 Αἰγύπτιος
2750 1546 2766 1596 ;
2788 1548 2806 1581 1
2848 1530 3169 1601 1Ἄνθρωπος
3194 1530 3304 1600 γάρ
3329 1546 3412 1592 τις
3438 1545 3637 1584 νεωτε-

2064 1621 2281 1693 ροποιὸς
2320 1623 2538 1690 γέγονε,
2591 1623 2688 1676 καὶ
2711 1622 3066 1690 στασιαστὴς,
3099 1622 3194 1676 καὶ
3224 1620 3504 1685 ἀπατεὼν,
3534 1621 3634 1673 καί

2062 1712 2219 1784 γόης,
2270 1713 2365 1767 καὶ
2397 1713 2810 1784 προσεδόκησεν
2831 1714 2862 1768 6
2890 1711 3143 1776 διάϐολος
3183 1710 3505 1777 συσκιάζειν
3546 1709 3637 1763 διά

2059 1804 2272 1873 τούτου,
2331 1806 2428 1859 καὶ
2475 1806 2770 1869 κοινωνοὺς
2829 1808 3004 1860 ποιεῖν
3046 1803 3161 1860 τῶν
3212 1804 3442 1868 ἐκείνοις
3469 1818 3640 1875 προσ-

2060 1899 2311 1968 ηκόντων
2373 1896 2764 1968 ἐγκλημάτων,
2820 1896 2918 1952 καὶ
2961 1896 3053 1955 τὸν
3094 1895 3354 1967 Χριστὸν,
3380 1895 3477 1950 καὶ
3507 1894 3637 1958 τοὺς

2061 1988 2422 2054 ἀποστόλους.
2466 1988 2607 2043 Ἀλλ’
2638 1989 2794 2045 οὐδὲν
2817 1986 3063 2059 ἴσχυσεν,
3098 1986 3236 2040 ἀλλά
3272 1984 3637 2056 λαμπροτέρα

2058 2080 2290 2152 γέγονεν
2315 2081 2348 2151 ή
2371 2079 2622 2151 ἀλήθεια.
2654 2080 2814 2150 Παμά
2830 2076 3112 2141 Ἰουδαίοις
3136 2078 3288 2148 τρεῖς
3313 2078 3453 2128 εἰσιν
3479 2074 3637 2145 αἰρέ-

2060 2188 2177 2236 σεις
2203 2171 2425 2240 γενικαί
2448 2186 2465 2203 ·
2496 2171 2804 2242 δαρισαῖοι,
2829 2169 3199 2233 Σαδδουκαῖοι,
3241 2167 3338 2227 καὶ
3377 2165 3631 2235 Ἐσσηνοὶ

2057 2263 2366 2333 λεγόμενοι,
2393 2263 2670 2317 τουτέστιν
2683 2262 2845 2319 ὅσιοι·
2882 2259 3108 2323 τούτους
3128 2259 3185 2313 δέ
3214 2258 3311 2312 καὶ
3339 2257 3633 2328 Σικαρὲους

2056 2357 2209 2417 ἄλλοι
2235 2355 2551 2424 ὠνόμασαν,
2590 2354 2836 2408 τουτέστι
2862 2351 3133 2423 ζηλωτάς.

2131 2445 2277 2518 Ὅρα
2317 2445 2509 2509 αὑτὸν,
2538 2444 2670 2499 ὅταν
2724 2442 2863 2514 πρὸς
2887 2443 3016 2505 τοὺς
3067 2440 3175 2517 ἐξω
3202 2439 3544 2512 διαλέγηται,
3569 2438 3632 2492 οὐ

2058 2535 2502 2609 παραιτούμενον
2545 2536 2786 2611 καὶτοῖς
2820 2535 2933 2590 ἀπὸ
2968 2532 3081 2589 τῶν
3131 2534 3314 2605 νόμων
3335 2532 3634 2606 κεχρῆσθαι

2057 2629 2401 2701 βοηθήμασιν
2427 2642 2442 2658 ο
2492 2625 2726 2683 ἐνταῦθα
2756 2624 2814 2679 δέ
2850 2625 2959 2680 61:6
2982 2624 3084 2694 τῆς
3121 2623 3333 2689 πόλεως
3357 2625 3633 2693 ἐντρέπει.

2054 2720 2170 2780 Καὶ
2196 2717 2431 2791 ἀλλαχοῦ
2480 2716 2644 2774 πάλιν
2689 2715 2835 2772 οὕτω
2881 2715 3052 2786 φησί·
3109 2733 3128 2769 ι
3155 2713 3407 2787 Δημοσίᾳ
3428 2715 3637 2770 ἀκατα-

2055 2811 2280 2885 κρίτους
2327 2808 2649 2881 ἀνθρώπους
2699 2807 3004 2878 Ῥωμαίους
3044 2806 3415 2879 ὑπάρχοντας,
3437 2806 3637 2862 ἔϐαλον

2054 2907 2136 2971 εἰς
2164 2904 2431 2975 φυλακήν.
2459 2920 2480 2957 1
2522 2899 2744 2972 Ἐπειδὴ
2774 2903 2884 2971 γάρ
2915 2895 3092 2968 εἶπεν,
3131 2918 3152 2959 1
3181 2900 3256 2953 Σὺ
3296 2896 3349 2953 εἰ
3370 2900 3401 2952 6
3460 2896 3632 2967 Αἰγύ-

2057 3014 2273 3062 πτιοςς»
2303 2994 2506 3064 εὐθέως
2535 2992 2699 3049 αὐτὸν
2724 2992 2932 3063 ταύτης
2957 2993 3210 3063 ἀπήγαγε
3237 2992 3338 3061 τῆς
3369 2991 3631 3060 ὑποψίας.

2055 3084 2191 3145 Εἶτα
2251 3090 2340 3144 ἵνα
2371 3086 2447 3158 μὴ
2477 3085 2708 3158 νομισθῇ
2737 3085 2797 3139 τὸ
2827 3084 2980 3149 ἔθνος
3040 3083 3313 3150 Ἰουδαῖος,
3365 3083 3629 3156 προλέγει

2054 3185 2156 3255 τὴν
2204 3182 2524 3254 θρησκείαν.
2572 3180 2685 3235 Kal
2743 3178 2856 3250 769
2894 3176 3135 3250 ἀλλαχοῦ
3182 3177 3408 3249 ἔννομον
3439 3175 3634 3231 ἐαυτὸν

2053 3274 2151 3331 τοῦ
2175 3274 2384 3345 Κυρίου
2418 3272 2594 3327 καλεῖ.
2640 3271 2706 3327 Τί
2737 3271 2803 3343 δὴ
2854 3269 3012 3325 τοῦτό
3063 3271 3220 3337 ἐστι;
3252 3269 3319 3324 Τί
3347 3265 3442 3324 οῦν
3464 3286 3481 3335 ;
3507 3269 3625 3322 υύκ

2052 3367 2354 3439 ἠρνήσατο,
2388 3363 2465 3435 μὴ
2508 3363 2757 3433 γένοιτοί
2802 3360 3057 3426 Ἰουδαῖος
3095 3363 3207 3434 γὰρ
3234 3356 3303 3434 ἦν
3356 3361 3453 3414 καὶ
3492 3361 3632 3432 Χρι-

2054 3459 2294 3528 στιανὸς,
2321 3459 2425 3519 ὅσα
2444 3456 2573 3523 ἔδει,
2620 3455 2930 3528 φυλάττων,
2961 3456 3084 3510 ἐπεὶ
3117 3455 3210 3510 καὶ
3230 3454 3309 3527 τῷ
3334 3453 3463 3526 θείῳ
3483 3454 3635 3526 νόμῳ

2057 3553 2294 3625 μάλιστα
2323 3550 2545 3606 πάντων
2579 3549 2745 3614 αύτδς
2804 3549 3079 3615 ἐπείθετο,
3110 3548 3143 3602 6
3163 3547 3245 3619 τῷ
3286 3546 3513 3619 Χριστῷ
3540 3563 3635 3600 πι-

2053 3645 2280 3698 στεύων.
2305 3645 2415 3698 Kal
2454 3643 2722 3713 πρότερον
2751 3639 3153 3713 διαλεγόμενος,
3183 3640 3339 3710 φησί’
3378 3658 3405 3692 1
3435 3640 3635 3709 Ἦμεῖς

2052 3737 2214 3807 φύσει
2249 3735 2507 3790 Ἰουδαῖοι.
2537 3753 2558 3786 1

2123 3827 2268 3897 Ὅρα
2294 3825 2617 3887 κολλακείας
2646 3824 3073 3897 ἀπηλλαγμὼον
3094 3825 3186 3878 τδν
3219 3822 3400 3893 λόγον,
3436 3822 3531 3877 καὶ
3566 3823 3631 3877 τὸ

2048 3918 2306 3982 ἐπιεικῶς
2362 3917 2425 3989 ff.
2457 3916 2723 3990 ἐπιεικὲς]
2771 3916 2984 3987 ιχοντα.
3041 3916 3119 3971 06
3161 3916 3270 3988 769
3318 3913 3478 3976 εῖπε.
3527 3915 3631 3968 Δε-

2050 4016 2269 4079 σπόται,
2304 4012 2362 4083 ἢ.
2400 4014 2617 4083 Κύριοι,
2668 4010 2806 4077 ἀλλ’,
2874 4029 2895 4063 1
2927 4009 3191 4079 Ἀδελφοί,
3235 4029 3255 4063 1
3312 4009 3341 4062 6
3392 4008 3631 4080 μάλιστα

2049 4100 2303 4169 ἐπόθουν,
2340 4120 2361 4155 1
2412 4102 2508 4156 καὶ
2556 4101 2819 4171 πατέρες.
2890 4119 2909 4153 1
2970 4099 3144 4156 Τοῦτο
3187 4102 3396 4173 τιμῆς,
3453 4101 3631 4154 ἐκεῖνο

2048 4191 2424 4263 γνησιότητος.
2488 4207 2508 4243 1
2532 4192 2647 4244 Οὐκ
2705 4190 2988 4259 ἀλλότριος
3029 4191 3186 4262 ὑμῶν
3208 4190 3323 4260 ἐγὼ
3343 4232 3358 4257 ,
3381 4211 3400 4244 1
3442 4191 3629 4262 φησίν.

2059 4284 2223 4354 Ὁρᾷς
2250 4283 2366 4346 πῶς
2400 4282 2597 4346 αὐτοὺς
2628 4274 2739 4336 εἷλε
2765 4282 2827 4336 τὸ
2854 4284 3173 4353 όμόφωνον;
3200 4280 3356 4355 Εἶχον
3378 4284 3449 4353 γά
3458 4300 3488 4354 ρ
3509 4299 3633 4339 τινα

2047 4375 2182 4430 αἰδὼ
2212 4375 2348 4445 πρὸς
2370 4374 2473 4445 τὴν
2502 4374 2748 4443 γλῶτταν
2778 4375 3015 4445 ἐκείνην.

2118 4466 2262 4537 Ὅρα
2295 4465 2415 4530 πῶς
2466 4466 2815 4538 προοδοποιεῖ
2839 4464 2919 4536 τῷ
2969 4465 3116 4537 λόγῳ
3135 4480 3151 4496 ο
3184 4463 3360 4525 οὕτως
3391 4466 3632 4537 ἀρχόμε-

1972 4557 2021 4616 υ
2047 4575 2158 4624 νος,
2197 4577 2216 4611 1
2240 4558 2372 4630 Εἰμὶ
2397 4556 2529 4628 ἐγὼ,
2564 4558 2753 4628 φησὶν,
2810 4558 2952 4628 ἀνὴρ
3010 4556 3281 4625 Ἰουδαῖος,
3310 4575 3331 4611 1
3363 4557 3392 4611 6
3428 4559 3631 4622 πάντες

2046 4650 2280 4706 ἀκοῦσαι
2333 4649 2534 4721 μᾶλλον
2579 4648 2894 4719 ⁴ήϐούλοντο.
2950 4667 2969 4700 ι
3003 4649 3514 4721 Ἀνατεθραμμένος
3570 4649 3628 4704 δέ

2044 4743 2107 4796 ἐν
2124 4745 2191 4814 τῇ
2243 4743 2398 4797 πόλει
2451 4741 2649 4814 ταύτῃ.
2676 4760 2695 4793 1
2764 4739 2880 4812 Τήν
2922 4739 3127 4812 πολλὴν
3166 4741 3334 4796 αὐτοῦ
3385 4741 3628 4796 δείκνυσι

2045 4835 2283 4907 σπουδὴν
2335 4835 2438 4907 τὴν
2486 4835 2617 4906 περὶ
2670 4832 2772 4906 τὴν
2835 4832 3113 4908 λατρείαν,
3142 4835 3277 4889 ὅπου
3299 4852 3363 4905 γε
3396 4834 3494 4890 καί
3523 4853 3628 4888 πα-

2043 4928 2204 5000 τρίδα
2245 4926 2586 4999 τηλικαύτην
2639 4927 2802 4997 ἀφεὶς
2854 4926 3109 4982 τοσοῦτον
3157 4928 3504 4998 ἀφεστῶσαν,
3533 4931 3622 4982 ἐν-

2043 5018 2219 5074 ταῦθα
2271 5019 2448 5072 είλετο
2501 5019 2780 5090 τραφῆναι
2805 5017 2897 5073 διὰ
2938 5017 3032 5073 τὸν
3063 5020 3248 5090 νόμον.
3276 5018 3463 5075 Ταῦτα
3488 5021 3545 5079 δὲ
3565 5022 3630 5080 06

2046 5114 2185 5185 πρὸς
2226 5112 2473 5176 ἐκείνους
2514 5112 2957 5183 ἀπολογούμενος
3005 5112 3158 5187 λέγει
3224 5115 3389 5184 μόνον
3414 5154 3430 5181 ,
3489 5115 3628 5169 ἀλλά

2041 5206 2255 5268 δεικνὺς
2274 5207 2358 5260 ὅτι
2391 5204 2514 5278 θεία
2532 5205 2783 5275 δυνάμει,
2809 5206 3015 5260 καὶούκ
3049 5205 3380 5277 ἀνθρωπίνῳ
3410 5209 3625 5274 σκοτῖῷ,

2041 5293 2207 5370 ἦλθεν
2248 5297 2344 5351 ἐπὶ
2378 5296 2440 5352 τὸ
2490 5297 2782 5367 κήρυγμα.
2810 5296 2886 5351 οῦ
2934 5297 3045 5366 769
3079 5296 3146 5351 ἂν
3191 5297 3627 5369 πεπαιδευμένος

2045 5388 2266 5457 ἀθρῶον
2293 5386 2361 5460 [Ῑ.
2389 5386 2613 5460 ἀθρόον]
2633 5387 2894 5460 μετέστη.
2933 5389 3256 5460 Οῠχάπλῶς
3287 5386 3433 5458 εἰπε,
3473 5392 3627 5462 παρά

2042 5480 2350 5553 Γαμαλιήλ,
2401 5479 2561 5545 ἀλλά,
2601 5499 2621 5532 1
2649 5479 2809 5551 παρά
2854 5483 2983 5546 τοὺς
3018 5482 3210 5547 πόδας,
3238 5501 3257 5536 1
3294 5482 3393 5552 τὴν
3421 5499 3625 5553 καρτε-
3662 5518 3673 5525 -

2044 5572 2188 5644 ρίαν,
2202 5570 2302 5644 τὴν
2323 5571 2698 5643 προσεδρείαν,
2714 5570 3026 5644 τὴνπολλὴν
3046 5573 3180 5647 πρὸς
3204 5571 3296 5627 τδν
3310 5572 3476 5646 ἄνδρα
3492 5572 3627 5628 αἰόὼ

2039 5666 2277 5730 δεικνύς.

2115 5759 2238 5813 Ὅτι
2266 5756 2476 5813 ἀνωθεν
2504 5756 2740 5821 τοιοῦτος
2770 5751 2859 5830 ἦν,
2892 5758 2986 5814 καὶ
3013 5759 3112 5830 οὐχ
3154 5758 3343 5824 ἁπλῶς
3369 5759 3496 5814 ἰδὼν
3533 5759 3626 5813 τδν

2043 5850 2226 5924 νόμον.
2264 5849 2415 5905 Ἐπεὶ
2459 5848 2516 5904 δέ
2552 5848 2780 5922 μεγάλαῖ
2822 5847 3073 5923 ἐγκώμια
3113 5850 3242 5922 περὶ
3278 5844 3623 5922 αὐτο-»εἰπερ
