4120 6418
453 427 593 493 1119

1365 425 1940 487 THEOPHYLAC’I‘I
1986 422 2394 483 BULGARIﬁ
2462 419 2825 479 ABCHIEP.
3565 422 3707 480 11°20
3731 406 3743 423 '

458 541 710 597 κοινωνεῖ
726 540 816 592 τὸν
835 538 1014 607 λόγον,
1033 536 1281 604 ἐπάγωνο
1328 555 1347 587 ι
1372 538 1553 601 καθὼς
1573 538 1772 600 πάντες
1799 538 1956 605 ὑμεῖς
1973 552 1986 566 ’
2010 555 2029 588 ι
2066 540 2110 594 Λ
2140 534 2300 602 ζῆλος
2333 535 2520 596 πολὺς,
2547 533 2642 586 καὶ
2673 533 2723 584 οί
2752 532 3026 602 μάρτυρες
3051 530 3152 600 τῆς
3172 529 3426 601 ἀληθείας
3456 530 3550 584 τοῦ
3579 534 3702 604 Χριο

459 636 559 689 καὶ
581 633 850 688 δείκνυσιν
881 630 1079 692 αὐτοὺς
1117 630 1216 683 οὑκ
1241 628 1564 700 ἀνθρωπίνῳ
1598 628 1788 698 σκοπῷ
1817 628 2031 681 ποιοῦνν

455 741 576 788 τας,
600 722 735 777 ἀλλά
766 721 915 792 ζήλῳ
956 720 1109 790 θείῳ.

533 816 678 885 Ὅρα
712 813 912 874 πόσους
952 812 1146 878 ἐπάγει
1180 810 1486 880 μάρτυρας,
1522 809 1584 862 τὸ
1613 808 2035 881 πρεσϐυτέριον,

457 909 552 962 τὸν
603 905 885 976 ἀρχιερέα.
940 904 1065 965 τοὺς
1116 905 1174 954 ἐν
1213 905 1279 971 τῇ
1314 902 1501 954 πόλειο
1533 903 1568 970 ἡ
1616 904 1725 970 γὰρ
1771 901 2037 968 ἀπολογία

458 997 628 1051 αὑτοῦ
687 997 749 1049 οὑ
793 995 996 1056 δειλίας
1026 989 1115 1062 ἦν.
1143 992 1281 1047 ἀλλά
1302 992 1654 1055 διδασκαλίας
1697 994 1793 1046 καὶ
1827 994 2036 1061 καυχή-

462 1105 622 1151 σεως.
660 1088 755 1149 Τίς
785 1088 818 1155 ὴ
847 1085 1114 1153 διαφωνία
1150 1084 1260 1138 τῶν
1288 1087 1346 1138 ἐν
1386 1088 1508 1147 ταῖς
1554 1086 1793 1156 Πράξεσι
1840 1088 2040 1153 ἀναγε-

458 1161 799 1248 γραμμένων
847 1179 904 1230 ἐν
954 1179 1021 1247 τῇ
1056 1175 1198 1229 κατά
1245 1176 1337 1229 τὸν
1373 1176 1586 1230 Παῦλον
1629 1176 1902 1247 ὀπτασίας
1948 1178 2041 1231 Ἐν

460 1272 560 1338 μὲν
594 1268 700 1338 γὰρ
734 1271 801 1337 τῇ
832 1268 976 1320 κατά
1002 1266 1104 1336 τὴν
1140 1267 1258 1320 όδδν
1293 1266 1535 1337 ὀπτασίᾳ
1598 1269 1805 1337 ἱστορεῖ
1842 1267 1870 1318 6
1898 1269 2039 1322 Λου-

456 1363 561 1425 κᾶς
602 1362 732 1423 τοὺς
763 1361 881 1430 μετ’
907 1360 1071 1413 αὑτοῦ
1103 1358 1265 1421 ὄντας
1319 1358 1421 1426 τῆς
1450 1358 1633 1426 φωνῆς
1660 1358 1758 1427 μὲν
1785 1357 2039 1424 ἀκοῦσαι,

461 1455 667 1524 μηδένα
690 1453 749 1506 δέ
783 1452 1058 1523 θεωρῆσαι
1083 1468 1099 1482 ·
1127 1449 1363 1504 ἐνταῦθα
1388 1449 1445 1502 δέ
1477 1449 1624 1517 λέγει
1658 1448 1873 1502 ἐπὶτῶν
1905 1450 2041 1502 ἀνα-

459 1544 687 1613 ϐαθμῶν
710 1545 837 1607 τοὺς
874 1543 993 1612 μετ’
1021 1542 1189 1596 αὑτοῦ
1241 1542 1428 1606 ὄντας,
1459 1540 1522 1593 τὸ
1563 1541 1661 1610 μὲν
1694 1539 1808 1608 φῶς
1848 1541 2043 1594 τεθεᾶ-

462 1636 608 1699 σθαι,
633 1636 733 1703 τὴν
759 1636 815 1689 δέ
836 1634 1021 1704 φωνὴν
1053 1634 1147 1687 τοῦ
1173 1631 1461 1697 λαλοῦντος
1493 1635 1567 1705 μὴ
1598 1633 1850 1689 ἀκοῦσαι.
1886 1634 2043 1687 Κατά

466 1729 567 1793 μὲν
596 1726 694 1796 τὴν
724 1726 967 1794 ἱστορίαν
1010 1728 1039 1779 6
1071 1726 1460 1797 Χρυσόστομος
1493 1727 1635 1779 πάνυ
1663 1725 2044 1797 ἐπιστημόνως

463 1816 811 1887 ἑρμηνεύσας
851 1817 943 1869 τὸν
974 1817 1158 1882 τόπον,
1200 1817 1329 1886 ἔφη,
1373 1817 1454 1868 ὅτι
1489 1815 1679 1887 πρώτη
1717 1817 1978 1886 ἐξήγησις
2012 1818 2040 1887 ἡ

462 1908 724 1975 λέγουσα,
755 1910 867 1978 Τῆς
899 1909 1081 1978 φωνῆς
1104 1909 1304 1979 ἢκουον
1335 1909 1383 1960 οί
1415 1907 1686 1973 συνόντες,
1707 1910 1808 1976 τῆς
1829 1908 2045 1961 Παύλου

464 2000 672 2069 φωνῆς,
718 1999 889 2067 λέγει,
929 2017 948 2051 ι
979 1998 1102 2070 Τίςί
1128 1993 1201 2064 εἴ,
1249 1998 1458 2067 Κύριες
1493 2018 1512 2051 ι
1545 1998 1769 2053 ἀκούειν
1818 2000 2040 2065 αὐτοὺς,

462 2092 655 2146 οὐδένα
705 2091 764 2145 δέ
813 2092 1064 2156 ἔϐλεπον,
1113 2092 1165 2145 εἰ
1217 2094 1291 2162 μὴ
1332 2091 1564 2146 Παῦλον.
1604 2092 1668 2145 Ἦ
1719 2091 1778 2145 δὲ
1810 2092 2043 2162 δευτέρα

464 2180 723 2251 ἐξήγησις
763 2182 797 2250 ή
830 2181 1086 2249 λέγουσα,
1110 2181 1171 2234 τὸ
1200 2182 1301 2251 μὲν
1341 2181 1458 2249 φῶς
1504 2180 1820 2245 τεθεᾶσθαι,
1856 2181 1956 2252 τὴν
1985 2182 2043 2235 δέ

466 2277 651 2347 φωνὴν
692 2276 788 2329 τοῦ
840 2277 1130 2340 λαλοῦντος
1163 2279 1236 2348 μὴ
1285 2278 1603 2346 ἀκηκοέναι,
1635 2277 1838 2345 φωνῆς,
1870 2274 2043 2342 λέγει,

462 2370 560 2437 τῆς
627 2368 721 2422 τοῦ
786 2370 996 2439 Κυρίου
1053 2370 1191 2440 πρὸς
1236 2370 1329 2422 τὸν
1388 2368 1599 2423 Παῦλον
1645 2366 2043 2437 γεγενημένης,

467 2460 631 2531 μόνον
652 2461 709 2513 δὲ
745 2460 807 2513 τὸ
833 2460 952 2529 φῶς
977 2460 1292 2515 τεθεᾶσθαι.
1327 2459 1566 2513 Εἰκότως
1601 2458 1761 2511 τοῦτο
1793 2456 2004 2524 ἐγίνετο
2023 2473 2040 2489 ’

467 2552 632 2606 αὑτὸν
660 2553 771 2622 γὰρ
801 2551 910 2606 ἔδει
939 2553 1039 2622 τῆς
1064 2553 1248 2622 φωνῆς
1277 2552 1681 2622 καταξιωθῆναι
1713 2550 1872 2620 μόνον
1903 2551 2049 2605 ἐκεί-

465 2660 597 2714 νης⁸
637 2644 688 2696 εί
718 2643 817 2712 μὲν
846 2643 956 2713 γὰρ
993 2644 1237 2713 ἥκουσαν
1265 2643 1665 2708 κάκεῖνοι,ὀὺκ
1693 2643 1758 2697 ἂν
1789 2643 2044 2698 τοσοῦτον

465 2736 714 2801 ἐγένοντο
769 2734 1042 2805 βελτίους;
1080 2735 1299 2804 Ἐπειδὴ
1329 2735 1438 2807 γάρ
1477 2736 1526 2788 οἰ
1560 2734 1880 2805 παχύτεροι,
1923 2734 2044 2796 δψει

463 2826 744 2880 πείθονται
781 2827 1004 2896 μᾶλλον,
1041 2827 1102 2880 τὸ
1125 2826 1241 2895 φῶς
1263 2824 1404 2881 εἰδον
1433 2830 1653 2890 ἐκεῖνοι,
1689 2829 1785 2881 καὶ
1813 2827 2046 2899 ἔμφοϐοι

463 2917 745 2986 γίνονταιο
807 2918 904 2971 καὶ
965 2916 1076 2987 γὰρ
1133 2918 1423 2988 ἐπήρωσεν
1478 2917 1647 2972 αὐτοῦ
1708 2918 1809 2982 τάς
1869 2917 2042 2988 ὑψεις,

465 3007 741 3071 κάκείνοις
790 3008 992 3062 ἔδωκεν
1046 3008 1346 3078 ἀναϐλέψαι
1397 3010 1451 3062 εί
1491 3026 1555 3078 γε
1605 3010 1817 3080 ἤθελον.
1888 3011 2047 3080 Ἐμοί

462 3097 615 3153 δοκεῖ
640 3098 881 3162 ἐκείνους
913 3101 987 3169 μὴ
1014 3098 1301 3152 πιστεῦσαι
1329 3100 1709 3170 οίκονομικῶς,
1736 3102 1877 3155 ὥστε
1906 3097 2051 3155 εἶναι

469 3188 755 3259 μάρτυρας
790 3189 1161 3256 ἀξιοπίστους.

2137 624 2284 680 στοῦ.
2318 628 2433 679 Ούκ
2461 627 2752 695 ἠνέσχοντο
2777 623 2959 677 λοιπὸν
2990 624 3039 676 οἱ
3074 624 3315 676 Ἰουδαῖοι
3341 624 3520 695 πάσης
3549 626 3699 678 ἀκοῦι

2139 735 2229 771 σαι
2276 718 2376 786 τῆς
2427 717 2789 787 δημηγορίας,
2842 715 2958 768 ἀλλ’
2998 716 3103 768 ὑπὸ
3147 715 3241 769 τοῦ
3287 715 3461 787 θυμοῦ
3507 718 3706 789 σφόδρα

2137 808 2541 877 ἐμπλησθέντες
2599 807 3003 876 ἐϐλασφήμουν.
3055 808 3231 876 Ὅρα,
3288 807 3405 870 πῶς
3456 809 3569 861 ἀνω
3618 811 3708 862 καὶ

2141 898 2289 951 κάτω
2312 897 2693 969 διισχυρίζετο,
2724 899 2806 951 ὅτι
2837 897 2932 950 τοῦ
2956 897 3191 967 Χριστοῦ
3215 898 3408 966 γέγονε
3443 897 3711 969 μαθητὴς.

2138 990 2239 1043 οὑκ
2292 990 2581 1059 ἀνθρώπου
2631 989 3071 1059 μεσιτεύσαντος,
3120 988 3236 1041 ἀλλ’
3274 989 3438 1042 αὑτοῦ
3489 989 3555 1042 δι’
3586 992 3697 1043 ἐαυ-

2140 1084 2235 1136 τοῦ
2290 1083 2728 1149 καταξιώσαντος
2777 1081 3130 1151 ἀποκαλύψαι
3173 1080 3322 1150 αὑτῷ
3369 1080 3469 1151 τὴν
3516 1081 3713 1150 γνῶσιν

2142 1176 2343 1228 πᾶσαν.

2220 1265 2330 1319 Καὶ
2366 1264 2474 1336 μὴν
2498 1264 2630 1335 παρ’
2664 1264 2890 1318 ἐκείνων
2932 1264 3040 1318 ἔδει
3083 1265 3298 1335 μαθεῖν,
3336 1264 3392 1317 εἴ
3418 1282 3565 1329 τινος
3610 1267 3715 1319 τῶν

2143 1355 2448 1428 εἰρημένων
2477 1355 2824 1417 ἐπελάϐοντο,
2850 1355 2965 1408 ἀλλ’
2998 1356 3185 1419 ἁπλῶς
3216 1360 3282 1427 τῇ
3314 1356 3532 1429 ἐξουσίᾳ
3563 1361 3715 1429 χαρί-

2147 1449 2320 1512 ζεται,
2348 1447 2442 1500 καὶ
2477 1446 2706 1509 ἐκείνοις
2744 1446 2882 1519 πρὸς
2910 1448 3070 1518 χάριν
3116 1450 3275 1500 ποιεῖ.
3302 1450 3374 1501 Οὐ
3415 1448 3524 1520 γὰρ
3560 1449 3719 1502 τοῦτο

2144 1538 2328 1610 ἐζήτει
2356 1539 2495 1608 ὅπερ
2524 1539 2750 1601 δικαίως
2780 1555 2832 1593 τι
2886 1539 3169 1609 πράξειεν,
3211 1540 3329 1593 ἀλλ’
3366 1541 3517 1604 ὅπως
3570 1540 3716 1595 παύ-

2145 1645 2257 1682 σειε
2280 1629 2386 1682 τῶν
2408 1627 2472 1700 [Ῑ.
2490 1627 2605 1701 τὸν]
2642 1627 2870 1683 ἐκείνων
2906 1629 3078 1698 θυμὸν
3103 1629 3290 1683 ἄδικον
3319 1631 3469 1685 ὄντα.

2217 1722 2282 1774 Τί
2313 1721 2567 1792 δήποτεό
2612 1721 2912 1784 ἀπόστολος
2955 1722 3164 1784 Παῦλος
3206 1724 3478 1793 Ῥωμαῖον
3525 1724 3722 1778 ἑαυτὸν

2144 1812 2433 1876 ἀποκαλεῖ,
2467 1812 2561 1865 καὶ
2593 1812 2733 1883 πρὸς
2763 1812 2856 1866 τὸν
2882 1811 3159 1884 χιλίαρχον
3180 1813 3560 1883 διαλεγόμενος
3590 1816 3717 1885 ἔφη,

2072 1884 2119 1942 Β
2149 1907 2233 1958 ὅτι
2281 1923 2300 1957 ι
2357 1903 2499 1975 Ἐγὼ
2545 1904 2603 1957 δὲ
2658 1903 2755 1958 καὶ
2785 1903 3155 1974 γεγέννημαι;
3193 1923 3212 1956 ι
3247 1904 3591 1978 [ΜΑΞΙΜΟΥ
3628 1884 3722 1962 ΕΚ

2152 1995 2290 2049 ΤΩΝ
2327 1994 2515 2067 A.....]
2547 1997 2610 2049 Οί
2653 1995 2797 2049 κατὰ
2826 1996 3005 2048 πᾶσαν
3052 1992 3236 2067 χώραν
3276 1996 3353 2060 ὡς
3381 1998 3443 2067 δή
3494 2015 3546 2050 τι
3580 1998 3724 2067 μέγα

2152 2087 2215 2140 τὸ
2258 2088 2518 2157 Ῥωμαῖοι
2572 2087 2852 2140 καλεῖσθαι
2904 2089 3236 2160 ἐνομίζοντο,
3282 2090 3607 2160 παρέχοντες
3636 2090 3724 2143 δό-

2156 2196 2292 2244 σεις,
2322 2178 2704 2249 ἀπεγράφοντο
2747 2178 3005 2250 Ῥωμαῖοι
3033 2181 3126 2234 καὶ
3176 2180 3396 2251 ἔτρεχον
3426 2184 3506 2244 είς
3538 2181 3600 2234 τὸ
3629 2181 3726 2235 τοῦ

2153 2269 2346 2338 γένους
2378 2270 2569 2340 ὄνομα.
2609 2270 2830 2341 Ἐπειδὴ
2863 2270 2959 2325 οὖν
3006 2272 3102 2326 καὶ
3142 2273 3193 2325 οἱ
3217 2275 3393 2339 γονεῖς
3436 2273 3529 2326 τοῦ
3559 2274 3727 2327 Ἀπο-

2153 2362 2340 2417 στόλου
2359 2362 2510 2426 ὖντες
2540 2365 2596 2416 ἐν
2614 2362 2813 2434 Ταρσῷ
2838 2364 3238 2436 ἀπεγράφησαν
3260 2368 3338 2428 εἰς
3358 2365 3418 2418 τὸ
3442 2366 3728 2423 καλεῖσθαι

2167 2449 2451 2521 Ῥωμαῖοι,
2495 2452 2721 2516 εἰκότως
2750 2454 2778 2505 ό
2823 2452 3166 2520 Ἀπόστολος,
3197 2454 3273 2519 ὥς
3297 2453 3356 2520 ἐξ
3393 2455 3572 2509 αὑτῶν
3600 2473 3729 2524 γεν-

2155 2543 2360 2613 νηθεὶς,
2389 2544 2559 2611 λέγει,
2590 2543 2676 2598 ὅτι
2706 2561 2726 2596 ι
2770 2528 2912 2612 Ἐγὼ
2949 2545 3007 2599 δέ
3035 2547 3129 2600 καὶ
3160 2547 3519 2618 γεγέννημαι.
3551 2567 3569 2599 ι
3613 2549 3729 2602 Ούκ

2151 2635 2217 2688 ἂν
2247 2634 2513 2704 ἐψεύσατο
2536 2635 2768 2701 Παῦλος,
2794 2636 2868 2706 μὴ
2906 2638 3119 2705 γένοιτο
3141 2637 3161 2691 ἰ·
3194 2636 3571 2710 [ΙΩΔΝΝΟΥ.]
3598 2640 3730 2692 Ῥω-

2159 2729 2319 2797 μαῖος
2347 2729 2458 2798 γὰρ
2504 2723 2593 2798 ἦν,
2639 2730 2688 2780 εἰ
2720 2727 2819 2782 καὶ
2866 2730 3031 2800 μηδὲν
3060 2730 3249 2802 ἕτερον
3297 2731 3502 2786 ἔδεισεν
3548 2731 3615 2785 ἂν
3652 2730 3729 2803 μὴ

2158 2818 2271 2889 ἁλῷ
2321 2820 2418 2873 καὶ
2464 2820 2687 2889 μείζονα
2739 2820 2898 2891 δίκην
2927 2819 3025 2891 δῷ.
3080 2823 3150 2876 Ἦ
3191 2823 3288 2893 οὐχ
3321 2822 3508 2887 ἁπλῶς
3549 2824 3732 2892 ἀφῆκε

2155 2912 2358 2979 ταύτην
2385 2910 2484 2981 τὴν
2517 2910 2724 2979 φωνὴν,
2751 2909 2885 2963 ἀλλά
2909 2910 3154 2980 βασάνων
3182 2913 3373 2965 ἐαυτὸν
3406 2911 3732 2984 ἐξαιρούμε-

2158 3017 2268 3064 νος,
2299 3001 2395 3054 καὶ
2447 3000 2538 3053 τὸν
2570 3001 2806 3071 ἄρχοντα
2836 3000 3233 3071 δεδιττόμενος.
3260 3004 3373 3057 Καὶ⁵
3401 3003 3500 3074 οὑχ
3542 3004 3733 3069 ἁπλῶς

2157 3109 2346 3162 φησιν,
2374 3093 2512 3156 ἀλλ’,
2549 3111 2567 3144 ι
2606 3094 2669 3146 El
2691 3092 2902 3156 ἔξεστιν
2931 3093 3079 3163 ὑμῖν.
3113 3112 3132 3147 ι
3162 3093 3356 3149 Δύο-τά
3384 3093 3728 3165 ἐγκλήματα,

2075 3212 2117 3268 c
2158 3184 2339 3238 καὶτὸ
2363 3187 2491 3239 ἄνευ
2522 3185 2707 3253 λόγου,
2748 3187 2842 3239 καὶ
2868 3184 2930 3238 τὸ
2969 3184 3239 3256 Ῥωμαῖον
3269 3186 3420 3243 ὅντα.
3462 3187 3731 3258 Ῥωμαῖος

536 3278 735 3342 Καλῶς
777 3275 924 3343 εἶπε,
961 3300 980 3333 ι
1008 3281 1117 3335 τῶν
1174 3281 1447 3354 πατέρων,
1482 3302 1501 3336 ι
1551 3283 1639 3339 ἵνα
1671 3282 1818 3356 δείξῃ
1853 3285 2050 3349 αὐτοὺς
2151 3270 2240 3338 Et;
2290 3275 2347 3328 Ὀ
2368 3275 2426 3329 δὲ
2463 3275 2596 3347 ἔφη’
2626 3274 2736 3329 Ναί
2759 3292 2773 3306 ⁵
2796 3274 2952 3340 εἰδὼς
2981 3276 3063 3329 δτι
3101 3276 3183 3330 δεῖ
3210 3276 3405 3347 ἀρχαῖς
3442 3279 3539 3331 καὶ
3574 3278 3729 3343 ἔξου-

468 3370 574 3423 ούκ
619 3370 777 3433 ὄντας
806 3369 1125 3441 Ἰουδαίους,
1174 3372 1309 3428 ἀλλά
1370 3374 1686 3447 ἀλλοτρίους
1723 3375 1820 3429 τοῦ
1860 3375 2050 3445 νόμον,

472 3462 571 3515 καὶ
603 3462 1208 3533 οὐχὶ.ζη).οποιοῦντας.
1245 3484 1264 3517 ι
1300 3465 1529 3531 Γνῶναι,
1571 3467 1727 3537 φησι,
1753 3466 1815 3520 τὸ
1841 3467 2053 3538 θέλημα

468 3552 660 3615 αὐτοῦ.
694 3552 904 3608 Οὐκοῦν
941 3554 1103 3608 αὐτοῦ
1141 3556 1202 3608 τὸ
1253 3556 1463 3627 θέλημα
1506 3557 1685 3614 τοῦτο.
1729 3558 1895 3629 Ὅρα,
1934 3560 2053 3622 πῶς

471 3644 531 3696 ἐν
560 3643 711 3710 τάξει
736 3643 1041 3713 διηγήσεως
1062 3644 1380 3700 διδασκαλία
1416 3647 1565 3701 ἐστίν

555 3735 822 3790 Ἐνταῦθα
867 3736 1009 3807 μέγα
1050 3736 1389 3805 ἐφθέγξατο,
1425 3738 1616 3806 εἰπὼν,
1658 3757 1679 3791 ι
1718 3738 2052 3794 ἐπικαλεσά-

476 3843 639 3897 μενος
663 3826 724 3880 τὸ
767 3827 940 3897 ὄνομα
979 3827 1075 3881 τοῦ
1103 3828 1333 3900 Κυρίου,
1367 3846 1386 3880 ι
1420 3828 1694 3884 δείκνυσιν
1723 3830 1884 3885 αὑτὸν
1917 3831 2052 3884 Θεὸν

471 3919 635 3972 ὄνταο
669 3918 730 3974 οὐ
759 3917 870 3991 γὰρ
903 3918 982 3973 ἔνι
1009 3918 1197 3989 ἕτερον
1245 3918 1674 3975 ἐπικαλέσασθαι
1710 3937 1855 3987 τινα,
1893 3921 1942 3975 εί
1976 3921 2052 3993 μὴ

473 4008 568 4062 τὸν
599 4007 755 4062 Θεόν.

542 4097 687 4169 Ὅρα
721 4098 838 4163 πῶς
867 4097 1058 4153 ἐαυτὸν
1076 4098 1311 4154 είσωθεῖ.
1338 4094 1563 4166 τΗλθον,
1600 4102 1758 4169 φησί,
1791 4103 1928 4171 μετὰ
1954 4101 2056 4175 τὴν

422 4196 423 4199 “
471 4186 596 4257 ὄψιν
622 4187 840 4257 ἐκείνην
876 4188 957 4250 εἰς
989 4187 1368 4259 Ἰερουσαλήμ.
1406 4189 1574 4243 Πάλιν
1607 4191 1764 4245 τοῦτο
1800 4192 2052 4263 ἀμάρτυ-

478 4292 603 4348 ρον·
656 4278 774 4330 ἀλλ⁹
832 4278 976 4348 ὅρα,
1032 4276 1141 4332 ἀπὸ
1188 4279 1286 4349 τῆς
1343 4279 1623 4345 ἐκϐάσεως
1667 4282 1700 4352 ὴ
1757 4284 2050 4354 μαρτυρία.

475 4365 665 4434 Εἶπεν,
689 4369 769 4422 ὅτι
812 4387 832 4420 ι
859 4369 932 4423 Οὑ
975 4368 1216 4433 δέξονταί
1262 4388 1356 4424 σου
1395 4371 1495 4441 τὴν
1532 4375 1862 4443 μαρτυρίαν,
1903 4393 1922 4426 ›
1957 4377 2055 4428 καὶ

470 4462 573 4515 οὐκ
604 4460 871 4526 ἐδέξαντο.
901 4460 1014 4515 Καὶ
1058 4461 1186 4532 μὴν,
1226 4463 1411 4532 φησὶν,
1447 4463 1565 4532 εἴγε
1613 4464 1721 4519 ἀπὸ
1768 4465 2048 4535 λογισμῶν

2154 3366 2297 3431 σίαις
2345 3367 2762 3436 ὑποτάττεσθαι,
2812 3367 2908 3421 καὶ
2948 3368 3031 3422 ὅτι
3072 3372 3100 3423 ό
3157 3369 3445 3438 Ῥωμαίων
3479 3369 3736 3441 βασιλεὺς

2156 3459 2279 3512 κατ’
2306 3461 2482 3512 ἐκεῖνο
2523 3459 2720 3531 καιροῦ
2752 3460 2933 3529 πάσης
2962 3460 3061 3531 τῆς
3089 3463 3193 3531 γῆς
3229 3462 3470 3533 ἐκράτει.
3510 3462 3738 3531 Ὢμολό-

2156 3561 2325 3615 γησεν
2359 3546 2554 3600 ἐαυτὸν
2589 3546 2880 3617 Ῥωμαῖον,
2910 3547 2988 3617 μὴ
3033 3550 3427 3620 ἀποσειόμενος
3463 3550 3563 3622 τὴν
3604 3551 3739 3605 Ῥω·-

2157 3634 2362 3706 μαῖκὴν
2389 3636 2564 3706 ἀρχὴν
2590 3638 2683 3691 καὶ
2703 3638 3041 3706 δεσποτείαν,
3061 3641 3198 3713 ὅπερ
3219 3641 3269 3694 οἰ
3284 3640 3461 3695 λοιποὶ
3489 3643 3736 3698 Ἰουδαῖοι

2155 3728 2631 3797 φρεναπατοῦντες
2684 3728 3091 3804 [[.-τῶντες],
3149 3733 3249 3786 τὸν.
3295 3733 3394 3804 μὲν
3447 3734 3581 3788 Θεὸν
3605 3735 3734 3789 ἐαυ-

2153 3817 2262 3872 τῶν
2286 3821 2448 3888 μόνον
2477 3822 2665 3889 ἔλεγον
2701 3821 2950 3892 βασιλέα,
2977 3824 3039 3877 οὐ
3073 3824 3182 3895 μὴν
3215 3823 3527 3895 ἄνθρωπον,
3554 3826 3735 3896 ἔργοις

2154 3908 2210 3962 δέ
2226 3912 2430 3975 αὐτοῖς,
2450 3913 2525 3976 ὡς
2544 3913 2822 3979 ὑποτελεῖς
2841 3915 3075 3981 οἰκέται,
3090 3915 3259 3987 φόρον
3290 3915 3602 3983 ἐτέλουν,’τὸ
3633 3919 3735 3988 μὲν

2154 3999 2324 4070 ὄνομα
2343 4003 2690 4074 ἀρνούμενοι,
2716 4004 2897 4077 ἔργοις
2928 4006 2988 4059 δέ
3027 4005 3406 4076 ὑποκείμενοι.
3437 4005 3739 4078 Μονονουχὶ

2155 4092 2436 4164 καθαίρων
2467 4094 2534 4167 [Γ.
2563 4095 2875 4169 καθαιρῶν]
2903 4096 3072 4152 αὑτοῦ
3093 4097 3153 4151 τὸ
3180 4097 3439 4170 φρόνημα
3473 4103 3502 4152 ὁ
3524 4098 3738 4164 Παῦλος

2099 4210 2128 4236 ι.
2156 4184 2403 4252 φάσκων,
2428 4186 2510 4241 ὅτι
2558 4186 2633 4240 Σὺ
2661 4186 2761 4257 μὲν
2782 4187 3096 4257 πρόσφατον
3122 4187 3218 4242 καὶ
3240 4188 3349 4241 ἀπὸ
3374 4189 3469 4242 σοῦ
3490 4189 3739 4261 προϊέναι

2156 4274 2522 4343 ἀπαγγέλλεις
2555 4275 2616 4330 τὸ
2647 4276 2867 4348 ἀξίωμα
2887 4293 2902 4309 ·
2933 4278 3058 4349 ἐμοὶ
3087 4279 3145 4333 δὲ
3183 4280 3392 4335 ἀνωθεν
3426 4282 3739 4353 ἐρριζωμέ-

2156 4383 2269 4431 νον,
2305 4369 2371 4419 ἐκ
2405 4368 2611 4439 πατρὸς
2637 4369 3004 4440 ταττόμενον,
3040 4370 3139 4440 τῆς
3171 4373 3546 4455 προσηγορίας
3573 4373 3741 4445 ἐκλη-

2160 4458 2310 4528 ρὼθη
2346 4459 2406 4511 τὸ
2428 4461 2748 4531 προνόμιον.
2769 4461 2871 4515 Διά
2891 4478 2976 4516 τοι
3003 4463 3163 4516 τοῦτο
3189 4463 3430 4528 ἀκούσας
3463 4465 3738 4533 κάκεῖνος,

473 4554 582 4607 ἔδει
619 4552 779 4606 τοῦτο
819 4551 1165 4606 ὑποπτεῦσαι
1199 4552 1280 4606 ὅτι
1318 4553 1540 4616 πάντως
1590 4553 1855 4621 δέξονται.
1909 4555 2050 4625 Ἐγὼ
2084 4565 2131 4624 ο
2154 4553 2251 4605 καὶ
2281 4551 2602 4621 βεϐαιωθείς
2625 4555 2708 4607 ὅτι
2734 4555 3010 4624 Ῥωμαῖον
3032 4554 3164 4609 ὅντα
3190 4555 3415 4612 τύπτειν
3446 4558 3738 4627 ἐπιχειρεῖ,

473 4642 584 4713 γὰρ
612 4643 761 4714 ἥμην
790 4641 819 4694 6
866 4641 1121 4710 πολεμῶν
1160 4642 1509 4709 Χριστιανοῖς
1529 4659 1543 4673 ·
1570 4641 1709 4696 ὥστε
1742 4643 1831 4698 διὰ
1889 4645 2049 4698 τοῦτο
2153 4644 2235 4706 εἰς
2262 4643 2466 4698 δειλίαν
2492 4647 2583 4699 καὶ
2639 4645 2807 4714 φόϐον
2834 4646 2895 4698 τὸ
2937 4646 3138 4716 θράσος
3167 4647 3263 4700 καὶ
3295 4647 3391 4718 τὴν
3416 4647 3586 4719 ὀργὴν
3617 4650 3739 4702 δια-

472 4734 801 4796 ἐδειαύτοὺς
851 4733 1125 4799 δέξασθαι.
1170 4733 1439 4788 Ἐνταῦθα
1480 4734 1574 4788 δύο
1621 4737 2049 4799 κατασκευάζει,

472 4825 556 4885 ὅτι
604 4841 662 4876 τε
697 4824 1076 4893 ἀναπολόγητα
1124 4823 1309 4888 αὑτοῖς
1343 4809 1494 4877 ἐστιν
1533 4824 1615 4898 (ού
1648 4826 1757 4896 γὰρ
1812 4829 1954 4881 κατὰ
1991 4828 2053 4880 τὸ

475 4916 625 4980 είκδς
653 4916 818 4968 αὑτὸν
846 4915 1091 4979 ἐδίωκον,
1151 4915 1275 4970 οὑδέ
1332 4916 1473 4969 κατὰ
1510 4916 1816 4986 λογισμὸν),
1842 4918 1937 4971 καὶ
1970 4920 2057 4972 ὅτι

477 5008 611 5071 Θεὸς
660 5002 729 5078 ἦν
771 5008 800 5059 6
837 5009 1103 5077 Χριστός·
1146 5008 1216 5061 τά
1254 5009 1404 5080 παρᾶ
1455 5007 1780 5079 προσδοκίαν
1839 5027 2057 5080 προφη-

474 5101 672 5168 τεύων,
705 5103 796 5156 καὶ
827 5104 925 5173 οὑχ
958 5103 1101 5173 ὁρῶν
1141 5104 1221 5166 εἰς
1249 5103 1317 5157 τά
1345 5104 1628 5174 γινόμενα,
1660 5104 1798 5157 ἀλλά
1823 5105 1889 5158 τὰ
1929 5107 2056 5169 μέλα

475 5193 636 5247 λοντα
673 5195 956 5265 προειδώς.
991 5194 1091 5248 Διὰ
1130 5194 1184 5246 τί
1212 5190 1386 5257 εἶπεν,
1427 5196 1508 5248 ὅτι
1553 5214 1571 5246 ι
1602 5195 1767 5248 Αύτοί
1802 5196 2059 5249 ἐπίστανο

477 5301 588 5349 ται,
623 5284 705 5337 ὅτι
745 5284 856 5352 ἐγὼ
891 5285 1041 5355 ήμην
1087 5284 1402 5354 δεσμεύων;
1438 5304 1456 5337 ι
1500 5286 1634 5356 Οὐχὶ
1658 5287 1955 5357 ἀντιλέγων
1980 5287 2057 5356 τῷ

480 5375 721 5448 Χριστῷ,
758 5377 893 5430 ἀλλά
924 5377 1249 5447 βουλόμενος
1292 5378 1485 5447 μαθεῖν
1531 5377 1590 5431 τὺ
1636 5377 1780 5432 οὑτω
1817 5380 2059 5450 παράδος

480 5467 590 5532 ξον.
632 5467 777 5521 Ἀλλ’
810 5470 911 5521 οὑκ
948 5468 1228 5523 ἐδίδασκεν
1251 5469 1416 5523 αὑτὸν
1448 5473 1475 5522 ὁ
1503 5471 1762 5540 Χριστὸς,
1790 5471 1904 5524 ἀλλ’
1936 5470 2058 5525 εἷπε

484 5561 643 5632 μόνον
681 5561 957 5617 ἀπελθεῖν.

556 5649 659 5701 Τὸν
672 5648 944 5719 Στέφανον
974 5651 1287 5722 ὑπέμνησεν
1317 5653 1536 5717 αὐτοὺς,
1568 5654 1880 5723 μιαιφονίας
1896 5654 2060 5726 χαλε-

484 5740 613 5806 πῆς.
649 5742 783 5794 Τότε
825 5741 891 5811 δὴ
939 5743 1174 5814 μάλιστα
1224 5744 1324 5799 οὐκ
1360 5745 1637 5814 ῆνεγκαν,
1679 5745 1865 5815 ἐπειδὴ
1902 5745 2063 5799 τοῦτο

486 5833 716 5904 ἤλεγχεν
749 5833 951 5898 αὐτοῖς.
979 5836 1087 5889 Καὶ
1113 5835 1214 5907 ἤδη
1239 5836 1272 5907 ἡ
1296 5836 1601 5908 προφητεία
1627 5837 1952 5909 ἐπληροῦτο.
1994 5840 2057 5893 '0

2156 4733 2301 4786 λύων
2345 4735 2743 4791 συνεστέλλετο.
2805 4735 2984 4806 Τιμῆς
3023 4737 3132 4808 γὰρ
3184 4735 3462 4806 ἁπήλαϐον
3511 4735 3577 4808 [Ῑ.
3618 4739 3739 4791 ἀπ-

2157 4824 2381 4897 ήλαυον]
2428 4829 2552 4878 κατ’
2591 4828 2771 4881 ἐκεῖνο
2808 4827 3024 4896 καιροῦ,
3053 4828 3152 4897 οὑχ
3180 4827 3296 4881 ὅσοι
3333 4827 3600 4895 ἰθαγενεῖς
3637 4828 3739 4898 τῆς

2171 4915 2394 4986 Ῥώμης
2433 4917 2755 4988 ἐτύγχανον,
2799 4917 2938 4973 ἀλλά
2985 4920 3077 4972 καί
3103 4920 3249 4981 ὅσοις
3278 4919 3459 4982 αὐτοῖς
3483 4920 3514 4990 ἡ
3544 4918 3737 4988 κλῆσις

2160 5009 2313 5079 νόμῳ
2336 5010 2574 5079 χαρίτων
2598 5009 2631 5080 ἢ
2667 5009 2988 5081 χρημάτων,
3016 5010 3380 5065 ἐπολιτεύετο.

2237 5100 2516 5164 Τουτέστι,
2547 5101 2642 5153 καὶ
2665 5100 2882 5155 σύνοιδα
2902 5100 3147 5170 ἐμαυτῷ.
3166 5101 3231 5154 Τί
3252 5098 3533 5170 ἠδικηκὼς
3556 5101 3699 5172 ὑμᾶς
3717 5118 3734 5168 ;

2163 5188 2300 5243 Οὑδέ
2341 5190 2492 5256 ἀξιον
2527 5191 2635 5243 τῶν
2689 5189 2906 5260 δεσμῶν
2958 5188 3185 5245 τούτων.
3229 5190 3390 5252 Τινές
3429 5206 3612 5268 φασιν,
3652 5191 3738 5245 δτι

2161 5280 2262 5333 οὑκ
2292 5280 2406 5350 ᾔδει
2429 5280 2512 5333 ὅτι
2542 5281 2691 5334 ἐστὶν
2717 5281 3032 5353 ἀρχιερεύς.

2238 5370 2304 5424 Τί
2352 5367 2475 5438 οῦν;
2527 5373 2876 5441 ἀπολογεῖται
2902 5372 2980 5436 ὡς
3026 5373 3361 5445 κατηγορίας
3412 5373 3601 5446 οὑσης,
3643 5375 3739 5429 καί

2164 5464 2361 5532 ἐπάγει
2385 5481 2399 5494 ·
2433 5484 2454 5516 ι
2480 5466 2544 5518 ’Ἀ
2555 5482 2753 5535 ρχοντα
2780 5464 2874 5518 τοῦ
2899 5465 3030 5518 λαοῦ
3051 5482 3147 5518 σου
3178 5466 3277 5518 οὑκ
3300 5468 3446 5536 ἐρεῖς
3467 5466 3684 5534 κακῶς;
3710 5486 3732 5519 ι

2166 5558 2214 5608 εί
2249 5558 2358 5627 γὰρ
2391 5557 2465 5625 μὴ
2494 5557 2677 5627 ἄρχων
2709 5552 2798 5628 ἦν,
2853 5555 3031 5620 ἄλλως
3065 5555 3253 5619 ἀπλῶς
3300 5555 3545 5625 ὑϐρίζειν
3590 5556 3734 5617 ἔδεις

2165 5650 2277 5702 Καὶ
2315 5650 2425 5720 γὰρ
2469 5649 2631 5712 αὑτός
2671 5665 2839 5716 φησιο
2881 5668 2898 5700 ι
2935 5647 3350 5718 Δοιδορούμενοι
3383 5644 3733 5715 εὐλογοῦμεν,

2164 5741 2488 5811 διωκόμενοι
2518 5741 2824 5809 ἀνεχόμεθα
2845 5755 2861 5770 ο
2896 5759 2915 5792 ι
2954 5738 3197 5793 ἐνταῦθα’
3219 5738 3528 5793 τούναντίον
3568 5740 3734 5801 ποιεῖ,

2166 5838 2261 5891 καί⁵
2302 5837 2365 5889 οὐ
2409 5836 2642 5905 λοιδορεῖ
2671 5835 2856 5906 μόνον,
2896 5831 3034 5888 ἀλλὰ
3059 5835 3153 5890 καὶ
3192 5834 3486 5907 ἐπαρᾶται.
3515 5830 3734 5903 Παῤῥηι
