4120 6424
421 409 558 476 1121

1245 415 1791 476 EXPOSITIONIS
1828 417 1909 476 ΙΝ
1943 417 2132 477 ACTA
2177 418 2482 479 TEXTUS
2513 420 2868 481 TERTIUS.

3556 423 3697 491 1122

417 530 543 591 σίας
576 526 774 597 μᾶλλόν
817 528 934 580 ἐστι
969 530 1038 583 τὰ
1067 531 1317 599 ῥήματα,
1356 531 1390 600 ἧ
1425 530 1602 600 θυμοῦ
1640 547 1656 562 ο
1687 532 1790 584 οὐκ
1847 530 2006 584 ἐϐού-
2033 545 2080 599 Α
2112 534 2349 602 φανῆναι
2401 534 2563 588 πάλιν
2609 536 2836 606 ἀφίησιν
2893 535 3058 589 αὑτὸν
3107 536 3468 611 ἀνθρωπίνως
3515 544 3698 614 σωθῆ-

417 620 544 674 λετο
569 621 1052 690 εὐκαταφρόνητος
1098 622 1336 691 φανῆναι
1369 622 1448 691 τῷ
1474 623 1760 692 χιλιάρχῳ.
1800 624 1862 676 Εἰ
1895 623 2006 692 γὰρ

419 714 583 776 αὐτὸς
610 715 711 783 μὲν
745 713 1001 782 ἐφείσατο
1043 713 1320 782 μαστίξαι,
1354 713 1430 777 ὡς
1475 713 1539 784 δὴ
1578 717 1690 776 τοῖς
1733 713 2008 777 Ἰουδαίοις

420 805 726 858 ἐκδίδοσθαι
755 805 1040 872 μέλλοντα,
1063 806 1122 858 16
1149 806 1255 859 ὑπὸ
1286 806 1396 859 τῶν
1417 807 1646 859 οἰκετῶν
1700 806 2011 862 τύπτεσθαι

423 898 626 966 μᾶλλον
684 897 748 949 ἂν
785 900 992 950 ἐκεῖνον
1037 897 1375 970 θρασύτερον
1417 900 1731 970 είργάσατο.
1765 900 1841 952 Ού
1873 899 2010 968 πρὸς

419 990 510 1041 τὸν
545 989 710 1040 παῖδα
741 987 802 1061 δὲ
823 987 1169 1052 διατείνεται,
1210 989 1350 1042 ἀλλά
1384 991 1522 1059 πρὸς
1553 990 1717 1044 αὐτὸν
1751 991 1842 1044 τὸν
1879 993 2007 1043 ἐπι-

419 1082 682 1146 τάξαντα.
727 1081 798 1132 Τὸ
831 1081 908 1145 δὲ,
959 1100 977 1132 1
1013 1082 1172 1150 Τοῖχε
1214 1084 1599 1151 κεκονιαμένε,
1635 1084 1732 1136 καὶ⁵
1769 1085 1832 1137 σὺ
1865 1085 2012 1156 κάθῃ

420 1172 625 1238 κρίνων
665 1188 731 1241 με
779 1171 923 1224 κατά
967 1171 1059 1226 τὸν
1091 1173 1276 1242 νόμον,
1316 1193 1334 1225 1
1380 1175 1504 1227 ἀντὶ
1549 1175 1668 1238 τοῦ,
1708 1175 2012 1237 ὑπεύθυνος

419 1260 515 1322 ὢν,
575 1260 777 1314 ὡσανεὶ
844 1261 1000 1327 ἐλεγε
1031 1302 1046 1326 ,
1106 1264 1203 1315 κα)⁹
1255 1265 1467 1333 μυρίων
1528 1265 1774 1318 θανάτων
1835 1266 2010 1332 ἄξιος.

423 1353 720 1425 [ΑΛΛΩΣ]
757 1354 972 1424 Σφόδρα
1017 1357 1276 1426 πείθομαι
1321 1357 1485 1410 αὑτὸν
1534 1357 1609 1427 μὴ
1657 1358 1892 1421 εἰδέναι,
1928 1358 2009 1410 ὅτι

427 1446 724 1516 ἀρχιερεύς
792 1449 951 1512 ἐστι,
1009 1448 1099 1502 διὰ
1178 1448 1392 1518 μακροῦ
1457 1449 1557 1518 μὲν
1622 1448 2011 1511 ἐπανελθόντος

423 1525 662 1610 [fu-10]
727 1539 958 1609 χρόνου,
1020 1541 1094 1610 μὴ
1158 1541 1551 1610 συγγινομένου
1613 1540 1693 1612 [Ῑ.
1749 1541 2007 1608 συγγενό-

425 1629 624 1702 μενον]
679 1630 736 1682 δέ
782 1631 1096 1695 Ἰουδαίοις,
1146 1633 1362 1702 ὁρῶντα
1415 1634 1473 1686 δὲ
1535 1634 1700 1686 αὑτὸν
1749 1635 1804 1685 ἐν
1857 1633 2011 1704 μέσῳ

425 1721 565 1790 μετά
601 1722 812 1775 πολλῶν
843 1726 938 1776 καὶ
985 1723 1225 1793 ἐτέρων·
1254 1727 1356 1778 οὐκ
1400 1728 1480 1777 ἐτι
1531 1727 1639 1796 γὰρ
1672 1725 1830 1796 δῆλος
1883 1721 1952 1796 ἦν
1981 1726 2009 1777 6

421 1815 732 1884 ἀρχιερεὺς,
754 1814 965 1868 πολλῶν
985 1815 1154 1868 ὄντων
1177 1816 1269 1869 καὶ
1297 1817 1588 1888 διαφόρων.
1621 1819 1680 1869 Ὀ
1701 1817 1828 1885 γοῦν
1854 1816 2009 1884 ἅγιος

2113 642 2224 678 ναι.

2187 716 2352 786 Ὅρα,
2375 717 2596 787 σφοδροὶ
2623 717 2720 770 καὶ
2776 719 2995 787 μανικοὶ
3041 721 3170 790 περὶ
3199 722 3299 792 τὴν
3327 725 3548 789 κακίαν,
3599 727 3697 780 καὶ

2111 804 2526 874 τεσσαράκοντα
2573 805 2732 876 ὁμοῦ.
2777 807 3033 862 Τοιοῦτον
3063 810 3173 880 γὰρ
3224 812 3284 864 16
3333 813 3508 879 ἔθνος,
3565 817 3698 870 ὅταν

2116 895 2214 964 μὲν
2245 896 2433 966 ἁγαθῷ
2462 899 2834 969 συμφωνῆσαι
2858 901 2977 972 δέῃ,
3021 902 3142 956 οὐδὲ
3176 902 3272 956 δύο
3305 905 3656 975 συνέρχονται
3677 923 3690 939 ·

2115 986 2248 1040 ὅταν
2281 987 2336 1040 δὲ
2362 989 2457 1044 ἐπὶ
2480 990 2657 1059 κακῷ,
2685 991 2857 1063 δῆμος
2882 992 3202 1064 ὁλόκληρος,
3236 995 3330 1048 καὶ
3360 994 3696 1065 λαμϐάνουσι

2113 1081 2411 1143 κοινωνοὺς
2434 1083 2561 1146 τοὺς
2587 1082 2878 1152 ἄρχοντας.

2195 1183 2213 1215 ι
2255 1165 2585 1236 Ἀναθέματι
2627 1169 3030 1240 ἀνεθεμάτισαν
3072 1172 3321 1235 ἑαυτοὺς,
3361 1191 3380 1224 1
3414 1163 3694 1238 ἀντί’τοῦ,

2114 1255 2222 1321 ἔξω
2267 1253 2406 1312 εἶναι
2437 1261 2536 1328 τῆς
2562 1263 2703 1315 κατὰ
2729 1263 2864 1316 Θεδν
2894 1265 3131 1327 πίστεως
3156 1262 3308 1319 εἷπον
3345 1267 3595 1331 ἑαυτοὺς,
3645 1268 3695 1320 εί

2117 1351 2194 1422 μὴ
2221 1353 2508 1422 ποιήσειαν
2530 1354 2599 1408 τά
2629 1355 2876 1422 δόξαντα.
2913 1358 3084 1412 Τοῦτο
3113 1360 3212 1427 τῆς
3245 1358 3341 1413 τοῦ
3375 1359 3510 1413 Θεοῦ
3549 1361 3694 1413 οίκο-

2113 1445 2310 1515 νομίας
2347 1441 2439 1516 ἦν,
2464 1446 2525 1500 16
2558 1447 2633 1518 μὴ
2659 1449 2888 1503 συνιδεῖν
2918 1450 3115 1513 αὐτοὺς
3136 1453 3218 1505 ὅτι
3241 1453 3589 1505 ἀκούσονται.
3627 1453 3692 1505 Τί

2112 1537 2206 1590 οῦν
2230 1540 2258 1590 ὁ
2281 1538 2528 1606 Παῦλοςς
2551 1541 2666 1593 Ούκ
2687 1541 3026 1613 ἐθορυϐήθη,
3046 1543 3183 1596 ἀλλά
3215 1543 3454 1598 σύνοιδεν
3479 1543 3544 1615 if.
3570 1561 3693 1596 συν-

2111 1626 2302 1699 εῖδενι,
2339 1628 2421 1682 ὅτι
2475 1629 2613 1682 Θεοῦ
2645 1630 2806 1700 ἔργον
2836 1631 2955 1684 ἐστὶ
3002 1632 3182 1699 τοῦτο,
3214 1634 3310 1686 καὶ
3357 1634 3420 1687 16
3467 1635 3575 1686 πᾶν
3605 1633 3696 1687 ἐπ’

2112 1719 2277 1774 αὑτὸν
2311 1721 2532 1789 ἀφίησι.

2186 1810 2357 1864 Τοῦτο
2390 1813 2492 1866 ούκ
2519 1812 2733 1883 ἐγλημα
2757 1814 2853 1867 τοῦ
2887 1815 3124 1878 Παύλου,
3160 1816 3275 1871 ἀλλ’
3307 1817 3564 1875 ἀσθένεια
3598 1822 3696 1892 μὲν

423 1906 638 1968 Παῦλος
684 1905 970 1974 βουληθεὶς
999 1906 1198 1975 δεῖξαι,
1241 1909 1323 1961 ὅτι
1355 1909 1434 1962 δεῖ
1480 1908 1571 1961 καὶ
1601 1908 1770 1978 θυμὸν
1803 1908 2008 1960 δίκαιον
2035 1897 2085 1956 Β
2113 1902 2212 1972 τῆς
2245 1903 2480 1970 φύσεως,
2517 1905 2795 1974 ἐγκώμιον
2816 1907 2872 1958 δὲ
2911 1910 3010 1976 τῆς
3045 1910 3444 1979 προαιρέσεως.

423 1997 820 2069 περιστέλλειν,
853 2002 949 2052 καὶ
994 1999 1374 2070 ἀγανάκτησιν
1423 2000 1637 2053 δικαίαν
1684 1999 2003 2065 καλύπτειν,

422 2089 612 2160 ῶσπερ
646 2089 1045 2160 μεταμεληθεὶς
1080 2091 1266 2159 λέγει’
1304 2109 1323 2143 ι
1355 2093 1468 2144 Ούκ
1507 2093 1624 2162 ᾔδει
1657 2091 1721 2164 [Ῐ.
1754 2089 1951 2162 ᾔδειν],
1983 2109 2001 2140 1

423 2180 521 2233 καὶ
552 2179 622 2233 τὰ
677 2179 822 2251 ἐξῆς.
866 2181 980 2232 Ούκ
1029 2181 1176 2252 ᾔδεις
1222 2181 1306 2234 ὅτι
1335 2181 1628 2253 ἀρχιερεύς
1674 2185 1830 2247 ἐστι;
1885 2180 2008 2243 Πῶς

420 2265 516 2324 οὖν
572 2272 792 2341 ἔλεγες·
852 2293 870 2323 ι
905 2271 1016 2324 Καὶ
1046 2273 1110 2324 σὺ
1162 2271 1304 2343 κάθῃ
1355 2275 1560 2342 κρίνων
1619 2291 1686 2344 με
1722 2273 1864 2327 κατά
1915 2271 2007 2326 τὸν

421 2365 624 2432 νόμον;
667 2381 686 2416 1
730 2363 892 2416 ’Λλλά
939 2367 1320 2434 προσποιεῖται
1366 2365 1592 2434 ἄγνοιαν
1623 2367 1707 2432 ού,
1737 2367 2007 2436 βλάπτου-

425 2473 548 2521 σαν,
579 2457 696 2510 ἀλλ*
751 2459 1162 2528 οἰκονομοῦσαν.
1224 2459 1538 2528 Ἐστι’γὰρ
1591 2462 2007 2533 μεταχειρισμῷ

421 2549 731 2620 χρήσασθαι
769 2550 1006 2619 κρείττω
1040 2550 1377 2622 παρρησίας.
1414 2550 1682 2611 Πολλάκις
1708 2551 1764 2604 δέ
1789 2555 2007 2623 παρρη-

425 2640 519 2692 σία
545 2641 746 2710 ἐϐλαψε
777 2641 877 2711 τήν
907 2641 1192 2712 ἀλήθειαν,
1223 2641 1646 2713 μεταχειρισμδς
1671 2643 1727 2696 δέ
1752 2642 2006 2713 εύκαιρος

422 2730 756 2801 κατώρθωσε
781 2733 842 2785 16
878 2733 1262 2803 προκείμενον.

493 2824 569 2876 Ού
608 2824 884 2892 πανταχοῦ
913 2825 1013 2893 τῆς
1046 2825 1270 2897 χάριτος
1303 2824 1590 2890 ἀπολαύει,
1623 2826 1719 2880 καὶ
1747 2827 1803 2880 ἐν
1828 2826 2004 2898 τούτῳ

423 2915 696 2986 ἐϐουλήθη
727 2916 912 2984 σχίσαι
942 2916 1004 2968 τὸ
1031 2916 1239 2986 πλῆθος
1268 2916 1329 2968 16
1367 2917 1557 2979 κακῶς
1586 2917 1846 2988 ὁμονοοῦν
1879 2920 2002 2972 κατ’

425 3006 616 3059 αὐτοῦ.
652 3005 762 3058 Καὶ
789 3005 850 3058 ού
877 3005 1132 3074 ψεύδεται
1174 3005 1410 3060 ἐνταῦθα
1432 3023 1447 3036 ·
1477 3007 1765 3078 Φαρισαῖος
1796 3009 1904 3079 γὰρ
1935 3004 2002 3080 ἦν

423 3099 491 3152 ἐκ
526 3098 830 3168 προγόνων.
868 3099 1088 3167 Ἐπειδὴ
1122 3100 1324 3152 ἐκεῖνοι
1365 3099 1465 3152 οὐκ
1495 3099 1778 3152 ἐϐούλοντο
1803 3102 1998 3165 εἰπεῖν,

422 3189 513 3243 διά
542 3192 594 3242 τί
636 3191 915 3260 κρίνουσιν
961 3191 1144 3252 αὐτὸν,
1195 3191 1567 3257 ἀναγκάζεται
1611 3190 1796 3243 λοιπὶν
1839 3190 2000 3252 αὐτὸς

425 3281 682 3349 ἐξειπεῖν,
713 3283 800 3336 διὰ
830 3283 882 3336 τί
921 3281 1343 3352 κατακρίνουσιν
1375 3282 1538 3335 αὐτόν
1560 3297 1575 3314 ·
1611 3282 1706 3335 καὶ
1754 3283 1861 3335 ἀπὸ
1903 3284 2000 3352 τῆς

424 3374 764 3444 κατηγορίας
818 3374 1000 3426 αὐτῶν
1056 3376 1153 3426 καὶ
1214 3372 1317 3442 τῆς
1372 3372 1626 3443 διαϐολῆς
1689 3374 2001 3443 συνίστησιν

425 3469 642 3520 ἐαυτὸν.
674 3467 788 3519 υύκ
828 3466 974 3518 ἴσασι
1008 3465 1358 3518 Σαδδουκαῖοι
1391 3465 1534 3534 τάχα
1569 3464 1692 3517 ούδέ
1723 3466 1816 3517 τὸν
1845 3466 1998 3529 Θεὸν,

426 3563 621 3630 παχεῖς
663 3577 805 3623 τινες
834 3559 1009 3622 ὄντες,
1061 3558 1185 3613 ὅθεν
1217 3557 1340 3610 ούδέ
1379 3558 1676 3612 ἀνάστασιν
1721 3557 2004 3612 ἐϐούλοντο

424 3651 730 3705 πιστεύειν.

499 3743 608 3796 Καὶ
667 3743 774 3812 μὴν
817 3741 944 3813 τρία
981 3743 1135 3795 ἐστί·
1172 3743 1292 3806 πῶς
1332 3743 1425 3797 οῦν
1471 3742 1626 3811 λέγει
1677 3741 2000 3812 ἀμφότερα;

425 3836 654 3906 Πνεῦμα
692 3835 788 3890 καὶ
835 3835 1092 3903 ἄγγελος,
1143 3835 1204 3887 ἐν
1245 3852 1428 3904 φησιν.
1457 3834 1590 3886 Ὅτε
1647 3833 1766 3903 μετ’
1819 3833 2002 3888 αὐτῶν

425 3923 580 3992 ἔστη,
617 3923 738 3976 τότε
803 3923 1198 3990 ἀπολογοῦνται
1239 3923 1380 3995 ὑπὲρ
1414 3922 1602 3979 αὑτοῦ.
1653 3925 1718 3978 Ἢ
1769 3926 1916 3992 λέξις
1965 3927 2000 3997 ἡ

424 4015 681 4082 λέγουσα,
743 4034 762 4066 ι
806 4015 1112 4087 ἀμφότερα,
1147 4032 1166 4067 1
1220 4018 1282 4070 οὐ
1318 4018 1479 4087 μόνον
1530 4018 1660 4087 περὶ
1694 4017 1788 4070 δύο
1827 4017 2000 4085 λέγει,

424 4107 561 4177 ὅπερ
593 4107 797 4174 κυρίως
827 4106 978 4174 δηλοῖ
1031 4108 1340 4178 ἀμφότερα,
1371 4109 1509 4162 ἀλλά
1533 4109 1628 4162 καὶ
1658 4108 1787 4179 περὶ
1813 4109 1998 4180 τριῶν.

425 4199 592 4251 Ὥστε
619 4197 711 4254 οῦν
741 4200 800 4252 ού
837 4201 918 4253 δεῖ
948 4202 1014 4254 ἐκ
1041 4200 1140 4270 τῆς
1173 4200 1372 4265 ἔξωθεν
1399 4201 1790 4272 ἀκριϐολέκτου
1821 4203 2004 4273 κυριό-

425 4306 590 4358 τητος
652 4290 860 4362 κρίνειν
919 4290 1021 4354 τὰς
1077 4290 1187 4344 τῶν
1239 4290 1427 4346 ἁπλῶν
1473 4293 1570 4346 καὶ
1618 4295 2001 4366 ἀγραμμάτων

427 4383 622 4437 ἀλιέων
653 4382 998 4455 συγγραφάς.
1022 4383 1125 4438 Ἐκ
1171 4381 1378 4436 τούτων
1425 4383 1534 4453 γὰρ
1570 4385 1740 4448 πᾶσα,
1795 4385 1870 4448 ὡς
1923 4387 1997 4437 εί-

417 4477 571 4541 ,πεῖν,
604 4475 815 4544 αἵρεσις
856 4475 1134 4541 γεννᾶται,
1169 4473 1310 4527 κατὰ
1342 4474 1685 4544 κυριολεξίαν
1717 4475 1808 4528 ἐπί
1837 4493 2000 4528 τινων

2195 1996 2537 2066 ’ῼκονομήθη
2593 1997 2778 2056 τοῦτο,
2832 1997 2974 2051 ὥστε
3039 2001 3294 2053 κάκεῖνον
3348 2003 3694 2072 καταμαθεῖν

2109 2087 2291 2140 αὐτῶν
2319 2088 2418 2158 τὴν
2450 2087 2666 2155 βουλήν.
2690 2090 2766 2141 Ού
2788 2088 2896 2160 γὰρ
2925 2092 2989 2144 ἐκ
3012 2092 3106 2144 τοῦ
3133 2093 3297 2162 μηδὲν
3326 2094 3472 2162 ἔχειν
3494 2096 3691 2160 εἰπεῖν,

2107 2177 2244 2231 ἀλλά
2281 2181 2376 2232 καὶ
2427 2181 2492 2232 ἐκ
2543 2181 2636 2233 τοῦ
2667 2181 2847 2252 λάθρα
2901 2184 3204 2252 ἐπιχειρεῖν
3255 2185 3486 2248 ἐαυτοὺς
3523 2187 3694 2256 μηδὲν

2109 2268 2282 2333 ὄντες.
2333 2271 2494 2334 Εἰκὸς
2533 2272 2590 2324 δέ
2646 2274 2740 2326 καὶ
2770 2273 2909 2342 μετά
2962 2275 3022 2326 16
3078 2275 3456 2344 ἀποσταλῆναι
3506 2279 3690 2343 αὐτὸν,

2109 2360 2432 2432 προσελθεῖν
2458 2362 2582 2424 τοὺς
2615 2365 2894 2434 ἀρχιερεῖς
2923 2365 3213 2428 αἰτοῦντας
3246 2368 3342 2420 καὶ
3367 2385 3694 2438 καταισχυν-

2118 2452 2316 2522 θῆναι·
2351 2453 2472 2506 ούδέ
2524 2455 2634 2524 γὰρ
2684 2455 2937 2510 ἐϐούλετο
2987 2457 3115 2510 οὔτε
3153 2459 3516 2529 ἀρνήσασθαι,
3564 2459 3690 2514 οὕτε

2108 2546 2416 2602 ἐπινεῦσαι.
2447 2547 2583 2601 Τότε
2633 2548 2690 2602 δὲ
2745 2550 3077 2604 ἐπίστευσαν
3126 2553 3190 2606 ἐκ
3234 2552 3340 2607 τῶν
3387 2554 3492 2624 ήδη
3540 2571 3694 2622 γενο-

2112 2639 2314 2708 μένων.

2179 2735 2464 2804 Πέμπεται
2499 2735 2686 2788 λοιπὸν
2712 2737 2770 2788 ἐν
2797 2736 3125 2806 Καισαρείᾳ,
3156 2737 3245 2790 ἵνα
3276 2739 3398 2790 ἐκεῖ
3432 2738 3689 2811 διαλεχθῇ

2107 2823 2200 2875 ἐπὶ
2231 2822 2480 2892 μείζονος
2516 2824 2744 2895 θεάτρου
2778 2826 2872 2878 καὶ
2921 2825 3312 2896 λαμπροτέρου
3357 2827 3453 2881 τοῦ
3477 2831 3691 2898 ἀκροασ

2105 2914 2317 2982 τηρίουο
2360 2914 2446 2967 ἵνα
2483 2914 2557 2984 μὴ
2613 2915 2778 2985 ἔχωσι
2809 2915 2989 2982 λέγειν
3036 2917 3086 2968 οἱ
3158 2916 3423 2980 Ἰουδαῖοι,
3488 2919 3570 2971 ὅτι
3625 2920 3690 2972 Ei

2105 3005 2320 3073 εἴδομεν
2353 3005 2586 3069 Παῦλον,
2615 3005 3017 3075 ἐπιστεύσαμεν
3050 3008 3136 3060 ἄν.
3175 3007 3316 3076 Ὅρα
3344 3007 3400 3060 δέ
3441 3009 3534 3062 καὶ
3568 3011 3693 3063 ἐπιιο

2105 3097 2300 3167 στολὴν
2323 3097 2616 3164 ἀπολογίας
2640 3096 2734 3168 [f.-
2768 3097 2920 3170 γίαν]
2951 3099 3182 3168 ἔχουσαν
3211 3100 3349 3169 ὑπὲρ
3377 3099 3564 3165 αὑτοῦ,
3595 3103 3690 3154 καὶ

2107 3187 2440 3257 κατηγορίαν
2500 3189 2622 3240 κατ’
2672 3187 2917 3240 ἐκείνων.
2968 3187 3280 3246 Δεξιολάϐοι
3333 3188 3584 3256 λέγονται
3637 3191 3687 3243 οί

2105 3278 2523 3348 παραφύλακες.

2178 3367 2322 3437 Ὀρα
2356 3369 2474 3432 πῶς
2511 3369 2600 3422 διὰ
2632 3370 2732 3440 τῆς
2757 3369 2942 3438 ψήφου
2988 3370 3098 3422 τῶν
3135 3370 3242 3435 ἔξω
3271 3371 3446 3436 ἀθῶος
3477 3372 3689 3440 γίνεται

2102 3458 2132 3512 6
2161 3459 2411 3524 Παῦλος,
2446 3461 2522 3522 ὡς
2577 3462 2670 3513 καὶ
2693 3464 2720 3514 6
2759 3461 2994 3530 Χριστὸς
3045 3463 3198 3532 παρά
3246 3463 3503 3518 Πιλάτου.
3538 3465 3686 3534 Παρ-

2103 3551 2314 3606 ἐδωκαν
2351 3553 2514 3606 αὐτὸν
2545 3553 2736 3623 ῶσπερ
2785 3555 2998 3606 ἀνελεῖν
3029 3557 3122 3608 καὶ
3162 3556 3551 3610 καταδικᾶσαι·
3590 3557 3682 3626 γί-

2104 3660 2257 3697 νεται
2302 3643 2358 3696 δέ
2411 3644 2745 3706 τούναντίον,
2782 3645 2876 3696 καὶ
2931 3645 3188 3710 σώζεται.
3242 3648 3354 3702 Καὶ
3407 3649 3469 3701 ού
3523 3652 3686 3720 μόνον

2103 3735 2268 3789 αὑτὸν
2301 3736 2512 3800 ἐκεῖνος·
2542 3735 2642 3806 τῆς
2685 3737 2864 3808 ὁρμῆς
2915 3739 3158 3808 ἐξαίρει,
3198 3739 3336 3793 ἀλλά
3382 3741 3477 3793 καὶ
3518 3741 3688 3809 ἄλλης

2105 3827 2330 3898 πολλῆς,
2374 3831 2470 3882 καὶ
2498 3829 2786 3897 ὑπηρέτης
2817 3830 2998 3891 αὐτοῖς
3030 3831 3262 3894 γίνεται,
3292 3829 3432 3884 ὥστε
3464 3832 3689 3884 ἀκινδύ-

2103 3937 2209 3984 νως
2237 3921 2573 3991 διασωθῆναι
2617 3921 2758 3990 μετά
2781 3920 3051 3990 τοσαύτης
3101 3924 3487 3992 παρατάξεως.
3531 3926 3687 3978 Ἐπεὶ

2103 4006 2197 4064 οῦν
2231 4012 2333 4081 τῆς
2360 4012 2567 4075 πόλεως
2617 4013 2778 4066 αὑτὸν
2827 4013 3101 4078 ἐξέϐαλον,
3157 4013 3280 4068 τότε
3317 4016 3685 4084 ἀφίστανται,

2104 4103 2198 4156 καὶ
2218 4105 2318 4156 οὐκ
2350 4103 2416 4157 ἂν
2446 4106 2585 4174 μετά
2613 4104 2884 4175 τοσαύτης
2912 4105 3075 4158 αὑτὸν
3110 4106 3413 4171 ἀσφαλείας
3451 4107 3688 4178 ἐξέπεμο

2101 4195 2224 4263 ψεν,
2261 4197 2309 4248 εί
2345 4195 2420 4267 μὴ
2459 4197 2554 4249 καὶ
2583 4197 2742 4260 αὐτὸς
2793 4197 2983 4268 ἔτυχεν
3033 4199 3184 4252 οὐδὲν
3219 4199 3382 4252 αὐτοῦ
3407 4215 3685 4269 κατεγνω-

2103 4285 2234 4352 κὼς,
2265 4289 2361 4340 καὶ
2389 4289 2616 4341 ἐκείνων
2657 4288 2775 4359 ᾔδει
2805 4289 2864 4341 16
2902 4291 3150 4358 φονικόν.

2175 4380 2539 4449 Σημειωτὼν,
2573 4381 2653 4433 δτι
2677 4383 2733 4435 ἐν
2762 4383 3075 4452 Καισαρείᾳ
3108 4383 3228 4435 ἐστὶ
3256 4384 3316 4434 16
3345 4381 3684 4452 πραιτώριον

2113 4471 2379 4542 Ἡρώδου.
2424 4472 2780 4541 Ἐνεφάνισαν
2821 4473 2899 4542 τῷ
2927 4475 3186 4542 ήγεμόνι.
3230 4491 3250 4524 1
3287 4475 3478 4526 Λείπει
3518 4475 3680 4527 πάλιν

425 4566 601 4635 λόγων
648 4567 750 4629 τὰς
784 4565 1006 4636 Γραφάς
1056 4565 1539 4637 πολυπραγμονεῖν
1570 4565 1898 4637 ζητούντων.
1939 4567 1998 4618 Εἰ
2031 4568 2075 4622 Ὀ
2105 4563 2182 4633 τῷ
2229 4563 2378 4634 ῥητῷ
2420 4564 2557 4632 πρὸς
2596 4564 2774 4633 νόημα
2800 4565 2832 4633 ή
2858 4563 3030 4627 λέξις,
3065 4561 3207 4636 ίναῇ
3239 4563 3410 4626 οὓτως
3431 4581 3446 4595 ·
3473 4565 3686 4628 Οἳτινες

425 4659 483 4712 δέ
513 4659 729 4728 πνεῦμα
768 4659 1029 4728 ἐλάλησεν
1065 4658 1214 4728 αὐτῷ
1261 4658 1360 4729 τὴν
1398 4658 1649 4730 μηχανὴν
1678 4661 1773 4712 τοῦ
1816 4658 1998 4725 λόγου,

427 4751 514 4804 ἵνα
543 4751 759 4822 ἐκφύγῃ
778 4752 881 4820 τὴν
920 4751 1236 4820 ἐπιϐουλὴν,
1266 4751 1483 4821 ἄδηλον,
1508 4751 1692 4823 φησὶν,
1723 4751 1755 4820 ἢ
1788 4749 1864 4814 ὼς
1893 4751 2002 4802 ἀπὸ

424 4843 534 4895 τῶν
572 4843 886 4913 Φαρισαίων
928 4843 990 4896 τὸ
1045 4842 1197 4912 ῥῆμα
1243 4840 1490 4896 λεκτέον.
1523 4859 1542 4893 1
1587 4843 1652 4894 Εἰ
1695 4841 1752 4894 δὲ
1785 4840 2002 4910 πνεῦμα

425 4935 689 5004 ἐλάλησεν
707 4935 859 5003 αύτῷ
889 4934 922 5003 ἢ
954 4933 1212 5002 ἄγγελος,
1244 4952 1263 4986 1
1297 4934 1419 4987 ἀντὶ
1451 4932 1567 5000 τοῦ,
1600 4932 1754 4996 Ἰδοὺ,
1780 4933 1848 4987 τά
1873 4933 2002 5003 περὶ

427 5027 778 5090 ἀναστάσεως
827 5026 1006 5080 λαλῶν
1039 5025 1196 5095 δῆλός
1256 5026 1412 5093 ἐστι,
1455 5025 1490 5096 ἢ
1535 5025 1623 5079 διὰ
1685 5025 2002 5096 Πνεύματος

427 5121 607 5186 ἀγίου,
632 5120 665 5191 ἢ
693 5121 780 5174 διὰ
809 5119 1043 5188 ἀγγέλου
1065 5118 1396 5189 κατηχηθεὶς
1420 5119 1513 5171 16v
1533 5118 1632 5190 τῆς
1652 5118 2001 5182 ἀναστάσεως

428 5211 606 5278 λόγον.

498 5301 749 5354 Φοϐεἰται
768 5301 954 5354 λοιπὸν
985 5303 1012 5355 ὀ
1039 5301 1320 5372 χιλίαρχος
1353 5301 1428 5372 μὴ
1454 5301 1784 5373 διασπασθῇ,
1813 5300 2001 5371 ἐπειδὴ

429 5387 606 5455 εἶπεν,
646 5391 728 5445 ὅτι
774 5392 1044 5462 Ῥωμαῖός
1074 5395 1212 5458 ἐστι,
1246 5395 1339 5446 καὶ
1372 5393 1472 5446 οὐκ
1522 5393 1805 5446 ἀκίνδυνον
1837 5389 1906 5464 ἦν
1941 5393 2002 5445 16

430 5487 664 5555 πρᾶγμα
686 5500 700 5514 ·
727 5485 787 5536 16
819 5485 875 5536 δὲ
909 5483 1225 5553 στράτευμα
1258 5485 1495 5554 ἁρπάζει
1523 5486 1708 5552 αὑτὸν,
1745 5486 1820 5547 ὼς
1847 5485 1998 5550 ῐδιον,

429 5572 606 5644 οἶμαι.
644 5573 743 5626 Διά
767 5574 822 5625 τί
864 5574 920 5626 δὲ
947 5575 1078 5643 πρὶν
1109 5576 1142 5644 ἢ
1201 5577 1462 5645 ἐμπεσεῖν
1491 5578 1570 5638 είς
1598 5576 1689 5628 τὸν
1735 5576 1998 5638 κίνδυνον,

429 5666 533 5718 οὐκ
571 5665 744 5734 ἐφάνη
787 5664 973 5734 αὐτῴ;
1009 5665 1132 5718 ’Ὀτι
1175 5666 1261 5718 ἀεὶ
1295 5667 1353 5718 ἐν
1386 5667 1508 5730 ταῖς
1555 5664 1772 5734 θλίψεσι
1822 5681 2001 5734 παρας

431 5757 589 5810 καλεῖ
621 5755 650 5808 6
678 5755 829 5817 Θεός.
874 5753 1007 5807 Τότε
1041 5756 1150 5824 γάρ
1173 5756 1550 5825 ποθεινότερον
1601 5756 1870 5825 φαίνεται,
1907 5755 2000 5808 καὶ

431 5850 490 5904 ἐν
519 5848 635 5912 τοῖς
667 5845 946 5924 ’κινδύνοις
979 5847 1343 5916 ἐγγυμνάςων
1368 5848 1541 5918 ἡμᾶς.
1587 5847 1698 5902 Καὶ
1747 5847 1884 5918 μετά
1939 5847 2000 5898 16

2105 4656 2436 4724 ἐνεφάνισαν
2467 4655 2844 4708 διδασκαλικὸν
2898 4657 3107 4727 χάρτην
3141 4658 3280 4710 κατά
3313 4657 3406 4709 τοῦ
3446 4658 3681 4715 Παύλου.

2106 4747 2248 4817 Ὅρα
2280 4748 2395 4810 πῶς
2427 4750 2538 4810 τοῖς
2577 4748 2819 4812 ἐπαίνοις
2853 4748 3448 4818 προκαταλαμϐάνεται
3477 4748 3568 4801 τὸν
3607 4749 3685 4801 δι-

2105 4837 2315 4906 καστὴν
2367 4841 2432 4890 ἐκ
2485 4837 2810 4907 προοιμίων,
2876 4841 2972 4890 καὶ
3025 4838 3098 4900 ὡς
3154 4838 3546 4908 νεωτεροποιὸν
3587 4839 3684 4893 καὶ

2106 4929 2440 4998 στασιαστὴν
2491 4929 2743 4998 βούλεται
2803 4930 3176 5000 παραδοῦναιο
3235 4928 3353 4985 εἶτα
3387 4933 3462 4996 ὡς
3513 4933 3684 4987 πολλά

2103 5019 2242 5090 ἔχων
2285 5023 2461 5074 εἰπεῖν
2496 5023 2854 5092 παρέτρεχεν.
2904 5025 3068 5092 Ὅρα,
3107 5024 3224 5088 πῶς
3257 5027 3338 5088 είς
3380 5026 3682 5095 ἐπιθυμίαν

2104 5110 2380 5175 κολάσεως
2423 5111 2680 5181 ἐμϐάλλει
2713 5115 2805 5166 τὸν
2833 5113 3118 5186 δικαστὴν,
3177 5115 3292 5183 εἴγε
3346 5115 3536 5187 ἔμελλε
3583 5116 3680 5188 τὴν

2105 5205 2436 5274 οἰκουμένην
2461 5205 2840 5275 ἀνατρέποντα
2875 5207 3148 5274 καθέξειν.

2187 5313 2207 5346 1
2262 5294 2387 5357 Τοῖς
2430 5295 2575 5348 κατά
2629 5297 2730 5365 τὴν
2779 5298 3128 5366 οἰκουμένην,
3169 5299 3364 5366 φησὶν,
3408 5297 3681 5361 Ἰουδαίοις

2107 5384 2326 5446 στάσεις
2358 5383 2630 5438 κινοῦντα.
2658 5404 2677 5437 1
2726 5387 2798 5439 Τὸ
2827 5387 2936 5439 τῶν
2959 5388 3301 5458 Ναζωραίων
3338 5387 3513 5441 ἐδόκει
3555 5389 3682 5441 ἐπο⁴

2103 5477 2365 5530 νείδιστον
2413 5472 2575 5543 εῖναι,
2625 5477 2720 5530 καὶ
2774 5478 2882 5531 ἀπὸ
2937 5478 3133 5531 τούτου
3187 5479 3350 5531 πάλιν
3399 5477 3678 5532 διέϐαλλον

2102 5570 2287 5623 αὐτόν·
2320 5571 2353 5638 ἡ
2388 5570 2497 5637 γὰρ
2524 5569 2776 5638 Ναζαρὲτ
2817 5570 3041 5639 εὐτελὴς
3071 5565 3155 5640 ἦν.
3177 5569 3497 5640 Αίρετικοὺς
3528 5569 3680 5637 λέγει

2101 5663 2226 5724 τοὺς
2255 5659 2612 5728 Ναζωραίους
2640 5663 2668 5713 δ
2699 5661 2988 5732 Τέρτυλος,
3023 5662 3100 5724 ὡς
3129 5657 3270 5714 εἶναι
3328 5663 3421 5715 καὶ
3476 5661 3680 5731 ταύτην

2103 5754 2162 5805 ἐν
2217 5753 2490 5815 Ἰουδαίοις
2524 5754 2757 5822 αἵρεσιν,
2792 5752 2994 5822 μᾶλλον
3022 5753 3079 5806 δὲ
3114 5756 3142 5807 6
3187 5753 3457 5825 Τέρτυλος
3479 5752 3680 5824 Ἕλλην

2101 5839 2191 5913 ἦν,
2212 5843 2292 5898 διὸ
2318 5845 2414 5902 καὶ
2447 5847 2796 5918 ἐρητόρευεν,
2823 5846 2942 5916 ἦτοι
2972 5844 3293 5916 ἐδικολόγει.
