4120 6424
495 427 628 491 1123

1379 412 1961 480 THEOPHYLAC’I‘I
1998 410 2408 472 BULGARI/E
2451 410 2800 472 ARCHIEP.

3599 407 3734 471 “il

560 539 676 590 Οὐκ
705 534 820 588 ἔστι
852 532 1024 587 ταῦτα
1081 527 1370 592 κολακείας
1415 528 1485 580 τὰ
1523 528 1742 597 ῥήματα
1786 521 2065 594 μαρτυρῆ-
2090 525 2141 583 Α
2169 520 2360 592 ὑϐρισὲ
2403 537 2535 574 ποτε
2563 523 2592 574 6
2635 521 2866 586 Παῦλος,
2898 521 3103 591 καίπερ
3142 519 3296 584 εἰδὼς
3319 520 3412 573 καὶ
3445 518 3739 591 κηρύσσων

495 646 579 682 σαι
611 625 689 698 τῷ
721 625 949 694 δικαστῇ
979 620 1344 688 δικαιοσύνην,
1376 621 1558 671 ἐκεῖνα
1600 616 1657 670 δὲ
1689 614 1908 682 μᾶλλον·
1938 633 1954 664 ι
1987 615 2062 666 εί-

495 723 663 789 ρήνης
711 719 842 788 γὰρ,
897 715 1052 783 φησὶ,
1100 712 1461 782 τυγχάνοντες
1510 709 1599 762 διὰ.
1653 706 1770 761 σοῦ.
1815 724 1835 758 ε
1874 705 1942 758 Τί
1967 701 2064 759 οῦν

495 811 816 874 στασιάζετε
855 806 1090 871 ἀδίκως;
1141 797 1294 866 οὗτος
1339 801 1396 854 δὲ
1427 800 1486 852 τὸ
1522 799 1727 852 δίκαιον
1778 797 1954 867 ζητεῖ,
1979 798 2062 851 ὅτι

495 922 515 953 ε
556 907 620 954 ἐκ
679 898 891 952 πολλῶν
947 895 1105 950 ἐτῶν.
1144 913 1162 946 ›
1208 894 1319 946 Καὶ
1354 893 1406 944 τί
1456 889 1614 944 τοῦτο
1639 905 1656 955 ;
1685 889 1808 942 ’Ότι
1855 887 1955 941 οὑκ
1996 887 2064 940 ἂν

496 994 696 1054 εὐθέως
729 991 957 1050 ἐπιστὰς
1005 987 1195 1040 στάσιν
1235 983 1506 1054 ἐκίνησεν.
1554 979 1775 1049 Ἐπειδὴ
1820 979 1850 1032 6
1893 978 2062 1048 κατή-

498 1101 649 1154 rogo;
700 1081 855 1134 οὐδὲν
893 1075 1004 1148 εἶχε
1053 1076 1224 1141 δεῖξαι
1271 1077 1334 1129 ἐν
1395 1071 1794 1144 Ἰεροσολύμοις
1821 1108 1837 1133 ,
1866 1069 1970 1140 ὅρα
2010 1069 2064 1122 τί

494 1189 646 1242 ψησγ
685 1192 702 1224 ι
741 1174 864 1235 Τοῖς
894 1169 1035 1222 κατά
1066 1169 1164 1240 τὴν
1194 1165 1523 1236 οἰκουμένην
1556 1167 1722 1218 πᾶσιν
1763 1159 2062 1223 Ἰουδαίοις.

492 1267 590 1318 Διά
628 1265 788 1316 τοῦτο
837 1265 865 1315 6
892 1261 1102 1324 Παῦλος
1135 1258 1370 1313 ἐνταῦθα
1401 1255 1564 1311 αὑτὸν
1598 1257 1781 1310 ἐλκεισ
1824 1272 1843 1306 ε
1882 1255 2064 1324 Προσ-

492 1356 746 1424 κυνῆσαι,
798 1354 996 1422 φησὶν,
1053 1349 1276 1420 ἀνέϐην.
1343 1367 1363 1400 ι
1401 1348 1668 1402 Τοσοῦτον
1725 1347 1915 1416 ἀπέχω
1967 1347 2063 1398 τοῦ

493 1442 712 1504 στάσεις
771 1445 963 1504 κινεῖν,
1021 1443 1116 1496 καὶ
1180 1441 1357 1511 τούτῳ
1393 1439 1719 1509 ἐνδιατρίϐει
1763 1437 1842 1508 τῷ
1896 1437 2059 1507 λόγῳ.

492 1534 647 1588 Μετά
674 1533 771 1603 τὴν
813 1533 1008 1602 κλῆσιν
1031 1531 1126 1586 τοῦ
1157 1527 1297 1585 εἶναι
1354 1530 1654 1593 ἀπόστολος
1675 1527 1938 1599 Χριστοῦ,
1965 1527 2060 1579 λέ·-

491 1641 577 1690 γει
607 1622 668 1694 υ.
706 1623 903 1690 λέγωνι
932 1623 1212 1693 λατρεύειν
1235 1621 1314 1692 τῷ
1348 1621 1588 1692 πατρῴῳ
1619 1619 1762 1691 Θεῷ,
1788 1619 2066 1674 δείκνυσιν

491 1715 589 1767 ἕνα
616 1714 744 1766 ὄντα
777 1713 1020 1774 Παλαιᾶς
1069 1730 1130 1765 τε
1195 1714 1290 1765 καὶ
1340 1713 1503 1774 Νέας.
1555 1711 1848 1780 Ἐχώριζον
1902 1709 2066 1762 αὑτὸν

492 1804 715 1867 ἐκεῖνοι,
748 1795 903 1865 οὗτος
935 1802 1241 1869 συνεισάγει
1266 1803 1360 1855 καὶ
1381 1802 1572 1854 οἰκειοῖ
1593 1801 1784 1853 ἑαυτὸν
1803 1799 1880 1870 τῷ
1894 1799 2064 1870 νόμῳ·

2171 613 2246 684 μὴ
2280 615 2338 666 έν
2367 614 2769 684 χειροποιήτοις
2807 613 2899 667 τὸν
2934 613 3198 682 Ὕψιστον
3247 614 3439 666 οἰκεῖνο
3470 613 3586 667 ἀλλ’
3611 612 3739 667 οὔτε

2171 706 2323 775 ἱερέα
2352 705 2658 776 ἐτόλμησεν
2687 704 2909 776 ὑϐρίσαι
2957 704 3228 759 Ἰουδαίων
3265 705 3325 758 ἐν
3354 704 3585 774 είδήσει,
3613 705 3742 758 καί-

2165 816 2248 852 τοι
2272 814 2338 867 γε
2379 798 2452 868 μὴ
2476 797 2789 868 πειθαρχῶν
2822 799 2901 851 ἐτι
2927 800 3039 862 τοῖς
3095 796 3370 860 Ἰουδαίοις
3401 798 3740 869 ἀρχιερεῦσι.

2237 891 2336 944 Διὰ
2380 890 2435 944 τί
2479 891 2576 944 καὶ
2602 890 2762 954 αὐτὸς
2786 892 2899 953 τοῖς
2935 890 3209 953 Ἰουδαίοις
3237 888 3560 960 χαρίζεται;
3592 889 3739 942 Διότι

2166 982 2337 1051 δῆμος
2364 979 2432 1055 ἦν
2458 981 2752 1052 ὁλόκληρος
2783 982 2879 1036 καὶ
2924 981 3080 1044 πόλις
3111 979 3230 1050 ὅλη.
3261 980 3361 1034 Διά
3386 978 3544 1032 τοῦτο
3576 979 3738 1032 πάλιν

2167 1073 2427 1138 ὁΠαῦλος
2473 1072 2636 1126 αὑτὸν
2684 1073 2975 1143 ἐφόϐησεν,
3022 1071 3346 1142 ἀνθρωπίνῳ
3396 1071 3740 1142 χρησάμενος

2167 1166 2338 1236 ὅπλῳ.
2376 1184 2395 1218 ε
2441 1165 2566 1218 Ἐπὶ
2585 1169 2679 1219 τοῦ
2717 1165 2961 1236 βήματος
2985 1164 3264 1234 Καίσαρος
3297 1161 3470 1226 ἐστὼς
3495 1165 3641 1231 εἰμι,
3676 1157 3738 1217 οὗ

2171 1276 2239 1329 με
2301 1260 2383 1312 δεῖ
2415 1259 2700 1330 κρίνεσθαι
2725 1275 2739 1290 ο
2773 1277 2792 1310 ι
2830 1259 2951 1312 ἀντὶ
2984 1258 3100 1323 τοῦ,
3135 1257 3225 1310 Ἐν
3254 1261 3322 1328 τῇ
3365 1254 3554 1328 Ῥώμῃ
3599 1254 3740 1308 θέλω

2165 1351 2421 1404 ἀπελθεῖν
2451 1353 2603 1422 παρά
2625 1352 2704 1422 τῷ
2737 1352 2970 1422 βασιλεῖ,
3001 1353 3162 1406 κάκεῖ
3199 1350 3546 1412 δικάσασθαι,
3569 1350 3740 1402 ἐκκα-

2167 1440 2367 1510 λοῦμαί
2397 1459 2478 1508 σε,
2515 1443 2669 1512 φησί.
2693 1443 2978 1496 Δείκνυσιν
3003 1443 3087 1495 ὅτι
3111 1441 3338 1503 δικαίως
3368 1438 3743 1492 ἐπεκαλέσατο

2171 1531 2455 1602 Καίσαρα.
2517 1531 2580 1586 Εἰ
2628 1532 2738 1602 γὰρ
2781 1533 2937 1586 οὐδὲν
2989 1531 3090 1601 μὲν
3138 1528 3285 1600 είχον
3323 1529 3494 1583 δεινὸν
3535 1530 3739 1590 εἰπεῖν,

2167 1626 2367 1679 ἐκεῖνοι
2399 1626 2456 1678 δὲ
2499 1627 2870 1698 ἐμεμήνεσαν,
2903 1624 3128 1686 εἰκότως
3160 1621 3247 1675 ἐπ’
3271 1623 3479 1674 ἐκεῖνον
3497 1619 3737 1689 ἔρχεται·

2169 1717 2267 1771 καὶ
2297 1718 2508 1772 ἀνεῖται
2539 1719 2638 1788 μὲν
2668 1719 2807 1780 τέως
2849 1715 2942 1770 τοῦ
2972 1715 3280 1786 κριτηρίου,
3309 1715 3452 1785 ἀργῆ
3477 1715 3540 1785 [ι’.
3578 1714 3742 1785 ἀργεῖ

2168 1807 2250 1860 vel
2277 1807 2444 1878 ἀργὴι
2480 1808 2537 1860 δὲ
2576 1809 2609 1877 ἠ
2662 1806 2780 1860 κατ’
2823 1806 2988 1860 αὑτοῦ
3040 1808 3155 1869 τοῖς
3186 1805 3464 1868 Ἰουδαίοις
3515 1805 3745 1874 μελετω-

494 1894 732 1964 οὑδαμοῦ
775 1895 834 1947 δὲ
876 1893 971 1948 τοῦ
1018 1893 1255 1964 Χριστοῦ
1292 1893 1567 1963 μέμνηται
1595 1891 1849 1945 ἐνταῦθα.
1876 1892 1950 1944 Τὸ
1976 1907 2066 1943 πι-
2096 1895 2140 1950 Β
2175 1899 2311 1968 μένη
2346 1899 2628 1968 ἐπιϐουλή,
2686 1900 2757 1952 Ἢ
2812 1901 2892 1961 εις
2927 1898 3081 1964 τάξιν
3130 1897 3396 1968 βασιλέως
3472 1895 3666 1966 κατῄει
3713 1896 3744 1946 6

495 1985 706 2040 στεύειν
735 1984 906 2040 εἰπὼν
948 1987 1042 2040 καὶ
1074 1985 1140 2038 τὰ
1177 1985 1320 2038 κατά
1347 1985 1438 2038 τὸν
1470 1983 1709 2054 Χριστὸν
1747 1983 2063 2053 εἰσήγαγεν

493 2080 628 2134 ἀλλὰ
660 2081 797 2145 τέως
856 2080 935 2150 τῷ
988 2080 1088 2149 τῆς
1141 2079 1499 2142 ἀναστάσεως
1534 2078 1861 2149 ἐνδιατρίϐει
1899 2079 2065 2148 λόγῳ.

507 2170 570 2222 Ἢ
606 2170 792 2224 τελεία
824 2169 962 2240 αὕτη
990 2169 1180 2241 ἀρετὴ,
1217 2170 1347 2222 ὅταν
1380 2170 1516 2239 μηδὲ
1550 2169 1860 2239 ἀνθρώποις
1909 2171 2065 2224 δίδω-

495 2276 597 2328 μεν
630 2260 822 2328 λαϐὰς,
846 2259 940 2312 καὶ
980 2259 1133 2329 παρά
1165 2257 1284 2327 Θεῷ
1316 2257 1707 2330 σπουδάζωμεν
1731 2254 1872 2313 εἶναι
1897 2259 2069 2330 ἀπρό-

495 2367 711 2405 σκοποι.

567 2444 692 2507 Πῶς
716 2440 810 2497 οῦν
861 2444 928 2497 ἂν
961 2445 1222 2516 ἐτάραξα,
1249 2444 1305 2509 6,
1335 2444 1476 2498 ὥστε
1507 2445 1882 2516 ἐλεημοσύνην
1907 2443 2068 2515 ποιῆ-

493 2553 608 2598 σαι,
663 2537 936 2604 τοσαύτην
984 2531 1131 2606 εἶχον
1191 2537 1347 2600 666v;
1398 2536 1683 2606 Πανταχοῦ
1723 2535 1822 2605 τὴν
1877 2536 2066 2590 στάσιν

493 2629 729 2698 ἀναιρεῖ.
761 2628 1046 2696 Ἐπίτηδες
1095 2629 1413 2698 ὑπερέθετο,
1463 2629 1523 2681 οὑ
1562 2628 1817 2698 δεόμενος
1851 2629 2062 2697 μαθεῖν,

494 2718 632 2771 ἀλλὰ
695 2717 1125 2788 διακρούσασθαι
1177 2719 1303 2783 τοὺς
1357 2718 1663 2783 Ἰουδαίους.
1711 2721 1956 2789 Ἀφεῖναι
2007 2719 2066 2773 δὲ

490 2809 655 2862 πάλιν
688 2809 849 2863 αὑτὸν
885 2811 986 2863 οὑκ
1038 2805 1106 2879 ἦν
1145 2811 1388 2865 δυνατόν’
1436 2812 1791 2881 ἀναίσχυντον
1835 2811 1944 2882 γὰρ
1970 2807 2062 2883 ἦν.

495 2900 852 2970 Σημειωτέον,
886 2901 968 2953 ὅτι
1005 2901 1120 2972 ᾔδει
1173 2903 1272 2974 τὴν
1315 2903 1498 2959 πίστιν
1531 2906 1559 2957 6
1595 2903 1761 2974 Φῆλιξ
1794 2904 2062 2975 ἀκριϐῶς,

497 2989 824 3061 κατηχηθείς
855 2993 919 3044 ὲκ
947 2993 1047 3062 τῆς
1091 2993 1332 3058 Παλαιᾶς
1378 2995 1449 3049 τά
1490 2996 1618 3065 περὶ
1669 2996 1762 3048 τοῦ
1799 2995 2062 3065 Χριστοῦ,

492 3083 588 3138 καὶ
617 3085 761 3138 κατά
791 3085 1316 3158 ἀνθρωπαρέσκειαν
1345 3091 1447 3144 οὑκ
1471 3091 1675 3144 ἀπέλυε
1704 3090 1796 3143 τὸν
1828 3091 2060 3158 Παῦλον,

488 3175 566 3240 ὡς
606 3175 964 3248 παρακατιὼν
1013 3179 1043 3232 6
1092 3177 1249 3246 λόγος
1304 3183 1461 3250 φησὶ,
1499 3179 1737 3244 ἐλπίζων
1782 3181 2064 3252 χρήματα,

491 3269 588 3322 καὶ
617 3267 844 3341 χάριτας
877 3268 1048 3324 θέλων
1077 3270 1414 3326 καταθέσθαι
1437 3273 1551 3336 τοῖς
1571 3271 1870 3335 Ἰουδαίοις.
1909 3272 2066 3346 ᾜδει

492 3360 568 3424 δὲ,
600 3361 695 3414 καὶ
737 3362 813 3424 ὡς
851 3363 1086 3430 γυναῖκα
1133 3363 1274 3434 ἔχων
1321 3363 1603 3430 Ἰουδαίαν,
1637 3367 1770 3436 παρ’
1828 3361 1896 3437 ἧς
1955 3367 2065 3438 γὰρ

492 3451 734 3520 συνεχῶς
773 3454 868 3505 καὶ
901 3453 1066 3523 ἤκουε
1109 3453 1308 3509 ταῦτα.
1345 3472 1365 3507 ε
1415 3456 1520 3510 Σὺν
1567 3457 1832 3529 Δροσίλλῃ
1859 3460 1924 3528 τῇ
1959 3455 2067 3528 ἰδίᾳ.

490 3542 730 3609 γυναικί.
769 3561 790 3596 ι
828 3544 987 3614 Παρά
1033 3545 1126 3599 τὸν
1168 3546 1332 3617 νόμον
1362 3545 1502 3617 αὕτη
1532 3548 1802 3619 συνήφθη,
1833 3546 2066 3603 Ἰουδαία

488 3629 644 3697 οὖσα,
687 3634 989 3708 Ἕλληνι-ἢ
1035 3635 1175 3707 τάχα
1217 3633 1286 3708 ἦν
1322 3636 1422 3709 μὲν
1471 3637 1717 3706 Ἰουδαία,
1754 3640 2065 3711 γαμηθεῖσα

488 3723 544 3778 δέ
587 3724 754 3796 αὑτῷ,
804 3726 1028 3795 ἐγένετο
1073 3727 1339 3797 Ἑλληνίς
1375 3729 1458 3782 διὸ
1504 3731 1598 3784 καὶ
1629 3729 1880 3799 ὲξέλεγεν
1916 3731 2066 3802 αὐτῷ

487 3817 588 3887 τὴν
616 3819 818 3888 ἐαυτῆς
865 3819 1069 3884 πίστιν,
1113 3819 1381 3874 πείθουσα
1417 3823 1628 3877 καὶτὸν
1669 3823 1837 3893 ἄνδρα
1882 3839 2066 3897 παρα·-

489 3905 661 3978 ϐἀτην
689 3907 962 3977 γενέσθαι.

562 3993 783 4062 Σκόπει,
848 3996 965 4061 πῶς
1012 3999 1072 4052 οὑ
1108 4000 1345 4070 κρύπτει
1399 3999 1638 4057 ἐνταῦθα
1689 4002 1780 4056 τοῦ
1811 4003 2064 4058 δικαστοῦ

489 4084 589 4154 τὴν
617 4085 867 4158 γνώμην·
902 4086 1082 4141 καίτοι
1137 4090 1186 4142 εἰ
1246 4089 1612 4159 κατεγνώκει,
1662 4093 1764 4146 οὑκ
1810 4093 1877 4147 ἂν
1908 4093 2068 4148 τοῦτο

491 4175 768 4244 ἐποίησεν,
798 4177 904 4230 οὐδ’
943 4177 1012 4232 ἂν
1043 4178 1306 4250 ἠθέλησεν
1337 4181 1570 4237 ἀκοῦσαι
1599 4185 1752 4255 παρά
1791 4186 2068 4258 καταδίκῳ

491 4267 588 4319 καὶ
620 4268 988 4339 πονηρῷ.Καί
1013 4271 1115 4342 ὅρα
1139 4272 1229 4325 τδν
1251 4273 1482 4341 Παῦλον,
1541 4277 1720 4331 καίτοι
1771 4279 1907 4350 πρὸς
1969 4279 2069 4350 ἄρ-

491 4369 654 4427 χοντα
669 4359 1076 4432 διαλεγόμενον,
1113 4364 1281 4435 μηδὲν
1303 4365 1508 4420 τούτων
1540 4367 1792 4437 λέγοντα,
1817 4363 1892 4424 ὧν
1920 4369 2068 4433 εἰκὸς

491 4449 703 4515 ἀγεῖναι
733 4446 797 4520 If.
825 4448 1081 4523 ἀλγῦναι]
1117 4453 1284 4506 αὑτοῦ
1316 4453 1414 4524 τὴν
1454 4454 1654 4527 ψυχήν,
1691 4459 1828 4512 ἀλλά
1851 4460 1977 4530 περί
1991 4459 2071 4512 δι-

2184 1987 2494 2057 Ἀγρίππας
2549 1990 2608 2042 ἐν
2657 1989 2778 2050 ταῖς
2829 1987 3282 2058 ἐπαρχίαις,καὶ
3330 1987 3418 2040 διὰ
3459 1985 3618 2040 τοῦτο
3648 1987 3744 2039 καὶ

2173 2079 2428 2148 βασιλεὺς
2477 2078 2848 2151 ἐχρημάτιζεν
2876 2095 2891 2109 ·
2921 2080 3121 2148 ἢτάχα
3151 2079 3246 2132 καὶ
3277 2080 3439 2140 αὑτὸς
3485 2077 3743 2148 βασιλεὺς

2167 2167 2238 2238 ἦν
2266 2172 2376 2226 τῶν
2415 2170 2754 2226 ἀνατολικῶν
2786 2171 2991 2243 μερῶν,
3034 2171 3131 2226 τοῦ
3177 2171 3430 2242 Νέρωνος
3457 2170 3567 2224 τῶν
3599 2170 3748 2223 δυτι-

2170 2263 2284 2314 κῶν
2309 2260 2594 2330 ἄρχοντος,
2628 2261 2724 2314 καλ⁵
2759 2261 2913 2324 ὄντος
2943 2263 3000 2314 ἰν
3042 2259 3252 2332 Ῥώμῃ.
3281 2262 3354 2313 Τὸ
3378 2261 3486 2330 γὰρ
3517 2259 3746 2328 Καῖσαρ

2169 2353 2340 2421 δνομα
2380 2352 2680 2422 Ῥωμαϊστὶ
2723 2351 2953 2422 βασιλέα
2985 2352 3263 2422 σημαίνει,
3305 2354 3400 2406 καὶ
3447 2352 3524 2416 ὡς
3579 2351 3748 2421 κοινῷ

2169 2443 2395 2513 ὀνόματι
2443 2445 2652 2506 πάντας
2689 2443 2931 2514 βασιλεῖς
2988 2443 3279 2514 Ῥωμαίων
3313 2444 3604 2515 Καίσαρας
3643 2462 3748 2497 κα-

2169 2537 2401 2602 λείσθαι,
2437 2537 2498 2589 ού
2524 2536 2632 2606 μὴν
2650 2537 2746 2589 καὶ
2767 2535 2911 2589 ἰδικά
2930 2535 3108 2588 αὑτῶν
3129 2535 3364 2606 ὀνόματα
3388 2532 3526 2589 εἶναι
3546 2535 3744 2590 ταῦτα.

2168 2627 2337 2682 Τοῦτο
2383 2627 2442 2682 δέ
2497 2623 2674 2694 εἷπον,
2702 2627 2789 2682 ἵνα
2822 2628 2898 2697 μή
2931 2643 3013 2690 τις
3047 2629 3112 2680 ἐκ
3157 2628 3256 2696 τῆς
3299 2627 3620 2698 ὁμωνυμίας
3641 2627 3740 2681 τοῦ

2167 2720 2433 2792 ὀνόματος
2460 2719 2748 2772 καθολικοῦ
2799 2719 2998 2789 νομίσῃ
3027 2720 3110 2772 ὅτι
3131 2719 3227 2772 ἐπὶ
3257 2717 3352 2772 τοῦ
3391 2717 3558 2772 αὑτοῦ
3583 2719 3740 2788 βασι-

2166 2809 2302 2873 λέως
2368 2811 2397 2864 ό
2480 2809 2685 2878 Κύριος
2737 2807 2895 2880 ἡμῶν
2981 2809 3176 2879 ἐτέχθη
3207 2848 3222 2872 ,
3285 2809 3380 2861 καὶ
3453 2810 3481 2861 6
3537 2807 3752 2870 Παῦλος

2167 2899 2389 2954 ἔπαθεν.
2491 2898 2719 2968 Ἐτέχθη
2803 2898 2904 2967 μὲν
2953 2898 3062 2968 γὰρ
3126 2901 3155 2952 6
3210 2899 3414 2966 Κὺριος
3465 2899 3645 2961 καθὼς
3694 2901 3744 2953 οί

2166 2991 2350 3062 χρόνοι
2415 2990 2691 3062 δηλοῦσιν,
2729 2992 2822 3044 ἐπὶ
2873 2991 3186 3060 Αὐγούστου
3240 2993 3519 3064 Καίσαρος
3553 3005 3568 3023 °
3605 2993 3745 3047 ἀπέ-

2166 3083 2293 3138 θανε
2322 3083 2380 3138 δὲ
2414 3083 2555 3153 μετά
2592 3084 2674 3152 λγ¹
2715 3083 2811 3155 ἐτη
2866 3084 2963 3138 ἐπὶ
3015 3084 3272 3156 Τιϐερίου
3325 3087 3627 3159 Καίσαρος.
3682 3087 3744 3140 '0

2167 3176 2223 3229 δέ
2277 3176 2490 3241 Παῦλος
2545 3175 2816 3230 ἀπέθανεν
2858 3176 2953 3231 ἐπὶ
2998 3177 3253 3249 Νέρωνος
3309 3181 3448 3249 μετὰ
3506 3179 3578 3234 λε’
3625 3180 3744 3244 ετος

2166 3265 2268 3336 τῆς
2300 3264 2394 3320 τοῦ
2436 3266 2644 3337 Κυρίου
2689 3265 2860 3338 θανῆς
2886 3283 2900 3296 ·
2957 3267 3054 3322 καὶ
3091 3267 3293 3339 μᾶλλον
3325 3273 3355 3324 ό
3396 3269 3644 3342 Ἡρώδης
3669 3271 3745 3334 ὡς

2169 3354 2232 3428 [Ι.
2272 3355 2332 3428 ἢ]
2367 3357 2682 3426 Ἀγρίππας
2713 3359 2771 3414 ἐν
2807 3357 2961 3424 τάξει
3022 3357 3288 3429 βασιλέως
3341 3361 3576 3428 κατῆλθε
3601 3377 3613 3390 ⁸
3663 3362 3746 3415 διὸ

2167 3449 2262 3502 καὶ
2297 3449 2462 3514 αὐτὸς
2495 3449 2740 3505 ἐκαλεῖτο
2775 3450 3046 3522 βασιλεύς.
3079 3452 3245 3506 Ὥστε
3268 3453 3298 3505 6
3328 3453 3555 3517 Πιλάτος
3583 3467 3745 3525 χαρι-

2170 3538 2406 3609 σάμενος
2432 3542 2524 3596 τὸν
2554 3542 2763 3614 Ἰησοῦν
2785 3545 2898 3608 τοῖς
2918 3543 3216 3614 Ἰουδαίοις,
3243 3547 3329 3600 ῖνα
3349 3546 3511 3600 αὑτὸν
3537 3547 3746 3601 ἀνέλωο

2170 3647 2244 3698 σι,
2269 3631 2424 3702 δῆλος
2451 3627 2522 3704 ἦν
2550 3638 2870 3707 μιαιφονικῇ
2923 3636 3068 3708 ψυχῇ
3104 3637 3263 3692 τοῦτο
3293 3639 3552 3710 ποιήσας,
3609 3640 3745 3694 ὅπου

2171 3738 2235 3790 γε
2269 3723 2331 3777 οὑ
2362 3724 2526 3794 μόνον
2553 3725 2614 3778 τὸ
2646 3725 2742 3780 τοῦ
2787 3725 2924 3780 Θεοῦ
2953 3727 3209 3800 ὑπερεῖδε
3235 3731 3408 3800 κρῖμα
3453 3732 3532 3793 εἰς
3563 3729 3742 3796 τοῦτο,

2167 3813 2306 3872 ἀλλά
2357 3817 2452 3870 καὶ
2494 3816 2585 3871 τὸν
2649 3817 2938 3888 Ῥωμαίων
2972 3819 3136 3890 νόμον
3165 3822 3439 3891 ὴπάτησε,
3488 3822 3585 3876 καὶ
3637 3823 3744 3876 τῶν

2168 3907 2388 3980 θεσμῶν
2420 3907 2829 3981 ὑπερεφρόνησε
2867 3911 2959 3967 τοῦ
2987 3910 3275 3982 βασιλέως,
3303 3915 3434 3984 παρ’
3462 3909 3524 3967 οῦ
3553 3913 3647 3968 καὶ
3677 3911 3746 3987 ἦν

2167 3998 2513 4069 ἐκπεμφθεὶς
2533 3997 2696 4070 ἄρξαι
2717 4000 2829 4054 τῶν
2843 4001 2940 4071 τῆς
2957 4000 3314 4074 Ἰερουσαλὴμ
3333 4003 3496 4074 ὅρων.
3529 4023 3548 4056 ι
3576 4004 3743 4058 Οὐδε-

2170 4091 2304 4161 μίαν
2345 4090 2528 4147 αἰτίαν
2559 4093 2849 4163 ἐπέφερον.
2893 4111 2914 4146 ι
2943 4094 3053 4148 Καὶ
3090 4094 3201 4166 μὴν
3241 4095 3460 4167 ἔφερον,
3499 4096 3613 4151 ἀλλ’
3641 4098 3746 4150 οὑκ

2168 4179 2408 4252 ἤλεγξαν
2431 4199 2444 4214 ·
2483 4181 2550 4254 [ι’.
2590 4183 2717 4239 add.
2751 4181 2838 4256 τὸ]
2870 4185 2968 4254 μὲν
2989 4185 3121 4257 γάρ,
3141 4187 3404 4258 ἐπιϐουλὴ
3428 4189 3520 4242 καὶ
3545 4189 3748 4260 τόλμη·

2174 4290 2273 4344 μα,
2321 4272 2479 4328 τοῦτο
2522 4273 2850 4330 ὑποπτεύειν
2880 4275 3095 4346 ἐδήλουο
3137 4279 3170 4348 ή
3201 4277 3260 4331 δὲ
3295 4278 3567 4345 ἐξέτασις,
3590 4281 3747 4334 οὐδὲν

2171 4366 2404 4422 τοιοῦτο.
2434 4367 2699 4434 Εἰκότως,
2743 4386 2762 4419 ε
2799 4368 2928 4440 περί
2971 4379 3120 4434 τινος
3143 4411 3161 4437 ,
3199 4387 3220 4423 ε
3257 4371 3432 4441 λέγει,
3461 4373 3749 4441 ἄνθρωπος

2172 4457 2233 4511 ἐν
2280 4458 2423 4529 ἀρχῇ
2453 4456 2554 4523 ὢν,
2605 4459 2702 4512 καὶ
2729 4458 2932 4512 τούτων
2975 4460 3036 4512 οὑ
3059 4461 3385 4530 φροντίζων.
3414 4463 3510 4526 Εἰς
3553 4463 3717 4519 ἐπιθυ
3745 4491 3752 4502 ¹

491 4539 782 4610 καιοσὺνης
809 4543 944 4612 φησὶ
976 4545 1071 4597 καὶ
1104 4543 1200 4598 τοῦ
1250 4545 1534 4616 μέλλοντος
1580 4550 1870 4620 κρίματος,
1901 4552 2068 4621 ἤγουν
2094 4568 2148 4630 D
2179 4549 2310 4620 μίαν
2339 4551 2597 4605 ἐνέπεσεν
2625 4551 2655 4604 6
2691 4549 3006 4622 Ἀγρίππας
3037 4553 3139 4623 τῆς
3158 4555 3496 4626 ἀκροάσεως,
3531 4558 3626 4610 καὶ
3647 4559 3746 4629 οὐχ

491 4631 587 4700 τῆς
619 4633 992 4697 ἀναστάσεως.
1025 4637 1136 4690 Καὶ
1165 4639 1404 4710 τοσαύτη
1437 4633 1507 4709 ἦν
1551 4640 1585 4709 ἡ
1625 4640 1777 4710 ἰσχὺς
1810 4641 1919 4694 τῶν
1967 4644 2068 4712 ῥη-

495 4725 702 4792 μάτων,
733 4723 876 4778 ὥστε
937 4726 1031 4780 καὶ
1084 4727 1324 4798 φοϐῆσαι
1369 4730 1464 4812 τὸν
1494 4732 1754 4801 ἄρχοντα.
1785 4733 1894 4804 Τῆς
1940 4734 2074 4804 ἀλη-

493 4814 645 4879 θείας
687 4817 872 4886 ἔχεται
929 4817 1002 4870 τὰ
1055 4821 1406 4891 γραφόμενα,
1435 4821 1558 4892 οὐχὶ
1595 4822 1834 4876 ἐπαινῶν
1887 4823 2067 4878 αὑτῶν

495 4904 557 4977 υ.
599 4905 783 4976 αὑτὸν]
811 4909 918 4959 τῶν
953 4908 1264 4980 λεγομένων
1299 4913 1711 4982 μετακαλεῖται,
1738 4914 1872 4968 ἁλλά
1897 4933 2064 4986 προσ·

493 4996 666 5050 δοκῶν
700 4996 886 5050 λαϐεῖν
919 5000 1022 5068 χρή
1033 5018 1194 5068 ματα.

567 5083 834 5137 Ἐνταῦθα
864 5085 1049 5139 λοιπὸν
1075 5090 1104 5141 ό
1133 5088 1264 5152 Θεὸς
1295 5089 1672 5162 ᾠκονόμήσεν,
1721 5095 1822 5148 οὑκ
1845 5096 2065 5166 ἐπιτρέο

492 5194 611 5230 πων
638 5177 718 5247 τῷ
759 5178 1002 5248 ἄρχοντι.
1036 5181 1196 5244 Εἰκὸς
1229 5181 1339 5251 γὰρ
1381 5185 1546 5238 αὑτὸν
1587 5189 1784 5239 νεωστὶ
1824 5188 1922 5256 τῆς
1967 5189 2066 5256 ἀρ-

494 5269 593 5338 χῆς
620 5267 888 5321 ἐπιϐάντα
925 5270 1152 5340 θελῆσαι
1182 5274 1536 5345 χαρίσασθαι’
1568 5275 1682 5330 ἀλλ’
1716 5279 1815 5330 οὑκ
1840 5279 2066 5350 ἀφίησιν

491 5362 520 5414 6
563 5360 716 5424 Θεός.
742 5360 968 5433 Ἐπειδὴ
999 5363 1292 5432 κατῆλθον,
1322 5365 1508 5420 λοιπὸν
1541 5368 1914 5437 ἀναισχύντως
1947 5387 2068 5440 μειν

493 5450 658 5515 ζόνως
711 5453 994 5508 ἐποιοῦντο
1049 5454 1150 5525 τὴν
1201 5446 1562 5528 κατηγορίαν.
1619 5459 1753 5512 Ἰδοὺ
1787 5462 2064 5530 μαρτυρία

495 5544 694 5612 σαφὴς,
719 5544 804 5597 δτι
856 5546 915 5598 ἐν
971 5547 1140 5600 πᾶσιν
1193 5549 1387 5602 ἑαυτὸν
1423 5550 1773 5621 ἀπρόσκοπον
1797 5553 1825 5603 6
1854 5531 2068 5616 Παῦλος

494 5633 780 5701 ἐφύλαττε,
816 5636 952 5706 μήτε
996 5640 1077 5702 εἰς
1105 5637 1198 5692 τὸν
1230 5639 1383 5702 Θεὸν,
1413 5639 1446 5711 ἢ
1479 5641 1557 5704 εἰς
1581 5641 1890 5714 ἄνθρωπον,
1924 5643 1956 5716 ἢ
1985 5646 2066 5708 είς

493 5725 586 5777 τὸν
636 5726 822 5796 νόμον,
862 5727 894 5799 ἦ
941 5730 1024 5794 εἰς
1075 5731 1138 5784 τὸ
1197 5732 1342 5802 ἱερὸν
1385 5734 1732 5806 ἁμαρτήσας.
1764 5736 1913 5790 Ἀντὶ
1946 5737 2066 5804 τοῦ,

495 5814 616 5867 οὗτε
640 5819 707 5870 τὰ
759 5819 822 5871 ἐκ
878 5818 1038 5874 λίθων
1072 5821 1483 5893 οἰκοδομήματα
1525 5826 1633 5881 τῶν
1663 5826 1937 5884 Ἰουδαίων
1973 5829 2062 5884 ἐν·

2172 4640 2359 4704 ἁπλῶς
2409 4641 2598 4696 ἀκούει
2624 4681 2640 4709 ,
2676 4641 2813 4697 ἀλλά
2866 4644 3004 4714 μετά
3053 4647 3415 4716 παρασκευῆς
3447 4664 3462 4679 °
3495 4650 3588 4702 καὶ
3643 4651 3748 4719 ὅρα

2171 4733 2495 4802 ἀπολογίαν.
2525 4733 2694 4788 Ὅταν
2721 4734 2830 4805 γὰρ
2859 4735 3034 4790 ταῦτα
3069 4740 3099 4791 ό
3139 4737 3323 4808 ἄρχων
3348 4740 3504 4810 λέγῃ,
3538 4741 3745 4794 ἀνύπο-

2172 4828 2304 4889 πτός
2335 4827 2502 4892 ἐστιν,
2554 4825 2697 4880 ὥστε
2739 4829 2837 4882 καί
2897 4832 3031 4898 παρ’
3069 4831 3239 4885 αὑτοῦ
3290 4832 3746 4905 καταγνωσθῆναι

2171 4918 2303 4981 τοὺς
2329 4917 2636 4983 Ἰουδαίους.

2242 5011 2391 5072 Τέως
2423 5011 2582 5075 αὑτὸς
2608 5015 2637 5066 6
2669 5011 2929 5084 δικαστὴς
2961 5019 3231 5086 μαρτυρεῖ
3260 5018 3434 5090 αὐτῷ,
3473 5020 3554 5074 δτι
3584 5018 3746 5074 ἁνεὺ·

2170 5101 2328 5164 θυνος
2386 5097 2475 5174 ἦν’
2526 5102 2666 5174 πλήν
2711 5104 2861 5174 ὅμως
2923 5105 3026 5158 οὑκ
3075 5107 3346 5163 ἀπέλυσεν
3391 5111 3575 5175 αὑτὸν,
3601 5113 3746 5183 τάχα

2167 5193 2342 5258 οὕτως
2391 5197 2848 5266 οῖκονομήσαντος
2877 5197 2971 5251 τοῦ
3002 5199 3230 5270 Κυρίου,
3265 5203 3356 5257 ίνα
3379 5205 3744 5276 ἐκκαλέσηται

2169 5283 2269 5337 ιιιαίΙ
2319 5287 2386 5356 τῇ
2424 5285 2641 5358 ἀνάγκη
2691 5285 2792 5354 τῆς
2848 5287 3156 5360 συγκλήτου
3225 5292 3448 5363 πεμφθῇ
3485 5295 3564 5358 είς
3603 5293 3743 5348 Ῥώ-

2173 5391 2302 5443 μην,
2336 5375 2430 5428 καὶ
2483 5373 2744 5447 πληρωθῇ
2782 5375 2844 5429 τὸ
2878 5377 3254 5448 προφητευθὲν
3305 5382 3396 5434 ὑπ’
3423 5383 3587 5436 αὑτοῦ
3609 5423 3624 5447 ,
3660 5383 3746 5438 ὄτι

2174 5484 2192 5516 ι
2227 5468 2318 5519 Δεῖ
2349 5479 2415 5535 με
2459 5469 2555 5520 καὶ
2587 5466 2808 5538 Ῥώμην
2849 5471 2999 5524 ίδεῖν.
3038 5491 3058 5523 ι

2238 5559 2510 5612 Σεϐαστὸν
2585 5563 3044 5632 καταχρηστικῶς
3105 5565 3198 5617 τὸν
3251 5565 3481 5636 βασιλέα
3549 5566 3742 5633 καλεῖ,

2167 5647 2357 5718 ῶσπερ
2409 5651 2502 5703 καὶ
2567 5651 2844 5721 Καίσαρα,
2879 5652 2938 5705 ὃν
2989 5654 3084 5708 καὶ
3145 5656 3504 5726 παρακατιὼν
3554 5657 3744 5727 κύριον

2167 5741 2341 5796 καλεῖ.
3543 5767 3549 5770 ·

2239 5833 2350 5891 Καὶ
2395 5834 2551 5890 τοῦτο
2583 5835 2652 5907 ἣν
2694 5837 2797 5909 τῆς
2857 5838 2950 5895 τοῦ
2991 5841 3224 5929 Παύλου,⁸
3251 5841 3645 5916 καθαρότητος,
3682 5842 3742 5898 τὺ
