4120 6418
382 417 540 493 1125,
1224 413 1773 477 EXPOSITIONIS
1803 415 1882 477 IN
1917 414 2106 476 ACTA
2141 417 2446 480 TEXTUS
2487 421 2850 487 TERTIUS.

372 531 543 604 μηδὲν
595 526 742 599 ἔχειν
783 527 876 583 τὸν
932 527 1195 599 δικαστὴν
1229 529 1257 582 ὃ
1286 547 1337 583 τι
1369 527 1492 583 εἷπε
1526 528 1591 600 [ί.
1633 525 1802 599 είποι]
1836 526 1964 597 περὶ
1993 541 2033 585 Α
2067 528 2264 600 ὀργῆς,
2301 530 2494 600 ἐπειδὴ
2522 528 2662 587 είδεν
2690 533 2854 588 αὑτὸν
2881 534 2969 588 ἀεὶ
2995 535 3132 606 πρὸς
3153 536 3246 590 τὸν
3273 535 3496 607 βασιλέα
3516 540 3636 593 δια.

369 621 561 677 αὑτοῦ.
621 619 817 674 Καίτοι
873 636 940 688 γε
1008 621 1058 674 εί
1121 621 1340 692 συνῄδει
1388 619 1586 689 ἐαυτῷ,
1645 618 1952 688 φοϐηθῆναι
2057 621 2371 692 λεγόμενον,
2402 625 2496 678 καί
2534 643 2702 696 φησιο
2741 645 2758 677 1
2802 627 3020 698 Μαίνῃ,
3053 625 3254 681 Παῦλε.
3293 645 3313 679 1
3363 627 3422 680 '0
3447 629 3504 682 δὲ
3536 632 3636 699 τὴν

3499 427 3638 494 11Ξὸ

362 713 560 785 ἐχρῆν,
629 712 782 782 παρά
830 711 908 782 τῷ
939 711 1118 764 πάντα
1150 712 1315 766 εἰδότι
1372 711 1750 781 δικαζόμενον.
1791 708 1954 762 Ἀλλά

370 805 616 877 καθαροῦ
675 804 978 866 συνειδότος
1013 803 1173 858 τοῦτό
1225 805 1363 869 ἐστι,
1423 804 1498 875 μὴ
1559 801 1950 873 παραιτεῖσθαι

369 898 630 968 δικαστὴν
659 897 750 950 τὸν
793 897 1040 967 ἀκριϐῶς
1077 897 1260 950 εἰδότα
1307 896 1376 950 τά
1409 897 1780 966 γεγενημένα,
1813 895 1954 949 ἀλλὰ

369 991 466 1045 καὶ
500 992 738 1062 χαίρειν,
763 993 858 1045 καὶ
886 992 1164 1062 μακάριον
1193 991 1356 1046 αὑτὸν
1392 992 1595 1060 λέγειν.

452 1083 669 1154 Ἐπειδὴ
699 1082 884 1153 μέλλει
918 1083 1075 1150 λόγον
1108 1084 1376 1138 ἐκτείνειν
1404 1085 1500 1138 καὶ
1529 1085 1711 1151 λέγειν
1735 1101 1788 1138 τι
1821 1101 1887 1138 πε
1899 1083 1954 1155 91

368 1175 559 1243 αὑτοῦ,
590 1175 679 1230 διὰ
695 1175 857 1230 τοῦτο
888 1175 1179 1248 προλαϐὼν
1211 1178 1578 1246 παρεκάλεσε,
1618 1178 1712 1231 καὶ
1731 1177 1790 1249 If.
1821 1179 1946 1232 add.

367 1267 454 1339 οῦ]
485 1267 631 1335 λέγει
674 1267 918 1330 ποταπὸς
944 1266 1109 1321 αὐτοῦ
1141 1269 1170 1321 0
1199 1267 1334 1337 βίος,
1364 1267 1480 1320 ἀλλ’
1513 1269 1739 1339 ἀφίησιν
1769 1269 1952 1322 αύτῶν

367 1359 444 1430 τῷ
478 1359 766 1424 συνειδότι,
803 1360 898 1412 καὶ
926 1358 986 1412 τὸ
1023 1359 1132 1413 πᾶν
1181 1361 1240 1414 ἐν
1285 1364 1348 1432 τῇ
1382 1361 1591 1430 αἱρέσει
1617 1361 1822 1433 τίθησι,
1851 1364 1950 1415 οὐκ

367 1450 432 1506 ἂν
476 1451 732 1521 ἐλόμενος
777 1451 972 1522 αὐτὴν,
1025 1453 1076 1504 εί
1108 1450 1384 1523 μοχθηρὸς
1439 1448 1507 1524 ἦν
1546 1453 1642 1506 καὶ
1685 1453 1946 1523 πονηρός.

365 1547 470 1599 Δύο
501 1545 683 1616 τίθησι
719 1547 851 1617 περὶ
879 1548 1228 1608 ἀναστάσεως
1253 1547 1568 1616 λογισμοὺς,
1595 1546 1692 1601 ἕνα
1724 1547 1824 1617 μὲν
1857 1547 1950 1600 τὸν

365 1637 476 1692 ἀπὸ
525 1637 636 1692 τῶν
687 1638 1006 1709 προφητῶν,
1048 1638 1145 1692 καὶ
1212 1638 1274 1691 ού
1326 1639 1573 1708 παράγει
1632 1639 1943 1709 προφήτην,

365 1729 482 1784 ἀλλ’
514 1729 684 1800 αὐτὴν
715 1729 824 1783 τῶν
860 1727 1133 1784 Ἰουδαίων
1183 1729 1282 1800 τὴν
1331 1731 1510 1796 δόξανο
1539 1729 1698 1784 ἄλλον
1722 1729 1800 1795 δὲ,
1854 1730 1946 1783 τὸν

366 1822 1942 1940 Eii?.f"i‘i"i’.".:ib"-.ﬁ’ii_f€fii°‘:‘f’”.tf‘i-32‘}???
1974 1874 2022 1934 B
2053 1888 2214 1940 μενον
2243 1822 2340 1924 ’ξοδ

362 1913 512 1982 αὐτῷ
536 1915 564 1966 0
596 1914 853 1984 Χριστὸς,
901 1915 998 1968 καὶ
1031 1911 1438 1978 κατασκευάζει
1479 1914 1574 1967 καὶ
1611 1913 1802 1968 τοῦτον
1836 1915 1945 1968 ἀπὸ

362 2003 642 2074 λογισμῶν
689 2005 788 2076 τὴν
832 2007 1106 2078 προτέραν
1151 2007 1317 2061 αὐτοῦ
1348 2007 1549 2076 μανίαν
1582 2007 1946 2079 διηγούμενον

364 2097 560 2170 Ῑ.-νος]
594 2099 866 2168 ἀκριϐῶςο
900 2095 1021 2153 εἶτα
1049 2096 1146 2152 καὶ
1195 2098 1316 2170 μετ’
1347 2100 1628 2169 ἐγκωμίου
1659 2098 1769 2151 τῶν
1810 2094 1944 2152 Ἰου-

361 2189 549 2245 δαίων·
597 2211 614 2243 ι
652 2193 845 2246 Νύκτα
867 2194 962 2245 καὶ
992 2192 1227 2263 ἡμέραν,
1251 2193 1407 2261 φησι,
1439 2191 1702 2262 λατρεῦον
1735 2190 1944 2255 ἐλπίζει

361 2284 717 2354 καταντῆσαι.
759 2303 780 2337 1
823 2284 988 2337 Ὥστε
1041 2286 1090 2338 εί
1123 2283 1216 2337 καὶ
1266 2283 1341 2354 μὴ
1394 2282 1664 2352 εὐλήπτου
1693 2283 1808 2352 βίου
1853 2277 1944 2352 ἦν,

361 2375 504 2445 ὑπὲρ
529 2375 740 2428 τούτων
772 2375 872 2429 οὐκ
899 2375 1008 2429 ἔδει
1064 2373 1368 2444 κρίνεσθαι.
1403 2391 1423 2426 1
1460 2374 1526 2426 Τί
1575 2374 1805 2429 ἄπιστον
1849 2377 1947 2428 είό

359 2464 495 2528 Θεὸς
524 2466 754 2536 νεκροὺς
775 2465 1022 2535 ἐγείρας
1070 2482 1090 2517 1
1121 2463 1231 2518 Καὶ
1254 2464 1413 2528 ἀλλος
1438 2463 1720 2534 λογισμός.
1752 2465 1816 2517 Εί
1838 2464 1946 2535 γὰρ

365 2556 443 2628 μὴ
480 2557 708 2628 τοιαύτῃ
756 2553 885 2621 δόξα
938 2553 1029 2626 ἦν,
1075 2556 1125 2609 εί
1172 2555 1283 2627 γάρ
1345 2555 1420 2626 μὴ
1469 2555 1944 2625 ἀνατεθραμμένοι

357 2637 499 2717 ἦσαν
554 2649 611 2700 ἐν
653 2647 866 2710 τούτοις
897 2649 1011 2710 τοῖς
1054 2646 1314 2716 δόγμασι,
1362 2647 1459 2700 νῦν
1500 2646 1556 2700 δὲ
1603 2646 1942 2717 εἰσεφέρετο,

357 2739 442 2802 τίς
470 2738 575 2792 οὐκ
626 2738 693 2792 ἂν
718 2738 936 2804 ἐδέξατο
973 2737 1064 2792 τὸν
1095 2737 1292 2806 λόγον;
1340 2737 1514 2807 ’Υπὲρ
1540 2741 1640 2809 τῆς
1675 2739 1946 2809 αἱρέσεως

357 2830 588 2901 ταύτης,
626 2831 793 2900 φησὶν
823 2873 837 2897 ,
873 2831 1238 2902 ἐγκαλοῦμαι,
1283 2831 1379 2885 1101
1428 2829 1569 2902 αῦτη
1613 2831 1743 2903 παρ’
1773 2830 1947 2900 αὐτῆς

361 2913 427 2995 If.
461 2921 670 2995 αὐτοῖς]
709 2923 1098 2994 πρεσϐεύεται.

431 3015 598 3084 Λέγει
625 3015 742 3078 πῶς
767 3015 982 3081 ἐδίωκε,
1012 3017 1108 3071 καὶ
1137 3015 1298 3070 τοῦτο
1324 3015 1380 3070 δέ
1410 3016 1942 3070 κατασκευαστικόν”

363 3109 605 3179 παράγει
637 3105 694 3162 δέ
727 3110 824 3163 καὶ
869 3108 998 3172 τοὺς
1031 3109 1200 3180 ἱερεῖς
1233 3109 1544 3182 μάρτυρας,
1578 3110 1676 3162 καὶ
1713 3108 1812 3173 τάς
1837 3108 1946 3174 ἐξω

2055 715 2236 769 αἰτίαν
2266 717 2510 771 διδάσκει
2570 718 2639 772 δι’
2672 719 2738 790 ἢν
2776 721 2910 791 πρὸς
2957 719 3050 773 τὸν
3085 719 3311 789 βασιλέα
3347 719 3440 774 τὸν
3479 719 3637 790 λόγον

2053 809 2389 878 ἀπέστρεψε.

2129 918 2224 981 Τὸ,
2257 937 2276 969 ι
2312 919 2380 985 εί,
2421 937 2441 972 1
2483 921 2606 974 ἀντὶ
2640 919 2760 984 τοῦ,
2797 922 2906 985 ὅτι,
2944 920 3115 987 ἐστιν,
3173 922 3254 976 ὅτι
3315 920 3556 992 παθητὸς
3606 923 3636 975 0

2055 1011 2290 1082 Χριστὸς
2316 1052 2330 1073 ,
2364 1014 2446 1066 ὅτι
2493 1013 2710 1083 πρῶτος
2744 1015 2804 1079 ἐξ
2849 1015 3204 1076 ἀναστάσεως
3227 1031 3241 1045 ο
3271 1014 3488 1084 πρῶτος
3529 1016 3636 1083 γὰρ

2054 1097 2214 1166 οὗτος
2254 1105 2479 1174 ἀνέστη,
2505 1108 2599 1160 καὶ
2627 1107 2728 1160 οὐκ
2752 1106 2832 1160 ἔτι
2872 1107 3235 1177 ἀποθνήσκει.
3266 1109 3329 1160 Ol
3365 1110 3474 1179 γὰρ
3502 1110 3634 1161 ἁνα-

2056 1195 2282 1258 στάντες
2312 1195 2379 1247 δι’
2403 1196 2591 1263 αὑτοῦ,
2626 1198 2658 1268 ἦ
2687 1198 2774 1251 διά
2803 1198 2913 1251 τῶν
2945 1199 3208 1269 μαθητῶν
3245 1199 3434 1263 αὐτοῦ,
3474 1202 3636 1254 πάλιν

2052 1288 2352 1353 ἀπέθανον,
2387 1289 2492 1352 ἕως
2522 1291 2622 1360 τῆς
2647 1291 2944 1362 καθολικῆς
2983 1293 3334 1356 ἀναστάσεως
3359 1294 3631 1361 μένοντες.

2122 1401 2390 1456 Ἐνταῦθα
2437 1405 2566 1475 περὶ
2613 1404 2707 1458 τοῦ
2764 1406 3003 1478 σταυροῦ
3033 1420 3189 1475 φησι,
3221 1409 3347 1476 περὶ
3376 1409 3473 1474 τῆς
3503 1409 3637 1460 ἀνα-

2053 1495 2320 1560 στάσεως,
2359 1495 2442 1548 ὅτι
2497 1496 2775 1566 πανταχοῦ
2830 1497 2930 1567 τῆς
2997 1498 3323 1568 οἰκουμένης
3353 1501 3543 1567 γέγονε
3576 1499 3633 1552 τὸ

2049 1591 2250 1662 δόγμα.
2298 1589 2490 1646 Ταῦτά
2546 1608 2682 1660 φησι
2742 1591 2956 1656 δεικνὺς
3013 1594 3094 1646 ὅτι
3161 1594 3340 1646 πάντα
3397 1587 3538 1646 οἶδεν
3605 1594 3633 1644 0

2063 1683 2400 1756 Ἀγρίππας,
2462 1685 2748 1755 μονονουχὶ
2794 1683 2968 1752 λέγων
3030 1686 3126 1738 καὶ
3192 1685 3331 1754 πρὸς
3399 1685 3630 1748 αὐτούς·

2053 1776 2204 1830 Ἔδει
2243 1777 2344 1847 μὲν
2371 1777 2482 1846 γὰρ
2513 1777 2658 1846 ὑμᾶς
2689 1774 2861 1828 ταῦτα
2917 1776 3120 1829 εἰδέναι
3140 1791 3152 1804 ·
3180 1775 3242 1828 τὸ
3272 1777 3382 1842 γάρ
3431 1777 3634 1842 ἐπαγὸο

2346 1871 2406 1922 τό
2435 1873 2584 1924 ἐστιν
2611 1887 2625 1900 ·
2679 1889 2697 1922 ι
2729 1871 2805 1922 υύ
2858 1869 2968 1940 γάρ
3000 1871 3151 1922 ἐστιν
3195 1870 3257 1921 ἐν
3304 1869 3478 1939 γωνίᾳ
3533 1884 3632 1922 πει

2046 1963 2389 2032 πραγμένον.
2425 1979 2444 2011 1

2120 2077 2316 2130 Καίτοι
2356 2076 2508 2142 ἄξιον
2555 2071 2623 2147 ἦν
2663 2075 2842 2142 δόξης,
2895 2074 3034 2129 ἀλλά
3084 2075 3223 2145 πρὸς
3266 2075 3366 2144 τὴν
3404 2077 3632 2130 ἐκείνων

2047 2166 2316 2236 ὑπόληψιν
2363 2166 2611 2238 ἀφορῶν,
2650 2168 2737 2220 διὰ
2776 2165 2934 2219 τοῦτο
2957 2161 3077 2218 εἷπε
3099 2182 3114 2196 ·
3158 2181 3175 2217 ι
3211 2165 3485 2235 παρεκτὸς
3521 2163 3631 2218 τῶν

2045 2261 2264 2332 δεσμῶν
2316 2261 2558 2313 τούτων·
2592 2279 2608 2310 1
2665 2262 2764 2312 οὐκ
2811 2258 2973 2321 αὐτὸς
3023 2251 3115 2312 οὖν
3149 2259 3522 2329 ἀπευχόμενος
3560 2259 3630 2311 τά

2045 2353 2244 2426 δεσμὰ,
2272 2354 2305 2425 ἥ
2333 2353 2726 2423 αἰσχυνόμενος
2749 2353 2924 2406 ταῦτά
2947 2364 3132 2421 φησιν,
3164 2351 3277 2403 ἀλλ’
3309 2351 3530 2403 ἐκείνων
3561 2354 3626 2420 τῇ

2047 2447 2306 2519 ἀσθενείᾳ
2343 2445 2822 2515 συγκαταϐαίνων.
2853 2443 3066 2513 Ἐμαθε
3099 2444 3208 2514 γάρ
3239 2443 3386 2512 παρά
3412 2443 3506 2495 τοῦ
3535 2445 3632 2494 Δε-

2051 2538 2252 2591 σπότου
2316 2536 2391 2606 μὴ
2439 2535 2754 2588 ἐπιϐάλλειν
2787 2532 3070 2602 ἐπίϐλημα
3137 2533 3337 2602 ῥάκους
3385 2531 3629 2598 ἀγνάφου

2048 2627 2141 2680 ἐπὶ
2169 2626 2366 2698 ίματίῳ
2395 2623 2612 2695 παλαιῷ
2635 2639 2647 2654 ·
2680 2624 2770 2677 διά
2823 2622 2984 2676 τοῦτο
3011 2621 3187 2682 οὓτως
3219 2616 3361 2674 εἷπε.
3390 2623 3484 2674 Δεῖ
3519 2621 3630 2673 τοί-

2046 2737 2145 2774 νυν
2177 2716 2660 2786 συγκαταϐαίνειν.
2701 2715 2870 2769 Ὅταν
2900 2715 3010 2784 γὰρ
3042 2713 3256 2784 μάθωσι
3291 2713 3628 2780 φιλοσοφεῖν,

2047 2811 2170 2864 τότε
2202 2811 2444 2864 εἴσονται
2474 2808 2565 2862 τοῦ
2601 2807 2824 2879 σιδήρου
2859 2805 3050 2859 τούτου
3075 2805 3136 2857 τὸ
3165 2804 3382 2868 κάλλος,
3407 2803 3503 2857 καὶ
3531 2805 3630 2873 τὴν

2047 2900 2156 2958 ἀπὸ
2175 2903 2286 2958 τῶν
2315 2903 2531 2975 δεσμῶν
2564 2903 3117 2974 περιφάνειαν.”ορα,
3149 2900 3266 2964 πῶς
3294 2899 3455 2952 πάλιν
3486 2898 3631 2966 ὑπὲρ

2048 2997 2216 3053 αὐτοῦ
2250 2996 2603 3069 ψηφίζοντος,
2666 2997 2761 3050 καὶ
2803 2995 2942 3066 μετά
2975 2995 3035 3046 τὸ
3064 2995 3262 3057 εἰπεῖν,
3305 3011 3323 3045 ι
3364 2991 3566 3062 Μαίνῃ,
3609 3011 3627 3042 1

2049 3093 2276 3162 ἀφίησιν
2320 3090 2503 3156 αὐτὸν,
2552 3089 2614 3142 ού
2645 3088 2741 3142 τοῦ
2792 3087 3061 3152 θανάτου,
3095 3085 3231 3139 ἀλλά
3261 3084 3368 3138 τῶν
3394 3082 3631 3155 δεσμῶν,

362 3199 570 3266 πόλεις,
605 3200 688 3253 ὅτι
719 3199 962 3271 ἥκουσαν
1004 3179 1172 3254 αὐτοῦ
1207 3179 1458 3268 λέγοντος
1486 3215 1501 3230 ’
1534 3199 1778 3270 Σκληρόν
1825 3201 1941 3252 ἐστι
1973 3219 2016 3277 C
2051 3185 2148 3277 κα)
2177 3184 2364 3277 τέλεον
2752 3181 2938 3277 αὗῖδνν
2976 3197 2995 3231 ⁸
3038 3182 3086 3234 εί
3111 3181 3204 3277 -μῆ
3245 3179 3502 3277 Καίσαρα

357 3293 421 3344 τὸ
475 3292 612 3362 πρὸς
667 3269 876 3363 κέντρα
925 3291 1228 3359 λακτίζειν,
1281 3292 1377 3346 καὶ
1407 3293 1651 3347 δείκνυσι
1670 3269 1778 3346 τοῦ
1807 3291 1944 3345 Θεοῦ
1981 3269 2016 3277 v
2050 3275 2338 3343 εκέκλητο-
2371 3293 2389 3326 ³
2437 3274 2600 3327 Ἀλλά
2622 3271 2783 3325 τοῦτο
2813 3270 3184 3363 οἰκονομικῶς
3203 3269 3420 3363 γέγονε,
3454 3271 3553 3363 xu":
3573 3269 3636 3321 τδ

355 3383 459 3451 τὴν
495 3381 911 3454 φιλανθρωπίαν
947 3420 964 3447 ,
1015 3381 1101 3435 ὅτι
1164 3381 1500 3452 διωκόμενος
1554 3379 1712 3451 ὤφθη
1770 3379 1941 3450 αὐτῷ.

359 3474 498 3530 Οὐδὲ
531 3474 642 3545 γὰρ
690 3473 792 3545 ἐμέ
834 3473 1016 3545 μόνον,
1039 3472 1235 3544 φησὶν,
1266 3472 1649 3545 εὐηργέτησαν
1674 3472 1740 3546 [Γ.
1772 3471 1944 3544 -σεν],

357 3567 497 3624 ἀλλά
531 3568 626 3622 κα)⁸
679 3567 891 3637 ἑτέροις
938 3565 1156 3637 έπεμψε
1195 3565 1537 3633 διδασκάλον,
1588 3569 1683 3618 καὶ
1729 3564 1946 3627 δεικνὺς

357 3659 460 3732 τὴν
492 3658 832 3730 προφητείαν
861 3656 1189 3724 ἐξελθοῦσαν
1223 3656 1324 3728 τὴν
1353 3657 1646 3728 λέγουσανο
1685 3676 1706 3710 1
1758 3656 1944 3724 Ἐξαι-

360 3751 628 3824 ρούμενός
656 3769 717 3806 σε
761 3753 826 3804 ἐκ
860 3750 958 3805 τοῦ
1005 3749 1139 3805 λαοῦ
1189 3751 1285 3804 καὶ
1322 3750 1433 3804 τῶν
1473 3749 1669 3804 ἐθνῶν.
1708 3767 1728 3801 1

429 3846 654 3911 Τούτοις
700 3843 988 3915 ἐπείσθην,
1029 3845 1198 3914 φησὶ,
1234 3842 1414 3916 ταύτῃ
1443 3845 1511 3912 τῇ
1548 3840 1787 3910 ὀπτασίᾳ
1844 3841 1940 3892 ἐπ-

359 3941 647 4012 ηγάγετο,
682 3938 780 3992 καὶ
816 3935 995 4000 οὓτως
1040 3937 1227 3990 ἔπεισε
1261 3935 1338 4007 μὴ
1381 3933 1804 3989 ἀναϐάλλεσθαι.

430 4034 513 4088 Τά
544 4033 839 4105 συνέχοντα
884 4029 1033 4086 κακά
1078 4031 1206 4094 τοὺς
1256 4030 1521 4092 ἀπίστους
1567 4027 1808 4080 δείκνυσι
1853 4027 1944 4080 τὸν

357 4128 627 4182 Σατανᾶνο
661 4126 724 4180 τὸ
751 4125 967 4190 σκότος,
995 4123 1066 4178 τὰ
1097 4123 1280 4192 ἀγαθά
1305 4121 1416 4176 τῶν
1447 4120 1676 4174 πιστῶν·
1711 4119 1772 4172 τὸ
1805 4120 1942 4188 φῶς,

356 4219 452 4271 τὸν
474 4211 628 4285 Θεὸν,
662 4215 755 4271 τὸν
793 4213 1000 4286 κλῆρον
1028 4214 1136 4268 τῶν
1167 4213 1361 4281 ἁγίων.
1394 4212 1506 4282 Οὐχ
1553 4208 1741 4272 ἁπλῶς
1776 4225 1946 4279 μετα-

356 4311 498 4362 νοεῖν
538 4309 818 4378 παραινεῖ,
853 4305 993 4362 ἀλλά
1022 4306 1120 4360 καὶ
1147 4303 1262 4375 βίον
1292 4303 1707 4357 ἐπιδείκνυσθαι
1731 4302 1946 4372 θαυμα-

358 4402 504 4456 στόν.
543 4403 653 4456 K01
679 4401 802 4472 090,
835 4397 1114 4468 πανταχοῦ
1143 4400 1212 4450 τά
1247 4395 1373 4466 ἔθνη
1404 4393 1835 4466 συμπλεκόμενα
1867 4392 1944 4464 τῷ

355 4494 489 4566 λαῷ·
523 4495 574 4548 οί
599 4495 704 4563 γάρ
750 4492 1018 4563 παρόντες
1066 4485 1126 4555 ἐξ
1161 4489 1332 4542 ἐθνῶν
1361 4484 1524 4558 ἦσαν.

439 4588 500 4640 '0
531 4586 712 4640 τοίνυν
757 4585 855 4638 καὶ
897 4584 1026 4646 τοὺς
1071 4581 1266 4644 ἄλλους
1315 4579 1586 4633 παιδεύων
1641 4579 1772 4650 περὶ
1822 4578 1940 4650 βίου

357 4681 612 4752 ἀρίστου,
655 4676 775 4741 πῶς
833 4675 900 4732 ἂν
954 4674 1118 4738 αὐτὸς
1174 4671 1418 4734 στάσεως
1474 4671 1570 4723 καὶ
1612 4670 1946 4739 φιλονεικίας

355 4773 600 4844 ἀρχηγὸς
630 4771 886 4840 γέγονεν;
919 4768 1135 4838 Ὠσπερ
1180 4761 1274 4820 οὖν
1303 4764 1416 4831 ἐγὼ
1451 4764 1768 4829 ἐπίστευσα,
1801 4761 1945 4816 οὕτω

355 4867 440 4922 δεῖ
481 4866 577 4920 καὶ
620 4863 714 4918 τὸν
762 4860 1036 4916 ἀκούοντά
1082 4877 1184 4930 μου
1222 4856 1510 4912 πιστεῦσαί
1563 4872 1675 4926 μοι.
1720 4855 1795 4908 Οὐ
1835 4854 1944 4924 γὰρ

358 4960 533 5030 ἀκοὴν
589 4956 923 5026 ἀπαγγέλλω
989 4954 1166 5022 λόγων
1228 4951 1452 5022 ἐτέρων,
1521 4948 1640 5002 ἀλλ’
1700 4943 1774 5003 ὧν
1833 4949 1946 5018 ἐγὼ

358 5054 594 5122 ἥκουσα.
629 5048 900 5103 Ὀπτασία
935 5044 995 5100 δέ
1049 5048 1199 5099 ἐστιν
1227 5045 1260 5114 ἡ
1286 5040 1506 5113 καθαρά
1533 5040 1654 5107 θέα,
1689 5041 1723 5111 ἡ
1765 5040 1942 5112 ύπερ-

359 5143 626 5197 ϐαίνουσα
659 5140 968 5212 ἄνθρωπον,
1023 5139 1167 5206 ἀπερ
1198 5134 1264 5208 [ί.
1297 5131 1501 5206 ἥνπερ]
1559 5150 1642 5196 τις
1681 5135 1739 5185 ἐν
1780 5131 1947 5203 σαρκὶ

355 5233 456 5300 ὢν,
489 5231 612 5302 δίχα
633 5230 730 5285 τοῦ
758 5226 1218 5298 ἀποκαλυφθῆναι
1245 5222 1414 5279 αὑτοῦ
1442 5225 1570 5286 τοὺς
1602 5221 1940 5293 ὀφθαλμοὺς,

356 5325 461 5378 οὐκ
483 5323 632 5375 ἐστιν
671 5321 802 5376 ἰδεῖν
827 5319 1074 5375 δυνατόν.

431 5417 599 5486 Ὅρα,
638 5414 755 5479 πῶς
787 5413 947 5477 ἐκτὸς
983 5411 1276 5475 κολακείας
1315 5409 1464 5464 ἐστὶν
1502 5411 1531 5463 0
1559 5409 1716 5478 λόγος
1755 5407 1942 5473 αὑτοῦ,

356 5513 455 5568 καὶ
486 5510 546 5567 τὸ
582 5512 692 5564 πᾶν
715 5508 1014 5580 ἐπιγράφει
1064 5506 1143 5577 τῷ
1170 5504 1311 5577 Θεῷ.
1339 5499 1475 5558 Εἶτα
1529 5505 1562 5574 ἡ
1614 5501 1900 5574 παρρησία
1928 5519 1943 5532 ο

369 5599 512 5657 Ἀλλ’
543 5600 667 5654 οὐδὲ
701 5598 798 5654 νῦν
844 5599 1190 5668 ἀφίσταμαι·
1228 5595 1325 5650 x01
1373 5595 1436 5649 τὸ
1481 5593 1760 5663 ἀσφαλέςο
1809 5591 1947 5646 Ἀπὸ

355 5696 469 5765 γάρ
521 5692 821 5766 προφητῶν
853 5689 1226 5763 ίσχυρίζομαι.
1268 5707 1287 5740 1
1330 5689 1393 5741 Εί
1438 5686 1686 5758 παθητὸς
1731 5687 1760 5739 0
1815 5686 1947 5757 Χρι-

359 5788 505 5852 στὸς,
547 5807 565 5839 1
605 5788 654 5840 εί
689 5785 988 5846 ἀνάστασις
1019 5786 1054 5854 ὴ
1087 5783 1413 5852 ἐπαγγελία.
1448 5779 1570 5834 Εῐδε
1599 5779 1700 5852 τὴν
1729 5781 1949 5852 παρρη-

359 5881 485 5937 σίαν
525 5883 554 5935 ὁ
594 5880 828 5950 Φῆστος,
861 5879 957 5936 1101
991 5877 1181 5950 ὥσπερ
1208 5872 1806 5966 ἐπαθέὶμάπὸθθυμοῦ
1846 5875 1943 5927 καὶ

1331 5953 1446 5968 ’,μιν

1969 4549 2024 4608 1)

2051 3369 2192 3438 μετὰ
2225 3367 2440 3438 δεσμῶν
2481 3365 2762 3430 ἀπελθεῖν,
2797 3365 2961 3436 μέχρι
3011 3362 3230 3434 δεσμῶν
3276 3361 3352 3426 ὠς
3384 3360 3630 3432 κακοῦρ-

2048 3479 2165 3532 γος,
2202 3460 2361 3530 φησί.
2430 3459 2544 3512 Καὶ
2589 3457 2956 3531 Ἀρίσταρχος
2985 3455 3148 3526 μέχρι
3180 3470 3284 3508 που
3314 3453 3635 3524 συνέρχεται

2046 3555 2126 3626 τῷ
2154 3552 2579 3624 Παύλῳ,καλῶς
2599 3552 2697 3606 x01
2727 3550 3040 3623 χρησίμως,
3083 3547 3320 3618 πάρεστι
3351 3548 3380 3599 0
3408 3545 3631 3616 ’Δρίστα

2048 3657 2218 3715 αρχος
2257 3644 2467 3714 μέλλων
2512 3641 2730 3696 ἀπαντα
2781 3638 3148 3708 ἀπαγγέλλειν
3181 3638 3262 3702 είς
3287 3636 3636 3691 Μακεδονίαν

2045 3736 2117 3789 τά
2143 3740 2272 3804 περὶ
2299 3733 2489 3798 αὑτοῦ⁸

2118 3839 2280 3912 Είκὸς
2309 3847 2420 3915 γὰρ
2467 3841 2536 3916 ἦν
2572 3845 2737 3898 αὐτὸν
2768 3843 2879 3898 ἀπὸ
2930 3840 3134 3912 πολλῆς
3166 3837 3460 3904 κακώσεως
3491 3831 3634 3894 εἶναι

2047 3942 2112 4015 [Ῑ.
2149 3938 2382 4011 ἀνεῖναι]
2438 3939 2546 3992 τῶν
2583 3937 2800 4008 δεσμῶν
2823 3977 2838 4001 ,
2893 3936 2987 3989 τοῦ
3021 3937 3212 4006 φόϐου,
3253 3935 3347 3988 τοῦ
3401 3933 3635 4002 ἄγεσθαι

2045 4035 2143 4090 καὶ
2198 4033 2486 4103 φέρεσθαι.
2521 4030 2688 4102 Ὅρα,
2723 4030 2840 4094 πῶς
2875 4029 2996 4082 ούδέ
3035 4027 3196 4081 τοῦτο
3254 4027 3509 4095 κρύπτει,
3551 4029 3634 4081 ὅτι

2046 4130 2300 4185 ἐϐούλετο
2341 4148 2360 4181 1
2397 4127 2720 4197 ἐπιμελείας
2761 4129 2967 4196 τυχεῖν.
3000 4144 3019 4176 1
3065 4124 3342 4194 Νηστείαν
3395 4122 3635 4177 ἐνταῦθα

2045 4224 2148 4294 τὴν
2181 4221 2292 4276 τῶν
2323 4219 2594 4274 Ἰουδαίων
2629 4219 2812 4286 λέγειν
2858 4216 3122 4288 ἡγοῦμαι.
3170 4215 3327 4270 Μετά
3385 4216 3495 4285 γάρ
3536 4215 3636 4285 τὴν

2050 4316 2436 4387 Πεντηκοστὴν
2471 4315 2694 4384 ἐξῆλθον
2740 4313 2952 4368 ἐκεῖθεν
3003 4313 3142 4384 μετὰ
3200 4311 3368 4366 πολὺν
3419 4311 3631 4382 χρόνον,

2045 4410 2122 4474 ὡς
2155 4411 2212 4462 ἐν
2244 4408 2395 4478 αύτῷ
2437 4408 2625 4476 σχεδὸν
2651 4405 2728 4476 τῷ
2769 4406 3003 4477 χειμῶνι
3031 4403 3436 4475 παραγενέσθαι
3460 4405 3540 4466 είς
3567 4403 3636 4455 τα

2051 4500 2195 4570 μέρη
2239 4499 2342 4568 τῆς
2379 4499 2623 4569 Κρήτης.
2667 4495 2778 4550 Καὶ
2809 4496 2970 4549 τοῦτο
3013 4497 3072 4550 δέ
3103 4495 3164 4548 ού
3200 4494 3394 4566 μικρὸν
3425 4493 3632 4564 θαῦμα,

2049 4590 2110 4643 τὸ
2141 4588 2499 4658 διασωθῆναι,
2533 4591 2627 4640 καὶ
2657 4585 2725 4639 δι’
2753 4587 2919 4640 αὑτὸν
2946 4587 3213 4650 ἐκείνους.
3251 4587 3394 4656 Ὅρα
3423 4585 3484 4638 τὸ
3504 4584 3636 4647 ditu-

2049 4695 2150 4748 φον
2170 4693 2186 4710 ο
2216 4677 2303 4728 ἴνα
2330 4675 2406 4746 μὴ
2432 4675 2558 4745 δόξῃ
2589 4675 2976 4744 προφητεύειν,
3012 4674 3150 4728 άλλά
3181 4675 3290 4729 ἀπὸ
3321 4674 3632 4745 στοχασμοῦ

2047 4769 2248 4837 λέγειν,
2288 4787 2307 4818 ι
2345 4768 2568 4837 Θεωρῶ,
2602 4785 2620 4817 1
2661 4767 2861 4835 φησίν·
2891 4766 2953 4817 ού
3002 4767 3111 4836 γὰρ
3144 4767 3209 4820 ἂν
3239 4766 3486 4831 ἐδέξαντο
3544 4768 3637 4819 εύ-

2049 4861 2209 4926 θέως,
2269 4861 2318 4912 εί
2368 4859 2529 4912 τοῦτο
2580 4857 2754 4912 εἶπεν.
2788 4860 2954 4912 Ὥστε
3011 4861 3074 4913 οὑ
3127 4861 3232 4931 χρὴ
3291 4861 3633 4932 κυριολεξίαν

2048 4949 2328 5022 πανταχοῦ
2380 4951 2632 5005 ἀπαιτεῖν
2690 4953 2756 5020 τῇ
2803 4952 3030 5022 Γραφῇ·
3074 4953 3198 5006 ἐπεὶ
3252 4954 3371 5018 πῶς
3405 4954 3632 5008 δύναται

2049 5045 2256 5116 κυρίως
2296 5044 2389 5096 ἐπὶ
2437 5043 2628 5095 πλοίου
2653 5041 2842 5096 λαϐεῖν
2873 5043 2976 5113 τὴν
3014 5043 3162 5110 λέξιν
3192 5045 3288 5098 τοῦ
3326 5045 3630 5116 ἀντοφθαλ-

2055 5138 2200 5205 μεῖν,
2261 5135 2398 5187 ὖπου
2454 5134 2547 5187 ἐπὶ
2597 5132 2888 5204 ἀνθρώπου
2937 5133 3203 5204 άρμόζει;
3253 5137 3498 5190 τουτέστι
3563 5137 3634 5191 τὰ

2050 5227 2200 5282 ίστία
2234 5242 2246 5257 ·
2275 5227 2403 5280 ὅταν
2457 5227 2565 5298 γὰρ
2611 5225 2841 5298 σφοδρὸς
2884 5227 3084 5298 ἄνεμος
3135 5221 3209 5301 ᾖ,
3237 5228 3396 5282 τοῦτο
3423 5230 3632 5298 γίνεται

2049 5319 2463 5390 ἐγκοπτομένης
2498 5313 2598 5390 τῆς
2632 5317 2768 5381 νεὼς
2826 5321 2922 5373 καὶ
2963 5319 3060 5388 τῆς
3101 5318 3374 5390 πρύμνης.
3415 5320 3492 5374 Τὸ
3533 5321 3633 5391 μὲν

2048 5415 2344 5484 γενόμενον
2405 5411 2510 5465 ὑπὸ
2566 5411 2661 5464 τοῦ
2713 5411 2906 5482 καιροῦ
2958 5412 3196 5478 ἐγένετο,
3245 5412 3307 5464 τὸ
3349 5413 3408 5466 δέ
3446 5412 3633 5481 θαῦμα

2053 5503 2264 5574 μεῖζον,
2317 5503 2399 5556 ὅτι
2436 5504 2495 5556 ἐν
2521 5501 2704 5573 καιρῷ
2745 5501 2976 5572 τοιούτῳ
3023 5503 3089 5554 ἐκ
3121 5502 3304 5572 μέσων
3345 5503 3633 5573 ἐσώθησαν

2049 5597 2159 5652 τῶν
2194 5595 2476 5660 κινδύνων,
2511 5595 2672 5660 αὑτός
2704 5613 2764 5648 τε
2791 5598 2884 5650 καὶ
2906 5595 2972 5648 δι’
3003 5596 3166 5650 αὑτὸν
3187 5596 3236 5648 οἱ
3265 5595 3466 5650 λοιποί.
3498 5594 3633 5650 Εῐτα

2049 5689 2285 5761 χαλεπὸς
2336 5692 2366 5743 0
2395 5689 2626 5760 χειμὼν,
2658 5688 2794 5743 πολὺ
2825 5690 2886 5742 τὸ
2918 5689 3130 5755 σκότος,
3165 5690 3260 5745 καὶ
3286 5690 3373 5744 ἵνα
3407 5690 3483 5761 μὴ
3511 5693 3633 5746 ἐπι-

2049 5785 2322 5840 λάθωνται
2367 5783 2464 5836 καὶ
2519 5782 2578 5835 τὸ
2611 5783 2797 5836 πλοῖον
2849 5782 3154 5848 διαλύεται,
3188 5782 3282 5837 καὶ
3310 5783 3339 5836 0
3374 5785 3520 5847 σῖτος
3551 5785 3632 5854 ῥί-

2053 5891 2271 5945 πτεται,
2301 5873 2646 5957 καὶμπάντα,
2678 5875 2762 5929 ἵνα
2798 5875 2873 5944 μὴ
2901 5874 3067 5943 ἔχωσι
3102 5876 3242 5939 μετά
3270 5875 3446 5932 ταῦτα
3477 5877 3629 5930 ἀναι-
