4120 6462
536 363 669 429 112⁵1

1457 357 2035 420 ΤῙ-ΙΕΟΡΙΙΥΙιΑΟΤΙ
2074 358 2493 420 BULGARI/E
2529 359 2895 445 ARCHIEP.

3654 355 3792 422 1128

534 479 811 550 σχυντεῖν·
869 476 958 530 διὰ
1008 475 1116 546 γάρ
1148 474 1308 527 τοῦτο
1337 474 1433 528 καὶ
1461 472 1521 525 τδ
1576 471 1757 525 πλοῖον
1803 468 2103 531 διαλύεται,
2137 475 2181 531 Α
2211 469 2803 541 πεπληροφορημένης,
2854 470 2936 522 ὅτι
2979 466 3340 538 σωθήσονται.
3384 468 3442 519 'O
3479 467 3535 520 δέ
3584 467 3797 529 Παῦλος

531 570 627 624 καὶ
661 569 1081 637 ἐπισφίγγονται
1114 565 1296 619 αὐτῶν
1325 566 1382 619 αἱ
1413 564 1603 636 ψυχαί.

601 655 734 713 Εἶτα
763 660 901 730 μετά
932 658 1188 712 τοσοῦτον
1219 657 1487 728 χειμῶνα,
1511 656 1611 710 οὐκ
1634 653 1985 724 ἐπεμϐαίνων
2010 654 2110 707 αὐ-

535 756 650 816 τοῖς
673 752 1009 820 διαλέγεται,
1051 750 1187 804 ἀλλά
1218 750 1566 821 βουλόμενος,
1594 749 1687 802 καὶ
1719 748 1798 810 εἰς
1828 746 1890 799 τὸ
1921 747 2112 816 μέλλον

535 846 920 915 πιστευθῆναι,
955 844 1049 898 καὶ
1077 844 1145 896 τὰ
1169 844 1516 912 γεγενημένα
1566 840 1990 912 παραλαμϐάνει
2032 841 2114 903 είς

534 940 849 1009 μαρτυρίαν
879 939 977 1007 τῆς
1008 938 1115 989 τῶν
1139 935 1535 1007 ῥηθησομένων
1571 934 1853 1005 ἀληθείας,
1896 934 1992 987 καὶ
2021 934 2114 987 δύο

531 1034 814 1105 προλέγει,
845 1033 929 1085 ὅτι
958 1050 977 1082 ι
1011 1031 1105 1092 El;
1137 1030 1301 1100 νῆσον
1332 1030 1590 1081 ἐκπεσεῖν
1614 1029 1719 1092 δεῖ,
1750 1047 1768 1078 ι
1809 1027 1903 1081 καὶ⁵
1932 1028 2014 1080 ὅτι
2040 1025 2114 1080 Τὸ

531 1126 632 1196 μὲν
675 1125 857 1177 πλοῖον
903 1124 1211 1185 ἀπολεῖται,
1243 1122 1295 1175 οἱ
1344 1121 1403 1174 δέ
1457 1121 1671 1183 ἐνόντες
1735 1119 2110 1189 σωθήσονται·

526 1218 666 1288 ὅπερ
691 1218 792 1271 οὐκ
815 1212 884 1286 ἦν
920 1213 1254 1286 στοχασμοῦ,
1292 1211 1432 1268 ἀλλὰ
1489 1212 1852 1284 προφητείας,
1897 1211 1993 1265 καὶ
2031 1212 2113 1265 ὅτι

536 1328 556 1361 ι
592 1309 836 1378 Καίσαρι
890 1308 972 1362 δεῖ
1025 1307 1404 1378 παραστῆναι.
1440 1325 1458 1357 ι
1499 1305 1665 1358 Ὥστε
1696 1303 1790 1358 οῦν
1819 1304 2015 1374 ψευδὲς
2053 1304 2114 1357 τὸ

526 1401 820 1473 εἰρημένον
844 1419 923 1472 τῳ
985 1404 1196 1471 Ομήρῳ
1215 1414 1231 1430 ·

526 1537 757 1606 Μοῖραν
795 1537 848 1590 δ’
872 1537 944 1591 οὕ
966 1536 1101 1591 τινά
1122 1554 1272 1607 φημι
1316 1534 1703 1606 πεφυγμένον
1725 1535 2115 1658 ἕμμξέιὲνάν-

1898 1624 1930 1658 ο
2024 1643 2039 1657 .

1934 1622 2039 1658 ων.

533 1681 617 1734 οὐ
648 1677 864 1743 κακόν,
905 1678 1051 1734 οὐδὲ
1096 1676 1214 1747 μὲν
1263 1677 1515 1741 ἐσθλὸν,
1566 1677 1726 1747 ἐπὴν
1786 1605 2115 1744 τάδρπαρὲίτα

1715 1746 2009 1819 [γένηται.

539 1863 606 1915 Ὃ
635 1861 902 1926 συνειδδν,
930 1859 1195 1914 ἀδύνατον
1223 1860 1483 1929 ἐκφυγεῖν
1504 1859 1604 1929 τὴν
1627 1859 1723 1912 τοῦ
1755 1860 1990 1914 θανάτου
2029 1861 2111 1914 εἱ-

536 1954 850 2024 μαρμένην,
885 1953 1004 2023 ἄμα
1039 1956 1106 2023 τῇ
1138 1954 1395 2024 γεννήσει
1425 1951 1717 2023 όρίζουσαν
1760 1951 1851 2005 τὸν
1881 1951 1977 2005 τοῦ
2019 1952 2111 2004 ἀν-

535 2045 759 2117 θρώπου
794 2046 1046 2100 θάνατον.
1076 2044 1213 2098 Ἰδοὺ
1242 2046 1374 2116 γὰρ,
1404 2046 1454 2098 εί
1488 2044 1563 2115 μὴ
1595 2044 1683 2097 διὰ
1704 2043 1941 2107 Παῦλον,
1964 2040 2113 2114 εἶχον

534 2139 738 2200 πάντες
768 2138 817 2190 οἱ
846 2138 905 2191 ἐν
942 2136 1020 2207 τῷ
1050 2137 1223 2208 πλοίῳ
1258 2137 1592 2190 ἀπολέσθαι·
1636 2138 1836 2191 ἔπειτα
1865 2137 1922 2190 δέ
1964 2139 2011 2192 εί
2035 2138 2113 2191 εῖ-

536 2246 713 2300 μαρτο
759 2228 967 2292 πάντας
1000 2227 1320 2294 ἀπολέσθαι,
1370 2222 1516 2298 εἶχεν
1566 2228 1631 2282 ἂν
1676 2228 1771 2282 καὶ
1824 2231 1853 2282 6
1898 2229 2114 2293 Παῦλος

530 2319 857 2383 ἀπολέσθαι,
887 2321 1012 2373 ὅσον
1034 2302 1045 2311 ’
1069 2321 1134 2372 ἐκ
1163 2318 1272 2372 τῶν
1301 2321 1548 2385 εἰκότων,
1579 2319 1637 2372 ἐν
1666 2319 1895 2386 πελάγει
1926 2323 2114 2385 ἄσιτος

533 2412 726 2483 μείνας
754 2411 1164 2483 δεκατέσσαρας
1189 2411 1403 2481 ἡμέρας
1434 2412 1492 2464 ἐν
1515 2410 1594 2481 τῷ
1616 2411 1807 2484 πλοίῳ,
1837 2413 1930 2465 καὶ
1959 2413 2115 2466 ὔστε-

536 2519 628 2573 ρον
658 2504 999 2571 ναυαγήσας.
1036 2499 1170 2555 Εἷπε
1202 2504 1310 2573 γὰρ
1336 2503 1363 2555 6
1396 2501 1600 2572 ψευδὴς
1631 2503 1822 2571 λόγος·
1862 2522 1880 2555 ι
1910 2504 1985 2557 Οὐ
2016 2522 2115 2558 κα-

531 2593 628 2647 κδν
663 2593 782 2645 οὐδέ
808 2592 908 2662 μὲν
943 2593 1132 2646 ἐσθλόν
1153 2607 1167 2620 ·
1194 2593 1303 2646 ἔδει
1332 2593 1442 2665 γάρ
1478 2594 1575 2648 καὶ
1608 2595 1734 2658 τούς
1765 2594 1984 2658 καλοὺς,
2021 2596 2117 2650 καὶ

531 2686 660 2749 τούς
691 2688 922 2752 κακοὺς,
956 2688 1013 2740 ἐν
1047 2686 1131 2740 ἐνὶ
1163 2686 1431 2750 πεσόντας
1486 2687 1743 2758 πτώματι
1799 2688 2112 2743 ἀποθανεῖν.

542 2778 708 2833 Ἀλλά
749 2778 809 2831 τὸ
843 2779 1087 2832 ἐναντίον
1134 2779 1289 2833 εἶπεν
1324 2782 1356 2851 ἡ
1394 2781 1595 2852 Γραφὴ
1628 2782 1766 2847 ,δτι
1819 2784 1849 2835 6
1904 2781 2116 2845 δίκαιος

531 2868 769 2934 ἐσώζετο
802 2870 862 2936 ἐξ
887 2872 1327 2941 ὁμολογουμένου
1376 2874 1646 2939 κινδύνου,
1677 2875 1858 2931 καίτοι
1896 2876 2116 2931 πάντων

532 2961 641 3016 τῶν
691 2963 787 3017 σῦν
828 2963 977 3032 αὐτῷ
1028 2963 1488 3034 ἀποθνησκόντων
1516 2981 1530 2996 ·
1572 2966 1715 3019 οὕτω
1749 2968 1861 3039 γὰρ
1910 2964 1979 3039 ἦν
2029 2968 2113 3034 τὺ,

537 3051 707 3118 Δόξαν
729 3053 892 3106 αὐτὸν
930 3055 1188 3110 ἀπελθεῖν
1220 3057 1278 3107 ἐν
1295 3054 1508 3127 Ῥώμῃ.
1539 3057 1651 3111 Καὶ
1676 3058 1902 3113 ἐδύνατο
1926 3061 1955 3113 6
1982 3059 2116 3122 Θεὸς

2138 1814 2186 1874 Β

2217 564 2504 634 ἑωρακὼς,
2555 564 2637 618 ὅτι
2675 564 2764 619 διὰ
2828 565 2927 635 τὴν
2984 565 3234 634 ἀνάγκην
3288 561 3571 615 ἐπείθοντο
3621 559 3794 631 αὐτῷ,

2216 655 2408 727 καιρὸς
2430 656 2487 709 δὲ
2513 656 2613 711 οὐκ
2633 652 2702 728 ἦν
2729 657 3034 728 ἀθυμοῦσιν
3061 656 3244 719 αὐτοῖς
3269 654 3362 708 καὶ
3391 652 3797 707 κινδυνεύουσιν

2215 748 2667 819 εὐαγγελίζεσθαι
2698 750 2790 803 τὸν
2816 749 3023 822 Κύριον
3043 746 3253 818 Ἰησοῦν
3285 747 3545 819 Χριστδτ,
3569 746 3707 809 τέως
3733 747 3798 799 ἐκ

2219 843 2421 913 μέρους
2451 842 2698 896 διδάσκει
2725 843 2924 906 αὐτοὺς
2947 843 3045 914 τὴν
3074 841 3403 907 θεοσέϐειαν,
3431 840 3490 893 τὸ
3516 839 3591 911 μὴ
3624 839 3798 902 ἄλλως

2216 933 2352 1004 κλᾷν
2405 933 2591 1005 ἄρτον,
2636 934 2684 986 εί
2742 934 2820 1005 μὴ
2882 935 3101 1007 πρῶτον
3155 934 3662 1004 εὐχαριστήσαντας
3721 930 3799 1000 τῷ

2219 1025 2365 1094 μόνῳ
2390 1023 2531 1095 Θεῷ,
2564 1023 2740 1088 οὕτως
2788 1024 2991 1079 ἐσθίειν
3014 1041 3030 1056 ·
3070 1024 3165 1078 καὶ
3197 1025 3343 1095 ἡμᾶς
3376 1023 3433 1076 δὲ
3464 1025 3526 1076 τὸ
3552 1021 3684 1076 αὐτὸ
3720 1023 3802 1076 δι·

2214 1118 2426 1173 δάσκει.
2470 1137 2489 1171 ι
2518 1118 2768 1183 Ἀνέντες
2806 1119 2906 1182 τὰς
2935 1118 3291 1190 ζευκτηρίας,
3329 1136 3348 1169 ι
3376 1118 3470 1171 καὶ
3509 1115 3699 1170 λύεται
3737 1117 3800 1169 τὸ

2216 1206 2400 1259 πλοῖον
2434 1207 2491 1259 ἐν
2520 1189 2729 1280 ἡμέρᾳ,
2798 1208 2886 1262 ἵνα
2946 1209 3024 1280 μὴ
3054 1209 3132 1279 τῷ
3152 1189 3314 1278 φόϐῳ
3343 1207 3691 1273 διαλυθῶσιν,
3731 1205 3799 1260 ἵν’

2215 1297 2363 1368 εῖδῃς
2415 1299 2562 1368 ἔργῳ
2598 1298 2698 1369 τὴν
2761 1300 3125 1370 προφητείαν.
3170 1299 3356 1370 Ὁρᾷς,
3410 1299 3494 1352 ὅτι
3525 1298 3620 1351 καὶ
3658 1298 3800 1351 κατά

2225 1390 2387 1443 τοῦτο
2440 1389 2517 1461 τῷ
2548 1389 2750 1459 Παύλῳ
2788 1391 3196 1462 ἐχαρίσθησαν;
3224 1390 3311 1445 διὰ
3343 1391 3453 1460 γάρ
3496 1390 3656 1443 αὐτὸν
3699 1388 3802 1442 οὐκ

2219 1482 2402 1537 εἴασεν
2438 1484 2637 1547 αὐτοῦς
2689 1484 3101 1555 ἀναιρεθῆναιό
3155 1485 3578 1552 ἑκατόνταρχος.
3611 1481 3800 1542 Οὐτως

2217 1576 2342 1645 ἐμοὶ
2389 1574 2642 1629 δοκοῦσιν
2684 1574 3101 1647 ὡμολογημένοι
3143 1573 3284 1630 εἶναι
3330 1577 3573 1630 κάκεῖνοι
3612 1575 3797 1638 κακοὶ,

2217 1666 2358 1721 ὥστε
2389 1667 2608 1723 ἑλέσθαι
2638 1669 2836 1734 αὐτοὺς
2858 1670 3089 1737 ἀνελεῖν,
3128 1672 3224 1724 καὶ
3266 1671 3526 1740 πειρᾶται
3560 1671 3589 1723 6
3616 1665 3799 1722 διάϐο-

2216 1762 2306 1825 λος
2333 1762 2632 1834 ἐμποδίσαι
2661 1764 2760 1832 τὴν
2790 1763 3162 1834 προφητείαν·
3189 1764 3305 1820 ἀλλ’
3336 1764 3365 1818 6
3399 1763 3800 1832 ἑκατόνταρχος

2217 1833 2700 1926 ἦδηίξ>κειωμένος
2725 1850 2794 1927 ἦν
2938 1855 3159 1927 Παύλῳ.

2287 1944 2449 2017 [ΤΟΥ
2476 1946 2684 2000 ΑΓΙΟΥ
2712 1945 3127 2020 ΒΑΣΙΛΕΙΟΥ.]
3157 1947 3271 2019 Οὐχ
3289 1947 3443 2018 ὁρᾷς,
3475 1948 3557 2001 ὅτι
3582 1965 3797 2019 φρυγαο

2215 2038 2485 2109 νιζομένῳ
2516 2036 2595 2108 τῷ
2629 2037 2849 2108 Παύλῳ,
2879 2038 3082 2109 ἐνάψας
3116 2038 3253 2110 ἔχις,
3299 2039 3421 2094 οὐδέ
3453 2040 3584 2110 μίαν
3627 2052 3799 2111 πρισ-

2215 2128 2473 2200 ετρίψατο
2503 2128 2732 2200 βλάϐην,
2766 2128 2856 2183 διὰ
2878 2127 2941 2182 τὸ
2973 2129 3268 2201 πληρωτὴν
3297 2130 3536 2195 πίστεως
3566 2130 3800 2202 εὑρεθῆ-

2215 2236 2303 2271 ναι
2343 2218 2437 2271 τὸν
2479 2219 2670 2289 ἀγιονξ;
2713 2218 2776 2271 ΕΞ
2801 2217 2857 2272 δέ
2883 2218 3156 2285 ἀπιστεῖς,
3194 2218 3364 2288 φοϐοῦ
3394 2217 3469 2290 μὴ
3501 2218 3703 2290 μᾶλλον
3735 2219 3799 2271 τὸ

2216 2310 2427 2382 θηρίον,
2456 2312 2489 2384 ἢ
2520 2313 2621 2383 τὴν
2657 2311 2886 2366 σεαυτοῦ
2914 2312 3196 2377 ἀπιστίαν,
3233 2311 3301 2365 δι’
3329 2306 3398 2385 ἦς
3429 2314 3581 2386 πάσῃ
3622 2311 3800 2384 φθορᾷ

2216 2403 2488 2460 εὐάλωτον
2518 2405 2712 2460 ἐαυτδν
2746 2405 3092 2477 κατέστησαν
3120 2405 3369 2479 [fusae].

2291 2497 2719 2571 [ΘΕΟΔΩΡΟΥ.]
2767 2500 2827 2554 '0
2859 2500 2978 2571 ἔχις
3037 2504 3103 2572 τῇ
3155 2500 3249 2554 τοῦ
3284 2500 3613 2556 Ἀποστόλου
3650 2502 3800 2573 χειρὶ⁵

2218 2595 2344 2654 τοὺς
2372 2592 2592 2655 ὀδόντας
2623 2592 2899 2662 ἐμϐαλὼν,
2929 2595 3024 2648 καὶ
3055 2595 3156 2664 τῆς
3191 2594 3473 2665 ἁμαρτίας
3513 2594 3575 2646 τὸ
3597 2593 3799 2664 χαῦνον

2217 2684 2314 2737 καὶ
2344 2683 2564 2755 χλιαρὸν
2604 2683 2680 2753 μὴ
2711 2682 2913 2756 εὑρὼν,
2948 2685 3272 2757 ἀπεπήδησε
3327 2684 3667 2756 παραυτίκα,
3704 2685 3800 2737 καὶ

2218 2774 2362 2829 κατά
2412 2774 2514 2846 τῆς
2569 2777 2752 2846 πυρᾶς
2809 2777 2998 2848 ἥλατο,
3040 2776 3230 2848 ὥσπερ
3258 2775 3415 2841 δίκας
3476 2776 3654 2848 ἐαυτῷ
3683 2778 3801 2830 είσ-

2218 2868 2616 2938 πραττόμενος,
2673 2869 2754 2922 ὃτι
2784 2870 2862 2940 τῷ
2894 2870 3209 2941 μηδαμόθεν
3257 2872 3591 2943 προσήκοντι
3628 2887 3801 2942 προσ-

2220 2958 2375 3013 έϐαλε
2445 2959 2683 3031 σώματι.
2720 2961 2914 3031 Ἡμεῖς
2983 2962 3040 3016 δέ
3081 2962 3169 3037 ’τά
3214 2962 3386 3035 θηρία
3440 2963 3793 3035 δεδοίκαμεν,

2221 3050 2410 3120 ἐπειδὴ
2437 3051 2535 3121 τῆς
2566 3052 2766 3122 ἀρετῆς
2801 3052 2900 3123 τὴν
2932 3050 3236 3107 πανοπλίαν
3263 3054 3365 3107 οὐκ
3406 3054 3623 3124 ἔχομεν.
3678 3056 3799 3109 Κα-

531 3145 779 3215 ἀρτάσαι
834 3145 996 3199 αὐτὸν
1038 3146 1147 3200 ἀπὸ
1190 3147 1572 3218 Ἰερουσαλὴμ,
1625 3151 1722 3203 και
1762 3150 1831 3204 δι’
1880 3151 2113 3220 ἀγγέλου
2142 3155 2185 3210 c
2218 3142 2328 3207 λῶς
2359 3142 2418 3196 δὲ
2477 3145 2834 3216 συνεχωρήθη
2888 3145 3068 3210 τοῦτο.
3120 3145 3262 3199 ὥστε
3293 3146 3387 3199 καὶ
3439 3147 3567 3200 ἰδεῖν
3598 3146 3799 3212 αὐτοὺς

533 3236 733 3304 στῆσαι
759 3238 818 3290 ἐν
855 3236 1043 3311 Ῥώμῃ
1069 3276 1082 3301 ,
1119 3237 1304 3303 καθὼς
1329 3239 1423 3293 τὸν
1447 3241 1733 3311 Ἀϐακούμ
1760 3243 1820 3310 ἐξ
1852 3242 2116 3307 Ἰουδαίας

534 3328 813 3398 ἀρπάσας,
862 3330 1212 3400 παρέστησεν
1259 3332 1318 3383 ἐν
1367 3330 1649 3386 Βαϐυλῶνι
1679 3334 1755 3406 τῷ
1795 3334 1984 3406 λάκκῳ
2021 3335 2114 3389 τοῦ

534 3423 756 3491 Δανιήλ.
783 3422 927 3477 Ἀλλ’
957 3423 1059 3478 οὐκ
1094 3424 1340 3495 ἐποίησε,
1366 3427 1461 3480 καὶ
1484 3427 1642 3481 τοῦτο
1666 3428 2118 3499 θαυματουργίας

534 3510 695 3581 ἔργον
722 3505 863 3565 εῖναι
889 3512 1090 3579 δείξας,
1122 3515 1184 3568 τὸ
1216 3516 1275 3580 ἐξ
1296 3516 1625 3571 ἀνελπίστου
1670 3519 1915 3574 κινδύνου
1945 3521 2118 3577 σῶσαι

533 3601 627 3654 τὸν
662 3601 875 3656 Παῦλον
920 3605 1015 3658 καὶ
1041 3606 1168 3670 τούς
1218 3607 1314 3661 σὺν
1350 3607 1522 3679 αὐτῷ.
1564 3608 1891 3681 Ἐχαρίσατο
1923 3612 1978 3665 δὲ
2018 3614 2118 3678 τὰς

536 3694 634 3763 μὲν
659 3694 836 3765 ψυχὰς
863 3694 942 3767 τῷ
981 3697 1181 3770 Παύλῳ
1215 3700 1595 3772 (φιλόστοργος
1628 3705 1740 3774 γὰρ
1762 3700 1830 3776 ἦν
1858 3707 1952 3761 καὶ
1999 3708 2119 3779 φιλ-

530 3783 873 3854 ἅνθρωπος),
899 3789 961 3841 τὺ
987 3789 1044 3842 δέ
1076 3790 1264 3844 πλοῖον
1296 3792 1393 3847 καὶ
1419 3793 1489 3847 τὰ
1526 3795 1623 3849 σὺν
1655 3797 1806 3868 αὐτῷ
1828 3796 2000 3871 [deest
2046 3804 2115 3872 τῇ

531 3874 776 3948 θαλάσσῃ
812 3878 1205 3951 παρεχώρησε,
1264 3884 1345 3936 vel
1377 3885 1483 3938 tale
1507 3884 1676 3958 quid].
1724 3887 1798 3950 ὡς
1847 3888 1922 3959 μὴ
1968 3891 2118 3944 ἀντι-

529 3968 857 4038 ποιουμένου
885 3970 980 4023 τοῦ
1006 3971 1290 4041 θεοφιλοῦς
1322 3974 1430 4026 τῶν
1462 3976 1557 4028 ἐπὶ
1596 3978 1721 4047 γῆς,
1766 3980 1903 4047 μηδέ
1949 3982 2116 4053 ἀχθο-

532 4057 695 4127 μένου
727 4061 820 4112 ἐπὶ
857 4063 924 4127 τῇ
952 4061 1158 4116 τούτων
1205 4065 1475 4136 ἀπωλείᾳ.
1513 4059 1643 4120 ’Ὧδε
1674 4064 1768 4123 οῦν
1798 4070 1887 4124 διὰ
1917 4072 2009 4126 τὸν
2036 4074 2117 4127 δί-

531 4166 689 4202 καιον
713 4150 881 4213 ζῶσιν
910 4154 961 4206 οἱ
988 4154 1207 4219 ἀσεϐεῖξ
1227 4173 1243 4188 ·
1272 4156 1388 4210 ἔστι
1418 4157 1475 4211 δὲ
1499 4160 1588 4212 ὅτε
1614 4159 1677 4213 τὸ
1713 4163 1979 4228 ἐναντίον,
2019 4168 2116 4220 κα)⁸

529 4239 639 4309 πρύ
662 4238 812 4312 ὥρας
853 4245 881 4296 6
912 4244 1115 4314 ἀσεϐὴς
1163 4247 1483 4316 ἀπόλλυται,
1519 4250 1606 4304 διά
1639 4251 1737 4321 τὴν
1774 4255 1969 4307 ἐαυτοῦ
2011 4274 2114 4309 κα-

529 4331 688 4394 κίαν,
720 4333 816 4385 τοῦ
851 4332 989 4388 Θεοῦ
1035 4336 1209 4401 οὕτως
1246 4339 1408 4392 πάλιν
1445 4340 1813 4412 βουλομένου·
1866 4346 2049 4409 καθὼς
2087 4349 2115 4400 ὁ

541 4418 974 4494 Ἐκκλησιαστής
1013 4441 1180 4495 φησι·
1219 4443 1237 4477 ι
1274 4426 1366 4497 Μὴ
1398 4429 1602 4500 ἀσεϐὴς
1661 4427 1730 4505 ᾗς
1775 4433 1932 4498 πολὺ,
1978 4435 2114 4506 μηδέ

2218 3236 2313 3289 καὶ
2354 3235 2693 3306 φθέγξασθαι
2727 3237 2918 3303 ταῦτα,
2942 3237 3009 3291 ἵν’
3039 3239 3169 3291 ὅταν
3190 3237 3415 3309 γένηται
3446 3239 3521 3310 μὴ
3559 3239 3799 3308 ἀπιστῆ-

2216 3344 2304 3381 ναι
2342 3326 2403 3399 [Ῑ.
2439 3327 2762 3403 ἀπιστῆται]
2791 3330 2850 3383 τὺ
2888 3331 3144 3401 πρᾶγμα.
3192 3334 3336 3402 Ὅρα
3367 3331 3566 3395 αὐτοὺς
3597 3331 3800 3384 αἰδεσί-

2221 3436 2338 3487 μως
2361 3420 2501 3489 πρὸς
2530 3420 2795 3491 ἀλλήλους
2820 3421 3103 3489 λέγοντας,
3138 3423 3234 3477 καὶ
3267 3423 3366 3493 τὴν
3402 3422 3639 3495 φυσικὴν
3673 3424 3800 3495 κρί-

2220 3525 2305 3561 σιν
2335 3509 2760 3583 διηρθρωμένην
2796 3512 2892 3565 καὶ
2918 3513 3070 3583 παρά
3100 3512 3423 3584 βαρϐάροις,
3461 3515 3596 3587 μηδέ
3635 3533 3801 3570 κατα-

2218 3604 2589 3668 γινώσκοντας
2622 3604 2810 3668 ἁπλῶς
2830 3623 2843 3636 ·
2878 3606 2972 3659 καὶ
3002 3599 3151 3660 οῦτοι
3187 3608 3454 3679 πρότερον
3482 3608 3795 3680 βλέπουσιν,

2219 3693 2306 3746 ἵνα
2344 3693 2546 3764 μᾶλλον
2579 3695 2961 3767 θαυμάσωσιν.
3001 3698 3162 3761 Ἔθοε
3188 3699 3298 3770 γὰρ
3354 3703 3465 3765 τοῖς
3500 3701 3798 3774 βαρϐάροις

2218 3786 2309 3841 τὸν
2340 3786 2599 3843 ποιοῦντά
2626 3806 2678 3842 τι
2714 3790 3015 3860 παράδοξον
3076 3792 3199 3846 θεὸν
3256 3794 3565 3865 ὀνομάζειν,
3607 3796 3790 3865 ὥσπερ

2219 3878 2316 3931 καὶ
2349 3879 2477 3942 τούς
2504 3879 2767 3945 παλαιοὺς
2803 3880 2959 3946 θεοὺς
2989 3882 3270 3954 ὠνόμαζον
3299 3884 3367 3939 δι’
3405 3887 3582 3958 ίσχύν,
3601 3905 3795 3959 περισ-

2222 3968 2316 4021 σόν
2342 3986 2394 4022 τι
2436 3969 2543 4022 τῶν
2573 3971 2698 4024 καθ’
2728 3972 2955 4037 ἐαυτούς
2987 3974 3298 4039 ποιοῦντας,
3323 3971 3434 4041 οἶος
3462 3973 3530 4049 ἦν
3557 3981 3584 4031 ὁ
3612 3978 3800 4049 Σαμα-

2219 4062 2344 4130 ρεὺς
2374 4061 2577 4130 Σίμων.
2606 4062 2736 4116 ’1δού
2771 4064 2933 4119 πάλιν
2968 4064 3127 4130 ἄλλος
3158 4067 3437 4137 φιλόξενος
3481 4071 3509 4123 6
3539 4070 3796 4139 Πόπλιος,

2217 4153 2312 4206 καὶ
2364 4153 2639 4220 πλούσιος,
2698 4157 2795 4209 καὶ
2842 4157 3251 4229 εὐπορώτατος,
3308 4161 3461 4216 οὐδὲν
3496 4162 3643 4229 ίδὼν,
3682 4163 3799 4218 ἀλλ’

2219 4244 2328 4297 ἀπὸ
2358 4246 2456 4314 τῆς
2483 4250 2772 4317 συμφορᾶς
2810 4250 2980 4320 μόνης
2999 4249 3228 4321 ἐλεήσας
3261 4252 3481 4319 αὐτοῦς,
3501 4255 3803 4321 ὑπεδέξατο

2218 4336 2312 4387 καὶ
2358 4335 2696 4406 ἐθεράπευσε
2744 4339 2994 4395 διακόσια
3054 4343 3425 4414 ἐϐδομήκοντα
3455 4345 3515 4412 ἒξ
3533 4347 3801 4419 ὀνόματα.

2232 4424 2539 4496 Ἐννόησον,
2572 4427 2695 4483 ὅσον
2729 4430 2829 4499 τῆς
2870 4431 3175 4501 φιλοξενίας
3214 4435 3275 4488 τὸ
3305 4436 3515 4508 κέρδος.
3545 4441 3801 4493 Δυσεντε-

528 4511 682 4579 γίνου
710 4515 970 4583 σκληρὸς,
1024 4517 1164 4587 μηδὲ
1233 4518 1309 4590 [f,
1336 4521 1411 4589 μὴ
1455 4521 1574 4594 καὶ]
1619 4523 1898 4597 ἀποθάνῃς
1947 4528 2005 4579 ἐν
2042 4504 2111 4581 vos,
2148 4504 2191 4558 θ
2225 4516 2315 4585 ρία
2349 4516 2409 4570 τὸ
2459 4517 2708 4576 δυσίατον
2757 4520 2852 4575 τοῦ
2889 4524 3099 4588 πάθους
3126 4530 3142 4545 ⁸
3175 4526 3319 4580 ἴασιν
3369 4504 3550 4584 λαϐὼν
3579 4528 3669 4583 διά
3705 4530 3800 4585 τοῦ

528 4600 708 4671 καιρῷ
736 4619 853 4658 σου.
888 4603 1191 4674 »Ἔμελλον
1222 4610 1272 4661 οἱ
1300 4609 1494 4662 ναῦται
1530 4611 1775 4679 φεύγειν,
1814 4617 2109 4671 ἀπιστοῦν-

525 4706 619 4752 τες
648 4690 728 4760 τῷ
752 4691 1064 4766 λεγομένῳ·
1117 4698 1145 4749 6
1191 4696 1248 4749 δὲ
1289 4697 1691 4770 ἑκατόνταρχος
1741 4704 1990 4757 πιστεύει
2029 4706 2109 4776 τῷ

528 4778 757 4849 Παύλῳ·
793 4780 929 4851 φησι
957 4784 1097 4854 γάρ·
1134 4785 1292 4841 «Ἐὰν
1320 4781 1465 4841 οὗτοι
1502 4790 1769 4859 φύγωσιν,
1814 4794 1972 4863 ὑμεῖς
2001 4814 2108 4850 σω-

527 4867 688 4939 θῆναι
721 4872 783 4923 οὐ
812 4872 1076 4928 δύνασθε·
1126 4876 1187 4929 οὐ
1216 4877 1304 4931 διὰ
1346 4878 1526 4945 τοῦτο,
1570 4882 1684 4934 ἀλλ’
1732 4883 1819 4937 ἵνα
1859 4888 2109 4962 κατάσχῃ

526 4960 750 5026 αὐτοὺς,
776 4962 875 5015 καὶ
901 4964 934 5035 ή
965 4969 1276 5036 προφητεία
1310 4969 1386 5039 μὴ
1425 4971 1661 5044 διαπέσῃ
1696 4974 1790 5027 τοῦ
1819 4975 2031 5029 Παύλου

524 5051 781 5119 λέγουσα,
812 5054 892 5106 ὄτι
933 5074 952 5106 ι
993 5056 1125 5110 Ἰδού
1154 5060 1482 5128 κεχάρισταί
1517 5077 1599 5115 σοι
1650 5065 1679 5115 6
1727 5063 1860 5127 Θεὸς
1900 5066 2107 5129 πάντας

524 5142 654 5204 τούς
690 5143 973 5208 πλέοντας.
1014 5165 1033 5198 ι
1079 5148 1191 5200 Καὶ
1222 5150 1251 5201 6
1292 5149 1393 5217 μὲν
1423 5152 1821 5223 ἑκατόνταρχος
1858 5156 2107 5211 πείθεται

525 5236 623 5288 καὶ
656 5237 923 5303 πιστεύει,
964 5237 1107 5292 ὥστε
1143 5241 1239 5294 καὶ
1281 5243 1381 5312 τὴν
1414 5244 1631 5314 σκάφην
1662 5249 1877 5314 ἀφεῖναι
1907 5250 2107 5303 ἀπολέ-

530 5324 657 5378 σθαι
676 5342 691 5358 ·
715 5329 765 5379 εἰ
798 5327 856 5380 δέ
887 5331 937 5381 οἱ
962 5330 1325 5386 ναῦταιοῦπω
1348 5334 1702 5405 ἐπείσθησαν,
1731 5338 1846 5391 ἀλλ’
1880 5339 2106 5412 ὕστερον

527 5418 838 5473 πείθονται·
872 5423 967 5475 καὶ
991 5423 1098 5493 γὰρ
1125 5424 1186 5478 τὸ
1212 5426 1371 5493 γένος
1393 5428 1598 5481 τούτων
1619 5428 1682 5501 [ι’.
1712 5432 1893 5503 τοῦτο)
1916 5434 2106 5503 ἰταμόν

527 5510 644 5572 πώς
677 5513 818 5568 ἐστι.
860 5532 881 5565 ι
916 5514 1087 5568 Τοῦτο
1124 5515 1235 5587 γὰρ
1281 5518 1418 5589 πρὸς
1457 5519 1560 5589 τῆς
1613 5522 1885 5593 ὑμετέρας
1934 5541 2107 5594 σωτη-

532 5602 654 5671 ρίας
687 5605 824 5659 ἐστι.
866 5624 885 5659 ι
936 5609 1130 5675 Ποῖον;
1167 5610 1241 5663 T6
1275 5615 1491 5683 φαγεῖν,
1528 5632 1547 5663 ι
1592 5618 1803 5687 μήποτε
1846 5615 1925 5681 τῷ
1960 5616 2105 5687 λιμῷ

528 5691 885 5766 διαφθαρῆτε.
917 5716 936 5750 ι
967 5700 1042 5751 T6
1066 5701 1462 5771 εὐχαριστῆσαι
1490 5704 1568 5773 τῷ
1597 5705 1717 5775 Θεῷ
1741 5709 1835 5759 ἐπὶ
1867 5709 1979 5770 τοῖς
2013 5724 2103 5775 γει

530 5789 853 5856 γενημένοις
886 5833 901 5858 ,
951 5792 1193 5864 ἔρρωσεν
1248 5796 1446 5862 αὐτούς
1481 5813 1496 5830 ·
1542 5797 1698 5850 τοῦτο
1762 5800 1872 5871 γὰρ
1926 5802 2102 5873 ψυχῆς

2218 4609 2457 4675 Παύλου,
2502 4612 2732 4677 πολλοὺς
2775 4617 2856 4678 είς
2885 4616 3069 4669 πίστιν
3106 4620 3337 4689 ἢγαγεν.
3371 4620 3530 4684 Ἐθος
3569 4622 3680 4695 γὰρ
3710 4624 3802 4677 ἀεί

2220 4716 2338 4763 πως
2366 4702 2424 4754 ἐν
2455 4705 2576 4766 ταῖς
2615 4704 3017 4778 Ἀλεξανδρέων
3052 4710 3288 4780 μάλιστα
3341 4714 3519 4779 ναυσὶ,
3557 4715 3695 4787 πρός
3733 4731 3800 4785 γε

2217 4794 2284 4862 τῇ
2322 4792 2543 4865 πρώρᾳ,
2598 4794 2752 4861 δεξιά
2805 4814 2866 4850 τε
2933 4800 3029 4853 καλ⁵
3069 4801 3347 4873 εὐώνυμα,
3402 4805 3620 4875 γ’ραφάς
3658 4803 3800 4862 εἶναι

2216 4881 2477 4947 τοιαύτας
2509 4884 2621 4937 τῶν
2663 4887 3028 4959 Διοσκούρων,
3065 4892 3164 4946 ἀτε
3195 4894 3641 4968 εἰδωλολατρείας
3663 4885 3802 4969 κρα-

2219 4972 2420 5043 τούσης
2445 4976 2566 5027 κατ’
2584 4975 2759 5029 ἐκεῖνο
2776 4979 2968 5050 καιροῦ
2982 4996 2997 5012 ·
3016 4982 3189 5055 ταύτῃ
3217 5001 3299 5037 τοι
3318 4988 3459 5040 νοεῖν
3480 4986 3798 5054 ἀκόλουθον,

2218 5065 2516 5135 ἀλλόφυλον
2544 5062 2708 5136 εἶναι,
2742 5070 3023 5126 τουτέστιν
3049 5074 3477 5149 είδωλολάτρην,
3497 5079 3679 5144 καθὼς
3702 5081 3800 5134 καὶ

2228 5154 2458 5219 Ἡσαΐας
2512 5158 2682 5227 φησί·
2720 5178 2739 5210 ι
2780 5160 3227 5233 Πετασθήσονται
3275 5168 3336 5221 ἐν
3385 5170 3590 5234 πλοίοις
3643 5171 3802 5226 ἀλλο-

2217 5245 2420 5335 φύλων,
2446 5246 2725 5303 θάλασσαν
2756 5251 2874 5321 ἅμα
2905 5257 3360 5326 προνομεύσουσι.
3403 5260 3578 5314 Πόσου
3701 5263 3802 5317 πό-

2219 5335 2334 5409 σον]
2359 5332 2428 5407 ἦν
2449 5338 2764 5410 διαδραμὼν
2788 5343 2854 5414 1f.
2879 5344 3201 5420 διαδραμὸν]
3224 5349 3284 5401 τὸ
3305 5352 3405 5419 τῆς
3433 5332 3671 5417 πίστεως
3694 5354 3798 5424 τῆς

2216 5428 2292 5489 εἰς
2328 5429 2568 5499 Χριστὸν
2617 5434 2901 5503 κήρυγμα,
2940 5437 3020 5490 ὅτι
3061 5436 3131 5509 δη
3172 5441 3268 5494 καὶ
3310 5442 3439 5515 ἄχρι
3478 5443 3701 5517 Ῥώμης
3729 5443 3799 5520 ᾖν

2219 5522 2459 5591 φθάσαν,
2501 5526 2595 5577 καὶ
2645 5527 2970 5597 ἐνεργῆσαν,
3026 5533 3122 5585 καὶ
3166 5534 3273 5605 πρὸ
3322 5536 3420 5607 τῆς
3451 5537 3545 5591 τοῦ
3580 5540 3797 5596 Παύλου

2214 5614 2531 5684 ἐπιδημίας.
2568 5618 2780 5682 Τόπους
2817 5623 2971 5686 τινάς
3004 5626 3259 5695 σημαίνει
3287 5628 3392 5697 πρὸ
3416 5630 3514 5700 τῆς
3548 5629 3793 5702 Ῥοώμης,

2214 5707 2306 5760 τὸν
2334 5708 2434 5778 μὲν
2466 5711 2652 5764 εἰκόνα
2685 5713 2807 5765 τινὰ
2845 5716 3080 5770 Ἀππίου
3120 5715 3338 5788 ἔχοντα,
3369 5721 3445 5782 ὡς
3491 5723 3659 5792 εἰκὸς,
3699 5729 3796 5779 καὶ

2216 5802 2384 5872 φόρον
2437 5804 2795 5877 καλούμενον,
2847 5808 2922 5874 ὡς
2958 5810 3120 5884 μέχρι
3166 5811 3261 5868 νῦν
3291 5815 3345 5867 αἱ
3375 5815 3482 5870 τῶν
3526 5816 3796 5888 βασιλέων
