4120 6424
410 388 551 455 1133
1219 380 1633 445 EXPOSITIO
1678 381 1761 447 IN
1803 378 2045 442 EPIST.
2084 378 2151 444 S.
2174 378 2467 441 JACOBI.
2501 380 2742 444 "CAP.
2772 382 2828 444 I.
3566 389 3708 454 113i

406 502 525 568 ζειν
546 495 897 569 ἐπιστρέφειν
919 493 1045 560 τοὺς
1064 492 1465 564 πλανηθέντας,
1490 492 1586 547 ἐπὶ
1603 491 1705 564 τὴν
1720 490 2005 567 ἀλήθειαν*

2079 533 2087 548 .
2114 491 2323 562 aitque,
2353 491 2519 562 hujus
2559 494 2636 550 rei
2688 493 2995 552 mercedem
3030 512 3061 552 ιι
3087 495 3321 555 Domino
3353 516 3478 561 esse
3507 506 3706 563 remis-

406 592 546 650 εἶναι
578 593 690 663 γὰρ
736 589 933 644 τούτου
996 587 1194 659 μισθὸν
1229 589 1383 659 παρὰ
1433 585 1529 640 τοῦ
1562 585 1777 657 Κυρίου
1806 585 2004 663 ἄφεσιν

2109 582 2323 639 sionem
2384 592 2759 655 peccatorum.
2834 587 2900 643 Et
2982 588 3065 645 sic
3135 588 3444 662 Epistolam
3516 595 3705 653 absol-

405 683 714 757 ἁμαρτιῶν.
740 683 850 737 Καὶ
877 679 1024 735 οὕτω
1056 679 1260 734 τελειοί
1289 678 1388 751 τὴν
1420 678 1770 749 Ἐπιστολὴν.
2109 674 2207 729 vit.

408 821 732 876 ΕΚΘΕΣΙΣ
762 817 904 872 ΤΩΝ
931 816 1367 873 numnum
1406 813 1542 869 me
1583 814 2009 869 KAGOAIKHL‘
2179 806 2423 863 INDEX
2458 808 2540 866 CA
2555 807 2777 868 PITUM
2806 809 3234 870 culmum:
3264 814 3637 876 Eptsrow

786 891 968 944 ΕΠΙΣ
978 889 1214 943 ΤΟΛΗΣ
1259 886 1535 942 ΙΑΚΩΒΟ
1548 885 1610 939 Υ.

1406 886 1535 940 ΩΒΟ
1548 885 1610 939 Υ.
2764 883 3033 941 JACOBI.

400 1006 473 1063 α’.
506 1004 647 1074 Περί
701 1000 1038 1073 ὑπομονῆς,
1093 1000 1193 1055 καὶ
1241 999 1503 1065 πίστεως
1552 996 1963 1067 ἀνυποκρίτου
1984 1036 2000 1063 ,

2109 994 2163 1050 1.
2190 994 2269 1050 De
2291 997 2554 1066 patientia
2582 1007 2630 1053 et
2655 998 2763 1069 ﬁde
2816 1016 2920 1056 non
2952 1002 3083 1073 ﬁcta
3128 1008 3179 1058 et
3222 1003 3530 1062 humilitate
3575 1023 3705 1079 erga

472 1099 572 1152 καὶ
611 1094 1180 1165 ταπεινοφροσύνης
1219 1092 1373 1161 πρὸς
1414 1090 1558 1159 τοὺς
1598 1091 1905 1159 πλησίονο
1933 1089 2007 1144 ἐν

2179 1091 2508 1155 proximum.
2546 1087 2650 1146 Ubi
2675 1092 2741 1146 de
2772 1091 2979 1161 fomite,
3016 1095 3108 1166 qui
3136 1096 3191 1150 in
3222 1098 3376 1152 nobis
3425 1108 3529 1167 est,
3559 1112 3608 1155 et
3638 1099 3705 1157 de

468 1182 521 1258 ᾧ
549 1187 685 1256 περὶ
718 1184 830 1256 τῆς
852 1186 926 1240 ἐν
953 1184 1099 1256 ὑμῖν
1135 1185 1486 1253 πυρώσεως,
1512 1182 1613 1237 καί
1641 1181 1761 1237 τῶν
1787 1180 1857 1247 ἐξ
1891 1181 2005 1236 αὺ-

2178 1182 2297 1251 ejus
2332 1182 2606 1252 effectibus
2658 1199 2677 1239 :
2744 1188 2988 1259 quodque
3056 1189 3227 1259 ipsius
3281 1207 3450 1245 causa
3493 1208 3598 1247 non
3632 1194 3704 1249 sit

470 1280 585 1353 τῆς
609 1278 839 1344 παθῶν,
869 1278 959 1334 ὅτι
1011 1282 1084 1335 οὐ
1110 1277 1274 1346 παρὰ
1308 1277 1463 1333 Θεοῦ
1493 1276 1560 1331 τὸ
1585 1276 1815 1331 alnos"
1844 1274 1902 1330 εἴ
1945 1290 2003 1329 τι

2179 1273 2348 1331 Deus.
2375 1275 2650 1347 Quidquid
2706 1296 2830 1335 vero
2858 1281 2982 1336 boni
3018 1282 3073 1336 in
3123 1282 3277 1338 nobis
3312 1294 3417 1352 est,
3464 1286 3530 1339 ab
3582 1287 3702 1355 ipso

471 1376 584 1447 γὰρ
605 1371 836 1444 ἀγαθὸν
858 1371 1025 1442 ἡμῖν,
1054 1369 1193 1440 παρ’
1223 1368 1436 1426 αὐτοῦ.
1467 1369 1607 1438 Περί
1639 1367 2000 1437 πραότητος,

2175 1381 2314 1420 esse.
2393 1364 2473 1420 De
2546 1370 2921 1435 mansuedine,
2976 1379 3027 1425 et
3069 1373 3323 1442 puritate,
3389 1383 3438 1429 et
3491 1375 3700 1431 actione

471 1467 574 1523 καί
613 1466 887 1538 ἁγνείας,
913 1462 1011 1518 καί
1033 1461 1309 1532 πράξεως
1345 1458 1579 1531 ἀγαθῆς
1601 1454 2005 1529 μεταδοτικῆς

2179 1458 2342 1525 bona,
2395 1476 2500 1530 qua
2545 1460 2926 1516 beatitudinem
2948 1450 3342 1535 consequimur.
3376 1466 3453 1522 De
3474 1468 3701 1523 scientia

468 1561 571 1616 ἐπὶ
598 1555 978 1630 μακαρισμῷ,
1014 1556 1115 1611 καὶ
1162 1554 1299 1624 περὶ
1335 1552 1682 1623 ἐπιστήμης
1711 1549 1811 1605 καί
1844 1564 2004 1618 συμ-

2181 1554 2322 1608 aede
2338 1551 2615 1609 honestate
2650 1557 2929 1611 sermonis.
2958 1556 3036 1611 De
3067 1558 3335 1614 charitate
3362 1577 3487 1631 erga
3517 1577 3699 1616 omnes

470 1654 713 1725 μετρίας
741 1652 952 1722 λόγου.
986 1649 1130 1719 Περὶ
1164 1647 1276 1719 τῆς
1299 1649 1452 1717 πρὸς
1477 1645 1746 1701 ἕκαστον
1763 1643 2005 1712 ἀγάπης

2175 1647 2374 1717 absque
2432 1649 2795 1716 acceptatione
2846 1665 3086 1718 personae
3172 1651 3459 1706 secundum
3514 1654 3698 1724 legem.

467 1744 1045 1817 ἀπροσωπολήπτου
1089 1742 1244 1798 κατὰ
1317 1744 1533 1811 νόμον.
1586 1737 1711 1793 Ὅτι
1754 1737 1869 1792 οὐκ
1932 1734 2002 1789 ἐκ

2180 1744 2337 1813 Quod
2365 1760 2470 1799 non
2507 1758 2580 1798 ea:
2609 1743 2716 1813 ﬁde
2742 1752 2973 1809 tantum,
3007 1744 3098 1801 sed
3128 1746 3291 1801 etiam
3314 1763 3379 1801 ea:
3427 1749 3697 1819 operibus,

468 1843 735 1906 πίστεως
760 1839 979 1909 μόνον,
1022 1833 1189 1890 ἀλλὰ
1240 1832 1341 1887 καὶ
1392 1832 1459 1896 ἐξ
1514 1829 1728 1902 ἔργων,
1766 1827 1868 1883 καί
1927 1828 2000 1882 οὐ
2033 1841 2083 1905 Β

2074 1847 2083 1900 ι
2177 1846 2228 1891 et
2258 1852 2362 1891 non
2392 1851 2459 1890 ea:
2516 1852 2833 1906 unoquoque
2893 1836 3144 1902 seorsim,
3207 1838 3300 1893 sed
3355 1855 3422 1893 ea:
3476 1852 3701 1909 utroque

471 1934 605 1990 καθ’
645 1929 942 2000 ἑκατέρων
967 1927 1194 1995 ίδικῶς,
1227 1927 1369 1983 ἀλλ’
1404 1925 1474 1991 ἐξ
1508 1924 1735 1996 ἀμφοῖν
1762 1922 1884 1995 ἅμα
1915 1920 2003 1976 διο

2177 1929 2342 1984 simul
2359 1929 2693 1999 justiﬁcetur
2720 1930 2898 1984 homo.
2944 1929 3100 1997 Quod
3130 1947 3387 2002 prwceps,
3421 1941 3472 1986 et
3496 1933 3701 1986 incont-

472 2026 747 2082 καιοῦται
804 2023 1141 2091 ἅνθρωπος.
1209 2018 1344 2073 Ὀτι
1404 2017 1444 2086 ὴ
1491 2015 1804 2086 προπετὴς
1900 2011 2004 2068 καὶ

2175 2023 2354 2094 posita
2380 2023 2566 2094 lingua
2599 2031 2822 2078 mortem
2851 2024 3053 2094 inferat
3085 2041 3104 2078 :
3130 2035 3290 2096 atque
3327 2025 3458 2079 adeo
3492 2041 3700 2081 necesse

473 2121 733 2186 ἄτακτος
773 2115 1011 2189 γλῶττα
1053 2111 1306 2170 θανατοῖ
1343 2112 1454 2168 τὸν
1490 2109 1887 2181 κεκτημένον,

1927 2103 2002 2190 ἧς
2177 2117 2271 2183 sit,
2311 2132 2427 2171 eam
2458 2116 2701 2188 subigere
2737 2116 2807 2170 ad
2837 2117 3050 2172 laudem
3080 2127 3131 2172 et
3151 2118 3385 2190 gloriam
3415 2116 3538 2174 Dei.

469 2215 714 2287 κρατεῖν
742 2212 978 2284 ἀνάγκη
1024 2211 1114 2278 είς
1139 2208 1445 2279 εὐφημίαν
1477 2209 1577 2262 καί
1613 2205 1806 2271 δόξαν
1828 2189 2000 2260 Θεοῦί

399 2310 467 2385 β’.
503 2309 646 2379 Περὶ
694 2303 1092 2376 ἀναστροφῆς
1139 2298 1373 2373 ἀγαθῆς
1417 2299 1517 2355 καὶ
1572 2297 1812 2368 ἀμάχου
1849 2296 2004 2366 πρὸς

2104 2303 2161 2359 2.
2190 2303 2266 2359 De
2300 2303 2718 2371 conuersatione,
2746 2302 2905 2368 bona,
2938 2312 2987 2357 et
3027 2302 3141 2358 sine
3189 2302 3578 2373 disceptatione
3626 2305 3699 2359 ad

469 2403 790 2472 ἀλλήλους
816 2400 889 2455 ἐκ
918 2394 1277 2469 φιλοδοξίας
1295 2391 1408 2464 τῆς
1432 2390 1529 2447 ἐπὶ
1560 2392 1748 2461 σοφίᾳ
1774 2390 2002 2459 ἀνθρω-

2180 2398 2405 2455 invicem
2434 2413 2500 2453 eo;
2520 2397 2707 2469 gloria:
2730 2398 3023 2468 cupiditate
3062 2397 3126 2454 ob
3162 2399 3484 2469 sapientiam
3505 2399 3699 2454 Imma-

473 2498 644 2566 πίνῃ.

2184 2508 2332 2546 nam.

397 2598 469 2663 γ’.
502 2589 643 2660 Περὶ
657 2590 823 2656 θείας
855 2586 1102 2656 σοφίας.

2104 2588 2160 2641 5.
2189 2585 2263 2642 De
2289 2588 2555 2658 sapientia
2578 2588 2780 2643 diuina.

398 2686 462 2743 δ’.
493 2684 607 2742 Καὶ
658 2685 750 2738 ὅτι
796 2682 867 2736 ἐκ
897 2678 1220 2752 ῥᾳθυμίας,
1268 2676 1370 2732 καί
1411 2674 1795 2748 φιληδονίας,
1841 2674 1993 2743 ἔρις,

2104 2682 2160 2737 4.
2202 2680 2358 2747 Quod
2398 2698 2467 2737 ea:
2526 2682 2796 2745 socordia.
2855 2690 2907 2736 et
2939 2680 3229 2750 voluptatis
3275 2699 3456 2737 amore
3486 2695 3700 2738 conten-

472 2778 569 2835 καὶ
598 2775 1043 2838 ἀκαταστασία,
1078 2770 1177 2826 καὶ
1198 2770 1237 2840 ἡ
1273 2769 1423 2840 πρὸς
1449 2768 1599 2824 Θεὸν
1626 2767 1813 2838 ἔχθρα
1841 2766 1999 2839 Tire-

2178 2775 2374 2840 tiones,
2407 2785 2459 2830 et
2490 2774 2804 2839 seditiones,
2838 2784 2890 2831 et
2919 2775 3207 2833 inimicitia
3244 2776 3497 2832 adversus
3531 2775 3698 2832 Deum

473 2888 589 2926 ται.

2178 2869 2448 2924 oriantur.

397 2973 467 3021 ει,
501 2964 641 3034 Περὶ
664 2959 991 3033 μετανοίας
1022 2955 1177 3027 πρὸς
1206 2956 1535 3025 σωτηρίαν.
2107 2961 2160 3016 5.
2202 2958 2276 3013 De
2299 2959 2613 3028 paenitentia
2640 2959 2897 3014 salutari.

402 3064 479 3125 ς’.
514 3056 653 3126 Περὶ
676 3053 782 3110 τοῦ
820 3052 906 3123 μὴ
937 3050 1167 3121 κρίνειν
1193 3049 1304 3104 τὸν
1341 3047 1636 3115 πλησίον.

2104 3050 2159 3106 6.
2200 3051 2273 3104 De
2309 3050 2554 3119 proximo
2594 3067 2625 3103 a
2659 3050 2809 3105 nobis
2840 3066 2945 3104 non
2969 3048 3291 3121 judicana'o.

398 3149 471 3218 ζ’.
513 3151 633 3204 Ὅτι
663 3149 776 3203 οὐκ
823 3146 891 3200 ἐν
918 3142 1231 3214 ἀνθρώπῳ,
1277 3140 1418 3197 ἀλλ’
1471 3140 1542 3195 ἐν
1602 3135 1684 3205 τῷ
1740 3136 1863 3204 Θεῷ
1929 3135 2003 3190 τὰ

2109 3141 2159 3193 7.
2198 3138 2354 3203 Quod
2389 3154 2493 3193 non
2527 3137 2592 3192 ab
2638 3138 2869 3200 homine,
2899 3137 2991 3192 sed
3049 3154 3084 3192 α
3141 3137 3249 3192 Deo
3274 3154 3485 3211 gressus
3522 3137 3696 3194 ltomi-

472 3241 807 3313 διαδήματα
831 3237 1057 3308 ἀνδρὸς
1094 3235 1550 3291 κατευθύνεται.
2025 3227 2070 3258 υ

999 3237 1057 3305 ὸς
1094 3235 1550 3291 κατευθύνεται.
2025 3227 2070 3258 υ
2180 3229 2264 3283 nis
2296 3227 2626 3298 dirigantur.

400 3346 475 3412 η’.
507 3335 645 3407 Περὶ
677 3331 1039 3398 πλεονεξίας
1070 3327 1392 3384 πλουσίων
1416 3324 1517 3379 καί
1550 3323 1660 3394 τῆς
1687 3324 1757 3412 εν
1789 3323 1998 3412 udo-pq)

2107 3318 2163 3374 8.
2204 3316 2277 3372 De
2302 3316 2531 3372 avaritia
2603 3316 2848 3382 diuitum,
2901 3332 3185 3387 eorumque
3242 3315 3446 3371 deliciis
3491 3317 3548 3372 in
3604 3316 3701 3371 hoc

473 3405 707 3498 τρυφῆς
778 3418 998 3489 αὐτῶν,
1046 3415 1308 3486 καὶπερὶ
1358 3411 1790 3483 δικαιοκρισίας
1823 3408 1997 3464 Θεοῦ.

1507 3411 1790 3483 ιοκρισίας
1823 3408 1997 3464 Θεοῦ.
2180 3409 2378 3464 mundo
2401 3425 2423 3474 ;
2445 3419 2494 3463 et
2528 3409 2593 3464 de
2618 3417 2758 3461 recto
2786 3408 2999 3475 judicio
3020 3405 3134 3462 Dei.

400 3521 437 3580 ο
457 3563 469 3578 .
501 3517 644 3589 Περὶ
670 3512 1088 3589 μακροθυμίας
1116 3508 1217 3565 καὶ
1247 3504 1564 3578 ὑπομονῆς
1605 3501 1996 3574 παθημάτων,

2106 3504 2160 3561 9.
2202 3503 2277 3559 De
2308 3502 2716 3575 longanimitate
2742 3512 2792 3557 et
2846 3502 3136 3556 tolerantia
3186 3500 3702 3556 tribulationum”:

473 3613 571 3668 καί
607 3610 741 3680 περὶ
772 3606 1057 3676 ἀληθείας
1069 3645 1083 3660 .

890 3606 1083 3676 [θείας.
2182 3592 2247 3647 de
2278 3592 2517 3647 veritate.

401 3713 460 3764 ι’.
489 3703 882 3775 Παραινέσεις
906 3697 1096 3755 ίδικαὶ
1136 3693 1377 3760 ἑκάστῳ
1394 3693 1821 3762 προσήκουσαι
1846 3693 2001 3763 μετὰ

2106 3688 2197 3743 10.
2230 3685 2503 3756 Speciales
2537 3683 2940 3737 adhortationes
2967 3683 3155 3752 cuique
3183 3683 3544 3737 convenientes
3574 3698 3694 3737 cum

471 3796 754 3860 πίστεως.
782 3790 896 3846 Καὶ
928 3788 1019 3843 ὅτι
1048 3782 1452 3852 διακονητέον
1484 3779 1561 3848 τῇ
1589 3782 1696 3837 τοῦ
1731 3785 2009 3851 πλησίον

2176 3779 2332 3848 fide:
2381 3784 2432 3831 et
2459 3775 2601 3847 quod
2653 3775 3045 3829 inserviendum
3087 3776 3157 3829 sit
3206 3775 3575 3843 proximorum
3615 3792 3701 3830 sa-

474 3886 762 3957 σωτηρία.
2179 3873 2299 3925 luti.

1398 4273 1979 4365 ΕΠΙΣΤΟΛΗ
2086 4238 2695 4359 ΚΑΘΟΛῙΚΗ

700 4501 1006 4622 ΤΟΥ
1076 4500 1546 4621 ΑΓΙΟΥ
1600 4489 2576 4617 ΑΠΟΣΤΟΛΟΥ
2649 4493 3372 4611 ΙΑΚΩΒΟΥ.

1360 4865 1956 4986 EPISTOLA
2082 4886 2763 4982 CATHOLICA

1080 5137 1604 5253 SANCTI
1685 5129 2183 5251 JACOBI
2266 5130 3018 5250 APOSTOLI.

1996 5384 2066 5401 ηε.-

833 5515 1229 5571 ΚΕΦᾹΑΑΙΟΝ
1269 5516 1567 5573 ΠΡΩΤΟΝ.
2021 5519 2078 5578 1)

2021 5519 2078 5578 1)
2647 5508 2880 5566 CAPUT
2905 5505 3199 5566 PRIMUM.

480 5613 534 5669 i.
572 5630 592 5664 ι
642 5607 902 5673 Ἰάκωϐος
952 5606 1090 5663 Θεοῦ
1139 5609 1235 5663 καὶ
1282 5610 1490 5682 Κυρίου
1524 5606 1704 5676 Ἰησοῦ
1756 5602 1996 5677 Χριστοῦ

2177 5602 2340 5675 321
2373 5600 2541 5659 Vsus.
2561 5603 2642 5657 1.(
2665 5602 2932 5669 Jacobus,
2951 5602 3044 5659 Dei
3073 5612 3128 5658 et
3143 5601 3354 5659 Domini
3375 5603 3551 5660 nostri
3565 5601 3701 5663 Iesu

406 5711 616 5775 δοῦλος,
676 5708 795 5769 cui;
858 5704 1071 5760 δώδεκα
1102 5701 1300 5772 φυλαῖς
1352 5704 1475 5766 ταῖς
1516 5703 1575 5755 ὲν
1600 5702 1669 5772 τῇ
1699 5698 1996 5769 διασπορᾷ,

2107 5695 2314 5752 Christi
2334 5711 2552 5760 servus,
2583 5694 2873 5751 duodecim
2912 5694 3192 5760 tribubus,
3221 5710 3343 5766 quae
3362 5695 3566 5751 suntin
3584 5697 3699 5753 dis-

408 5803 643 5877 χαίρειν.
688 5820 708 5853 ι
741 5796 879 5854 Θεοῦ
916 5795 1016 5868 μὲν
1056 5793 1153 5848 τοῦ
1214 5794 1453 5866 Πατρὸς.
1513 5792 1722 5864 Κυρίου
1786 5791 1844 5844 δὲ
1901 5789 1997 5843 τοῦ

2110 5788 2688 5860 persione,salutem.i
2713 5787 2919 5846 Servus
2948 5787 3067 5855 Dei,
3089 5787 3553 5857 scilicet,i’atris;
3588 5790 3698 5846 Do-

420 5885 784 5968 Ἶησοῦ,ὦστε
819 5892 868 5946 si
911 5889 972 5957 ἐξ
1015 5888 1132 5946 ῐσου
1174 5887 1386 5960 Πατρὺς
1437 5886 1532 5942 κεῖ.
1592 5885 1724 5941 Υἱοῦ
1784 5883 1994 5952 δοῦλος,

2109 5880 2242 5937 mini
2265 5896 2416 5951 vero,
2436 5880 2567 5940 Iesu
2592 5881 3021 5951 Christi.Quare
3043 5884 3089 5940 si
3117 5882 3616 5955 mqualiterl’atris,
3644 5897 3697 5943 et
